|j|☆SetsuStsna
|j|☆Ozmaze
|inactive|Battle timer is ON: inactive players will automatically lose when time's up.
|t:|1653583909
|gametype|singles
|player|p1|SetsuStsna|irida|
|player|p2|Ozmaze|bruno|
|teamsize|p1|6
|teamsize|p2|6
|gen|8
|tier|[Gen 8] OU
|rated|Tournament battle
|rule|Sleep Clause Mod: Limit one foe put to sleep
|rule|OHKO Clause: OHKO moves are banned
|rule|Evasion Moves Clause: Evasion moves are banned
|rule|Endless Battle Clause: Forcing endless battles is banned
|rule|HP Percentage Mod: HP is shown in percentages
|rule|Dynamax Clause: You cannot dynamax
|clearpoke
|poke|p1|Hitmontop, M|
|poke|p1|Hitmontop, M|
|poke|p1|Hitmontop, M|
|poke|p1|Hitmontop, M|
|poke|p1|Hitmontop, M|
|poke|p1|Hitmontop, M|
|poke|p2|Hitmontop, M|
|poke|p2|Hitmontop, M|
|poke|p2|Hitmontop, M|
|poke|p2|Hitmontop, M|
|poke|p2|Hitmontop, M|
|poke|p2|Hitmontop, M|
|teampreview
|j| SceptiledUP
|j|%htcl (>◡<)
|j| Zephyr1517
|j| yaboiAshK.
|c|☆SetsuStsna|hf
|c|☆Ozmaze|Hey ! Glhf
|
|t:|1653583921
|start
|switch|p1a: Despacito|Hitmontop, M|100/100
|switch|p2a: warrior|Hitmontop, M|100/100
|turn|1
|
|t:|1653583939
|move|p1a: Despacito|Metronome|p1a: Despacito
|move|p1a: Despacito|Crabhammer|p2a: warrior|[from]move: Metronome
|-crit|p2a: warrior
|-damage|p2a: warrior|58/100
|move|p2a: warrior|Metronome|p2a: warrior
|move|p2a: warrior|Strength|p1a: Despacito|[from]move: Metronome
|-damage|p1a: Despacito|72/100
|
|upkeep
|turn|2
|
|t:|1653583948
|move|p1a: Despacito|Metronome|p1a: Despacito
|move|p1a: Despacito|Drain Punch|p2a: warrior|[from]move: Metronome
|-damage|p2a: warrior|27/100
|-heal|p1a: Despacito|89/100|[from] drain|[of] p2a: warrior
|move|p2a: warrior|Metronome|p2a: warrior
|move|p2a: warrior|Magnetic Flux||[from]move: Metronome|[still]
|-fail|p2a: warrior
|
|upkeep
|turn|3
|c|☆SetsuStsna|despacito do it to him
|
|t:|1653583956
|move|p1a: Despacito|Metronome|p1a: Despacito
|move|p1a: Despacito|Laser Focus|p1a: Despacito|[from]move: Metronome
|-start|p1a: Despacito|move: Laser Focus
|move|p2a: warrior|Metronome|p2a: warrior
|move|p2a: warrior|Water Shuriken|p1a: Despacito|[from]move: Metronome
|-damage|p1a: Despacito|87/100
|-damage|p1a: Despacito|85/100
|-damage|p1a: Despacito|83/100
|-damage|p1a: Despacito|81/100
|-hitcount|p1a: Despacito|4
|
|upkeep
|turn|4
|c| Zephyr1517|Despacito dominating as always
|c|☆Ozmaze|My warrior never surrender
|
|t:|1653583976
|move|p1a: Despacito|Metronome|p1a: Despacito
|move|p1a: Despacito|Tail Whip|p2a: warrior|[from]move: Metronome
|-unboost|p2a: warrior|def|1
|move|p2a: warrior|Metronome|p2a: warrior
|move|p2a: warrior|Roar of Time|p1a: Despacito|[from]move: Metronome
|-damage|p1a: Despacito|64/100
|-mustrecharge|p2a: warrior
|
|-end|p1a: Despacito|move: Laser Focus|[silent]
|upkeep
|turn|5
|
|t:|1653583984
|move|p1a: Despacito|Metronome|p1a: Despacito
|move|p1a: Despacito|Scary Face|p2a: warrior|[from]move: Metronome
|-unboost|p2a: warrior|spe|2
|cant|p2a: warrior|recharge
|
|upkeep
|turn|6
|c|☆SetsuStsna|17 lol
|
|t:|1653583992
|move|p1a: Despacito|Metronome|p1a: Despacito
|move|p1a: Despacito|Sunny Day|p1a: Despacito|[from]move: Metronome
|-weather|SunnyDay
|move|p2a: warrior|Metronome|p2a: warrior
|move|p2a: warrior|Poison Sting|p1a: Despacito|[from]move: Metronome
|-damage|p1a: Despacito|57/100
|
|-weather|SunnyDay|[upkeep]
|upkeep
|turn|7
|c| Zephyr1517|warrior with its battle cry
|
|t:|1653583999
|move|p1a: Despacito|Metronome|p1a: Despacito
|move|p1a: Despacito|Head Smash|p2a: warrior|[from]move: Metronome
|-resisted|p2a: warrior
|-damage|p2a: warrior|0 fnt
|faint|p2a: warrior
|-damage|p1a: Despacito|43/100|[from] Recoil
|
|-weather|SunnyDay|[upkeep]
|upkeep
|c|☆SetsuStsna|rip warrior
|c|☆Ozmaze|It's okay
|c|☆SetsuStsna|he tried though fasho
|c|☆Ozmaze|Let's see
|
|t:|1653584015
|switch|p2a: Mage|Hitmontop, M|100/100
|turn|8
|c|☆Ozmaze|THE MAGE
|
|t:|1653584021
|move|p2a: Mage|Metronome|p2a: Mage
|move|p2a: Mage|Solar Beam||[from]move: Metronome|[still]
|-prepare|p2a: Mage|Solar Beam
|-anim|p2a: Mage|Solar Beam|p1a: Despacito
|-damage|p1a: Despacito|20/100
|move|p1a: Despacito|Metronome|p1a: Despacito
|move|p1a: Despacito|Wonder Room|p1a: Despacito|[from]move: Metronome
|-fieldstart|move: Wonder Room|[of] p1a: Despacito
|
|-weather|SunnyDay|[upkeep]
|upkeep
|turn|9
|c|☆SetsuStsna|mage came in to fuck shit up
|
|t:|1653584030
|move|p2a: Mage|Metronome|p2a: Mage
|move|p2a: Mage|Sky Attack||[from]move: Metronome|[still]
|-prepare|p2a: Mage|Sky Attack
|move|p1a: Despacito|Metronome|p1a: Despacito
|move|p1a: Despacito|Laser Focus|p1a: Despacito|[from]move: Metronome
|-start|p1a: Despacito|move: Laser Focus
|
|-weather|SunnyDay|[upkeep]
|upkeep
|turn|10
|c|☆SetsuStsna|yo
|
|t:|1653584036
|move|p2a: Mage|Sky Attack|p1a: Despacito|[from]lockedmove
|-supereffective|p1a: Despacito
|-damage|p1a: Despacito|0 fnt
|faint|p1a: Despacito
|
|-weather|none
|upkeep
|c|☆SetsuStsna|mage not playing
|
|t:|1653584043
|switch|p1a: Pitbull|Hitmontop, M|100/100
|turn|11
|c|☆Ozmaze|bye Desacito
|
|t:|1653584050
|move|p2a: Mage|Metronome|p2a: Mage
|move|p2a: Mage|Slack Off||[from]move: Metronome|[still]
|-fail|p2a: Mage|heal
|move|p1a: Pitbull|Metronome|p1a: Pitbull
|move|p1a: Pitbull|Misty Terrain|p1a: Pitbull|[from]move: Metronome
|-fieldstart|move: Misty Terrain
|
|upkeep
|turn|12
|
|t:|1653584056
|move|p2a: Mage|Metronome|p2a: Mage
|move|p2a: Mage|Scratch|p1a: Pitbull|[from]move: Metronome
|-damage|p1a: Pitbull|91/100
|move|p1a: Pitbull|Metronome|p1a: Pitbull
|move|p1a: Pitbull|Rising Voltage|p2a: Mage|[from]move: Metronome
|-damage|p2a: Mage|86/100
|
|-fieldend|move: Wonder Room
|upkeep
|turn|13
|
|t:|1653584064
|move|p2a: Mage|Metronome|p2a: Mage
|move|p2a: Mage|Extrasensory|p1a: Pitbull|[from]move: Metronome
|-supereffective|p1a: Pitbull
|-damage|p1a: Pitbull|59/100
|cant|p1a: Pitbull|flinch
|
|upkeep
|turn|14
|c|☆SetsuStsna|i havent used an attack in like 10 rolls
|j| nxvnt
|
|t:|1653584071
|move|p2a: Mage|Metronome|p2a: Mage
|move|p2a: Mage|Happy Hour|p2a: Mage|[from]move: Metronome
|move|p1a: Pitbull|Metronome|p1a: Pitbull
|move|p1a: Pitbull|Aeroblast|p2a: Mage|[from]move: Metronome
|-supereffective|p2a: Mage
|-damage|p2a: Mage|47/100
|
|upkeep
|turn|15
|
|t:|1653584077
|move|p2a: Mage|Metronome|p2a: Mage
|move|p2a: Mage|Magic Powder|p1a: Pitbull|[from]move: Metronome
|-start|p1a: Pitbull|typechange|Psychic
|move|p1a: Pitbull|Metronome|p1a: Pitbull
|move|p1a: Pitbull|X-Scissor|p2a: Mage|[from]move: Metronome
|-resisted|p2a: Mage
|-damage|p2a: Mage|34/100
|
|-fieldend|Misty Terrain
|upkeep
|turn|16
|c|☆Ozmaze|you are a psy type now Pitbull
|
|t:|1653584092
|move|p2a: Mage|Metronome|p2a: Mage
|move|p2a: Mage|Ancient Power|p1a: Pitbull|[from]move: Metronome
|-damage|p1a: Pitbull|47/100
|move|p1a: Pitbull|Metronome|p1a: Pitbull
|move|p1a: Pitbull|Toxic Spikes|p2a: Mage|[from]move: Metronome
|-sidestart|p2: Ozmaze|move: Toxic Spikes
|
|upkeep
|turn|17
|c|☆SetsuStsna|yessir
|c|☆Ozmaze|NOOOOOOO
|c|☆Ozmaze|I lose
|
|t:|1653584104
|move|p2a: Mage|Metronome|p2a: Mage
|move|p2a: Mage|Tri Attack|p1a: Pitbull|[from]move: Metronome
|-damage|p1a: Pitbull|30/100
|move|p1a: Pitbull|Metronome|p1a: Pitbull
|move|p1a: Pitbull|Parabolic Charge|p2a: Mage|[from]move: Metronome
|-damage|p2a: Mage|23/100
|-heal|p1a: Pitbull|36/100|[from] drain|[of] p2a: Mage
|
|upkeep
|turn|18
|c|☆SetsuStsna|inb4 rapid spin
|j| zReptar
|c|☆Ozmaze|pls defog
|
|t:|1653584117
|move|p2a: Mage|Metronome|p2a: Mage
|move|p2a: Mage|Stone Edge|p1a: Pitbull|[from]move: Metronome
|-damage|p1a: Pitbull|9/100
|move|p1a: Pitbull|Metronome|p1a: Pitbull
|move|p1a: Pitbull|Block|p2a: Mage|[from]move: Metronome
|-activate|p2a: Mage|trapped
|
|upkeep
|turn|19
|
|t:|1653584124
|move|p2a: Mage|Metronome|p2a: Mage
|move|p2a: Mage|Conversion|p2a: Mage|[from]move: Metronome
|-start|p2a: Mage|typechange|Normal
|move|p1a: Pitbull|Metronome|p1a: Pitbull
|move|p1a: Pitbull|Power Swap|p2a: Mage|[from]move: Metronome
|-swapboost|p1a: Pitbull|p2a: Mage|atk, spa|[from] move: Power Swap
|
|upkeep
|turn|20
|
|t:|1653584134
|move|p2a: Mage|Metronome|p2a: Mage
|move|p2a: Mage|Mega Kick|p1a: Pitbull|[from]move: Metronome
|-damage|p1a: Pitbull|0 fnt
|faint|p1a: Pitbull
|
|upkeep
|c| SceptiledUP|Mage just needs to go crazy and destory everything
|
|t:|1653584138
|switch|p1a: Eminem's Venom|Hitmontop, M|100/100
|turn|21
|
|t:|1653584141
|move|p2a: Mage|Metronome|p2a: Mage
|move|p2a: Mage|Blaze Kick|p1a: Eminem's Venom|[from]move: Metronome
|-crit|p1a: Eminem's Venom
|-damage|p1a: Eminem's Venom|68/100
|-status|p1a: Eminem's Venom|brn
|move|p1a: Eminem's Venom|Metronome|p1a: Eminem's Venom
|move|p1a: Eminem's Venom|Teatime|p1a: Eminem's Venom|[from]move: Metronome
|-enditem|p1a: Eminem's Venom|Leppa Berry|[eat]
|-activate|p1a: Eminem's Venom|item: Leppa Berry|Metronome|[consumed]
|-enditem|p2a: Mage|Leppa Berry|[eat]
|-activate|p2a: Mage|item: Leppa Berry|Metronome|[consumed]
|
|-damage|p1a: Eminem's Venom|62/100 brn|[from] brn
|upkeep
|turn|22
|c|☆SetsuStsna|mage stop
|c|☆SetsuStsna|rn
|c|☆Ozmaze|(really good song)
|
|t:|1653584152
|move|p2a: Mage|Metronome|p2a: Mage
|move|p2a: Mage|Hydro Pump|p1a: Eminem's Venom|[from]move: Metronome
|-damage|p1a: Eminem's Venom|38/100 brn
|move|p1a: Eminem's Venom|Metronome|p1a: Eminem's Venom
|move|p1a: Eminem's Venom|Focus Energy|p1a: Eminem's Venom|[from]move: Metronome
|-start|p1a: Eminem's Venom|move: Focus Energy
|
|-damage|p1a: Eminem's Venom|32/100 brn|[from] brn
|upkeep
|turn|23
|c|☆SetsuStsna|cap
|c|☆SetsuStsna|yo mage
|c|☆SetsuStsna|is about to kill 3
|c|☆Ozmaze|I gave him all EV in spé attack
|c| Zephyr1517|mage is demon
|
|t:|1653584168
|move|p2a: Mage|Metronome|p2a: Mage
|move|p2a: Mage|Sludge Wave|p1a: Eminem's Venom|[from]move: Metronome
|-damage|p1a: Eminem's Venom|12/100 brn
|move|p1a: Eminem's Venom|Metronome|p1a: Eminem's Venom
|move|p1a: Eminem's Venom|Night Slash|p2a: Mage|[from]move: Metronome
|-crit|p2a: Mage
|-damage|p2a: Mage|5/100
|
|-damage|p1a: Eminem's Venom|6/100 brn|[from] brn
|upkeep
|turn|24
|
|t:|1653584177
|move|p2a: Mage|Metronome|p2a: Mage
|move|p2a: Mage|Iron Defense|p2a: Mage|[from]move: Metronome
|-boost|p2a: Mage|def|2
|move|p1a: Eminem's Venom|Metronome|p1a: Eminem's Venom
|move|p1a: Eminem's Venom|Sandstorm|p1a: Eminem's Venom|[from]move: Metronome
|-weather|Sandstorm
|
|-weather|Sandstorm|[upkeep]
|-damage|p2a: Mage|0 fnt|[from] Sandstorm
|-damage|p1a: Eminem's Venom|0 fnt|[from] Sandstorm
|faint|p2a: Mage
|faint|p1a: Eminem's Venom
|upkeep
|c|☆Ozmaze|well
|c|☆Ozmaze|now I cry
|c| zReptar|Oh no t spike
|
|t:|1653584193
|switch|p2a: Bob Lennon|Hitmontop, M|100/100
|switch|p1a: Gangnam Style|Hitmontop, M|100/100
|-status|p2a: Bob Lennon|psn
|turn|25
|c| zReptar|Its over
|
|t:|1653584199
|move|p2a: Bob Lennon|Metronome|p2a: Bob Lennon
|move|p2a: Bob Lennon|Leafage|p1a: Gangnam Style|[from]move: Metronome
|-damage|p1a: Gangnam Style|87/100
|move|p1a: Gangnam Style|Metronome|p1a: Gangnam Style
|move|p1a: Gangnam Style|Lash Out|p2a: Bob Lennon|[from]move: Metronome
|-resisted|p2a: Bob Lennon
|-damage|p2a: Bob Lennon|88/100 psn
|
|-weather|Sandstorm|[upkeep]
|-damage|p2a: Bob Lennon|82/100 psn|[from] Sandstorm
|-damage|p1a: Gangnam Style|81/100|[from] Sandstorm
|-damage|p2a: Bob Lennon|70/100 psn|[from] psn
|upkeep
|turn|26
|j| kpm406
|c|☆SetsuStsna|!dt bob lennon
|error|No Pokémon, item, move, ability or nature named 'bob lennon' was found. (Check your spelling?)
|c|☆Ozmaze|pls defog or rapid spin
|c| Zephyr1517|Is Bob gonna clutch ?
|c|☆Ozmaze|pray for me
|
|t:|1653584218
|move|p2a: Bob Lennon|Metronome|p2a: Bob Lennon
|move|p2a: Bob Lennon|Psystrike|p1a: Gangnam Style|[from]move: Metronome
|-supereffective|p1a: Gangnam Style
|-damage|p1a: Gangnam Style|53/100
|move|p1a: Gangnam Style|Metronome|p1a: Gangnam Style
|move|p1a: Gangnam Style|Cross Poison|p2a: Bob Lennon|[from]move: Metronome
|-crit|p2a: Bob Lennon
|-damage|p2a: Bob Lennon|34/100 psn
|
|-weather|Sandstorm|[upkeep]
|-damage|p2a: Bob Lennon|28/100 psn|[from] Sandstorm
|-damage|p1a: Gangnam Style|47/100|[from] Sandstorm
|-damage|p2a: Bob Lennon|15/100 psn|[from] psn
|upkeep
|turn|27
|
|t:|1653584229
|move|p2a: Bob Lennon|Metronome|p2a: Bob Lennon
|move|p2a: Bob Lennon|Overheat|p1a: Gangnam Style|[from]move: Metronome|[miss]
|-miss|p2a: Bob Lennon|p1a: Gangnam Style
|move|p1a: Gangnam Style|Metronome|p1a: Gangnam Style
|move|p1a: Gangnam Style|Flying Press|p2a: Bob Lennon|[from]move: Metronome
|-supereffective|p2a: Bob Lennon
|-damage|p2a: Bob Lennon|0 fnt
|faint|p2a: Bob Lennon
|
|-weather|Sandstorm|[upkeep]
|-damage|p1a: Gangnam Style|41/100|[from] Sandstorm
|upkeep
|
|t:|1653584240
|switch|p2a: Equity|Hitmontop, M|100/100
|-status|p2a: Equity|psn
|turn|28
|
|t:|1653584244
|move|p2a: Equity|Metronome|p2a: Equity
|move|p2a: Equity|Ice Beam|p1a: Gangnam Style|[from]move: Metronome
|-damage|p1a: Gangnam Style|30/100
|move|p1a: Gangnam Style|Metronome|p1a: Gangnam Style
|move|p1a: Gangnam Style|Drill Run|p2a: Equity|[from]move: Metronome
|-damage|p2a: Equity|75/100 psn
|
|-weather|none
|-damage|p2a: Equity|63/100 psn|[from] psn
|upkeep
|turn|29
|
|t:|1653584253
|move|p2a: Equity|Metronome|p2a: Equity
|move|p2a: Equity|Court Change|p2a: Equity|[from]move: Metronome
|-swapsideconditions
|-activate|p2a: Equity|move: Court Change
|move|p1a: Gangnam Style|Metronome|p1a: Gangnam Style
|move|p1a: Gangnam Style|Aura Sphere|p2a: Equity|[from]move: Metronome
|-crit|p2a: Equity
|-damage|p2a: Equity|36/100 psn
|
|-damage|p2a: Equity|23/100 psn|[from] psn
|upkeep
|turn|30
|c| SceptiledUP|oh my
|c|☆SetsuStsna|?????????????????
|c|☆Ozmaze|YEEEEEEEES
|c| Zephyr1517|clutch ?
|c|%htcl (>◡<)|LMFAO
|c|☆Ozmaze|GO EXIST
|c|☆Ozmaze|GOD*
|c| zReptar|Clutc???
|
|t:|1653584269
|move|p2a: Equity|Metronome|p2a: Equity
|move|p2a: Equity|Sludge|p1a: Gangnam Style|[from]move: Metronome
|-damage|p1a: Gangnam Style|21/100
|move|p1a: Gangnam Style|Metronome|p1a: Gangnam Style
|move|p1a: Gangnam Style|Dual Wingbeat|p2a: Equity|[from]move: Metronome
|-supereffective|p2a: Equity
|-damage|p2a: Equity|0 fnt
|faint|p2a: Equity
|-hitcount|p2: Equity|1
|
|upkeep
|c| nxvnt|clutch
|c|%htcl (>◡<)|how the tables have turned
|c| zReptar|Clutch
|
|t:|1653584279
|switch|p2a: thief|Hitmontop, M|100/100
|turn|31
|c| Zephyr1517|how the turns the table
|
|t:|1653584282
|move|p2a: thief|Metronome|p2a: thief
|move|p2a: thief|Parting Shot|p1a: Gangnam Style|[from]move: Metronome
|-unboost|p1a: Gangnam Style|atk|1
|-unboost|p1a: Gangnam Style|spa|1
|
|t:|1653584286
|switch|p2a: the tank|Hitmontop, M|100/100|[from]move: Parting Shot
|move|p1a: Gangnam Style|Metronome|p1a: Gangnam Style
|move|p1a: Gangnam Style|Absorb|p2a: the tank|[from]move: Metronome
|-damage|p2a: the tank|99/100
|-heal|p1a: Gangnam Style|22/100|[from] drain|[of] p2a: the tank
|
|upkeep
|turn|32
|c|☆SetsuStsna|i trust my bois
|c| zReptar|Gangnam style needs to go crazy
|
|t:|1653584294
|move|p1a: Gangnam Style|Metronome|p1a: Gangnam Style
|move|p1a: Gangnam Style|Lovely Kiss|p2a: the tank|[from]move: Metronome
|-status|p2a: the tank|slp|[from] move: Lovely Kiss
|cant|p2a: the tank|slp
|
|upkeep
|turn|33
|c| SceptiledUP|Something blow up
|
|t:|1653584300
|move|p1a: Gangnam Style|Metronome|p1a: Gangnam Style
|move|p1a: Gangnam Style|Gear Grind|p2a: the tank|[from]move: Metronome
|-damage|p2a: the tank|90/100 slp
|-damage|p2a: the tank|82/100 slp
|-hitcount|p2a: the tank|2
|cant|p2a: the tank|slp
|
|upkeep
|turn|34
|
|t:|1653584307
|move|p1a: Gangnam Style|Metronome|p1a: Gangnam Style
|move|p1a: Gangnam Style|Retaliate|p2a: the tank|[from]move: Metronome
|-damage|p2a: the tank|70/100 slp
|-curestatus|p2a: the tank|slp|[msg]
|move|p2a: the tank|Metronome|p2a: the tank
|move|p2a: the tank|Scorching Sands|p1a: Gangnam Style|[from]move: Metronome
|-damage|p1a: Gangnam Style|13/100
|-status|p1a: Gangnam Style|brn
|
|-damage|p1a: Gangnam Style|7/100 brn|[from] brn
|upkeep
|turn|35
|
|t:|1653584318
|move|p1a: Gangnam Style|Metronome|p1a: Gangnam Style
|move|p1a: Gangnam Style|Quick Attack|p2a: the tank|[from]move: Metronome
|-damage|p2a: the tank|67/100
|move|p2a: the tank|Metronome|p2a: the tank
|move|p2a: the tank|First Impression||[from]move: Metronome|[still]
|-hint|First Impression only works on your first turn out.
|-fail|p2a: the tank
|
|-damage|p1a: Gangnam Style|1/100 brn|[from] brn
|upkeep
|turn|36
|c|☆SetsuStsna|wait you actually
|c|☆SetsuStsna|gave them diff evs
|c| Zephyr1517|gangnam style put in the work
|c|☆Ozmaze|yes
|
|t:|1653584330
|move|p1a: Gangnam Style|Metronome|p1a: Gangnam Style
|move|p1a: Gangnam Style|Foul Play|p2a: the tank|[from]move: Metronome
|-resisted|p2a: the tank
|-damage|p2a: the tank|62/100
|move|p2a: the tank|Metronome|p2a: the tank
|move|p2a: the tank|Swagger|p1a: Gangnam Style|[from]move: Metronome
|-boost|p1a: Gangnam Style|atk|2
|-start|p1a: Gangnam Style|confusion
|
|-damage|p1a: Gangnam Style|0 fnt|[from] brn
|faint|p1a: Gangnam Style
|upkeep
|c|☆Ozmaze|it's strat
|
|t:|1653584334
|switch|p1a: Harry Styles|Hitmontop, M|100/100
|-status|p1a: Harry Styles|psn
|turn|37
|n| Call the crew|zreptar
|c|☆SetsuStsna|rapid spin defog smth
|c|☆SetsuStsna|whatever
|
|t:|1653584346
|move|p1a: Harry Styles|Metronome|p1a: Harry Styles
|move|p1a: Harry Styles|Vine Whip|p2a: the tank|[from]move: Metronome
|-damage|p2a: the tank|50/100
|move|p2a: the tank|Metronome|p2a: the tank
|move|p2a: the tank|Phantom Force||[from]move: Metronome|[still]
|-prepare|p2a: the tank|Phantom Force
|
|-damage|p1a: Harry Styles|88/100 psn|[from] psn
|upkeep
|turn|38
|c| SceptiledUP|Harry Styles blow up
|
|t:|1653584353
|move|p1a: Harry Styles|Metronome|p1a: Harry Styles
|move|p1a: Harry Styles|Brutal Swing|p2a: the tank|[from]move: Metronome|[miss]
|-miss|p1a: Harry Styles|p2a: the tank
|move|p2a: the tank|Phantom Force|p1a: Harry Styles|[from]lockedmove
|-damage|p1a: Harry Styles|65/100 psn
|
|-damage|p1a: Harry Styles|53/100 psn|[from] psn
|upkeep
|turn|39
|
|t:|1653584362
|move|p1a: Harry Styles|Metronome|p1a: Harry Styles
|move|p1a: Harry Styles|Iron Tail|p2a: the tank|[from]move: Metronome
|-damage|p2a: the tank|23/100
|move|p2a: the tank|Metronome|p2a: the tank
|move|p2a: the tank|Grassy Glide|p1a: Harry Styles|[from]move: Metronome
|-damage|p1a: Harry Styles|34/100 psn
|
|-damage|p1a: Harry Styles|22/100 psn|[from] psn
|upkeep
|turn|40
|j| PoobleMaster945
|c| Zephyr1517|tank is more of a assasin
|
|t:|1653584370
|move|p1a: Harry Styles|Metronome|p1a: Harry Styles
|move|p1a: Harry Styles|Grassy Terrain|p1a: Harry Styles|[from]move: Metronome
|-fieldstart|move: Grassy Terrain
|move|p2a: the tank|Metronome|p2a: the tank
|move|p2a: the tank|Rock Tomb|p1a: Harry Styles|[from]move: Metronome
|-resisted|p1a: Harry Styles
|-damage|p1a: Harry Styles|14/100 psn
|-unboost|p1a: Harry Styles|spe|1
|
|-heal|p2a: the tank|29/100|[from] Grassy Terrain
|-heal|p1a: Harry Styles|20/100 psn|[from] Grassy Terrain
|-damage|p1a: Harry Styles|8/100 psn|[from] psn
|upkeep
|turn|41
|c|☆SetsuStsna|what
|
|t:|1653584383
|move|p2a: the tank|Metronome|p2a: the tank
|move|p2a: the tank|Charge|p2a: the tank|[from]move: Metronome
|-boost|p2a: the tank|spd|1
|-activate|p2a: the tank|move: Charge
|move|p1a: Harry Styles|Metronome|p1a: Harry Styles
|move|p1a: Harry Styles|Gravity|p1a: Harry Styles|[from]move: Metronome
|-fieldstart|move: Gravity
|
|-heal|p2a: the tank|35/100|[from] Grassy Terrain
|-heal|p1a: Harry Styles|14/100 psn|[from] Grassy Terrain
|-damage|p1a: Harry Styles|2/100 psn|[from] psn
|upkeep
|turn|42
|c|☆Ozmaze|He is max pv and def
|
|t:|1653584395
|move|p2a: the tank|Metronome|p2a: the tank
|move|p2a: the tank|Knock Off|p1a: Harry Styles|[from]move: Metronome
|-resisted|p1a: Harry Styles
|-damage|p1a: Harry Styles|0 fnt
|-enditem|p1a: Harry Styles|Leppa Berry|[from] move: Knock Off|[of] p2a: the tank
|faint|p1a: Harry Styles
|
|-heal|p2a: the tank|42/100|[from] Grassy Terrain
|upkeep
|
|t:|1653584398
|switch|p1a: morbin time|Hitmontop, M|100/100
|-status|p1a: morbin time|psn
|turn|43
|c|☆SetsuStsna|its morbin time
|
|t:|1653584405
|move|p1a: morbin time|Metronome|p1a: morbin time
|move|p1a: morbin time|Aurora Beam|p2a: the tank|[from]move: Metronome
|-damage|p2a: the tank|36/100
|-unboost|p2a: the tank|atk|1
|move|p2a: the tank|Metronome|p2a: the tank
|move|p2a: the tank|Circle Throw|p1a: morbin time|[from]move: Metronome
|-damage|p1a: morbin time|82/100 psn
|
|-heal|p1a: morbin time|88/100 psn|[from] Grassy Terrain
|-heal|p2a: the tank|43/100|[from] Grassy Terrain
|-damage|p1a: morbin time|76/100 psn|[from] psn
|upkeep
|turn|44
|c|☆SetsuStsna|...
|
|t:|1653584417
|move|p1a: morbin time|Metronome|p1a: morbin time
|move|p1a: morbin time|Psyshock|p2a: the tank|[from]move: Metronome
|-supereffective|p2a: the tank
|-damage|p2a: the tank|20/100
|move|p2a: the tank|Metronome|p2a: the tank
|move|p2a: the tank|Rapid Spin|p1a: morbin time|[from]move: Metronome
|-damage|p1a: morbin time|66/100 psn
|-boost|p2a: the tank|spe|1
|
|-heal|p2a: the tank|26/100|[from] Grassy Terrain
|-heal|p1a: morbin time|72/100 psn|[from] Grassy Terrain
|-damage|p1a: morbin time|60/100 psn|[from] psn
|-fieldend|move: Grassy Terrain
|upkeep
|turn|45
|c| SceptiledUP|lmao
|c|☆SetsuStsna|...
|c|☆SetsuStsna|that shouldve been me
|c|☆Ozmaze|wrong Hitmon
|
|t:|1653584443
|move|p2a: the tank|Metronome|p2a: the tank
|move|p2a: the tank|Fury Attack|p1a: morbin time|[from]move: Metronome
|-damage|p1a: morbin time|57/100 psn
|-damage|p1a: morbin time|54/100 psn
|-damage|p1a: morbin time|51/100 psn
|-hitcount|p1a: morbin time|3
|move|p1a: morbin time|Metronome|p1a: morbin time
|move|p1a: morbin time|Dual Wingbeat|p2a: the tank|[from]move: Metronome
|-supereffective|p2a: the tank
|-damage|p2a: the tank|7/100
|-supereffective|p2a: the tank
|-damage|p2a: the tank|0 fnt
|faint|p2a: the tank
|-hitcount|p2: the tank|2
|
|-damage|p1a: morbin time|39/100 psn|[from] psn
|-fieldend|move: Gravity
|upkeep
|c| Zephyr1517|life is not fair
|c|☆SetsuStsna|rest
|c|☆SetsuStsna|rn
|inactive|Ozmaze has 120 seconds left.
|c| SceptiledUP|now will they blow up
|
|t:|1653584458
|switch|p2a: thief|Hitmontop, M|100/100
|turn|46
|
|t:|1653584461
|move|p2a: thief|Metronome|p2a: thief
|move|p2a: thief|Hypnosis|p1a: morbin time|[from]move: Metronome|[miss]
|-miss|p2a: thief|p1a: morbin time
|move|p1a: morbin time|Metronome|p1a: morbin time
|move|p1a: morbin time|Mean Look|p2a: thief|[from]move: Metronome
|-activate|p2a: thief|trapped
|
|-damage|p1a: morbin time|27/100 psn|[from] psn
|upkeep
|turn|47
|
|t:|1653584470
|move|p2a: thief|Metronome|p2a: thief
|move|p2a: thief|Stockpile|p2a: thief|[from]move: Metronome
|-start|p2a: thief|stockpile1
|-boost|p2a: thief|def|1
|-boost|p2a: thief|spd|1
|move|p1a: morbin time|Metronome|p1a: morbin time
|move|p1a: morbin time|Focus Blast|p2a: thief|[from]move: Metronome|[miss]
|-miss|p1a: morbin time|p2a: thief
|
|-damage|p1a: morbin time|15/100 psn|[from] psn
|upkeep
|turn|48
|c|☆SetsuStsna|ggs bro
|c|☆Ozmaze|gg
|
|t:|1653584484
|move|p2a: thief|Metronome|p2a: thief
|move|p2a: thief|Sucker Punch||[from]move: Metronome|[still]
|-fail|p2a: thief
|move|p1a: morbin time|Metronome|p1a: morbin time
|move|p1a: morbin time|Mist Ball|p2a: thief|[from]move: Metronome
|-supereffective|p2a: thief
|-damage|p2a: thief|86/100
|-unboost|p2a: thief|spa|1
|
|-damage|p1a: morbin time|2/100 psn|[from] psn
|upkeep
|turn|49
|c|☆SetsuStsna|it wasnt morbin time
|c| Zephyr1517|thief being mad disrespectful
|c| SceptiledUP|now it blows
|
|t:|1653584495
|move|p2a: thief|Metronome|p2a: thief
|move|p2a: thief|Dragon Claw|p1a: morbin time|[from]move: Metronome
|-damage|p1a: morbin time|0 fnt
|faint|p1a: morbin time
|
|win|Ozmaze
|n|☆SetsuStsna|setsustsna
|n|☆Ozmaze|ozmaze
|n| SceptiledUP|sceptiledup
|n| htcl (>◡<)|htcl
|n| Zephyr1517|zephyr1517
|n| yaboiAshK.|yaboiashk
|n| nxvnt|nxvnt
|n| kpm406|kpm406
|n| Call the crew|callthecrew
|n| PoobleMaster945|pooblemaster945
