|html|<div class="broadcast-blue"><strong>[Gen 8] OU is currently suspecting Melmetal! For information on how to participate check out the <a href="https://www.smogon.com/forums/threads/np-ss-ou-suspect-process-round-12-monster-mash.3709234/">suspect thread</a>.</strong></div>
|j|☆toon arctozolt
|j|☆amstan (-_-)
|t:|1666717364
|gametype|singles
|player|p1|toon arctozolt|harlequin|1648
|player|p2|amstan (-_-)|ingo|1691
|teamsize|p1|6
|teamsize|p2|6
|gen|8
|tier|[Gen 8] OU
|rated|
|rule|Sleep Clause Mod: Limit one foe put to sleep
|rule|Species Clause: Limit one of each Pokémon
|rule|OHKO Clause: OHKO moves are banned
|rule|Evasion Items Clause: Evasion items are banned
|rule|Evasion Moves Clause: Evasion moves are banned
|rule|Endless Battle Clause: Forcing endless battles is banned
|rule|HP Percentage Mod: HP is shown in percentages
|rule|Dynamax Clause: You cannot dynamax
|clearpoke
|poke|p1|Pelipper, M|
|poke|p1|Corviknight, F|
|poke|p1|Inteleon, M|
|poke|p1|Ferrothorn, F|
|poke|p1|Barraskewda, F|
|poke|p1|Seismitoad, M|
|poke|p2|Skarmory, F|
|poke|p2|Stakataka|
|poke|p2|Garchomp, F|
|poke|p2|Polteageist|
|poke|p2|Volcarona, M|
|poke|p2|Dragapult, F|
|teampreview
|inactive|Battle timer is ON: inactive players will automatically lose when time's up. (requested by toon arctozolt)
|
|t:|1666717374
|start
|switch|p1a: Pelipper|Pelipper, M|100/100
|switch|p2a: Indeed|Polteageist|100/100
|-weather|RainDance|[from] ability: Drizzle|[of] p1a: Pelipper
|turn|1
|
|t:|1666717380
|move|p2a: Indeed|Substitute|p2a: Indeed
|-start|p2a: Indeed|Substitute
|-damage|p2a: Indeed|76/100
|move|p1a: Pelipper|U-turn|p2a: Indeed
|-resisted|p2a: Indeed
|-activate|p2a: Indeed|move: Substitute|[damage]
|
|t:|1666717386
|switch|p1a: Barraskewda|Barraskewda, F|100/100|[from]move: U-turn
|
|-weather|RainDance|[upkeep]
|upkeep
|turn|2
|
|t:|1666717388
|move|p1a: Barraskewda|Flip Turn|p2a: Indeed
|-end|p2a: Indeed|Substitute
|
|t:|1666717389
|switch|p1a: Ferrothorn|Ferrothorn, F|100/100|[from]move: Flip Turn
|move|p2a: Indeed|Shell Smash|p2a: Indeed
|-unboost|p2a: Indeed|def|1
|-unboost|p2a: Indeed|spd|1
|-boost|p2a: Indeed|atk|2
|-boost|p2a: Indeed|spa|2
|-boost|p2a: Indeed|spe|2
|
|-weather|RainDance|[upkeep]
|upkeep
|turn|3
|
|t:|1666717393
|move|p2a: Indeed|Shadow Ball|p1a: Ferrothorn
|-damage|p1a: Ferrothorn|51/100
|move|p1a: Ferrothorn|Gyro Ball|p2a: Indeed
|-damage|p2a: Indeed|0 fnt
|faint|p2a: Indeed
|
|-weather|RainDance|[upkeep]
|-heal|p1a: Ferrothorn|57/100|[from] item: Leftovers
|upkeep
|
|t:|1666717401
|switch|p2a: Boomer Corviknight|Skarmory, F|100/100
|turn|4
|j| BabyPigsAreLaughin
|j| 0zorcNecropHADES
|
|t:|1666717422
|move|p2a: Boomer Corviknight|Taunt|p1a: Ferrothorn
|-start|p1a: Ferrothorn|move: Taunt
|move|p1a: Ferrothorn|Knock Off|p2a: Boomer Corviknight
|-damage|p2a: Boomer Corviknight|85/100
|-enditem|p2a: Boomer Corviknight|Custap Berry|[from] move: Knock Off|[of] p1a: Ferrothorn
|
|-weather|RainDance|[upkeep]
|-heal|p1a: Ferrothorn|63/100|[from] item: Leftovers
|upkeep
|turn|5
|
|t:|1666717437
|switch|p1a: Seismitoad|Seismitoad, M|100/100
|move|p2a: Boomer Corviknight|Stealth Rock|p1a: Seismitoad
|-sidestart|p1: toon arctozolt|move: Stealth Rock
|
|-weather|RainDance|[upkeep]
|upkeep
|turn|6
|
|t:|1666717439
|move|p1a: Seismitoad|Weather Ball|p2a: Boomer Corviknight
|-crit|p2a: Boomer Corviknight
|-damage|p2a: Boomer Corviknight|0 fnt
|faint|p2a: Boomer Corviknight
|-damage|p1a: Seismitoad|91/100|[from] item: Life Orb
|
|-weather|RainDance|[upkeep]
|upkeep
|
|t:|1666717447
|switch|p2a: Darts go brrr|Dragapult, F|100/100
|turn|7
|
|t:|1666717449
|move|p1a: Seismitoad|Earth Power|p2a: Darts go brrr
|-damage|p2a: Darts go brrr|29/100
|-damage|p1a: Seismitoad|81/100|[from] item: Life Orb
|move|p2a: Darts go brrr|Dragon Dance|p2a: Darts go brrr
|-boost|p2a: Darts go brrr|atk|1
|-boost|p2a: Darts go brrr|spe|1
|
|-weather|RainDance|[upkeep]
|upkeep
|turn|8
|
|t:|1666717461
|switch|p1a: Ferrothorn|Ferrothorn, F|63/100
|-damage|p1a: Ferrothorn|57/100|[from] Stealth Rock
|move|p2a: Darts go brrr|Dragon Darts|p1a: Ferrothorn
|-resisted|p1a: Ferrothorn
|-damage|p1a: Ferrothorn|35/100
|-anim|p2a: Darts go brrr|Dragon Darts|p1a: Ferrothorn
|-resisted|p1a: Ferrothorn
|-damage|p1a: Ferrothorn|15/100
|-damage|p2a: Darts go brrr|19/100|[from] item: Life Orb
|
|-weather|none
|-heal|p1a: Ferrothorn|21/100|[from] item: Leftovers
|upkeep
|turn|9
|
|t:|1666717475
|switch|p1a: Pelipper|Pelipper, M|100/100
|-damage|p1a: Pelipper|76/100|[from] Stealth Rock
|-weather|RainDance|[from] ability: Drizzle|[of] p1a: Pelipper
|move|p2a: Darts go brrr|Dragon Darts|p1a: Pelipper
|-damage|p1a: Pelipper|34/100
|-anim|p2a: Darts go brrr|Dragon Darts|p1a: Pelipper
|-damage|p1a: Pelipper|0 fnt
|faint|p1a: Pelipper
|-damage|p2a: Darts go brrr|9/100|[from] item: Life Orb
|
|-weather|RainDance|[upkeep]
|upkeep
|
|t:|1666717483
|switch|p1a: Ferrothorn|Ferrothorn, F|21/100
|-damage|p1a: Ferrothorn|15/100|[from] Stealth Rock
|turn|10
|
|t:|1666717489
|move|p2a: Darts go brrr|Dragon Darts|p1a: Ferrothorn
|-resisted|p1a: Ferrothorn
|-damage|p1a: Ferrothorn|0 fnt
|faint|p1a: Ferrothorn
|-damage|p2a: Darts go brrr|0 fnt|[from] item: Life Orb
|faint|p2a: Darts go brrr
|
|-weather|RainDance|[upkeep]
|upkeep
|
|t:|1666717492
|switch|p2a: Bad|Volcarona, M|100/100
|switch|p1a: Inteleon|Inteleon, M|100/100
|-damage|p1a: Inteleon|88/100|[from] Stealth Rock
|turn|11
|
|t:|1666717495
|move|p1a: Inteleon|Snipe Shot|p2a: Bad
|-supereffective|p2a: Bad
|-damage|p2a: Bad|0 fnt
|faint|p2a: Bad
|
|-weather|RainDance|[upkeep]
|upkeep
|
|t:|1666717496
|switch|p2a: That's rough buddy|Garchomp, F|100/100
|turn|12
|
|t:|1666717498
|move|p1a: Inteleon|Snipe Shot|p2a: That's rough buddy
|-crit|p2a: That's rough buddy
|-damage|p2a: That's rough buddy|0 fnt
|faint|p2a: That's rough buddy
|
|-weather|RainDance|[upkeep]
|upkeep
|
|t:|1666717500
|switch|p2a: Best lando answer|Stakataka|100/100
|-item|p2a: Best lando answer|Air Balloon
|turn|13
|
|t:|1666717502
|move|p1a: Inteleon|Snipe Shot|p2a: Best lando answer
|-supereffective|p2a: Best lando answer
|-damage|p2a: Best lando answer|0 fnt
|-enditem|p2a: Best lando answer|Air Balloon
|faint|p2a: Best lando answer
|
|win|toon arctozolt
|raw|toon arctozolt's rating: 1648 &rarr; <strong>1670</strong><br />(+22 for winning)
|raw|amstan (-_-)'s rating: 1691 &rarr; <strong>1669</strong><br />(-22 for losing)
|l| 0zorcNecropHADES
||Ladder isn't responding, score probably updated but might not have (Request timeout).
