|j|☆UndercoverVIPlayer
|j|☆4funaccount
|player|p1|UndercoverVIPlayer|101|1710
|player|p2|4funaccount|volkner|1721
|teamsize|p1|6
|teamsize|p2|6
|gametype|singles
|gen|8
|tier|[Gen 8] OU
|rated|
|clearpoke
|poke|p1|Dragapult, M|
|poke|p1|Pangoro, F|
|poke|p1|Corviknight, M|
|poke|p1|Kommo-o, F|
|poke|p1|Clefable, F|
|poke|p1|Aegislash, F|
|poke|p2|Excadrill, F|
|poke|p2|Hippowdon, M|
|poke|p2|Reuniclus, M|
|poke|p2|Ferrothorn, F|
|poke|p2|Clefable, M|
|poke|p2|Hydreigon, M|
|rule|Sleep Clause Mod: Limit one foe put to sleep
|rule|Species Clause: Limit one of each Pokémon
|rule|OHKO Clause: OHKO moves are banned
|rule|Evasion Moves Clause: Evasion moves are banned
|rule|Endless Battle Clause: Forcing endless battles is banned
|rule|HP Percentage Mod: HP is shown in percentages
|rule|Dynamax Clause: You cannot dynamax
|teampreview
|j| milohatin
|inactive|Battle timer is ON: inactive players will automatically lose when time's up. (requested by 4funaccount)
|j| ViewtifulYosh
|inactive|UndercoverVIPlayer has 120 seconds left.
|j| Wisdom~X
|inactive|UndercoverVIPlayer has 90 seconds left.
|j|‽th3m3nt3
|
|start
|switch|p1a: Clefable|Clefable, F|100/100
|switch|p2a: Hydreigon|Hydreigon, M|100/100
|turn|1
|
|switch|p2a: Excadrill|Excadrill, F|100/100
|move|p1a: Clefable|Moonblast|p2a: Excadrill
|-resisted|p2a: Excadrill
|-damage|p2a: Excadrill|79/100
|
|-heal|p2a: Excadrill|85/100|[from] item: Leftovers
|upkeep
|turn|2
|
|switch|p2a: Hydreigon|Hydreigon, M|100/100
|switch|p1a: Corviknight|Corviknight, M|100/100
|-ability|p1a: Corviknight|Pressure
|
|upkeep
|turn|3
|
|move|p2a: Hydreigon|Flamethrower|p1a: Corviknight
|-supereffective|p1a: Corviknight
|-damage|p1a: Corviknight|48/100
|-damage|p2a: Hydreigon|91/100|[from] item: Life Orb
|move|p1a: Corviknight|U-turn|p2a: Hydreigon
|-supereffective|p2a: Hydreigon
|-crit|p2a: Hydreigon
|-damage|p2a: Hydreigon|38/100
|
|switch|p1a: Dragapult|Dragapult, M|100/100|[from]move: U-turn
|
|upkeep
|turn|4
|
|switch|p2a: Clefable|Clefable, M|100/100
|move|p1a: Dragapult|U-turn|p2a: Clefable
|-resisted|p2a: Clefable
|-damage|p2a: Clefable|93/100
|
|switch|p1a: Corviknight|Corviknight, M|48/100|[from]move: U-turn
|-ability|p1a: Corviknight|Pressure
|
|-heal|p1a: Corviknight|55/100|[from] item: Leftovers
|upkeep
|turn|5
|j| zzs is my goddess
|
|switch|p1a: Clefable|Clefable, F|100/100
|move|p2a: Clefable|Calm Mind|p2a: Clefable
|-boost|p2a: Clefable|spa|1
|-boost|p2a: Clefable|spd|1
|
|upkeep
|turn|6
|
|move|p2a: Clefable|Flamethrower|p1a: Clefable
|-crit|p1a: Clefable
|-damage|p1a: Clefable|59/100
|move|p1a: Clefable|Knock Off|p2a: Clefable
|-resisted|p2a: Clefable
|-damage|p2a: Clefable|87/100
|-enditem|p2a: Clefable|Life Orb|[from] move: Knock Off|[of] p1a: Clefable
|
|-heal|p1a: Clefable|65/100|[from] item: Leftovers
|upkeep
|turn|7
|
|move|p2a: Clefable|Flamethrower|p1a: Clefable
|-damage|p1a: Clefable|41/100
|move|p1a: Clefable|Wish|p1a: Clefable
|
|-heal|p1a: Clefable|47/100|[from] item: Leftovers
|upkeep
|turn|8
|
|move|p1a: Clefable|Protect|p1a: Clefable
|-singleturn|p1a: Clefable|Protect
|move|p2a: Clefable|Calm Mind|p2a: Clefable
|-boost|p2a: Clefable|spa|1
|-boost|p2a: Clefable|spd|1
|
|-heal|p1a: Clefable|97/100|[from] move: Wish|[wisher] Clefable
|-heal|p1a: Clefable|100/100|[from] item: Leftovers
|upkeep
|turn|9
|
|move|p2a: Clefable|Moonblast|p1a: Clefable
|-damage|p1a: Clefable|51/100
|move|p1a: Clefable|Moonblast|p2a: Clefable
|-crit|p2a: Clefable
|-damage|p2a: Clefable|46/100
|-unboost|p2a: Clefable|spa|1
|
|-heal|p1a: Clefable|57/100|[from] item: Leftovers
|upkeep
|turn|10
|
|move|p2a: Clefable|Soft-Boiled|p2a: Clefable
|-heal|p2a: Clefable|96/100
|move|p1a: Clefable|Wish|p1a: Clefable
|
|-heal|p1a: Clefable|63/100|[from] item: Leftovers
|upkeep
|turn|11
|
|move|p2a: Clefable|Flamethrower|p1a: Clefable
|-damage|p1a: Clefable|38/100
|-status|p1a: Clefable|brn
|move|p1a: Clefable|Moonblast|p2a: Clefable
|-damage|p2a: Clefable|82/100
|-unboost|p2a: Clefable|spa|1
|
|-heal|p1a: Clefable|88/100 brn|[from] move: Wish|[wisher] Clefable
|-heal|p1a: Clefable|94/100 brn|[from] item: Leftovers
|upkeep
|turn|12
|
|switch|p1a: Pangoro|Pangoro, F, shiny|100/100
|move|p2a: Clefable|Flamethrower|p1a: Pangoro
|-damage|p1a: Pangoro|74/100
|
|upkeep
|turn|13
|
|switch|p2a: Ferrothorn|Ferrothorn, F|100/100
|move|p1a: Pangoro|Iron Head|p2a: Ferrothorn
|-resisted|p2a: Ferrothorn
|-damage|p2a: Ferrothorn|88/100
|-damage|p1a: Pangoro|62/100|[from] ability: Iron Barbs|[of] p2a: Ferrothorn
|
|-heal|p2a: Ferrothorn|95/100|[from] item: Leftovers
|upkeep
|turn|14
|inactive|UndercoverVIPlayer has 120 seconds left.
|j| for fun happy
|inactive|4funaccount has 120 seconds left.
|
|switch|p1a: Corviknight|Corviknight, M|55/100
|-ability|p1a: Corviknight|Pressure
|move|p2a: Ferrothorn|Spikes|p1a: Corviknight
|-sidestart|p1: UndercoverVIPlayer|Spikes
|
|-heal|p1a: Corviknight|61/100|[from] item: Leftovers
|-heal|p2a: Ferrothorn|100/100|[from] item: Leftovers
|upkeep
|turn|15
|j| Douglas Dotanuki
|
|switch|p1a: Clefable|Clefable, F|94/100 brn
|move|p2a: Ferrothorn|Thunder Wave||[still]
|-fail|p2a: Ferrothorn
|
|-heal|p1a: Clefable|99/100 brn|[from] item: Leftovers
|upkeep
|turn|16
|
|switch|p2a: Clefable|Clefable, M|82/100
|move|p1a: Clefable|Wish|p1a: Clefable
|
|-heal|p1a: Clefable|100/100 brn|[from] item: Leftovers
|upkeep
|turn|17
|
|switch|p1a: Corviknight|Corviknight, M|61/100
|-ability|p1a: Corviknight|Pressure
|move|p2a: Clefable|Soft-Boiled|p2a: Clefable
|-heal|p2a: Clefable|100/100
|
|-heal|p1a: Corviknight|100/100|[from] move: Wish|[wisher] Clefable
|upkeep
|turn|18
|inactive|UndercoverVIPlayer has 120 seconds left.
|
|move|p2a: Clefable|Calm Mind|p2a: Clefable
|-boost|p2a: Clefable|spa|1
|-boost|p2a: Clefable|spd|1
|move|p1a: Corviknight|U-turn|p2a: Clefable
|-resisted|p2a: Clefable
|-damage|p2a: Clefable|95/100
|
|switch|p1a: Pangoro|Pangoro, F, shiny|62/100|[from]move: U-turn
|-damage|p1a: Pangoro|49/100|[from] Spikes
|
|upkeep
|turn|19
|l| Douglas Dotanuki
|
|switch|p2a: Hippowdon|Hippowdon, M|100/100
|-weather|Sandstorm|[from] ability: Sand Stream|[of] p2a: Hippowdon
|move|p1a: Pangoro|Close Combat|p2a: Hippowdon
|-damage|p2a: Hippowdon|45/100
|-unboost|p1a: Pangoro|def|1
|-unboost|p1a: Pangoro|spd|1
|
|-weather|Sandstorm|[upkeep]
|-damage|p1a: Pangoro|43/100|[from] Sandstorm
|-heal|p2a: Hippowdon|52/100|[from] item: Leftovers
|upkeep
|turn|20
|
|move|p1a: Pangoro|Close Combat|p2a: Hippowdon
|-damage|p2a: Hippowdon|2/100
|-unboost|p1a: Pangoro|def|1
|-unboost|p1a: Pangoro|spd|1
|move|p2a: Hippowdon|Slack Off|p2a: Hippowdon
|-heal|p2a: Hippowdon|52/100
|
|-weather|Sandstorm|[upkeep]
|-damage|p1a: Pangoro|37/100|[from] Sandstorm
|-heal|p2a: Hippowdon|58/100|[from] item: Leftovers
|upkeep
|turn|21
|
|switch|p1a: Corviknight|Corviknight, M|100/100
|-ability|p1a: Corviknight|Pressure
|switch|p2a: Reuniclus|Reuniclus, M|100/100
|
|-weather|Sandstorm|[upkeep]
|-damage|p2a: Reuniclus|94/100|[from] Sandstorm
|upkeep
|turn|22
|
|move|p1a: Corviknight|Defog|p2a: Reuniclus
|-unboost|p2a: Reuniclus|evasion|1
|-sideend|p1: UndercoverVIPlayer|Spikes|[from] move: Defog|[of] p1a: Corviknight
|move|p2a: Reuniclus|Knock Off|p1a: Corviknight
|-damage|p1a: Corviknight|89/100
|-enditem|p1a: Corviknight|Leftovers|[from] move: Knock Off|[of] p2a: Reuniclus
|
|-weather|Sandstorm|[upkeep]
|-damage|p2a: Reuniclus|88/100|[from] Sandstorm
|upkeep
|turn|23
|
|move|p1a: Corviknight|U-turn|p2a: Reuniclus
|-supereffective|p2a: Reuniclus
|-damage|p2a: Reuniclus|60/100
|l| for fun happy
|
|switch|p1a: Aegislash|Aegislash, F|100/100|[from]move: U-turn
|move|p2a: Reuniclus|Future Sight|p1a: Aegislash
|-start|p2a: Reuniclus|move: Future Sight
|
|-weather|none
|upkeep
|turn|24
|j| Douglas Dotanuki
|j| shinhow
|j| Avarus Corvus
|
|switch|p2a: Ferrothorn|Ferrothorn, F|100/100
|-formechange|p1a: Aegislash|Aegislash-Blade||[from] ability: Stance Change
|move|p1a: Aegislash|Flash Cannon|p2a: Ferrothorn
|-resisted|p2a: Ferrothorn
|-damage|p2a: Ferrothorn|81/100
|
|-heal|p2a: Ferrothorn|87/100|[from] item: Leftovers
|upkeep
|turn|25
|
|switch|p1a: Pangoro|Pangoro, F, shiny|37/100
|move|p2a: Ferrothorn|Spikes|p1a: Pangoro
|-sidestart|p1: UndercoverVIPlayer|Spikes
|
|-end|p1a: Pangoro|move: Future Sight
|-immune|p1a: Pangoro
|-heal|p2a: Ferrothorn|93/100|[from] item: Leftovers
|upkeep
|turn|26
|j| Ladder clip
|
|switch|p2a: Reuniclus|Reuniclus, M|93/100
|move|p1a: Pangoro|Knock Off|p2a: Reuniclus
|-supereffective|p2a: Reuniclus
|-damage|p2a: Reuniclus|0 fnt
|-enditem|p2a: Reuniclus|Assault Vest|[from] move: Knock Off|[of] p1a: Pangoro
|faint|p2a: Reuniclus
|
|upkeep
|l| Avarus Corvus
|
|switch|p2a: Hydreigon|Hydreigon, M|38/100
|turn|27
|j| Avarus Corvus
|l| Avarus Corvus
|
|switch|p1a: Clefable|Clefable, F|100/100 brn
|move|p2a: Hydreigon|Flash Cannon|p1a: Clefable
|-supereffective|p1a: Clefable
|-damage|p1a: Clefable|46/100 brn
|-damage|p2a: Hydreigon|29/100|[from] item: Life Orb
|
|-heal|p1a: Clefable|52/100 brn|[from] item: Leftovers
|upkeep
|turn|28
|
|move|p2a: Hydreigon|Roost|p2a: Hydreigon
|-heal|p2a: Hydreigon|79/100
|-singleturn|p2a: Hydreigon|move: Roost
|move|p1a: Clefable|Moonblast|p2a: Hydreigon
|-supereffective|p2a: Hydreigon
|-damage|p2a: Hydreigon|0 fnt
|faint|p2a: Hydreigon
|
|-heal|p1a: Clefable|59/100 brn|[from] item: Leftovers
|upkeep
|
|switch|p2a: Clefable|Clefable, M|95/100
|turn|29
|inactive|UndercoverVIPlayer has 120 seconds left.
|
|switch|p1a: Aegislash|Aegislash, F|100/100
|-damage|p1a: Aegislash|88/100|[from] Spikes
|move|p2a: Clefable|Calm Mind|p2a: Clefable
|-boost|p2a: Clefable|spa|1
|-boost|p2a: Clefable|spd|1
|
|-heal|p1a: Aegislash|94/100|[from] item: Leftovers
|upkeep
|turn|30
|
|move|p2a: Clefable|Calm Mind|p2a: Clefable
|-boost|p2a: Clefable|spa|1
|-boost|p2a: Clefable|spd|1
|-formechange|p1a: Aegislash|Aegislash-Blade||[from] ability: Stance Change
|move|p1a: Aegislash|Flash Cannon|p2a: Clefable
|-supereffective|p2a: Clefable
|-damage|p2a: Clefable|48/100
|
|-heal|p1a: Aegislash|100/100|[from] item: Leftovers
|upkeep
|turn|31
|
|move|p2a: Clefable|Soft-Boiled|p2a: Clefable
|-heal|p2a: Clefable|98/100
|move|p1a: Aegislash|Flash Cannon|p2a: Clefable
|-supereffective|p2a: Clefable
|-damage|p2a: Clefable|55/100
|
|upkeep
|turn|32
|
|move|p2a: Clefable|Soft-Boiled|p2a: Clefable
|-heal|p2a: Clefable|100/100
|move|p1a: Aegislash|Flash Cannon|p2a: Clefable
|-supereffective|p2a: Clefable
|-damage|p2a: Clefable|59/100
|
|upkeep
|turn|33
|
|move|p2a: Clefable|Flamethrower|p1a: Aegislash
|-supereffective|p1a: Aegislash
|-damage|p1a: Aegislash|0 fnt
|faint|p1a: Aegislash
|
|upkeep
|
|switch|p1a: Pangoro|Pangoro, F, shiny|37/100
|-damage|p1a: Pangoro|25/100|[from] Spikes
|turn|34
|
|switch|p2a: Ferrothorn|Ferrothorn, F|93/100
|move|p1a: Pangoro|Close Combat|p2a: Ferrothorn
|-supereffective|p2a: Ferrothorn
|-damage|p2a: Ferrothorn|0 fnt
|-unboost|p1a: Pangoro|def|1
|-unboost|p1a: Pangoro|spd|1
|-damage|p1a: Pangoro|12/100|[from] ability: Iron Barbs|[of] p2a: Ferrothorn
|faint|p2a: Ferrothorn
|
|upkeep
|
|switch|p2a: Hippowdon|Hippowdon, M|58/100
|-weather|Sandstorm|[from] ability: Sand Stream|[of] p2a: Hippowdon
|turn|35
|
|move|p1a: Pangoro|Close Combat|p2a: Hippowdon
|-damage|p2a: Hippowdon|6/100
|-unboost|p1a: Pangoro|def|1
|-unboost|p1a: Pangoro|spd|1
|move|p2a: Hippowdon|Slack Off|p2a: Hippowdon
|-heal|p2a: Hippowdon|56/100
|
|-weather|Sandstorm|[upkeep]
|-damage|p1a: Pangoro|6/100|[from] Sandstorm
|-heal|p2a: Hippowdon|62/100|[from] item: Leftovers
|upkeep
|turn|36
|
|switch|p1a: Corviknight|Corviknight, M|89/100
|-ability|p1a: Corviknight|Pressure
|move|p2a: Hippowdon|Slack Off|p2a: Hippowdon
|-heal|p2a: Hippowdon|100/100
|
|-weather|Sandstorm|[upkeep]
|upkeep
|turn|37
|l| zzs is my goddess
|
|move|p1a: Corviknight|Defog|p2a: Hippowdon
|-unboost|p2a: Hippowdon|evasion|1
|-sideend|p1: UndercoverVIPlayer|Spikes|[from] move: Defog|[of] p1a: Corviknight
|move|p2a: Hippowdon|Stealth Rock|p1a: Corviknight
|-sidestart|p1: UndercoverVIPlayer|move: Stealth Rock
|
|-weather|Sandstorm|[upkeep]
|upkeep
|turn|38
|
|move|p1a: Corviknight|Defog|p2a: Hippowdon
|-unboost|p2a: Hippowdon|evasion|1
|-sideend|p1: UndercoverVIPlayer|Stealth Rock|[from] move: Defog|[of] p1a: Corviknight
|move|p2a: Hippowdon|Stealth Rock|p1a: Corviknight
|-sidestart|p1: UndercoverVIPlayer|move: Stealth Rock
|
|-weather|Sandstorm|[upkeep]
|upkeep
|turn|39
|
|move|p1a: Corviknight|Defog|p2a: Hippowdon
|-unboost|p2a: Hippowdon|evasion|1
|-sideend|p1: UndercoverVIPlayer|Stealth Rock|[from] move: Defog|[of] p1a: Corviknight
|move|p2a: Hippowdon|Stealth Rock|p1a: Corviknight
|-sidestart|p1: UndercoverVIPlayer|move: Stealth Rock
|
|-weather|none
|upkeep
|turn|40
|
|switch|p2a: Clefable|Clefable, M|59/100
|move|p1a: Corviknight|Iron Head|p2a: Clefable
|-supereffective|p2a: Clefable
|-damage|p2a: Clefable|13/100
|
|upkeep
|turn|41
|
|move|p2a: Clefable|Soft-Boiled|p2a: Clefable
|-heal|p2a: Clefable|63/100
|move|p1a: Corviknight|Iron Head|p2a: Clefable
|-supereffective|p2a: Clefable
|-damage|p2a: Clefable|18/100
|
|upkeep
|turn|42
|
|move|p2a: Clefable|Soft-Boiled|p2a: Clefable
|-heal|p2a: Clefable|68/100
|move|p1a: Corviknight|Iron Head|p2a: Clefable
|-supereffective|p2a: Clefable
|-damage|p2a: Clefable|26/100
|
|upkeep
|turn|43
|
|move|p2a: Clefable|Soft-Boiled|p2a: Clefable
|-heal|p2a: Clefable|76/100
|move|p1a: Corviknight|Iron Head|p2a: Clefable
|-supereffective|p2a: Clefable
|-damage|p2a: Clefable|32/100
|
|upkeep
|turn|44
|
|move|p2a: Clefable|Soft-Boiled|p2a: Clefable
|-heal|p2a: Clefable|82/100
|move|p1a: Corviknight|Iron Head|p2a: Clefable
|-supereffective|p2a: Clefable
|-damage|p2a: Clefable|41/100
|
|upkeep
|turn|45
|
|move|p2a: Clefable|Soft-Boiled|p2a: Clefable
|-heal|p2a: Clefable|91/100
|move|p1a: Corviknight|Iron Head|p2a: Clefable
|-supereffective|p2a: Clefable
|-damage|p2a: Clefable|45/100
|
|upkeep
|turn|46
|
|move|p2a: Clefable|Soft-Boiled|p2a: Clefable
|-heal|p2a: Clefable|95/100
|move|p1a: Corviknight|Iron Head|p2a: Clefable
|-supereffective|p2a: Clefable
|-damage|p2a: Clefable|49/100
|
|upkeep
|turn|47
|
|switch|p2a: Hippowdon|Hippowdon, M|100/100
|-weather|Sandstorm|[from] ability: Sand Stream|[of] p2a: Hippowdon
|move|p1a: Corviknight|Iron Head|p2a: Hippowdon
|-damage|p2a: Hippowdon|88/100
|
|-weather|Sandstorm|[upkeep]
|-heal|p2a: Hippowdon|94/100|[from] item: Leftovers
|upkeep
|turn|48
|
|move|p1a: Corviknight|Defog|p2a: Hippowdon
|-unboost|p2a: Hippowdon|evasion|1
|-sideend|p1: UndercoverVIPlayer|Stealth Rock|[from] move: Defog|[of] p1a: Corviknight
|move|p2a: Hippowdon|Stealth Rock|p1a: Corviknight
|-sidestart|p1: UndercoverVIPlayer|move: Stealth Rock
|
|-weather|Sandstorm|[upkeep]
|-heal|p2a: Hippowdon|100/100|[from] item: Leftovers
|upkeep
|turn|49
|
|move|p1a: Corviknight|Iron Head|p2a: Hippowdon
|-damage|p2a: Hippowdon|88/100
|move|p2a: Hippowdon|Stealth Rock||[still]
|-fail|p2a: Hippowdon
|
|-weather|Sandstorm|[upkeep]
|-heal|p2a: Hippowdon|95/100|[from] item: Leftovers
|upkeep
|turn|50
|
|move|p1a: Corviknight|Defog|p2a: Hippowdon
|-unboost|p2a: Hippowdon|evasion|1
|-sideend|p1: UndercoverVIPlayer|Stealth Rock|[from] move: Defog|[of] p1a: Corviknight
|move|p2a: Hippowdon|Stealth Rock|p1a: Corviknight
|-sidestart|p1: UndercoverVIPlayer|move: Stealth Rock
|
|-weather|Sandstorm|[upkeep]
|-heal|p2a: Hippowdon|100/100|[from] item: Leftovers
|upkeep
|turn|51
|
|move|p1a: Corviknight|Iron Head|p2a: Hippowdon
|-damage|p2a: Hippowdon|87/100
|move|p2a: Hippowdon|Whirlwind|p1a: Corviknight
|drag|p1a: Kommo-o|Kommo-o, F|100/100
|-damage|p1a: Kommo-o|94/100|[from] Stealth Rock
|
|-weather|none
|-heal|p1a: Kommo-o|100/100|[from] item: Leftovers
|-heal|p2a: Hippowdon|93/100|[from] item: Leftovers
|upkeep
|turn|52
|
|switch|p1a: Corviknight|Corviknight, M|89/100
|-damage|p1a: Corviknight|76/100|[from] Stealth Rock
|-ability|p1a: Corviknight|Pressure
|move|p2a: Hippowdon|Whirlwind|p1a: Corviknight
|drag|p1a: Clefable|Clefable, F|59/100 brn
|
|-heal|p1a: Clefable|65/100 brn|[from] item: Leftovers
|-heal|p2a: Hippowdon|99/100|[from] item: Leftovers
|upkeep
|turn|53
|
|move|p1a: Clefable|Wish|p1a: Clefable
|move|p2a: Hippowdon|Earthquake|p1a: Clefable
|-damage|p1a: Clefable|31/100 brn
|
|-heal|p1a: Clefable|37/100 brn|[from] item: Leftovers
|-heal|p2a: Hippowdon|100/100|[from] item: Leftovers
|upkeep
|turn|54
|
|move|p1a: Clefable|Knock Off|p2a: Hippowdon
|-damage|p2a: Hippowdon|97/100
|-enditem|p2a: Hippowdon|Leftovers|[from] move: Knock Off|[of] p1a: Clefable
|move|p2a: Hippowdon|Whirlwind|p1a: Clefable
|drag|p1a: Dragapult|Dragapult, M|100/100
|-damage|p1a: Dragapult|88/100|[from] Stealth Rock
|
|-heal|p1a: Dragapult|100/100|[from] move: Wish|[wisher] Clefable
|upkeep
|turn|55
|
|move|p1a: Dragapult|Will-O-Wisp|p2a: Hippowdon
|-status|p2a: Hippowdon|brn
|move|p2a: Hippowdon|Whirlwind|p1a: Dragapult
|drag|p1a: Corviknight|Corviknight, M|76/100
|-damage|p1a: Corviknight|64/100|[from] Stealth Rock
|-ability|p1a: Corviknight|Pressure
|
|-damage|p2a: Hippowdon|90/100 brn|[from] brn
|upkeep
|turn|56
|
|move|p1a: Corviknight|Roost|p1a: Corviknight
|-heal|p1a: Corviknight|100/100
|-singleturn|p1a: Corviknight|move: Roost
|move|p2a: Hippowdon|Stealth Rock||[still]
|-fail|p2a: Hippowdon
|
|-damage|p2a: Hippowdon|84/100 brn|[from] brn
|upkeep
|turn|57
|j| Normie Cringe
|
|switch|p2a: Clefable|Clefable, M|49/100
|move|p1a: Corviknight|Iron Head|p2a: Clefable
|-supereffective|p2a: Clefable
|-damage|p2a: Clefable|2/100
|
|upkeep
|turn|58
|
|move|p2a: Clefable|Soft-Boiled|p2a: Clefable
|-heal|p2a: Clefable|52/100
|move|p1a: Corviknight|Defog|p2a: Clefable
|-unboost|p2a: Clefable|evasion|1
|-sideend|p1: UndercoverVIPlayer|Stealth Rock|[from] move: Defog|[of] p1a: Corviknight
|
|upkeep
|turn|59
|
|move|p2a: Clefable|Flamethrower|p1a: Corviknight
|-supereffective|p1a: Corviknight
|-damage|p1a: Corviknight|75/100
|move|p1a: Corviknight|U-turn|p2a: Clefable
|-resisted|p2a: Clefable
|-damage|p2a: Clefable|46/100
|
|switch|p1a: Pangoro|Pangoro, F, shiny|6/100|[from]move: U-turn
|
|upkeep
|turn|60
|l| Ladder clip
|
|move|p1a: Pangoro|Iron Head|p2a: Clefable
|-supereffective|p2a: Clefable
|-damage|p2a: Clefable|0 fnt
|faint|p2a: Clefable
|
|upkeep
|-message|4funaccount forfeited.
|
|win|UndercoverVIPlayer
|l|☆4funaccount
|raw|UndercoverVIPlayer's rating: 1710 &rarr; <strong>1730</strong><br />(+20 for winning)
|raw|4funaccount's rating: 1699 &rarr; <strong>1680</strong><br />(-19 for losing)
|l| Douglas Dotanuki
