|html|<div class="broadcast-blue"><strong>[Gen 8] OU is currently suspecting Melmetal! For information on how to participate check out the <a href="https://www.smogon.com/forums/threads/np-ss-ou-suspect-process-round-12-monster-mash.3709234/">suspect thread</a>.</strong></div>
|j|☆Outd dr orochi
|j|☆cute pink team
|t:|1666599327
|gametype|singles
|player|p1|Outd dr orochi|doctor|1656
|player|p2|cute pink team|misty-gen1|1908
|teamsize|p1|6
|teamsize|p2|6
|gen|8
|tier|[Gen 8] OU
|rated|
|rule|Sleep Clause Mod: Limit one foe put to sleep
|rule|Species Clause: Limit one of each Pokémon
|rule|OHKO Clause: OHKO moves are banned
|rule|Evasion Items Clause: Evasion items are banned
|rule|Evasion Moves Clause: Evasion moves are banned
|rule|Endless Battle Clause: Forcing endless battles is banned
|rule|HP Percentage Mod: HP is shown in percentages
|rule|Dynamax Clause: You cannot dynamax
|clearpoke
|poke|p1|Clefable, F|
|poke|p1|Hippowdon, F|
|poke|p1|Rillaboom, F|
|poke|p1|Melmetal|
|poke|p1|Zapdos|
|poke|p1|Volcanion|
|poke|p2|Blissey, F|
|poke|p2|Toxapex, M|
|poke|p2|Quagsire, M|
|poke|p2|Zapdos|
|poke|p2|Corviknight, F|
|poke|p2|Togekiss, F|
|teampreview
|j| lesamangud
|inactive|Battle timer is ON: inactive players will automatically lose when time's up. (requested by Outd dr orochi)
|
|t:|1666599378
|start
|switch|p1a: Clefable|Clefable, F|100/100
|switch|p2a: Zapdos|Zapdos|100/100
|-ability|p2a: Zapdos|Pressure
|turn|1
|
|t:|1666599388
|move|p2a: Zapdos|Substitute|p2a: Zapdos
|-start|p2a: Zapdos|Substitute
|-damage|p2a: Zapdos|76/100
|move|p1a: Clefable|Moonblast|p2a: Zapdos
|-end|p2a: Zapdos|Substitute
|
|-heal|p2a: Zapdos|82/100|[from] item: Leftovers
|upkeep
|turn|2
|
|t:|1666599413
|switch|p1a: Hippowdon|Hippowdon, F|100/100
|-weather|Sandstorm|[from] ability: Sand Stream|[of] p1a: Hippowdon
|move|p2a: Zapdos|Charge Beam|p1a: Hippowdon
|-immune|p1a: Hippowdon
|
|-weather|Sandstorm|[upkeep]
|-damage|p2a: Zapdos|76/100|[from] Sandstorm
|-heal|p2a: Zapdos|82/100|[from] item: Leftovers
|upkeep
|turn|3
|
|t:|1666599419
|switch|p1a: Melmetal|Melmetal|100/100
|move|p2a: Zapdos|Substitute|p2a: Zapdos
|-start|p2a: Zapdos|Substitute
|-damage|p2a: Zapdos|57/100
|
|-weather|Sandstorm|[upkeep]
|-damage|p2a: Zapdos|51/100|[from] Sandstorm
|-heal|p2a: Zapdos|57/100|[from] item: Leftovers
|upkeep
|turn|4
|
|t:|1666599443
|move|p1a: Melmetal|Protect|p1a: Melmetal
|-singleturn|p1a: Melmetal|Protect
|move|p2a: Zapdos|Roost|p2a: Zapdos
|-heal|p2a: Zapdos|100/100
|-singleturn|p2a: Zapdos|move: Roost
|
|-weather|Sandstorm|[upkeep]
|-damage|p2a: Zapdos|94/100|[from] Sandstorm
|-heal|p2a: Zapdos|100/100|[from] item: Leftovers
|upkeep
|turn|5
|
|t:|1666599456
|switch|p1a: Hippowdon|Hippowdon, F|100/100
|move|p2a: Zapdos|Charge Beam|p1a: Hippowdon
|-immune|p1a: Hippowdon
|
|-weather|Sandstorm|[upkeep]
|-damage|p2a: Zapdos|94/100|[from] Sandstorm
|-heal|p2a: Zapdos|100/100|[from] item: Leftovers
|upkeep
|turn|6
|j| ISimpForNessa
|
|t:|1666599476
|move|p2a: Zapdos|Hurricane|p1a: Hippowdon|[miss]
|-miss|p2a: Zapdos|p1a: Hippowdon
|move|p1a: Hippowdon|Stealth Rock|p2a: Zapdos
|-sidestart|p2: cute pink team|move: Stealth Rock
|
|-weather|none
|upkeep
|turn|7
|
|t:|1666599481
|switch|p1a: Melmetal|Melmetal|100/100
|move|p2a: Zapdos|Hurricane|p1a: Melmetal
|-resisted|p1a: Melmetal
|-damage|p1a: Melmetal|72/100
|
|-heal|p1a: Melmetal|78/100|[from] item: Leftovers
|upkeep
|turn|8
|
|t:|1666599485
|move|p1a: Melmetal|Protect|p1a: Melmetal
|-singleturn|p1a: Melmetal|Protect
|move|p2a: Zapdos|Substitute|p2a: Zapdos
|-fail|p2a: Zapdos|move: Substitute
|
|-heal|p1a: Melmetal|84/100|[from] item: Leftovers
|upkeep
|turn|9
|
|t:|1666599488
|switch|p1a: Hippowdon|Hippowdon, F|100/100
|-weather|Sandstorm|[from] ability: Sand Stream|[of] p1a: Hippowdon
|move|p2a: Zapdos|Hurricane|p1a: Hippowdon
|-damage|p1a: Hippowdon|55/100
|
|-weather|Sandstorm|[upkeep]
|-damage|p2a: Zapdos|94/100|[from] Sandstorm
|-heal|p2a: Zapdos|100/100|[from] item: Leftovers
|-heal|p1a: Hippowdon|61/100|[from] item: Leftovers
|upkeep
|turn|10
|
|t:|1666599494
|move|p2a: Zapdos|Hurricane|p1a: Hippowdon
|-damage|p1a: Hippowdon|16/100
|-start|p1a: Hippowdon|confusion
|-activate|p1a: Hippowdon|confusion
|move|p1a: Hippowdon|Slack Off|p1a: Hippowdon
|-heal|p1a: Hippowdon|66/100
|
|-weather|Sandstorm|[upkeep]
|-damage|p2a: Zapdos|94/100|[from] Sandstorm
|-heal|p2a: Zapdos|100/100|[from] item: Leftovers
|-heal|p1a: Hippowdon|72/100|[from] item: Leftovers
|upkeep
|turn|11
|
|t:|1666599500
|move|p2a: Zapdos|Hurricane|p1a: Hippowdon|[miss]
|-miss|p2a: Zapdos|p1a: Hippowdon
|-end|p1a: Hippowdon|confusion
|move|p1a: Hippowdon|Slack Off|p1a: Hippowdon
|-heal|p1a: Hippowdon|100/100
|
|-weather|Sandstorm|[upkeep]
|-damage|p2a: Zapdos|94/100|[from] Sandstorm
|-heal|p2a: Zapdos|100/100|[from] item: Leftovers
|upkeep
|turn|12
|
|t:|1666599514
|move|p2a: Zapdos|Hurricane|p1a: Hippowdon
|-damage|p1a: Hippowdon|55/100
|-start|p1a: Hippowdon|confusion
|-activate|p1a: Hippowdon|confusion
|-damage|p1a: Hippowdon|46/100|[from] confusion
|
|-weather|Sandstorm|[upkeep]
|-damage|p2a: Zapdos|94/100|[from] Sandstorm
|-heal|p2a: Zapdos|100/100|[from] item: Leftovers
|-heal|p1a: Hippowdon|53/100|[from] item: Leftovers
|upkeep
|turn|13
|
|t:|1666599529
|move|p2a: Zapdos|Hurricane|p1a: Hippowdon
|-damage|p1a: Hippowdon|5/100
|-activate|p1a: Hippowdon|confusion
|move|p1a: Hippowdon|Slack Off|p1a: Hippowdon
|-heal|p1a: Hippowdon|55/100
|
|-weather|none
|-heal|p1a: Hippowdon|61/100|[from] item: Leftovers
|upkeep
|turn|14
|
|t:|1666599536
|move|p2a: Zapdos|Hurricane|p1a: Hippowdon|[miss]
|-miss|p2a: Zapdos|p1a: Hippowdon
|-activate|p1a: Hippowdon|confusion
|move|p1a: Hippowdon|Slack Off|p1a: Hippowdon
|-heal|p1a: Hippowdon|100/100
|
|upkeep
|turn|15
|
|t:|1666599545
|switch|p1a: Zapdos|Zapdos|100/100
|move|p2a: Zapdos|Hurricane|p1a: Zapdos
|-resisted|p1a: Zapdos
|-damage|p1a: Zapdos|69/100
|
|upkeep
|turn|16
|
|t:|1666599551
|switch|p1a: Hippowdon|Hippowdon, F|100/100
|-weather|Sandstorm|[from] ability: Sand Stream|[of] p1a: Hippowdon
|move|p2a: Zapdos|Hurricane|p1a: Hippowdon
|-damage|p1a: Hippowdon|55/100
|-start|p1a: Hippowdon|confusion
|
|-weather|Sandstorm|[upkeep]
|-damage|p2a: Zapdos|94/100|[from] Sandstorm
|-heal|p2a: Zapdos|100/100|[from] item: Leftovers
|-heal|p1a: Hippowdon|61/100|[from] item: Leftovers
|upkeep
|turn|17
|
|t:|1666599560
|move|p2a: Zapdos|Hurricane|p1a: Hippowdon|[miss]
|-miss|p2a: Zapdos|p1a: Hippowdon
|-activate|p1a: Hippowdon|confusion
|move|p1a: Hippowdon|Slack Off|p1a: Hippowdon
|-heal|p1a: Hippowdon|100/100
|
|-weather|Sandstorm|[upkeep]
|-damage|p2a: Zapdos|94/100|[from] Sandstorm
|-heal|p2a: Zapdos|100/100|[from] item: Leftovers
|upkeep
|turn|18
|
|t:|1666599570
|switch|p1a: Melmetal|Melmetal|84/100
|move|p2a: Zapdos|Hurricane|p1a: Melmetal|[miss]
|-miss|p2a: Zapdos|p1a: Melmetal
|
|-weather|Sandstorm|[upkeep]
|-damage|p2a: Zapdos|94/100|[from] Sandstorm
|-heal|p2a: Zapdos|100/100|[from] item: Leftovers
|-heal|p1a: Melmetal|90/100|[from] item: Leftovers
|upkeep
|turn|19
|
|t:|1666599575
|move|p1a: Melmetal|Protect|p1a: Melmetal
|-singleturn|p1a: Melmetal|Protect
|move|p2a: Zapdos|Charge Beam|p1a: Melmetal
|-activate|p1a: Melmetal|move: Protect
|
|-weather|Sandstorm|[upkeep]
|-damage|p2a: Zapdos|94/100|[from] Sandstorm
|-heal|p2a: Zapdos|100/100|[from] item: Leftovers
|-heal|p1a: Melmetal|97/100|[from] item: Leftovers
|upkeep
|turn|20
|
|t:|1666599578
|switch|p1a: Hippowdon|Hippowdon, F|100/100
|move|p2a: Zapdos|Hurricane|p1a: Hippowdon|[miss]
|-miss|p2a: Zapdos|p1a: Hippowdon
|
|-weather|none
|upkeep
|turn|21
|
|t:|1666599595
|move|p2a: Zapdos|Substitute|p2a: Zapdos
|-fail|p2a: Zapdos|move: Substitute
|move|p1a: Hippowdon|Toxic||[still]
|-fail|p1a: Hippowdon
|
|upkeep
|turn|22
|inactive|cute pink team has 120 seconds left.
|
|t:|1666599627
|move|p2a: Zapdos|Hurricane|p1a: Hippowdon
|-damage|p1a: Hippowdon|56/100
|move|p1a: Hippowdon|Stealth Rock||[still]
|-fail|p1a: Hippowdon
|
|-heal|p1a: Hippowdon|62/100|[from] item: Leftovers
|upkeep
|turn|23
|
|t:|1666599631
|move|p2a: Zapdos|Hurricane|p1a: Hippowdon|[miss]
|-miss|p2a: Zapdos|p1a: Hippowdon
|move|p1a: Hippowdon|Slack Off|p1a: Hippowdon
|-heal|p1a: Hippowdon|100/100
|
|upkeep
|turn|24
|
|t:|1666599633
|move|p2a: Zapdos|Hurricane|p1a: Hippowdon
|-damage|p1a: Hippowdon|60/100
|-start|p1a: Hippowdon|confusion
|-activate|p1a: Hippowdon|confusion
|-damage|p1a: Hippowdon|52/100|[from] confusion
|
|-heal|p1a: Hippowdon|58/100|[from] item: Leftovers
|upkeep
|turn|25
|
|t:|1666599636
|switch|p2a: Corviknight|Corviknight, F|100/100
|-damage|p2a: Corviknight|88/100|[from] Stealth Rock
|-ability|p2a: Corviknight|Pressure
|-activate|p1a: Hippowdon|confusion
|move|p1a: Hippowdon|Slack Off|p1a: Hippowdon
|-heal|p1a: Hippowdon|100/100
|
|-heal|p2a: Corviknight|94/100|[from] item: Leftovers
|upkeep
|turn|26
|j| cypherstest
|
|t:|1666599649
|switch|p1a: Clefable|Clefable, F|100/100
|move|p2a: Corviknight|Defog|p1a: Clefable
|-unboost|p1a: Clefable|evasion|1
|-sideend|p2: cute pink team|Stealth Rock|[from] move: Defog|[of] p2a: Corviknight
|
|-heal|p2a: Corviknight|100/100|[from] item: Leftovers
|upkeep
|turn|27
|
|t:|1666599657
|switch|p2a: Blissey|Blissey, F|100/100
|switch|p1a: Volcanion|Volcanion|100/100
|
|upkeep
|turn|28
|
|t:|1666599666
|switch|p1a: Melmetal|Melmetal|97/100
|move|p2a: Blissey|Stealth Rock|p1a: Melmetal
|-sidestart|p1: Outd dr orochi|move: Stealth Rock
|
|-heal|p1a: Melmetal|100/100|[from] item: Leftovers
|upkeep
|turn|29
|
|t:|1666599682
|switch|p2a: Toxapex|Toxapex, M|100/100
|switch|p1a: Zapdos|Zapdos|69/100
|
|upkeep
|turn|30
|
|t:|1666599688
|move|p2a: Toxapex|Baneful Bunker|p2a: Toxapex
|-singleturn|p2a: Toxapex|move: Protect
|move|p1a: Zapdos|Volt Switch|p2a: Toxapex
|-activate|p2a: Toxapex|move: Protect
|
|upkeep
|turn|31
|
|t:|1666599691
|switch|p2a: Quagsire|Quagsire, M|100/100
|move|p1a: Zapdos|Volt Switch|p2a: Quagsire
|-immune|p2a: Quagsire
|
|upkeep
|turn|32
|
|t:|1666599696
|switch|p1a: Clefable|Clefable, F|100/100
|move|p2a: Quagsire|Toxic|p1a: Clefable
|-status|p1a: Clefable|tox
|
|upkeep
|turn|33
|
|t:|1666599714
|switch|p1a: Rillaboom|Rillaboom, F|100/100
|-damage|p1a: Rillaboom|88/100|[from] Stealth Rock
|-fieldstart|move: Grassy Terrain|[from] ability: Grassy Surge|[of] p1a: Rillaboom
|switch|p2a: Toxapex|Toxapex, M|100/100
|
|-heal|p1a: Rillaboom|94/100|[from] Grassy Terrain
|-heal|p1a: Rillaboom|100/100|[from] item: Leftovers
|upkeep
|turn|34
|
|t:|1666599733
|move|p1a: Rillaboom|Swords Dance|p1a: Rillaboom
|-boost|p1a: Rillaboom|atk|2
|move|p2a: Toxapex|Toxic Spikes|p1a: Rillaboom
|-sidestart|p1: Outd dr orochi|move: Toxic Spikes
|
|upkeep
|turn|35
|
|t:|1666599747
|move|p2a: Toxapex|Baneful Bunker|p2a: Toxapex
|-singleturn|p2a: Toxapex|move: Protect
|move|p1a: Rillaboom|Swords Dance|p1a: Rillaboom
|-boost|p1a: Rillaboom|atk|2
|
|upkeep
|turn|36
|
|t:|1666599752
|move|p2a: Toxapex|Baneful Bunker|p2a: Toxapex
|-singleturn|p2a: Toxapex|move: Protect
|move|p1a: Rillaboom|Knock Off|p2a: Toxapex
|-activate|p2a: Toxapex|move: Protect
|-status|p1a: Rillaboom|psn
|
|-damage|p1a: Rillaboom|88/100 psn|[from] psn
|upkeep
|turn|37
|
|t:|1666599763
|switch|p2a: Zapdos|Zapdos|100/100
|-ability|p2a: Zapdos|Pressure
|move|p1a: Rillaboom|Knock Off|p2a: Zapdos
|-damage|p2a: Zapdos|0 fnt
|-enditem|p2a: Zapdos|Leftovers|[from] move: Knock Off|[of] p1a: Rillaboom
|faint|p2a: Zapdos
|
|-heal|p1a: Rillaboom|94/100 psn|[from] Grassy Terrain
|-heal|p1a: Rillaboom|100/100 psn|[from] item: Leftovers
|-damage|p1a: Rillaboom|88/100 psn|[from] psn
|-fieldend|move: Grassy Terrain
|upkeep
|
|t:|1666599765
|switch|p2a: Togekiss|Togekiss, F|100/100
|turn|38
|
|t:|1666599777
|switch|p1a: Zapdos|Zapdos|69/100
|move|p2a: Togekiss|Nasty Plot|p2a: Togekiss
|-boost|p2a: Togekiss|spa|2
|
|upkeep
|turn|39
|
|t:|1666599780
|move|p1a: Zapdos|Volt Switch|p2a: Togekiss
|-supereffective|p2a: Togekiss
|-damage|p2a: Togekiss|50/100
|
|t:|1666599796
|switch|p1a: Volcanion|Volcanion|100/100|[from]move: Volt Switch
|move|p2a: Togekiss|Dazzling Gleam|p1a: Volcanion
|-resisted|p1a: Volcanion
|-damage|p1a: Volcanion|51/100
|
|-heal|p2a: Togekiss|56/100|[from] item: Leftovers
|upkeep
|turn|40
|
|t:|1666599801
|move|p1a: Volcanion|Sludge Wave|p2a: Togekiss
|-supereffective|p2a: Togekiss
|-crit|p2a: Togekiss
|-damage|p2a: Togekiss|0 fnt
|faint|p2a: Togekiss
|
|upkeep
|
|t:|1666599810
|switch|p2a: Blissey|Blissey, F|100/100
|turn|41
|
|t:|1666599815
|switch|p1a: Zapdos|Zapdos|69/100
|move|p2a: Blissey|Seismic Toss|p1a: Zapdos
|-damage|p1a: Zapdos|43/100
|-status|p2a: Blissey|par|[from] ability: Static|[of] p1a: Zapdos
|
|upkeep
|turn|42
|
|t:|1666599840
|move|p1a: Zapdos|Defog|p2a: Blissey
|-unboost|p2a: Blissey|evasion|1
|-sideend|p1: Outd dr orochi|Toxic Spikes|[from] move: Defog|[of] p1a: Zapdos
|-sideend|p1: Outd dr orochi|Stealth Rock|[from] move: Defog|[of] p1a: Zapdos
|move|p2a: Blissey|Toxic|p1a: Zapdos
|-status|p1a: Zapdos|tox
|
|-damage|p1a: Zapdos|37/100 tox|[from] psn
|upkeep
|turn|43
|
|t:|1666599850
|move|p1a: Zapdos|Roost|p1a: Zapdos
|-heal|p1a: Zapdos|87/100 tox
|-singleturn|p1a: Zapdos|move: Roost
|move|p2a: Blissey|Stealth Rock|p1a: Zapdos
|-sidestart|p1: Outd dr orochi|move: Stealth Rock
|
|-damage|p1a: Zapdos|75/100 tox|[from] psn
|upkeep
|turn|44
|inactive|Outd dr orochi has 120 seconds left.
|
|t:|1666599880
|move|p1a: Zapdos|Volt Switch|p2a: Blissey
|-damage|p2a: Blissey|91/100 par
|inactive|Outd dr orochi has 120 seconds left.
|l| lesamangud
|
|t:|1666599902
|switch|p1a: Rillaboom|Rillaboom, F|88/100 psn|[from]move: Volt Switch
|-damage|p1a: Rillaboom|76/100 psn|[from] Stealth Rock
|-fieldstart|move: Grassy Terrain|[from] ability: Grassy Surge|[of] p1a: Rillaboom
|cant|p2a: Blissey|par
|
|-heal|p1a: Rillaboom|82/100 psn|[from] Grassy Terrain
|-heal|p1a: Rillaboom|88/100 psn|[from] item: Leftovers
|-heal|p2a: Blissey|97/100 par|[from] Grassy Terrain
|-damage|p1a: Rillaboom|76/100 psn|[from] psn
|upkeep
|turn|45
|inactive|cute pink team has 120 seconds left.
|
|t:|1666599945
|-curestatus|p2a: Blissey|par|[from] ability: Natural Cure
|switch|p2a: Corviknight|Corviknight, F|100/100
|-ability|p2a: Corviknight|Pressure
|move|p1a: Rillaboom|Swords Dance|p1a: Rillaboom
|-boost|p1a: Rillaboom|atk|2
|
|-heal|p1a: Rillaboom|82/100 psn|[from] Grassy Terrain
|-heal|p1a: Rillaboom|88/100 psn|[from] item: Leftovers
|-damage|p1a: Rillaboom|76/100 psn|[from] psn
|upkeep
|turn|46
|
|t:|1666599954
|move|p1a: Rillaboom|Knock Off|p2a: Corviknight
|-damage|p2a: Corviknight|46/100
|-enditem|p2a: Corviknight|Leftovers|[from] move: Knock Off|[of] p1a: Rillaboom
|move|p2a: Corviknight|Brave Bird|p1a: Rillaboom
|-supereffective|p1a: Rillaboom
|-damage|p1a: Rillaboom|5/100 psn
|-damage|p2a: Corviknight|23/100|[from] Recoil
|
|-heal|p1a: Rillaboom|12/100 psn|[from] Grassy Terrain
|-heal|p1a: Rillaboom|18/100 psn|[from] item: Leftovers
|-damage|p1a: Rillaboom|5/100 psn|[from] psn
|upkeep
|turn|47
|inactive|Outd dr orochi has 120 seconds left.
|inactive|cute pink team has 120 seconds left.
|
|t:|1666599970
|switch|p2a: Toxapex|Toxapex, M|100/100
|move|p1a: Rillaboom|Drain Punch|p2a: Toxapex
|-resisted|p2a: Toxapex
|-damage|p2a: Toxapex|85/100
|-heal|p1a: Rillaboom|11/100 psn|[from] drain|[of] p2a: Toxapex
|
|-heal|p1a: Rillaboom|18/100 psn|[from] Grassy Terrain
|-heal|p1a: Rillaboom|24/100 psn|[from] item: Leftovers
|-heal|p2a: Toxapex|91/100|[from] Grassy Terrain
|-heal|p2a: Toxapex|97/100|[from] item: Black Sludge
|-damage|p1a: Rillaboom|11/100 psn|[from] psn
|upkeep
|turn|48
|inactive|Outd dr orochi has 120 seconds left.
|inactive|cute pink team has 120 seconds left.
|inactive|Outd dr orochi has 90 seconds left.
|
|t:|1666600006
|switch|p1a: Zapdos|Zapdos|75/100 tox
|move|p2a: Toxapex|Toxic Spikes|p1a: Zapdos
|-sidestart|p1: Outd dr orochi|move: Toxic Spikes
|
|-heal|p2a: Toxapex|100/100|[from] Grassy Terrain
|-damage|p1a: Zapdos|69/100 tox|[from] psn
|-fieldend|move: Grassy Terrain
|upkeep
|turn|49
|inactive|Outd dr orochi has 90 seconds left.
|inactive|cute pink team has 120 seconds left.
|
|t:|1666600037
|switch|p2a: Blissey|Blissey, F|97/100
|move|p1a: Zapdos|Defog|p2a: Blissey
|-unboost|p2a: Blissey|evasion|1
|-sideend|p1: Outd dr orochi|Toxic Spikes|[from] move: Defog|[of] p1a: Zapdos
|-sideend|p1: Outd dr orochi|Stealth Rock|[from] move: Defog|[of] p1a: Zapdos
|
|-damage|p1a: Zapdos|57/100 tox|[from] psn
|upkeep
|turn|50
|
|t:|1666600044
|move|p1a: Zapdos|Volt Switch|p2a: Blissey
|-damage|p2a: Blissey|88/100
|
|t:|1666600049
|switch|p1a: Melmetal|Melmetal|100/100|[from]move: Volt Switch
|move|p2a: Blissey|Stealth Rock|p1a: Melmetal
|-sidestart|p1: Outd dr orochi|move: Stealth Rock
|
|upkeep
|turn|51
|inactive|cute pink team has 120 seconds left.
|
|t:|1666600064
|switch|p2a: Toxapex|Toxapex, M|100/100
|move|p1a: Melmetal|Double Iron Bash|p2a: Toxapex
|-resisted|p2a: Toxapex
|-damage|p2a: Toxapex|87/100
|-resisted|p2a: Toxapex
|-damage|p2a: Toxapex|73/100
|-hitcount|p2a: Toxapex|2
|
|-heal|p2a: Toxapex|79/100|[from] item: Black Sludge
|upkeep
|turn|52
|inactive|Outd dr orochi has 90 seconds left.
|
|t:|1666600091
|switch|p1a: Clefable|Clefable, F|100/100 tox
|move|p2a: Toxapex|Scald|p1a: Clefable
|-damage|p1a: Clefable|85/100 tox
|
|-heal|p2a: Toxapex|85/100|[from] item: Black Sludge
|upkeep
|turn|53
|inactive|Outd dr orochi has 90 seconds left.
|inactive|cute pink team has 120 seconds left.
|-message|cute pink team forfeited.
|
|win|Outd dr orochi
|raw|Outd dr orochi's rating: 1656 &rarr; <strong>1688</strong><br />(+32 for winning)
|raw|cute pink team's rating: 1889 &rarr; <strong>1857</strong><br />(-32 for losing)
|l|☆cute pink team
|c|☆Outd dr orochi|gg
