|j|☆minimax_ai
|j|☆iopkj09
|t:|1665069138
|gametype|singles
|player|p1|minimax_ai|lusamine-nihilego|1636
|player|p2|iopkj09|nate|1678
|teamsize|p1|6
|teamsize|p2|6
|gen|8
|tier|[Gen 8] OU
|rated|
|rule|Sleep Clause Mod: Limit one foe put to sleep
|rule|Species Clause: Limit one of each Pokémon
|rule|OHKO Clause: OHKO moves are banned
|rule|Evasion Items Clause: Evasion items are banned
|rule|Evasion Moves Clause: Evasion moves are banned
|rule|Endless Battle Clause: Forcing endless battles is banned
|rule|HP Percentage Mod: HP is shown in percentages
|rule|Dynamax Clause: You cannot dynamax
|clearpoke
|poke|p1|Rotom-Wash|
|poke|p1|Weavile, M|
|poke|p1|Landorus-Therian, M|
|poke|p1|Heatran, M|
|poke|p1|Tangrowth, M|
|poke|p1|Melmetal|
|poke|p2|Garchomp, M|
|poke|p2|Zapdos|
|poke|p2|Rillaboom, M|
|poke|p2|Tapu Lele|
|poke|p2|Volcanion|
|poke|p2|Weavile, F|
|teampreview
|inactive|Battle timer is ON: inactive players will automatically lose when time's up. (requested by iopkj09)
|c|☆minimax_ai|hf
|inactive|minimax_ai also wants the timer to be on.
|
|t:|1665069146
|start
|switch|p1a: Melmetal|Melmetal|100/100
|switch|p2a: Weavile|Weavile, F|100/100
|-ability|p2a: Weavile|Pressure
|turn|1
|
|t:|1665069150
|switch|p2a: Volcanion|Volcanion|100/100
|move|p1a: Melmetal|Double Iron Bash|p2a: Volcanion
|-resisted|p2a: Volcanion
|-damage|p2a: Volcanion|93/100
|-resisted|p2a: Volcanion
|-damage|p2a: Volcanion|87/100
|-hitcount|p2a: Volcanion|2
|
|upkeep
|turn|2
|
|t:|1665069157
|switch|p1a: rotomwash|Rotom-Wash|100/100
|move|p2a: Volcanion|Steam Eruption|p1a: rotomwash
|-resisted|p1a: rotomwash
|-damage|p1a: rotomwash|72/100
|-status|p1a: rotomwash|brn
|
|-heal|p1a: rotomwash|78/100 brn|[from] item: Leftovers
|-damage|p1a: rotomwash|72/100 brn|[from] brn
|upkeep
|turn|3
|
|t:|1665069166
|move|p1a: rotomwash|Thunderbolt|p2a: Volcanion
|-supereffective|p2a: Volcanion
|-damage|p2a: Volcanion|46/100
|-status|p2a: Volcanion|par
|cant|p2a: Volcanion|par
|
|-heal|p1a: rotomwash|78/100 brn|[from] item: Leftovers
|-damage|p1a: rotomwash|72/100 brn|[from] brn
|upkeep
|turn|4
|
|t:|1665069169
|move|p1a: rotomwash|Thunderbolt|p2a: Volcanion
|-supereffective|p2a: Volcanion
|-damage|p2a: Volcanion|7/100 par
|cant|p2a: Volcanion|par
|
|-heal|p1a: rotomwash|78/100 brn|[from] item: Leftovers
|-damage|p1a: rotomwash|72/100 brn|[from] brn
|upkeep
|turn|5
|
|t:|1665069171
|move|p1a: rotomwash|Thunderbolt|p2a: Volcanion
|-supereffective|p2a: Volcanion
|-damage|p2a: Volcanion|0 fnt
|faint|p2a: Volcanion
|
|-heal|p1a: rotomwash|78/100 brn|[from] item: Leftovers
|-damage|p1a: rotomwash|72/100 brn|[from] brn
|upkeep
|
|t:|1665069173
|switch|p2a: Weavile|Weavile, F|100/100
|-ability|p2a: Weavile|Pressure
|turn|6
|
|t:|1665069175
|move|p2a: Weavile|Swords Dance|p2a: Weavile
|-boost|p2a: Weavile|atk|2
|move|p1a: rotomwash|Hydro Pump|p2a: Weavile|[miss]
|-miss|p1a: rotomwash|p2a: Weavile
|
|-heal|p1a: rotomwash|78/100 brn|[from] item: Leftovers
|-damage|p1a: rotomwash|72/100 brn|[from] brn
|upkeep
|turn|7
|
|t:|1665069177
|switch|p1a: Melmetal|Melmetal|100/100
|move|p2a: Weavile|Knock Off|p1a: Melmetal
|-crit|p1a: Melmetal
|-damage|p1a: Melmetal|16/100
|-enditem|p1a: Melmetal|Assault Vest|[from] move: Knock Off|[of] p2a: Weavile
|
|upkeep
|turn|8
|
|t:|1665069180
|move|p2a: Weavile|Knock Off|p1a: Melmetal
|-damage|p1a: Melmetal|0 fnt
|faint|p1a: Melmetal
|
|upkeep
|
|t:|1665069180
|switch|p1a: Heatran|Heatran, M|100/100
|-item|p1a: Heatran|Air Balloon
|turn|9
|
|t:|1665069183
|move|p2a: Weavile|Low Kick|p1a: Heatran
|-supereffective|p1a: Heatran
|-damage|p1a: Heatran|0 fnt
|-enditem|p1a: Heatran|Air Balloon
|faint|p1a: Heatran
|
|upkeep
|
|t:|1665069183
|switch|p1a: Tangrowth|Tangrowth, M|100/100
|turn|10
|
|t:|1665069187
|move|p2a: Weavile|Knock Off|p1a: Tangrowth
|-damage|p1a: Tangrowth|54/100
|-damage|p2a: Weavile|84/100|[from] item: Rocky Helmet|[of] p1a: Tangrowth
|-enditem|p1a: Tangrowth|Rocky Helmet|[from] move: Knock Off|[of] p2a: Weavile
|move|p1a: Tangrowth|Focus Blast|p2a: Weavile
|-supereffective|p2a: Weavile
|-damage|p2a: Weavile|0 fnt
|faint|p2a: Weavile
|
|upkeep
|
|t:|1665069192
|switch|p2a: Zapdos|Zapdos, shiny|100/100
|turn|11
|
|t:|1665069194
|switch|p1a: landorustherian|Landorus-Therian, M|100/100
|-ability|p1a: landorustherian|Intimidate|boost
|-unboost|p2a: Zapdos|atk|1
|move|p2a: Zapdos|Heat Wave|p1a: landorustherian
|-damage|p1a: landorustherian|76/100
|
|-heal|p1a: landorustherian|82/100|[from] item: Leftovers
|upkeep
|turn|12
|
|t:|1665069196
|move|p2a: Zapdos|Hurricane|p1a: landorustherian
|-damage|p1a: landorustherian|40/100
|move|p1a: landorustherian|U-turn|p2a: Zapdos
|-resisted|p2a: Zapdos
|-damage|p2a: Zapdos|87/100
|-status|p1a: landorustherian|par|[from] ability: Static|[of] p2a: Zapdos
|
|t:|1665069196
|switch|p1a: Weavile|Weavile, M|100/100|[from]move: U-turn
|-ability|p1a: Weavile|Pressure
|
|upkeep
|turn|13
|
|t:|1665069203
|move|p1a: Weavile|Triple Axel|p2a: Zapdos
|-supereffective|p2a: Zapdos
|-damage|p2a: Zapdos|52/100
|-status|p1a: Weavile|par|[from] ability: Static|[of] p2a: Zapdos
|-supereffective|p2a: Zapdos
|-damage|p2a: Zapdos|0 fnt
|faint|p2a: Zapdos
|-hitcount|p2: Zapdos|2
|
|upkeep
|
|t:|1665069206
|switch|p2a: Tapu Lele|Tapu Lele|100/100
|-fieldstart|move: Psychic Terrain|[from] ability: Psychic Surge|[of] p2a: Tapu Lele
|turn|14
|
|t:|1665069207
|switch|p1a: landorustherian|Landorus-Therian, M|40/100 par
|-ability|p1a: landorustherian|Intimidate|boost
|-unboost|p2a: Tapu Lele|atk|1
|move|p2a: Tapu Lele|Moonblast|p1a: landorustherian
|-damage|p1a: landorustherian|0 fnt
|faint|p1a: landorustherian
|
|upkeep
|
|t:|1665069207
|switch|p1a: Tangrowth|Tangrowth, M|87/100
|turn|15
|
|t:|1665069209
|switch|p1a: rotomwash|Rotom-Wash|72/100 brn
|move|p2a: Tapu Lele|Moonblast|p1a: rotomwash
|-damage|p1a: rotomwash|0 fnt
|faint|p1a: rotomwash
|
|upkeep
|
|t:|1665069209
|switch|p1a: Tangrowth|Tangrowth, M|100/100
|turn|16
|
|t:|1665069211
|switch|p1a: Weavile|Weavile, M|100/100 par
|-ability|p1a: Weavile|Pressure
|move|p2a: Tapu Lele|Moonblast|p1a: Weavile
|-supereffective|p1a: Weavile
|-damage|p1a: Weavile|0 fnt
|faint|p1a: Weavile
|
|upkeep
|
|t:|1665069212
|switch|p1a: Tangrowth|Tangrowth, M|100/100
|turn|17
|
|t:|1665069214
|move|p2a: Tapu Lele|Moonblast|p1a: Tangrowth
|-damage|p1a: Tangrowth|0 fnt
|faint|p1a: Tangrowth
|
|win|iopkj09
|raw|minimax_ai's rating: 1636 &rarr; <strong>1618</strong><br />(-18 for losing)
|raw|iopkj09's rating: 1678 &rarr; <strong>1696</strong><br />(+18 for winning)
|c|☆minimax_ai|gg
