|j|☆LT93OQ Gray
|j|☆Commando 55
|t:|1660857760
|gametype|singles
|player|p1|LT93OQ Gray|169|1912
|player|p2|Commando 55|170|1828
|teamsize|p1|6
|teamsize|p2|6
|gen|8
|tier|[Gen 8] OU
|rated|
|rule|Sleep Clause Mod: Limit one foe put to sleep
|rule|Species Clause: Limit one of each Pokémon
|rule|OHKO Clause: OHKO moves are banned
|rule|Evasion Items Clause: Evasion items are banned
|rule|Evasion Moves Clause: Evasion moves are banned
|rule|Endless Battle Clause: Forcing endless battles is banned
|rule|HP Percentage Mod: HP is shown in percentages
|rule|Dynamax Clause: You cannot dynamax
|clearpoke
|poke|p1|Dragapult, M|
|poke|p1|Heatran, F|
|poke|p1|Tapu Lele|
|poke|p1|Melmetal|
|poke|p1|Landorus-Therian, M|
|poke|p1|Tapu Fini|
|poke|p2|Torkoal, F|
|poke|p2|Victini|
|poke|p2|Heatran, M|
|poke|p2|Umbreon, F|
|poke|p2|Dragonite, F|
|poke|p2|Blissey, F|
|teampreview
|
|t:|1660857778
|start
|switch|p1a: Heatran|Heatran, F|100/100
|switch|p2a: Blissey|Blissey, F|100/100
|-item|p1a: Heatran|Air Balloon
|turn|1
|inactive|Battle timer is ON: inactive players will automatically lose when time's up. (requested by Commando 55)
|j| Blop_Le_Slime
|
|t:|1660857792
|switch|p2a: Victini|Victini|100/100
|move|p1a: Heatran|Magma Storm|p2a: Victini
|-resisted|p2a: Victini
|-crit|p2a: Victini
|-damage|p2a: Victini|67/100
|-activate|p2a: Victini|move: Magma Storm|[of] p1a: Heatran
|
|-damage|p2a: Victini|54/100|[from] move: Magma Storm|[partiallytrapped]
|upkeep
|turn|2
|l| Blop_Le_Slime
|
|t:|1660857798
|move|p2a: Victini|V-create|p1a: Heatran
|-damage|p1a: Heatran|6/100
|-unboost|p2a: Victini|spe|1
|-unboost|p2a: Victini|def|1
|-unboost|p2a: Victini|spd|1
|-enditem|p1a: Heatran|Air Balloon
|move|p1a: Heatran|Earth Power|p2a: Victini
|-supereffective|p2a: Victini
|-damage|p2a: Victini|0 fnt
|faint|p2a: Victini
|
|upkeep
|j| iloupti
|j| LT93OQ Limit
|l| LT93OQ Limit
|inactive|Commando 55 has 120 seconds left.
|
|t:|1660857830
|switch|p2a: Heatran|Heatran, M|100/100
|turn|3
|
|t:|1660857838
|move|p2a: Heatran|Eruption|p1a: Heatran
|-damage|p1a: Heatran|0 fnt
|faint|p1a: Heatran
|
|upkeep
|j| fatass cat
|
|t:|1660857851
|switch|p1a: Tapu Fini|Tapu Fini|100/100
|-fieldstart|move: Misty Terrain|[from] ability: Misty Surge|[of] p1a: Tapu Fini
|turn|4
|
|t:|1660857854
|switch|p2a: Torkoal|Torkoal, F|100/100
|-weather|SunnyDay|[from] ability: Drought|[of] p2a: Torkoal
|move|p1a: Tapu Fini|Trick|p2a: Torkoal
|-activate|p1a: Tapu Fini|move: Trick|[of] p2a: Torkoal
|-item|p2a: Torkoal|Choice Scarf|[from] move: Trick
|-item|p1a: Tapu Fini|Heavy-Duty Boots|[from] move: Trick
|
|-weather|SunnyDay|[upkeep]
|upkeep
|turn|5
|
|t:|1660857860
|move|p1a: Tapu Fini|Surf|p2a: Torkoal
|-supereffective|p2a: Torkoal
|-crit|p2a: Torkoal
|-damage|p2a: Torkoal|21/100
|move|p2a: Torkoal|Stealth Rock|p1a: Tapu Fini
|-sidestart|p1: LT93OQ Gray|move: Stealth Rock
|
|-weather|SunnyDay|[upkeep]
|upkeep
|turn|6
|
|t:|1660857865
|switch|p2a: Blissey|Blissey, F|100/100
|move|p1a: Tapu Fini|Defog|p2a: Blissey
|-unboost|p2a: Blissey|evasion|1
|-sideend|p1: LT93OQ Gray|Stealth Rock|[from] move: Defog|[of] p1a: Tapu Fini
|-fieldend|Misty Terrain
|
|-weather|SunnyDay|[upkeep]
|upkeep
|turn|7
|
|t:|1660857871
|move|p1a: Tapu Fini|Moonblast|p2a: Blissey
|-damage|p2a: Blissey|86/100
|move|p2a: Blissey|Seismic Toss|p1a: Tapu Fini
|-damage|p1a: Tapu Fini|66/100
|
|-weather|SunnyDay|[upkeep]
|upkeep
|turn|8
|
|t:|1660857879
|switch|p1a: Landorus|Landorus-Therian, M|100/100
|-ability|p1a: Landorus|Intimidate|boost
|-unboost|p2a: Blissey|atk|1
|move|p2a: Blissey|Teleport|p2a: Blissey
|
|t:|1660857881
|switch|p2a: Dragonite|Dragonite, F|100/100|[from]move: Teleport
|
|-weather|none
|upkeep
|turn|9
|
|t:|1660857890
|switch|p1a: Melmetal|Melmetal|100/100
|move|p2a: Dragonite|Ice Beam|p1a: Melmetal
|-resisted|p1a: Melmetal
|-damage|p1a: Melmetal|91/100
|
|-heal|p1a: Melmetal|97/100|[from] item: Leftovers
|upkeep
|turn|10
|
|t:|1660857900
|move|p2a: Dragonite|Earthquake|p1a: Melmetal
|-supereffective|p1a: Melmetal
|-damage|p1a: Melmetal|61/100
|move|p1a: Melmetal|Double Iron Bash|p2a: Dragonite
|-damage|p2a: Dragonite|85/100
|-damage|p2a: Dragonite|55/100
|-hitcount|p2a: Dragonite|2
|
|-heal|p1a: Melmetal|67/100|[from] item: Leftovers
|upkeep
|turn|11
|
|t:|1660857907
|move|p2a: Dragonite|Roost|p2a: Dragonite
|-heal|p2a: Dragonite|100/100
|-singleturn|p2a: Dragonite|move: Roost
|move|p1a: Melmetal|Double Iron Bash|p2a: Dragonite
|-damage|p2a: Dragonite|86/100
|-damage|p2a: Dragonite|59/100
|-hitcount|p2a: Dragonite|2
|
|-heal|p1a: Melmetal|73/100|[from] item: Leftovers
|upkeep
|turn|12
|
|t:|1660857911
|move|p2a: Dragonite|Roost|p2a: Dragonite
|-heal|p2a: Dragonite|100/100
|-singleturn|p2a: Dragonite|move: Roost
|move|p1a: Melmetal|Toxic|p2a: Dragonite
|-status|p2a: Dragonite|tox
|
|-heal|p1a: Melmetal|80/100|[from] item: Leftovers
|-damage|p2a: Dragonite|94/100 tox|[from] psn
|upkeep
|turn|13
|
|t:|1660857914
|switch|p2a: Heatran|Heatran, M|100/100
|move|p1a: Melmetal|Double Iron Bash|p2a: Heatran
|-resisted|p2a: Heatran
|-damage|p2a: Heatran|90/100
|-resisted|p2a: Heatran
|-damage|p2a: Heatran|79/100
|-hitcount|p2a: Heatran|2
|
|-heal|p1a: Melmetal|86/100|[from] item: Leftovers
|upkeep
|turn|14
|j| Kwaga
|
|t:|1660857923
|move|p1a: Melmetal|Protect|p1a: Melmetal
|-singleturn|p1a: Melmetal|Protect
|move|p2a: Heatran|Eruption|p1a: Melmetal
|-activate|p1a: Melmetal|move: Protect
|
|-heal|p1a: Melmetal|92/100|[from] item: Leftovers
|upkeep
|turn|15
|
|t:|1660857926
|switch|p1a: Tapu Fini|Tapu Fini|66/100
|-fieldstart|move: Misty Terrain|[from] ability: Misty Surge|[of] p1a: Tapu Fini
|move|p2a: Heatran|Eruption|p1a: Tapu Fini
|-resisted|p1a: Tapu Fini
|-damage|p1a: Tapu Fini|35/100
|
|upkeep
|turn|16
|l| fatass cat
|
|t:|1660857934
|switch|p2a: Blissey|Blissey, F|86/100
|switch|p1a: Landorus|Landorus-Therian, M|100/100
|-ability|p1a: Landorus|Intimidate|boost
|-unboost|p2a: Blissey|atk|1
|
|upkeep
|turn|17
|
|t:|1660857944
|move|p1a: Landorus|Stealth Rock|p2a: Blissey
|-sidestart|p2: Commando 55|move: Stealth Rock
|move|p2a: Blissey|Teleport|p2a: Blissey
|
|t:|1660857948
|switch|p2a: Dragonite|Dragonite, F|94/100 tox|[from]move: Teleport
|
|-damage|p2a: Dragonite|88/100 tox|[from] psn
|upkeep
|turn|18
|
|t:|1660857950
|move|p1a: Landorus|U-turn|p2a: Dragonite
|-resisted|p2a: Dragonite
|-damage|p2a: Dragonite|79/100 tox
|
|t:|1660857951
|switch|p1a: Melmetal|Melmetal|92/100|[from]move: U-turn
|move|p2a: Dragonite|Defog|p1a: Melmetal
|-unboost|p1a: Melmetal|evasion|1
|-sideend|p2: Commando 55|Stealth Rock|[from] move: Defog|[of] p2a: Dragonite
|-fieldend|Misty Terrain
|
|-heal|p1a: Melmetal|98/100|[from] item: Leftovers
|-damage|p2a: Dragonite|67/100 tox|[from] psn
|upkeep
|turn|19
|
|t:|1660857968
|switch|p2a: Torkoal|Torkoal, F|21/100
|-weather|SunnyDay|[from] ability: Drought|[of] p2a: Torkoal
|move|p1a: Melmetal|Double Iron Bash|p2a: Torkoal
|-resisted|p2a: Torkoal
|-damage|p2a: Torkoal|9/100
|-resisted|p2a: Torkoal
|-damage|p2a: Torkoal|0 fnt
|faint|p2a: Torkoal
|-hitcount|p2: Torkoal|2
|
|-weather|SunnyDay|[upkeep]
|-heal|p1a: Melmetal|100/100|[from] item: Leftovers
|upkeep
|
|t:|1660857970
|switch|p2a: Heatran|Heatran, M|79/100
|turn|20
|
|t:|1660857976
|move|p1a: Melmetal|Protect|p1a: Melmetal
|-singleturn|p1a: Melmetal|Protect
|move|p2a: Heatran|Eruption|p1a: Melmetal
|-activate|p1a: Melmetal|move: Protect
|
|-weather|SunnyDay|[upkeep]
|upkeep
|turn|21
|j| Astreau
|inactive|LT93OQ Gray has 120 seconds left.
|
|t:|1660858025
|switch|p1a: Tapu Fini|Tapu Fini|35/100
|-fieldstart|move: Misty Terrain|[from] ability: Misty Surge|[of] p1a: Tapu Fini
|move|p2a: Heatran|Eruption|p1a: Tapu Fini
|-resisted|p1a: Tapu Fini
|-damage|p1a: Tapu Fini|0 fnt
|faint|p1a: Tapu Fini
|
|-weather|SunnyDay|[upkeep]
|upkeep
|
|t:|1660858030
|switch|p1a: Dragapult|Dragapult, M|100/100
|turn|22
|
|t:|1660858038
|move|p1a: Dragapult|U-turn|p2a: Heatran
|-resisted|p2a: Heatran
|-damage|p2a: Heatran|75/100
|
|t:|1660858042
|switch|p1a: Landorus|Landorus-Therian, M|100/100|[from]move: U-turn
|-ability|p1a: Landorus|Intimidate|boost
|-unboost|p2a: Heatran|atk|1
|move|p2a: Heatran|Eruption|p1a: Landorus
|-damage|p1a: Landorus|29/100
|
|-weather|SunnyDay|[upkeep]
|-heal|p1a: Landorus|35/100|[from] item: Leftovers
|upkeep
|turn|23
|
|t:|1660858046
|switch|p1a: Dragapult|Dragapult, M|100/100
|move|p2a: Heatran|Eruption|p1a: Dragapult
|-resisted|p1a: Dragapult
|-damage|p1a: Dragapult|41/100
|
|-weather|none
|upkeep
|turn|24
|
|t:|1660858060
|move|p1a: Dragapult|U-turn|p2a: Heatran
|-resisted|p2a: Heatran
|-damage|p2a: Heatran|70/100
|
|t:|1660858062
|switch|p1a: Landorus|Landorus-Therian, M|35/100|[from]move: U-turn
|-ability|p1a: Landorus|Intimidate|boost
|-unboost|p2a: Heatran|atk|1
|move|p2a: Heatran|Eruption|p1a: Landorus
|-damage|p1a: Landorus|0 fnt
|faint|p1a: Landorus
|
|upkeep
|
|t:|1660858066
|switch|p1a: Melmetal|Melmetal|100/100
|turn|25
|
|t:|1660858079
|switch|p2a: Dragonite|Dragonite, F|67/100 tox
|move|p1a: Melmetal|Earthquake|p2a: Dragonite
|-immune|p2a: Dragonite
|
|-damage|p2a: Dragonite|60/100 tox|[from] psn
|-fieldend|Misty Terrain
|upkeep
|turn|26
|
|t:|1660858089
|move|p2a: Dragonite|Earthquake|p1a: Melmetal
|-supereffective|p1a: Melmetal
|-damage|p1a: Melmetal|65/100
|move|p1a: Melmetal|Double Iron Bash|p2a: Dragonite
|-crit|p2a: Dragonite
|-damage|p2a: Dragonite|21/100 tox
|-damage|p2a: Dragonite|0 fnt
|faint|p2a: Dragonite
|-hitcount|p2: Dragonite|2
|
|-heal|p1a: Melmetal|72/100|[from] item: Leftovers
|upkeep
|
|t:|1660858093
|switch|p2a: Heatran|Heatran, M|70/100
|turn|27
|
|t:|1660858097
|move|p1a: Melmetal|Protect|p1a: Melmetal
|-singleturn|p1a: Melmetal|Protect
|move|p2a: Heatran|Flamethrower|p1a: Melmetal
|-activate|p1a: Melmetal|move: Protect
|
|-heal|p1a: Melmetal|78/100|[from] item: Leftovers
|upkeep
|turn|28
|
|t:|1660858110
|switch|p1a: Dragapult|Dragapult, M|41/100
|move|p2a: Heatran|Flamethrower|p1a: Dragapult
|-resisted|p1a: Dragapult
|-damage|p1a: Dragapult|7/100
|
|upkeep
|turn|29
|
|t:|1660858131
|move|p1a: Dragapult|Shadow Ball|p2a: Heatran
|-damage|p2a: Heatran|20/100
|move|p2a: Heatran|Flamethrower|p1a: Dragapult
|-resisted|p1a: Dragapult
|-damage|p1a: Dragapult|0 fnt
|faint|p1a: Dragapult
|
|upkeep
|
|t:|1660858135
|switch|p1a: Tapu Lele|Tapu Lele|100/100
|-fieldstart|move: Psychic Terrain|[from] ability: Psychic Surge|[of] p1a: Tapu Lele
|turn|30
|
|t:|1660858157
|switch|p2a: Blissey|Blissey, F|86/100
|move|p1a: Tapu Lele|Psyshock|p2a: Blissey
|-damage|p2a: Blissey|7/100
|
|upkeep
|turn|31
|
|t:|1660858166
|switch|p1a: Melmetal|Melmetal|78/100
|switch|p2a: Umbreon|Umbreon, F, shiny|100/100
|
|-heal|p1a: Melmetal|84/100|[from] item: Leftovers
|upkeep
|turn|32
|j| bfifbaewi
|inactive|Commando 55 has 120 seconds left.
|
|t:|1660858197
|move|p2a: Umbreon|Foul Play|p1a: Melmetal
|-damage|p1a: Melmetal|48/100
|move|p1a: Melmetal|Toxic|p2a: Umbreon
|-status|p2a: Umbreon|tox
|-activate|p2a: Umbreon|ability: Synchronize
|-immune|p1a: Melmetal
|
|-heal|p1a: Melmetal|54/100|[from] item: Leftovers
|-damage|p2a: Umbreon|94/100 tox|[from] psn
|upkeep
|turn|33
|inactive|Commando 55 has 90 seconds left.
|
|t:|1660858237
|move|p2a: Umbreon|Foul Play|p1a: Melmetal
|-damage|p1a: Melmetal|21/100
|move|p1a: Melmetal|Double Iron Bash|p2a: Umbreon
|-damage|p2a: Umbreon|68/100 tox
|-damage|p2a: Umbreon|42/100 tox
|-hitcount|p2a: Umbreon|2
|
|-heal|p2a: Umbreon|48/100 tox|[from] item: Leftovers
|-heal|p1a: Melmetal|27/100|[from] item: Leftovers
|-damage|p2a: Umbreon|36/100 tox|[from] psn
|upkeep
|turn|34
|inactive|Commando 55 has 90 seconds left.
|
|t:|1660858247
|move|p1a: Melmetal|Protect|p1a: Melmetal
|-singleturn|p1a: Melmetal|Protect
|move|p2a: Umbreon|Wish|p2a: Umbreon
|
|-heal|p2a: Umbreon|42/100 tox|[from] item: Leftovers
|-heal|p1a: Melmetal|33/100|[from] item: Leftovers
|-damage|p2a: Umbreon|23/100 tox|[from] psn
|-fieldend|move: Psychic Terrain
|upkeep
|turn|35
|inactive|Commando 55 has 90 seconds left.
|
|t:|1660858261
|switch|p1a: Tapu Lele|Tapu Lele|100/100
|-fieldstart|move: Psychic Terrain|[from] ability: Psychic Surge|[of] p1a: Tapu Lele
|move|p2a: Umbreon|Protect||[still]
|-fail|p2a: Umbreon
|
|-heal|p2a: Umbreon|73/100 tox|[from] move: Wish|[wisher] Umbreon
|-heal|p2a: Umbreon|79/100 tox|[from] item: Leftovers
|-damage|p2a: Umbreon|55/100 tox|[from] psn
|upkeep
|turn|36
|inactive|Commando 55 has 90 seconds left.
|
|t:|1660858276
|switch|p2a: Blissey|Blissey, F|7/100
|move|p1a: Tapu Lele|Moonblast|p2a: Blissey
|-damage|p2a: Blissey|0 fnt
|faint|p2a: Blissey
|
|upkeep
|
|t:|1660858278
|switch|p2a: Heatran|Heatran, M|20/100
|turn|37
|inactive|Commando 55 has 90 seconds left.
|
|t:|1660858284
|move|p2a: Heatran|Flamethrower|p1a: Tapu Lele
|-crit|p1a: Tapu Lele
|-damage|p1a: Tapu Lele|21/100
|-status|p1a: Tapu Lele|brn
|move|p1a: Tapu Lele|Moonblast|p2a: Heatran
|-resisted|p2a: Heatran
|-damage|p2a: Heatran|0 fnt
|faint|p2a: Heatran
|
|-damage|p1a: Tapu Lele|15/100 brn|[from] brn
|upkeep
|
|t:|1660858287
|switch|p2a: Umbreon|Umbreon, F, shiny|55/100 tox
|turn|38
|
|t:|1660858291
|move|p2a: Umbreon|Protect|p2a: Umbreon
|-singleturn|p2a: Umbreon|Protect
|move|p1a: Tapu Lele|Moonblast|p2a: Umbreon
|-activate|p2a: Umbreon|move: Protect
|
|-heal|p2a: Umbreon|61/100 tox|[from] item: Leftovers
|-damage|p2a: Umbreon|55/100 tox|[from] psn
|-damage|p1a: Tapu Lele|9/100 brn|[from] brn
|upkeep
|turn|39
|
|t:|1660858294
|move|p2a: Umbreon|Protect||[still]
|-fail|p2a: Umbreon
|move|p1a: Tapu Lele|Moonblast|p2a: Umbreon
|-supereffective|p2a: Umbreon
|-damage|p2a: Umbreon|0 fnt
|faint|p2a: Umbreon
|
|win|LT93OQ Gray
|raw|LT93OQ Gray's rating: 1912 &rarr; <strong>1927</strong><br />(+15 for winning)
|raw|Commando 55's rating: 1828 &rarr; <strong>1813</strong><br />(-15 for losing)
|c|☆LT93OQ Gray|gg
|c|☆Commando 55|Gg
|l|☆LT93OQ Gray
|l|☆Commando 55
|l| bfifbaewi
