|j|☆Redflix
|j|☆Mr Coffy
|t:|1667711388
|gametype|singles
|player|p1|Redflix|erika|1729
|player|p2|Mr Coffy|misty-masters|1695
|teamsize|p1|6
|teamsize|p2|6
|gen|8
|tier|[Gen 8] OU
|rated|
|rule|Sleep Clause Mod: Limit one foe put to sleep
|rule|Species Clause: Limit one of each Pokémon
|rule|OHKO Clause: OHKO moves are banned
|rule|Evasion Items Clause: Evasion items are banned
|rule|Evasion Moves Clause: Evasion moves are banned
|rule|Endless Battle Clause: Forcing endless battles is banned
|rule|HP Percentage Mod: HP is shown in percentages
|rule|Dynamax Clause: You cannot dynamax
|clearpoke
|poke|p1|Dragapult, F|
|poke|p1|Urshifu-*, F|
|poke|p1|Tapu Lele|
|poke|p1|Landorus-Therian, M|
|poke|p1|Zapdos|
|poke|p1|Melmetal|
|poke|p2|Dragapult, M|
|poke|p2|Zapdos|
|poke|p2|Rillaboom, F|
|poke|p2|Hippowdon, M|
|poke|p2|Tornadus-Therian, M|
|poke|p2|Slowbro, F|
|teampreview
|inactive|Battle timer is ON: inactive players will automatically lose when time's up. (requested by Mr Coffy)
|inactive|Mr Coffy has 120 seconds left.
|j| LindsayDavenPORK
|
|t:|1667711442
|start
|switch|p1a: Landorus|Landorus-Therian, M|100/100
|switch|p2a: Dragapult|Dragapult, M|100/100
|-ability|p1a: Landorus|Intimidate|boost
|-unboost|p2a: Dragapult|atk|1
|turn|1
|
|t:|1667711458
|move|p2a: Dragapult|U-turn|p1a: Landorus
|-resisted|p1a: Landorus
|-damage|p1a: Landorus|95/100
|
|t:|1667711470
|switch|p2a: Slowbro|Slowbro, F|100/100|[from]move: U-turn
|move|p1a: Landorus|Knock Off|p2a: Slowbro
|-supereffective|p2a: Slowbro
|-damage|p2a: Slowbro|66/100
|-damage|p1a: Landorus|78/100|[from] item: Rocky Helmet|[of] p2a: Slowbro
|-enditem|p2a: Slowbro|Rocky Helmet|[from] move: Knock Off|[of] p1a: Landorus
|
|-heal|p1a: Landorus|84/100|[from] item: Leftovers
|upkeep
|turn|2
|
|t:|1667711482
|move|p1a: Landorus|Stealth Rock|p2a: Slowbro
|-sidestart|p2: Mr Coffy|move: Stealth Rock
|move|p2a: Slowbro|Teleport|p2a: Slowbro
|
|t:|1667711487
|switch|p2a: Tornadus|Tornadus-Therian, M|100/100|[from]move: Teleport
|
|-heal|p1a: Landorus|90/100|[from] item: Leftovers
|upkeep
|turn|3
|
|t:|1667711494
|move|p2a: Tornadus|Knock Off|p1a: Landorus
|-damage|p1a: Landorus|70/100
|-enditem|p1a: Landorus|Leftovers|[from] move: Knock Off|[of] p2a: Tornadus
|move|p1a: Landorus|Knock Off|p2a: Tornadus
|-damage|p2a: Tornadus|63/100
|-enditem|p2a: Tornadus|Heavy-Duty Boots|[from] move: Knock Off|[of] p1a: Landorus
|
|upkeep
|turn|4
|
|t:|1667711499
|move|p2a: Tornadus|Defog|p1a: Landorus
|-unboost|p1a: Landorus|evasion|1
|-sideend|p2: Mr Coffy|Stealth Rock|[from] move: Defog|[of] p2a: Tornadus
|move|p1a: Landorus|U-turn|p2a: Tornadus
|-resisted|p2a: Tornadus
|-damage|p2a: Tornadus|51/100
|
|t:|1667711501
|switch|p1a: Urshifu|Urshifu-Rapid-Strike, F|100/100|[from]move: U-turn
|
|upkeep
|turn|5
|
|t:|1667711510
|move|p2a: Tornadus|U-turn|p1a: Urshifu
|-resisted|p1a: Urshifu
|-damage|p1a: Urshifu|93/100
|
|t:|1667711521
|switch|p2a: Dragapult|Dragapult, M|100/100|[from]move: U-turn
|move|p1a: Urshifu|U-turn|p2a: Dragapult
|-resisted|p2a: Dragapult
|-damage|p2a: Dragapult|77/100
|inactive|Redflix has 120 seconds left.
|
|t:|1667711554
|switch|p1a: Tapu Lele|Tapu Lele|100/100|[from]move: U-turn
|-fieldstart|move: Psychic Terrain|[from] ability: Psychic Surge|[of] p1a: Tapu Lele
|
|upkeep
|turn|6
|inactive|Redflix has 120 seconds left.
|
|t:|1667711571
|switch|p2a: Slowbro|Slowbro, F|99/100
|move|p1a: Tapu Lele|Moonblast|p2a: Slowbro
|-damage|p2a: Slowbro|41/100
|-unboost|p2a: Slowbro|spa|1
|
|upkeep
|turn|7
|inactive|Redflix has 120 seconds left.
|
|t:|1667711578
|switch|p1a: Dragapult|Dragapult, F|100/100
|switch|p2a: Hippowdon|Hippowdon, M|100/100
|-weather|Sandstorm|[from] ability: Sand Stream|[of] p2a: Hippowdon
|
|-weather|Sandstorm|[upkeep]
|-damage|p1a: Dragapult|95/100|[from] Sandstorm
|upkeep
|turn|8
|
|t:|1667711582
|move|p1a: Dragapult|Shadow Ball|p2a: Hippowdon
|-damage|p2a: Hippowdon|61/100
|move|p2a: Hippowdon|Stealth Rock|p1a: Dragapult
|-sidestart|p1: Redflix|move: Stealth Rock
|
|-weather|Sandstorm|[upkeep]
|-damage|p1a: Dragapult|89/100|[from] Sandstorm
|-heal|p2a: Hippowdon|67/100|[from] item: Leftovers
|upkeep
|turn|9
|
|t:|1667711591
|switch|p1a: Landorus|Landorus-Therian, M|70/100
|-damage|p1a: Landorus|58/100|[from] Stealth Rock
|-ability|p1a: Landorus|Intimidate|boost
|-unboost|p2a: Hippowdon|atk|1
|move|p2a: Hippowdon|Slack Off|p2a: Hippowdon
|-heal|p2a: Hippowdon|100/100
|
|-weather|Sandstorm|[upkeep]
|-fieldend|move: Psychic Terrain
|upkeep
|turn|10
|
|t:|1667711596
|move|p1a: Landorus|Stealth Rock|p2a: Hippowdon
|-sidestart|p2: Mr Coffy|move: Stealth Rock
|move|p2a: Hippowdon|Toxic|p1a: Landorus
|-status|p1a: Landorus|tox
|
|-weather|Sandstorm|[upkeep]
|-damage|p1a: Landorus|52/100 tox|[from] psn
|upkeep
|turn|11
|
|t:|1667711604
|switch|p2a: Tornadus|Tornadus-Therian, M|84/100
|-damage|p2a: Tornadus|59/100|[from] Stealth Rock
|move|p1a: Landorus|U-turn|p2a: Tornadus
|-resisted|p2a: Tornadus
|-damage|p2a: Tornadus|47/100
|
|t:|1667711609
|switch|p1a: Melmetal|Melmetal|100/100|[from]move: U-turn
|-damage|p1a: Melmetal|94/100|[from] Stealth Rock
|
|-weather|none
|-heal|p1a: Melmetal|100/100|[from] item: Leftovers
|upkeep
|turn|12
|
|t:|1667711619
|move|p2a: Tornadus|U-turn|p1a: Melmetal
|-resisted|p1a: Melmetal
|-damage|p1a: Melmetal|96/100
|
|t:|1667711621
|switch|p2a: Zapdos|Zapdos|100/100|[from]move: U-turn
|move|p1a: Melmetal|Toxic|p2a: Zapdos|[miss]
|-miss|p1a: Melmetal|p2a: Zapdos
|
|-heal|p1a: Melmetal|100/100|[from] item: Leftovers
|upkeep
|turn|13
|
|t:|1667711625
|move|p2a: Zapdos|Volt Switch|p1a: Melmetal
|-damage|p1a: Melmetal|70/100
|
|t:|1667711631
|switch|p2a: Slowbro|Slowbro, F|75/100|[from]move: Volt Switch
|-damage|p2a: Slowbro|62/100|[from] Stealth Rock
|move|p1a: Melmetal|Toxic|p2a: Slowbro
|-status|p2a: Slowbro|tox
|
|-heal|p1a: Melmetal|76/100|[from] item: Leftovers
|-damage|p2a: Slowbro|56/100 tox|[from] psn
|upkeep
|turn|14
|
|t:|1667711634
|move|p1a: Melmetal|Protect|p1a: Melmetal
|-singleturn|p1a: Melmetal|Protect
|move|p2a: Slowbro|Teleport|p2a: Slowbro
|
|t:|1667711638
|switch|p2a: Zapdos|Zapdos|100/100|[from]move: Teleport
|
|-heal|p1a: Melmetal|82/100|[from] item: Leftovers
|upkeep
|turn|15
|
|t:|1667711642
|switch|p1a: Landorus|Landorus-Therian, M|52/100 tox
|-damage|p1a: Landorus|40/100 tox|[from] Stealth Rock
|-ability|p1a: Landorus|Intimidate|boost
|-unboost|p2a: Zapdos|atk|1
|move|p2a: Zapdos|Volt Switch|p1a: Landorus
|-immune|p1a: Landorus
|
|-damage|p1a: Landorus|34/100 tox|[from] psn
|upkeep
|turn|16
|
|t:|1667711646
|move|p2a: Zapdos|Hurricane|p1a: Landorus
|-damage|p1a: Landorus|0 fnt
|faint|p1a: Landorus
|
|upkeep
|
|t:|1667711650
|switch|p1a: Dragapult|Dragapult, F|89/100
|-damage|p1a: Dragapult|76/100|[from] Stealth Rock
|turn|17
|
|t:|1667711662
|switch|p2a: Hippowdon|Hippowdon, M|100/100
|-damage|p2a: Hippowdon|94/100|[from] Stealth Rock
|-weather|Sandstorm|[from] ability: Sand Stream|[of] p2a: Hippowdon
|move|p1a: Dragapult|Draco Meteor|p2a: Hippowdon
|-damage|p2a: Hippowdon|25/100
|-unboost|p1a: Dragapult|spa|2
|
|-weather|Sandstorm|[upkeep]
|-damage|p1a: Dragapult|70/100|[from] Sandstorm
|-heal|p2a: Hippowdon|31/100|[from] item: Leftovers
|upkeep
|turn|18
|
|t:|1667711677
|switch|p1a: Urshifu|Urshifu-Rapid-Strike, F|93/100
|-damage|p1a: Urshifu|87/100|[from] Stealth Rock
|switch|p2a: Zapdos|Zapdos|100/100
|
|-weather|Sandstorm|[upkeep]
|-damage|p2a: Zapdos|94/100|[from] Sandstorm
|-damage|p1a: Urshifu|81/100|[from] Sandstorm
|upkeep
|turn|19
|
|t:|1667711682
|move|p2a: Zapdos|Volt Switch|p1a: Urshifu
|-supereffective|p1a: Urshifu
|-damage|p1a: Urshifu|0 fnt
|faint|p1a: Urshifu
|
|t:|1667711690
|switch|p2a: Dragapult|Dragapult, M|77/100|[from]move: Volt Switch
|-damage|p2a: Dragapult|65/100|[from] Stealth Rock
|
|-weather|Sandstorm|[upkeep]
|-damage|p2a: Dragapult|59/100|[from] Sandstorm
|upkeep
|
|t:|1667711695
|switch|p1a: Tapu Lele|Tapu Lele|100/100
|-damage|p1a: Tapu Lele|88/100|[from] Stealth Rock
|-fieldstart|move: Psychic Terrain|[from] ability: Psychic Surge|[of] p1a: Tapu Lele
|turn|20
|
|t:|1667711700
|switch|p2a: Tornadus|Tornadus-Therian, M|80/100
|-damage|p2a: Tornadus|55/100|[from] Stealth Rock
|move|p1a: Tapu Lele|Moonblast|p2a: Tornadus
|-crit|p2a: Tornadus
|-damage|p2a: Tornadus|0 fnt
|faint|p2a: Tornadus
|
|-weather|Sandstorm|[upkeep]
|-damage|p1a: Tapu Lele|82/100|[from] Sandstorm
|upkeep
|
|t:|1667711710
|switch|p2a: Rillaboom|Rillaboom, F|100/100
|-damage|p2a: Rillaboom|88/100|[from] Stealth Rock
|-fieldstart|move: Grassy Terrain|[from] ability: Grassy Surge|[of] p2a: Rillaboom
|turn|21
|
|t:|1667711713
|switch|p1a: Zapdos|Zapdos|100/100
|move|p2a: Rillaboom|Knock Off|p1a: Zapdos
|-damage|p1a: Zapdos|55/100
|-status|p2a: Rillaboom|par|[from] ability: Static|[of] p1a: Zapdos
|-enditem|p1a: Zapdos|Heavy-Duty Boots|[from] move: Knock Off|[of] p2a: Rillaboom
|
|-weather|none
|-heal|p2a: Rillaboom|94/100 par|[from] Grassy Terrain
|-heal|p2a: Rillaboom|100/100 par|[from] item: Leftovers
|upkeep
|turn|22
|
|t:|1667711721
|switch|p2a: Zapdos|Zapdos|94/100
|move|p1a: Zapdos|Hurricane|p2a: Zapdos
|-resisted|p2a: Zapdos
|-damage|p2a: Zapdos|62/100
|
|upkeep
|turn|23
|
|t:|1667711726
|move|p2a: Zapdos|Toxic|p1a: Zapdos
|-status|p1a: Zapdos|tox
|move|p1a: Zapdos|Heat Wave|p2a: Zapdos
|-damage|p2a: Zapdos|24/100
|
|-damage|p1a: Zapdos|49/100 tox|[from] psn
|upkeep
|turn|24
|
|t:|1667711731
|move|p1a: Zapdos|Volt Switch|p2a: Zapdos
|-damage|p2a: Zapdos|0 fnt
|faint|p2a: Zapdos
|
|t:|1667711742
|switch|p1a: Melmetal|Melmetal|82/100|[from]move: Volt Switch
|-damage|p1a: Melmetal|76/100|[from] Stealth Rock
|
|-heal|p1a: Melmetal|82/100|[from] Grassy Terrain
|-heal|p1a: Melmetal|88/100|[from] item: Leftovers
|upkeep
|
|t:|1667711753
|switch|p2a: Slowbro|Slowbro, F|90/100 tox
|-damage|p2a: Slowbro|77/100 tox|[from] Stealth Rock
|turn|25
|
|t:|1667711756
|move|p1a: Melmetal|Double Iron Bash|p2a: Slowbro
|-resisted|p2a: Slowbro
|-damage|p2a: Slowbro|63/100 tox
|-resisted|p2a: Slowbro
|-damage|p2a: Slowbro|51/100 tox
|-hitcount|p2a: Slowbro|2
|move|p2a: Slowbro|Future Sight|p1a: Melmetal
|-start|p2a: Slowbro|move: Future Sight
|
|-heal|p1a: Melmetal|94/100|[from] Grassy Terrain
|-heal|p1a: Melmetal|99/100|[from] item: Leftovers
|-heal|p2a: Slowbro|57/100 tox|[from] Grassy Terrain
|-damage|p2a: Slowbro|51/100 tox|[from] psn
|-fieldend|move: Grassy Terrain
|upkeep
|turn|26
|
|t:|1667711763
|move|p1a: Melmetal|Double Iron Bash|p2a: Slowbro
|-resisted|p2a: Slowbro
|-damage|p2a: Slowbro|37/100 tox
|-resisted|p2a: Slowbro
|-damage|p2a: Slowbro|24/100 tox
|-hitcount|p2a: Slowbro|2
|move|p2a: Slowbro|Scald|p1a: Melmetal
|-damage|p1a: Melmetal|74/100
|
|-heal|p1a: Melmetal|80/100|[from] item: Leftovers
|-damage|p2a: Slowbro|12/100 tox|[from] psn
|upkeep
|turn|27
|
|t:|1667711771
|move|p1a: Melmetal|Double Iron Bash|p2a: Slowbro
|-resisted|p2a: Slowbro
|-damage|p2a: Slowbro|0 fnt
|faint|p2a: Slowbro
|-hitcount|p2: Slowbro|1
|
|-end|p1a: Melmetal|move: Future Sight
|-resisted|p1a: Melmetal
|-damage|p1a: Melmetal|61/100
|-heal|p1a: Melmetal|67/100|[from] item: Leftovers
|upkeep
|
|t:|1667711772
|switch|p2a: Dragapult|Dragapult, M|59/100
|-damage|p2a: Dragapult|47/100|[from] Stealth Rock
|turn|28
|j| Tsukimizaka Kiriha
|
|t:|1667711776
|move|p1a: Melmetal|Protect|p1a: Melmetal
|-singleturn|p1a: Melmetal|Protect
|move|p2a: Dragapult|Shadow Ball|p1a: Melmetal
|-activate|p1a: Melmetal|move: Protect
|
|-heal|p1a: Melmetal|73/100|[from] item: Leftovers
|upkeep
|turn|29
|
|t:|1667711779
|move|p2a: Dragapult|Shadow Ball|p1a: Melmetal
|-damage|p1a: Melmetal|22/100
|move|p1a: Melmetal|Double Iron Bash|p2a: Dragapult
|-damage|p2a: Dragapult|0 fnt
|faint|p2a: Dragapult
|-hitcount|p2: Dragapult|1
|
|-heal|p1a: Melmetal|28/100|[from] item: Leftovers
|upkeep
|
|t:|1667711782
|switch|p2a: Rillaboom|Rillaboom, F|100/100 par
|-damage|p2a: Rillaboom|88/100 par|[from] Stealth Rock
|-fieldstart|move: Grassy Terrain|[from] ability: Grassy Surge|[of] p2a: Rillaboom
|turn|30
|
|t:|1667711787
|move|p2a: Rillaboom|Swords Dance|p2a: Rillaboom
|-boost|p2a: Rillaboom|atk|2
|move|p1a: Melmetal|Double Iron Bash|p2a: Rillaboom
|-damage|p2a: Rillaboom|43/100 par
|-damage|p2a: Rillaboom|0 fnt
|faint|p2a: Rillaboom
|-hitcount|p2: Rillaboom|2
|
|-heal|p1a: Melmetal|35/100|[from] Grassy Terrain
|-heal|p1a: Melmetal|41/100|[from] item: Leftovers
|upkeep
|-message|Mr Coffy forfeited.
|
|win|Redflix
|raw|Redflix's rating: 1729 &rarr; <strong>1748</strong><br />(+19 for winning)
|raw|Mr Coffy's rating: 1712 &rarr; <strong>1693</strong><br />(-19 for losing)
|l|☆Mr Coffy
