|j|☆BigWes95
|j|☆Maxicozie
|inactive|Battle timer is ON: inactive players will automatically lose when time's up.
|t:|1666968909
|gametype|singles
|player|p1|BigWes95|101|
|player|p2|Maxicozie|102|
|teamsize|p1|6
|teamsize|p2|5
|gen|8
|tier|[Gen 8] OU
|rated|Tournament battle
|rule|Sleep Clause Mod: Limit one foe put to sleep
|rule|Species Clause: Limit one of each Pokémon
|rule|OHKO Clause: OHKO moves are banned
|rule|Evasion Items Clause: Evasion items are banned
|rule|Evasion Moves Clause: Evasion moves are banned
|rule|Endless Battle Clause: Forcing endless battles is banned
|rule|HP Percentage Mod: HP is shown in percentages
|rule|Dynamax Clause: You cannot dynamax
|clearpoke
|poke|p1|Gastly, M|
|poke|p1|Tangela, M|
|poke|p1|Shroomish, M|
|poke|p1|Poliwag, F|
|poke|p1|Koffing, F|
|poke|p1|Solosis, M|
|poke|p2|Gastly, F|
|poke|p2|Pincurchin, F|
|poke|p2|Tangela, M|
|poke|p2|Bergmite, M|
|poke|p2|Wailmer, M|
|teampreview
|inactive|Maxicozie also wants the timer to be on.
|j| JasperM
|
|t:|1666968924
|start
|switch|p1a: Solosis|Solosis, M|100/100
|switch|p2a: Pincurchin|Pincurchin, F|100/100
|-fieldstart|move: Electric Terrain|[from] ability: Electric Surge|[of] p2a: Pincurchin
|turn|1
|j| feebler
|
|t:|1666968953
|move|p1a: Solosis|Future Sight|p2a: Pincurchin
|-start|p1a: Solosis|move: Future Sight
|move|p2a: Pincurchin|Rising Voltage|p1a: Solosis
|-hint|Rising Voltage's BP doubled on grounded target.
|-damage|p1a: Solosis|0 fnt
|faint|p1a: Solosis
|
|upkeep
|
|t:|1666968967
|switch|p1a: Shroomish|Shroomish, M|100/100
|turn|2
|
|t:|1666968971
|switch|p2a: Tangela|Tangela, M|100/100
|move|p1a: Shroomish|Spore|p2a: Tangela
|-immune|p2a: Tangela
|
|upkeep
|turn|3
|
|t:|1666968977
|switch|p1a: Gastly|Gastly, M|100/100
|move|p2a: Tangela|Sludge Bomb|p1a: Gastly
|-resisted|p1a: Gastly
|-damage|p1a: Gastly|81/100
|
|-end|p2a: Tangela|move: Future Sight
|-damage|p2a: Tangela|56/100
|upkeep
|turn|4
|l| feebler
|
|t:|1666968986
|switch|p2a: Wailmer|Wailmer, M|100/100
|move|p1a: Gastly|Shadow Ball|p2a: Wailmer
|-damage|p2a: Wailmer|1/100
|
|upkeep
|turn|5
|
|t:|1666968991
|move|p1a: Gastly|Shadow Ball|p2a: Wailmer
|-crit|p2a: Wailmer
|-damage|p2a: Wailmer|0 fnt
|faint|p2a: Wailmer
|
|-fieldend|move: Electric Terrain
|upkeep
|
|t:|1666968993
|switch|p2a: Gastly|Gastly, F|100/100
|turn|6
|
|t:|1666968997
|move|p2a: Gastly|Shadow Ball|p1a: Gastly
|-supereffective|p1a: Gastly
|-damage|p1a: Gastly|0 fnt
|faint|p1a: Gastly
|
|upkeep
|
|t:|1666969003
|switch|p1a: Koffing|Koffing, F|100/100
|turn|7
|inactive|Maxicozie has 120 seconds left.
|
|t:|1666969039
|move|p2a: Gastly|Shadow Ball|p1a: Koffing
|-damage|p1a: Koffing|56/100
|move|p1a: Koffing|Toxic Spikes|p2a: Gastly
|-sidestart|p2: Maxicozie|move: Toxic Spikes
|
|-heal|p1a: Koffing|62/100|[from] item: Black Sludge
|upkeep
|turn|8
|
|t:|1666969061
|move|p2a: Gastly|Shadow Ball|p1a: Koffing
|-damage|p1a: Koffing|16/100
|-unboost|p1a: Koffing|spd|1
|move|p1a: Koffing|Pain Split|p2a: Gastly
|-sethp|p2a: Gastly|62/100|[from] move: Pain Split|[silent]
|-sethp|p1a: Koffing|44/100|[from] move: Pain Split
|
|-heal|p1a: Koffing|50/100|[from] item: Black Sludge
|upkeep
|turn|9
|
|t:|1666969067
|switch|p1a: Tangela|Tangela, M|100/100
|move|p2a: Gastly|Shadow Ball|p1a: Tangela
|-damage|p1a: Tangela|65/100
|
|upkeep
|turn|10
|
|t:|1666969076
|switch|p2a: Bergmite|Bergmite, M|100/100
|move|p1a: Tangela|Knock Off|p2a: Bergmite
|-damage|p2a: Bergmite|90/100
|-enditem|p2a: Bergmite|Heavy-Duty Boots|[from] move: Knock Off|[of] p1a: Tangela
|
|upkeep
|turn|11
|l| JasperM
|
|t:|1666969084
|switch|p1a: Koffing|Koffing, F|50/100
|move|p2a: Bergmite|Rapid Spin|p1a: Koffing
|-crit|p1a: Koffing
|-damage|p1a: Koffing|33/100
|-boost|p2a: Bergmite|spe|1
|-sideend|p2: Maxicozie|Toxic Spikes|[from] move: Rapid Spin|[of] p2a: Bergmite
|
|-heal|p1a: Koffing|39/100|[from] item: Black Sludge
|upkeep
|turn|12
|
|t:|1666969090
|switch|p2a: Gastly|Gastly, F|62/100
|move|p1a: Koffing|Will-O-Wisp|p2a: Gastly
|-status|p2a: Gastly|brn
|
|-heal|p1a: Koffing|45/100|[from] item: Black Sludge
|-damage|p2a: Gastly|56/100 brn|[from] brn
|upkeep
|turn|13
|
|t:|1666969097
|switch|p1a: Tangela|Tangela, M|98/100
|move|p2a: Gastly|Shadow Ball|p1a: Tangela
|-damage|p1a: Tangela|58/100
|
|-damage|p2a: Gastly|50/100 brn|[from] brn
|upkeep
|turn|14
|
|t:|1666969107
|switch|p2a: Tangela|Tangela, M|89/100
|move|p1a: Tangela|Knock Off|p2a: Tangela
|-damage|p2a: Tangela|77/100
|-enditem|p2a: Tangela|Assault Vest|[from] move: Knock Off|[of] p1a: Tangela
|
|upkeep
|turn|15
|
|t:|1666969113
|move|p1a: Tangela|Sludge Bomb|p2a: Tangela
|-supereffective|p2a: Tangela
|-damage|p2a: Tangela|3/100
|move|p2a: Tangela|Knock Off|p1a: Tangela
|-damage|p1a: Tangela|42/100
|-enditem|p1a: Tangela|Assault Vest|[from] move: Knock Off|[of] p2a: Tangela
|
|upkeep
|turn|16
|
|t:|1666969119
|move|p1a: Tangela|Knock Off|p2a: Tangela
|-damage|p2a: Tangela|0 fnt
|faint|p2a: Tangela
|
|upkeep
|
|t:|1666969123
|switch|p2a: Gastly|Gastly, F|50/100 brn
|turn|17
|
|t:|1666969129
|switch|p1a: Koffing|Koffing, F|45/100
|move|p2a: Gastly|Shadow Ball|p1a: Koffing
|-damage|p1a: Koffing|0 fnt
|faint|p1a: Koffing
|
|-damage|p2a: Gastly|44/100 brn|[from] brn
|upkeep
|
|t:|1666969132
|switch|p1a: Tangela|Tangela, M|75/100
|turn|18
|
|t:|1666969136
|switch|p2a: Bergmite|Bergmite, M|90/100
|move|p1a: Tangela|Knock Off|p2a: Bergmite
|-damage|p2a: Bergmite|82/100
|
|upkeep
|turn|19
|
|t:|1666969146
|move|p1a: Tangela|Leaf Storm|p2a: Bergmite
|-damage|p2a: Bergmite|0 fnt
|-unboost|p1a: Tangela|spa|2
|faint|p2a: Bergmite
|
|upkeep
|
|t:|1666969150
|switch|p2a: Pincurchin|Pincurchin, F|100/100
|-fieldstart|move: Electric Terrain|[from] ability: Electric Surge|[of] p2a: Pincurchin
|turn|20
|
|t:|1666969154
|switch|p1a: Shroomish|Shroomish, M|100/100
|move|p2a: Pincurchin|Rising Voltage|p1a: Shroomish
|-hint|Rising Voltage's BP doubled on grounded target.
|-resisted|p1a: Shroomish
|-damage|p1a: Shroomish|25/100
|
|-heal|p1a: Shroomish|31/100|[from] item: Leftovers
|upkeep
|turn|21
|
|t:|1666969161
|move|p1a: Shroomish|Seed Bomb|p2a: Pincurchin
|-damage|p2a: Pincurchin|83/100
|move|p2a: Pincurchin|Rising Voltage|p1a: Shroomish
|-hint|Rising Voltage's BP doubled on grounded target.
|-resisted|p1a: Shroomish
|-damage|p1a: Shroomish|0 fnt
|faint|p1a: Shroomish
|
|upkeep
|
|t:|1666969169
|switch|p1a: Tangela|Tangela, M|100/100
|turn|22
|
|t:|1666969176
|move|p1a: Tangela|Leaf Storm|p2a: Pincurchin
|-damage|p2a: Pincurchin|2/100
|-unboost|p1a: Tangela|spa|2
|move|p2a: Pincurchin|Rising Voltage|p1a: Tangela
|-hint|Rising Voltage's BP doubled on grounded target.
|-resisted|p1a: Tangela
|-damage|p1a: Tangela|2/100
|
|upkeep
|turn|23
|
|t:|1666969183
|move|p1a: Tangela|Knock Off|p2a: Pincurchin
|-damage|p2a: Pincurchin|0 fnt
|-enditem|p2a: Pincurchin|Choice Specs|[from] move: Knock Off|[of] p1a: Tangela
|faint|p2a: Pincurchin
|
|upkeep
|
|t:|1666969184
|switch|p2a: Gastly|Gastly, F|44/100 brn
|turn|24
|
|t:|1666969188
|move|p2a: Gastly|Thunderbolt|p1a: Tangela
|-resisted|p1a: Tangela
|-damage|p1a: Tangela|0 fnt
|faint|p1a: Tangela
|
|-damage|p2a: Gastly|38/100 brn|[from] brn
|-fieldend|move: Electric Terrain
|upkeep
|
|t:|1666969192
|switch|p1a: Poliwag|Poliwag, F|100/100
|turn|25
|
|t:|1666969195
|move|p2a: Gastly|Thunderbolt|p1a: Poliwag
|-supereffective|p1a: Poliwag
|-damage|p1a: Poliwag|0 fnt
|faint|p1a: Poliwag
|
|win|Maxicozie
|n|☆BigWes95|bigwes95
|n|☆Maxicozie|maxicozie
|c|☆BigWes95|Nooooo
|c|☆BigWes95|Gg
|l|☆BigWes95
