|j|☆minimax_ai
|j|☆cump4
|t:|1665261688
|gametype|singles
|player|p1|minimax_ai|lusamine-nihilego|1686
|player|p2|cump4|schoolkid-gen4|1799
|teamsize|p1|6
|teamsize|p2|6
|gen|8
|tier|[Gen 8] OU
|rated|
|rule|Sleep Clause Mod: Limit one foe put to sleep
|rule|Species Clause: Limit one of each Pokémon
|rule|OHKO Clause: OHKO moves are banned
|rule|Evasion Items Clause: Evasion items are banned
|rule|Evasion Moves Clause: Evasion moves are banned
|rule|Endless Battle Clause: Forcing endless battles is banned
|rule|HP Percentage Mod: HP is shown in percentages
|rule|Dynamax Clause: You cannot dynamax
|clearpoke
|poke|p1|Rotom-Wash|
|poke|p1|Weavile, F|
|poke|p1|Landorus-Therian, M|
|poke|p1|Heatran, M|
|poke|p1|Tangrowth, F|
|poke|p1|Melmetal|
|poke|p2|Swampert, M|
|poke|p2|Mandibuzz, F|
|poke|p2|Rillaboom, M|
|poke|p2|Magnezone|
|poke|p2|Tapu Lele|
|poke|p2|Dragapult, F|
|teampreview
|c|☆minimax_ai|hf
|inactive|Battle timer is ON: inactive players will automatically lose when time's up. (requested by minimax_ai)
|c|☆cump4|hf
|
|t:|1665261703
|start
|switch|p1a: landorustherian|Landorus-Therian, M|100/100
|switch|p2a: Tapu Lele|Tapu Lele, shiny|100/100
|-fieldstart|move: Psychic Terrain|[from] ability: Psychic Surge|[of] p2a: Tapu Lele
|-ability|p1a: landorustherian|Intimidate|boost
|-unboost|p2a: Tapu Lele|atk|1
|turn|1
|
|t:|1665261707
|switch|p2a: Mandibuzz|Mandibuzz, F|100/100
|move|p1a: landorustherian|Earthquake|p2a: Mandibuzz
|-immune|p2a: Mandibuzz
|
|upkeep
|turn|2
|
|t:|1665261709
|move|p1a: landorustherian|Toxic|p2a: Mandibuzz
|-status|p2a: Mandibuzz|tox
|move|p2a: Mandibuzz|Foul Play|p1a: landorustherian
|-damage|p1a: landorustherian|57/100
|
|-heal|p1a: landorustherian|63/100|[from] item: Leftovers
|-damage|p2a: Mandibuzz|94/100 tox|[from] psn
|upkeep
|turn|3
|
|t:|1665261710
|switch|p1a: Heatran|Heatran, M|100/100
|-item|p1a: Heatran|Air Balloon
|move|p2a: Mandibuzz|U-turn|p1a: Heatran
|-resisted|p1a: Heatran
|-damage|p1a: Heatran|98/100
|-enditem|p1a: Heatran|Air Balloon
|
|t:|1665261712
|switch|p2a: Swampert|Swampert, M|100/100|[from]move: U-turn
|
|upkeep
|turn|4
|
|t:|1665261715
|switch|p1a: Tangrowth|Tangrowth, F|100/100
|move|p2a: Swampert|Flip Turn|p1a: Tangrowth
|-resisted|p1a: Tangrowth
|-damage|p1a: Tangrowth|94/100
|-damage|p2a: Swampert|84/100|[from] item: Rocky Helmet|[of] p1a: Tangrowth
|
|t:|1665261719
|switch|p2a: Tapu Lele|Tapu Lele, shiny|100/100|[from]move: Flip Turn
|
|upkeep
|turn|5
|
|t:|1665261723
|switch|p1a: Melmetal|Melmetal|100/100
|move|p2a: Tapu Lele|Moonblast|p1a: Melmetal
|-resisted|p1a: Melmetal
|-damage|p1a: Melmetal|80/100
|-unboost|p1a: Melmetal|spa|1
|
|-fieldend|move: Psychic Terrain
|upkeep
|turn|6
|
|t:|1665261726
|switch|p2a: Mandibuzz|Mandibuzz, F|94/100 tox
|move|p1a: Melmetal|Ice Punch|p2a: Mandibuzz
|-supereffective|p2a: Mandibuzz
|-damage|p2a: Mandibuzz|53/100 tox
|
|-damage|p2a: Mandibuzz|47/100 tox|[from] psn
|upkeep
|turn|7
|
|t:|1665261728
|switch|p2a: Magnezone|Magnezone, shiny|100/100
|move|p1a: Melmetal|Ice Punch|p2a: Magnezone
|-resisted|p2a: Magnezone
|-damage|p2a: Magnezone|89/100
|-damage|p1a: Melmetal|64/100|[from] item: Rocky Helmet|[of] p2a: Magnezone
|
|upkeep
|turn|8
|
|t:|1665261730
|move|p2a: Magnezone|Magnet Rise|p2a: Magnezone
|-start|p2a: Magnezone|Magnet Rise
|move|p1a: Melmetal|Earthquake|p2a: Magnezone
|-immune|p2a: Magnezone
|
|upkeep
|turn|9
|
|t:|1665261731
|move|p2a: Magnezone|Iron Defense|p2a: Magnezone
|-boost|p2a: Magnezone|def|2
|move|p1a: Melmetal|Ice Punch|p2a: Magnezone
|-resisted|p2a: Magnezone
|-damage|p2a: Magnezone|83/100
|-damage|p1a: Melmetal|47/100|[from] item: Rocky Helmet|[of] p2a: Magnezone
|
|upkeep
|turn|10
|
|t:|1665261733
|move|p2a: Magnezone|Iron Defense|p2a: Magnezone
|-boost|p2a: Magnezone|def|2
|move|p1a: Melmetal|Ice Punch|p2a: Magnezone
|-resisted|p2a: Magnezone
|-damage|p2a: Magnezone|79/100
|-damage|p1a: Melmetal|31/100|[from] item: Rocky Helmet|[of] p2a: Magnezone
|
|upkeep
|turn|11
|
|t:|1665261734
|move|p2a: Magnezone|Body Press|p1a: Melmetal
|-supereffective|p1a: Melmetal
|-damage|p1a: Melmetal|0 fnt
|faint|p1a: Melmetal
|
|upkeep
|
|t:|1665261734
|switch|p1a: Heatran|Heatran, M|98/100
|turn|12
|
|t:|1665261737
|switch|p2a: Swampert|Swampert, M|84/100
|move|p1a: Heatran|Eruption|p2a: Swampert
|-resisted|p2a: Swampert
|-damage|p2a: Swampert|58/100
|
|-heal|p2a: Swampert|65/100|[from] item: Leftovers
|upkeep
|turn|13
|
|t:|1665261739
|switch|p1a: rotomwash|Rotom-Wash|100/100
|move|p2a: Swampert|Flip Turn|p1a: rotomwash
|-resisted|p1a: rotomwash
|-damage|p1a: rotomwash|89/100
|
|t:|1665261741
|switch|p2a: Rillaboom|Rillaboom, M|100/100|[from]move: Flip Turn
|-fieldstart|move: Grassy Terrain|[from] ability: Grassy Surge|[of] p2a: Rillaboom
|
|-heal|p1a: rotomwash|95/100|[from] item: Leftovers
|upkeep
|turn|14
|
|t:|1665261747
|switch|p1a: Tangrowth|Tangrowth, F|100/100
|move|p2a: Rillaboom|Knock Off|p1a: Tangrowth
|-damage|p1a: Tangrowth|74/100
|-damage|p2a: Rillaboom|84/100|[from] item: Rocky Helmet|[of] p1a: Tangrowth
|-enditem|p1a: Tangrowth|Rocky Helmet|[from] move: Knock Off|[of] p2a: Rillaboom
|
|-heal|p2a: Rillaboom|90/100|[from] Grassy Terrain
|-heal|p1a: Tangrowth|80/100|[from] Grassy Terrain
|upkeep
|turn|15
|
|t:|1665261753
|switch|p2a: Mandibuzz|Mandibuzz, F|47/100 tox
|move|p1a: Tangrowth|Knock Off|p2a: Mandibuzz
|-resisted|p2a: Mandibuzz
|-damage|p2a: Mandibuzz|39/100 tox
|-enditem|p2a: Mandibuzz|Heavy-Duty Boots|[from] move: Knock Off|[of] p1a: Tangrowth
|
|-heal|p1a: Tangrowth|87/100|[from] Grassy Terrain
|-damage|p2a: Mandibuzz|33/100 tox|[from] psn
|upkeep
|turn|16
|
|t:|1665261754
|move|p2a: Mandibuzz|Roost|p2a: Mandibuzz
|-heal|p2a: Mandibuzz|83/100 tox
|-singleturn|p2a: Mandibuzz|move: Roost
|move|p1a: Tangrowth|Knock Off|p2a: Mandibuzz
|-resisted|p2a: Mandibuzz
|-damage|p2a: Mandibuzz|79/100 tox
|
|-heal|p2a: Mandibuzz|85/100 tox|[from] Grassy Terrain
|-heal|p1a: Tangrowth|93/100|[from] Grassy Terrain
|-damage|p2a: Mandibuzz|73/100 tox|[from] psn
|upkeep
|turn|17
|
|t:|1665261760
|move|p2a: Mandibuzz|U-turn|p1a: Tangrowth
|-supereffective|p1a: Tangrowth
|-damage|p1a: Tangrowth|80/100
|
|t:|1665261762
|switch|p2a: Magnezone|Magnezone, shiny|79/100|[from]move: U-turn
|move|p1a: Tangrowth|Knock Off|p2a: Magnezone
|-damage|p2a: Magnezone|64/100
|-damage|p1a: Tangrowth|64/100|[from] item: Rocky Helmet|[of] p2a: Magnezone
|-enditem|p2a: Magnezone|Rocky Helmet|[from] move: Knock Off|[of] p1a: Tangrowth
|
|-heal|p2a: Magnezone|70/100|[from] Grassy Terrain
|-heal|p1a: Tangrowth|70/100|[from] Grassy Terrain
|-fieldend|move: Grassy Terrain
|upkeep
|turn|18
|
|t:|1665261766
|switch|p2a: Tapu Lele|Tapu Lele, shiny|100/100
|-fieldstart|move: Psychic Terrain|[from] ability: Psychic Surge|[of] p2a: Tapu Lele
|move|p1a: Tangrowth|Knock Off|p2a: Tapu Lele
|-damage|p2a: Tapu Lele|68/100
|-enditem|p2a: Tapu Lele|Choice Specs|[from] move: Knock Off|[of] p1a: Tangrowth
|
|upkeep
|turn|19
|
|t:|1665261771
|switch|p1a: Heatran|Heatran, M|98/100
|move|p2a: Tapu Lele|Moonblast|p1a: Heatran
|-resisted|p1a: Heatran
|-damage|p1a: Heatran|85/100
|
|upkeep
|turn|20
|
|t:|1665261774
|switch|p2a: Swampert|Swampert, M|65/100
|move|p1a: Heatran|Magma Storm|p2a: Swampert
|-resisted|p2a: Swampert
|-damage|p2a: Swampert|47/100
|-activate|p2a: Swampert|move: Magma Storm|[of] p1a: Heatran
|
|-heal|p2a: Swampert|53/100|[from] item: Leftovers
|-damage|p2a: Swampert|41/100|[from] move: Magma Storm|[partiallytrapped]
|upkeep
|turn|21
|
|t:|1665261776
|switch|p1a: Tangrowth|Tangrowth, F|100/100
|move|p2a: Swampert|Flip Turn|p1a: Tangrowth
|-resisted|p1a: Tangrowth
|-damage|p1a: Tangrowth|94/100
|
|t:|1665261781
|switch|p2a: Tapu Lele|Tapu Lele, shiny|68/100|[from]move: Flip Turn
|
|upkeep
|turn|22
|
|t:|1665261783
|move|p2a: Tapu Lele|Focus Blast|p1a: Tangrowth
|-damage|p1a: Tangrowth|26/100
|move|p1a: Tangrowth|Giga Drain|p2a: Tapu Lele
|-damage|p2a: Tapu Lele|38/100
|-heal|p1a: Tangrowth|37/100|[from] drain|[of] p2a: Tapu Lele
|
|-fieldend|move: Psychic Terrain
|upkeep
|turn|23
|
|t:|1665261786
|switch|p1a: rotomwash|Rotom-Wash|95/100
|move|p2a: Tapu Lele|Moonblast|p1a: rotomwash
|-damage|p1a: rotomwash|37/100
|
|-heal|p1a: rotomwash|43/100|[from] item: Leftovers
|upkeep
|turn|24
|
|t:|1665261787
|switch|p1a: landorustherian|Landorus-Therian, M|63/100
|-ability|p1a: landorustherian|Intimidate|boost
|-unboost|p2a: Tapu Lele|atk|1
|move|p2a: Tapu Lele|Moonblast|p1a: landorustherian
|-damage|p1a: landorustherian|21/100
|-unboost|p1a: landorustherian|spa|1
|
|-heal|p1a: landorustherian|27/100|[from] item: Leftovers
|upkeep
|turn|25
|
|t:|1665261789
|move|p2a: Tapu Lele|Moonblast|p1a: landorustherian
|-damage|p1a: landorustherian|0 fnt
|faint|p1a: landorustherian
|
|upkeep
|
|t:|1665261789
|switch|p1a: Weavile|Weavile, F|100/100
|-ability|p1a: Weavile|Pressure
|turn|26
|j| BezerraDaSilva
|
|t:|1665261800
|switch|p2a: Magnezone|Magnezone, shiny|70/100
|move|p1a: Weavile|Knock Off|p2a: Magnezone
|-damage|p2a: Magnezone|40/100
|
|upkeep
|turn|27
|
|t:|1665261802
|move|p1a: Weavile|Knock Off|p2a: Magnezone
|-damage|p2a: Magnezone|9/100
|move|p2a: Magnezone|Body Press|p1a: Weavile
|-supereffective|p1a: Weavile
|-damage|p1a: Weavile|0 fnt
|faint|p1a: Weavile
|
|upkeep
|
|t:|1665261802
|switch|p1a: Tangrowth|Tangrowth, F|70/100
|turn|28
|l| BezerraDaSilva
|
|t:|1665261808
|move|p2a: Magnezone|Thunderbolt|p1a: Tangrowth
|-resisted|p1a: Tangrowth
|-damage|p1a: Tangrowth|41/100
|move|p1a: Tangrowth|Knock Off|p2a: Magnezone
|-damage|p2a: Magnezone|0 fnt
|faint|p2a: Magnezone
|
|upkeep
|
|t:|1665261810
|switch|p2a: Tapu Lele|Tapu Lele, shiny|38/100
|-fieldstart|move: Psychic Terrain|[from] ability: Psychic Surge|[of] p2a: Tapu Lele
|turn|29
|
|t:|1665261813
|switch|p1a: Heatran|Heatran, M|85/100
|move|p2a: Tapu Lele|Shadow Ball|p1a: Heatran
|-damage|p1a: Heatran|57/100
|
|upkeep
|turn|30
|
|t:|1665261819
|switch|p2a: Swampert|Swampert, M|41/100
|move|p1a: Heatran|Magma Storm|p2a: Swampert
|-resisted|p2a: Swampert
|-damage|p2a: Swampert|24/100
|-activate|p2a: Swampert|move: Magma Storm|[of] p1a: Heatran
|
|-heal|p2a: Swampert|30/100|[from] item: Leftovers
|-damage|p2a: Swampert|18/100|[from] move: Magma Storm|[partiallytrapped]
|upkeep
|turn|31
|
|t:|1665261821
|move|p1a: Heatran|Earth Power|p2a: Swampert
|-damage|p2a: Swampert|0 fnt
|faint|p2a: Swampert
|
|upkeep
|
|t:|1665261824
|switch|p2a: Dragapult|Dragapult, F|100/100
|turn|32
|
|t:|1665261826
|move|p2a: Dragapult|Dragon Darts|p1a: Heatran
|-resisted|p1a: Heatran
|-damage|p1a: Heatran|35/100
|-anim|p2a: Dragapult|Dragon Darts|p1a: Heatran
|-resisted|p1a: Heatran
|-damage|p1a: Heatran|15/100
|move|p1a: Heatran|Magma Storm|p2a: Dragapult
|-resisted|p2a: Dragapult
|-damage|p2a: Dragapult|68/100
|-activate|p2a: Dragapult|move: Magma Storm|[of] p1a: Heatran
|
|-damage|p2a: Dragapult|56/100|[from] move: Magma Storm|[partiallytrapped]
|upkeep
|turn|33
|
|t:|1665261828
|move|p2a: Dragapult|Dragon Darts|p1a: Heatran
|-resisted|p1a: Heatran
|-damage|p1a: Heatran|0 fnt
|faint|p1a: Heatran
|
|-end|p2a: Dragapult|Magma Storm|[partiallytrapped]|[silent]
|-fieldend|move: Psychic Terrain
|upkeep
|
|t:|1665261828
|switch|p1a: Tangrowth|Tangrowth, F|74/100
|turn|34
|
|t:|1665261834
|move|p2a: Dragapult|Dragon Darts|p1a: Tangrowth
|-damage|p1a: Tangrowth|54/100
|-anim|p2a: Dragapult|Dragon Darts|p1a: Tangrowth
|-damage|p1a: Tangrowth|31/100
|move|p1a: Tangrowth|Sleep Powder|p2a: Dragapult
|-status|p2a: Dragapult|slp|[from] move: Sleep Powder
|
|upkeep
|turn|35
|
|t:|1665261836
|switch|p2a: Mandibuzz|Mandibuzz, F|73/100 tox
|move|p1a: Tangrowth|Giga Drain|p2a: Mandibuzz
|-resisted|p2a: Mandibuzz
|-damage|p2a: Mandibuzz|60/100 tox
|-heal|p1a: Tangrowth|38/100|[from] drain|[of] p2a: Mandibuzz
|
|-damage|p2a: Mandibuzz|54/100 tox|[from] psn
|upkeep
|turn|36
|
|t:|1665261838
|move|p2a: Mandibuzz|Roost|p2a: Mandibuzz
|-heal|p2a: Mandibuzz|100/100 tox
|-singleturn|p2a: Mandibuzz|move: Roost
|move|p1a: Tangrowth|Giga Drain|p2a: Mandibuzz
|-damage|p2a: Mandibuzz|75/100 tox
|-heal|p1a: Tangrowth|51/100|[from] drain|[of] p2a: Mandibuzz
|
|-damage|p2a: Mandibuzz|63/100 tox|[from] psn
|upkeep
|turn|37
|
|t:|1665261843
|move|p2a: Mandibuzz|Foul Play|p1a: Tangrowth
|-damage|p1a: Tangrowth|36/100
|move|p1a: Tangrowth|Giga Drain|p2a: Mandibuzz
|-resisted|p2a: Mandibuzz
|-damage|p2a: Mandibuzz|50/100 tox
|-heal|p1a: Tangrowth|42/100|[from] drain|[of] p2a: Mandibuzz
|
|-damage|p2a: Mandibuzz|32/100 tox|[from] psn
|upkeep
|turn|38
|
|t:|1665261848
|move|p2a: Mandibuzz|Foul Play|p1a: Tangrowth
|-damage|p1a: Tangrowth|26/100
|move|p1a: Tangrowth|Giga Drain|p2a: Mandibuzz
|-resisted|p2a: Mandibuzz
|-damage|p2a: Mandibuzz|21/100 tox
|-heal|p1a: Tangrowth|32/100|[from] drain|[of] p2a: Mandibuzz
|
|-damage|p2a: Mandibuzz|0 fnt|[from] psn
|faint|p2a: Mandibuzz
|upkeep
|
|t:|1665261850
|switch|p2a: Tapu Lele|Tapu Lele, shiny|38/100
|-fieldstart|move: Psychic Terrain|[from] ability: Psychic Surge|[of] p2a: Tapu Lele
|turn|39
|
|t:|1665261853
|switch|p1a: rotomwash|Rotom-Wash|43/100
|move|p2a: Tapu Lele|Moonblast|p1a: rotomwash
|-damage|p1a: rotomwash|0 fnt
|faint|p1a: rotomwash
|
|upkeep
|
|t:|1665261853
|switch|p1a: Tangrowth|Tangrowth, F|65/100
|turn|40
|
|t:|1665261854
|move|p2a: Tapu Lele|Moonblast|p1a: Tangrowth
|-damage|p1a: Tangrowth|0 fnt
|faint|p1a: Tangrowth
|
|win|cump4
|raw|minimax_ai's rating: 1686 &rarr; <strong>1672</strong><br />(-14 for losing)
|raw|cump4's rating: 1799 &rarr; <strong>1813</strong><br />(+14 for winning)
|c|☆minimax_ai|gg
