|j|‽djok barra hi
|j|‽goran el draco
|t:|1649676562
|gametype|singles
|player|p1|djok barra hi|102|1802
|player|p2|goran el draco|harlequin|1931
|teamsize|p1|6
|teamsize|p2|6
|gen|8
|tier|[Gen 8] OU
|rated|
|rule|Sleep Clause Mod: Limit one foe put to sleep
|rule|Species Clause: Limit one of each Pokémon
|rule|OHKO Clause: OHKO moves are banned
|rule|Evasion Moves Clause: Evasion moves are banned
|rule|Endless Battle Clause: Forcing endless battles is banned
|rule|HP Percentage Mod: HP is shown in percentages
|rule|Dynamax Clause: You cannot dynamax
|clearpoke
|poke|p1|Regieleki|
|poke|p1|Garchomp, M|
|poke|p1|Blissey, F|
|poke|p1|Heatran, M|
|poke|p1|Zapdos|
|poke|p1|Buzzwole|
|poke|p2|Obstagoon, M|
|poke|p2|Tyranitar, M|
|poke|p2|Landorus-Therian, M|
|poke|p2|Dragapult, F|
|poke|p2|Blacephalon|
|poke|p2|Clefable, F|
|teampreview
|inactive|Battle timer is ON: inactive players will automatically lose when time's up. (requested by goran el draco)
|
|t:|1649676583
|start
|switch|p1a: Garchomp|Garchomp, M|100/100
|switch|p2a: Clefable|Clefable, F|100/100
|turn|1
|
|t:|1649676588
|move|p1a: Garchomp|Stealth Rock|p2a: Clefable
|-sidestart|p2: goran el draco|move: Stealth Rock
|move|p2a: Clefable|Moonblast|p1a: Garchomp
|-supereffective|p1a: Garchomp
|-damage|p1a: Garchomp|43/100
|
|-heal|p1a: Garchomp|50/100|[from] item: Leftovers
|upkeep
|turn|2
|
|t:|1649676590
|move|p1a: Garchomp|Protect|p1a: Garchomp
|-singleturn|p1a: Garchomp|Protect
|move|p2a: Clefable|Moonblast|p1a: Garchomp
|-activate|p1a: Garchomp|move: Protect
|
|-heal|p1a: Garchomp|56/100|[from] item: Leftovers
|upkeep
|turn|3
|
|t:|1649676593
|switch|p1a: Heatran|Heatran, M|100/100
|move|p2a: Clefable|Teleport|p2a: Clefable
|
|t:|1649676597
|switch|p2a: Landorus|Landorus-Therian, M|100/100|[from]move: Teleport
|-damage|p2a: Landorus|88/100|[from] Stealth Rock
|-ability|p2a: Landorus|Intimidate|boost
|-unboost|p1a: Heatran|atk|1
|
|upkeep
|turn|4
|
|t:|1649676609
|switch|p1a: Buzzwole|Buzzwole|100/100
|move|p2a: Landorus|Stealth Rock|p1a: Buzzwole
|-sidestart|p1: djok barra hi|move: Stealth Rock
|
|upkeep
|turn|5
|
|t:|1649676613
|switch|p1a: Heatran|Heatran, M|100/100
|-damage|p1a: Heatran|88/100|[from] Stealth Rock
|switch|p2a: Clefable|Clefable, F|100/100
|
|-heal|p1a: Heatran|94/100|[from] item: Leftovers
|upkeep
|turn|6
|
|t:|1649676621
|switch|p2a: Landorus|Landorus-Therian, M|88/100
|-damage|p2a: Landorus|76/100|[from] Stealth Rock
|-ability|p2a: Landorus|Intimidate|boost
|-unboost|p1a: Heatran|atk|1
|move|p1a: Heatran|Magma Storm|p2a: Landorus|[miss]
|-miss|p1a: Heatran|p2a: Landorus
|
|-heal|p1a: Heatran|100/100|[from] item: Leftovers
|upkeep
|turn|7
|
|t:|1649676629
|switch|p1a: Buzzwole|Buzzwole|100/100
|-damage|p1a: Buzzwole|88/100|[from] Stealth Rock
|move|p2a: Landorus|Earthquake|p1a: Buzzwole
|-resisted|p1a: Buzzwole
|-damage|p1a: Buzzwole|73/100
|
|upkeep
|turn|8
|
|t:|1649676632
|switch|p2a: Clefable|Clefable, F|100/100
|move|p1a: Buzzwole|Ice Punch|p2a: Clefable
|-damage|p2a: Clefable|77/100
|-damage|p1a: Buzzwole|56/100|[from] item: Rocky Helmet|[of] p2a: Clefable
|
|upkeep
|turn|9
|
|t:|1649676636
|move|p1a: Buzzwole|Roost|p1a: Buzzwole
|-heal|p1a: Buzzwole|100/100
|-singleturn|p1a: Buzzwole|move: Roost
|move|p2a: Clefable|Teleport|p2a: Clefable
|
|t:|1649676639
|switch|p2a: Dragapult|Dragapult, F|100/100|[from]move: Teleport
|-damage|p2a: Dragapult|88/100|[from] Stealth Rock
|
|upkeep
|turn|10
|
|t:|1649676655
|switch|p1a: Heatran|Heatran, M|100/100
|-damage|p1a: Heatran|88/100|[from] Stealth Rock
|move|p2a: Dragapult|U-turn|p1a: Heatran
|-resisted|p1a: Heatran
|-damage|p1a: Heatran|85/100
|
|t:|1649676662
|switch|p2a: Tyranitar|Tyranitar, M|100/100|[from]move: U-turn
|-damage|p2a: Tyranitar|88/100|[from] Stealth Rock
|-weather|Sandstorm|[from] ability: Sand Stream|[of] p2a: Tyranitar
|
|-weather|Sandstorm|[upkeep]
|-heal|p1a: Heatran|92/100|[from] item: Leftovers
|upkeep
|turn|11
|
|t:|1649676676
|move|p2a: Tyranitar|Ice Punch|p1a: Heatran
|-resisted|p1a: Heatran
|-damage|p1a: Heatran|85/100
|-status|p2a: Tyranitar|brn|[from] ability: Flame Body|[of] p1a: Heatran
|move|p1a: Heatran|Earth Power|p2a: Tyranitar
|-supereffective|p2a: Tyranitar
|-damage|p2a: Tyranitar|55/100 brn
|
|-weather|Sandstorm|[upkeep]
|-heal|p1a: Heatran|91/100|[from] item: Leftovers
|-damage|p2a: Tyranitar|49/100 brn|[from] brn
|upkeep
|turn|12
|
|t:|1649676683
|switch|p2a: Landorus|Landorus-Therian, M|76/100
|-damage|p2a: Landorus|64/100|[from] Stealth Rock
|-ability|p2a: Landorus|Intimidate|boost
|-unboost|p1a: Heatran|atk|1
|move|p1a: Heatran|Magma Storm|p2a: Landorus|[miss]
|-miss|p1a: Heatran|p2a: Landorus
|
|-weather|Sandstorm|[upkeep]
|-heal|p1a: Heatran|97/100|[from] item: Leftovers
|upkeep
|turn|13
|
|t:|1649676694
|switch|p1a: Buzzwole|Buzzwole|100/100
|-damage|p1a: Buzzwole|88/100|[from] Stealth Rock
|move|p2a: Landorus|U-turn|p1a: Buzzwole
|-resisted|p1a: Buzzwole
|-damage|p1a: Buzzwole|81/100
|-damage|p2a: Landorus|47/100|[from] item: Rocky Helmet|[of] p1a: Buzzwole
|
|t:|1649676698
|switch|p2a: Dragapult|Dragapult, F|88/100|[from]move: U-turn
|-damage|p2a: Dragapult|76/100|[from] Stealth Rock
|
|-weather|Sandstorm|[upkeep]
|-damage|p2a: Dragapult|70/100|[from] Sandstorm
|-damage|p1a: Buzzwole|75/100|[from] Sandstorm
|upkeep
|turn|14
|
|t:|1649676707
|switch|p1a: Blissey|Blissey, F|100/100
|-damage|p1a: Blissey|88/100|[from] Stealth Rock
|move|p2a: Dragapult|U-turn|p1a: Blissey
|-damage|p1a: Blissey|74/100
|-damage|p2a: Dragapult|53/100|[from] item: Rocky Helmet|[of] p1a: Blissey
|
|t:|1649676713
|switch|p2a: Obstagoon|Obstagoon, M|100/100|[from]move: U-turn
|-damage|p2a: Obstagoon|88/100|[from] Stealth Rock
|
|-weather|none
|-status|p2a: Obstagoon|brn|[from] item: Flame Orb
|upkeep
|turn|15
|
|t:|1649676722
|switch|p1a: Garchomp|Garchomp, M|56/100
|-damage|p1a: Garchomp|50/100|[from] Stealth Rock
|move|p2a: Obstagoon|Bulk Up|p2a: Obstagoon
|-boost|p2a: Obstagoon|atk|1
|-boost|p2a: Obstagoon|def|1
|
|-heal|p1a: Garchomp|56/100|[from] item: Leftovers
|-damage|p2a: Obstagoon|82/100 brn|[from] brn
|upkeep
|turn|16
|
|t:|1649676725
|move|p1a: Garchomp|Protect|p1a: Garchomp
|-singleturn|p1a: Garchomp|Protect
|move|p2a: Obstagoon|Facade|p1a: Garchomp
|-activate|p1a: Garchomp|move: Protect
|
|-heal|p1a: Garchomp|62/100|[from] item: Leftovers
|-damage|p2a: Obstagoon|76/100 brn|[from] brn
|upkeep
|turn|17
|
|t:|1649676729
|move|p2a: Obstagoon|Facade|p1a: Garchomp
|-damage|p1a: Garchomp|0 fnt
|-damage|p2a: Obstagoon|64/100 brn|[from] ability: Rough Skin|[of] p1a: Garchomp
|faint|p1a: Garchomp
|
|-damage|p2a: Obstagoon|58/100 brn|[from] brn
|upkeep
|
|t:|1649676733
|switch|p1a: Regieleki|Regieleki|100/100
|-damage|p1a: Regieleki|88/100|[from] Stealth Rock
|turn|18
|
|t:|1649676738
|switch|p2a: Landorus|Landorus-Therian, M|47/100
|-damage|p2a: Landorus|35/100|[from] Stealth Rock
|-ability|p2a: Landorus|Intimidate|boost
|-unboost|p1a: Regieleki|atk|1
|move|p1a: Regieleki|Substitute|p1a: Regieleki
|-start|p1a: Regieleki|Substitute
|-damage|p1a: Regieleki|63/100
|
|-heal|p1a: Regieleki|69/100|[from] item: Leftovers
|upkeep
|turn|19
|
|t:|1649676741
|move|p1a: Regieleki|Protect|p1a: Regieleki
|-singleturn|p1a: Regieleki|Protect
|move|p2a: Landorus|Earthquake|p1a: Regieleki
|-activate|p1a: Regieleki|move: Protect
|
|-heal|p1a: Regieleki|75/100|[from] item: Leftovers
|upkeep
|turn|20
|
|t:|1649676742
|move|p1a: Regieleki|Rapid Spin|p2a: Landorus
|-damage|p2a: Landorus|28/100
|-boost|p1a: Regieleki|spe|1
|-damage|p1a: Regieleki|59/100|[from] item: Rocky Helmet|[of] p2a: Landorus
|-sideend|p1: djok barra hi|Stealth Rock|[from] move: Rapid Spin|[of] p1a: Regieleki
|move|p2a: Landorus|Earthquake|p1a: Regieleki
|-supereffective|p1a: Regieleki
|-end|p1a: Regieleki|Substitute
|
|-heal|p1a: Regieleki|65/100|[from] item: Leftovers
|upkeep
|turn|21
|
|t:|1649676747
|move|p1a: Regieleki|Substitute|p1a: Regieleki
|-start|p1a: Regieleki|Substitute
|-damage|p1a: Regieleki|40/100
|move|p2a: Landorus|Stealth Rock|p1a: Regieleki
|-sidestart|p1: djok barra hi|move: Stealth Rock
|
|-heal|p1a: Regieleki|46/100|[from] item: Leftovers
|upkeep
|turn|22
|
|t:|1649676749
|move|p1a: Regieleki|Protect|p1a: Regieleki
|-singleturn|p1a: Regieleki|Protect
|move|p2a: Landorus|Earthquake|p1a: Regieleki
|-activate|p1a: Regieleki|move: Protect
|
|-heal|p1a: Regieleki|52/100|[from] item: Leftovers
|upkeep
|turn|23
|
|t:|1649676751
|move|p1a: Regieleki|Rapid Spin|p2a: Landorus
|-damage|p2a: Landorus|21/100
|-boost|p1a: Regieleki|spe|1
|-damage|p1a: Regieleki|35/100|[from] item: Rocky Helmet|[of] p2a: Landorus
|-sideend|p1: djok barra hi|Stealth Rock|[from] move: Rapid Spin|[of] p1a: Regieleki
|move|p2a: Landorus|Earthquake|p1a: Regieleki
|-supereffective|p1a: Regieleki
|-end|p1a: Regieleki|Substitute
|
|-heal|p1a: Regieleki|41/100|[from] item: Leftovers
|upkeep
|turn|24
|
|t:|1649676758
|switch|p1a: Buzzwole|Buzzwole|75/100
|move|p2a: Landorus|Stealth Rock|p1a: Buzzwole
|-sidestart|p1: djok barra hi|move: Stealth Rock
|
|upkeep
|turn|25
|
|t:|1649676762
|switch|p2a: Clefable|Clefable, F|77/100
|move|p1a: Buzzwole|Roost|p1a: Buzzwole
|-heal|p1a: Buzzwole|100/100
|-singleturn|p1a: Buzzwole|move: Roost
|
|upkeep
|turn|26
|
|t:|1649676767
|switch|p1a: Heatran|Heatran, M|97/100
|-damage|p1a: Heatran|85/100|[from] Stealth Rock
|move|p2a: Clefable|Wish|p2a: Clefable
|
|-heal|p1a: Heatran|91/100|[from] item: Leftovers
|upkeep
|turn|27
|
|t:|1649676773
|move|p2a: Clefable|Protect|p2a: Clefable
|-singleturn|p2a: Clefable|Protect
|move|p1a: Heatran|Heavy Slam|p2a: Clefable
|-activate|p2a: Clefable|move: Protect
|
|-heal|p2a: Clefable|100/100|[from] move: Wish|[wisher] Clefable
|-heal|p1a: Heatran|97/100|[from] item: Leftovers
|upkeep
|turn|28
|
|t:|1649676796
|switch|p2a: Tyranitar|Tyranitar, M|49/100 brn
|-damage|p2a: Tyranitar|37/100 brn|[from] Stealth Rock
|-weather|Sandstorm|[from] ability: Sand Stream|[of] p2a: Tyranitar
|move|p1a: Heatran|Magma Storm|p2a: Tyranitar
|-resisted|p2a: Tyranitar
|-damage|p2a: Tyranitar|23/100 brn
|-activate|p2a: Tyranitar|move: Magma Storm|[of] p1a: Heatran
|
|-weather|Sandstorm|[upkeep]
|-heal|p1a: Heatran|100/100|[from] item: Leftovers
|-damage|p2a: Tyranitar|17/100 brn|[from] brn
|-damage|p2a: Tyranitar|5/100 brn|[from] move: Magma Storm|[partiallytrapped]
|upkeep
|turn|29
|
|t:|1649676802
|move|p2a: Tyranitar|Stone Edge|p1a: Heatran
|-damage|p1a: Heatran|72/100
|move|p1a: Heatran|Earth Power|p2a: Tyranitar
|-supereffective|p2a: Tyranitar
|-crit|p2a: Tyranitar
|-damage|p2a: Tyranitar|0 fnt
|faint|p2a: Tyranitar
|
|-weather|Sandstorm|[upkeep]
|-heal|p1a: Heatran|78/100|[from] item: Leftovers
|upkeep
|
|t:|1649676812
|switch|p2a: Dragapult|Dragapult, F|53/100
|-damage|p2a: Dragapult|41/100|[from] Stealth Rock
|turn|30
|
|t:|1649676818
|move|p2a: Dragapult|Shadow Ball|p1a: Heatran
|-damage|p1a: Heatran|28/100
|move|p1a: Heatran|Heavy Slam|p2a: Dragapult
|-damage|p2a: Dragapult|0 fnt
|faint|p2a: Dragapult
|
|-weather|Sandstorm|[upkeep]
|-heal|p1a: Heatran|34/100|[from] item: Leftovers
|upkeep
|
|t:|1649676821
|switch|p2a: Obstagoon|Obstagoon, M|58/100 brn
|-damage|p2a: Obstagoon|46/100 brn|[from] Stealth Rock
|turn|31
|
|t:|1649676833
|switch|p1a: Buzzwole|Buzzwole|100/100
|-damage|p1a: Buzzwole|88/100|[from] Stealth Rock
|move|p2a: Obstagoon|Knock Off|p1a: Buzzwole
|-resisted|p1a: Buzzwole
|-damage|p1a: Buzzwole|67/100
|-damage|p2a: Obstagoon|29/100 brn|[from] item: Rocky Helmet|[of] p1a: Buzzwole
|-enditem|p1a: Buzzwole|Rocky Helmet|[from] move: Knock Off|[of] p2a: Obstagoon
|
|-weather|Sandstorm|[upkeep]
|-damage|p2a: Obstagoon|23/100 brn|[from] Sandstorm
|-damage|p1a: Buzzwole|61/100|[from] Sandstorm
|-damage|p2a: Obstagoon|17/100 brn|[from] brn
|upkeep
|turn|32
|
|t:|1649676836
|switch|p2a: Clefable|Clefable, F|100/100
|move|p1a: Buzzwole|Roost|p1a: Buzzwole
|-heal|p1a: Buzzwole|100/100
|-singleturn|p1a: Buzzwole|move: Roost
|
|-weather|none
|upkeep
|turn|33
|
|t:|1649676841
|switch|p1a: Heatran|Heatran, M|34/100
|-damage|p1a: Heatran|22/100|[from] Stealth Rock
|move|p2a: Clefable|Wish|p2a: Clefable
|
|-heal|p1a: Heatran|28/100|[from] item: Leftovers
|upkeep
|turn|34
|
|t:|1649676846
|move|p1a: Heatran|Heavy Slam|p2a: Clefable
|-supereffective|p2a: Clefable
|-damage|p2a: Clefable|41/100
|-damage|p1a: Heatran|11/100|[from] item: Rocky Helmet|[of] p2a: Clefable
|move|p2a: Clefable|Teleport|p2a: Clefable
|
|t:|1649676862
|switch|p2a: Obstagoon|Obstagoon, M|17/100 brn|[from]move: Teleport
|-damage|p2a: Obstagoon|5/100 brn|[from] Stealth Rock
|
|-heal|p2a: Obstagoon|61/100 brn|[from] move: Wish|[wisher] Clefable
|-heal|p1a: Heatran|18/100|[from] item: Leftovers
|-damage|p2a: Obstagoon|55/100 brn|[from] brn
|upkeep
|turn|35
|
|t:|1649676886
|move|p2a: Obstagoon|Facade|p1a: Heatran
|-resisted|p1a: Heatran
|-damage|p1a: Heatran|0 fnt
|faint|p1a: Heatran
|
|-damage|p2a: Obstagoon|49/100 brn|[from] brn
|upkeep
|
|t:|1649676889
|switch|p1a: Zapdos|Zapdos|100/100
|turn|36
|
|t:|1649676892
|move|p1a: Zapdos|Thunderbolt|p2a: Obstagoon
|-damage|p2a: Obstagoon|0 fnt
|faint|p2a: Obstagoon
|
|upkeep
|
|t:|1649676899
|switch|p2a: Blacephalon|Blacephalon|100/100
|-damage|p2a: Blacephalon|76/100|[from] Stealth Rock
|turn|37
|
|t:|1649676906
|move|p2a: Blacephalon|Overheat|p1a: Zapdos
|-damage|p1a: Zapdos|14/100
|-unboost|p2a: Blacephalon|spa|2
|move|p1a: Zapdos|Thunderbolt|p2a: Blacephalon
|-damage|p2a: Blacephalon|0 fnt
|faint|p2a: Blacephalon
|
|upkeep
|
|t:|1649676910
|switch|p2a: Clefable|Clefable, F|41/100
|turn|38
|
|t:|1649676917
|move|p1a: Zapdos|Hurricane|p2a: Clefable
|-damage|p2a: Clefable|0 fnt
|faint|p2a: Clefable
|
|upkeep
|-message|goran el draco forfeited.
|
|win|djok barra hi
|raw|djok barra hi's rating: 1802 &rarr; <strong>1829</strong><br />(+27 for winning)
|raw|goran el draco's rating: 1931 &rarr; <strong>1904</strong><br />(-27 for losing)
|l|‽goran el draco
|c|‽djok barra hi|/log djok barra hi made this room public.
