|j|☆SternLance
|j|☆friedfreak
|t:|1620799508
|gametype|singles
|player|p1|SternLance|brock|1892
|player|p2|friedfreak|101|1807
|teamsize|p1|6
|teamsize|p2|6
|gen|8
|tier|[Gen 8] OU
|rated|
|rule|Sleep Clause Mod: Limit one foe put to sleep
|rule|Species Clause: Limit one of each Pokémon
|rule|OHKO Clause: OHKO moves are banned
|rule|Evasion Moves Clause: Evasion moves are banned
|rule|Endless Battle Clause: Forcing endless battles is banned
|rule|HP Percentage Mod: HP is shown in percentages
|rule|Dynamax Clause: You cannot dynamax
|clearpoke
|poke|p1|Moltres|
|poke|p1|Mamoswine, M|
|poke|p1|Swampert, F|
|poke|p1|Tapu Koko|
|poke|p1|Metagross|
|poke|p1|Salamence, F|
|poke|p2|Volcarona, F|
|poke|p2|Hydreigon, M|
|poke|p2|Clefable, M|
|poke|p2|Melmetal|
|poke|p2|Tapu Fini|
|poke|p2|Garchomp, F|
|teampreview
|inactive|Battle timer is ON: inactive players will automatically lose when time's up. (requested by friedfreak)
|j| cubaknow
|inactive|SternLance has 120 seconds left.
|
|t:|1620799553
|start
|switch|p1a: Ushiwaka|Mamoswine, M|100/100
|switch|p2a: Tapu Fini|Tapu Fini|100/100
|-fieldstart|move: Misty Terrain|[from] ability: Misty Surge|[of] p2a: Tapu Fini
|turn|1
|j| gpz123
|
|t:|1620799559
|switch|p1a: DAICHI|Swampert, F|100/100
|move|p2a: Tapu Fini|Scald|p1a: DAICHI
|-damage|p1a: DAICHI|71/100
|
|-heal|p1a: DAICHI|78/100|[from] item: Leftovers
|upkeep
|turn|2
|
|t:|1620799568
|switch|p2a: Garchomp|Garchomp, F|100/100
|move|p1a: DAICHI|Stealth Rock|p2a: Garchomp
|-sidestart|p2: friedfreak|move: Stealth Rock
|
|-heal|p1a: DAICHI|84/100|[from] item: Leftovers
|upkeep
|turn|3
|
|t:|1620799574
|move|p2a: Garchomp|Stealth Rock|p1a: DAICHI
|-sidestart|p1: SternLance|move: Stealth Rock
|move|p1a: DAICHI|Flip Turn|p2a: Garchomp
|-damage|p2a: Garchomp|76/100
|-damage|p1a: DAICHI|71/100|[from] ability: Rough Skin|[of] p2a: Garchomp
|
|t:|1620799578
|switch|p1a: Ushiwaka|Mamoswine, M|100/100|[from]move: Flip Turn
|-damage|p1a: Ushiwaka|88/100|[from] Stealth Rock
|
|-heal|p2a: Garchomp|82/100|[from] item: Leftovers
|upkeep
|turn|4
|l| gpz123
|inactive|friedfreak has 120 seconds left.
|
|t:|1620799613
|switch|p2a: Hydreigon|Hydreigon, M|100/100
|-damage|p2a: Hydreigon|88/100|[from] Stealth Rock
|move|p1a: Ushiwaka|Knock Off|p2a: Hydreigon
|-resisted|p2a: Hydreigon
|-damage|p2a: Hydreigon|65/100
|-enditem|p2a: Hydreigon|Leftovers|[from] move: Knock Off|[of] p1a: Ushiwaka
|
|upkeep
|turn|5
|inactive|friedfreak has 120 seconds left.
|
|t:|1620799633
|move|p1a: Ushiwaka|Ice Shard|p2a: Hydreigon
|-supereffective|p2a: Hydreigon
|-damage|p2a: Hydreigon|2/100
|move|p2a: Hydreigon|Earth Power|p1a: Ushiwaka
|-damage|p1a: Ushiwaka|48/100
|
|-fieldend|Misty Terrain
|upkeep
|turn|6
|inactive|friedfreak has 120 seconds left.
|
|t:|1620799644
|move|p1a: Ushiwaka|Ice Shard|p2a: Hydreigon
|-supereffective|p2a: Hydreigon
|-damage|p2a: Hydreigon|0 fnt
|faint|p2a: Hydreigon
|
|upkeep
|inactive|friedfreak has 120 seconds left.
|inactive|friedfreak has 90 seconds left.
|
|t:|1620799681
|switch|p2a: Volcarona|Volcarona, F|100/100
|turn|7
|inactive|friedfreak has 90 seconds left.
|
|t:|1620799694
|switch|p1a: Salamence|Salamence, F|100/100
|-ability|p1a: Salamence|Intimidate|boost
|-unboost|p2a: Volcarona|atk|1
|move|p2a: Volcarona|Giga Drain|p1a: Salamence
|-resisted|p1a: Salamence
|-damage|p1a: Salamence|94/100
|
|upkeep
|turn|8
|inactive|friedfreak has 90 seconds left.
|
|t:|1620799710
|switch|p2a: Clefable|Clefable, M|100/100
|move|p1a: Salamence|Earthquake|p2a: Clefable
|-damage|p2a: Clefable|58/100
|
|-heal|p2a: Clefable|64/100|[from] item: Leftovers
|upkeep
|turn|9
|j| 33EE3
|
|t:|1620799718
|switch|p1a: Tsukki|Metagross|100/100
|-damage|p1a: Tsukki|94/100|[from] Stealth Rock
|move|p2a: Clefable|Soft-Boiled|p2a: Clefable
|-heal|p2a: Clefable|100/100
|
|upkeep
|turn|10
|
|t:|1620799728
|switch|p2a: Volcarona|Volcarona, F|100/100
|move|p1a: Tsukki|Meteor Mash|p2a: Volcarona
|-resisted|p2a: Volcarona
|-damage|p2a: Volcarona|69/100
|-boost|p1a: Tsukki|atk|1
|
|upkeep
|turn|11
|
|t:|1620799737
|switch|p1a: Salamence|Salamence, F|94/100
|-ability|p1a: Salamence|Intimidate|boost
|-unboost|p2a: Volcarona|atk|1
|move|p2a: Volcarona|Fiery Dance|p1a: Salamence
|-resisted|p1a: Salamence
|-damage|p1a: Salamence|71/100
|
|upkeep
|turn|12
|
|t:|1620799746
|switch|p2a: Clefable|Clefable, M|100/100
|move|p1a: Salamence|Dual Wingbeat|p2a: Clefable
|-damage|p2a: Clefable|75/100
|-crit|p2a: Clefable
|-damage|p2a: Clefable|37/100
|-hitcount|p2a: Clefable|2
|
|-heal|p2a: Clefable|43/100|[from] item: Leftovers
|upkeep
|turn|13
|
|t:|1620799757
|move|p1a: Salamence|Dual Wingbeat|p2a: Clefable
|-damage|p2a: Clefable|16/100
|-damage|p2a: Clefable|0 fnt
|-hitcount|p2a: Clefable|2
|faint|p2a: Clefable
|
|upkeep
|inactive|friedfreak has 90 seconds left.
|
|t:|1620799787
|switch|p2a: Tapu Fini|Tapu Fini|100/100
|-damage|p2a: Tapu Fini|88/100|[from] Stealth Rock
|-fieldstart|move: Misty Terrain|[from] ability: Misty Surge|[of] p2a: Tapu Fini
|turn|14
|inactive|friedfreak has 90 seconds left.
|
|t:|1620799798
|switch|p1a: Tsukki|Metagross|94/100
|-damage|p1a: Tsukki|88/100|[from] Stealth Rock
|move|p2a: Tapu Fini|Moonblast|p1a: Tsukki
|-resisted|p1a: Tsukki
|-damage|p1a: Tsukki|75/100
|
|upkeep
|turn|15
|j| Jun10w
|inactive|friedfreak has 90 seconds left.
|l| Jun10w
|
|t:|1620799820
|switch|p2a: Volcarona|Volcarona, F|69/100
|move|p1a: Tsukki|Earthquake|p2a: Volcarona
|-damage|p2a: Volcarona|26/100
|
|upkeep
|turn|16
|
|t:|1620799825
|move|p2a: Volcarona|Roost|p2a: Volcarona
|-heal|p2a: Volcarona|76/100
|-singleturn|p2a: Volcarona|move: Roost
|move|p1a: Tsukki|Earthquake|p2a: Volcarona
|-damage|p2a: Volcarona|28/100
|
|upkeep
|turn|17
|
|t:|1620799830
|move|p2a: Volcarona|Roost|p2a: Volcarona
|-heal|p2a: Volcarona|78/100
|-singleturn|p2a: Volcarona|move: Roost
|move|p1a: Tsukki|Earthquake|p2a: Volcarona
|-damage|p2a: Volcarona|33/100
|
|upkeep
|turn|18
|
|t:|1620799843
|switch|p1a: Salamence|Salamence, F|71/100
|-ability|p1a: Salamence|Intimidate|boost
|-unboost|p2a: Volcarona|atk|1
|move|p2a: Volcarona|Roost|p2a: Volcarona
|-heal|p2a: Volcarona|83/100
|-singleturn|p2a: Volcarona|move: Roost
|
|-fieldend|Misty Terrain
|upkeep
|turn|19
|
|t:|1620799853
|switch|p2a: Garchomp|Garchomp, F|82/100
|-damage|p2a: Garchomp|76/100|[from] Stealth Rock
|move|p1a: Salamence|Earthquake|p2a: Garchomp
|-damage|p2a: Garchomp|34/100
|
|-heal|p2a: Garchomp|40/100|[from] item: Leftovers
|upkeep
|turn|20
|
|t:|1620799862
|switch|p1a: DAICHI|Swampert, F|71/100
|-damage|p1a: DAICHI|65/100|[from] Stealth Rock
|move|p2a: Garchomp|Stone Edge|p1a: DAICHI
|-resisted|p1a: DAICHI
|-damage|p1a: DAICHI|54/100
|
|-heal|p2a: Garchomp|46/100|[from] item: Leftovers
|-heal|p1a: DAICHI|60/100|[from] item: Leftovers
|upkeep
|turn|21
|
|t:|1620799871
|move|p2a: Garchomp|Earthquake|p1a: DAICHI
|-damage|p1a: DAICHI|27/100
|move|p1a: DAICHI|Yawn|p2a: Garchomp
|-start|p2a: Garchomp|move: Yawn|[of] p1a: DAICHI
|
|-heal|p2a: Garchomp|52/100|[from] item: Leftovers
|-heal|p1a: DAICHI|33/100|[from] item: Leftovers
|upkeep
|turn|22
|
|t:|1620799880
|switch|p2a: Tapu Fini|Tapu Fini|88/100
|-damage|p2a: Tapu Fini|76/100|[from] Stealth Rock
|-fieldstart|move: Misty Terrain|[from] ability: Misty Surge|[of] p2a: Tapu Fini
|move|p1a: DAICHI|Flip Turn|p2a: Tapu Fini
|-resisted|p2a: Tapu Fini
|-damage|p2a: Tapu Fini|58/100
|
|t:|1620799889
|switch|p1a: Tsukki|Metagross|75/100|[from]move: Flip Turn
|-damage|p1a: Tsukki|69/100|[from] Stealth Rock
|
|upkeep
|turn|23
|
|t:|1620799894
|switch|p2a: Volcarona|Volcarona, F|83/100
|move|p1a: Tsukki|Earthquake|p2a: Volcarona
|-damage|p2a: Volcarona|33/100
|
|upkeep
|turn|24
|
|t:|1620799902
|switch|p1a: Salamence|Salamence, F|71/100
|-ability|p1a: Salamence|Intimidate|boost
|-unboost|p2a: Volcarona|atk|1
|move|p2a: Volcarona|Roost|p2a: Volcarona
|-heal|p2a: Volcarona|84/100
|-singleturn|p2a: Volcarona|move: Roost
|
|upkeep
|turn|25
|
|t:|1620799911
|switch|p2a: Melmetal|Melmetal|100/100
|-damage|p2a: Melmetal|94/100|[from] Stealth Rock
|move|p1a: Salamence|Earthquake|p2a: Melmetal
|-supereffective|p2a: Melmetal
|-damage|p2a: Melmetal|48/100
|
|upkeep
|turn|26
|
|t:|1620799924
|switch|p1a: Pinch|Moltres|100/100
|move|p2a: Melmetal|Double Iron Bash|p1a: Pinch
|-resisted|p1a: Pinch
|-damage|p1a: Pinch|78/100
|-resisted|p1a: Pinch
|-damage|p1a: Pinch|53/100
|-hitcount|p1a: Pinch|2
|
|-fieldend|Misty Terrain
|upkeep
|turn|27
|
|t:|1620799931
|switch|p2a: Garchomp|Garchomp, F|52/100
|-damage|p2a: Garchomp|46/100|[from] Stealth Rock
|move|p1a: Pinch|Flamethrower|p2a: Garchomp
|-resisted|p2a: Garchomp
|-damage|p2a: Garchomp|20/100
|
|-heal|p2a: Garchomp|26/100|[from] item: Leftovers
|upkeep
|turn|28
|
|t:|1620799951
|switch|p1a: DAICHI|Swampert, F|33/100
|-damage|p1a: DAICHI|27/100|[from] Stealth Rock
|move|p2a: Garchomp|Stone Edge|p1a: DAICHI
|-resisted|p1a: DAICHI
|-damage|p1a: DAICHI|15/100
|
|-heal|p2a: Garchomp|32/100|[from] item: Leftovers
|-heal|p1a: DAICHI|21/100|[from] item: Leftovers
|upkeep
|turn|29
|
|t:|1620799960
|move|p2a: Garchomp|Earthquake|p1a: DAICHI
|-damage|p1a: DAICHI|0 fnt
|faint|p1a: DAICHI
|
|-heal|p2a: Garchomp|39/100|[from] item: Leftovers
|upkeep
|inactive|SternLance has 120 seconds left.
|
|t:|1620799988
|switch|p1a: Liberoooo|Tapu Koko|100/100
|-damage|p1a: Liberoooo|88/100|[from] Stealth Rock
|-fieldstart|move: Electric Terrain|[from] ability: Electric Surge|[of] p1a: Liberoooo
|turn|30
|
|t:|1620799998
|move|p1a: Liberoooo|Dazzling Gleam|p2a: Garchomp
|-supereffective|p2a: Garchomp
|-damage|p2a: Garchomp|0 fnt
|faint|p2a: Garchomp
|
|upkeep
|
|t:|1620800006
|switch|p2a: Melmetal|Melmetal|48/100
|-damage|p2a: Melmetal|42/100|[from] Stealth Rock
|turn|31
|
|t:|1620800022
|move|p1a: Liberoooo|Thunderbolt|p2a: Melmetal
|-damage|p2a: Melmetal|11/100
|move|p2a: Melmetal|Double Iron Bash|p1a: Liberoooo
|-damage|p1a: Liberoooo|32/100
|-damage|p1a: Liberoooo|0 fnt
|-hitcount|p1a: Liberoooo|2
|faint|p1a: Liberoooo
|
|upkeep
|
|t:|1620800035
|switch|p1a: Salamence|Salamence, F|71/100
|-ability|p1a: Salamence|Intimidate|boost
|-unboost|p2a: Melmetal|atk|1
|turn|32
|j| Aphro mari
|
|t:|1620800043
|move|p1a: Salamence|Earthquake|p2a: Melmetal
|-supereffective|p2a: Melmetal
|-damage|p2a: Melmetal|0 fnt
|faint|p2a: Melmetal
|
|upkeep
|
|t:|1620800045
|switch|p2a: Tapu Fini|Tapu Fini|58/100
|-damage|p2a: Tapu Fini|46/100|[from] Stealth Rock
|-fieldstart|move: Misty Terrain|[from] ability: Misty Surge|[of] p2a: Tapu Fini
|turn|33
|
|t:|1620800057
|switch|p1a: Pinch|Moltres|53/100
|move|p2a: Tapu Fini|Moonblast|p1a: Pinch
|-resisted|p1a: Pinch
|-damage|p1a: Pinch|29/100
|
|upkeep
|turn|34
|
|t:|1620800087
|switch|p2a: Volcarona|Volcarona, F|84/100
|move|p1a: Pinch|Mystical Fire|p2a: Volcarona
|-damage|p2a: Volcarona|50/100
|-unboost|p2a: Volcarona|spa|1
|
|upkeep
|turn|35
|
|t:|1620800099
|switch|p2a: Tapu Fini|Tapu Fini|46/100
|-damage|p2a: Tapu Fini|33/100|[from] Stealth Rock
|move|p1a: Pinch|Mystical Fire|p2a: Tapu Fini
|-resisted|p2a: Tapu Fini
|-damage|p2a: Tapu Fini|14/100
|-unboost|p2a: Tapu Fini|spa|1
|
|upkeep
|turn|36
|
|t:|1620800112
|move|p2a: Tapu Fini|Scald|p1a: Pinch
|-supereffective|p1a: Pinch
|-damage|p1a: Pinch|0 fnt
|faint|p1a: Pinch
|
|upkeep
|
|t:|1620800116
|switch|p1a: Salamence|Salamence, F|71/100
|-ability|p1a: Salamence|Intimidate|boost
|-unboost|p2a: Tapu Fini|atk|1
|turn|37
|
|t:|1620800120
|move|p2a: Tapu Fini|Scald|p1a: Salamence
|-resisted|p1a: Salamence
|-damage|p1a: Salamence|58/100
|-status|p1a: Salamence|brn
|move|p1a: Salamence|Dragon Dance|p1a: Salamence
|-boost|p1a: Salamence|atk|1
|-boost|p1a: Salamence|spe|1
|
|-damage|p1a: Salamence|52/100 brn|[from] brn
|-fieldend|Misty Terrain
|upkeep
|turn|38
|
|t:|1620800134
|switch|p2a: Volcarona|Volcarona, F|50/100
|move|p1a: Salamence|Earthquake|p2a: Volcarona
|-damage|p2a: Volcarona|16/100
|
|-damage|p1a: Salamence|46/100 brn|[from] brn
|upkeep
|turn|39
|
|t:|1620800139
|move|p1a: Salamence|Earthquake|p2a: Volcarona
|-damage|p2a: Volcarona|0 fnt
|faint|p2a: Volcarona
|
|-damage|p1a: Salamence|39/100 brn|[from] brn
|upkeep
|
|t:|1620800141
|switch|p2a: Tapu Fini|Tapu Fini|14/100
|-damage|p2a: Tapu Fini|2/100|[from] Stealth Rock
|-fieldstart|move: Misty Terrain|[from] ability: Misty Surge|[of] p2a: Tapu Fini
|turn|40
|
|t:|1620800144
|move|p1a: Salamence|Earthquake|p2a: Tapu Fini
|-damage|p2a: Tapu Fini|0 fnt
|faint|p2a: Tapu Fini
|
|win|SternLance
|raw|SternLance's rating: 1892 &rarr; <strong>1907</strong><br />(+15 for winning)
|raw|friedfreak's rating: 1807 &rarr; <strong>1792</strong><br />(-15 for losing)
|l|☆friedfreak
