|j|☆Meroz
|j|☆China-oob
|t:|1662471000
|gametype|singles
|player|p1|Meroz|101|1757
|player|p2|China-oob|1|1684
|teamsize|p1|6
|teamsize|p2|6
|gen|8
|tier|[Gen 8] OU
|rated|
|rule|Sleep Clause Mod: Limit one foe put to sleep
|rule|Species Clause: Limit one of each Pokémon
|rule|OHKO Clause: OHKO moves are banned
|rule|Evasion Items Clause: Evasion items are banned
|rule|Evasion Moves Clause: Evasion moves are banned
|rule|Endless Battle Clause: Forcing endless battles is banned
|rule|HP Percentage Mod: HP is shown in percentages
|rule|Dynamax Clause: You cannot dynamax
|clearpoke
|poke|p1|Zeraora|
|poke|p1|Heatran, M|
|poke|p1|Landorus-Therian, M|
|poke|p1|Tapu Fini|
|poke|p1|Tornadus-Therian, M|
|poke|p1|Melmetal|
|poke|p2|Zapdos|
|poke|p2|Weavile, M|
|poke|p2|Kartana|
|poke|p2|Landorus-Therian, M|
|poke|p2|Volcanion|
|poke|p2|Melmetal|
|teampreview
|inactive|Battle timer is ON: inactive players will automatically lose when time's up. (requested by Meroz)
|
|t:|1662471022
|start
|switch|p1a: Tornadus|Tornadus-Therian, M|100/100
|switch|p2a: Volcanion|Volcanion|100/100
|turn|1
|
|t:|1662471028
|move|p1a: Tornadus|Knock Off|p2a: Volcanion
|-damage|p2a: Volcanion|82/100
|-enditem|p2a: Volcanion|Choice Specs|[from] move: Knock Off|[of] p1a: Tornadus
|move|p2a: Volcanion|Sludge Bomb|p1a: Tornadus
|-damage|p1a: Tornadus|79/100
|
|upkeep
|turn|2
|
|t:|1662471036
|move|p1a: Tornadus|Hurricane|p2a: Volcanion
|-damage|p2a: Volcanion|30/100
|-start|p2a: Volcanion|confusion
|-activate|p2a: Volcanion|confusion
|move|p2a: Volcanion|Steam Eruption|p1a: Tornadus
|-damage|p1a: Tornadus|40/100
|
|upkeep
|turn|3
|
|t:|1662471041
|move|p1a: Tornadus|Hurricane|p2a: Volcanion
|-damage|p2a: Volcanion|0 fnt
|faint|p2a: Volcanion
|
|upkeep
|
|t:|1662471045
|switch|p2a: Zapdos|Zapdos|100/100
|turn|4
|j| Ragnnis
|
|t:|1662471054
|switch|p1a: Zeraora|Zeraora|100/100
|switch|p2a: Landorus|Landorus-Therian, M|100/100
|-ability|p2a: Landorus|Intimidate|boost
|-unboost|p1a: Zeraora|atk|1
|
|upkeep
|turn|5
|
|t:|1662471063
|switch|p1a: Landorus|Landorus-Therian, M|100/100
|-ability|p1a: Landorus|Intimidate|boost
|-unboost|p2a: Landorus|atk|1
|move|p2a: Landorus|U-turn|p1a: Landorus
|-resisted|p1a: Landorus
|-damage|p1a: Landorus|93/100
|
|t:|1662471065
|switch|p2a: Weavile|Weavile, M|100/100|[from]move: U-turn
|-ability|p2a: Weavile|Pressure
|
|-heal|p1a: Landorus|99/100|[from] item: Leftovers
|upkeep
|turn|6
|j| Oh So Cynical
|
|t:|1662471077
|switch|p1a: Tapu Fini|Tapu Fini|100/100
|-fieldstart|move: Misty Terrain|[from] ability: Misty Surge|[of] p1a: Tapu Fini
|move|p2a: Weavile|Beat Up|p1a: Tapu Fini
|-resisted|p1a: Tapu Fini
|-damage|p1a: Tapu Fini|96/100
|-resisted|p1a: Tapu Fini
|-damage|p1a: Tapu Fini|91/100
|-resisted|p1a: Tapu Fini
|-damage|p1a: Tapu Fini|86/100
|-resisted|p1a: Tapu Fini
|-damage|p1a: Tapu Fini|82/100
|-resisted|p1a: Tapu Fini
|-damage|p1a: Tapu Fini|77/100
|-hitcount|p1a: Tapu Fini|5
|
|-heal|p1a: Tapu Fini|83/100|[from] item: Leftovers
|upkeep
|turn|7
|c|☆China-oob|lol
|
|t:|1662471087
|switch|p2a: Melmetal|Melmetal|100/100
|move|p1a: Tapu Fini|Scald|p2a: Melmetal
|-damage|p2a: Melmetal|67/100
|
|-heal|p1a: Tapu Fini|89/100|[from] item: Leftovers
|upkeep
|turn|8
|
|t:|1662471101
|switch|p1a: Heatran|Heatran, M|100/100
|-item|p1a: Heatran|Air Balloon
|move|p2a: Melmetal|Superpower|p1a: Heatran
|-supereffective|p1a: Heatran
|-damage|p1a: Heatran|0 fnt
|-unboost|p2a: Melmetal|atk|1
|-unboost|p2a: Melmetal|def|1
|-enditem|p1a: Heatran|Air Balloon
|faint|p1a: Heatran
|
|upkeep
|j| ChristianBeThatGuy
|
|t:|1662471125
|switch|p1a: Landorus|Landorus-Therian, M|99/100
|-ability|p1a: Landorus|Intimidate|boost
|-unboost|p2a: Melmetal|atk|1
|turn|9
|
|t:|1662471135
|switch|p2a: Landorus|Landorus-Therian, M|100/100
|-ability|p2a: Landorus|Intimidate|boost
|-unboost|p1a: Landorus|atk|1
|move|p1a: Landorus|Toxic|p2a: Landorus
|-status|p2a: Landorus|tox
|
|-heal|p1a: Landorus|100/100|[from] item: Leftovers
|-damage|p2a: Landorus|94/100 tox|[from] psn
|upkeep
|turn|10
|
|t:|1662471139
|move|p2a: Landorus|U-turn|p1a: Landorus
|-resisted|p1a: Landorus
|-damage|p1a: Landorus|91/100
|
|t:|1662471142
|switch|p2a: Melmetal|Melmetal|67/100|[from]move: U-turn
|move|p1a: Landorus|U-turn|p2a: Melmetal
|-resisted|p2a: Melmetal
|-damage|p2a: Melmetal|63/100
|
|t:|1662471149
|switch|p1a: Melmetal|Melmetal|100/100|[from]move: U-turn
|
|-fieldend|Misty Terrain
|upkeep
|turn|11
|
|t:|1662471153
|move|p1a: Melmetal|Protect|p1a: Melmetal
|-singleturn|p1a: Melmetal|Protect
|move|p2a: Melmetal|Superpower|p1a: Melmetal
|-activate|p1a: Melmetal|move: Protect
|
|upkeep
|turn|12
|
|t:|1662471165
|switch|p2a: Zapdos|Zapdos|100/100
|switch|p1a: Landorus|Landorus-Therian, M|91/100
|-ability|p1a: Landorus|Intimidate|boost
|-unboost|p2a: Zapdos|atk|1
|
|-heal|p1a: Landorus|97/100|[from] item: Leftovers
|upkeep
|turn|13
|
|t:|1662471170
|move|p2a: Zapdos|Hurricane|p1a: Landorus|[miss]
|-miss|p2a: Zapdos|p1a: Landorus
|move|p1a: Landorus|Toxic|p2a: Zapdos
|-status|p2a: Zapdos|tox
|
|-heal|p1a: Landorus|100/100|[from] item: Leftovers
|-damage|p2a: Zapdos|94/100 tox|[from] psn
|upkeep
|turn|14
|
|t:|1662471184
|switch|p2a: Melmetal|Melmetal|63/100
|switch|p1a: Zeraora|Zeraora|100/100
|
|upkeep
|turn|15
|
|t:|1662471200
|switch|p1a: Landorus|Landorus-Therian, M|100/100
|-ability|p1a: Landorus|Intimidate|boost
|-unboost|p2a: Melmetal|atk|1
|move|p2a: Melmetal|Superpower|p1a: Landorus
|-resisted|p1a: Landorus
|-damage|p1a: Landorus|76/100
|-unboost|p2a: Melmetal|atk|1
|-unboost|p2a: Melmetal|def|1
|
|-heal|p1a: Landorus|82/100|[from] item: Leftovers
|upkeep
|turn|16
|l| Ragnnis
|
|t:|1662471213
|switch|p1a: Melmetal|Melmetal|100/100
|switch|p2a: Zapdos|Zapdos|94/100 tox
|
|-damage|p2a: Zapdos|88/100 tox|[from] psn
|upkeep
|turn|17
|
|t:|1662471219
|move|p1a: Melmetal|Protect|p1a: Melmetal
|-singleturn|p1a: Melmetal|Protect
|move|p2a: Zapdos|Volt Switch|p1a: Melmetal
|-activate|p1a: Melmetal|move: Protect
|
|-damage|p2a: Zapdos|76/100 tox|[from] psn
|upkeep
|turn|18
|
|t:|1662471229
|switch|p1a: Tornadus|Tornadus-Therian, M|73/100
|move|p2a: Zapdos|Volt Switch|p1a: Tornadus
|-supereffective|p1a: Tornadus
|-damage|p1a: Tornadus|23/100
|
|t:|1662471233
|switch|p2a: Weavile|Weavile, M|100/100|[from]move: Volt Switch
|-ability|p2a: Weavile|Pressure
|
|upkeep
|turn|19
|l| Oh So Cynical
|
|t:|1662471245
|switch|p1a: Tapu Fini|Tapu Fini|89/100
|-fieldstart|move: Misty Terrain|[from] ability: Misty Surge|[of] p1a: Tapu Fini
|move|p2a: Weavile|Knock Off|p1a: Tapu Fini
|-resisted|p1a: Tapu Fini
|-damage|p1a: Tapu Fini|67/100
|-enditem|p1a: Tapu Fini|Leftovers|[from] move: Knock Off|[of] p2a: Weavile
|
|upkeep
|turn|20
|
|t:|1662471255
|switch|p2a: Zapdos|Zapdos|76/100 tox
|move|p1a: Tapu Fini|Scald|p2a: Zapdos
|-damage|p2a: Zapdos|42/100 tox
|
|-damage|p2a: Zapdos|36/100 tox|[from] psn
|upkeep
|turn|21
|j| wiiimicks
|
|t:|1662471262
|switch|p1a: Landorus|Landorus-Therian, M|82/100
|-ability|p1a: Landorus|Intimidate|boost
|-unboost|p2a: Zapdos|atk|1
|move|p2a: Zapdos|Roost|p2a: Zapdos
|-heal|p2a: Zapdos|86/100 tox
|-singleturn|p2a: Zapdos|move: Roost
|
|-heal|p1a: Landorus|88/100|[from] item: Leftovers
|-damage|p2a: Zapdos|73/100 tox|[from] psn
|upkeep
|turn|22
|
|t:|1662471269
|switch|p1a: Zeraora|Zeraora|100/100
|move|p2a: Zapdos|Hurricane|p1a: Zeraora
|-resisted|p1a: Zeraora
|-damage|p1a: Zeraora|60/100
|
|-damage|p2a: Zapdos|55/100 tox|[from] psn
|upkeep
|turn|23
|
|t:|1662471274
|switch|p2a: Landorus|Landorus-Therian, M|94/100 tox
|-ability|p2a: Landorus|Intimidate|boost
|-unboost|p1a: Zeraora|atk|1
|move|p1a: Zeraora|Knock Off|p2a: Landorus
|-damage|p2a: Landorus|74/100 tox
|-enditem|p2a: Landorus|Leftovers|[from] move: Knock Off|[of] p1a: Zeraora
|
|-damage|p2a: Landorus|68/100 tox|[from] psn
|-fieldend|Misty Terrain
|upkeep
|turn|24
|
|t:|1662471285
|switch|p1a: Tornadus|Tornadus-Therian, M|56/100
|move|p2a: Landorus|U-turn|p1a: Tornadus
|-resisted|p1a: Tornadus
|-damage|p1a: Tornadus|45/100
|
|t:|1662471288
|switch|p2a: Weavile|Weavile, M|100/100|[from]move: U-turn
|-ability|p2a: Weavile|Pressure
|
|upkeep
|turn|25
|l| wiiimicks
|
|t:|1662471291
|switch|p2a: Zapdos|Zapdos|55/100 tox
|switch|p1a: Tapu Fini|Tapu Fini|67/100
|-fieldstart|move: Misty Terrain|[from] ability: Misty Surge|[of] p1a: Tapu Fini
|
|-damage|p2a: Zapdos|48/100 tox|[from] psn
|upkeep
|turn|26
|
|t:|1662471299
|move|p2a: Zapdos|Roost|p2a: Zapdos
|-heal|p2a: Zapdos|99/100 tox
|-singleturn|p2a: Zapdos|move: Roost
|move|p1a: Tapu Fini|Calm Mind|p1a: Tapu Fini
|-boost|p1a: Tapu Fini|spa|1
|-boost|p1a: Tapu Fini|spd|1
|
|-damage|p2a: Zapdos|86/100 tox|[from] psn
|upkeep
|turn|27
|
|t:|1662471302
|move|p2a: Zapdos|Volt Switch|p1a: Tapu Fini
|-supereffective|p1a: Tapu Fini
|-damage|p1a: Tapu Fini|28/100
|
|t:|1662471307
|switch|p2a: Melmetal|Melmetal|63/100|[from]move: Volt Switch
|move|p1a: Tapu Fini|Draining Kiss|p2a: Melmetal
|-resisted|p2a: Melmetal
|-damage|p2a: Melmetal|48/100
|-heal|p1a: Tapu Fini|42/100|[from] drain|[of] p2a: Melmetal
|
|upkeep
|turn|28
|c|☆Meroz|scald
|
|t:|1662471326
|move|p1a: Tapu Fini|Scald|p2a: Melmetal
|-damage|p2a: Melmetal|5/100
|move|p2a: Melmetal|Double Iron Bash|p1a: Tapu Fini
|-damage|p1a: Tapu Fini|0 fnt
|faint|p1a: Tapu Fini
|-hitcount|p1: Tapu Fini|1
|
|upkeep
|j| wiiimicks
|l| wiiimicks
|
|t:|1662471346
|switch|p1a: Landorus|Landorus-Therian, M|88/100
|-ability|p1a: Landorus|Intimidate|boost
|-unboost|p2a: Melmetal|atk|1
|turn|29
|c|☆China-oob|l ol
|
|t:|1662471349
|move|p1a: Landorus|Earthquake|p2a: Melmetal
|-supereffective|p2a: Melmetal
|-damage|p2a: Melmetal|0 fnt
|faint|p2a: Melmetal
|
|-heal|p1a: Landorus|94/100|[from] item: Leftovers
|-fieldend|Misty Terrain
|upkeep
|
|t:|1662471353
|switch|p2a: Weavile|Weavile, M|100/100
|-ability|p2a: Weavile|Pressure
|turn|30
|
|t:|1662471362
|move|p2a: Weavile|Triple Axel|p1a: Landorus
|-supereffective|p1a: Landorus
|-crit|p1a: Landorus
|-damage|p1a: Landorus|0 fnt
|faint|p1a: Landorus
|-hitcount|p1: Landorus|1
|
|upkeep
|
|t:|1662471366
|switch|p1a: Melmetal|Melmetal|100/100
|turn|31
|
|t:|1662471377
|switch|p2a: Zapdos|Zapdos|86/100 tox
|move|p1a: Melmetal|Double Iron Bash|p2a: Zapdos
|-resisted|p2a: Zapdos
|-damage|p2a: Zapdos|59/100 tox
|-status|p1a: Melmetal|par|[from] ability: Static|[of] p2a: Zapdos
|-resisted|p2a: Zapdos
|-damage|p2a: Zapdos|32/100 tox
|-hitcount|p2a: Zapdos|2
|
|-damage|p2a: Zapdos|26/100 tox|[from] psn
|upkeep
|turn|32
|j| wiiimicks
|l| wiiimicks
|
|t:|1662471385
|switch|p1a: Tornadus|Tornadus-Therian, M|78/100
|move|p2a: Zapdos|Hurricane|p1a: Tornadus|[miss]
|-miss|p2a: Zapdos|p1a: Tornadus
|
|-damage|p2a: Zapdos|13/100 tox|[from] psn
|upkeep
|turn|33
|
|t:|1662471391
|move|p1a: Tornadus|Heat Wave|p2a: Zapdos
|-damage|p2a: Zapdos|0 fnt
|faint|p2a: Zapdos
|
|upkeep
|
|t:|1662471394
|switch|p2a: Weavile|Weavile, M|100/100
|-ability|p2a: Weavile|Pressure
|turn|34
|
|t:|1662471410
|move|p2a: Weavile|Knock Off|p1a: Tornadus
|-damage|p1a: Tornadus|0 fnt
|-enditem|p1a: Tornadus|Assault Vest|[from] move: Knock Off|[of] p2a: Weavile
|faint|p1a: Tornadus
|
|upkeep
|
|t:|1662471415
|switch|p1a: Melmetal|Melmetal|100/100 par
|turn|35
|
|t:|1662471420
|move|p2a: Weavile|Knock Off|p1a: Melmetal
|-damage|p1a: Melmetal|55/100 par
|-enditem|p1a: Melmetal|Leftovers|[from] move: Knock Off|[of] p2a: Weavile
|move|p1a: Melmetal|Double Iron Bash|p2a: Weavile
|-supereffective|p2a: Weavile
|-damage|p2a: Weavile|0 fnt
|faint|p2a: Weavile
|-hitcount|p2: Weavile|1
|
|upkeep
|
|t:|1662471426
|switch|p2a: Landorus|Landorus-Therian, M|68/100 tox
|-ability|p2a: Landorus|Intimidate|boost
|-unboost|p1a: Melmetal|atk|1
|turn|36
|
|t:|1662471431
|move|p1a: Melmetal|Protect|p1a: Melmetal
|-singleturn|p1a: Melmetal|Protect
|move|p2a: Landorus|Earthquake|p1a: Melmetal
|-activate|p1a: Melmetal|move: Protect
|
|-damage|p2a: Landorus|62/100 tox|[from] psn
|upkeep
|turn|37
|
|t:|1662471436
|move|p1a: Melmetal|Protect|p1a: Melmetal
|-singleturn|p1a: Melmetal|Protect
|move|p2a: Landorus|Earthquake|p1a: Melmetal
|-activate|p1a: Melmetal|move: Protect
|
|-damage|p2a: Landorus|50/100 tox|[from] psn
|upkeep
|turn|38
|
|t:|1662471439
|move|p2a: Landorus|Earthquake|p1a: Melmetal
|-supereffective|p1a: Melmetal
|-crit|p1a: Melmetal
|-damage|p1a: Melmetal|0 fnt
|faint|p1a: Melmetal
|
|-damage|p2a: Landorus|32/100 tox|[from] psn
|upkeep
|
|t:|1662471442
|switch|p1a: Zeraora|Zeraora|60/100
|turn|39
|
|t:|1662471445
|move|p1a: Zeraora|Knock Off|p2a: Landorus
|-damage|p2a: Landorus|10/100 tox
|move|p2a: Landorus|Earthquake|p1a: Zeraora
|-supereffective|p1a: Zeraora
|-damage|p1a: Zeraora|0 fnt
|faint|p1a: Zeraora
|
|win|China-oob
|raw|Meroz's rating: 1757 &rarr; <strong>1733</strong><br />(-24 for losing)
|raw|China-oob's rating: 1684 &rarr; <strong>1708</strong><br />(+24 for winning)
|c|☆China-oob|gg
|l| ChristianBeThatGuy
|l|☆Meroz
||Ladder isn't responding, score probably updated but might not have (Request timeout).
