|j|☆Gotham Paladin
|j|☆TheGreatInquisitor
|player|p1|Gotham Paladin|283|1317
|player|p2|TheGreatInquisitor|170|1266
|teamsize|p1|6
|teamsize|p2|6
|gametype|singles
|gen|8
|tier|[Gen 8] OU
|rated|
|rule|Sleep Clause Mod: Limit one foe put to sleep
|rule|Species Clause: Limit one of each Pokémon
|rule|OHKO Clause: OHKO moves are banned
|rule|Moody Clause: Moody is banned
|rule|Evasion Moves Clause: Evasion moves are banned
|rule|Endless Battle Clause: Forcing endless battles is banned
|rule|HP Percentage Mod: HP is shown in percentages
|clearpoke
|poke|p1|Hippowdon, M|item
|poke|p1|Excadrill, M|item
|poke|p1|Dragapult, F|item
|poke|p1|Gyarados, M|item
|poke|p1|Arcanine, F|item
|poke|p1|Clefable, F|item
|poke|p2|Dragapult, F|item
|poke|p2|Darmanitan-Galar, F|item
|poke|p2|Rotom-Wash|item
|poke|p2|Bisharp, F|item
|poke|p2|Excadrill, F|item
|poke|p2|Toxapex, F|item
|teampreview
|
|start
|switch|p1a: Clefable|Clefable, F|100/100
|switch|p2a: Darmanitan|Darmanitan-Galar, F|100/100
|turn|1
|
|switch|p1a: Arcanine|Arcanine, F|100/100
|-ability|p1a: Arcanine|Intimidate|boost
|-unboost|p2a: Darmanitan|atk|1
|move|p2a: Darmanitan|U-turn|p1a: Arcanine
|-resisted|p1a: Arcanine
|-damage|p1a: Arcanine|91/100
|inactive|Battle timer is ON: inactive players will automatically lose when time's up. (requested by Gotham Paladin)
|
|switch|p2a: Toxapex|Toxapex, F|100/100|[from]move: U-turn
|
|upkeep
|turn|2
|
|switch|p1a: Excadrill|Excadrill, M|100/100
|move|p2a: Toxapex|Toxic Spikes|p1a: Excadrill
|-sidestart|p1: Gotham Paladin|move: Toxic Spikes
|
|upkeep
|turn|3
|
|move|p1a: Excadrill|Rapid Spin|p2a: Toxapex
|-damage|p2a: Toxapex|79/100
|-sideend|p1: Gotham Paladin|Toxic Spikes|[from] move: Rapid Spin|[of] p1a: Excadrill
|-boost|p1a: Excadrill|spe|1
|-damage|p1a: Excadrill|91/100|[from] item: Life Orb
|move|p2a: Toxapex|Scald|p1a: Excadrill
|-supereffective|p1a: Excadrill
|-damage|p1a: Excadrill|49/100
|
|-heal|p2a: Toxapex|85/100|[from] item: Black Sludge
|upkeep
|turn|4
|
|move|p1a: Excadrill|Earthquake|p2a: Toxapex
|-supereffective|p2a: Toxapex
|-damage|p2a: Toxapex|0 fnt
|-damage|p1a: Excadrill|39/100|[from] item: Life Orb
|faint|p2a: Toxapex
|
|upkeep
|inactive|TheGreatInquisitor has 120 seconds left.
|
|switch|p2a: Darmanitan|Darmanitan-Galar, F|100/100
|turn|5
|inactive|TheGreatInquisitor has 120 seconds left.
|
|switch|p1a: Gyarados|Gyarados, M|100/100
|-ability|p1a: Gyarados|Intimidate|boost
|-unboost|p2a: Darmanitan|atk|1
|move|p2a: Darmanitan|Icicle Crash|p1a: Gyarados
|-damage|p1a: Gyarados|38/100
|
|upkeep
|turn|6
|
|switch|p2a: Rotom|Rotom-Wash|100/100
|switch|p1a: Arcanine|Arcanine, F|91/100
|-ability|p1a: Arcanine|Intimidate|boost
|-unboost|p2a: Rotom|atk|1
|
|upkeep
|turn|7
|
|switch|p1a: Clefable|Clefable, F|100/100
|move|p2a: Rotom|Reflect|p2a: Rotom
|-sidestart|p2: TheGreatInquisitor|Reflect
|
|upkeep
|turn|8
|inactive|TheGreatInquisitor has 120 seconds left.
|
|move|p2a: Rotom|Volt Switch|p1a: Clefable
|-damage|p1a: Clefable|81/100
|
|switch|p2a: Bisharp|Bisharp, F|100/100|[from]move: Volt Switch
|move|p1a: Clefable|Calm Mind|p1a: Clefable
|-boost|p1a: Clefable|spa|1
|-boost|p1a: Clefable|spd|1
|
|-heal|p1a: Clefable|88/100|[from] item: Leftovers
|upkeep
|turn|9
|
|switch|p1a: Hippowdon|Hippowdon, M|100/100
|-weather|Sandstorm|[from] ability: Sand Stream|[of] p1a: Hippowdon
|move|p2a: Bisharp|Iron Head|p1a: Hippowdon
|-crit|p1a: Hippowdon
|-damage|p1a: Hippowdon|60/100
|
|-weather|Sandstorm|[upkeep]
|-heal|p1a: Hippowdon|66/100|[from] item: Leftovers
|upkeep
|turn|10
|
|switch|p2a: Rotom|Rotom-Wash|100/100
|move|p1a: Hippowdon|Roar|p2a: Rotom
|drag|p2a: Dragapult|Dragapult, F|100/100
|
|-weather|Sandstorm|[upkeep]
|-damage|p2a: Dragapult|95/100|[from] Sandstorm
|-heal|p2a: Dragapult|100/100|[from] item: Leftovers
|-heal|p1a: Hippowdon|72/100|[from] item: Leftovers
|upkeep
|turn|11
|
|move|p2a: Dragapult|Dragon Dance|p2a: Dragapult
|-boost|p2a: Dragapult|atk|1
|-boost|p2a: Dragapult|spe|1
|move|p1a: Hippowdon|Stealth Rock|p2a: Dragapult
|-sidestart|p2: TheGreatInquisitor|move: Stealth Rock
|
|-weather|Sandstorm|[upkeep]
|-damage|p2a: Dragapult|95/100|[from] Sandstorm
|-heal|p2a: Dragapult|100/100|[from] item: Leftovers
|-heal|p1a: Hippowdon|78/100|[from] item: Leftovers
|-sideend|p2: TheGreatInquisitor|Reflect
|upkeep
|turn|12
|
|move|p2a: Dragapult|Dragon Dance|p2a: Dragapult
|-boost|p2a: Dragapult|atk|1
|-boost|p2a: Dragapult|spe|1
|move|p1a: Hippowdon|Roar|p2a: Dragapult
|drag|p2a: Bisharp|Bisharp, F|100/100
|-damage|p2a: Bisharp|95/100|[from] Stealth Rock
|
|-weather|Sandstorm|[upkeep]
|-heal|p1a: Hippowdon|85/100|[from] item: Leftovers
|upkeep
|turn|13
|inactive|TheGreatInquisitor has 120 seconds left.
|
|switch|p2a: Rotom|Rotom-Wash|100/100
|-damage|p2a: Rotom|88/100|[from] Stealth Rock
|move|p1a: Hippowdon|Earthquake|p2a: Rotom
|-immune|p2a: Rotom|[from] ability: Levitate
|
|-weather|none
|-heal|p2a: Rotom|94/100|[from] item: Leftovers
|-heal|p1a: Hippowdon|91/100|[from] item: Leftovers
|upkeep
|turn|14
|inactive|TheGreatInquisitor has 120 seconds left.
|
|switch|p1a: Clefable|Clefable, F|88/100
|move|p2a: Rotom|Reflect|p2a: Rotom
|-sidestart|p2: TheGreatInquisitor|Reflect
|
|-heal|p2a: Rotom|100/100|[from] item: Leftovers
|-heal|p1a: Clefable|94/100|[from] item: Leftovers
|upkeep
|turn|15
|inactive|TheGreatInquisitor has 120 seconds left.
|
|move|p2a: Rotom|Volt Switch|p1a: Clefable
|-damage|p1a: Clefable|74/100
|
|switch|p2a: Bisharp|Bisharp, F|95/100|[from]move: Volt Switch
|-damage|p2a: Bisharp|89/100|[from] Stealth Rock
|move|p1a: Clefable|Flamethrower|p2a: Bisharp
|-supereffective|p2a: Bisharp
|-damage|p2a: Bisharp|34/100
|
|-heal|p1a: Clefable|80/100|[from] item: Leftovers
|upkeep
|turn|16
|
|switch|p1a: Hippowdon|Hippowdon, M|91/100
|-weather|Sandstorm|[from] ability: Sand Stream|[of] p1a: Hippowdon
|move|p2a: Bisharp|Swords Dance|p2a: Bisharp
|-boost|p2a: Bisharp|atk|2
|
|-weather|Sandstorm|[upkeep]
|-heal|p1a: Hippowdon|97/100|[from] item: Leftovers
|upkeep
|turn|17
|inactive|TheGreatInquisitor has 120 seconds left.
|inactive|Gotham Paladin has 120 seconds left.
|inactive|TheGreatInquisitor has 90 seconds left.
|inactive|TheGreatInquisitor has 60 seconds left.
|
|move|p2a: Bisharp|Night Slash|p1a: Hippowdon
|-damage|p1a: Hippowdon|42/100
|move|p1a: Hippowdon|Earthquake|p2a: Bisharp
|-supereffective|p2a: Bisharp
|-damage|p2a: Bisharp|0 fnt
|faint|p2a: Bisharp
|
|-weather|Sandstorm|[upkeep]
|-heal|p1a: Hippowdon|49/100|[from] item: Leftovers
|upkeep
|inactive|TheGreatInquisitor has 30 seconds left.
|
|switch|p2a: Darmanitan|Darmanitan-Galar, F|100/100
|-damage|p2a: Darmanitan|76/100|[from] Stealth Rock
|turn|18
|inactive|TheGreatInquisitor has 30 seconds left.
|inactive|TheGreatInquisitor has 20 seconds left.
|
|switch|p1a: Arcanine|Arcanine, F|91/100
|-ability|p1a: Arcanine|Intimidate|boost
|-unboost|p2a: Darmanitan|atk|1
|move|p2a: Darmanitan|Earthquake|p1a: Arcanine
|-supereffective|p1a: Arcanine
|-damage|p1a: Arcanine|39/100
|
|-weather|Sandstorm|[upkeep]
|-damage|p2a: Darmanitan|70/100|[from] Sandstorm
|-damage|p1a: Arcanine|32/100|[from] Sandstorm
|-sideend|p2: TheGreatInquisitor|Reflect
|upkeep
|turn|19
|inactive|TheGreatInquisitor has 30 seconds left this turn.
|inactive|TheGreatInquisitor has 20 seconds left.
|inactive|Gotham Paladin has 120 seconds left.
|inactive|TheGreatInquisitor has 15 seconds left.
|inactive|TheGreatInquisitor has 10 seconds left.
|inactive|TheGreatInquisitor has 5 seconds left.
|
|switch|p2a: Rotom|Rotom-Wash|100/100
|-damage|p2a: Rotom|88/100|[from] Stealth Rock
|move|p1a: Arcanine|Will-O-Wisp|p2a: Rotom
|-status|p2a: Rotom|brn
|
|-weather|Sandstorm|[upkeep]
|-damage|p1a: Arcanine|26/100|[from] Sandstorm
|-damage|p2a: Rotom|82/100 brn|[from] Sandstorm
|-heal|p2a: Rotom|88/100 brn|[from] item: Leftovers
|-damage|p2a: Rotom|82/100 brn|[from] brn
|upkeep
|turn|20
|inactive|TheGreatInquisitor has 15 seconds left this turn.
|inactive|TheGreatInquisitor has 10 seconds left.
|inactive|TheGreatInquisitor has 5 seconds left.
|
|switch|p1a: Dragapult|Dragapult, F|100/100
|move|p2a: Rotom|Reflect|p2a: Rotom
|-sidestart|p2: TheGreatInquisitor|Reflect
|
|-weather|none
|-heal|p2a: Rotom|88/100 brn|[from] item: Leftovers
|-damage|p2a: Rotom|82/100 brn|[from] brn
|upkeep
|turn|21
|inactive|TheGreatInquisitor has 15 seconds left this turn.
|inactive|Gotham Paladin has 120 seconds left.
|inactive|TheGreatInquisitor has 10 seconds left.
|inactive|TheGreatInquisitor has 5 seconds left.
|
|move|p1a: Dragapult|Draco Meteor|p2a: Rotom
|-damage|p2a: Rotom|19/100 brn
|-unboost|p1a: Dragapult|spa|2
|move|p2a: Rotom|Volt Switch|p1a: Dragapult
|-resisted|p1a: Dragapult
|-damage|p1a: Dragapult|85/100
|inactive|TheGreatInquisitor has 10 seconds left this turn.
|inactive|TheGreatInquisitor has 5 seconds left.
|-message|TheGreatInquisitor lost due to inactivity.
|
|win|Gotham Paladin
|l|☆TheGreatInquisitor
||Ladder (probably) updated, but score could not be retrieved (Response not received).
