|j|☆Cubielubie
|j|☆2(H2O)-Alt
|t:|1652768140
|gametype|singles
|player|p1|Cubielubie|lucas|1616
|player|p2|2(H2O)-Alt|kukui-stand|1626
|teamsize|p1|6
|teamsize|p2|6
|gen|8
|tier|[Gen 8] OU
|rated|
|rule|Sleep Clause Mod: Limit one foe put to sleep
|rule|Species Clause: Limit one of each Pokémon
|rule|OHKO Clause: OHKO moves are banned
|rule|Evasion Moves Clause: Evasion moves are banned
|rule|Endless Battle Clause: Forcing endless battles is banned
|rule|HP Percentage Mod: HP is shown in percentages
|rule|Dynamax Clause: You cannot dynamax
|clearpoke
|poke|p1|Machamp, M|
|poke|p1|Corviknight, M|
|poke|p1|Umbreon, M|
|poke|p1|Rhyperior, M|
|poke|p1|Clefable, F|
|poke|p1|Slowking-Galar, M|
|poke|p2|Hatterene, F|
|poke|p2|Melmetal|
|poke|p2|Marowak-Alola, F|
|poke|p2|Crawdaunt, F|
|poke|p2|Porygon2|
|poke|p2|Cresselia, F|
|teampreview
|
|t:|1652768163
|start
|switch|p1a: Slowking|Slowking-Galar, M, shiny|100/100
|switch|p2a: Hatterene|Hatterene, F|100/100
|turn|1
|
|t:|1652768168
|move|p1a: Slowking|Sludge Bomb|p2a: Hatterene
|-supereffective|p2a: Hatterene
|-damage|p2a: Hatterene|8/100
|move|p2a: Hatterene|Trick Room|p2a: Hatterene
|-fieldstart|move: Trick Room|[of] p2a: Hatterene
|
|upkeep
|turn|2
|
|t:|1652768172
|move|p2a: Hatterene|Misty Explosion|p1a: Slowking
|-resisted|p1a: Slowking
|-damage|p1a: Slowking|86/100
|faint|p2a: Hatterene
|move|p1a: Slowking|Future Sight|p2: Hatterene
|-start|p1a: Slowking|move: Future Sight
|
|upkeep
|inactive|Battle timer is ON: inactive players will automatically lose when time's up. (requested by 2(H2O)-Alt)
|
|t:|1652768178
|switch|p2a: Marowak|Marowak-Alola, F|100/100
|turn|3
|
|t:|1652768184
|switch|p1a: Rhyperior|Rhyperior, M|100/100
|move|p2a: Marowak|Swords Dance|p2a: Marowak
|-boost|p2a: Marowak|atk|2
|
|upkeep
|turn|4
|
|t:|1652768190
|switch|p2a: Melmetal|Melmetal, shiny|100/100
|move|p1a: Rhyperior|Earthquake|p2a: Melmetal
|-supereffective|p2a: Melmetal
|-damage|p2a: Melmetal|55/100
|
|-end|p2a: Melmetal|move: Future Sight
|-resisted|p2a: Melmetal
|-damage|p2a: Melmetal|27/100
|upkeep
|turn|5
|
|t:|1652768197
|switch|p1a: Corviknight|Corviknight, M, shiny|100/100
|-ability|p1a: Corviknight|Pressure
|move|p2a: Melmetal|Double Iron Bash|p1a: Corviknight
|-resisted|p1a: Corviknight
|-damage|p1a: Corviknight|80/100
|-damage|p2a: Melmetal|10/100|[from] item: Rocky Helmet|[of] p1a: Corviknight
|-resisted|p1a: Corviknight
|-damage|p1a: Corviknight|61/100
|-damage|p2a: Melmetal|0 fnt|[from] item: Rocky Helmet|[of] p1a: Corviknight
|faint|p2a: Melmetal
|-hitcount|p1a: Corviknight|2
|
|-fieldend|move: Trick Room
|upkeep
|j| HBbdhuash
|
|t:|1652768209
|switch|p2a: Marowak|Marowak-Alola, F|100/100
|turn|6
|
|t:|1652768215
|switch|p1a: Rhyperior|Rhyperior, M|100/100
|move|p2a: Marowak|Flare Blitz|p1a: Rhyperior
|-resisted|p1a: Rhyperior
|-damage|p1a: Rhyperior|71/100
|-status|p1a: Rhyperior|brn
|
|-damage|p1a: Rhyperior|65/100 brn|[from] brn
|upkeep
|turn|7
|l| HBbdhuash
|
|t:|1652768223
|move|p2a: Marowak|Poltergeist|p1a: Rhyperior
|-activate|p1a: Rhyperior|move: Poltergeist|Rindo Berry
|-damage|p1a: Rhyperior|6/100 brn
|move|p1a: Rhyperior|Stealth Rock|p2a: Marowak
|-sidestart|p2: 2(H2O)-Alt|move: Stealth Rock
|
|-damage|p1a: Rhyperior|0 fnt|[from] brn
|faint|p1a: Rhyperior
|upkeep
|
|t:|1652768232
|switch|p1a: Umbreon|Umbreon, M, shiny|100/100
|turn|8
|
|t:|1652768238
|switch|p2a: Porygon2|Porygon2|100/100
|-damage|p2a: Porygon2|88/100|[from] Stealth Rock
|-ability|p2a: Porygon2|Download|boost
|-boost|p2a: Porygon2|spa|1
|move|p1a: Umbreon|Foul Play|p2a: Porygon2
|-damage|p2a: Porygon2|74/100
|
|upkeep
|turn|9
|
|t:|1652768265
|switch|p1a: Slowking|Slowking-Galar, M, shiny|100/100
|move|p2a: Porygon2|Trick Room|p2a: Porygon2
|-fieldstart|move: Trick Room|[of] p2a: Porygon2
|
|upkeep
|turn|10
|
|t:|1652768273
|move|p1a: Slowking|Future Sight|p2a: Porygon2
|-start|p1a: Slowking|move: Future Sight
|move|p2a: Porygon2|Teleport|p2a: Porygon2
|
|t:|1652768275
|switch|p2a: Crawdaunt|Crawdaunt, F|100/100|[from]move: Teleport
|-damage|p2a: Crawdaunt|88/100|[from] Stealth Rock
|
|upkeep
|turn|11
|
|t:|1652768280
|switch|p1a: Corviknight|Corviknight, M, shiny|61/100
|-ability|p1a: Corviknight|Pressure
|move|p2a: Crawdaunt|Knock Off|p1a: Corviknight
|-damage|p1a: Corviknight|1/100
|-damage|p2a: Crawdaunt|71/100|[from] item: Rocky Helmet|[of] p1a: Corviknight
|-enditem|p1a: Corviknight|Rocky Helmet|[from] move: Knock Off|[of] p2a: Crawdaunt
|-damage|p2a: Crawdaunt|61/100|[from] item: Life Orb
|
|upkeep
|turn|12
|
|t:|1652768289
|move|p2a: Crawdaunt|Knock Off|p1a: Corviknight
|-damage|p1a: Corviknight|0 fnt
|faint|p1a: Corviknight
|-damage|p2a: Crawdaunt|51/100|[from] item: Life Orb
|
|-end|p2a: Crawdaunt|move: Future Sight
|-immune|p2a: Crawdaunt
|upkeep
|j| Clefan
|c|☆2(H2O)-Alt|man
|
|t:|1652768293
|switch|p1a: Machamp|Machamp, M|100/100
|turn|13
|c|☆2(H2O)-Alt|your team is so weak to rains
|
|t:|1652768306
|switch|p2a: Cresselia|Cresselia, F|100/100
|-damage|p2a: Cresselia|88/100|[from] Stealth Rock
|move|p1a: Machamp|Vacuum Wave|p2a: Cresselia
|-resisted|p2a: Cresselia
|-damage|p2a: Cresselia|82/100
|
|-heal|p2a: Cresselia|88/100|[from] item: Leftovers
|-fieldend|move: Trick Room
|upkeep
|turn|14
|c|☆2(H2O)-Alt|how do you deal with them
|
|t:|1652768324
|switch|p1a: Umbreon|Umbreon, M, shiny|100/100
|move|p2a: Cresselia|Trick Room|p2a: Cresselia
|-fieldstart|move: Trick Room|[of] p2a: Cresselia
|
|-heal|p2a: Cresselia|94/100|[from] item: Leftovers
|upkeep
|turn|15
|
|t:|1652768333
|move|p1a: Umbreon|Wish|p1a: Umbreon
|move|p2a: Cresselia|Lunar Dance|p2a: Cresselia
|faint|p2a: Cresselia
|
|upkeep
|
|t:|1652768336
|switch|p2a: Crawdaunt|Crawdaunt, F|51/100
|-heal|p2a: Crawdaunt|100/100|[from] move: Lunar Dance
|-damage|p2a: Crawdaunt|88/100|[from] Stealth Rock
|turn|16
|
|t:|1652768340
|move|p1a: Umbreon|Protect|p1a: Umbreon
|-singleturn|p1a: Umbreon|Protect
|move|p2a: Crawdaunt|Swords Dance|p2a: Crawdaunt
|-boost|p2a: Crawdaunt|atk|2
|
|upkeep
|turn|17
|
|t:|1652768347
|switch|p1a: Slowking|Slowking-Galar, M, shiny|100/100
|move|p2a: Crawdaunt|Crabhammer|p1a: Slowking
|-damage|p1a: Slowking|0 fnt
|faint|p1a: Slowking
|-damage|p2a: Crawdaunt|78/100|[from] item: Life Orb
|
|upkeep
|
|t:|1652768357
|switch|p1a: Clefable|Clefable, F|100/100
|turn|18
|
|t:|1652768359
|move|p2a: Crawdaunt|Crabhammer|p1a: Clefable
|-damage|p1a: Clefable|22/100
|-damage|p2a: Crawdaunt|61/100|[from] item: Rocky Helmet|[of] p1a: Clefable
|-damage|p2a: Crawdaunt|51/100|[from] item: Life Orb
|move|p1a: Clefable|Moonblast|p2a: Crawdaunt
|-supereffective|p2a: Crawdaunt
|-damage|p2a: Crawdaunt|0 fnt
|faint|p2a: Crawdaunt
|
|-fieldend|move: Trick Room
|upkeep
|
|t:|1652768369
|switch|p2a: Porygon2|Porygon2|74/100
|-damage|p2a: Porygon2|61/100|[from] Stealth Rock
|-ability|p2a: Porygon2|Download|boost
|-boost|p2a: Porygon2|spa|1
|turn|19
|
|t:|1652768377
|move|p1a: Clefable|Soft-Boiled|p1a: Clefable
|-heal|p1a: Clefable|72/100
|move|p2a: Porygon2|Trick Room|p2a: Porygon2
|-fieldstart|move: Trick Room|[of] p2a: Porygon2
|
|upkeep
|turn|20
|
|t:|1652768382
|switch|p1a: Umbreon|Umbreon, M, shiny|100/100
|move|p2a: Porygon2|Teleport|p2a: Porygon2
|
|t:|1652768385
|switch|p2a: Marowak|Marowak-Alola, F|100/100|[from]move: Teleport
|-damage|p2a: Marowak|76/100|[from] Stealth Rock
|
|upkeep
|turn|21
|
|t:|1652768415
|move|p2a: Marowak|Flare Blitz|p1a: Umbreon
|-damage|p1a: Umbreon|36/100
|-status|p1a: Umbreon|brn
|-activate|p1a: Umbreon|ability: Synchronize
|-immune|p2a: Marowak
|move|p1a: Umbreon|Foul Play|p2a: Marowak
|-supereffective|p2a: Marowak
|-damage|p2a: Marowak|36/100
|
|-heal|p1a: Umbreon|42/100 brn|[from] item: Leftovers
|-damage|p1a: Umbreon|36/100 brn|[from] brn
|upkeep
|turn|22
|
|t:|1652768426
|move|p1a: Umbreon|Protect|p1a: Umbreon
|-singleturn|p1a: Umbreon|Protect
|move|p2a: Marowak|Swords Dance|p2a: Marowak
|-boost|p2a: Marowak|atk|2
|
|-heal|p1a: Umbreon|42/100 brn|[from] item: Leftovers
|-damage|p1a: Umbreon|36/100 brn|[from] brn
|upkeep
|turn|23
|
|t:|1652768433
|move|p2a: Marowak|Flare Blitz|p1a: Umbreon
|-damage|p1a: Umbreon|0 fnt
|faint|p1a: Umbreon
|
|-fieldend|move: Trick Room
|upkeep
|
|t:|1652768435
|switch|p1a: Machamp|Machamp, M|100/100
|turn|24
|j| coeur de le ciel
|
|t:|1652768440
|switch|p2a: Porygon2|Porygon2|61/100
|-damage|p2a: Porygon2|49/100|[from] Stealth Rock
|-ability|p2a: Porygon2|Download|boost
|-boost|p2a: Porygon2|atk|1
|move|p1a: Machamp|Knock Off|p2a: Porygon2
|-damage|p2a: Porygon2|33/100
|-enditem|p2a: Porygon2|Eviolite|[from] move: Knock Off|[of] p1a: Machamp
|
|upkeep
|turn|25
|
|t:|1652768450
|switch|p1a: Clefable|Clefable, F|72/100
|move|p2a: Porygon2|Trick Room|p2a: Porygon2
|-fieldstart|move: Trick Room|[of] p2a: Porygon2
|
|upkeep
|turn|26
|
|t:|1652768457
|move|p2a: Porygon2|Recover|p2a: Porygon2
|-heal|p2a: Porygon2|83/100
|move|p1a: Clefable|Soft-Boiled|p1a: Clefable
|-heal|p1a: Clefable|100/100
|
|upkeep
|turn|27
|
|t:|1652768462
|move|p2a: Porygon2|Ice Beam|p1a: Clefable
|-damage|p1a: Clefable|82/100
|move|p1a: Clefable|Moonblast|p2a: Porygon2
|-damage|p2a: Porygon2|63/100
|
|upkeep
|turn|28
|j| Gaylarian
|
|t:|1652768472
|move|p2a: Porygon2|Ice Beam|p1a: Clefable
|-damage|p1a: Clefable|64/100
|move|p1a: Clefable|Moonblast|p2a: Porygon2
|-damage|p2a: Porygon2|41/100
|
|upkeep
|turn|29
|
|t:|1652768479
|move|p2a: Porygon2|Recover|p2a: Porygon2
|-heal|p2a: Porygon2|91/100
|move|p1a: Clefable|Moonblast|p2a: Porygon2
|-damage|p2a: Porygon2|70/100
|
|-fieldend|move: Trick Room
|upkeep
|turn|30
|j| filthy xenos
|
|t:|1652768485
|move|p1a: Clefable|Moonblast|p2a: Porygon2
|-damage|p2a: Porygon2|50/100
|-unboost|p2a: Porygon2|spa|1
|move|p2a: Porygon2|Recover|p2a: Porygon2
|-heal|p2a: Porygon2|99/100
|
|upkeep
|turn|31
|l| filthy xenos
|
|t:|1652768491
|move|p1a: Clefable|Moonblast|p2a: Porygon2
|-damage|p2a: Porygon2|78/100
|-unboost|p2a: Porygon2|spa|1
|move|p2a: Porygon2|Ice Beam|p1a: Clefable
|-damage|p1a: Clefable|45/100
|-status|p1a: Clefable|frz
|
|upkeep
|turn|32
|c|☆2(H2O)-Alt|less go
|
|t:|1652768513
|switch|p1a: Machamp|Machamp, M|100/100
|move|p2a: Porygon2|Trick Room|p2a: Porygon2
|-fieldstart|move: Trick Room|[of] p2a: Porygon2
|
|upkeep
|turn|33
|
|t:|1652768519
|move|p1a: Machamp|Focus Blast|p2a: Porygon2
|-supereffective|p2a: Porygon2
|-damage|p2a: Porygon2|0 fnt
|faint|p2a: Porygon2
|
|upkeep
|
|t:|1652768523
|switch|p2a: Marowak|Marowak-Alola, F|36/100
|-damage|p2a: Marowak|12/100|[from] Stealth Rock
|turn|34
|
|t:|1652768529
|switch|p1a: Clefable|Clefable, F|45/100 frz
|move|p2a: Marowak|Swords Dance|p2a: Marowak
|-boost|p2a: Marowak|atk|2
|
|upkeep
|turn|35
|
|t:|1652768537
|move|p2a: Marowak|Poltergeist|p1a: Clefable
|-activate|p1a: Clefable|move: Poltergeist|Rocky Helmet
|-damage|p1a: Clefable|0 fnt
|faint|p1a: Clefable
|
|upkeep
|
|t:|1652768539
|switch|p1a: Machamp|Machamp, M|100/100
|turn|36
|c|☆2(H2O)-Alt|gg
|c|☆Cubielubie|I always lose to hax
|c|☆2(H2O)-Alt|haha
|inactive|Cubielubie has 120 seconds left.
|c| Gaylarian|feels bad
|c|☆Cubielubie|Yep
|c|☆Cubielubie|I won without the freeze
|inactive|Cubielubie has 90 seconds left.
|c|☆2(H2O)-Alt|for sure
|c| Gaylarian|F
|c|☆2(H2O)-Alt|thats why I was spamming ice beam
|c| Gaylarian|specs Machamp is  really cool btw
|inactive|Cubielubie has 60 seconds left.
|c|☆Cubielubie|I know why you were spamming ice beam
|c|☆2(H2O)-Alt|what is his base stat
|inactive|Cubielubie has 30 seconds left.
|c|☆2(H2O)-Alt|in special attack
|c|☆Cubielubie|Losing to a freeze
|inactive|Cubielubie has 20 seconds left.
|inactive|Cubielubie has 15 seconds left.
|inactive|Cubielubie has 10 seconds left.
|c| Gaylarian|65
|inactive|Cubielubie has 5 seconds left.
|-message|Cubielubie lost due to inactivity.
|
|win|2(H2O)-Alt
|raw|Cubielubie's rating: 1616 &rarr; <strong>1597</strong><br />(-19 for losing)
|raw|2(H2O)-Alt's rating: 1626 &rarr; <strong>1645</strong><br />(+19 for winning)
|l|☆2(H2O)-Alt
|l| Gaylarian
|l| coeur de le ciel
|l| Clefan
