|j|☆KING YUGON!
|j|☆Foolish Players
|t:|1617757192
|gametype|singles
|player|p1|KING YUGON!|smasher|
|player|p2|Foolish Players|hiker-gen1rb|
|teamsize|p1|6
|teamsize|p2|6
|gen|8
|tier|[Gen 8] OU
|rated|Tournament battle
|clearpoke
|poke|p1|Garchomp, M|
|poke|p1|Kartana|
|poke|p1|Haxorus, M|
|poke|p1|Shuckle, F|
|poke|p1|Blaziken, M|
|poke|p1|Dragapult, F|
|poke|p2|Pelipper, F|
|poke|p2|Zapdos|
|poke|p2|Barraskewda, F|
|poke|p2|Ferrothorn, F|
|poke|p2|Urshifu-*, M|
|poke|p2|Melmetal|
|rule|Sleep Clause Mod: Limit one foe put to sleep
|rule|Species Clause: Limit one of each Pokémon
|rule|OHKO Clause: OHKO moves are banned
|rule|Evasion Moves Clause: Evasion moves are banned
|rule|Endless Battle Clause: Forcing endless battles is banned
|rule|HP Percentage Mod: HP is shown in percentages
|rule|Dynamax Clause: You cannot dynamax
|teampreview
|inactive|Battle timer is ON: inactive players will automatically lose when time's up. (requested by KING YUGON!)
|inactive|Foolish Players also wants the timer to be on.
|j|*Lady Monita
|c|☆KING YUGON!|gl
|
|t:|1617757207
|start
|switch|p1a: Shuckle|Shuckle, F|100/100
|switch|p2a: Zapdo҉s|Urshifu-Rapid-Strike, M|100/100
|turn|1
|
|t:|1617757215
|switch|p1a: Garchomp|Garchomp, M|100/100
|move|p2a: Zapdo҉s|Surging Strikes|p1a: Garchomp
|-crit|p1a: Garchomp
|-damage|p1a: Garchomp|79/100
|-activate|p1a: Garchomp|ability: Rough Skin
|-activate|p2a: Zapdo҉s|item: Protective Pads
|-crit|p1a: Garchomp
|-damage|p1a: Garchomp|60/100
|-activate|p1a: Garchomp|ability: Rough Skin
|-activate|p2a: Zapdo҉s|item: Protective Pads
|-crit|p1a: Garchomp
|-damage|p1a: Garchomp|41/100
|-activate|p1a: Garchomp|ability: Rough Skin
|-activate|p2a: Zapdo҉s|item: Protective Pads
|-hitcount|p1a: Garchomp|3
|
|upkeep
|turn|2
|
|t:|1617757221
|move|p1a: Garchomp|Earthquake|p2a: Zapdo҉s
|-damage|p2a: Zapdo҉s|31/100
|-damage|p1a: Garchomp|31/100|[from] item: Life Orb
|move|p2a: Zapdo҉s|Surging Strikes|p1a: Garchomp
|-crit|p1a: Garchomp
|-damage|p1a: Garchomp|11/100
|-activate|p1a: Garchomp|ability: Rough Skin
|-activate|p2a: Zapdo҉s|item: Protective Pads
|-crit|p1a: Garchomp
|-damage|p1a: Garchomp|0 fnt
|-activate|p1a: Garchomp|ability: Rough Skin
|-activate|p2a: Zapdo҉s|item: Protective Pads
|-hitcount|p1a: Garchomp|2
|faint|p1a: Garchomp
|
|upkeep
|
|t:|1617757225
|switch|p1a: Dragapult|Dragapult, F|100/100
|turn|3
|j| Zoaw
|
|t:|1617757237
|switch|p2a: Urshif̾u|Ferrothorn, F|100/100
|move|p1a: Dragapult|Dragon Darts|p2a: Urshif̾u
|-resisted|p2a: Urshif̾u
|-damage|p2a: Urshif̾u|88/100
|-anim|p1a: Dragapult|Dragon Darts|p2a: Urshif̾u
|-resisted|p2a: Urshif̾u
|-damage|p2a: Urshif̾u|76/100
|-damage|p1a: Dragapult|91/100|[from] item: Life Orb
|
|-heal|p2a: Urshif̾u|82/100|[from] item: Leftovers
|upkeep
|turn|4
|
|t:|1617757241
|switch|p1a: Shuckle|Shuckle, F|100/100
|move|p2a: Urshif̾u|Stealth Rock|p1a: Shuckle
|-sidestart|p1: KING YUGON!|move: Stealth Rock
|
|-heal|p2a: Urshif̾u|88/100|[from] item: Leftovers
|upkeep
|turn|5
|
|t:|1617757247
|switch|p2a: Zapdo҉s|Urshifu-Rapid-Strike, M|31/100
|move|p1a: Shuckle|Sticky Web|p2a: Zapdo҉s
|-sidestart|p2: Foolish Players|move: Sticky Web
|
|upkeep
|turn|6
|
|t:|1617757257
|switch|p1a: Dragapult|Dragapult, F|91/100
|-damage|p1a: Dragapult|78/100|[from] Stealth Rock
|move|p2a: Zapdo҉s|Surging Strikes|p1a: Dragapult
|-resisted|p1a: Dragapult
|-crit|p1a: Dragapult
|-damage|p1a: Dragapult|64/100
|-resisted|p1a: Dragapult
|-crit|p1a: Dragapult
|-damage|p1a: Dragapult|52/100
|-resisted|p1a: Dragapult
|-crit|p1a: Dragapult
|-damage|p1a: Dragapult|37/100
|-hitcount|p1a: Dragapult|3
|
|upkeep
|turn|7
|
|t:|1617757275
|switch|p2a: Ferrotho҉rn|Pelipper, F|100/100
|-weather|RainDance|[from] ability: Drizzle|[of] p2a: Ferrotho҉rn
|move|p1a: Dragapult|Dragon Darts|p2a: Ferrotho҉rn
|-damage|p2a: Ferrotho҉rn|75/100
|-anim|p1a: Dragapult|Dragon Darts|p2a: Ferrotho҉rn
|-damage|p2a: Ferrotho҉rn|47/100
|-damage|p1a: Dragapult|27/100|[from] item: Life Orb
|
|-weather|RainDance|[upkeep]
|upkeep
|turn|8
|
|t:|1617757289
|switch|p1a: Kartana|Kartana, shiny|100/100
|-damage|p1a: Kartana|94/100|[from] Stealth Rock
|switch|p2a: Barras̴kewda|Melmetal|100/100
|-activate|p2a: Barras̴kewda|move: Sticky Web
|-unboost|p2a: Barras̴kewda|spe|1
|
|-weather|RainDance|[upkeep]
|upkeep
|turn|9
|c|☆KING YUGON!|this is the most unpog mu
|
|t:|1617757304
|move|p1a: Kartana|Swords Dance|p1a: Kartana
|-boost|p1a: Kartana|atk|2
|move|p2a: Barras̴kewda|Superpower|p1a: Kartana
|-supereffective|p1a: Kartana
|-damage|p1a: Kartana|0 fnt
|-unboost|p2a: Barras̴kewda|atk|1
|-unboost|p2a: Barras̴kewda|def|1
|faint|p1a: Kartana
|
|-weather|RainDance|[upkeep]
|upkeep
|
|t:|1617757310
|switch|p1a: Haxorus|Haxorus, M, shiny|100/100
|-damage|p1a: Haxorus|88/100|[from] Stealth Rock
|-ability|p1a: Haxorus|Mold Breaker
|turn|10
|
|t:|1617757326
|move|p1a: Haxorus|Swords Dance|p1a: Haxorus
|-boost|p1a: Haxorus|atk|2
|move|p2a: Barras̴kewda|Superpower|p1a: Haxorus
|-damage|p1a: Haxorus|21/100
|-unboost|p2a: Barras̴kewda|atk|1
|-unboost|p2a: Barras̴kewda|def|1
|
|-weather|RainDance|[upkeep]
|upkeep
|turn|11
|j| Churielix 15
|
|t:|1617757329
|move|p1a: Haxorus|Close Combat|p2a: Barras̴kewda
|-supereffective|p2a: Barras̴kewda
|-damage|p2a: Barras̴kewda|0 fnt
|-unboost|p1a: Haxorus|def|1
|-unboost|p1a: Haxorus|spd|1
|-damage|p1a: Haxorus|11/100|[from] item: Life Orb
|faint|p2a: Barras̴kewda
|
|-weather|RainDance|[upkeep]
|upkeep
|
|t:|1617757333
|switch|p2a: Peli̷pper|Zapdos|100/100
|turn|12
|
|t:|1617757336
|move|p2a: Peli̷pper|Hurricane|p1a: Haxorus
|-damage|p1a: Haxorus|0 fnt
|faint|p1a: Haxorus
|
|-weather|RainDance|[upkeep]
|upkeep
|
|t:|1617757339
|switch|p1a: Dragapult|Dragapult, F|27/100
|-damage|p1a: Dragapult|15/100|[from] Stealth Rock
|turn|13
|
|t:|1617757347
|switch|p2a: Urshif̾u|Ferrothorn, F|88/100
|-activate|p2a: Urshif̾u|move: Sticky Web
|-unboost|p2a: Urshif̾u|spe|1
|move|p1a: Dragapult|Dragon Darts|p2a: Urshif̾u
|-resisted|p2a: Urshif̾u
|-damage|p2a: Urshif̾u|76/100
|-anim|p1a: Dragapult|Dragon Darts|p2a: Urshif̾u
|-resisted|p2a: Urshif̾u
|-damage|p2a: Urshif̾u|62/100
|-damage|p1a: Dragapult|5/100|[from] item: Life Orb
|
|-weather|RainDance|[upkeep]
|-heal|p2a: Urshif̾u|69/100|[from] item: Leftovers
|upkeep
|turn|14
|c|☆KING YUGON!|what did i do to deserve such an ass mu
|c|☆KING YUGON!|rofl
|
|t:|1617757360
|move|p2a: Urshif̾u|Protect|p2a: Urshif̾u
|-singleturn|p2a: Urshif̾u|Protect
|move|p1a: Dragapult|Dragon Darts|p2a: Urshif̾u
|-activate|p2a: Urshif̾u|move: Protect
|
|-weather|none
|-heal|p2a: Urshif̾u|75/100|[from] item: Leftovers
|upkeep
|turn|15
|j| MazwayYeet
|
|t:|1617757365
|switch|p1a: Blaziken|Blaziken, M|100/100
|-damage|p1a: Blaziken|88/100|[from] Stealth Rock
|switch|p2a: Ferrotho҉rn|Pelipper, F|47/100
|-weather|RainDance|[from] ability: Drizzle|[of] p2a: Ferrotho҉rn
|
|-weather|RainDance|[upkeep]
|upkeep
|turn|16
|c| Zoaw|rip
|
|t:|1617757371
|switch|p1a: Dragapult|Dragapult, F|5/100
|-damage|p1a: Dragapult|0 fnt|[from] Stealth Rock
|faint|p1a: Dragapult
|move|p2a: Ferrotho҉rn|Scald|p1: Dragapult|[notarget]
|-fail|p2a: Ferrotho҉rn
|
|-weather|RainDance|[upkeep]
|upkeep
|
|t:|1617757375
|switch|p1a: Shuckle|Shuckle, F|100/100
|-damage|p1a: Shuckle|76/100|[from] Stealth Rock
|turn|17
|
|t:|1617757379
|move|p2a: Ferrotho҉rn|Scald|p1a: Shuckle
|-supereffective|p1a: Shuckle
|-damage|p1a: Shuckle|21/100
|move|p1a: Shuckle|Final Gambit|p2a: Ferrotho҉rn
|-damage|p2a: Ferrotho҉rn|31/100
|faint|p1a: Shuckle
|
|-weather|RainDance|[upkeep]
|upkeep
|
|t:|1617757382
|switch|p1a: Blaziken|Blaziken, M|88/100
|-damage|p1a: Blaziken|76/100|[from] Stealth Rock
|turn|18
|
|t:|1617757384
|move|p1a: Blaziken|Flare Blitz|p2a: Ferrotho҉rn
|-resisted|p2a: Ferrotho҉rn
|-damage|p2a: Ferrotho҉rn|17/100
|-damage|p1a: Blaziken|71/100|[from] Recoil
|-damage|p1a: Blaziken|61/100|[from] item: Life Orb
|move|p2a: Ferrotho҉rn|Scald|p1a: Blaziken
|-supereffective|p1a: Blaziken
|-damage|p1a: Blaziken|0 fnt
|faint|p1a: Blaziken
|
|win|Foolish Players
|n|☆KING YUGON!|kingyugon
|n|☆Foolish Players|foolishplayers
|n|*Lady Monita|ladymonita
|n| Zoaw|zoaw
|n| Churielix 15|churielix15
|n| MazwayYeet|mazwayyeet
|l|*Lady Monita
|c|☆Foolish Players|GG
|l|☆KING YUGON!
