|j|‽hypervortexreturns
|j|☆Poketglace
|t:|1662276003
|gametype|singles
|player|p1|hypervortexreturns|266|1781
|player|p2|Poketglace|cynthia-masters|1827
|teamsize|p1|6
|teamsize|p2|6
|gen|8
|tier|[Gen 8] OU
|rated|
|rule|Sleep Clause Mod: Limit one foe put to sleep
|rule|Species Clause: Limit one of each Pokémon
|rule|OHKO Clause: OHKO moves are banned
|rule|Evasion Items Clause: Evasion items are banned
|rule|Evasion Moves Clause: Evasion moves are banned
|rule|Endless Battle Clause: Forcing endless battles is banned
|rule|HP Percentage Mod: HP is shown in percentages
|rule|Dynamax Clause: You cannot dynamax
|clearpoke
|poke|p1|Hydreigon, M|
|poke|p1|Zapdos|
|poke|p1|Tangrowth, F|
|poke|p1|Corviknight, M|
|poke|p1|Excadrill, M|
|poke|p1|Azumarill, F|
|poke|p2|Mew|
|poke|p2|Crawdaunt, F|
|poke|p2|Celesteela|
|poke|p2|Garchomp, M|
|poke|p2|Weavile, M|
|poke|p2|Blacephalon|
|teampreview
|inactive|Battle timer is ON: inactive players will automatically lose when time's up. (requested by hypervortexreturns)
|
|t:|1662276032
|start
|switch|p1a: Excadrill|Excadrill, M|100/100
|switch|p2a: Sperm thing|Mew|100/100
|-ability|p1a: Excadrill|Mold Breaker
|turn|1
|j| itsvillain
|j| zb12
|
|t:|1662276048
|switch|p2a: Blacephalon|Blacephalon|100/100
|move|p1a: Excadrill|Earthquake|p2a: Blacephalon
|-supereffective|p2a: Blacephalon
|-damage|p2a: Blacephalon|0 fnt
|faint|p2a: Blacephalon
|
|upkeep
|
|t:|1662276053
|switch|p2a: Garchomp|Garchomp, M|100/100
|turn|2
|
|t:|1662276063
|switch|p2a: Jaw|Crawdaunt, F|100/100
|switch|p1a: Tangrowth|Tangrowth, F|100/100
|
|upkeep
|turn|3
|
|t:|1662276072
|switch|p2a: Sperm thing|Mew|100/100
|move|p1a: Tangrowth|Power Whip|p2a: Sperm thing
|-damage|p2a: Sperm thing|67/100
|
|upkeep
|turn|4
|j| Alpha_Gaming101
|
|t:|1662276079
|switch|p2a: Bod|Celesteela|100/100
|switch|p1a: Excadrill|Excadrill, M|100/100
|-ability|p1a: Excadrill|Mold Breaker
|
|upkeep
|turn|5
|
|t:|1662276092
|switch|p1a: Azumarill|Azumarill, F|100/100
|move|p2a: Bod|Autotomize|p2a: Bod
|-boost|p2a: Bod|spe|2
|-start|p2a: Bod|Autotomize
|
|upkeep
|turn|6
|
|t:|1662276102
|move|p2a: Bod|Meteor Beam||[still]
|-prepare|p2a: Bod|Meteor Beam
|-boost|p2a: Bod|spa|1
|-enditem|p2a: Bod|Power Herb
|-anim|p2a: Bod|Meteor Beam|p1a: Azumarill
|-damage|p1a: Azumarill|34/100
|-enditem|p1a: Azumarill|Sitrus Berry|[eat]
|-heal|p1a: Azumarill|58/100|[from] item: Sitrus Berry
|move|p1a: Azumarill|Knock Off|p2a: Bod
|-damage|p2a: Bod|71/100
|
|upkeep
|turn|7
|
|t:|1662276114
|switch|p1a: Zapdos|Zapdos|100/100
|move|p2a: Bod|Air Slash|p1a: Zapdos
|-resisted|p1a: Zapdos
|-damage|p1a: Zapdos|75/100
|
|upkeep
|turn|8
|
|t:|1662276121
|move|p2a: Bod|Fire Blast|p1a: Zapdos
|-damage|p1a: Zapdos|20/100
|move|p1a: Zapdos|Discharge|p2a: Bod
|-supereffective|p2a: Bod
|-damage|p2a: Bod|1/100
|
|upkeep
|turn|9
|inactive|hypervortexreturns has 120 seconds left.
|
|t:|1662276171
|switch|p1a: Hydreigon|Hydreigon, M|100/100
|move|p2a: Bod|Air Slash|p1a: Hydreigon
|-damage|p1a: Hydreigon|43/100
|
|-heal|p1a: Hydreigon|49/100|[from] item: Leftovers
|upkeep
|turn|10
|
|t:|1662276181
|move|p2a: Bod|Air Slash|p1a: Hydreigon
|-damage|p1a: Hydreigon|0 fnt
|faint|p1a: Hydreigon
|-ability|p2a: Bod|Beast Boost|boost
|-boost|p2a: Bod|spa|1
|
|upkeep
|
|t:|1662276187
|switch|p1a: Azumarill|Azumarill, F|58/100
|turn|11
|
|t:|1662276191
|switch|p2a: Sperm thing|Mew|67/100
|move|p1a: Azumarill|Aqua Jet|p2a: Sperm thing
|-damage|p2a: Sperm thing|46/100
|
|upkeep
|turn|12
|inactive|hypervortexreturns has 120 seconds left.
|
|t:|1662276200
|switch|p1a: Excadrill|Excadrill, M|100/100
|-ability|p1a: Excadrill|Mold Breaker
|move|p2a: Sperm thing|Taunt|p1a: Excadrill
|-start|p1a: Excadrill|move: Taunt
|
|upkeep
|turn|13
|
|t:|1662276209
|move|p2a: Sperm thing|Stealth Rock|p1a: Excadrill
|-sidestart|p1: hypervortexreturns|move: Stealth Rock
|move|p1a: Excadrill|Earthquake|p2a: Sperm thing
|-damage|p2a: Sperm thing|0 fnt
|faint|p2a: Sperm thing
|
|upkeep
|
|t:|1662276214
|switch|p2a: Garchomp|Garchomp, M|100/100
|turn|14
|l| Alpha_Gaming101
|
|t:|1662276229
|switch|p2a: Bod|Celesteela|1/100
|switch|p1a: Tangrowth|Tangrowth, F|100/100
|-damage|p1a: Tangrowth|88/100|[from] Stealth Rock
|
|upkeep
|turn|15
|
|t:|1662276243
|switch|p1a: Excadrill|Excadrill, M|100/100
|-damage|p1a: Excadrill|97/100|[from] Stealth Rock
|-ability|p1a: Excadrill|Mold Breaker
|move|p2a: Bod|Fire Blast|p1a: Excadrill
|-supereffective|p1a: Excadrill
|-damage|p1a: Excadrill|0 fnt
|faint|p1a: Excadrill
|-ability|p2a: Bod|Beast Boost|boost
|-boost|p2a: Bod|spa|1
|
|upkeep
|inactive|hypervortexreturns has 120 seconds left.
|
|t:|1662276270
|switch|p1a: Zapdos|Zapdos|20/100
|turn|16
|
|t:|1662276274
|switch|p2a: Garchomp|Garchomp, M|100/100
|move|p1a: Zapdos|Discharge|p2a: Garchomp
|-immune|p2a: Garchomp
|
|upkeep
|turn|17
|inactive|hypervortexreturns has 120 seconds left.
|
|t:|1662276287
|switch|p1a: Corviknight|Corviknight, M|100/100
|-damage|p1a: Corviknight|88/100|[from] Stealth Rock
|-ability|p1a: Corviknight|Pressure
|move|p2a: Garchomp|Scale Shot|p1a: Corviknight
|-resisted|p1a: Corviknight
|-damage|p1a: Corviknight|83/100
|-resisted|p1a: Corviknight
|-damage|p1a: Corviknight|77/100
|-resisted|p1a: Corviknight
|-damage|p1a: Corviknight|72/100
|-hitcount|p1a: Corviknight|3
|-unboost|p2a: Garchomp|def|1
|-boost|p2a: Garchomp|spe|1
|
|-heal|p1a: Corviknight|78/100|[from] item: Leftovers
|upkeep
|turn|18
|inactive|hypervortexreturns has 120 seconds left.
|
|t:|1662276308
|switch|p2a: Jaw|Crawdaunt, F|100/100
|move|p1a: Corviknight|Brave Bird|p2a: Jaw
|-damage|p2a: Jaw|50/100
|-damage|p1a: Corviknight|67/100|[from] Recoil
|
|-heal|p1a: Corviknight|73/100|[from] item: Leftovers
|upkeep
|turn|19
|
|t:|1662276335
|switch|p1a: Zapdos|Zapdos|20/100
|move|p2a: Jaw|Knock Off|p1a: Zapdos
|-damage|p1a: Zapdos|0 fnt
|-enditem|p1a: Zapdos|Heavy-Duty Boots|[from] move: Knock Off|[of] p2a: Jaw
|faint|p1a: Zapdos
|-damage|p2a: Jaw|40/100|[from] item: Life Orb
|
|upkeep
|inactive|hypervortexreturns has 90 seconds left.
|
|t:|1662276360
|switch|p1a: Tangrowth|Tangrowth, F|100/100
|-damage|p1a: Tangrowth|88/100|[from] Stealth Rock
|turn|20
|
|t:|1662276369
|move|p2a: Jaw|Knock Off|p1a: Tangrowth
|-crit|p1a: Tangrowth
|-damage|p1a: Tangrowth|13/100
|-damage|p2a: Jaw|23/100|[from] item: Rocky Helmet|[of] p1a: Tangrowth
|-enditem|p1a: Tangrowth|Rocky Helmet|[from] move: Knock Off|[of] p2a: Jaw
|-damage|p2a: Jaw|14/100|[from] item: Life Orb
|move|p1a: Tangrowth|Sleep Powder|p2a: Jaw
|-status|p2a: Jaw|slp|[from] move: Sleep Powder
|
|upkeep
|turn|21
|
|t:|1662276396
|cant|p2a: Jaw|slp
|move|p1a: Tangrowth|Knock Off|p2a: Jaw
|-resisted|p2a: Jaw
|-damage|p2a: Jaw|0 fnt
|-enditem|p2a: Jaw|Life Orb|[from] move: Knock Off|[of] p1a: Tangrowth
|faint|p2a: Jaw
|
|upkeep
|
|t:|1662276409
|switch|p2a: Bod|Celesteela|1/100
|turn|22
|
|t:|1662276413
|move|p2a: Bod|Air Slash|p1a: Tangrowth
|-supereffective|p1a: Tangrowth
|-damage|p1a: Tangrowth|0 fnt
|faint|p1a: Tangrowth
|-ability|p2a: Bod|Beast Boost|boost
|-boost|p2a: Bod|spa|1
|
|upkeep
|
|t:|1662276420
|switch|p1a: Azumarill|Azumarill, F|58/100
|-damage|p1a: Azumarill|46/100|[from] Stealth Rock
|turn|23
|
|t:|1662276427
|switch|p2a: Garchomp|Garchomp, M|100/100
|move|p1a: Azumarill|Aqua Jet|p2a: Garchomp
|-damage|p2a: Garchomp|73/100
|-damage|p1a: Azumarill|34/100|[from] ability: Rough Skin|[of] p2a: Garchomp
|
|upkeep
|turn|24
|inactive|hypervortexreturns has 90 seconds left.
|
|t:|1662276439
|move|p2a: Garchomp|Swords Dance|p2a: Garchomp
|-boost|p2a: Garchomp|atk|2
|move|p1a: Azumarill|Play Rough|p2a: Garchomp
|-supereffective|p2a: Garchomp
|-damage|p2a: Garchomp|0 fnt
|-damage|p1a: Azumarill|22/100|[from] ability: Rough Skin|[of] p2a: Garchomp
|faint|p2a: Garchomp
|
|upkeep
|
|t:|1662276443
|switch|p2a: Hair|Weavile, M|100/100
|turn|25
|
|t:|1662276453
|move|p1a: Azumarill|Aqua Jet|p2a: Hair
|-damage|p2a: Hair|55/100
|move|p2a: Hair|Knock Off|p1a: Azumarill
|-resisted|p1a: Azumarill
|-damage|p1a: Azumarill|0 fnt
|faint|p1a: Azumarill
|-damage|p2a: Hair|45/100|[from] item: Life Orb
|
|upkeep
|
|t:|1662276462
|switch|p1a: Corviknight|Corviknight, M|73/100
|-damage|p1a: Corviknight|61/100|[from] Stealth Rock
|-ability|p1a: Corviknight|Pressure
|turn|26
|
|t:|1662276469
|move|p2a: Hair|Swords Dance|p2a: Hair
|-boost|p2a: Hair|atk|2
|move|p1a: Corviknight|Roost|p1a: Corviknight
|-heal|p1a: Corviknight|100/100
|-singleturn|p1a: Corviknight|move: Roost
|
|upkeep
|turn|27
|
|t:|1662276479
|move|p2a: Hair|Knock Off|p1a: Corviknight
|-damage|p1a: Corviknight|0 fnt
|-enditem|p1a: Corviknight|Leftovers|[from] move: Knock Off|[of] p2a: Hair
|faint|p1a: Corviknight
|-damage|p2a: Hair|35/100|[from] item: Life Orb
|
|win|Poketglace
|raw|hypervortexreturns's rating: 1781 &rarr; <strong>1764</strong><br />(-17 for losing)
|raw|Poketglace's rating: 1827 &rarr; <strong>1844</strong><br />(+17 for winning)
