|j|☆Staticz the Spewpa
|j|☆legitteambuilder
|t:|1666956888
|gametype|singles
|player|p1|Staticz the Spewpa|iris|1517
|player|p2|legitteambuilder|koga|1543
|teamsize|p1|6
|teamsize|p2|6
|gen|8
|tier|[Gen 8] OU
|rated|
|rule|Sleep Clause Mod: Limit one foe put to sleep
|rule|Species Clause: Limit one of each Pokémon
|rule|OHKO Clause: OHKO moves are banned
|rule|Evasion Items Clause: Evasion items are banned
|rule|Evasion Moves Clause: Evasion moves are banned
|rule|Endless Battle Clause: Forcing endless battles is banned
|rule|HP Percentage Mod: HP is shown in percentages
|rule|Dynamax Clause: You cannot dynamax
|clearpoke
|poke|p1|Trevenant, F|
|poke|p1|Umbreon, F|
|poke|p1|Tapu Fini|
|poke|p1|Corviknight, M|
|poke|p1|Weavile, M|
|poke|p1|Nidoking, M|
|poke|p2|Volcarona, M|
|poke|p2|Garchomp, M|
|poke|p2|Blissey, F|
|poke|p2|Skarmory, F|
|poke|p2|Rillaboom, M|
|poke|p2|Clefable, F|
|teampreview
|inactive|Battle timer is ON: inactive players will automatically lose when time's up. (requested by legitteambuilder)
|inactive|Staticz the Spewpa also wants the timer to be on.
|inactive|legitteambuilder has 120 seconds left.
|
|t:|1666956924
|start
|switch|p1a: Weavile|Weavile, M|100/100
|switch|p2a: Skarmory|Skarmory, F|100/100
|-ability|p1a: Weavile|Pressure
|turn|1
|
|t:|1666956928
|switch|p1a: Corviknight|Corviknight, M, shiny|100/100
|-ability|p1a: Corviknight|Pressure
|move|p2a: Skarmory|Body Press|p1a: Corviknight
|-damage|p1a: Corviknight|80/100
|-damage|p2a: Skarmory|84/100|[from] item: Rocky Helmet|[of] p1a: Corviknight
|
|-heal|p2a: Skarmory|90/100|[from] item: Leftovers
|upkeep
|turn|2
|
|t:|1666956931
|move|p2a: Skarmory|Spikes|p1a: Corviknight
|-sidestart|p1: Staticz the Spewpa|Spikes
|move|p1a: Corviknight|Body Press|p2a: Skarmory
|-damage|p2a: Skarmory|75/100
|
|-heal|p2a: Skarmory|81/100|[from] item: Leftovers
|upkeep
|turn|3
|
|t:|1666956949
|switch|p2a: Volcarona|Volcarona, M|100/100
|move|p1a: Corviknight|Brave Bird|p2a: Volcarona
|-supereffective|p2a: Volcarona
|-damage|p2a: Volcarona|0 fnt
|faint|p2a: Volcarona
|-damage|p1a: Corviknight|55/100|[from] Recoil
|
|upkeep
|
|t:|1666956958
|switch|p2a: Garchomp|Garchomp, M|100/100
|turn|4
|
|t:|1666956962
|switch|p1a: Emveeon|Umbreon, F|100/100
|-damage|p1a: Emveeon|88/100|[from] Spikes
|move|p2a: Garchomp|Swords Dance|p2a: Garchomp
|-boost|p2a: Garchomp|atk|2
|
|-heal|p1a: Emveeon|94/100|[from] item: Leftovers
|upkeep
|turn|5
|
|t:|1666956965
|move|p2a: Garchomp|Earthquake|p1a: Emveeon
|-damage|p1a: Emveeon|32/100
|move|p1a: Emveeon|Foul Play|p2a: Garchomp
|-damage|p2a: Garchomp|0 fnt
|-damage|p1a: Emveeon|20/100|[from] ability: Rough Skin|[of] p2a: Garchomp
|faint|p2a: Garchomp
|
|-heal|p1a: Emveeon|26/100|[from] item: Leftovers
|upkeep
|-message|legitteambuilder forfeited.
|
|win|Staticz the Spewpa
|raw|Staticz the Spewpa's rating: 1517 &rarr; <strong>1538</strong><br />(+21 for winning)
|raw|legitteambuilder's rating: 1543 &rarr; <strong>1522</strong><br />(-21 for losing)
|l|☆legitteambuilder
