|j|☆IMSOMALD
|j|‽lt91bb FJ2K
|t:|1659232345
|gametype|singles
|player|p1|IMSOMALD|ethan-masters|1656
|player|p2|lt91bb FJ2K|1|1657
|teamsize|p1|6
|teamsize|p2|6
|gen|8
|tier|[Gen 8] OU
|rated|
|rule|Sleep Clause Mod: Limit one foe put to sleep
|rule|Species Clause: Limit one of each Pokémon
|rule|OHKO Clause: OHKO moves are banned
|rule|Evasion Moves Clause: Evasion moves are banned
|rule|Endless Battle Clause: Forcing endless battles is banned
|rule|HP Percentage Mod: HP is shown in percentages
|rule|Dynamax Clause: You cannot dynamax
|clearpoke
|poke|p1|Tyranitar, M|
|poke|p1|Clefable, F|
|poke|p1|Excadrill, M|
|poke|p1|Tangrowth, M|
|poke|p1|Slowking-Galar, M|
|poke|p1|Rotom-Wash|
|poke|p2|Tyranitar, F|
|poke|p2|Rotom-Wash|
|poke|p2|Ferrothorn, F|
|poke|p2|Excadrill, F|
|poke|p2|Dragapult, M|
|poke|p2|Clefable, M|
|teampreview
|inactive|Battle timer is ON: inactive players will automatically lose when time's up. (requested by IMSOMALD)
|
|t:|1659232357
|start
|switch|p1a: Clefable|Clefable, F|100/100
|switch|p2a: Clefable|Clefable, M|100/100
|turn|1
|
|t:|1659232360
|move|p2a: Clefable|Thunder Wave|p1a: Clefable
|-status|p1a: Clefable|par
|move|p1a: Clefable|Stealth Rock|p2a: Clefable
|-sidestart|p2: lt91bb FJ2K|move: Stealth Rock
|
|upkeep
|turn|2
|
|t:|1659232371
|switch|p1a: Slowking|Slowking-Galar, M|100/100
|move|p2a: Clefable|Stealth Rock|p1a: Slowking
|-sidestart|p1: IMSOMALD|move: Stealth Rock
|
|upkeep
|turn|3
|
|t:|1659232382
|switch|p2a: Tyranitar|Tyranitar, F|100/100
|-damage|p2a: Tyranitar|88/100|[from] Stealth Rock
|-weather|Sandstorm|[from] ability: Sand Stream|[of] p2a: Tyranitar
|move|p1a: Slowking|Trick|p2a: Tyranitar
|-activate|p1a: Slowking|move: Trick|[of] p2a: Tyranitar
|-item|p2a: Tyranitar|Black Sludge|[from] move: Trick
|-item|p1a: Slowking|Choice Band|[from] move: Trick
|
|-weather|Sandstorm|[upkeep]
|-damage|p1a: Slowking|94/100|[from] Sandstorm
|-damage|p2a: Tyranitar|76/100|[from] item: Black Sludge
|upkeep
|turn|4
|
|t:|1659232388
|switch|p1a: Tangrowth|Tangrowth, M|100/100
|-damage|p1a: Tangrowth|88/100|[from] Stealth Rock
|move|p2a: Tyranitar|Crunch|p1a: Tangrowth
|-damage|p1a: Tangrowth|63/100
|-damage|p2a: Tyranitar|59/100|[from] item: Rocky Helmet|[of] p1a: Tangrowth
|
|-weather|Sandstorm|[upkeep]
|-damage|p1a: Tangrowth|57/100|[from] Sandstorm
|-damage|p2a: Tyranitar|47/100|[from] item: Black Sludge
|upkeep
|turn|5
|
|t:|1659232393
|switch|p2a: Clefable|Clefable, M|100/100
|move|p1a: Tangrowth|Giga Drain|p2a: Clefable
|-damage|p2a: Clefable|75/100
|-heal|p1a: Tangrowth|69/100|[from] drain|[of] p2a: Clefable
|
|-weather|Sandstorm|[upkeep]
|-damage|p1a: Tangrowth|63/100|[from] Sandstorm
|upkeep
|turn|6
|
|t:|1659232400
|switch|p2a: Rotom|Rotom-Wash|100/100
|-damage|p2a: Rotom|88/100|[from] Stealth Rock
|switch|p1a: Slowking|Slowking-Galar, M|100/100
|-damage|p1a: Slowking|88/100|[from] Stealth Rock
|
|-weather|Sandstorm|[upkeep]
|-damage|p2a: Rotom|82/100|[from] Sandstorm
|-damage|p1a: Slowking|82/100|[from] Sandstorm
|-heal|p2a: Rotom|88/100|[from] item: Leftovers
|upkeep
|turn|7
|
|t:|1659232419
|move|p2a: Rotom|Volt Switch|p1a: Slowking
|-damage|p1a: Slowking|62/100
|
|t:|1659232422
|switch|p2a: Excadrill|Excadrill, F|100/100|[from]move: Volt Switch
|-damage|p2a: Excadrill|97/100|[from] Stealth Rock
|move|p1a: Slowking|Sludge Bomb|p2a: Excadrill
|-immune|p2a: Excadrill
|
|-weather|none
|-heal|p2a: Excadrill|100/100|[from] item: Leftovers
|upkeep
|turn|8
|
|t:|1659232431
|switch|p1a: Tangrowth|Tangrowth, M|96/100
|-damage|p1a: Tangrowth|84/100|[from] Stealth Rock
|move|p2a: Excadrill|Rapid Spin|p1a: Tangrowth
|-damage|p1a: Tangrowth|75/100
|-boost|p2a: Excadrill|spe|1
|-damage|p2a: Excadrill|84/100|[from] item: Rocky Helmet|[of] p1a: Tangrowth
|-sideend|p2: lt91bb FJ2K|Stealth Rock|[from] move: Rapid Spin|[of] p2a: Excadrill
|
|-heal|p2a: Excadrill|90/100|[from] item: Leftovers
|upkeep
|turn|9
|
|t:|1659232436
|switch|p2a: Clefable|Clefable, M|75/100
|move|p1a: Tangrowth|Knock Off|p2a: Clefable
|-resisted|p2a: Clefable
|-damage|p2a: Clefable|65/100
|-damage|p1a: Tangrowth|58/100|[from] item: Rocky Helmet|[of] p2a: Clefable
|-enditem|p2a: Clefable|Rocky Helmet|[from] move: Knock Off|[of] p1a: Tangrowth
|
|upkeep
|turn|10
|
|t:|1659232445
|switch|p1a: Excadrill|Excadrill, M|100/100
|-damage|p1a: Excadrill|97/100|[from] Stealth Rock
|move|p2a: Clefable|Soft-Boiled|p2a: Clefable
|-heal|p2a: Clefable|100/100
|
|-heal|p1a: Excadrill|100/100|[from] item: Leftovers
|upkeep
|turn|11
|
|t:|1659232453
|switch|p2a: Rotom|Rotom-Wash|88/100
|move|p1a: Excadrill|Rapid Spin|p2a: Rotom
|-damage|p2a: Rotom|67/100
|-boost|p1a: Excadrill|spe|1
|-sideend|p1: IMSOMALD|Stealth Rock|[from] move: Rapid Spin|[of] p1a: Excadrill
|
|-heal|p2a: Rotom|73/100|[from] item: Leftovers
|upkeep
|turn|12
|
|t:|1659232468
|switch|p1a: Slowking|Slowking-Galar, M|95/100
|move|p2a: Rotom|Volt Switch|p1a: Slowking
|-damage|p1a: Slowking|74/100
|
|t:|1659232473
|switch|p2a: Dragapult|Dragapult, M|100/100|[from]move: Volt Switch
|
|upkeep
|turn|13
|
|t:|1659232477
|switch|p1a: Rotom|Rotom-Wash|100/100
|move|p2a: Dragapult|U-turn|p1a: Rotom
|-damage|p1a: Rotom|83/100
|
|t:|1659232484
|switch|p2a: Ferrothorn|Ferrothorn, F|100/100|[from]move: U-turn
|
|-heal|p1a: Rotom|89/100|[from] item: Leftovers
|upkeep
|turn|14
|
|t:|1659232488
|move|p1a: Rotom|Volt Switch|p2a: Ferrothorn
|-resisted|p2a: Ferrothorn
|-damage|p2a: Ferrothorn|92/100
|
|t:|1659232489
|switch|p1a: Clefable|Clefable, F|100/100 par|[from]move: Volt Switch
|move|p2a: Ferrothorn|Knock Off|p1a: Clefable
|-resisted|p1a: Clefable
|-damage|p1a: Clefable|92/100 par
|-damage|p2a: Ferrothorn|75/100|[from] item: Rocky Helmet|[of] p1a: Clefable
|-enditem|p1a: Clefable|Rocky Helmet|[from] move: Knock Off|[of] p2a: Ferrothorn
|
|-heal|p2a: Ferrothorn|82/100|[from] item: Leftovers
|upkeep
|turn|15
|
|t:|1659232497
|move|p1a: Clefable|Flamethrower|p2a: Ferrothorn
|-supereffective|p2a: Ferrothorn
|-damage|p2a: Ferrothorn|31/100
|move|p2a: Ferrothorn|Spikes|p1a: Clefable
|-sidestart|p1: IMSOMALD|Spikes
|
|-heal|p2a: Ferrothorn|37/100|[from] item: Leftovers
|upkeep
|turn|16
|
|t:|1659232512
|switch|p2a: Clefable|Clefable, M|100/100
|move|p1a: Clefable|Stealth Rock|p2a: Clefable
|-sidestart|p2: lt91bb FJ2K|move: Stealth Rock
|
|upkeep
|turn|17
|
|t:|1659232516
|switch|p1a: Excadrill|Excadrill, M|100/100
|-damage|p1a: Excadrill|88/100|[from] Spikes
|move|p2a: Clefable|Stealth Rock|p1a: Excadrill
|-sidestart|p1: IMSOMALD|move: Stealth Rock
|
|-heal|p1a: Excadrill|94/100|[from] item: Leftovers
|upkeep
|turn|18
|
|t:|1659232522
|switch|p2a: Dragapult|Dragapult, M|100/100
|-damage|p2a: Dragapult|88/100|[from] Stealth Rock
|move|p1a: Excadrill|Rapid Spin|p2a: Dragapult
|-immune|p2a: Dragapult
|
|-heal|p1a: Excadrill|99/100|[from] item: Leftovers
|upkeep
|turn|19
|
|t:|1659232529
|switch|p1a: Rotom|Rotom-Wash|89/100
|-damage|p1a: Rotom|76/100|[from] Stealth Rock
|move|p2a: Dragapult|Shadow Ball|p1a: Rotom
|-damage|p1a: Rotom|34/100
|
|-heal|p1a: Rotom|40/100|[from] item: Leftovers
|upkeep
|turn|20
|
|t:|1659232545
|move|p2a: Dragapult|Shadow Ball|p1a: Rotom
|-damage|p1a: Rotom|0 fnt
|faint|p1a: Rotom
|
|upkeep
|
|t:|1659232548
|switch|p1a: Tyranitar|Tyranitar, M|100/100
|-damage|p1a: Tyranitar|88/100|[from] Spikes
|-damage|p1a: Tyranitar|76/100|[from] Stealth Rock
|-weather|Sandstorm|[from] ability: Sand Stream|[of] p1a: Tyranitar
|turn|21
|
|t:|1659232554
|switch|p2a: Clefable|Clefable, M|100/100
|move|p1a: Tyranitar|Stone Edge|p2a: Clefable
|-damage|p2a: Clefable|38/100
|
|-weather|Sandstorm|[upkeep]
|upkeep
|turn|22
|
|t:|1659232557
|switch|p2a: Excadrill|Excadrill, F|90/100
|-damage|p2a: Excadrill|87/100|[from] Stealth Rock
|move|p1a: Tyranitar|Stone Edge|p2a: Excadrill
|-resisted|p2a: Excadrill
|-damage|p2a: Excadrill|58/100
|
|-weather|Sandstorm|[upkeep]
|-heal|p2a: Excadrill|64/100|[from] item: Leftovers
|upkeep
|turn|23
|
|t:|1659232562
|switch|p1a: Tangrowth|Tangrowth, M|91/100
|-damage|p1a: Tangrowth|79/100|[from] Spikes
|-damage|p1a: Tangrowth|67/100|[from] Stealth Rock
|move|p2a: Excadrill|Rapid Spin|p1a: Tangrowth
|-damage|p1a: Tangrowth|57/100
|-boost|p2a: Excadrill|spe|1
|-damage|p2a: Excadrill|47/100|[from] item: Rocky Helmet|[of] p1a: Tangrowth
|-sideend|p2: lt91bb FJ2K|Stealth Rock|[from] move: Rapid Spin|[of] p2a: Excadrill
|
|-weather|Sandstorm|[upkeep]
|-damage|p1a: Tangrowth|51/100|[from] Sandstorm
|-heal|p2a: Excadrill|53/100|[from] item: Leftovers
|upkeep
|turn|24
|
|t:|1659232570
|switch|p2a: Clefable|Clefable, M|38/100
|move|p1a: Tangrowth|Giga Drain|p2a: Clefable
|-damage|p2a: Clefable|9/100
|-heal|p1a: Tangrowth|65/100|[from] drain|[of] p2a: Clefable
|
|-weather|Sandstorm|[upkeep]
|-damage|p1a: Tangrowth|59/100|[from] Sandstorm
|upkeep
|turn|25
|
|t:|1659232578
|switch|p1a: Excadrill|Excadrill, M|99/100
|-damage|p1a: Excadrill|88/100|[from] Spikes
|-damage|p1a: Excadrill|85/100|[from] Stealth Rock
|move|p2a: Clefable|Soft-Boiled|p2a: Clefable
|-heal|p2a: Clefable|59/100
|
|-weather|none
|-heal|p1a: Excadrill|91/100|[from] item: Leftovers
|upkeep
|turn|26
|
|t:|1659232585
|switch|p2a: Dragapult|Dragapult, M|88/100
|move|p1a: Excadrill|Rapid Spin|p2a: Dragapult
|-immune|p2a: Dragapult
|
|-heal|p1a: Excadrill|97/100|[from] item: Leftovers
|upkeep
|turn|27
|
|t:|1659232591
|move|p2a: Dragapult|Shadow Ball|p1a: Excadrill
|-damage|p1a: Excadrill|26/100
|move|p1a: Excadrill|Earthquake|p2a: Dragapult
|-damage|p2a: Dragapult|7/100
|
|-heal|p1a: Excadrill|32/100|[from] item: Leftovers
|upkeep
|turn|28
|
|t:|1659232596
|switch|p1a: Tyranitar|Tyranitar, M|76/100
|-damage|p1a: Tyranitar|64/100|[from] Spikes
|-damage|p1a: Tyranitar|51/100|[from] Stealth Rock
|-weather|Sandstorm|[from] ability: Sand Stream|[of] p1a: Tyranitar
|move|p2a: Dragapult|Shadow Ball|p1a: Tyranitar
|-resisted|p1a: Tyranitar
|-damage|p1a: Tyranitar|32/100
|-unboost|p1a: Tyranitar|spd|1
|
|-weather|Sandstorm|[upkeep]
|-damage|p2a: Dragapult|1/100|[from] Sandstorm
|upkeep
|turn|29
|
|t:|1659232607
|switch|p2a: Ferrothorn|Ferrothorn, F|37/100
|move|p1a: Tyranitar|Crunch|p2a: Ferrothorn
|-damage|p2a: Ferrothorn|0 fnt
|-damage|p1a: Tyranitar|20/100|[from] ability: Iron Barbs|[of] p2a: Ferrothorn
|faint|p2a: Ferrothorn
|
|-weather|Sandstorm|[upkeep]
|upkeep
|
|t:|1659232611
|switch|p2a: Clefable|Clefable, M|59/100
|turn|30
|
|t:|1659232617
|switch|p1a: Slowking|Slowking-Galar, M|100/100
|-damage|p1a: Slowking|88/100|[from] Spikes
|-damage|p1a: Slowking|76/100|[from] Stealth Rock
|move|p2a: Clefable|Soft-Boiled|p2a: Clefable
|-heal|p2a: Clefable|100/100
|
|-weather|Sandstorm|[upkeep]
|-damage|p1a: Slowking|70/100|[from] Sandstorm
|upkeep
|turn|31
|
|t:|1659232623
|move|p2a: Clefable|Thunder Wave|p1a: Slowking
|-status|p1a: Slowking|par
|cant|p1a: Slowking|par
|
|-weather|Sandstorm|[upkeep]
|-damage|p1a: Slowking|64/100 par|[from] Sandstorm
|upkeep
|turn|32
|
|t:|1659232631
|switch|p2a: Excadrill|Excadrill, F|53/100
|move|p1a: Slowking|Trick|p2a: Excadrill
|-activate|p1a: Slowking|move: Trick|[of] p2a: Excadrill
|-item|p2a: Excadrill|Choice Band|[from] move: Trick
|-item|p1a: Slowking|Leftovers|[from] move: Trick
|
|-weather|none
|-heal|p1a: Slowking|70/100 par|[from] item: Leftovers
|upkeep
|turn|33
|
|t:|1659232638
|switch|p1a: Tangrowth|Tangrowth, M|92/100
|-damage|p1a: Tangrowth|80/100|[from] Spikes
|-damage|p1a: Tangrowth|67/100|[from] Stealth Rock
|move|p2a: Excadrill|Iron Head|p1a: Tangrowth
|-damage|p1a: Tangrowth|33/100
|-damage|p2a: Excadrill|37/100|[from] item: Rocky Helmet|[of] p1a: Tangrowth
|
|upkeep
|turn|34
|
|t:|1659232647
|switch|p1a: Tyranitar|Tyranitar, M|20/100
|-damage|p1a: Tyranitar|8/100|[from] Spikes
|-damage|p1a: Tyranitar|0 fnt|[from] Stealth Rock
|faint|p1a: Tyranitar
|move|p2a: Excadrill|Iron Head|p1: Tyranitar|[notarget]
|-fail|p2a: Excadrill
|
|upkeep
|
|t:|1659232651
|switch|p1a: Tangrowth|Tangrowth, M|67/100
|-damage|p1a: Tangrowth|54/100|[from] Spikes
|-damage|p1a: Tangrowth|42/100|[from] Stealth Rock
|turn|35
|
|t:|1659232664
|switch|p2a: Clefable|Clefable, M|100/100
|move|p1a: Tangrowth|Giga Drain|p2a: Clefable
|-damage|p2a: Clefable|74/100
|-heal|p1a: Tangrowth|55/100|[from] drain|[of] p2a: Clefable
|
|upkeep
|turn|36
|
|t:|1659232671
|switch|p1a: Excadrill|Excadrill, M|32/100
|-damage|p1a: Excadrill|20/100|[from] Spikes
|-damage|p1a: Excadrill|17/100|[from] Stealth Rock
|move|p2a: Clefable|Thunder Wave|p1a: Excadrill
|-immune|p1a: Excadrill
|
|-heal|p1a: Excadrill|23/100|[from] item: Leftovers
|upkeep
|turn|37
|
|t:|1659232677
|switch|p2a: Rotom|Rotom-Wash|73/100
|move|p1a: Excadrill|Rapid Spin|p2a: Rotom
|-damage|p2a: Rotom|51/100
|-boost|p1a: Excadrill|spe|1
|-sideend|p1: IMSOMALD|Spikes|[from] move: Rapid Spin|[of] p1a: Excadrill
|-sideend|p1: IMSOMALD|Stealth Rock|[from] move: Rapid Spin|[of] p1a: Excadrill
|
|-heal|p1a: Excadrill|29/100|[from] item: Leftovers
|-heal|p2a: Rotom|57/100|[from] item: Leftovers
|upkeep
|turn|38
|
|t:|1659232686
|switch|p1a: Clefable|Clefable, F|92/100 par
|move|p2a: Rotom|Volt Switch|p1a: Clefable
|-damage|p1a: Clefable|71/100 par
|
|t:|1659232688
|switch|p2a: Dragapult|Dragapult, M|1/100|[from]move: Volt Switch
|
|upkeep
|turn|39
|
|t:|1659232691
|move|p2a: Dragapult|Hex|p1a: Clefable
|-damage|p1a: Clefable|0 fnt
|faint|p1a: Clefable
|
|upkeep
|
|t:|1659232694
|switch|p1a: Tangrowth|Tangrowth, M|88/100
|turn|40
|
|t:|1659232698
|switch|p2a: Clefable|Clefable, M|74/100
|switch|p1a: Excadrill|Excadrill, M|29/100
|
|-heal|p1a: Excadrill|35/100|[from] item: Leftovers
|upkeep
|turn|41
|
|t:|1659232706
|switch|p2a: Rotom|Rotom-Wash|57/100
|move|p1a: Excadrill|Rapid Spin|p2a: Rotom
|-damage|p2a: Rotom|37/100
|-boost|p1a: Excadrill|spe|1
|
|-heal|p1a: Excadrill|41/100|[from] item: Leftovers
|-heal|p2a: Rotom|44/100|[from] item: Leftovers
|upkeep
|turn|42
|
|t:|1659232711
|move|p1a: Excadrill|Swords Dance|p1a: Excadrill
|-boost|p1a: Excadrill|atk|2
|move|p2a: Rotom|Hydro Pump|p1a: Excadrill
|-supereffective|p1a: Excadrill
|-damage|p1a: Excadrill|0 fnt
|faint|p1a: Excadrill
|
|-heal|p2a: Rotom|50/100|[from] item: Leftovers
|upkeep
|-message|IMSOMALD forfeited.
|
|win|lt91bb FJ2K
|raw|IMSOMALD's rating: 1656 &rarr; <strong>1636</strong><br />(-20 for losing)
|raw|lt91bb FJ2K's rating: 1657 &rarr; <strong>1677</strong><br />(+20 for winning)
|l|☆IMSOMALD
||Ladder isn't responding, score probably updated but might not have (Request timeout).
