|j|☆reionatro
|j|☆adel19
|t:|1662912793
|gametype|singles
|player|p1|reionatro|169|
|player|p2|adel19|170|
|teamsize|p1|6
|teamsize|p2|6
|gen|8
|tier|[Gen 8] OU
|rule|Sleep Clause Mod: Limit one foe put to sleep
|rule|Species Clause: Limit one of each Pokémon
|rule|OHKO Clause: OHKO moves are banned
|rule|Evasion Items Clause: Evasion items are banned
|rule|Evasion Moves Clause: Evasion moves are banned
|rule|Endless Battle Clause: Forcing endless battles is banned
|rule|HP Percentage Mod: HP is shown in percentages
|rule|Dynamax Clause: You cannot dynamax
|clearpoke
|poke|p1|Landorus-Therian, M|
|poke|p1|Melmetal|
|poke|p1|Rillaboom, F|
|poke|p1|Tapu Koko|
|poke|p1|Urshifu-*, M|
|poke|p1|Zapdos|
|poke|p2|Landorus-Therian, M|
|poke|p2|Zeraora|
|poke|p2|Kartana|
|poke|p2|Tapu Fini|
|poke|p2|Zapdos|
|poke|p2|Blissey, F|
|teampreview
|
|t:|1662912868
|start
|switch|p1a: Tapu Koko|Tapu Koko|100/100
|switch|p2a: Landorus|Landorus-Therian, M|100/100
|-fieldstart|move: Electric Terrain|[from] ability: Electric Surge|[of] p1a: Tapu Koko
|-ability|p2a: Landorus|Intimidate|boost
|-unboost|p1a: Tapu Koko|atk|1
|turn|1
|
|t:|1662912883
|switch|p1a: Rillaboom|Rillaboom, F|100/100
|-fieldstart|move: Grassy Terrain|[from] ability: Grassy Surge|[of] p1a: Rillaboom
|move|p2a: Landorus|Earthquake|p1a: Rillaboom
|-resisted|p1a: Rillaboom
|-damage|p1a: Rillaboom|83/100
|
|-heal|p1a: Rillaboom|89/100|[from] Grassy Terrain
|-heal|p1a: Rillaboom|95/100|[from] item: Leftovers
|upkeep
|turn|2
|
|t:|1662912888
|switch|p2a: Zapdos|Zapdos|100/100
|move|p1a: Rillaboom|Knock Off|p2a: Zapdos
|-crit|p2a: Zapdos
|-damage|p2a: Zapdos|64/100
|-status|p1a: Rillaboom|par|[from] ability: Static|[of] p2a: Zapdos
|-enditem|p2a: Zapdos|Heavy-Duty Boots|[from] move: Knock Off|[of] p1a: Rillaboom
|
|-heal|p1a: Rillaboom|100/100 par|[from] Grassy Terrain
|upkeep
|turn|3
|
|t:|1662912897
|switch|p1a: Landorus|Landorus-Therian, M|100/100
|-ability|p1a: Landorus|Intimidate|boost
|-unboost|p2a: Zapdos|atk|1
|move|p2a: Zapdos|Toxic|p1a: Landorus
|-status|p1a: Landorus|tox
|
|-damage|p1a: Landorus|94/100 tox|[from] psn
|upkeep
|turn|4
|
|t:|1662912907
|move|p2a: Zapdos|Hurricane|p1a: Landorus
|-damage|p1a: Landorus|60/100 tox
|move|p1a: Landorus|Stealth Rock|p2a: Zapdos
|-sidestart|p2: adel19|move: Stealth Rock
|
|-heal|p1a: Landorus|66/100 tox|[from] item: Leftovers
|-damage|p1a: Landorus|54/100 tox|[from] psn
|upkeep
|turn|5
|
|t:|1662912915
|switch|p1a: Tapu Koko|Tapu Koko|100/100
|-fieldstart|move: Electric Terrain|[from] ability: Electric Surge|[of] p1a: Tapu Koko
|move|p2a: Zapdos|Roost|p2a: Zapdos
|-heal|p2a: Zapdos|100/100
|-singleturn|p2a: Zapdos|move: Roost
|
|upkeep
|turn|6
|
|t:|1662912925
|switch|p2a: Zeraora|Zeraora|100/100
|move|p1a: Tapu Koko|Volt Switch|p2a: Zeraora
|-immune|p2a: Zeraora|[from] ability: Volt Absorb
|
|upkeep
|turn|7
|
|t:|1662912936
|switch|p1a: Melmetal|Melmetal, shiny|100/100
|move|p2a: Zeraora|Knock Off|p1a: Melmetal
|-damage|p1a: Melmetal|83/100
|-enditem|p1a: Melmetal|Leftovers|[from] move: Knock Off|[of] p2a: Zeraora
|
|upkeep
|turn|8
|
|t:|1662912994
|switch|p2a: Tapu Fini|Tapu Fini|100/100
|-damage|p2a: Tapu Fini|88/100|[from] Stealth Rock
|-fieldstart|move: Misty Terrain|[from] ability: Misty Surge|[of] p2a: Tapu Fini
|switch|p1a: Tapu Koko|Tapu Koko|100/100
|-fieldstart|move: Electric Terrain|[from] ability: Electric Surge|[of] p1a: Tapu Koko
|
|-heal|p2a: Tapu Fini|94/100|[from] item: Leftovers
|upkeep
|turn|9
|
|t:|1662913030
|switch|p2a: Blissey|Blissey, F|100/100
|move|p1a: Tapu Koko|Dazzling Gleam|p2a: Blissey
|-damage|p2a: Blissey|82/100
|
|upkeep
|turn|10
|
|t:|1662913043
|switch|p1a: Melmetal|Melmetal, shiny|83/100
|move|p2a: Blissey|Stealth Rock|p1a: Melmetal
|-sidestart|p1: reionatro|move: Stealth Rock
|
|upkeep
|turn|11
|
|t:|1662913123
|switch|p1a: Tapu Koko|Tapu Koko|100/100
|-damage|p1a: Tapu Koko|88/100|[from] Stealth Rock
|move|p2a: Blissey|Seismic Toss|p1a: Tapu Koko
|-damage|p1a: Tapu Koko|52/100
|
|upkeep
|turn|12
|
|t:|1662913152
|move|p1a: Tapu Koko|Volt Switch|p2a: Blissey
|-damage|p2a: Blissey|59/100
|
|t:|1662913155
|switch|p1a: Melmetal|Melmetal, shiny|83/100|[from]move: Volt Switch
|-damage|p1a: Melmetal|77/100|[from] Stealth Rock
|move|p2a: Blissey|Seismic Toss|p1a: Melmetal
|-damage|p1a: Melmetal|52/100
|
|-fieldend|move: Electric Terrain
|upkeep
|turn|13
|
|t:|1662913162
|move|p2a: Blissey|Seismic Toss|p1a: Melmetal
|-damage|p1a: Melmetal|28/100
|move|p1a: Melmetal|Double Iron Bash|p2a: Blissey
|-damage|p2a: Blissey|20/100
|-damage|p2a: Blissey|0 fnt
|faint|p2a: Blissey
|-hitcount|p2: Blissey|2
|
|upkeep
|
|t:|1662913201
|switch|p2a: Tapu Fini|Tapu Fini|94/100
|-damage|p2a: Tapu Fini|82/100|[from] Stealth Rock
|-fieldstart|move: Misty Terrain|[from] ability: Misty Surge|[of] p2a: Tapu Fini
|turn|14
|
|t:|1662913212
|move|p2a: Tapu Fini|Surf|p1a: Melmetal
|-damage|p1a: Melmetal|0 fnt
|faint|p1a: Melmetal
|
|-heal|p2a: Tapu Fini|88/100|[from] item: Leftovers
|upkeep
|
|t:|1662913216
|switch|p1a: Tapu Koko|Tapu Koko|52/100
|-damage|p1a: Tapu Koko|40/100|[from] Stealth Rock
|-fieldstart|move: Electric Terrain|[from] ability: Electric Surge|[of] p1a: Tapu Koko
|turn|15
|
|t:|1662913307
|switch|p2a: Landorus|Landorus-Therian, M|100/100
|-damage|p2a: Landorus|88/100|[from] Stealth Rock
|-ability|p2a: Landorus|Intimidate|boost
|-unboost|p1a: Tapu Koko|atk|1
|move|p1a: Tapu Koko|Thunderbolt|p2a: Landorus
|-immune|p2a: Landorus
|
|upkeep
|turn|16
|
|t:|1662913319
|switch|p1a: Rillaboom|Rillaboom, F|100/100 par
|-damage|p1a: Rillaboom|88/100 par|[from] Stealth Rock
|-fieldstart|move: Grassy Terrain|[from] ability: Grassy Surge|[of] p1a: Rillaboom
|move|p2a: Landorus|Earthquake|p1a: Rillaboom
|-resisted|p1a: Rillaboom
|-damage|p1a: Rillaboom|71/100 par
|
|-heal|p1a: Rillaboom|78/100 par|[from] Grassy Terrain
|-heal|p1a: Rillaboom|84/100 par|[from] item: Leftovers
|upkeep
|turn|17
|
|t:|1662913338
|switch|p2a: Zapdos|Zapdos|100/100
|-damage|p2a: Zapdos|75/100|[from] Stealth Rock
|switch|p1a: Urshifu|Urshifu-Rapid-Strike, M|100/100
|-damage|p1a: Urshifu|94/100|[from] Stealth Rock
|
|-heal|p1a: Urshifu|100/100|[from] Grassy Terrain
|upkeep
|turn|18
|
|t:|1662913354
|switch|p1a: Zapdos|Zapdos, shiny|100/100
|move|p2a: Zapdos|Roost|p2a: Zapdos
|-heal|p2a: Zapdos|100/100
|-singleturn|p2a: Zapdos|move: Roost
|
|upkeep
|turn|19
|
|t:|1662913359
|move|p1a: Zapdos|Hurricane|p2a: Zapdos|[miss]
|-miss|p1a: Zapdos|p2a: Zapdos
|move|p2a: Zapdos|Toxic|p1a: Zapdos
|-status|p1a: Zapdos|tox
|
|-damage|p1a: Zapdos|94/100 tox|[from] psn
|upkeep
|turn|20
|
|t:|1662913367
|switch|p1a: Landorus|Landorus-Therian, M|54/100 tox
|-damage|p1a: Landorus|41/100 tox|[from] Stealth Rock
|-ability|p1a: Landorus|Intimidate|boost
|-unboost|p2a: Zapdos|atk|1
|move|p2a: Zapdos|Hurricane|p1a: Landorus
|-damage|p1a: Landorus|5/100 tox
|
|-heal|p1a: Landorus|11/100 tox|[from] item: Leftovers
|-damage|p1a: Landorus|5/100 tox|[from] psn
|-fieldend|move: Grassy Terrain
|upkeep
|turn|21
|
|t:|1662913377
|move|p2a: Zapdos|Hurricane|p1a: Landorus|[miss]
|-miss|p2a: Zapdos|p1a: Landorus
|move|p1a: Landorus|Knock Off|p2a: Zapdos
|-damage|p2a: Zapdos|86/100
|
|-heal|p1a: Landorus|11/100 tox|[from] item: Leftovers
|-damage|p1a: Landorus|0 fnt|[from] psn
|faint|p1a: Landorus
|upkeep
|
|t:|1662913382
|switch|p1a: Tapu Koko|Tapu Koko|40/100
|-damage|p1a: Tapu Koko|28/100|[from] Stealth Rock
|-fieldstart|move: Electric Terrain|[from] ability: Electric Surge|[of] p1a: Tapu Koko
|turn|22
|
|t:|1662913413
|switch|p2a: Landorus|Landorus-Therian, M|88/100
|-damage|p2a: Landorus|76/100|[from] Stealth Rock
|-ability|p2a: Landorus|Intimidate|boost
|-unboost|p1a: Tapu Koko|atk|1
|move|p1a: Tapu Koko|Dazzling Gleam|p2a: Landorus
|-damage|p2a: Landorus|11/100
|
|upkeep
|turn|23
|
|t:|1662913419
|move|p1a: Tapu Koko|Dazzling Gleam|p2a: Landorus
|-damage|p2a: Landorus|0 fnt
|faint|p2a: Landorus
|
|upkeep
|
|t:|1662913424
|switch|p2a: Zeraora|Zeraora|100/100
|turn|24
|
|t:|1662913427
|move|p2a: Zeraora|Knock Off|p1a: Tapu Koko
|-resisted|p1a: Tapu Koko
|-crit|p1a: Tapu Koko
|-damage|p1a: Tapu Koko|0 fnt
|-enditem|p1a: Tapu Koko|Choice Specs|[from] move: Knock Off|[of] p2a: Zeraora
|faint|p1a: Tapu Koko
|
|upkeep
|
|t:|1662913448
|switch|p1a: Rillaboom|Rillaboom, F|84/100 par
|-damage|p1a: Rillaboom|71/100 par|[from] Stealth Rock
|-fieldstart|move: Grassy Terrain|[from] ability: Grassy Surge|[of] p1a: Rillaboom
|turn|25
|
|t:|1662913490
|move|p2a: Zeraora|Knock Off|p1a: Rillaboom
|-damage|p1a: Rillaboom|45/100 par
|-enditem|p1a: Rillaboom|Leftovers|[from] move: Knock Off|[of] p2a: Zeraora
|move|p1a: Rillaboom|Swords Dance|p1a: Rillaboom
|-boost|p1a: Rillaboom|atk|2
|
|-heal|p1a: Rillaboom|51/100 par|[from] Grassy Terrain
|upkeep
|turn|26
|
|t:|1662913499
|switch|p2a: Tapu Fini|Tapu Fini|88/100
|-damage|p2a: Tapu Fini|75/100|[from] Stealth Rock
|-fieldstart|move: Misty Terrain|[from] ability: Misty Surge|[of] p2a: Tapu Fini
|move|p1a: Rillaboom|Grassy Glide|p2a: Tapu Fini
|-supereffective|p2a: Tapu Fini
|-damage|p2a: Tapu Fini|0 fnt
|faint|p2a: Tapu Fini
|
|upkeep
|
|t:|1662913502
|switch|p2a: Zapdos|Zapdos|86/100
|-damage|p2a: Zapdos|61/100|[from] Stealth Rock
|turn|27
|
|t:|1662913510
|move|p2a: Zapdos|Roost|p2a: Zapdos
|-heal|p2a: Zapdos|100/100
|-singleturn|p2a: Zapdos|move: Roost
|move|p1a: Rillaboom|Knock Off|p2a: Zapdos
|-damage|p2a: Zapdos|65/100
|
|upkeep
|turn|28
|
|t:|1662913519
|move|p2a: Zapdos|Hurricane|p1a: Rillaboom
|-supereffective|p1a: Rillaboom
|-damage|p1a: Rillaboom|0 fnt
|faint|p1a: Rillaboom
|
|upkeep
|
|t:|1662913529
|switch|p1a: Urshifu|Urshifu-Rapid-Strike, M|100/100
|-damage|p1a: Urshifu|94/100|[from] Stealth Rock
|turn|29
|
|t:|1662913566
|move|p1a: Urshifu|Surging Strikes|p2a: Zapdos
|-crit|p2a: Zapdos
|-damage|p2a: Zapdos|49/100
|-crit|p2a: Zapdos
|-damage|p2a: Zapdos|34/100
|-crit|p2a: Zapdos
|-damage|p2a: Zapdos|18/100
|-hitcount|p2a: Zapdos|3
|move|p2a: Zapdos|Roost|p2a: Zapdos
|-heal|p2a: Zapdos|68/100
|-singleturn|p2a: Zapdos|move: Roost
|
|upkeep
|turn|30
|c|☆reionatro|gg
|-message|reionatro forfeited.
|
|win|adel19
|c|☆adel19|gg
|l|☆reionatro
