|j|☆big boss 447
|j|☆LVloneSupreme
|player|p1|big boss 447|n|1811
|player|p2|LVloneSupreme|whitney|1589
|teamsize|p1|6
|teamsize|p2|6
|gametype|singles
|gen|8
|tier|[Gen 8] OU
|rated|
|clearpoke
|poke|p1|Rotom-Wash|
|poke|p1|Pelipper, F|
|poke|p1|Crawdaunt, M|
|poke|p1|Kyurem|
|poke|p1|Zeraora|
|poke|p1|Ferrothorn, F|
|poke|p2|Primarina, M|
|poke|p2|Kommo-o, M|
|poke|p2|Ferrothorn, M|
|poke|p2|Excadrill, F|
|poke|p2|Rotom-Heat|
|poke|p2|Rillaboom, F|
|rule|Sleep Clause Mod: Limit one foe put to sleep
|rule|Species Clause: Limit one of each Pokémon
|rule|OHKO Clause: OHKO moves are banned
|rule|Evasion Moves Clause: Evasion moves are banned
|rule|Endless Battle Clause: Forcing endless battles is banned
|rule|HP Percentage Mod: HP is shown in percentages
|rule|Dynamax Clause: You cannot dynamax
|teampreview
|inactive|Battle timer is ON: inactive players will automatically lose when time's up. (requested by LVloneSupreme)
|
|start
|switch|p1a: Ferrothorn|Ferrothorn, F|100/100
|switch|p2a: Rotom|Rotom-Heat|100/100
|turn|1
|
|move|p2a: Rotom|Trick|p1a: Ferrothorn
|-activate|p2a: Rotom|move: Trick|[of] p1a: Ferrothorn
|-item|p1a: Ferrothorn|Choice Specs|[from] move: Trick
|-item|p2a: Rotom|Leftovers|[from] move: Trick
|move|p1a: Ferrothorn|Stealth Rock|p2a: Rotom
|-sidestart|p2: LVloneSupreme|move: Stealth Rock
|
|upkeep
|turn|2
|
|switch|p1a: Rotom|Rotom-Wash|100/100
|move|p2a: Rotom|Volt Switch|p1a: Rotom
|-damage|p1a: Rotom|68/100
|inactive|LVloneSupreme has 120 seconds left.
|
|switch|p2a: Kommo-o|Kommo-o, M|100/100|[from]move: Volt Switch
|-damage|p2a: Kommo-o|94/100|[from] Stealth Rock
|
|-heal|p2a: Kommo-o|100/100|[from] item: Leftovers
|-heal|p1a: Rotom|74/100|[from] item: Leftovers
|upkeep
|turn|3
|
|move|p2a: Kommo-o|Stealth Rock|p1a: Rotom
|-sidestart|p1: big boss 447|move: Stealth Rock
|move|p1a: Rotom|Will-O-Wisp|p2a: Kommo-o
|-status|p2a: Kommo-o|brn
|
|-heal|p1a: Rotom|80/100|[from] item: Leftovers
|-damage|p2a: Kommo-o|94/100 brn|[from] brn
|upkeep
|turn|4
|
|switch|p1a: Pelipper|Pelipper, F|100/100
|-damage|p1a: Pelipper|76/100|[from] Stealth Rock
|-weather|RainDance|[from] ability: Drizzle|[of] p1a: Pelipper
|move|p2a: Kommo-o|Body Press|p1a: Pelipper
|-resisted|p1a: Pelipper
|-damage|p1a: Pelipper|60/100
|
|-weather|RainDance|[upkeep]
|-heal|p2a: Kommo-o|100/100 brn|[from] item: Leftovers
|-damage|p2a: Kommo-o|94/100 brn|[from] brn
|upkeep
|turn|5
|
|switch|p2a: Ferrothorn|Ferrothorn, M|100/100
|-damage|p2a: Ferrothorn|94/100|[from] Stealth Rock
|move|p1a: Pelipper|Hurricane|p2a: Ferrothorn
|-damage|p2a: Ferrothorn|30/100
|
|-weather|RainDance|[upkeep]
|-heal|p2a: Ferrothorn|36/100|[from] item: Leftovers
|upkeep
|turn|6
|
|switch|p2a: Rotom|Rotom-Heat|100/100
|-damage|p2a: Rotom|76/100|[from] Stealth Rock
|move|p1a: Pelipper|Hurricane|p2a: Rotom
|-resisted|p2a: Rotom
|-damage|p2a: Rotom|23/100
|
|-weather|RainDance|[upkeep]
|-heal|p2a: Rotom|29/100|[from] item: Leftovers
|upkeep
|turn|7
|
|switch|p2a: Ferrothorn|Ferrothorn, M|36/100
|-damage|p2a: Ferrothorn|30/100|[from] Stealth Rock
|switch|p1a: Ferrothorn|Ferrothorn, F|100/100
|-damage|p1a: Ferrothorn|94/100|[from] Stealth Rock
|
|-weather|RainDance|[upkeep]
|-heal|p2a: Ferrothorn|36/100|[from] item: Leftovers
|upkeep
|turn|8
|l|☆big boss 447
|inactive|big boss 447 disconnected and has a minute to reconnect!
|player|p1|
|j|☆big boss 447
|inactive|big boss 447 reconnected and has 145 seconds left.
|player|p1|big boss 447|n
|
|move|p2a: Ferrothorn|Spikes|p1a: Ferrothorn
|-sidestart|p1: big boss 447|Spikes
|move|p1a: Ferrothorn|Thunder Wave|p2a: Ferrothorn
|-status|p2a: Ferrothorn|par
|
|-weather|none
|-heal|p2a: Ferrothorn|43/100 par|[from] item: Leftovers
|upkeep
|turn|9
|
|switch|p1a: Rotom|Rotom-Wash|80/100
|-damage|p1a: Rotom|68/100|[from] Stealth Rock
|move|p2a: Ferrothorn|Leech Seed|p1a: Rotom
|-start|p1a: Rotom|move: Leech Seed
|
|-heal|p1a: Rotom|74/100|[from] item: Leftovers
|-heal|p2a: Ferrothorn|49/100 par|[from] item: Leftovers
|-damage|p1a: Rotom|62/100|[from] Leech Seed|[of] p2a: Ferrothorn
|-heal|p2a: Ferrothorn|60/100 par|[silent]
|upkeep
|turn|10
|
|move|p1a: Rotom|Defog|p2a: Ferrothorn
|-unboost|p2a: Ferrothorn|evasion|1
|-sideend|p2: LVloneSupreme|Stealth Rock|[from] move: Defog|[of] p1a: Rotom
|-sideend|p1: big boss 447|Spikes|[from] move: Defog|[of] p1a: Rotom
|-sideend|p1: big boss 447|Stealth Rock|[from] move: Defog|[of] p1a: Rotom
|move|p2a: Ferrothorn|Knock Off|p1a: Rotom
|-damage|p1a: Rotom|46/100
|-enditem|p1a: Rotom|Leftovers|[from] move: Knock Off|[of] p2a: Ferrothorn
|
|-heal|p2a: Ferrothorn|66/100 par|[from] item: Leftovers
|-damage|p1a: Rotom|34/100|[from] Leech Seed|[of] p2a: Ferrothorn
|-heal|p2a: Ferrothorn|77/100 par|[silent]
|upkeep
|turn|11
|
|switch|p1a: Ferrothorn|Ferrothorn, F|94/100
|move|p2a: Ferrothorn|Leech Seed|p1a: Ferrothorn
|-immune|p1a: Ferrothorn
|
|-heal|p2a: Ferrothorn|83/100 par|[from] item: Leftovers
|upkeep
|turn|12
|
|move|p1a: Ferrothorn|Knock Off|p2a: Ferrothorn
|-damage|p2a: Ferrothorn|71/100 par
|-damage|p1a: Ferrothorn|82/100|[from] ability: Iron Barbs|[of] p2a: Ferrothorn
|-enditem|p2a: Ferrothorn|Leftovers|[from] move: Knock Off|[of] p1a: Ferrothorn
|cant|p2a: Ferrothorn|par
|
|upkeep
|turn|13
|
|switch|p1a: Pelipper|Pelipper, F|60/100
|-weather|RainDance|[from] ability: Drizzle|[of] p1a: Pelipper
|move|p2a: Ferrothorn|Spikes|p1a: Pelipper
|-sidestart|p1: big boss 447|Spikes
|
|-weather|RainDance|[upkeep]
|upkeep
|turn|14
|
|move|p1a: Pelipper|Hurricane|p2a: Ferrothorn
|-damage|p2a: Ferrothorn|4/100 par
|-start|p2a: Ferrothorn|confusion
|-activate|p2a: Ferrothorn|confusion
|move|p2a: Ferrothorn|Knock Off|p1a: Pelipper
|-damage|p1a: Pelipper|32/100
|-enditem|p1a: Pelipper|Choice Specs|[from] move: Knock Off|[of] p2a: Ferrothorn
|
|-weather|RainDance|[upkeep]
|upkeep
|turn|15
|
|move|p1a: Pelipper|Weather Ball|p2a: Ferrothorn
|-resisted|p2a: Ferrothorn
|-damage|p2a: Ferrothorn|0 fnt
|faint|p2a: Ferrothorn
|
|-weather|RainDance|[upkeep]
|upkeep
|inactive|LVloneSupreme has 120 seconds left.
|
|switch|p2a: Rillaboom|Rillaboom, F|100/100
|-fieldstart|move: Grassy Terrain|[from] ability: Grassy Surge|[of] p2a: Rillaboom
|turn|16
|
|switch|p1a: Ferrothorn|Ferrothorn, F|82/100
|-damage|p1a: Ferrothorn|69/100|[from] Spikes
|move|p2a: Rillaboom|Superpower|p1a: Ferrothorn
|-supereffective|p1a: Ferrothorn
|-damage|p1a: Ferrothorn|14/100
|-unboost|p2a: Rillaboom|atk|1
|-unboost|p2a: Rillaboom|def|1
|-damage|p2a: Rillaboom|88/100|[from] ability: Iron Barbs|[of] p1a: Ferrothorn
|
|-weather|RainDance|[upkeep]
|-heal|p2a: Rillaboom|94/100|[from] Grassy Terrain
|-heal|p1a: Ferrothorn|20/100|[from] Grassy Terrain
|upkeep
|turn|17
|
|move|p2a: Rillaboom|Superpower|p1a: Ferrothorn
|-supereffective|p1a: Ferrothorn
|-damage|p1a: Ferrothorn|0 fnt
|-unboost|p2a: Rillaboom|atk|1
|-unboost|p2a: Rillaboom|def|1
|-damage|p2a: Rillaboom|82/100|[from] ability: Iron Barbs|[of] p1a: Ferrothorn
|faint|p1a: Ferrothorn
|
|-weather|none
|-heal|p2a: Rillaboom|88/100|[from] Grassy Terrain
|upkeep
|
|switch|p1a: Pelipper|Pelipper, F|32/100
|-weather|RainDance|[from] ability: Drizzle|[of] p1a: Pelipper
|turn|18
|inactive|LVloneSupreme has 120 seconds left.
|
|switch|p2a: Excadrill|Excadrill, F|100/100
|-ability|p2a: Excadrill|Mold Breaker
|move|p1a: Pelipper|Hydro Pump|p2a: Excadrill|[miss]
|-miss|p1a: Pelipper|p2a: Excadrill
|
|-weather|RainDance|[upkeep]
|upkeep
|turn|19
|
|move|p2a: Excadrill|Iron Head|p1a: Pelipper
|-resisted|p1a: Pelipper
|-damage|p1a: Pelipper|2/100
|cant|p1a: Pelipper|flinch
|
|-weather|RainDance|[upkeep]
|upkeep
|turn|20
|
|move|p2a: Excadrill|Rapid Spin|p1a: Pelipper
|-damage|p1a: Pelipper|0 fnt
|-boost|p2a: Excadrill|spe|1
|faint|p1a: Pelipper
|
|-weather|RainDance|[upkeep]
|-fieldend|move: Grassy Terrain
|upkeep
|
|switch|p1a: Crawdaunt|Crawdaunt, M|100/100
|-damage|p1a: Crawdaunt|88/100|[from] Spikes
|turn|21
|
|switch|p2a: Kommo-o|Kommo-o, M|94/100 brn
|move|p1a: Crawdaunt|Liquidation|p2a: Kommo-o
|-resisted|p2a: Kommo-o
|-damage|p2a: Kommo-o|61/100 brn
|-damage|p1a: Crawdaunt|78/100|[from] item: Life Orb
|
|-weather|RainDance|[upkeep]
|-heal|p2a: Kommo-o|67/100 brn|[from] item: Leftovers
|-damage|p2a: Kommo-o|61/100 brn|[from] brn
|upkeep
|turn|22
|
|switch|p1a: Rotom|Rotom-Wash|34/100
|move|p2a: Kommo-o|Body Press|p1a: Rotom
|-damage|p1a: Rotom|16/100
|
|-weather|none
|-heal|p2a: Kommo-o|67/100 brn|[from] item: Leftovers
|-damage|p2a: Kommo-o|61/100 brn|[from] brn
|upkeep
|turn|23
|inactive|LVloneSupreme has 120 seconds left.
|
|move|p2a: Kommo-o|Body Press|p1a: Rotom
|-damage|p1a: Rotom|0 fnt
|faint|p1a: Rotom
|
|-heal|p2a: Kommo-o|67/100 brn|[from] item: Leftovers
|-damage|p2a: Kommo-o|61/100 brn|[from] brn
|upkeep
|
|switch|p1a: Kyurem|Kyurem|100/100
|-damage|p1a: Kyurem|88/100|[from] Spikes
|-ability|p1a: Kyurem|Pressure
|turn|24
|
|switch|p2a: Rotom|Rotom-Heat|29/100
|move|p1a: Kyurem|Freeze-Dry|p2a: Rotom
|-resisted|p2a: Rotom
|-damage|p2a: Rotom|0 fnt
|faint|p2a: Rotom
|
|upkeep
|
|switch|p2a: Rillaboom|Rillaboom, F|88/100
|-fieldstart|move: Grassy Terrain|[from] ability: Grassy Surge|[of] p2a: Rillaboom
|turn|25
|
|move|p2a: Rillaboom|Superpower|p1a: Kyurem
|-supereffective|p1a: Kyurem
|-damage|p1a: Kyurem|14/100
|-unboost|p2a: Rillaboom|atk|1
|-unboost|p2a: Rillaboom|def|1
|move|p1a: Kyurem|Freeze-Dry|p2a: Rillaboom
|-supereffective|p2a: Rillaboom
|-damage|p2a: Rillaboom|0 fnt
|faint|p2a: Rillaboom
|
|-heal|p1a: Kyurem|20/100|[from] Grassy Terrain
|upkeep
|
|switch|p2a: Excadrill|Excadrill, F|100/100
|-ability|p2a: Excadrill|Mold Breaker
|turn|26
|
|switch|p1a: Crawdaunt|Crawdaunt, M|78/100
|-damage|p1a: Crawdaunt|66/100|[from] Spikes
|move|p2a: Excadrill|Rapid Spin|p1a: Crawdaunt
|-damage|p1a: Crawdaunt|39/100
|-boost|p2a: Excadrill|spe|1
|
|-heal|p1a: Crawdaunt|45/100|[from] Grassy Terrain
|upkeep
|turn|27
|
|switch|p2a: Kommo-o|Kommo-o, M|61/100 brn
|switch|p1a: Kyurem|Kyurem|20/100
|-damage|p1a: Kyurem|8/100|[from] Spikes
|-ability|p1a: Kyurem|Pressure
|
|-heal|p1a: Kyurem|14/100|[from] Grassy Terrain
|-heal|p2a: Kommo-o|67/100 brn|[from] item: Leftovers
|-heal|p2a: Kommo-o|74/100 brn|[from] Grassy Terrain
|-damage|p2a: Kommo-o|67/100 brn|[from] brn
|upkeep
|turn|28
|
|move|p1a: Kyurem|Freeze-Dry|p2a: Kommo-o
|-supereffective|p2a: Kommo-o
|-damage|p2a: Kommo-o|0 fnt
|faint|p2a: Kommo-o
|
|-heal|p1a: Kyurem|20/100|[from] Grassy Terrain
|upkeep
|
|switch|p2a: Excadrill|Excadrill, F|100/100
|-ability|p2a: Excadrill|Mold Breaker
|turn|29
|
|move|p2a: Excadrill|Rapid Spin|p1a: Kyurem
|-damage|p1a: Kyurem|3/100
|-boost|p2a: Excadrill|spe|1
|move|p1a: Kyurem|Freeze-Dry|p2a: Excadrill
|-damage|p2a: Excadrill|15/100
|
|-heal|p2a: Excadrill|22/100|[from] Grassy Terrain
|-heal|p1a: Kyurem|9/100|[from] Grassy Terrain
|-fieldend|move: Grassy Terrain
|upkeep
|turn|30
|
|move|p2a: Excadrill|Earthquake|p1a: Kyurem
|-damage|p1a: Kyurem|0 fnt
|faint|p1a: Kyurem
|
|upkeep
|
|switch|p1a: Crawdaunt|Crawdaunt, M|45/100
|-damage|p1a: Crawdaunt|33/100|[from] Spikes
|turn|31
|
|move|p1a: Crawdaunt|Aqua Jet|p2a: Excadrill
|-supereffective|p2a: Excadrill
|-damage|p2a: Excadrill|0 fnt
|-damage|p1a: Crawdaunt|23/100|[from] item: Life Orb
|faint|p2a: Excadrill
|
|upkeep
|
|switch|p2a: Primarina|Primarina, M|100/100
|turn|32
|
|move|p1a: Crawdaunt|Liquidation|p2a: Primarina
|-resisted|p2a: Primarina
|-damage|p2a: Primarina|52/100
|-unboost|p2a: Primarina|def|1
|-damage|p1a: Crawdaunt|13/100|[from] item: Life Orb
|move|p2a: Primarina|Substitute|p2a: Primarina
|-start|p2a: Primarina|Substitute
|-damage|p2a: Primarina|27/100
|
|-heal|p2a: Primarina|33/100|[from] item: Leftovers
|upkeep
|turn|33
|
|move|p1a: Crawdaunt|Liquidation|p2a: Primarina
|-resisted|p2a: Primarina
|-end|p2a: Primarina|Substitute
|-damage|p1a: Crawdaunt|3/100|[from] item: Life Orb
|move|p2a: Primarina|Moonblast|p1a: Crawdaunt
|-supereffective|p1a: Crawdaunt
|-damage|p1a: Crawdaunt|0 fnt
|faint|p1a: Crawdaunt
|
|-heal|p2a: Primarina|39/100|[from] item: Leftovers
|upkeep
|
|switch|p1a: Zeraora|Zeraora|100/100
|-damage|p1a: Zeraora|88/100|[from] Spikes
|turn|34
|
|move|p1a: Zeraora|Plasma Fists|p2a: Primarina
|-supereffective|p2a: Primarina
|-crit|p2a: Primarina
|-damage|p2a: Primarina|0 fnt
|-fieldactivate|move: Ion Deluge
|faint|p2a: Primarina
|
|win|big boss 447
|l|☆LVloneSupreme
|raw|big boss 447's rating: 1789 &rarr; <strong>1799</strong><br />(+10 for winning)
|raw|LVloneSupreme's rating: 1589 &rarr; <strong>1580</strong><br />(-9 for losing)
