|j|☆minimax_ai
|j|☆soap776
|t:|1662918824
|gametype|singles
|player|p1|minimax_ai|lusamine-nihilego|1511
|player|p2|soap776|265|1498
|teamsize|p1|6
|teamsize|p2|6
|gen|8
|tier|[Gen 8] OU
|rated|
|rule|Sleep Clause Mod: Limit one foe put to sleep
|rule|Species Clause: Limit one of each Pokémon
|rule|OHKO Clause: OHKO moves are banned
|rule|Evasion Items Clause: Evasion items are banned
|rule|Evasion Moves Clause: Evasion moves are banned
|rule|Endless Battle Clause: Forcing endless battles is banned
|rule|HP Percentage Mod: HP is shown in percentages
|rule|Dynamax Clause: You cannot dynamax
|clearpoke
|poke|p1|Rotom-Wash|
|poke|p1|Weavile, F|
|poke|p1|Landorus-Therian, M|
|poke|p1|Heatran, M|
|poke|p1|Tangrowth, F|
|poke|p1|Melmetal|
|poke|p2|Heatran, F|
|poke|p2|Tornadus-Therian, M|
|poke|p2|Urshifu-*, M|
|poke|p2|Gastrodon, F|
|poke|p2|Weezing-Galar, F|
|poke|p2|Rillaboom, M|
|teampreview
|c|☆minimax_ai|hf
|inactive|Battle timer is ON: inactive players will automatically lose when time's up. (requested by minimax_ai)
|c|☆soap776|u2
|
|t:|1662918836
|start
|switch|p1a: landorustherian|Landorus-Therian, M|100/100
|switch|p2a: Urshifu|Urshifu-Rapid-Strike, M|100/100
|-ability|p1a: landorustherian|Intimidate|boost
|-unboost|p2a: Urshifu|atk|1
|turn|1
|
|t:|1662918842
|switch|p1a: Tangrowth|Tangrowth, F|100/100
|move|p2a: Urshifu|Ice Punch|p1a: Tangrowth
|-supereffective|p1a: Tangrowth
|-damage|p1a: Tangrowth|82/100
|-damage|p2a: Urshifu|84/100|[from] item: Rocky Helmet|[of] p1a: Tangrowth
|
|upkeep
|turn|2
|
|t:|1662918854
|switch|p2a: Weezing|Weezing-Galar, F|100/100
|-ability|p2a: Weezing|Neutralizing Gas
|move|p1a: Tangrowth|Knock Off|p2a: Weezing
|-resisted|p2a: Weezing
|-damage|p2a: Weezing|91/100
|-enditem|p2a: Weezing|Black Sludge|[from] move: Knock Off|[of] p1a: Tangrowth
|
|upkeep
|turn|3
|
|t:|1662918859
|switch|p1a: Heatran|Heatran, M|100/100
|-item|p1a: Heatran|Air Balloon
|move|p2a: Weezing|Taunt|p1a: Heatran
|-start|p1a: Heatran|move: Taunt
|
|upkeep
|turn|4
|
|t:|1662918864
|-end|p2a: Weezing|ability: Neutralizing Gas
|switch|p2a: Gastrodon|Gastrodon, F|100/100
|move|p1a: Heatran|Magma Storm|p2a: Gastrodon
|-resisted|p2a: Gastrodon
|-damage|p2a: Gastrodon|84/100
|-activate|p2a: Gastrodon|move: Magma Storm|[of] p1a: Heatran
|
|-heal|p2a: Gastrodon|90/100|[from] item: Leftovers
|-damage|p2a: Gastrodon|77/100|[from] move: Magma Storm|[partiallytrapped]
|upkeep
|turn|5
|
|t:|1662918875
|switch|p1a: rotomwash|Rotom-Wash|100/100
|move|p2a: Gastrodon|Toxic|p1a: rotomwash
|-status|p1a: rotomwash|tox
|
|-heal|p2a: Gastrodon|84/100|[from] item: Leftovers
|-damage|p1a: rotomwash|94/100 tox|[from] psn
|-end|p2a: Gastrodon|Magma Storm|[partiallytrapped]|[silent]
|upkeep
|turn|6
|
|t:|1662918880
|move|p1a: rotomwash|Pain Split|p2a: Gastrodon
|-sethp|p2a: Gastrodon|75/100|[from] move: Pain Split|[silent]
|-sethp|p1a: rotomwash|100/100 tox|[from] move: Pain Split
|move|p2a: Gastrodon|Scald|p1a: rotomwash
|-resisted|p1a: rotomwash
|-crit|p1a: rotomwash
|-damage|p1a: rotomwash|79/100 tox
|
|-heal|p1a: rotomwash|86/100 tox|[from] item: Leftovers
|-heal|p2a: Gastrodon|81/100|[from] item: Leftovers
|-damage|p1a: rotomwash|73/100 tox|[from] psn
|upkeep
|turn|7
|
|t:|1662918885
|move|p1a: rotomwash|Pain Split|p2a: Gastrodon
|-sethp|p2a: Gastrodon|67/100|[from] move: Pain Split|[silent]
|-sethp|p1a: rotomwash|94/100 tox|[from] move: Pain Split
|move|p2a: Gastrodon|Toxic|p1a: rotomwash
|-fail|p1a: rotomwash|tox
|
|-heal|p1a: rotomwash|99/100 tox|[from] item: Leftovers
|-heal|p2a: Gastrodon|73/100|[from] item: Leftovers
|-damage|p1a: rotomwash|81/100 tox|[from] psn
|upkeep
|turn|8
|
|t:|1662918889
|move|p1a: rotomwash|Nasty Plot|p1a: rotomwash
|-boost|p1a: rotomwash|spa|2
|move|p2a: Gastrodon|Toxic|p1a: rotomwash|[miss]
|-miss|p2a: Gastrodon|p1a: rotomwash
|
|-heal|p1a: rotomwash|87/100 tox|[from] item: Leftovers
|-heal|p2a: Gastrodon|79/100|[from] item: Leftovers
|-damage|p1a: rotomwash|62/100 tox|[from] psn
|upkeep
|turn|9
|
|t:|1662918892
|move|p1a: rotomwash|Thunderbolt|p2a: Gastrodon
|-immune|p2a: Gastrodon
|move|p2a: Gastrodon|Recover|p2a: Gastrodon
|-heal|p2a: Gastrodon|100/100
|
|-heal|p1a: rotomwash|69/100 tox|[from] item: Leftovers
|-damage|p1a: rotomwash|37/100 tox|[from] psn
|upkeep
|turn|10
|
|t:|1662918894
|move|p1a: rotomwash|Pain Split|p2a: Gastrodon
|-sethp|p2a: Gastrodon|64/100|[from] move: Pain Split|[silent]
|-sethp|p1a: rotomwash|89/100 tox|[from] move: Pain Split
|move|p2a: Gastrodon|Toxic|p1a: rotomwash
|-fail|p1a: rotomwash|tox
|
|-heal|p1a: rotomwash|95/100 tox|[from] item: Leftovers
|-heal|p2a: Gastrodon|70/100|[from] item: Leftovers
|-damage|p1a: rotomwash|58/100 tox|[from] psn
|upkeep
|turn|11
|
|t:|1662918896
|switch|p1a: Tangrowth|Tangrowth, F|82/100
|move|p2a: Gastrodon|Recover|p2a: Gastrodon
|-heal|p2a: Gastrodon|100/100
|
|upkeep
|turn|12
|
|t:|1662918898
|move|p1a: Tangrowth|Giga Drain|p2a: Gastrodon
|-supereffective|p2a: Gastrodon
|-damage|p2a: Gastrodon|32/100
|-heal|p1a: Tangrowth|100/100|[from] drain|[of] p2a: Gastrodon
|move|p2a: Gastrodon|Toxic|p1a: Tangrowth
|-status|p1a: Tangrowth|tox
|
|-heal|p2a: Gastrodon|38/100|[from] item: Leftovers
|-damage|p1a: Tangrowth|94/100 tox|[from] psn
|upkeep
|turn|13
|
|t:|1662918902
|switch|p2a: Weezing|Weezing-Galar, F|91/100
|-ability|p2a: Weezing|Neutralizing Gas
|move|p1a: Tangrowth|Giga Drain|p2a: Weezing
|-resisted|p2a: Weezing
|-damage|p2a: Weezing|79/100
|-heal|p1a: Tangrowth|99/100 tox|[from] drain|[of] p2a: Weezing
|
|-damage|p1a: Tangrowth|87/100 tox|[from] psn
|upkeep
|turn|14
|
|t:|1662918907
|switch|p1a: Heatran|Heatran, M|100/100
|-item|p1a: Heatran|Air Balloon
|move|p2a: Weezing|Infestation|p1a: Heatran
|-resisted|p1a: Heatran
|-damage|p1a: Heatran|99/100
|-activate|p1a: Heatran|move: Infestation|[of] p2a: Weezing
|-enditem|p1a: Heatran|Air Balloon
|
|-damage|p1a: Heatran|87/100|[from] move: Infestation|[partiallytrapped]
|upkeep
|turn|15
|
|t:|1662918916
|-end|p2a: Weezing|ability: Neutralizing Gas
|switch|p2a: Urshifu|Urshifu-Rapid-Strike, M|84/100
|move|p1a: Heatran|Stealth Rock|p2a: Urshifu
|-sidestart|p2: soap776|move: Stealth Rock
|
|-end|p1a: Heatran|Infestation|[partiallytrapped]|[silent]
|upkeep
|turn|16
|
|t:|1662918918
|switch|p1a: Tangrowth|Tangrowth, F|87/100 tox
|move|p2a: Urshifu|U-turn|p1a: Tangrowth
|-supereffective|p1a: Tangrowth
|-damage|p1a: Tangrowth|63/100 tox
|-damage|p2a: Urshifu|68/100|[from] item: Rocky Helmet|[of] p1a: Tangrowth
|
|t:|1662918927
|switch|p2a: Heatran|Heatran, F|100/100|[from]move: U-turn
|-damage|p2a: Heatran|88/100|[from] Stealth Rock
|
|-heal|p2a: Heatran|94/100|[from] item: Leftovers
|-damage|p1a: Tangrowth|57/100 tox|[from] psn
|upkeep
|turn|17
|
|t:|1662918930
|switch|p1a: rotomwash|Rotom-Wash|58/100 tox
|move|p2a: Heatran|Stealth Rock|p1a: rotomwash
|-sidestart|p1: minimax_ai|move: Stealth Rock
|
|-heal|p1a: rotomwash|64/100 tox|[from] item: Leftovers
|-heal|p2a: Heatran|100/100|[from] item: Leftovers
|-damage|p1a: rotomwash|58/100 tox|[from] psn
|upkeep
|turn|18
|
|t:|1662918934
|switch|p2a: Gastrodon|Gastrodon, F|38/100
|-damage|p2a: Gastrodon|32/100|[from] Stealth Rock
|move|p1a: rotomwash|Nasty Plot|p1a: rotomwash
|-boost|p1a: rotomwash|spa|2
|
|-heal|p1a: rotomwash|64/100 tox|[from] item: Leftovers
|-heal|p2a: Gastrodon|38/100|[from] item: Leftovers
|-damage|p1a: rotomwash|51/100 tox|[from] psn
|upkeep
|turn|19
|
|t:|1662918937
|move|p1a: rotomwash|Nasty Plot|p1a: rotomwash
|-boost|p1a: rotomwash|spa|2
|move|p2a: Gastrodon|Recover|p2a: Gastrodon
|-heal|p2a: Gastrodon|88/100
|
|-heal|p1a: rotomwash|58/100 tox|[from] item: Leftovers
|-heal|p2a: Gastrodon|94/100|[from] item: Leftovers
|-damage|p1a: rotomwash|39/100 tox|[from] psn
|upkeep
|turn|20
|
|t:|1662918941
|move|p1a: rotomwash|Thunderbolt|p2a: Gastrodon
|-immune|p2a: Gastrodon
|move|p2a: Gastrodon|Recover|p2a: Gastrodon
|-heal|p2a: Gastrodon|100/100
|
|-heal|p1a: rotomwash|45/100 tox|[from] item: Leftovers
|-damage|p1a: rotomwash|20/100 tox|[from] psn
|upkeep
|turn|21
|
|t:|1662918943
|move|p1a: rotomwash|Pain Split|p2a: Gastrodon
|-sethp|p2a: Gastrodon|58/100|[from] move: Pain Split|[silent]
|-sethp|p1a: rotomwash|80/100 tox|[from] move: Pain Split
|move|p2a: Gastrodon|Toxic|p1a: rotomwash
|-fail|p1a: rotomwash|tox
|
|-heal|p1a: rotomwash|87/100 tox|[from] item: Leftovers
|-heal|p2a: Gastrodon|64/100|[from] item: Leftovers
|-damage|p1a: rotomwash|55/100 tox|[from] psn
|upkeep
|turn|22
|
|t:|1662918945
|move|p1a: rotomwash|Thunderbolt|p2a: Gastrodon
|-immune|p2a: Gastrodon
|move|p2a: Gastrodon|Toxic|p1a: rotomwash
|-fail|p1a: rotomwash|tox
|
|-heal|p1a: rotomwash|62/100 tox|[from] item: Leftovers
|-heal|p2a: Gastrodon|70/100|[from] item: Leftovers
|-damage|p1a: rotomwash|24/100 tox|[from] psn
|upkeep
|turn|23
|
|t:|1662918946
|move|p1a: rotomwash|Pain Split|p2a: Gastrodon
|-sethp|p2a: Gastrodon|43/100|[from] move: Pain Split|[silent]
|-sethp|p1a: rotomwash|61/100 tox|[from] move: Pain Split
|move|p2a: Gastrodon|Toxic|p1a: rotomwash
|-fail|p1a: rotomwash|tox
|
|-heal|p1a: rotomwash|67/100 tox|[from] item: Leftovers
|-heal|p2a: Gastrodon|50/100|[from] item: Leftovers
|-damage|p1a: rotomwash|23/100 tox|[from] psn
|upkeep
|turn|24
|
|t:|1662918948
|switch|p1a: landorustherian|Landorus-Therian, M|100/100
|-damage|p1a: landorustherian|88/100|[from] Stealth Rock
|-ability|p1a: landorustherian|Intimidate|boost
|-unboost|p2a: Gastrodon|atk|1
|move|p2a: Gastrodon|Toxic|p1a: landorustherian
|-status|p1a: landorustherian|tox
|
|-heal|p1a: landorustherian|94/100 tox|[from] item: Leftovers
|-heal|p2a: Gastrodon|56/100|[from] item: Leftovers
|-damage|p1a: landorustherian|88/100 tox|[from] psn
|upkeep
|turn|25
|
|t:|1662918950
|move|p1a: landorustherian|Earthquake|p2a: Gastrodon
|-damage|p2a: Gastrodon|4/100
|move|p2a: Gastrodon|Recover|p2a: Gastrodon
|-heal|p2a: Gastrodon|54/100
|
|-heal|p1a: landorustherian|94/100 tox|[from] item: Leftovers
|-heal|p2a: Gastrodon|60/100|[from] item: Leftovers
|-damage|p1a: landorustherian|82/100 tox|[from] psn
|upkeep
|turn|26
|
|t:|1662918957
|switch|p2a: Weezing|Weezing-Galar, F|79/100
|-ability|p2a: Weezing|Neutralizing Gas
|-damage|p2a: Weezing|67/100|[from] Stealth Rock
|move|p1a: landorustherian|Earthquake|p2a: Weezing
|-supereffective|p2a: Weezing
|-damage|p2a: Weezing|0 fnt
|faint|p2a: Weezing
|-end|p2a: Weezing|ability: Neutralizing Gas
|
|-heal|p1a: landorustherian|88/100 tox|[from] item: Leftovers
|-damage|p1a: landorustherian|70/100 tox|[from] psn
|upkeep
|
|t:|1662918975
|switch|p2a: Tornadus|Tornadus-Therian, M|100/100
|turn|27
|
|t:|1662918976
|move|p2a: Tornadus|Hurricane|p1a: landorustherian
|-damage|p1a: landorustherian|37/100 tox
|move|p1a: landorustherian|U-turn|p2a: Tornadus
|-resisted|p2a: Tornadus
|-damage|p2a: Tornadus|90/100
|
|t:|1662918976
|switch|p1a: Melmetal|Melmetal|100/100|[from]move: U-turn
|-damage|p1a: Melmetal|94/100|[from] Stealth Rock
|
|upkeep
|turn|28
|
|t:|1662918985
|move|p2a: Tornadus|Knock Off|p1a: Melmetal
|-damage|p1a: Melmetal|84/100
|-enditem|p1a: Melmetal|Assault Vest|[from] move: Knock Off|[of] p2a: Tornadus
|move|p1a: Melmetal|Double Iron Bash|p2a: Tornadus
|-crit|p2a: Tornadus
|-damage|p2a: Tornadus|23/100
|-damage|p2a: Tornadus|0 fnt
|faint|p2a: Tornadus
|-hitcount|p2: Tornadus|2
|
|upkeep
|
|t:|1662918998
|switch|p2a: Urshifu|Urshifu-Rapid-Strike, M|68/100
|-damage|p2a: Urshifu|61/100|[from] Stealth Rock
|turn|29
|
|t:|1662918999
|move|p2a: Urshifu|Close Combat|p1a: Melmetal
|-supereffective|p1a: Melmetal
|-damage|p1a: Melmetal|14/100
|-unboost|p2a: Urshifu|def|1
|-unboost|p2a: Urshifu|spd|1
|move|p1a: Melmetal|Double Iron Bash|p2a: Urshifu
|-resisted|p2a: Urshifu
|-damage|p2a: Urshifu|33/100
|-resisted|p2a: Urshifu
|-damage|p2a: Urshifu|4/100
|-hitcount|p2a: Urshifu|2
|
|upkeep
|turn|30
|
|t:|1662919001
|move|p2a: Urshifu|Close Combat|p1a: Melmetal
|-supereffective|p1a: Melmetal
|-damage|p1a: Melmetal|0 fnt
|-unboost|p2a: Urshifu|def|1
|-unboost|p2a: Urshifu|spd|1
|faint|p1a: Melmetal
|
|upkeep
|
|t:|1662919002
|switch|p1a: Tangrowth|Tangrowth, F|90/100 tox
|-damage|p1a: Tangrowth|77/100 tox|[from] Stealth Rock
|turn|31
|
|t:|1662919005
|move|p2a: Urshifu|Close Combat|p1a: Tangrowth
|-damage|p1a: Tangrowth|44/100 tox
|-unboost|p2a: Urshifu|def|1
|-unboost|p2a: Urshifu|spd|1
|-damage|p2a: Urshifu|0 fnt|[from] item: Rocky Helmet|[of] p1a: Tangrowth
|faint|p2a: Urshifu
|move|p1a: Tangrowth|Knock Off|p2: Urshifu|[notarget]
|-fail|p1a: Tangrowth
|
|-damage|p1a: Tangrowth|38/100 tox|[from] psn
|upkeep
|
|t:|1662919025
|switch|p2a: Heatran|Heatran, F|100/100
|-damage|p2a: Heatran|88/100|[from] Stealth Rock
|turn|32
|
|t:|1662919030
|switch|p2a: Gastrodon|Gastrodon, F|60/100
|-damage|p2a: Gastrodon|54/100|[from] Stealth Rock
|switch|p1a: rotomwash|Rotom-Wash|23/100 tox
|-damage|p1a: rotomwash|11/100 tox|[from] Stealth Rock
|
|-heal|p1a: rotomwash|17/100 tox|[from] item: Leftovers
|-heal|p2a: Gastrodon|60/100|[from] item: Leftovers
|-damage|p1a: rotomwash|11/100 tox|[from] psn
|upkeep
|turn|33
|
|t:|1662919037
|move|p1a: rotomwash|Pain Split|p2a: Gastrodon
|-sethp|p2a: Gastrodon|34/100|[from] move: Pain Split|[silent]
|-sethp|p1a: rotomwash|48/100 tox|[from] move: Pain Split
|move|p2a: Gastrodon|Scald|p1a: rotomwash
|-resisted|p1a: rotomwash
|-damage|p1a: rotomwash|35/100 tox
|
|-heal|p1a: rotomwash|41/100 tox|[from] item: Leftovers
|-heal|p2a: Gastrodon|40/100|[from] item: Leftovers
|-damage|p1a: rotomwash|29/100 tox|[from] psn
|upkeep
|turn|34
|
|t:|1662919040
|move|p1a: rotomwash|Nasty Plot|p1a: rotomwash
|-boost|p1a: rotomwash|spa|2
|move|p2a: Gastrodon|Recover|p2a: Gastrodon
|-heal|p2a: Gastrodon|90/100
|
|-heal|p1a: rotomwash|35/100 tox|[from] item: Leftovers
|-heal|p2a: Gastrodon|96/100|[from] item: Leftovers
|-damage|p1a: rotomwash|16/100 tox|[from] psn
|upkeep
|turn|35
|
|t:|1662919043
|move|p1a: rotomwash|Pain Split|p2a: Gastrodon
|-sethp|p2a: Gastrodon|54/100|[from] move: Pain Split|[silent]
|-sethp|p1a: rotomwash|75/100 tox|[from] move: Pain Split
|move|p2a: Gastrodon|Recover|p2a: Gastrodon
|-heal|p2a: Gastrodon|100/100
|
|-heal|p1a: rotomwash|82/100 tox|[from] item: Leftovers
|-damage|p1a: rotomwash|57/100 tox|[from] psn
|upkeep
|turn|36
|
|t:|1662919053
|move|p1a: rotomwash|Thunderbolt|p2a: Gastrodon
|-immune|p2a: Gastrodon
|move|p2a: Gastrodon|Recover||[still]
|-fail|p2a: Gastrodon|heal
|
|-heal|p1a: rotomwash|63/100 tox|[from] item: Leftovers
|-damage|p1a: rotomwash|32/100 tox|[from] psn
|upkeep
|turn|37
|
|t:|1662919056
|move|p1a: rotomwash|Pain Split|p2a: Gastrodon
|-sethp|p2a: Gastrodon|62/100|[from] move: Pain Split|[silent]
|-sethp|p1a: rotomwash|86/100 tox|[from] move: Pain Split
|move|p2a: Gastrodon|Scald|p1a: rotomwash
|-resisted|p1a: rotomwash
|-damage|p1a: rotomwash|72/100 tox
|
|-heal|p1a: rotomwash|78/100 tox|[from] item: Leftovers
|-heal|p2a: Gastrodon|68/100|[from] item: Leftovers
|-damage|p1a: rotomwash|41/100 tox|[from] psn
|upkeep
|turn|38
|
|t:|1662919061
|move|p1a: rotomwash|Pain Split|p2a: Gastrodon
|-sethp|p2a: Gastrodon|48/100|[from] move: Pain Split|[silent]
|-sethp|p1a: rotomwash|68/100 tox|[from] move: Pain Split
|move|p2a: Gastrodon|Recover|p2a: Gastrodon
|-heal|p2a: Gastrodon|98/100
|
|-heal|p1a: rotomwash|74/100 tox|[from] item: Leftovers
|-heal|p2a: Gastrodon|100/100|[from] item: Leftovers
|-damage|p1a: rotomwash|30/100 tox|[from] psn
|upkeep
|turn|39
|
|t:|1662919065
|move|p1a: rotomwash|Pain Split|p2a: Gastrodon
|-sethp|p2a: Gastrodon|61/100|[from] move: Pain Split|[silent]
|-sethp|p1a: rotomwash|85/100 tox|[from] move: Pain Split
|move|p2a: Gastrodon|Scald|p1a: rotomwash
|-resisted|p1a: rotomwash
|-damage|p1a: rotomwash|72/100 tox
|
|-heal|p1a: rotomwash|78/100 tox|[from] item: Leftovers
|-heal|p2a: Gastrodon|67/100|[from] item: Leftovers
|-damage|p1a: rotomwash|28/100 tox|[from] psn
|upkeep
|turn|40
|
|t:|1662919072
|switch|p1a: Tangrowth|Tangrowth, F|71/100 tox
|-damage|p1a: Tangrowth|58/100 tox|[from] Stealth Rock
|move|p2a: Gastrodon|Recover|p2a: Gastrodon
|-heal|p2a: Gastrodon|100/100
|
|-damage|p1a: Tangrowth|52/100 tox|[from] psn
|upkeep
|turn|41
|
|t:|1662919081
|switch|p1a: rotomwash|Rotom-Wash|28/100 tox
|-damage|p1a: rotomwash|16/100 tox|[from] Stealth Rock
|switch|p2a: Rillaboom|Rillaboom, M|100/100
|-damage|p2a: Rillaboom|88/100|[from] Stealth Rock
|-fieldstart|move: Grassy Terrain|[from] ability: Grassy Surge|[of] p2a: Rillaboom
|
|-heal|p1a: rotomwash|22/100 tox|[from] item: Leftovers
|-heal|p2a: Rillaboom|94/100|[from] Grassy Terrain
|-heal|p2a: Rillaboom|99/100|[from] item: Leftovers
|-damage|p1a: rotomwash|16/100 tox|[from] psn
|upkeep
|turn|42
|
|t:|1662919088
|switch|p1a: Tangrowth|Tangrowth, F|85/100 tox
|-damage|p1a: Tangrowth|73/100 tox|[from] Stealth Rock
|move|p2a: Rillaboom|Knock Off|p1a: Tangrowth
|-damage|p1a: Tangrowth|55/100 tox
|-damage|p2a: Rillaboom|84/100|[from] item: Rocky Helmet|[of] p1a: Tangrowth
|-enditem|p1a: Tangrowth|Rocky Helmet|[from] move: Knock Off|[of] p2a: Rillaboom
|
|-heal|p2a: Rillaboom|90/100|[from] Grassy Terrain
|-heal|p2a: Rillaboom|96/100|[from] item: Leftovers
|-heal|p1a: Tangrowth|61/100 tox|[from] Grassy Terrain
|-damage|p1a: Tangrowth|55/100 tox|[from] psn
|upkeep
|turn|43
|
|t:|1662919102
|move|p2a: Rillaboom|Swords Dance|p2a: Rillaboom
|-boost|p2a: Rillaboom|atk|2
|move|p1a: Tangrowth|Giga Drain|p2a: Rillaboom
|-resisted|p2a: Rillaboom
|-damage|p2a: Rillaboom|75/100
|-heal|p1a: Tangrowth|65/100 tox|[from] drain|[of] p2a: Rillaboom
|
|-heal|p2a: Rillaboom|81/100|[from] Grassy Terrain
|-heal|p2a: Rillaboom|87/100|[from] item: Leftovers
|-heal|p1a: Tangrowth|71/100 tox|[from] Grassy Terrain
|-damage|p1a: Tangrowth|59/100 tox|[from] psn
|upkeep
|turn|44
|
|t:|1662919105
|switch|p1a: landorustherian|Landorus-Therian, M|37/100 tox
|-damage|p1a: landorustherian|24/100 tox|[from] Stealth Rock
|-ability|p1a: landorustherian|Intimidate|boost
|-unboost|p2a: Rillaboom|atk|1
|move|p2a: Rillaboom|Swords Dance|p2a: Rillaboom
|-boost|p2a: Rillaboom|atk|2
|
|-heal|p2a: Rillaboom|93/100|[from] Grassy Terrain
|-heal|p2a: Rillaboom|99/100|[from] item: Leftovers
|-heal|p1a: landorustherian|30/100 tox|[from] item: Leftovers
|-damage|p1a: landorustherian|24/100 tox|[from] psn
|upkeep
|turn|45
|
|t:|1662919110
|move|p2a: Rillaboom|Grassy Glide|p1a: landorustherian
|-damage|p1a: landorustherian|0 fnt
|faint|p1a: landorustherian
|
|-heal|p2a: Rillaboom|100/100|[from] Grassy Terrain
|-fieldend|move: Grassy Terrain
|upkeep
|
|t:|1662919110
|switch|p1a: Heatran|Heatran, M|87/100
|-damage|p1a: Heatran|75/100|[from] Stealth Rock
|turn|46
|
|t:|1662919112
|move|p1a: Heatran|Magma Storm|p2a: Rillaboom|[miss]
|-miss|p1a: Heatran|p2a: Rillaboom
|move|p2a: Rillaboom|Drain Punch|p1a: Heatran
|-supereffective|p1a: Heatran
|-damage|p1a: Heatran|0 fnt
|faint|p1a: Heatran
|
|upkeep
|
|t:|1662919112
|switch|p1a: Weavile|Weavile, F|100/100
|-damage|p1a: Weavile|76/100|[from] Stealth Rock
|-ability|p1a: Weavile|Pressure
|turn|47
|
|t:|1662919133
|switch|p2a: Gastrodon|Gastrodon, F|100/100
|-damage|p2a: Gastrodon|94/100|[from] Stealth Rock
|move|p1a: Weavile|Triple Axel|p2a: Gastrodon
|-damage|p2a: Gastrodon|79/100
|-damage|p2a: Gastrodon|44/100
|-damage|p2a: Gastrodon|0 fnt
|faint|p2a: Gastrodon
|-hitcount|p2: Gastrodon|3
|
|upkeep
|
|t:|1662919136
|switch|p2a: Heatran|Heatran, F|88/100
|-damage|p2a: Heatran|76/100|[from] Stealth Rock
|turn|48
|
|t:|1662919138
|switch|p1a: rotomwash|Rotom-Wash|16/100 tox
|-damage|p1a: rotomwash|3/100 tox|[from] Stealth Rock
|move|p2a: Heatran|Magma Storm|p1a: rotomwash|[miss]
|-miss|p2a: Heatran|p1a: rotomwash
|
|-heal|p1a: rotomwash|9/100 tox|[from] item: Leftovers
|-heal|p2a: Heatran|82/100|[from] item: Leftovers
|-damage|p1a: rotomwash|3/100 tox|[from] psn
|upkeep
|turn|49
|
|t:|1662919144
|switch|p2a: Rillaboom|Rillaboom, M|100/100
|-damage|p2a: Rillaboom|88/100|[from] Stealth Rock
|-fieldstart|move: Grassy Terrain|[from] ability: Grassy Surge|[of] p2a: Rillaboom
|move|p1a: rotomwash|Pain Split|p2a: Rillaboom
|-sethp|p2a: Rillaboom|45/100|[from] move: Pain Split|[silent]
|-sethp|p1a: rotomwash|57/100 tox|[from] move: Pain Split
|
|-heal|p1a: rotomwash|63/100 tox|[from] item: Leftovers
|-heal|p2a: Rillaboom|51/100|[from] Grassy Terrain
|-heal|p2a: Rillaboom|57/100|[from] item: Leftovers
|-damage|p1a: rotomwash|50/100 tox|[from] psn
|upkeep
|turn|50
|
|t:|1662919148
|switch|p1a: Tangrowth|Tangrowth, F|92/100 tox
|-damage|p1a: Tangrowth|79/100 tox|[from] Stealth Rock
|move|p2a: Rillaboom|Grassy Glide|p1a: Tangrowth
|-resisted|p1a: Tangrowth
|-damage|p1a: Tangrowth|67/100 tox
|
|-heal|p2a: Rillaboom|63/100|[from] Grassy Terrain
|-heal|p2a: Rillaboom|69/100|[from] item: Leftovers
|-heal|p1a: Tangrowth|73/100 tox|[from] Grassy Terrain
|-damage|p1a: Tangrowth|67/100 tox|[from] psn
|upkeep
|turn|51
|
|t:|1662919150
|move|p2a: Rillaboom|Swords Dance|p2a: Rillaboom
|-boost|p2a: Rillaboom|atk|2
|move|p1a: Tangrowth|Knock Off|p2a: Rillaboom
|-damage|p2a: Rillaboom|46/100
|-enditem|p2a: Rillaboom|Leftovers|[from] move: Knock Off|[of] p1a: Tangrowth
|
|-heal|p2a: Rillaboom|52/100|[from] Grassy Terrain
|-heal|p1a: Tangrowth|73/100 tox|[from] Grassy Terrain
|-damage|p1a: Tangrowth|60/100 tox|[from] psn
|upkeep
|turn|52
|
|t:|1662919155
|switch|p1a: rotomwash|Rotom-Wash|50/100 tox
|-damage|p1a: rotomwash|38/100 tox|[from] Stealth Rock
|move|p2a: Rillaboom|Swords Dance|p2a: Rillaboom
|-boost|p2a: Rillaboom|atk|2
|
|-heal|p1a: rotomwash|44/100 tox|[from] item: Leftovers
|-heal|p2a: Rillaboom|58/100|[from] Grassy Terrain
|-damage|p1a: rotomwash|38/100 tox|[from] psn
|upkeep
|turn|53
|
|t:|1662919158
|move|p2a: Rillaboom|Grassy Glide|p1a: rotomwash
|-supereffective|p1a: rotomwash
|-damage|p1a: rotomwash|0 fnt
|faint|p1a: rotomwash
|
|-heal|p2a: Rillaboom|64/100|[from] Grassy Terrain
|-fieldend|move: Grassy Terrain
|upkeep
|
|t:|1662919158
|switch|p1a: Weavile|Weavile, F|76/100
|-damage|p1a: Weavile|51/100|[from] Stealth Rock
|-ability|p1a: Weavile|Pressure
|turn|54
|
|t:|1662919171
|move|p1a: Weavile|Triple Axel|p2a: Rillaboom
|-supereffective|p2a: Rillaboom
|-damage|p2a: Rillaboom|36/100
|-supereffective|p2a: Rillaboom
|-damage|p2a: Rillaboom|0 fnt
|faint|p2a: Rillaboom
|-hitcount|p2: Rillaboom|2
|
|upkeep
|
|t:|1662919173
|switch|p2a: Heatran|Heatran, F|82/100
|-damage|p2a: Heatran|69/100|[from] Stealth Rock
|turn|55
|
|t:|1662919177
|move|p1a: Weavile|Triple Axel|p2a: Heatran
|-resisted|p2a: Heatran
|-damage|p2a: Heatran|67/100
|-resisted|p2a: Heatran
|-damage|p2a: Heatran|63/100
|-resisted|p2a: Heatran
|-damage|p2a: Heatran|56/100
|-status|p1a: Weavile|brn|[from] ability: Flame Body|[of] p2a: Heatran
|-hitcount|p2a: Heatran|3
|move|p2a: Heatran|Magma Storm|p1a: Weavile
|-supereffective|p1a: Weavile
|-damage|p1a: Weavile|0 fnt
|faint|p1a: Weavile
|
|-heal|p2a: Heatran|62/100|[from] item: Leftovers
|upkeep
|
|t:|1662919177
|switch|p1a: Tangrowth|Tangrowth, F|94/100 tox
|-damage|p1a: Tangrowth|81/100 tox|[from] Stealth Rock
|turn|56
|
|t:|1662919179
|move|p2a: Heatran|Magma Storm|p1a: Tangrowth
|-supereffective|p1a: Tangrowth
|-damage|p1a: Tangrowth|0 fnt
|faint|p1a: Tangrowth
|
|win|soap776
|raw|minimax_ai's rating: 1511 &rarr; <strong>1490</strong><br />(-21 for losing)
|raw|soap776's rating: 1498 &rarr; <strong>1519</strong><br />(+21 for winning)
|c|☆minimax_ai|gg
