|raw|<div class="broadcast-blue"><strong>This battle is required to be public due to a player having a name starting with 'lt93oq'.</div>
|j|☆lt93oq guez94
|j|☆jawabarat
|t:|1660821473
|gametype|singles
|player|p1|lt93oq guez94|101|1502
|player|p2|jawabarat|artist-gen4|1585
|teamsize|p1|6
|teamsize|p2|6
|gen|8
|tier|[Gen 8] OU
|rated|
|rule|Sleep Clause Mod: Limit one foe put to sleep
|rule|Species Clause: Limit one of each Pokémon
|rule|OHKO Clause: OHKO moves are banned
|rule|Evasion Items Clause: Evasion items are banned
|rule|Evasion Moves Clause: Evasion moves are banned
|rule|Endless Battle Clause: Forcing endless battles is banned
|rule|HP Percentage Mod: HP is shown in percentages
|rule|Dynamax Clause: You cannot dynamax
|clearpoke
|poke|p1|Tapu Koko|
|poke|p1|Dragonite, F|
|poke|p1|Heatran, F|
|poke|p1|Clefable, F|
|poke|p1|Skarmory, F|
|poke|p1|Gastrodon-East, M|
|poke|p2|Zapdos|
|poke|p2|Melmetal|
|poke|p2|Tapu Lele|
|poke|p2|Kartana|
|poke|p2|Garchomp, F|
|poke|p2|Volcarona, M|
|teampreview
|inactive|Battle timer is ON: inactive players will automatically lose when time's up. (requested by lt93oq guez94)
|
|t:|1660821519
|start
|switch|p1a: Skarmory|Skarmory, F|100/100
|switch|p2a: MATRON CRONE|Zapdos|100/100
|turn|1
|
|t:|1660821532
|switch|p1a: Heatran|Heatran, F|100/100
|move|p2a: MATRON CRONE|Hurricane|p1a: Heatran|[miss]
|-miss|p2a: MATRON CRONE|p1a: Heatran
|
|upkeep
|turn|2
|
|t:|1660821540
|move|p2a: MATRON CRONE|Volt Switch|p1a: Heatran
|-damage|p1a: Heatran|76/100
|
|t:|1660821543
|switch|p2a: OTATARAL DRAGON|Garchomp, F|100/100|[from]move: Volt Switch
|move|p1a: Heatran|Stealth Rock|p2a: OTATARAL DRAGON
|-sidestart|p2: jawabarat|move: Stealth Rock
|
|-heal|p1a: Heatran|82/100|[from] item: Leftovers
|upkeep
|turn|3
|
|t:|1660821549
|switch|p2a: MATRON CRONE|Zapdos|100/100
|switch|p1a: Skarmory|Skarmory, F|100/100
|
|upkeep
|turn|4
|
|t:|1660821555
|switch|p1a: Tapu Koko|Tapu Koko|100/100
|-fieldstart|move: Electric Terrain|[from] ability: Electric Surge|[of] p1a: Tapu Koko
|move|p2a: MATRON CRONE|Defog|p1a: Tapu Koko
|-unboost|p1a: Tapu Koko|evasion|1
|-sideend|p2: jawabarat|Stealth Rock|[from] move: Defog|[of] p2a: MATRON CRONE
|-fieldend|move: Electric Terrain
|
|upkeep
|turn|5
|
|t:|1660821562
|move|p1a: Tapu Koko|Toxic|p2a: MATRON CRONE
|-status|p2a: MATRON CRONE|tox
|move|p2a: MATRON CRONE|Volt Switch|p1a: Tapu Koko
|-resisted|p1a: Tapu Koko
|-damage|p1a: Tapu Koko|77/100
|
|t:|1660821575
|switch|p2a: WAX WITCH|Tapu Lele|100/100|[from]move: Volt Switch
|-fieldstart|move: Psychic Terrain|[from] ability: Psychic Surge|[of] p2a: WAX WITCH
|
|upkeep
|turn|6
|
|t:|1660821583
|switch|p1a: Heatran|Heatran, F|82/100
|move|p2a: WAX WITCH|Psychic|p1a: Heatran
|-resisted|p1a: Heatran
|-damage|p1a: Heatran|47/100
|-unboost|p1a: Heatran|spd|1
|
|-heal|p1a: Heatran|53/100|[from] item: Leftovers
|upkeep
|turn|7
|
|t:|1660821589
|move|p2a: WAX WITCH|Psychic|p1a: Heatran
|-resisted|p1a: Heatran
|-damage|p1a: Heatran|0 fnt
|faint|p1a: Heatran
|
|upkeep
|c|☆lt93oq guez94|yes
|c|☆jawabarat|cant deal with luck in a game play chess
|c|☆jawabarat|thats mons
|c|☆lt93oq guez94|ftg
|c|☆jawabarat|?
|inactive|lt93oq guez94 has 120 seconds left.
|
|t:|1660821636
|switch|p1a: Clefable|Clefable, F|100/100
|turn|8
|c|☆jawabarat|get a grip and a lele switchin
|c|☆lt93oq guez94|i said ftg
|c|☆lt93oq guez94|now move
|inactive|jawabarat has 120 seconds left.
|c|☆jawabarat|I didnt know what that stood for
|c|☆jawabarat|so I had to google it
|c|☆jawabarat|and that made me take a bit longer
|c|☆jawabarat|and the first few results were for "first touch games"]
|c|☆jawabarat|so I needed to scroll down a bit
|inactive|jawabarat has 90 seconds left.
|
|t:|1660821699
|switch|p2a: JAGHUT TYRANT|Melmetal|100/100
|move|p1a: Clefable|Knock Off|p2a: JAGHUT TYRANT
|-damage|p2a: JAGHUT TYRANT|91/100
|-enditem|p2a: JAGHUT TYRANT|Protective Pads|[from] move: Knock Off|[of] p1a: Clefable
|
|upkeep
|turn|9
|c|☆jawabarat|hope thats ok
|inactive|lt93oq guez94 has 120 seconds left.
|
|t:|1660821708
|switch|p1a: Skarmory|Skarmory, F|100/100
|move|p2a: JAGHUT TYRANT|Thunder Punch|p1a: Skarmory
|-supereffective|p1a: Skarmory
|-damage|p1a: Skarmory|59/100
|-damage|p2a: JAGHUT TYRANT|74/100|[from] item: Rocky Helmet|[of] p1a: Skarmory
|
|-fieldend|move: Psychic Terrain
|upkeep
|turn|10
|
|t:|1660821718
|switch|p2a: WAX WITCH|Tapu Lele|100/100
|-fieldstart|move: Psychic Terrain|[from] ability: Psychic Surge|[of] p2a: WAX WITCH
|move|p1a: Skarmory|Roost|p1a: Skarmory
|-heal|p1a: Skarmory|100/100
|-singleturn|p1a: Skarmory|move: Roost
|
|upkeep
|turn|11
|
|t:|1660821729
|move|p2a: WAX WITCH|Psychic|p1a: Skarmory
|-resisted|p1a: Skarmory
|-damage|p1a: Skarmory|38/100
|move|p1a: Skarmory|Spikes|p2a: WAX WITCH
|-sidestart|p2: jawabarat|Spikes
|
|upkeep
|turn|12
|
|t:|1660821737
|move|p2a: WAX WITCH|Psychic|p1a: Skarmory
|-resisted|p1a: Skarmory
|-damage|p1a: Skarmory|0 fnt
|faint|p1a: Skarmory
|
|upkeep
|c|☆lt93oq guez94|misclick
|c|☆lt93oq guez94|doeznt change much anw
|
|t:|1660821756
|switch|p1a: Dragonite|Dragonite, F|100/100
|turn|13
|c|☆jawabarat|have you tried clicking the correct button
|c|☆jawabarat|would recommend
|inactive|jawabarat has 120 seconds left.
|c|☆jawabarat|tends to help a lot
|
|t:|1660821774
|move|p2a: WAX WITCH|Psychic|p1a: Dragonite
|-damage|p1a: Dragonite|57/100
|move|p1a: Dragonite|Dragon Dance|p1a: Dragonite
|-boost|p1a: Dragonite|atk|1
|-boost|p1a: Dragonite|spe|1
|
|upkeep
|turn|14
|
|t:|1660821780
|switch|p2a: OTATARAL DRAGON|Garchomp, F|100/100
|-damage|p2a: OTATARAL DRAGON|88/100|[from] Spikes
|move|p1a: Dragonite|Roost|p1a: Dragonite
|-heal|p1a: Dragonite|100/100
|-singleturn|p1a: Dragonite|move: Roost
|
|-fieldend|move: Psychic Terrain
|upkeep
|turn|15
|
|t:|1660821789
|move|p1a: Dragonite|Ice Punch|p2a: OTATARAL DRAGON
|-supereffective|p2a: OTATARAL DRAGON
|-damage|p2a: OTATARAL DRAGON|0 fnt
|-damage|p1a: Dragonite|88/100|[from] ability: Rough Skin|[of] p2a: OTATARAL DRAGON
|-damage|p1a: Dragonite|72/100|[from] item: Rocky Helmet|[of] p2a: OTATARAL DRAGON
|faint|p2a: OTATARAL DRAGON
|
|upkeep
|c|☆lt93oq guez94|have you tried
|c|☆lt93oq guez94|not sending chomp
|inactive|jawabarat has 120 seconds left.
|
|t:|1660821810
|switch|p2a: WAX WITCH|Tapu Lele|100/100
|-damage|p2a: WAX WITCH|88/100|[from] Spikes
|-fieldstart|move: Psychic Terrain|[from] ability: Psychic Surge|[of] p2a: WAX WITCH
|turn|16
|c|☆jawabarat|just getting some chip big lad
|
|t:|1660821829
|switch|p1a: Clefable|Clefable, F|100/100
|move|p2a: WAX WITCH|Moonblast|p1a: Clefable
|-damage|p1a: Clefable|30/100
|
|-heal|p1a: Clefable|36/100|[from] item: Leftovers
|upkeep
|turn|17
|c|☆jawabarat|if the 94 is your birth year
|inactive|jawabarat has 120 seconds left.
|c|☆jawabarat|no way you're 28 and this pressed over mons
|
|t:|1660821846
|move|p2a: WAX WITCH|Moonblast|p1a: Clefable
|-damage|p1a: Clefable|0 fnt
|faint|p1a: Clefable
|
|upkeep
|
|t:|1660821851
|switch|p1a: Tapu Koko|Tapu Koko|77/100
|-fieldstart|move: Electric Terrain|[from] ability: Electric Surge|[of] p1a: Tapu Koko
|turn|18
|inactive|jawabarat has 120 seconds left.
|
|t:|1660821877
|switch|p2a: MATRON CRONE|Zapdos|100/100 tox
|move|p1a: Tapu Koko|Thunderbolt|p2a: MATRON CRONE
|-damage|p2a: MATRON CRONE|50/100 tox
|
|-damage|p2a: MATRON CRONE|43/100 tox|[from] psn
|upkeep
|turn|19
|
|t:|1660821885
|move|p1a: Tapu Koko|Thunderbolt|p2a: MATRON CRONE
|-damage|p2a: MATRON CRONE|0 fnt
|faint|p2a: MATRON CRONE
|
|upkeep
|
|t:|1660821892
|switch|p2a: FIRES OF Y'GHATAN|Volcarona, M|100/100
|turn|20
|
|t:|1660821900
|move|p1a: Tapu Koko|U-turn|p2a: FIRES OF Y'GHATAN
|-resisted|p2a: FIRES OF Y'GHATAN
|-damage|p2a: FIRES OF Y'GHATAN|88/100
|
|t:|1660821902
|switch|p1a: Dragonite|Dragonite, F|72/100|[from]move: U-turn
|move|p2a: FIRES OF Y'GHATAN|Quiver Dance|p2a: FIRES OF Y'GHATAN
|-boost|p2a: FIRES OF Y'GHATAN|spa|1
|-boost|p2a: FIRES OF Y'GHATAN|spd|1
|-boost|p2a: FIRES OF Y'GHATAN|spe|1
|
|upkeep
|turn|21
|
|t:|1660821907
|move|p2a: FIRES OF Y'GHATAN|Psychic|p1a: Dragonite
|-damage|p1a: Dragonite|28/100
|move|p1a: Dragonite|Roost|p1a: Dragonite
|-heal|p1a: Dragonite|78/100
|-singleturn|p1a: Dragonite|move: Roost
|
|upkeep
|turn|22
|
|t:|1660821913
|move|p2a: FIRES OF Y'GHATAN|Psychic|p1a: Dragonite
|-damage|p1a: Dragonite|36/100
|move|p1a: Dragonite|Roost|p1a: Dragonite
|-heal|p1a: Dragonite|86/100
|-singleturn|p1a: Dragonite|move: Roost
|
|-fieldend|move: Electric Terrain
|upkeep
|turn|23
|
|t:|1660821921
|move|p2a: FIRES OF Y'GHATAN|Psychic|p1a: Dragonite
|-damage|p1a: Dragonite|43/100
|move|p1a: Dragonite|Roost|p1a: Dragonite
|-heal|p1a: Dragonite|93/100
|-singleturn|p1a: Dragonite|move: Roost
|
|upkeep
|turn|24
|
|t:|1660821931
|switch|p1a: Gastrodon|Gastrodon-East, M|100/100
|move|p2a: FIRES OF Y'GHATAN|Psychic|p1a: Gastrodon
|-damage|p1a: Gastrodon|64/100
|-unboost|p1a: Gastrodon|spd|1
|
|upkeep
|turn|25
|
|t:|1660821950
|switch|p2a: WAX WITCH|Tapu Lele|88/100
|-damage|p2a: WAX WITCH|76/100|[from] Spikes
|-fieldstart|move: Psychic Terrain|[from] ability: Psychic Surge|[of] p2a: WAX WITCH
|move|p1a: Gastrodon|Clear Smog|p2a: WAX WITCH
|-supereffective|p2a: WAX WITCH
|-damage|p2a: WAX WITCH|52/100
|-clearboost|p2a: WAX WITCH
|
|upkeep
|turn|26
|
|t:|1660821959
|switch|p1a: Tapu Koko|Tapu Koko|77/100
|-fieldstart|move: Electric Terrain|[from] ability: Electric Surge|[of] p1a: Tapu Koko
|move|p2a: WAX WITCH|Psychic|p1a: Tapu Koko
|-damage|p1a: Tapu Koko|0 fnt
|faint|p1a: Tapu Koko
|
|upkeep
|
|t:|1660821960
|switch|p1a: Gastrodon|Gastrodon-East, M|64/100
|turn|27
|
|t:|1660821983
|move|p2a: WAX WITCH|Psychic|p1a: Gastrodon
|-damage|p1a: Gastrodon|15/100
|move|p1a: Gastrodon|Recover|p1a: Gastrodon
|-heal|p1a: Gastrodon|65/100
|
|upkeep
|turn|28
|
|t:|1660821988
|move|p2a: WAX WITCH|Psychic|p1a: Gastrodon
|-damage|p1a: Gastrodon|12/100
|move|p1a: Gastrodon|Recover|p1a: Gastrodon
|-heal|p1a: Gastrodon|63/100
|
|upkeep
|turn|29
|
|t:|1660821992
|move|p2a: WAX WITCH|Psychic|p1a: Gastrodon
|-crit|p1a: Gastrodon
|-damage|p1a: Gastrodon|0 fnt
|faint|p1a: Gastrodon
|
|upkeep
|
|t:|1660821994
|switch|p1a: Dragonite|Dragonite, F|93/100
|turn|30
|
|t:|1660822000
|move|p2a: WAX WITCH|Psychic|p1a: Dragonite
|-damage|p1a: Dragonite|18/100
|move|p1a: Dragonite|Dragon Dance|p1a: Dragonite
|-boost|p1a: Dragonite|atk|1
|-boost|p1a: Dragonite|spe|1
|
|-fieldend|move: Electric Terrain
|upkeep
|turn|31
|
|t:|1660822006
|move|p1a: Dragonite|Earthquake|p2a: WAX WITCH
|-damage|p2a: WAX WITCH|0 fnt
|faint|p2a: WAX WITCH
|
|upkeep
|c|☆jawabarat|gg say it back
|
|t:|1660822010
|switch|p2a: EMPEROR KELLANVED|Kartana|100/100
|-damage|p2a: EMPEROR KELLANVED|88/100|[from] Spikes
|turn|32
|c|☆lt93oq guez94|gg au docteur qui t'a fait tomber quand t'etais gosse
|inactive|lt93oq guez94 has 120 seconds left.
|-message|lt93oq guez94 forfeited.
|
|win|jawabarat
|raw|lt93oq guez94's rating: 1502 &rarr; <strong>1487</strong><br />(-15 for losing)
|raw|jawabarat's rating: 1585 &rarr; <strong>1600</strong><br />(+15 for winning)
|l|☆lt93oq guez94
|c|☆jawabarat|gettez vous un lele switchin
||Ladder isn't responding, score probably updated but might not have (Request timeout).
