|j|☆FENDINI
|j|☆TGsoul
|t:|1657908907
|gametype|singles
|player|p1|FENDINI|n|1652
|player|p2|TGsoul|ethan|1648
|teamsize|p1|6
|teamsize|p2|6
|gen|8
|tier|[Gen 8] OU
|rated|
|rule|Sleep Clause Mod: Limit one foe put to sleep
|rule|Species Clause: Limit one of each Pokémon
|rule|OHKO Clause: OHKO moves are banned
|rule|Evasion Moves Clause: Evasion moves are banned
|rule|Endless Battle Clause: Forcing endless battles is banned
|rule|HP Percentage Mod: HP is shown in percentages
|rule|Dynamax Clause: You cannot dynamax
|clearpoke
|poke|p1|Tyranitar, F|
|poke|p1|Clefable, F|
|poke|p1|Excadrill, F|
|poke|p1|Tangrowth, F|
|poke|p1|Slowking-Galar, F|
|poke|p1|Rotom-Wash|
|poke|p2|Dragapult, M|
|poke|p2|Weavile, F|
|poke|p2|Corviknight, F|
|poke|p2|Blissey, F|
|poke|p2|Volcanion|
|poke|p2|Landorus-Therian, M|
|teampreview
|inactive|Battle timer is ON: inactive players will automatically lose when time's up. (requested by TGsoul)
|inactive|FENDINI also wants the timer to be on.
|
|t:|1657908920
|start
|switch|p1a: Slowking|Slowking-Galar, F|100/100
|switch|p2a: Landorus|Landorus-Therian, M|100/100
|-ability|p2a: Landorus|Intimidate|boost
|-unboost|p1a: Slowking|atk|1
|turn|1
|
|t:|1657908925
|move|p2a: Landorus|Stealth Rock|p1a: Slowking
|-sidestart|p1: FENDINI|move: Stealth Rock
|move|p1a: Slowking|Trick|p2a: Landorus
|-activate|p1a: Slowking|move: Trick|[of] p2a: Landorus
|-item|p2a: Landorus|Black Sludge|[from] move: Trick
|-item|p1a: Slowking|Choice Scarf|[from] move: Trick
|
|-damage|p2a: Landorus|88/100|[from] item: Black Sludge
|upkeep
|turn|2
|
|t:|1657908937
|switch|p1a: Clefable|Clefable, F|100/100
|move|p2a: Landorus|U-turn|p1a: Clefable
|-resisted|p1a: Clefable
|-damage|p1a: Clefable|91/100
|-damage|p2a: Landorus|72/100|[from] item: Rocky Helmet|[of] p1a: Clefable
|j| 1l0ve2st4ll
|
|t:|1657908954
|switch|p2a: Blissey|Blissey, F|100/100|[from]move: U-turn
|
|upkeep
|turn|3
|
|t:|1657908959
|move|p1a: Clefable|Stealth Rock|p2a: Blissey
|-sidestart|p2: TGsoul|move: Stealth Rock
|move|p2a: Blissey|Seismic Toss|p1a: Clefable
|-damage|p1a: Clefable|65/100
|-damage|p2a: Blissey|84/100|[from] item: Rocky Helmet|[of] p1a: Clefable
|
|upkeep
|turn|4
|
|t:|1657908978
|move|p1a: Clefable|Soft-Boiled|p1a: Clefable
|-heal|p1a: Clefable|100/100
|move|p2a: Blissey|Teleport|p2a: Blissey
|
|t:|1657908986
|switch|p2a: Landorus|Landorus-Therian, M|72/100|[from]move: Teleport
|-damage|p2a: Landorus|59/100|[from] Stealth Rock
|-ability|p2a: Landorus|Intimidate|boost
|-unboost|p1a: Clefable|atk|1
|
|-damage|p2a: Landorus|47/100|[from] item: Black Sludge
|upkeep
|turn|5
|
|t:|1657908992
|move|p2a: Landorus|Explosion|p1a: Clefable
|-damage|p1a: Clefable|32/100
|faint|p2a: Landorus
|move|p1a: Clefable|Soft-Boiled|p1a: Clefable
|-heal|p1a: Clefable|82/100
|
|upkeep
|
|t:|1657908999
|switch|p2a: Blissey|Blissey, F|84/100
|turn|6
|
|t:|1657909004
|switch|p1a: Slowking|Slowking-Galar, F|100/100
|-damage|p1a: Slowking|88/100|[from] Stealth Rock
|move|p2a: Blissey|Seismic Toss|p1a: Slowking
|-damage|p1a: Slowking|62/100
|
|upkeep
|turn|7
|
|t:|1657909024
|move|p1a: Slowking|Trick|p2a: Blissey
|-activate|p1a: Slowking|move: Trick|[of] p2a: Blissey
|-item|p2a: Blissey|Choice Scarf|[from] move: Trick
|-item|p1a: Slowking|Heavy-Duty Boots|[from] move: Trick
|move|p2a: Blissey|Teleport|p2a: Blissey
|
|t:|1657909028
|switch|p2a: Weavile|Weavile, F|100/100|[from]move: Teleport
|-damage|p2a: Weavile|76/100|[from] Stealth Rock
|-ability|p2a: Weavile|Pressure
|
|upkeep
|turn|8
|
|t:|1657909039
|switch|p1a: Clefable|Clefable, F|82/100
|move|p2a: Weavile|Triple Axel|p1a: Clefable
|-damage|p1a: Clefable|69/100
|-damage|p2a: Weavile|59/100|[from] item: Rocky Helmet|[of] p1a: Clefable
|-crit|p1a: Clefable
|-damage|p1a: Clefable|34/100
|-damage|p2a: Weavile|43/100|[from] item: Rocky Helmet|[of] p1a: Clefable
|-damage|p1a: Clefable|3/100
|-damage|p2a: Weavile|26/100|[from] item: Rocky Helmet|[of] p1a: Clefable
|-hitcount|p1a: Clefable|3
|
|upkeep
|turn|9
|
|t:|1657909049
|switch|p1a: Tangrowth|Tangrowth, F|100/100
|-damage|p1a: Tangrowth|88/100|[from] Stealth Rock
|move|p2a: Weavile|Triple Axel|p1a: Tangrowth
|-supereffective|p1a: Tangrowth
|-damage|p1a: Tangrowth|73/100
|-damage|p2a: Weavile|10/100|[from] item: Rocky Helmet|[of] p1a: Tangrowth
|-supereffective|p1a: Tangrowth
|-damage|p1a: Tangrowth|43/100
|-damage|p2a: Weavile|0 fnt|[from] item: Rocky Helmet|[of] p1a: Tangrowth
|faint|p2a: Weavile
|-hitcount|p1a: Tangrowth|2
|
|upkeep
|
|t:|1657909054
|switch|p2a: Dragapult|Dragapult, M|100/100
|-damage|p2a: Dragapult|88/100|[from] Stealth Rock
|turn|10
|
|t:|1657909061
|move|p2a: Dragapult|Shadow Ball|p1a: Tangrowth
|-damage|p1a: Tangrowth|0 fnt
|faint|p1a: Tangrowth
|
|upkeep
|
|t:|1657909064
|switch|p1a: Tyranitar|Tyranitar, F|100/100
|-damage|p1a: Tyranitar|88/100|[from] Stealth Rock
|-weather|Sandstorm|[from] ability: Sand Stream|[of] p1a: Tyranitar
|turn|11
|
|t:|1657909071
|switch|p2a: Corviknight|Corviknight, F|100/100
|-damage|p2a: Corviknight|88/100|[from] Stealth Rock
|move|p1a: Tyranitar|Crunch|p2a: Corviknight
|-damage|p2a: Corviknight|46/100
|-damage|p1a: Tyranitar|72/100|[from] item: Rocky Helmet|[of] p2a: Corviknight
|
|-weather|Sandstorm|[upkeep]
|upkeep
|turn|12
|
|t:|1657909083
|switch|p1a: Rotom|Rotom-Wash|100/100
|-damage|p1a: Rotom|88/100|[from] Stealth Rock
|move|p2a: Corviknight|Roost|p2a: Corviknight
|-heal|p2a: Corviknight|96/100
|-singleturn|p2a: Corviknight|move: Roost
|
|-weather|Sandstorm|[upkeep]
|-damage|p1a: Rotom|82/100|[from] Sandstorm
|-heal|p1a: Rotom|88/100|[from] item: Leftovers
|upkeep
|turn|13
|
|t:|1657909088
|switch|p2a: Blissey|Blissey, F|84/100
|-damage|p2a: Blissey|71/100|[from] Stealth Rock
|move|p1a: Rotom|Volt Switch|p2a: Blissey
|-damage|p2a: Blissey|62/100
|
|t:|1657909095
|switch|p1a: Clefable|Clefable, F|3/100|[from]move: Volt Switch
|
|-weather|Sandstorm|[upkeep]
|-damage|p2a: Blissey|56/100|[from] Sandstorm
|upkeep
|turn|14
|
|t:|1657909101
|move|p2a: Blissey|Seismic Toss|p1a: Clefable
|-damage|p1a: Clefable|0 fnt
|-damage|p2a: Blissey|39/100|[from] item: Rocky Helmet|[of] p1a: Clefable
|faint|p1a: Clefable
|
|-weather|Sandstorm|[upkeep]
|-damage|p2a: Blissey|33/100|[from] Sandstorm
|upkeep
|
|t:|1657909120
|switch|p1a: Excadrill|Excadrill, F|100/100
|-damage|p1a: Excadrill|97/100|[from] Stealth Rock
|turn|15
|
|t:|1657909124
|switch|p2a: Corviknight|Corviknight, F|96/100
|-damage|p2a: Corviknight|84/100|[from] Stealth Rock
|move|p1a: Excadrill|Rapid Spin|p2a: Corviknight
|-resisted|p2a: Corviknight
|-damage|p2a: Corviknight|78/100
|-boost|p1a: Excadrill|spe|1
|-damage|p1a: Excadrill|81/100|[from] item: Rocky Helmet|[of] p2a: Corviknight
|-sideend|p1: FENDINI|Stealth Rock|[from] move: Rapid Spin|[of] p1a: Excadrill
|
|-weather|none
|-heal|p1a: Excadrill|87/100|[from] item: Leftovers
|upkeep
|turn|16
|
|t:|1657909128
|switch|p1a: Rotom|Rotom-Wash|88/100
|move|p2a: Corviknight|U-turn|p1a: Rotom
|-damage|p1a: Rotom|73/100
|j| oooooxx lmao
|
|t:|1657909133
|switch|p2a: Dragapult|Dragapult, M|88/100|[from]move: U-turn
|-damage|p2a: Dragapult|76/100|[from] Stealth Rock
|
|-heal|p1a: Rotom|79/100|[from] item: Leftovers
|upkeep
|turn|17
|
|t:|1657909139
|switch|p1a: Slowking|Slowking-Galar, F|95/100
|move|p2a: Dragapult|Draco Meteor|p1a: Slowking
|-damage|p1a: Slowking|27/100
|-unboost|p2a: Dragapult|spa|2
|
|upkeep
|turn|18
|
|t:|1657909146
|switch|p1a: Tyranitar|Tyranitar, F|72/100
|-weather|Sandstorm|[from] ability: Sand Stream|[of] p1a: Tyranitar
|move|p2a: Dragapult|Draco Meteor|p1a: Tyranitar
|-damage|p1a: Tyranitar|44/100
|-unboost|p2a: Dragapult|spa|2
|
|-weather|Sandstorm|[upkeep]
|-damage|p2a: Dragapult|70/100|[from] Sandstorm
|upkeep
|turn|19
|
|t:|1657909154
|switch|p2a: Corviknight|Corviknight, F|78/100
|-damage|p2a: Corviknight|65/100|[from] Stealth Rock
|move|p1a: Tyranitar|Crunch|p2a: Corviknight
|-damage|p2a: Corviknight|22/100
|-damage|p1a: Tyranitar|28/100|[from] item: Rocky Helmet|[of] p2a: Corviknight
|
|-weather|Sandstorm|[upkeep]
|upkeep
|turn|20
|
|t:|1657909156
|move|p1a: Tyranitar|Crunch|p2a: Corviknight
|-damage|p2a: Corviknight|0 fnt
|-damage|p1a: Tyranitar|11/100|[from] item: Rocky Helmet|[of] p2a: Corviknight
|faint|p2a: Corviknight
|
|-weather|Sandstorm|[upkeep]
|upkeep
|
|t:|1657909162
|switch|p2a: Volcanion|Volcanion|100/100
|-damage|p2a: Volcanion|75/100|[from] Stealth Rock
|turn|21
|
|t:|1657909171
|switch|p1a: Slowking|Slowking-Galar, F|60/100
|move|p2a: Volcanion|Substitute|p2a: Volcanion
|-start|p2a: Volcanion|Substitute
|-damage|p2a: Volcanion|50/100
|
|-weather|Sandstorm|[upkeep]
|-damage|p2a: Volcanion|44/100|[from] Sandstorm
|-damage|p1a: Slowking|54/100|[from] Sandstorm
|-heal|p2a: Volcanion|50/100|[from] item: Leftovers
|upkeep
|turn|22
|j| Ran Kob
|
|t:|1657909177
|move|p2a: Volcanion|Steam Eruption|p1a: Slowking
|-damage|p1a: Slowking|14/100
|move|p1a: Slowking|Sludge Bomb|p2a: Volcanion
|-end|p2a: Volcanion|Substitute
|
|-weather|none
|-heal|p2a: Volcanion|57/100|[from] item: Leftovers
|upkeep
|turn|23
|
|t:|1657909189
|move|p2a: Volcanion|Steam Eruption|p1a: Slowking
|-crit|p1a: Slowking
|-damage|p1a: Slowking|0 fnt
|faint|p1a: Slowking
|
|-heal|p2a: Volcanion|63/100|[from] item: Leftovers
|upkeep
|
|t:|1657909197
|switch|p1a: Rotom|Rotom-Wash|79/100
|turn|24
|
|t:|1657909211
|move|p1a: Rotom|Volt Switch|p2a: Volcanion
|-supereffective|p2a: Volcanion
|-damage|p2a: Volcanion|11/100
|
|t:|1657909215
|switch|p1a: Tyranitar|Tyranitar, F|11/100|[from]move: Volt Switch
|-weather|Sandstorm|[from] ability: Sand Stream|[of] p1a: Tyranitar
|move|p2a: Volcanion|Steam Eruption|p1a: Tyranitar
|-supereffective|p1a: Tyranitar
|-damage|p1a: Tyranitar|0 fnt
|faint|p1a: Tyranitar
|
|-weather|Sandstorm|[upkeep]
|-damage|p2a: Volcanion|5/100|[from] Sandstorm
|-heal|p2a: Volcanion|11/100|[from] item: Leftovers
|upkeep
|
|t:|1657909216
|switch|p1a: Excadrill|Excadrill, F|87/100
|turn|25
|
|t:|1657909227
|move|p1a: Excadrill|Earthquake|p2a: Volcanion
|-supereffective|p2a: Volcanion
|-damage|p2a: Volcanion|0 fnt
|faint|p2a: Volcanion
|
|-weather|Sandstorm|[upkeep]
|-heal|p1a: Excadrill|93/100|[from] item: Leftovers
|upkeep
|
|t:|1657909233
|switch|p2a: Dragapult|Dragapult, M|70/100
|-damage|p2a: Dragapult|58/100|[from] Stealth Rock
|turn|26
|
|t:|1657909235
|move|p1a: Excadrill|Earthquake|p2a: Dragapult
|-damage|p2a: Dragapult|0 fnt
|faint|p2a: Dragapult
|
|-weather|Sandstorm|[upkeep]
|-heal|p1a: Excadrill|99/100|[from] item: Leftovers
|upkeep
|-message|TGsoul forfeited.
|
|win|FENDINI
|raw|FENDINI's rating: 1652 &rarr; <strong>1672</strong><br />(+20 for winning)
|raw|TGsoul's rating: 1648 &rarr; <strong>1628</strong><br />(-20 for losing)
|l|☆TGsoul
|l|☆FENDINI
