|j|☆fuzzy72
|j|☆Wheezer
|t:|1663007893
|gametype|singles
|player|p1|fuzzy72|janine|1695
|player|p2|Wheezer|petrel|1691
|teamsize|p1|6
|teamsize|p2|6
|gen|8
|tier|[Gen 8] OU
|rated|
|rule|Sleep Clause Mod: Limit one foe put to sleep
|rule|Species Clause: Limit one of each Pokémon
|rule|OHKO Clause: OHKO moves are banned
|rule|Evasion Items Clause: Evasion items are banned
|rule|Evasion Moves Clause: Evasion moves are banned
|rule|Endless Battle Clause: Forcing endless battles is banned
|rule|HP Percentage Mod: HP is shown in percentages
|rule|Dynamax Clause: You cannot dynamax
|clearpoke
|poke|p1|Victini|
|poke|p1|Tornadus-Therian, M|
|poke|p1|Ferrothorn, F|
|poke|p1|Clefable, M|
|poke|p1|Garchomp, M|
|poke|p1|Weavile, M|
|poke|p2|Persian-Alola, F|
|poke|p2|Suicune|
|poke|p2|Hippowdon, F|
|poke|p2|Blaziken, M|
|poke|p2|Xatu, M|
|poke|p2|Landorus-Therian, M|
|teampreview
|c|☆fuzzy72|hi gl
|inactive|Battle timer is ON: inactive players will automatically lose when time's up. (requested by fuzzy72)
|
|t:|1663007911
|start
|switch|p1a: Tornadus|Tornadus-Therian, M|100/100
|switch|p2a: Persian|Persian-Alola, F|100/100
|turn|1
|
|t:|1663007915
|move|p2a: Persian|Switcheroo|p1a: Tornadus
|-activate|p2a: Persian|move: Trick|[of] p1a: Tornadus
|-item|p1a: Tornadus|Choice Scarf|[from] move: Switcheroo
|-item|p2a: Persian|Heavy-Duty Boots|[from] move: Switcheroo
|move|p1a: Tornadus|Taunt|p2a: Persian
|-start|p2a: Persian|move: Taunt
|
|upkeep
|turn|2
|
|t:|1663007921
|switch|p1a: Clefable|Clefable, M|100/100
|switch|p2a: Xatu|Xatu, M|100/100
|
|upkeep
|turn|3
|
|t:|1663007925
|move|p2a: Xatu|Trick|p1a: Clefable
|-activate|p2a: Xatu|move: Trick|[of] p1a: Clefable
|-item|p1a: Clefable|Choice Scarf|[from] move: Trick
|-item|p2a: Xatu|Rocky Helmet|[from] move: Trick
|move|p1a: Clefable|Knock Off|p2a: Xatu
|-supereffective|p2a: Xatu
|-damage|p2a: Xatu|59/100
|-enditem|p2a: Xatu|Rocky Helmet|[from] move: Knock Off|[of] p1a: Clefable
|
|upkeep
|turn|4
|
|t:|1663007931
|move|p2a: Xatu|Roost|p2a: Xatu
|-heal|p2a: Xatu|100/100
|-singleturn|p2a: Xatu|move: Roost
|move|p1a: Clefable|Knock Off|p2a: Xatu
|-supereffective|p2a: Xatu
|-damage|p2a: Xatu|74/100
|
|upkeep
|turn|5
|
|t:|1663007942
|move|p2a: Xatu|Roost|p2a: Xatu
|-heal|p2a: Xatu|100/100
|-singleturn|p2a: Xatu|move: Roost
|move|p1a: Clefable|Knock Off|p2a: Xatu
|-supereffective|p2a: Xatu
|-damage|p2a: Xatu|71/100
|
|upkeep
|turn|6
|
|t:|1663007947
|switch|p1a: Weavile|Weavile, M|100/100
|-ability|p1a: Weavile|Pressure
|move|p2a: Xatu|Teleport|p2a: Xatu
|
|t:|1663007949
|switch|p2a: Blaziken|Blaziken, M|100/100|[from]move: Teleport
|
|upkeep
|turn|7
|
|t:|1663007954
|switch|p1a: Garchomp|Garchomp, M|100/100
|move|p2a: Blaziken|Swords Dance|p2a: Blaziken
|-boost|p2a: Blaziken|atk|2
|
|-ability|p2a: Blaziken|Speed Boost|boost
|-boost|p2a: Blaziken|spe|1
|upkeep
|turn|8
|
|t:|1663007957
|move|p2a: Blaziken|Close Combat|p1a: Garchomp
|-damage|p1a: Garchomp|0 fnt
|-unboost|p2a: Blaziken|def|1
|-unboost|p2a: Blaziken|spd|1
|-damage|p2a: Blaziken|88/100|[from] ability: Rough Skin|[of] p1a: Garchomp
|faint|p1a: Garchomp
|
|-heal|p2a: Blaziken|94/100|[from] item: Leftovers
|-ability|p2a: Blaziken|Speed Boost|boost
|-boost|p2a: Blaziken|spe|1
|upkeep
|
|t:|1663007963
|switch|p1a: Victini|Victini|100/100
|turn|9
|
|t:|1663007967
|move|p2a: Blaziken|Earthquake|p1a: Victini
|-supereffective|p1a: Victini
|-damage|p1a: Victini|0 fnt
|faint|p1a: Victini
|
|-heal|p2a: Blaziken|99/100|[from] item: Leftovers
|-ability|p2a: Blaziken|Speed Boost|boost
|-boost|p2a: Blaziken|spe|1
|upkeep
|-message|fuzzy72 forfeited.
|
|win|Wheezer
|raw|fuzzy72's rating: 1695 &rarr; <strong>1675</strong><br />(-20 for losing)
|raw|Wheezer's rating: 1691 &rarr; <strong>1711</strong><br />(+20 for winning)
|l|☆fuzzy72
|l|☆Wheezer
|j|☆Wheezer
|player|p2|Wheezer|petrel
|j| ian_yo
||Ladder isn't responding, score probably updated but might not have (Request timeout).
