|j|☆trewewfgfrd
|j|☆return nirvana
|inactive|Battle timer is ON: inactive players will automatically lose when time's up.
|t:|1655123022
|gametype|singles
|player|p1|trewewfgfrd|zinzolin|
|player|p2|return nirvana|gambler-gen1|
|teamsize|p1|6
|teamsize|p2|6
|gen|8
|tier|[Gen 8] OU
|rated|Tournament battle
|rule|Sleep Clause Mod: Limit one foe put to sleep
|rule|Species Clause: Limit one of each Pokémon
|rule|OHKO Clause: OHKO moves are banned
|rule|Evasion Moves Clause: Evasion moves are banned
|rule|Endless Battle Clause: Forcing endless battles is banned
|rule|HP Percentage Mod: HP is shown in percentages
|rule|Dynamax Clause: You cannot dynamax
|clearpoke
|poke|p1|Tapu Fini|
|poke|p1|Melmetal|
|poke|p1|Volcanion|
|poke|p1|Landorus-Therian, M|
|poke|p1|Tornadus-Therian, M|
|poke|p1|Chansey, F|
|poke|p2|Mew|
|poke|p2|Blacephalon|
|poke|p2|Celesteela|
|poke|p2|Dragapult, M|
|poke|p2|Zygarde-10%|
|poke|p2|Weavile, M|
|teampreview
|j|%Sww-Suwa
|
|t:|1655123047
|start
|switch|p1a: Tapu Fini|Tapu Fini, shiny|100/100
|switch|p2a: Weavile|Weavile, M|100/100
|-ability|p2a: Weavile|Pressure
|-fieldstart|move: Misty Terrain|[from] ability: Misty Surge|[of] p1a: Tapu Fini
|turn|1
|
|t:|1655123054
|switch|p2a: Mew|Mew|100/100
|move|p1a: Tapu Fini|Moonblast|p2a: Mew
|-damage|p2a: Mew|72/100
|
|upkeep
|turn|2
|
|t:|1655123056
|move|p2a: Mew|Stealth Rock|p1a: Tapu Fini
|-sidestart|p1: trewewfgfrd|move: Stealth Rock
|move|p1a: Tapu Fini|Taunt|p2a: Mew
|-start|p2a: Mew|move: Taunt
|
|upkeep
|turn|3
|
|t:|1655123059
|move|p2a: Mew|Explosion|p1a: Tapu Fini
|-damage|p1a: Tapu Fini|55/100
|faint|p2a: Mew
|move|p1a: Tapu Fini|Whirlpool|p2: Mew|[notarget]
|-fail|p1a: Tapu Fini
|
|-heal|p1a: Tapu Fini|61/100|[from] item: Leftovers
|upkeep
|
|t:|1655123068
|switch|p2a: Celesteela|Celesteela|100/100
|turn|4
|
|t:|1655123075
|move|p1a: Tapu Fini|Whirlpool|p2a: Celesteela|[miss]
|-miss|p1a: Tapu Fini|p2a: Celesteela
|move|p2a: Celesteela|Meteor Beam||[still]
|-prepare|p2a: Celesteela|Meteor Beam
|-boost|p2a: Celesteela|spa|1
|-enditem|p2a: Celesteela|Power Herb
|-anim|p2a: Celesteela|Meteor Beam|p1a: Tapu Fini
|-damage|p1a: Tapu Fini|15/100
|
|-heal|p1a: Tapu Fini|21/100|[from] item: Leftovers
|upkeep
|turn|5
|
|t:|1655123082
|switch|p1a: Chansey|Chansey, F|100/100
|-damage|p1a: Chansey|88/100|[from] Stealth Rock
|move|p2a: Celesteela|Flash Cannon|p1a: Chansey
|-damage|p1a: Chansey|69/100
|
|-fieldend|Misty Terrain
|upkeep
|turn|6
|
|t:|1655123089
|switch|p2a: Weavile|Weavile, M|100/100
|-ability|p2a: Weavile|Pressure
|move|p1a: Chansey|Wish|p1a: Chansey
|
|upkeep
|turn|7
|j| Stunfisk2140
|
|t:|1655123094
|move|p1a: Chansey|Protect|p1a: Chansey
|-singleturn|p1a: Chansey|Protect
|move|p2a: Weavile|Knock Off|p1a: Chansey
|-activate|p1a: Chansey|move: Protect
|
|-heal|p1a: Chansey|100/100|[from] move: Wish|[wisher] Chansey
|upkeep
|turn|8
|
|t:|1655123106
|move|p2a: Weavile|Knock Off|p1a: Chansey
|-damage|p1a: Chansey|60/100
|-enditem|p1a: Chansey|Eviolite|[from] move: Knock Off|[of] p2a: Weavile
|move|p1a: Chansey|Toxic|p2a: Weavile
|-status|p2a: Weavile|tox
|
|-damage|p2a: Weavile|94/100 tox|[from] psn
|upkeep
|turn|9
|
|t:|1655123110
|move|p1a: Chansey|Protect|p1a: Chansey
|-singleturn|p1a: Chansey|Protect
|move|p2a: Weavile|Triple Axel|p1a: Chansey
|-activate|p1a: Chansey|move: Protect
|
|-damage|p2a: Weavile|82/100 tox|[from] psn
|upkeep
|turn|10
|
|t:|1655123116
|switch|p1a: Volcanion|Volcanion|100/100
|-damage|p1a: Volcanion|76/100|[from] Stealth Rock
|move|p2a: Weavile|Triple Axel|p1a: Volcanion
|-resisted|p1a: Volcanion
|-damage|p1a: Volcanion|73/100
|-resisted|p1a: Volcanion
|-damage|p1a: Volcanion|67/100
|-resisted|p1a: Volcanion
|-damage|p1a: Volcanion|57/100
|-hitcount|p1a: Volcanion|3
|
|-damage|p2a: Weavile|64/100 tox|[from] psn
|upkeep
|turn|11
|
|t:|1655123120
|move|p2a: Weavile|Knock Off|p1a: Volcanion
|-damage|p1a: Volcanion|0 fnt
|-enditem|p1a: Volcanion|Choice Specs|[from] move: Knock Off|[of] p2a: Weavile
|faint|p1a: Volcanion
|
|-damage|p2a: Weavile|40/100 tox|[from] psn
|upkeep
|
|t:|1655123133
|switch|p1a: Melmetal|Melmetal|100/100
|-damage|p1a: Melmetal|94/100|[from] Stealth Rock
|turn|12
|
|t:|1655123135
|move|p1a: Melmetal|Protect|p1a: Melmetal
|-singleturn|p1a: Melmetal|Protect
|move|p2a: Weavile|Knock Off|p1a: Melmetal
|-activate|p1a: Melmetal|move: Protect
|
|-heal|p1a: Melmetal|100/100|[from] item: Leftovers
|-damage|p2a: Weavile|10/100 tox|[from] psn
|upkeep
|turn|13
|
|t:|1655123138
|move|p2a: Weavile|Knock Off|p1a: Melmetal
|-damage|p1a: Melmetal|72/100
|-enditem|p1a: Melmetal|Leftovers|[from] move: Knock Off|[of] p2a: Weavile
|move|p1a: Melmetal|Double Iron Bash|p2a: Weavile
|-supereffective|p2a: Weavile
|-damage|p2a: Weavile|0 fnt
|faint|p2a: Weavile
|-hitcount|p2: Weavile|1
|
|upkeep
|
|t:|1655123146
|switch|p2a: Blacephalon|Blacephalon|100/100
|turn|14
|
|t:|1655123148
|move|p1a: Melmetal|Protect|p1a: Melmetal
|-singleturn|p1a: Melmetal|Protect
|move|p2a: Blacephalon|Flamethrower|p1a: Melmetal
|-activate|p1a: Melmetal|move: Protect
|
|upkeep
|turn|15
|
|t:|1655123152
|switch|p1a: Chansey|Chansey, F|60/100
|-damage|p1a: Chansey|48/100|[from] Stealth Rock
|move|p2a: Blacephalon|Flamethrower|p1a: Chansey
|-damage|p1a: Chansey|22/100
|
|upkeep
|turn|16
|
|t:|1655123156
|move|p2a: Blacephalon|Flamethrower|p1a: Chansey
|-damage|p1a: Chansey|0 fnt
|faint|p1a: Chansey
|-ability|p2a: Blacephalon|Beast Boost|boost
|-boost|p2a: Blacephalon|spa|1
|
|upkeep
|
|t:|1655123161
|switch|p1a: Landorus|Landorus-Therian, M|100/100
|-damage|p1a: Landorus|88/100|[from] Stealth Rock
|-ability|p1a: Landorus|Intimidate|boost
|-unboost|p2a: Blacephalon|atk|1
|turn|17
|
|t:|1655123163
|move|p1a: Landorus|Protect|p1a: Landorus
|-singleturn|p1a: Landorus|Protect
|move|p2a: Blacephalon|Flamethrower|p1a: Landorus
|-activate|p1a: Landorus|move: Protect
|
|-heal|p1a: Landorus|94/100|[from] item: Leftovers
|upkeep
|turn|18
|
|t:|1655123166
|move|p2a: Blacephalon|Flamethrower|p1a: Landorus
|-damage|p1a: Landorus|0 fnt
|faint|p1a: Landorus
|-ability|p2a: Blacephalon|Beast Boost|boost
|-boost|p2a: Blacephalon|spa|1
|
|upkeep
|-message|trewewfgfrd forfeited.
|
|win|return nirvana
|n|☆trewewfgfrd|trewewfgfrd
|n|☆return nirvana|returnnirvana
|n| Sww-Suwa|swwsuwa
|n| Stunfisk2140|stunfisk2140
|l|☆trewewfgfrd
