|j|☆Kaleor
|j|☆CCLM
|t:|1664619683
|gametype|singles
|player|p1|Kaleor|swimmer-gen4dp|1655
|player|p2|CCLM|169|1752
|teamsize|p1|6
|teamsize|p2|6
|gen|8
|tier|[Gen 8] OU
|rated|
|rule|Sleep Clause Mod: Limit one foe put to sleep
|rule|Species Clause: Limit one of each Pokémon
|rule|OHKO Clause: OHKO moves are banned
|rule|Evasion Items Clause: Evasion items are banned
|rule|Evasion Moves Clause: Evasion moves are banned
|rule|Endless Battle Clause: Forcing endless battles is banned
|rule|HP Percentage Mod: HP is shown in percentages
|rule|Dynamax Clause: You cannot dynamax
|clearpoke
|poke|p1|Dragonite, M|
|poke|p1|Garchomp, M|
|poke|p1|Melmetal|
|poke|p1|Zapdos|
|poke|p1|Crawdaunt, M|
|poke|p1|Blacephalon|
|poke|p2|Tapu Lele|
|poke|p2|Blacephalon|
|poke|p2|Slowbro, F|
|poke|p2|Ferrothorn, M|
|poke|p2|Mandibuzz, F|
|poke|p2|Landorus-Therian, M|
|teampreview
|j| zsr_xiaoji
|inactive|Battle timer is ON: inactive players will automatically lose when time's up. (requested by Kaleor)
|inactive|CCLM also wants the timer to be on.
|
|t:|1664619708
|start
|switch|p1a: Garchomp|Garchomp, M|100/100
|switch|p2a: Tapu Lele|Tapu Lele|100/100
|-fieldstart|move: Psychic Terrain|[from] ability: Psychic Surge|[of] p2a: Tapu Lele
|turn|1
|
|t:|1664619712
|switch|p1a: Melmetal|Melmetal|100/100
|move|p2a: Tapu Lele|Moonblast|p1a: Melmetal
|-resisted|p1a: Melmetal
|-damage|p1a: Melmetal|81/100
|
|upkeep
|turn|2
|
|t:|1664619721
|switch|p2a: Slowbro|Slowbro, F|100/100
|switch|p1a: Garchomp|Garchomp, M|100/100
|
|upkeep
|turn|3
|
|t:|1664619726
|move|p1a: Garchomp|Stealth Rock|p2a: Slowbro
|-sidestart|p2: CCLM|move: Stealth Rock
|move|p2a: Slowbro|Future Sight|p1a: Garchomp
|-start|p2a: Slowbro|move: Future Sight
|
|upkeep
|turn|4
|
|t:|1664619729
|move|p1a: Garchomp|Draco Meteor|p2a: Slowbro
|-damage|p2a: Slowbro|39/100
|-unboost|p1a: Garchomp|spa|2
|-damage|p1a: Garchomp|91/100|[from] item: Life Orb
|move|p2a: Slowbro|Teleport|p2a: Slowbro
|
|t:|1664619733
|switch|p2a: Mandibuzz|Mandibuzz, F|100/100|[from]move: Teleport
|
|upkeep
|turn|5
|
|t:|1664619739
|switch|p1a: Melmetal|Melmetal|81/100
|move|p2a: Mandibuzz|Defog|p1a: Melmetal
|-unboost|p1a: Melmetal|evasion|1
|-sideend|p2: CCLM|Stealth Rock|[from] move: Defog|[of] p2a: Mandibuzz
|-fieldend|move: Psychic Terrain
|
|-end|p1a: Melmetal|move: Future Sight
|-resisted|p1a: Melmetal
|-damage|p1a: Melmetal|71/100
|upkeep
|turn|6
|
|t:|1664619744
|switch|p1a: Garchomp|Garchomp, M|91/100
|move|p2a: Mandibuzz|U-turn|p1a: Garchomp
|-damage|p1a: Garchomp|79/100
|-damage|p2a: Mandibuzz|88/100|[from] ability: Rough Skin|[of] p1a: Garchomp
|
|t:|1664619755
|switch|p2a: Slowbro|Slowbro, F|72/100|[from]move: U-turn
|
|upkeep
|turn|7
|
|t:|1664619759
|move|p1a: Garchomp|Draco Meteor|p2a: Slowbro
|-damage|p2a: Slowbro|8/100
|-unboost|p1a: Garchomp|spa|2
|-damage|p1a: Garchomp|69/100|[from] item: Life Orb
|move|p2a: Slowbro|Future Sight|p1a: Garchomp
|-start|p2a: Slowbro|move: Future Sight
|
|upkeep
|turn|8
|
|t:|1664619765
|switch|p2a: Mandibuzz|Mandibuzz, F|88/100
|move|p1a: Garchomp|Stealth Rock|p2a: Mandibuzz
|-sidestart|p2: CCLM|move: Stealth Rock
|
|upkeep
|turn|9
|
|t:|1664619769
|switch|p1a: Zapdos|Zapdos|100/100
|move|p2a: Mandibuzz|Defog|p1a: Zapdos
|-unboost|p1a: Zapdos|evasion|1
|-sideend|p2: CCLM|Stealth Rock|[from] move: Defog|[of] p2a: Mandibuzz
|
|-end|p1a: Zapdos|move: Future Sight
|-damage|p1a: Zapdos|49/100
|upkeep
|turn|10
|
|t:|1664619778
|move|p1a: Zapdos|Hurricane|p2a: Mandibuzz|[miss]
|-miss|p1a: Zapdos|p2a: Mandibuzz
|move|p2a: Mandibuzz|U-turn|p1a: Zapdos
|-resisted|p1a: Zapdos
|-damage|p1a: Zapdos|42/100
|
|t:|1664619781
|switch|p2a: Tapu Lele|Tapu Lele|100/100|[from]move: U-turn
|-fieldstart|move: Psychic Terrain|[from] ability: Psychic Surge|[of] p2a: Tapu Lele
|
|upkeep
|turn|11
|
|t:|1664619784
|move|p1a: Zapdos|Hurricane|p2a: Tapu Lele|[miss]
|-miss|p1a: Zapdos|p2a: Tapu Lele
|move|p2a: Tapu Lele|Moonblast|p1a: Zapdos
|-damage|p1a: Zapdos|0 fnt
|faint|p1a: Zapdos
|
|upkeep
|
|t:|1664619791
|switch|p1a: Blacephalon|Blacephalon|100/100
|turn|12
|
|t:|1664619795
|switch|p2a: Mandibuzz|Mandibuzz, F|88/100
|move|p1a: Blacephalon|Overheat|p2a: Mandibuzz|[miss]
|-miss|p1a: Blacephalon|p2a: Mandibuzz
|
|upkeep
|turn|13
|
|t:|1664619801
|move|p1a: Blacephalon|Overheat|p2a: Mandibuzz|[miss]
|-miss|p1a: Blacephalon|p2a: Mandibuzz
|move|p2a: Mandibuzz|Roost|p2a: Mandibuzz
|-heal|p2a: Mandibuzz|100/100
|-singleturn|p2a: Mandibuzz|move: Roost
|
|upkeep
|turn|14
|
|t:|1664619804
|move|p1a: Blacephalon|Overheat|p2a: Mandibuzz
|-damage|p2a: Mandibuzz|33/100
|-unboost|p1a: Blacephalon|spa|2
|move|p2a: Mandibuzz|Roost|p2a: Mandibuzz
|-heal|p2a: Mandibuzz|83/100
|-singleturn|p2a: Mandibuzz|move: Roost
|
|-fieldend|move: Psychic Terrain
|upkeep
|turn|15
|
|t:|1664619808
|switch|p1a: Garchomp|Garchomp, M|69/100
|move|p2a: Mandibuzz|Foul Play|p1a: Garchomp
|-damage|p1a: Garchomp|28/100
|-damage|p2a: Mandibuzz|71/100|[from] ability: Rough Skin|[of] p1a: Garchomp
|
|upkeep
|turn|16
|
|t:|1664619813
|move|p1a: Garchomp|Draco Meteor|p2a: Mandibuzz
|-damage|p2a: Mandibuzz|16/100
|-unboost|p1a: Garchomp|spa|2
|-damage|p1a: Garchomp|18/100|[from] item: Life Orb
|move|p2a: Mandibuzz|Roost|p2a: Mandibuzz
|-heal|p2a: Mandibuzz|66/100
|-singleturn|p2a: Mandibuzz|move: Roost
|
|upkeep
|turn|17
|
|t:|1664619816
|move|p1a: Garchomp|Stealth Rock|p2a: Mandibuzz
|-sidestart|p2: CCLM|move: Stealth Rock
|move|p2a: Mandibuzz|Roost|p2a: Mandibuzz
|-heal|p2a: Mandibuzz|100/100
|-singleturn|p2a: Mandibuzz|move: Roost
|
|upkeep
|turn|18
|j| NDHB
|
|t:|1664619820
|switch|p1a: Crawdaunt|Crawdaunt, M|100/100
|move|p2a: Mandibuzz|Defog|p1a: Crawdaunt
|-unboost|p1a: Crawdaunt|evasion|1
|-sideend|p2: CCLM|Stealth Rock|[from] move: Defog|[of] p2a: Mandibuzz
|
|upkeep
|turn|19
|
|t:|1664619824
|move|p1a: Crawdaunt|Crabhammer|p2a: Mandibuzz
|-crit|p2a: Mandibuzz
|-damage|p2a: Mandibuzz|15/100
|move|p2a: Mandibuzz|U-turn|p1a: Crawdaunt
|-supereffective|p1a: Crawdaunt
|-damage|p1a: Crawdaunt|68/100
|
|t:|1664619829
|switch|p2a: Tapu Lele|Tapu Lele|100/100|[from]move: U-turn
|-fieldstart|move: Psychic Terrain|[from] ability: Psychic Surge|[of] p2a: Tapu Lele
|
|upkeep
|turn|20
|
|t:|1664619833
|switch|p1a: Melmetal|Melmetal|71/100
|move|p2a: Tapu Lele|Moonblast|p1a: Melmetal
|-resisted|p1a: Melmetal
|-damage|p1a: Melmetal|51/100
|
|upkeep
|turn|21
|
|t:|1664619840
|switch|p2a: Slowbro|Slowbro, F|41/100
|switch|p1a: Blacephalon|Blacephalon|100/100
|
|upkeep
|turn|22
|
|t:|1664619850
|switch|p2a: Mandibuzz|Mandibuzz, F|15/100
|move|p1a: Blacephalon|Shadow Ball|p2a: Mandibuzz
|-resisted|p2a: Mandibuzz
|-damage|p2a: Mandibuzz|0 fnt
|faint|p2a: Mandibuzz
|-ability|p1a: Blacephalon|Beast Boost|boost
|-boost|p1a: Blacephalon|spa|1
|
|upkeep
|inactive|CCLM has 120 seconds left.
|inactive|CCLM has 90 seconds left.
|
|t:|1664619914
|switch|p2a: Landorus|Landorus-Therian, M|100/100
|-ability|p2a: Landorus|Intimidate|boost
|-unboost|p1a: Blacephalon|atk|1
|turn|23
|
|t:|1664619920
|switch|p1a: Dragonite|Dragonite, M|100/100
|move|p2a: Landorus|Earthquake|p1a: Dragonite
|-immune|p1a: Dragonite
|
|-fieldend|move: Psychic Terrain
|upkeep
|turn|24
|
|t:|1664619928
|move|p2a: Landorus|Earthquake|p1a: Dragonite
|-immune|p1a: Dragonite
|move|p1a: Dragonite|Dragon Dance|p1a: Dragonite
|-boost|p1a: Dragonite|atk|1
|-boost|p1a: Dragonite|spe|1
|
|upkeep
|turn|25
|
|t:|1664619934
|switch|p2a: Slowbro|Slowbro, F|74/100
|move|p1a: Dragonite|Dragon Dance|p1a: Dragonite
|-boost|p1a: Dragonite|atk|1
|-boost|p1a: Dragonite|spe|1
|
|upkeep
|turn|26
|
|t:|1664619939
|move|p1a: Dragonite|Earthquake|p2a: Slowbro
|-damage|p2a: Slowbro|31/100
|move|p2a: Slowbro|Future Sight|p1a: Dragonite
|-start|p2a: Slowbro|move: Future Sight
|
|upkeep
|turn|27
|
|t:|1664619944
|move|p1a: Dragonite|Dragon Dance|p1a: Dragonite
|-boost|p1a: Dragonite|atk|1
|-boost|p1a: Dragonite|spe|1
|move|p2a: Slowbro|Teleport|p2a: Slowbro
|
|t:|1664619946
|switch|p2a: Ferrothorn|Ferrothorn, M|100/100|[from]move: Teleport
|
|upkeep
|turn|28
|
|t:|1664619949
|move|p1a: Dragonite|Earthquake|p2a: Ferrothorn
|-damage|p2a: Ferrothorn|37/100
|move|p2a: Ferrothorn|Leech Seed|p1a: Dragonite
|-start|p1a: Dragonite|move: Leech Seed
|
|-end|p1a: Dragonite|move: Future Sight
|-damage|p1a: Dragonite|80/100
|-heal|p2a: Ferrothorn|43/100|[from] item: Leftovers
|-damage|p1a: Dragonite|68/100|[from] Leech Seed|[of] p2a: Ferrothorn
|-heal|p2a: Ferrothorn|54/100|[silent]
|upkeep
|turn|29
|
|t:|1664619955
|switch|p2a: Slowbro|Slowbro, F|64/100
|move|p1a: Dragonite|Dragon Dance|p1a: Dragonite
|-boost|p1a: Dragonite|atk|1
|-boost|p1a: Dragonite|spe|1
|
|-damage|p1a: Dragonite|56/100|[from] Leech Seed|[of] p2a: Slowbro
|-heal|p2a: Slowbro|74/100|[silent]
|upkeep
|turn|30
|
|t:|1664619961
|switch|p2a: Landorus|Landorus-Therian, M|100/100
|-ability|p2a: Landorus|Intimidate|boost
|-unboost|p1a: Dragonite|atk|1
|move|p1a: Dragonite|Roost|p1a: Dragonite
|-heal|p1a: Dragonite|100/100
|-singleturn|p1a: Dragonite|move: Roost
|
|-damage|p1a: Dragonite|88/100|[from] Leech Seed|[of] p2a: Landorus
|upkeep
|turn|31
|
|t:|1664619967
|switch|p2a: Slowbro|Slowbro, F|100/100
|move|p1a: Dragonite|Earthquake|p2a: Slowbro
|-damage|p2a: Slowbro|46/100
|
|-damage|p1a: Dragonite|76/100|[from] Leech Seed|[of] p2a: Slowbro
|-heal|p2a: Slowbro|57/100|[silent]
|upkeep
|turn|32
|
|t:|1664619975
|move|p1a: Dragonite|Dragon Dance|p1a: Dragonite
|-boost|p1a: Dragonite|atk|1
|-boost|p1a: Dragonite|spe|1
|move|p2a: Slowbro|Future Sight|p1a: Dragonite
|-start|p2a: Slowbro|move: Future Sight
|
|-damage|p1a: Dragonite|63/100|[from] Leech Seed|[of] p2a: Slowbro
|-heal|p2a: Slowbro|67/100|[silent]
|upkeep
|turn|33
|
|t:|1664619979
|switch|p2a: Landorus|Landorus-Therian, M|100/100
|-ability|p2a: Landorus|Intimidate|boost
|-unboost|p1a: Dragonite|atk|1
|move|p1a: Dragonite|Ice Punch|p2a: Landorus
|-supereffective|p2a: Landorus
|-damage|p2a: Landorus|0 fnt
|faint|p2a: Landorus
|
|upkeep
|
|t:|1664619986
|switch|p2a: Slowbro|Slowbro, F|99/100
|turn|34
|c| zsr_xiaoji|godd
|
|t:|1664619993
|move|p1a: Dragonite|Earthquake|p2a: Slowbro
|-damage|p2a: Slowbro|45/100
|move|p2a: Slowbro|Teleport|p2a: Slowbro
|c| zsr_xiaoji|good
|
|t:|1664619996
|switch|p2a: Ferrothorn|Ferrothorn, M|54/100|[from]move: Teleport
|
|-end|p1a: Dragonite|move: Future Sight
|-damage|p1a: Dragonite|20/100
|-heal|p2a: Ferrothorn|60/100|[from] item: Leftovers
|-damage|p1a: Dragonite|8/100|[from] Leech Seed|[of] p2a: Ferrothorn
|-heal|p2a: Ferrothorn|72/100|[silent]
|upkeep
|turn|35
|
|t:|1664620005
|move|p1a: Dragonite|Earthquake|p2a: Ferrothorn
|-damage|p2a: Ferrothorn|4/100
|move|p2a: Ferrothorn|Stealth Rock|p1a: Dragonite
|-sidestart|p1: Kaleor|move: Stealth Rock
|
|-heal|p2a: Ferrothorn|10/100|[from] item: Leftovers
|-damage|p1a: Dragonite|0 fnt|[from] Leech Seed|[of] p2a: Ferrothorn
|-heal|p2a: Ferrothorn|17/100|[silent]
|faint|p1a: Dragonite
|upkeep
|
|t:|1664620008
|switch|p1a: Blacephalon|Blacephalon|100/100
|-damage|p1a: Blacephalon|76/100|[from] Stealth Rock
|turn|36
|
|t:|1664620012
|move|p1a: Blacephalon|Shadow Ball|p2a: Ferrothorn
|-damage|p2a: Ferrothorn|0 fnt
|faint|p2a: Ferrothorn
|-ability|p1a: Blacephalon|Beast Boost|boost
|-boost|p1a: Blacephalon|spa|1
|
|upkeep
|
|t:|1664620014
|switch|p2a: Tapu Lele|Tapu Lele|100/100
|-fieldstart|move: Psychic Terrain|[from] ability: Psychic Surge|[of] p2a: Tapu Lele
|turn|37
|
|t:|1664620020
|move|p1a: Blacephalon|Shadow Ball|p2a: Tapu Lele
|-supereffective|p2a: Tapu Lele
|-damage|p2a: Tapu Lele|0 fnt
|faint|p2a: Tapu Lele
|-ability|p1a: Blacephalon|Beast Boost|boost
|-boost|p1a: Blacephalon|spa|1
|
|upkeep
|-message|CCLM forfeited.
|
|win|Kaleor
|raw|Kaleor's rating: 1655 &rarr; <strong>1680</strong><br />(+25 for winning)
|raw|CCLM's rating: 1752 &rarr; <strong>1727</strong><br />(-25 for losing)
|l|☆CCLM
|l|☆Kaleor
|c| zsr_xiaoji|good game
