|raw|<div class="broadcast-blue"><strong>This battle is required to be public due to a player having a name starting with 'lt91bb'.</div>
|j|☆mekki the poison
|j|☆LT91BBStepthaClown
|t:|1659291905
|gametype|singles
|player|p1|mekki the poison|cheren|1832
|player|p2|LT91BBStepthaClown|clown|1899
|teamsize|p1|6
|teamsize|p2|6
|gen|8
|tier|[Gen 8] OU
|rated|
|rule|Sleep Clause Mod: Limit one foe put to sleep
|rule|Species Clause: Limit one of each Pokémon
|rule|OHKO Clause: OHKO moves are banned
|rule|Evasion Moves Clause: Evasion moves are banned
|rule|Endless Battle Clause: Forcing endless battles is banned
|rule|HP Percentage Mod: HP is shown in percentages
|rule|Dynamax Clause: You cannot dynamax
|clearpoke
|poke|p1|Garchomp, F|
|poke|p1|Volcarona, M|
|poke|p1|Kartana|
|poke|p1|Tapu Fini|
|poke|p1|Heatran, F|
|poke|p1|Tornadus-Therian, M|
|poke|p2|Garchomp, F|
|poke|p2|Hawlucha, M|
|poke|p2|Tapu Lele|
|poke|p2|Kartana|
|poke|p2|Tapu Fini|
|poke|p2|Landorus-Therian, M|
|teampreview
|j| Gawayne
|
|t:|1659291933
|start
|switch|p1a: Tornadus|Tornadus-Therian, M|100/100
|switch|p2a: Garchomp|Garchomp, F|100/100
|turn|1
|inactive|Battle timer is ON: inactive players will automatically lose when time's up. (requested by LT91BBStepthaClown)
|
|t:|1659291942
|move|p1a: Tornadus|Knock Off|p2a: Garchomp
|-damage|p2a: Garchomp|79/100
|-damage|p1a: Tornadus|88/100|[from] ability: Rough Skin|[of] p2a: Garchomp
|-enditem|p2a: Garchomp|Life Orb|[from] move: Knock Off|[of] p1a: Tornadus
|move|p2a: Garchomp|Stealth Rock|p1a: Tornadus
|-sidestart|p1: mekki the poison|move: Stealth Rock
|
|upkeep
|turn|2
|j| LT91BB Empo
|
|t:|1659291950
|move|p1a: Tornadus|Hurricane|p2a: Garchomp
|-damage|p2a: Garchomp|37/100
|-start|p2a: Garchomp|confusion
|-activate|p2a: Garchomp|confusion
|-damage|p2a: Garchomp|22/100|[from] confusion
|
|upkeep
|turn|3
|
|t:|1659291954
|move|p1a: Tornadus|Hurricane|p2a: Garchomp
|-damage|p2a: Garchomp|0 fnt
|faint|p2a: Garchomp
|
|upkeep
|
|t:|1659291958
|switch|p2a: Tapu Lele|Tapu Lele|100/100
|-fieldstart|move: Psychic Terrain|[from] ability: Psychic Surge|[of] p2a: Tapu Lele
|turn|4
|
|t:|1659291961
|move|p1a: Tornadus|Knock Off|p2a: Tapu Lele
|-damage|p2a: Tapu Lele|77/100
|-enditem|p2a: Tapu Lele|Life Orb|[from] move: Knock Off|[of] p1a: Tornadus
|move|p2a: Tapu Lele|Calm Mind|p2a: Tapu Lele
|-boost|p2a: Tapu Lele|spa|1
|-boost|p2a: Tapu Lele|spd|1
|
|upkeep
|turn|5
|
|t:|1659291968
|move|p1a: Tornadus|U-turn|p2a: Tapu Lele
|-damage|p2a: Tapu Lele|57/100
|
|t:|1659291970
|switch|p1a: Heatran|Heatran, F|100/100|[from]move: U-turn
|-damage|p1a: Heatran|88/100|[from] Stealth Rock
|move|p2a: Tapu Lele|Moonblast|p1a: Heatran
|-resisted|p1a: Heatran
|-damage|p1a: Heatran|71/100
|
|-heal|p1a: Heatran|77/100|[from] item: Leftovers
|upkeep
|turn|6
|
|t:|1659291974
|switch|p1a: Tornadus|Tornadus-Therian, M|100/100
|-damage|p1a: Tornadus|76/100|[from] Stealth Rock
|move|p2a: Tapu Lele|Focus Blast|p1a: Tornadus
|-resisted|p1a: Tornadus
|-crit|p1a: Tornadus
|-damage|p1a: Tornadus|43/100
|
|upkeep
|turn|7
|j| LT91BB Raizen
|
|t:|1659291980
|move|p1a: Tornadus|U-turn|p2a: Tapu Lele
|-damage|p2a: Tapu Lele|38/100
|
|t:|1659291981
|switch|p1a: Heatran|Heatran, F|77/100|[from]move: U-turn
|-damage|p1a: Heatran|64/100|[from] Stealth Rock
|move|p2a: Tapu Lele|Psyshock|p1a: Heatran
|-resisted|p1a: Heatran
|-damage|p1a: Heatran|38/100
|
|-heal|p1a: Heatran|44/100|[from] item: Leftovers
|upkeep
|turn|8
|
|t:|1659291987
|move|p2a: Tapu Lele|Focus Blast|p1a: Heatran
|-supereffective|p1a: Heatran
|-damage|p1a: Heatran|0 fnt
|faint|p1a: Heatran
|
|-fieldend|move: Psychic Terrain
|upkeep
|
|t:|1659291990
|switch|p1a: Kartana|Kartana|100/100
|-damage|p1a: Kartana|94/100|[from] Stealth Rock
|turn|9
|
|t:|1659291995
|switch|p2a: Landorus|Landorus-Therian, M|100/100
|-ability|p2a: Landorus|Intimidate|boost
|-unboost|p1a: Kartana|atk|1
|move|p1a: Kartana|Leaf Blade|p2a: Landorus
|-damage|p2a: Landorus|50/100
|
|upkeep
|turn|10
|
|t:|1659292003
|switch|p1a: Volcarona|Volcarona, M|100/100
|switch|p2a: Kartana|Kartana|100/100
|
|upkeep
|turn|11
|
|t:|1659292008
|move|p2a: Kartana|Knock Off|p1a: Volcarona
|-damage|p1a: Volcarona|0 fnt
|-enditem|p1a: Volcarona|Heavy-Duty Boots|[from] move: Knock Off|[of] p2a: Kartana
|faint|p1a: Volcarona
|-ability|p2a: Kartana|Beast Boost|boost
|-boost|p2a: Kartana|atk|1
|
|upkeep
|
|t:|1659292013
|switch|p1a: Tornadus|Tornadus-Therian, M|76/100
|-damage|p1a: Tornadus|51/100|[from] Stealth Rock
|turn|12
|
|t:|1659292024
|switch|p2a: Tapu Fini|Tapu Fini|100/100
|-fieldstart|move: Misty Terrain|[from] ability: Misty Surge|[of] p2a: Tapu Fini
|move|p1a: Tornadus|Heat Wave|p2a: Tapu Fini
|-resisted|p2a: Tapu Fini
|-damage|p2a: Tapu Fini|91/100
|
|-heal|p2a: Tapu Fini|97/100|[from] item: Leftovers
|upkeep
|turn|13
|j| AtraX Madara
|l| AtraX Madara
|
|t:|1659292036
|move|p1a: Tornadus|U-turn|p2a: Tapu Fini
|-resisted|p2a: Tapu Fini
|-damage|p2a: Tapu Fini|91/100
|
|t:|1659292039
|switch|p1a: Kartana|Kartana|94/100|[from]move: U-turn
|-damage|p1a: Kartana|88/100|[from] Stealth Rock
|move|p2a: Tapu Fini|Scald|p1a: Kartana
|-resisted|p1a: Kartana
|-damage|p1a: Kartana|35/100
|
|-heal|p2a: Tapu Fini|97/100|[from] item: Leftovers
|upkeep
|turn|14
|j| arbok13
|
|t:|1659292055
|switch|p1a: Tapu Fini|Tapu Fini|100/100
|-damage|p1a: Tapu Fini|88/100|[from] Stealth Rock
|switch|p2a: Kartana|Kartana|100/100
|
|-heal|p1a: Tapu Fini|94/100|[from] item: Leftovers
|upkeep
|turn|15
|
|t:|1659292061
|switch|p1a: Tornadus|Tornadus-Therian, M|84/100
|-damage|p1a: Tornadus|59/100|[from] Stealth Rock
|move|p2a: Kartana|Leaf Blade|p1a: Tornadus
|-resisted|p1a: Tornadus
|-damage|p1a: Tornadus|12/100
|
|upkeep
|turn|16
|
|t:|1659292068
|switch|p2a: Tapu Fini|Tapu Fini|97/100
|move|p1a: Tornadus|Hurricane|p2a: Tapu Fini|[miss]
|-miss|p1a: Tornadus|p2a: Tapu Fini
|
|-heal|p2a: Tapu Fini|100/100|[from] item: Leftovers
|-fieldend|Misty Terrain
|upkeep
|turn|17
|
|t:|1659292072
|move|p1a: Tornadus|U-turn|p2a: Tapu Fini
|-resisted|p2a: Tapu Fini
|-damage|p2a: Tapu Fini|94/100
|
|t:|1659292073
|switch|p1a: Tapu Fini|Tapu Fini|94/100|[from]move: U-turn
|-damage|p1a: Tapu Fini|82/100|[from] Stealth Rock
|-fieldstart|move: Misty Terrain|[from] ability: Misty Surge|[of] p1a: Tapu Fini
|move|p2a: Tapu Fini|Scald|p1a: Tapu Fini
|-resisted|p1a: Tapu Fini
|-crit|p1a: Tapu Fini
|-damage|p1a: Tapu Fini|63/100
|
|-heal|p2a: Tapu Fini|100/100|[from] item: Leftovers
|-heal|p1a: Tapu Fini|69/100|[from] item: Leftovers
|upkeep
|turn|18
|
|t:|1659292081
|switch|p1a: Tornadus|Tornadus-Therian, M|45/100
|-damage|p1a: Tornadus|20/100|[from] Stealth Rock
|move|p2a: Tapu Fini|Taunt|p1a: Tornadus
|-start|p1a: Tornadus|move: Taunt
|
|upkeep
|turn|19
|
|t:|1659292084
|move|p1a: Tornadus|U-turn|p2a: Tapu Fini
|-resisted|p2a: Tapu Fini
|-damage|p2a: Tapu Fini|95/100
|
|t:|1659292086
|switch|p1a: Tapu Fini|Tapu Fini|69/100|[from]move: U-turn
|-damage|p1a: Tapu Fini|56/100|[from] Stealth Rock
|move|p2a: Tapu Fini|Scald|p1a: Tapu Fini
|-resisted|p1a: Tapu Fini
|-damage|p1a: Tapu Fini|45/100
|
|-heal|p2a: Tapu Fini|100/100|[from] item: Leftovers
|-heal|p1a: Tapu Fini|51/100|[from] item: Leftovers
|upkeep
|turn|20
|
|t:|1659292098
|move|p2a: Tapu Fini|Scald|p1a: Tapu Fini
|-resisted|p1a: Tapu Fini
|-damage|p1a: Tapu Fini|39/100
|move|p1a: Tapu Fini|Whirlpool|p2a: Tapu Fini
|-resisted|p2a: Tapu Fini
|-damage|p2a: Tapu Fini|96/100
|-activate|p2a: Tapu Fini|move: Whirlpool|[of] p1a: Tapu Fini
|
|-heal|p2a: Tapu Fini|100/100|[from] item: Leftovers
|-heal|p1a: Tapu Fini|45/100|[from] item: Leftovers
|-damage|p2a: Tapu Fini|88/100|[from] move: Whirlpool|[partiallytrapped]
|upkeep
|turn|21
|
|t:|1659292101
|move|p2a: Tapu Fini|Calm Mind|p2a: Tapu Fini
|-boost|p2a: Tapu Fini|spa|1
|-boost|p2a: Tapu Fini|spd|1
|move|p1a: Tapu Fini|Nature's Madness|p2a: Tapu Fini
|-damage|p2a: Tapu Fini|45/100
|
|-heal|p2a: Tapu Fini|51/100|[from] item: Leftovers
|-heal|p1a: Tapu Fini|51/100|[from] item: Leftovers
|-damage|p2a: Tapu Fini|38/100|[from] move: Whirlpool|[partiallytrapped]
|-fieldend|Misty Terrain
|upkeep
|turn|22
|
|t:|1659292105
|move|p2a: Tapu Fini|Draining Kiss|p1a: Tapu Fini
|-damage|p1a: Tapu Fini|27/100
|-heal|p2a: Tapu Fini|57/100|[from] drain|[of] p1a: Tapu Fini
|move|p1a: Tapu Fini|Nature's Madness|p2a: Tapu Fini
|-damage|p2a: Tapu Fini|29/100
|
|-heal|p2a: Tapu Fini|35/100|[from] item: Leftovers
|-heal|p1a: Tapu Fini|33/100|[from] item: Leftovers
|-damage|p2a: Tapu Fini|23/100|[from] move: Whirlpool|[partiallytrapped]
|upkeep
|turn|23
|
|t:|1659292111
|move|p2a: Tapu Fini|Draining Kiss|p1a: Tapu Fini
|-damage|p1a: Tapu Fini|8/100
|-heal|p2a: Tapu Fini|41/100|[from] drain|[of] p1a: Tapu Fini
|move|p1a: Tapu Fini|Moonblast|p2a: Tapu Fini
|-damage|p2a: Tapu Fini|25/100
|
|-heal|p2a: Tapu Fini|31/100|[from] item: Leftovers
|-heal|p1a: Tapu Fini|14/100|[from] item: Leftovers
|-damage|p2a: Tapu Fini|19/100|[from] move: Whirlpool|[partiallytrapped]
|upkeep
|turn|24
|
|t:|1659292117
|move|p2a: Tapu Fini|Scald|p1a: Tapu Fini
|-resisted|p1a: Tapu Fini
|-damage|p1a: Tapu Fini|0 fnt
|faint|p1a: Tapu Fini
|
|-heal|p2a: Tapu Fini|25/100|[from] item: Leftovers
|-end|p2a: Tapu Fini|Whirlpool|[partiallytrapped]
|upkeep
|
|t:|1659292120
|switch|p1a: Garchomp|Garchomp, F|100/100
|-damage|p1a: Garchomp|94/100|[from] Stealth Rock
|turn|25
|
|t:|1659292125
|move|p1a: Garchomp|Swords Dance|p1a: Garchomp
|-boost|p1a: Garchomp|atk|2
|move|p2a: Tapu Fini|Draining Kiss|p1a: Garchomp
|-supereffective|p1a: Garchomp
|-damage|p1a: Garchomp|19/100
|-heal|p2a: Tapu Fini|84/100|[from] drain|[of] p1a: Garchomp
|-damage|p2a: Tapu Fini|72/100|[from] ability: Rough Skin|[of] p1a: Garchomp
|
|-heal|p2a: Tapu Fini|78/100|[from] item: Leftovers
|upkeep
|turn|26
|
|t:|1659292130
|switch|p2a: Tapu Lele|Tapu Lele|38/100
|-fieldstart|move: Psychic Terrain|[from] ability: Psychic Surge|[of] p2a: Tapu Lele
|move|p1a: Garchomp|Earthquake|p2a: Tapu Lele
|-damage|p2a: Tapu Lele|0 fnt
|faint|p2a: Tapu Lele
|-damage|p1a: Garchomp|9/100|[from] item: Life Orb
|
|upkeep
|-message|mekki the poison forfeited.
|
|win|LT91BBStepthaClown
|raw|mekki the poison's rating: 1832 &rarr; <strong>1816</strong><br />(-16 for losing)
|raw|LT91BBStepthaClown's rating: 1899 &rarr; <strong>1915</strong><br />(+16 for winning)
|l|☆mekki the poison
|l|☆LT91BBStepthaClown
||Ladder isn't responding, score probably updated but might not have (Request timeout).
|l| LT91BB Raizen
|j| MGZ mlo
