|raw|<div class="broadcast-blue"><strong>This battle is required to be public due to a player having a name prefixed by 'LT72MS'.</div>
|j|☆LT72MS life
|j|☆Ayante
|t:|1597889950
|player|p1|LT72MS life|ethan|1702
|player|p2|Ayante|koga|1622
|teamsize|p1|6
|teamsize|p2|6
|gametype|singles
|gen|8
|tier|[Gen 8] OU
|rated|
|clearpoke
|poke|p1|Toxtricity, M|
|poke|p1|Rillaboom, M|
|poke|p1|Volcarona, M|
|poke|p1|Primarina, M|
|poke|p1|Urshifu-*, M|
|poke|p1|Excadrill, M|
|poke|p2|Clefable, F|
|poke|p2|Ferrothorn, F|
|poke|p2|Togekiss, M|
|poke|p2|Urshifu-*, F|
|poke|p2|Dragapult, F|
|poke|p2|Rotom-Heat|
|rule|Sleep Clause Mod: Limit one foe put to sleep
|rule|Species Clause: Limit one of each Pokémon
|rule|OHKO Clause: OHKO moves are banned
|rule|Evasion Moves Clause: Evasion moves are banned
|rule|Endless Battle Clause: Forcing endless battles is banned
|rule|HP Percentage Mod: HP is shown in percentages
|rule|Dynamax Clause: You cannot dynamax
|teampreview
|inactive|Battle timer is ON: inactive players will automatically lose when time's up. (requested by LT72MS life)
|
|t:|1597889969
|start
|switch|p1a: Primarina|Primarina, M|100/100
|switch|p2a: Dragapult|Dragapult, F|100/100
|turn|1
|
|t:|1597889982
|move|p2a: Dragapult|U-turn|p1a: Primarina
|-resisted|p1a: Primarina
|-damage|p1a: Primarina|90/100
|
|t:|1597889994
|switch|p2a: Ferrothorn|Ferrothorn, F|100/100|[from]move: U-turn
|move|p1a: Primarina|Scald|p2a: Ferrothorn
|-resisted|p2a: Ferrothorn
|-damage|p2a: Ferrothorn|89/100
|-status|p2a: Ferrothorn|brn
|
|-heal|p1a: Primarina|96/100|[from] item: Leftovers
|-heal|p2a: Ferrothorn|95/100 brn|[from] item: Leftovers
|-damage|p2a: Ferrothorn|89/100 brn|[from] brn
|upkeep
|turn|2
|
|t:|1597890009
|move|p1a: Primarina|Substitute|p1a: Primarina
|-start|p1a: Primarina|Substitute
|-damage|p1a: Primarina|71/100
|move|p2a: Ferrothorn|Spikes|p1a: Primarina
|-sidestart|p1: LT72MS life|Spikes
|
|-heal|p1a: Primarina|77/100|[from] item: Leftovers
|-heal|p2a: Ferrothorn|95/100 brn|[from] item: Leftovers
|-damage|p2a: Ferrothorn|89/100 brn|[from] brn
|upkeep
|turn|3
|
|t:|1597890019
|switch|p2a: Togekiss|Togekiss, M|100/100
|move|p1a: Primarina|Calm Mind|p1a: Primarina
|-boost|p1a: Primarina|spa|1
|-boost|p1a: Primarina|spd|1
|
|-heal|p1a: Primarina|83/100|[from] item: Leftovers
|upkeep
|turn|4
|
|t:|1597890028
|move|p2a: Togekiss|Nasty Plot|p2a: Togekiss
|-boost|p2a: Togekiss|spa|2
|move|p1a: Primarina|Calm Mind|p1a: Primarina
|-boost|p1a: Primarina|spa|1
|-boost|p1a: Primarina|spd|1
|
|-heal|p1a: Primarina|89/100|[from] item: Leftovers
|upkeep
|turn|5
|
|t:|1597890038
|move|p2a: Togekiss|Air Slash|p1a: Primarina
|-end|p1a: Primarina|Substitute
|move|p1a: Primarina|Scald|p2a: Togekiss
|-damage|p2a: Togekiss|32/100
|
|-heal|p2a: Togekiss|38/100|[from] item: Leftovers
|-heal|p1a: Primarina|95/100|[from] item: Leftovers
|upkeep
|turn|6
|
|t:|1597890051
|move|p2a: Togekiss|Air Slash|p1a: Primarina
|-damage|p1a: Primarina|63/100
|cant|p1a: Primarina|flinch
|
|-heal|p2a: Togekiss|44/100|[from] item: Leftovers
|-heal|p1a: Primarina|69/100|[from] item: Leftovers
|upkeep
|turn|7
|
|t:|1597890059
|move|p2a: Togekiss|Air Slash|p1a: Primarina
|-damage|p1a: Primarina|40/100
|move|p1a: Primarina|Draining Kiss|p2a: Togekiss
|-damage|p2a: Togekiss|6/100
|-heal|p1a: Primarina|65/100|[from] drain|[of] p2a: Togekiss
|
|-heal|p2a: Togekiss|12/100|[from] item: Leftovers
|-heal|p1a: Primarina|71/100|[from] item: Leftovers
|upkeep
|turn|8
|
|t:|1597890069
|move|p2a: Togekiss|Air Slash|p1a: Primarina
|-damage|p1a: Primarina|41/100
|move|p1a: Primarina|Draining Kiss|p2a: Togekiss
|-damage|p2a: Togekiss|0 fnt
|-heal|p1a: Primarina|48/100|[from] drain|[of] p2a: Togekiss
|faint|p2a: Togekiss
|
|-heal|p1a: Primarina|54/100|[from] item: Leftovers
|upkeep
|
|t:|1597890080
|switch|p2a: Urshifu|Urshifu, F|100/100
|turn|9
|
|t:|1597890085
|move|p2a: Urshifu|Iron Head|p1a: Primarina
|-damage|p1a: Primarina|19/100
|-damage|p2a: Urshifu|91/100|[from] item: Life Orb
|cant|p1a: Primarina|flinch
|
|-heal|p1a: Primarina|25/100|[from] item: Leftovers
|upkeep
|turn|10
|
|t:|1597890094
|move|p2a: Urshifu|Wicked Blow|p1a: Primarina
|-resisted|p1a: Primarina
|-crit|p1a: Primarina
|-damage|p1a: Primarina|0 fnt
|-damage|p2a: Urshifu|81/100|[from] item: Life Orb
|faint|p1a: Primarina
|
|upkeep
|inactive|LT72MS life has 120 seconds left.
|
|t:|1597890127
|switch|p1a: Urshifu|Urshifu, M|100/100
|-damage|p1a: Urshifu|88/100|[from] Spikes
|turn|11
|
|t:|1597890133
|switch|p2a: Clefable|Clefable, F|100/100
|move|p1a: Urshifu|Poison Jab|p2a: Clefable
|-supereffective|p2a: Clefable
|-damage|p2a: Clefable|39/100
|-status|p2a: Clefable|psn
|-damage|p1a: Urshifu|78/100|[from] item: Life Orb
|
|-heal|p2a: Clefable|45/100 psn|[from] item: Leftovers
|upkeep
|turn|12
|
|t:|1597890147
|move|p1a: Urshifu|Poison Jab|p2a: Clefable
|-supereffective|p2a: Clefable
|-damage|p2a: Clefable|0 fnt
|-damage|p1a: Urshifu|68/100|[from] item: Life Orb
|faint|p2a: Clefable
|
|upkeep
|
|t:|1597890170
|switch|p2a: Urshifu|Urshifu, F|81/100
|turn|13
|
|t:|1597890194
|switch|p1a: Excadrill|Excadrill, M, shiny|100/100
|-damage|p1a: Excadrill|88/100|[from] Spikes
|-ability|p1a: Excadrill|Mold Breaker
|move|p2a: Urshifu|Bulk Up|p2a: Urshifu
|-boost|p2a: Urshifu|atk|1
|-boost|p2a: Urshifu|def|1
|
|-heal|p1a: Excadrill|94/100|[from] item: Leftovers
|upkeep
|turn|14
|
|t:|1597890207
|move|p2a: Urshifu|Sucker Punch|p1a: Excadrill
|-damage|p1a: Excadrill|0 fnt
|-damage|p2a: Urshifu|71/100|[from] item: Life Orb
|faint|p1a: Excadrill
|
|upkeep
|
|t:|1597890217
|switch|p1a: Urshifu|Urshifu, M|68/100
|-damage|p1a: Urshifu|56/100|[from] Spikes
|turn|15
|
|t:|1597890225
|move|p2a: Urshifu|Wicked Blow|p1a: Urshifu
|-resisted|p1a: Urshifu
|-crit|p1a: Urshifu
|-damage|p1a: Urshifu|24/100
|-damage|p2a: Urshifu|61/100|[from] item: Life Orb
|move|p1a: Urshifu|Poison Jab|p2a: Urshifu
|-damage|p2a: Urshifu|33/100
|-damage|p1a: Urshifu|14/100|[from] item: Life Orb
|
|upkeep
|turn|16
|
|t:|1597890237
|move|p1a: Urshifu|Bulk Up|p1a: Urshifu
|-boost|p1a: Urshifu|atk|1
|-boost|p1a: Urshifu|def|1
|move|p2a: Urshifu|Wicked Blow|p1a: Urshifu
|-resisted|p1a: Urshifu
|-crit|p1a: Urshifu
|-damage|p1a: Urshifu|0 fnt
|-damage|p2a: Urshifu|23/100|[from] item: Life Orb
|faint|p1a: Urshifu
|
|upkeep
|
|t:|1597890239
|switch|p1a: Rillaboom|Rillaboom, M|100/100
|-damage|p1a: Rillaboom|88/100|[from] Spikes
|-fieldstart|move: Grassy Terrain|[from] ability: Grassy Surge|[of] p1a: Rillaboom
|turn|17
|
|t:|1597890261
|move|p2a: Urshifu|Sucker Punch|p1a: Rillaboom
|-damage|p1a: Rillaboom|0 fnt
|-damage|p2a: Urshifu|13/100|[from] item: Life Orb
|faint|p1a: Rillaboom
|
|-heal|p2a: Urshifu|19/100|[from] Grassy Terrain
|upkeep
|
|t:|1597890264
|switch|p1a: Volcarona|Volcarona, M, shiny|100/100
|turn|18
|
|t:|1597890274
|move|p2a: Urshifu|Wicked Blow|p1a: Volcarona
|-crit|p1a: Volcarona
|-damage|p1a: Volcarona|0 fnt
|-status|p2a: Urshifu|brn|[from] ability: Flame Body|[of] p1a: Volcarona
|-damage|p2a: Urshifu|9/100 brn|[from] item: Life Orb
|faint|p1a: Volcarona
|
|-heal|p2a: Urshifu|15/100 brn|[from] Grassy Terrain
|-damage|p2a: Urshifu|9/100 brn|[from] brn
|upkeep
|-message|LT72MS life forfeited.
|
|win|Ayante
|l|☆LT72MS life
|raw|LT72MS life's rating: 1702 &rarr; <strong>1677</strong><br />(-25 for losing)
|raw|Ayante's rating: 1622 &rarr; <strong>1646</strong><br />(+24 for winning)
