|j|☆Lil Funyun
|j|☆vagmak
|t:|1619470931
|gametype|singles
|player|p1|Lil Funyun|cyrus|1465
|player|p2|vagmak|brawly|1438
|teamsize|p1|6
|teamsize|p2|6
|gen|8
|tier|[Gen 8] OU
|rated|
|clearpoke
|poke|p1|Nidoking, M|
|poke|p1|Clefable, F|
|poke|p1|Ferrothorn, F|
|poke|p1|Kyurem|
|poke|p1|Urshifu-*, M|
|poke|p1|Rotom-Heat|
|poke|p2|Azumarill, F|
|poke|p2|Garchomp, F|
|poke|p2|Melmetal|
|poke|p2|Latios, M|
|poke|p2|Blaziken, M|
|poke|p2|Bisharp, M|
|rule|Sleep Clause Mod: Limit one foe put to sleep
|rule|Species Clause: Limit one of each Pokémon
|rule|OHKO Clause: OHKO moves are banned
|rule|Evasion Moves Clause: Evasion moves are banned
|rule|Endless Battle Clause: Forcing endless battles is banned
|rule|HP Percentage Mod: HP is shown in percentages
|rule|Dynamax Clause: You cannot dynamax
|teampreview
|
|t:|1619470941
|start
|switch|p1a: Kyurem|Kyurem|100/100
|switch|p2a: Latios|Latios, M|100/100
|-ability|p1a: Kyurem|Pressure
|turn|1
|inactive|Battle timer is ON: inactive players will automatically lose when time's up. (requested by vagmak)
|j| Kyerndo
|
|t:|1619470950
|switch|p1a: Rotom|Rotom-Heat, shiny|100/100
|move|p2a: Latios|Draco Meteor|p1a: Rotom
|-damage|p1a: Rotom|6/100
|-unboost|p2a: Latios|spa|2
|
|upkeep
|turn|2
|
|t:|1619470957
|switch|p1a: Clefable|Clefable, F|100/100
|move|p2a: Latios|Draco Meteor|p1a: Clefable
|-immune|p1a: Clefable
|
|upkeep
|turn|3
|
|t:|1619470964
|switch|p2a: Melmetal|Melmetal|100/100
|move|p1a: Clefable|Moonblast|p2a: Melmetal
|-resisted|p2a: Melmetal
|-damage|p2a: Melmetal|90/100
|
|upkeep
|turn|4
|
|t:|1619470970
|switch|p1a: Ferrothorn|Ferrothorn, F|100/100
|switch|p2a: Blaziken|Blaziken, M, shiny|100/100
|
|upkeep
|turn|5
|
|t:|1619470996
|switch|p1a: Rotom|Rotom-Heat, shiny|6/100
|move|p2a: Blaziken|Swords Dance|p2a: Blaziken
|-boost|p2a: Blaziken|atk|2
|
|-ability|p2a: Blaziken|Speed Boost|boost
|-boost|p2a: Blaziken|spe|1
|upkeep
|turn|6
|
|t:|1619471003
|move|p2a: Blaziken|Flare Blitz|p1a: Rotom
|-resisted|p1a: Rotom
|-damage|p1a: Rotom|0 fnt
|-damage|p2a: Blaziken|99/100|[from] Recoil
|-damage|p2a: Blaziken|89/100|[from] item: Life Orb
|faint|p1a: Rotom
|
|-ability|p2a: Blaziken|Speed Boost|boost
|-boost|p2a: Blaziken|spe|1
|upkeep
|
|t:|1619471011
|switch|p1a: Nidoking|Nidoking, M, shiny|100/100
|turn|7
|
|t:|1619471027
|move|p2a: Blaziken|Earthquake|p1a: Nidoking
|-supereffective|p1a: Nidoking
|-crit|p1a: Nidoking
|-damage|p1a: Nidoking|0 fnt
|-damage|p2a: Blaziken|79/100|[from] item: Life Orb
|faint|p1a: Nidoking
|
|-ability|p2a: Blaziken|Speed Boost|boost
|-boost|p2a: Blaziken|spe|1
|upkeep
|-message|Lil Funyun forfeited.
|
|win|vagmak
|raw|Lil Funyun's rating: 1465 &rarr; <strong>1443</strong><br />(-22 for losing)
|raw|vagmak's rating: 1438 &rarr; <strong>1460</strong><br />(+22 for winning)
|l|☆Lil Funyun
|l|☆vagmak
||Ladder isn't responding, score probably updated but might not have (Request timeout).
