|j|☆Rorschach I
|j|☆Sadriver
|player|p1|Rorschach I|cynthia|1789
|player|p2|Sadriver|red|1751
|teamsize|p1|6
|teamsize|p2|6
|gametype|singles
|gen|8
|tier|[Gen 8] OU
|rated|
|clearpoke
|poke|p1|Salazzle, F|
|poke|p1|Clefable, F|
|poke|p1|Seismitoad, F|
|poke|p1|Corviknight, M|
|poke|p1|Dragapult, F|
|poke|p1|Conkeldurr, M|
|poke|p2|Hatterene, F|
|poke|p2|Zeraora|
|poke|p2|Pelipper, M|
|poke|p2|Aegislash, M|
|poke|p2|Conkeldurr, F|
|poke|p2|Hydreigon, M|
|rule|Sleep Clause Mod: Limit one foe put to sleep
|rule|Species Clause: Limit one of each Pokémon
|rule|OHKO Clause: OHKO moves are banned
|rule|Evasion Moves Clause: Evasion moves are banned
|rule|Endless Battle Clause: Forcing endless battles is banned
|rule|HP Percentage Mod: HP is shown in percentages
|rule|Dynamax Clause: You cannot dynamax
|teampreview
|inactive|Battle timer is ON: inactive players will automatically lose when time's up. (requested by Sadriver)
|j| bpewn
|l| bpewn
|inactive|Sadriver has 120 seconds left.
|
|start
|switch|p1a: Dragapult|Dragapult, F|100/100
|switch|p2a: Flappybird|Pelipper, M, shiny|100/100
|-weather|RainDance|[from] ability: Drizzle|[of] p2a: Flappybird
|turn|1
|
|switch|p2a: Hattrick|Hatterene, F|100/100
|move|p1a: Dragapult|U-turn|p2a: Hattrick
|-damage|p2a: Hattrick|88/100
|
|switch|p1a: Corviknight|Corviknight, M|100/100|[from]move: U-turn
|-ability|p1a: Corviknight|Pressure
|
|-weather|RainDance|[upkeep]
|upkeep
|turn|2
|
|move|p1a: Corviknight|U-turn|p2a: Hattrick
|-damage|p2a: Hattrick|76/100
|
|switch|p1a: Clefable|Clefable, F|100/100|[from]move: U-turn
|move|p2a: Hattrick|Nuzzle|p1a: Clefable
|-damage|p1a: Clefable|96/100
|-status|p1a: Clefable|par
|
|-weather|RainDance|[upkeep]
|-heal|p1a: Clefable|100/100 par|[from] item: Leftovers
|upkeep
|turn|3
|
|move|p2a: Hattrick|Future Sight|p1a: Clefable
|-start|p2a: Hattrick|move: Future Sight
|cant|p1a: Clefable|par
|
|-weather|RainDance|[upkeep]
|upkeep
|turn|4
|
|switch|p2a: Aegislash|Aegislash, M, shiny|100/100
|move|p1a: Clefable|Teleport|p1a: Clefable
|
|switch|p1a: Conkeldurr|Conkeldurr, M|100/100|[from]move: Teleport
|
|-weather|RainDance|[upkeep]
|-status|p1a: Conkeldurr|brn|[from] item: Flame Orb
|upkeep
|turn|5
|
|switch|p1a: Corviknight|Corviknight, M|100/100
|-ability|p1a: Corviknight|Pressure
|switch|p2a: Hydrago|Hydreigon, M, shiny|100/100
|
|-weather|none
|-end|p1a: Corviknight|move: Future Sight
|-resisted|p1a: Corviknight
|-damage|p1a: Corviknight|81/100
|-heal|p1a: Corviknight|87/100|[from] item: Leftovers
|upkeep
|turn|6
|
|switch|p2a: Conkeldurr|Conkeldurr, F|100/100
|move|p1a: Corviknight|U-turn|p2a: Conkeldurr
|-resisted|p2a: Conkeldurr
|-damage|p2a: Conkeldurr|94/100
|
|switch|p1a: Conkeldurr|Conkeldurr, M|100/100 brn|[from]move: U-turn
|
|-damage|p1a: Conkeldurr|95/100 brn|[from] brn
|-status|p2a: Conkeldurr|brn|[from] item: Flame Orb
|upkeep
|turn|7
|j| DragonManiac95
|
|move|p1a: Conkeldurr|Facade|p2a: Conkeldurr
|-damage|p2a: Conkeldurr|16/100 brn
|move|p2a: Conkeldurr|Drain Punch|p1a: Conkeldurr
|-damage|p1a: Conkeldurr|30/100 brn
|-heal|p2a: Conkeldurr|44/100 brn|[from] drain|[of] p1a: Conkeldurr
|
|-damage|p1a: Conkeldurr|24/100 brn|[from] brn
|-damage|p2a: Conkeldurr|38/100 brn|[from] brn
|upkeep
|turn|8
|
|switch|p1a: Dragapult|Dragapult, F|100/100
|move|p2a: Conkeldurr|Mach Punch|p1a: Dragapult
|-immune|p1a: Dragapult
|
|-damage|p2a: Conkeldurr|32/100 brn|[from] brn
|upkeep
|turn|9
|j| MADARAAAA
|
|switch|p2a: Hydrago|Hydreigon, M, shiny|100/100
|move|p1a: Dragapult|Hex|p2a: Hydrago
|-resisted|p2a: Hydrago
|-damage|p2a: Hydrago|83/100
|
|-heal|p2a: Hydrago|89/100|[from] item: Leftovers
|upkeep
|turn|10
|
|move|p1a: Dragapult|U-turn|p2a: Hydrago
|-supereffective|p2a: Hydrago
|-damage|p2a: Hydrago|52/100
|
|switch|p1a: Clefable|Clefable, F|100/100 par|[from]move: U-turn
|move|p2a: Hydrago|Flash Cannon|p1a: Clefable
|-supereffective|p1a: Clefable
|-damage|p1a: Clefable|63/100 par
|-unboost|p1a: Clefable|spd|1
|
|-heal|p2a: Hydrago|58/100|[from] item: Leftovers
|-heal|p1a: Clefable|69/100 par|[from] item: Leftovers
|upkeep
|turn|11
|
|switch|p1a: Corviknight|Corviknight, M|87/100
|-ability|p1a: Corviknight|Pressure
|move|p2a: Hydrago|Flash Cannon|p1a: Corviknight
|-resisted|p1a: Corviknight
|-crit|p1a: Corviknight
|-damage|p1a: Corviknight|74/100
|
|-heal|p2a: Hydrago|64/100|[from] item: Leftovers
|-heal|p1a: Corviknight|80/100|[from] item: Leftovers
|upkeep
|turn|12
|
|move|p2a: Hydrago|Dark Pulse|p1a: Corviknight
|-damage|p1a: Corviknight|52/100
|cant|p1a: Corviknight|flinch
|
|-heal|p2a: Hydrago|70/100|[from] item: Leftovers
|-heal|p1a: Corviknight|58/100|[from] item: Leftovers
|upkeep
|turn|13
|
|switch|p2a: Zoro|Zeraora|100/100
|move|p1a: Corviknight|Roost|p1a: Corviknight
|-heal|p1a: Corviknight|100/100
|-singleturn|p1a: Corviknight|move: Roost
|
|upkeep
|turn|14
|
|move|p2a: Zoro|Knock Off|p1a: Corviknight
|-damage|p1a: Corviknight|66/100
|-enditem|p1a: Corviknight|Leftovers|[from] move: Knock Off|[of] p2a: Zoro
|-damage|p2a: Zoro|91/100|[from] item: Life Orb
|move|p1a: Corviknight|U-turn|p2a: Zoro
|-damage|p2a: Zoro|70/100
|
|switch|p1a: Seismitoad|Seismitoad, F|100/100|[from]move: U-turn
|
|upkeep
|turn|15
|
|switch|p2a: Hattrick|Hatterene, F|76/100
|switch|p1a: Corviknight|Corviknight, M|66/100
|-ability|p1a: Corviknight|Pressure
|
|upkeep
|turn|16
|
|move|p1a: Corviknight|Iron Head|p2a: Hattrick
|-supereffective|p2a: Hattrick
|-damage|p2a: Hattrick|38/100
|move|p2a: Hattrick|Future Sight|p1a: Corviknight
|-start|p2a: Hattrick|move: Future Sight
|
|upkeep
|turn|17
|
|switch|p2a: Flappybird|Pelipper, M, shiny|100/100
|-weather|RainDance|[from] ability: Drizzle|[of] p2a: Flappybird
|move|p1a: Corviknight|U-turn|p2a: Flappybird
|-resisted|p2a: Flappybird
|-damage|p2a: Flappybird|92/100
|j| phys2000
|
|switch|p1a: Seismitoad|Seismitoad, F|100/100|[from]move: U-turn
|
|-weather|RainDance|[upkeep]
|upkeep
|turn|18
|
|switch|p1a: Corviknight|Corviknight, M|66/100
|-ability|p1a: Corviknight|Pressure
|move|p2a: Flappybird|Hurricane|p1a: Corviknight
|-resisted|p1a: Corviknight
|-crit|p1a: Corviknight
|-damage|p1a: Corviknight|30/100
|-start|p1a: Corviknight|confusion
|
|-weather|RainDance|[upkeep]
|-end|p1a: Corviknight|move: Future Sight
|-resisted|p1a: Corviknight
|-damage|p1a: Corviknight|12/100
|upkeep
|turn|19
|
|switch|p1a: Clefable|Clefable, F|69/100 par
|move|p2a: Flappybird|Hurricane|p1a: Clefable
|-damage|p1a: Clefable|14/100 par
|
|-weather|RainDance|[upkeep]
|-heal|p1a: Clefable|20/100 par|[from] item: Leftovers
|upkeep
|turn|20
|j| hell yeah! HYper
|
|move|p2a: Flappybird|Hurricane|p1a: Clefable
|-damage|p1a: Clefable|0 fnt
|faint|p1a: Clefable
|
|-weather|RainDance|[upkeep]
|upkeep
|
|switch|p1a: Dragapult|Dragapult, F|100/100
|turn|21
|j| cypherstest
|
|move|p1a: Dragapult|Draco Meteor|p2a: Flappybird
|-damage|p2a: Flappybird|0 fnt
|-unboost|p1a: Dragapult|spa|2
|faint|p2a: Flappybird
|
|-weather|none
|upkeep
|
|switch|p2a: Zoro|Zeraora|70/100
|turn|22
|l| hell yeah! HYper
|j| Caly's
|l| Caly's
|j| spacie meta
|l| spacie meta
|
|switch|p1a: Seismitoad|Seismitoad, F|100/100
|move|p2a: Zoro|Knock Off|p1a: Seismitoad
|-damage|p1a: Seismitoad|72/100
|-enditem|p1a: Seismitoad|Leftovers|[from] move: Knock Off|[of] p2a: Zoro
|-damage|p2a: Zoro|60/100|[from] item: Life Orb
|
|upkeep
|turn|23
|j| dfbervfrvd
|
|switch|p2a: Hattrick|Hatterene, F|38/100
|move|p1a: Seismitoad|Earth Power|p2a: Hattrick
|-damage|p2a: Hattrick|18/100
|-unboost|p2a: Hattrick|spd|1
|
|upkeep
|turn|24
|
|switch|p2a: Hydrago|Hydreigon, M, shiny|70/100
|move|p1a: Seismitoad|Scald|p2a: Hydrago
|-resisted|p2a: Hydrago
|-damage|p2a: Hydrago|57/100
|-status|p2a: Hydrago|brn
|
|-heal|p2a: Hydrago|64/100 brn|[from] item: Leftovers
|-damage|p2a: Hydrago|57/100 brn|[from] brn
|upkeep
|turn|25
|
|move|p2a: Hydrago|Dark Pulse|p1a: Seismitoad
|-damage|p1a: Seismitoad|31/100
|move|p1a: Seismitoad|Stealth Rock|p2a: Hydrago
|-sidestart|p2: Sadriver|move: Stealth Rock
|
|-heal|p2a: Hydrago|64/100 brn|[from] item: Leftovers
|-damage|p2a: Hydrago|57/100 brn|[from] brn
|upkeep
|turn|26
|
|switch|p1a: Corviknight|Corviknight, M|12/100
|-ability|p1a: Corviknight|Pressure
|move|p2a: Hydrago|Substitute|p2a: Hydrago
|-start|p2a: Hydrago|Substitute
|-damage|p2a: Hydrago|32/100 brn
|
|-heal|p2a: Hydrago|39/100 brn|[from] item: Leftovers
|-damage|p2a: Hydrago|32/100 brn|[from] brn
|upkeep
|turn|27
|j| bpewn
|
|move|p2a: Hydrago|Dark Pulse|p1a: Corviknight
|-damage|p1a: Corviknight|0 fnt
|faint|p1a: Corviknight
|
|-heal|p2a: Hydrago|39/100 brn|[from] item: Leftovers
|-damage|p2a: Hydrago|32/100 brn|[from] brn
|upkeep
|
|switch|p1a: Dragapult|Dragapult, F|100/100
|turn|28
|l| bpewn
|
|switch|p2a: Aegislash|Aegislash, M, shiny|100/100
|-damage|p2a: Aegislash|94/100|[from] Stealth Rock
|move|p1a: Dragapult|Hex|p2a: Aegislash
|-supereffective|p2a: Aegislash
|-damage|p2a: Aegislash|40/100
|
|upkeep
|turn|29
|
|-formechange|p2a: Aegislash|Aegislash-Blade||[from] ability: Stance Change
|move|p2a: Aegislash|Shadow Sneak|p1a: Dragapult
|-supereffective|p1a: Dragapult
|-damage|p1a: Dragapult|10/100
|move|p1a: Dragapult|Hex|p2a: Aegislash
|-supereffective|p2a: Aegislash
|-damage|p2a: Aegislash|0 fnt
|faint|p2a: Aegislash
|
|upkeep
|
|switch|p2a: Zoro|Zeraora|60/100
|-damage|p2a: Zoro|48/100|[from] Stealth Rock
|turn|30
|
|switch|p1a: Seismitoad|Seismitoad, F|31/100
|move|p2a: Zoro|Knock Off|p1a: Seismitoad
|-damage|p1a: Seismitoad|14/100
|-damage|p2a: Zoro|38/100|[from] item: Life Orb
|
|upkeep
|turn|31
|
|move|p2a: Zoro|Close Combat|p1a: Seismitoad
|-damage|p1a: Seismitoad|0 fnt
|-unboost|p2a: Zoro|def|1
|-unboost|p2a: Zoro|spd|1
|-damage|p2a: Zoro|29/100|[from] item: Life Orb
|faint|p1a: Seismitoad
|
|upkeep
|
|switch|p1a: Conkeldurr|Conkeldurr, M|24/100 brn
|turn|32
|
|switch|p2a: Hattrick|Hatterene, F|18/100
|-damage|p2a: Hattrick|6/100|[from] Stealth Rock
|move|p1a: Conkeldurr|Mach Punch|p2a: Hattrick
|-resisted|p2a: Hattrick
|-damage|p2a: Hattrick|0 fnt
|faint|p2a: Hattrick
|
|-damage|p1a: Conkeldurr|18/100 brn|[from] brn
|upkeep
|
|switch|p2a: Conkeldurr|Conkeldurr, F|32/100 brn
|-damage|p2a: Conkeldurr|26/100 brn|[from] Stealth Rock
|turn|33
|
|move|p1a: Conkeldurr|Mach Punch|p2a: Conkeldurr
|-damage|p2a: Conkeldurr|0 fnt
|faint|p2a: Conkeldurr
|
|-damage|p1a: Conkeldurr|12/100 brn|[from] brn
|upkeep
|
|switch|p2a: Hydrago|Hydreigon, M, shiny|32/100 brn
|-damage|p2a: Hydrago|20/100 brn|[from] Stealth Rock
|turn|34
|-message|Sadriver forfeited.
|
|win|Rorschach I
|l|☆Sadriver
|l| DragonManiac95
