|j|☆Keltr1ck
|j|☆Foolish Players
|t:|1597807357
|player|p1|Keltr1ck|2|1142
|player|p2|Foolish Players|blaine-gen2|1124
|teamsize|p1|6
|teamsize|p2|6
|gametype|singles
|gen|8
|tier|[Gen 8] OU
|rated|
|clearpoke
|poke|p1|Ferrothorn, M|
|poke|p1|Goodra, M|
|poke|p1|Hawlucha, M|
|poke|p1|Corviknight, F|
|poke|p1|Salazzle, F|
|poke|p1|Toxapex, F|
|poke|p2|Magnezone|
|poke|p2|Urshifu-*, M|
|poke|p2|Blissey, F|
|poke|p2|Toxapex, M|
|poke|p2|Togekiss, F|
|poke|p2|Rillaboom, M|
|rule|Sleep Clause Mod: Limit one foe put to sleep
|rule|Species Clause: Limit one of each Pokémon
|rule|OHKO Clause: OHKO moves are banned
|rule|Evasion Moves Clause: Evasion moves are banned
|rule|Endless Battle Clause: Forcing endless battles is banned
|rule|HP Percentage Mod: HP is shown in percentages
|rule|Dynamax Clause: You cannot dynamax
|teampreview
|
|t:|1597807377
|start
|switch|p1a: Salazzle|Salazzle, F|100/100
|switch|p2a: Urshifu|Urshifu, M|100/100
|turn|1
|inactive|Battle timer is ON: inactive players will automatically lose when time's up. (requested by Keltr1ck)
|
|t:|1597807385
|move|p1a: Salazzle|Substitute|p1a: Salazzle
|-start|p1a: Salazzle|Substitute
|-damage|p1a: Salazzle|76/100
|move|p2a: Urshifu|Wicked Blow|p1a: Salazzle
|-crit|p1a: Salazzle
|-end|p1a: Salazzle|Substitute
|
|-heal|p1a: Salazzle|82/100|[from] item: Leftovers
|upkeep
|turn|2
|
|t:|1597807394
|switch|p1a: Ferrothorn|Ferrothorn, M|100/100
|move|p2a: Urshifu|Wicked Blow|p1a: Ferrothorn
|-crit|p1a: Ferrothorn
|-damage|p1a: Ferrothorn|54/100
|-damage|p2a: Urshifu|88/100|[from] ability: Iron Barbs|[of] p1a: Ferrothorn
|-damage|p2a: Urshifu|72/100|[from] item: Rocky Helmet|[of] p1a: Ferrothorn
|
|upkeep
|turn|3
|
|t:|1597807404
|move|p2a: Urshifu|Close Combat|p1a: Ferrothorn
|-supereffective|p1a: Ferrothorn
|-damage|p1a: Ferrothorn|0 fnt
|-unboost|p2a: Urshifu|def|1
|-unboost|p2a: Urshifu|spd|1
|-damage|p2a: Urshifu|59/100|[from] ability: Iron Barbs|[of] p1a: Ferrothorn
|-damage|p2a: Urshifu|43/100|[from] item: Rocky Helmet|[of] p1a: Ferrothorn
|faint|p1a: Ferrothorn
|
|upkeep
|
|t:|1597807411
|switch|p1a: Corviknight|Corviknight, F, shiny|100/100
|turn|4
|
|t:|1597807416
|switch|p2a: Magnezone|Magnezone|100/100
|move|p1a: Corviknight|Brave Bird|p2a: Magnezone
|-resisted|p2a: Magnezone
|-damage|p2a: Magnezone|90/100
|-damage|p1a: Corviknight|98/100|[from] Recoil
|
|-heal|p1a: Corviknight|100/100|[from] item: Leftovers
|upkeep
|turn|5
|
|t:|1597807420
|move|p2a: Magnezone|Thunderbolt|p1a: Corviknight
|-supereffective|p1a: Corviknight
|-damage|p1a: Corviknight|0 fnt
|faint|p1a: Corviknight
|
|upkeep
|
|t:|1597807424
|switch|p1a: Salazzle|Salazzle, F|82/100
|turn|6
|
|t:|1597807428
|move|p1a: Salazzle|Substitute|p1a: Salazzle
|-start|p1a: Salazzle|Substitute
|-damage|p1a: Salazzle|57/100
|move|p2a: Magnezone|Thunderbolt|p1a: Salazzle
|-end|p1a: Salazzle|Substitute
|
|-heal|p1a: Salazzle|63/100|[from] item: Leftovers
|upkeep
|turn|7
|
|t:|1597807434
|switch|p2a: Blissey|Blissey, F|100/100
|move|p1a: Salazzle|Flamethrower|p2a: Blissey
|-damage|p2a: Blissey|88/100
|-status|p2a: Blissey|brn
|
|-heal|p1a: Salazzle|70/100|[from] item: Leftovers
|-damage|p2a: Blissey|82/100 brn|[from] brn
|upkeep
|turn|8
|
|t:|1597807440
|move|p1a: Salazzle|Substitute|p1a: Salazzle
|-start|p1a: Salazzle|Substitute
|-damage|p1a: Salazzle|45/100
|move|p2a: Blissey|Seismic Toss|p1a: Salazzle
|-end|p1a: Salazzle|Substitute
|
|-heal|p1a: Salazzle|51/100|[from] item: Leftovers
|-damage|p2a: Blissey|76/100 brn|[from] brn
|upkeep
|turn|9
|
|t:|1597807447
|switch|p1a: Hawlucha|Hawlucha, M|100/100
|move|p2a: Blissey|Teleport|p2a: Blissey
|
|t:|1597807452
|switch|p2a: Togekiss|Togekiss, F|100/100|[from]move: Teleport
|
|upkeep
|turn|10
|
|t:|1597807458
|move|p1a: Hawlucha|Poison Jab|p2a: Togekiss
|-supereffective|p2a: Togekiss
|-damage|p2a: Togekiss|63/100
|-status|p2a: Togekiss|psn
|move|p2a: Togekiss|Thunder Wave|p1a: Hawlucha|[miss]
|-miss|p2a: Togekiss|p1a: Hawlucha
|
|-damage|p2a: Togekiss|51/100 psn|[from] psn
|upkeep
|turn|11
|
|t:|1597807473
|switch|p1a: Toxapex|Toxapex, F|100/100
|move|p2a: Togekiss|Roost|p2a: Togekiss
|-heal|p2a: Togekiss|100/100 psn
|-singleturn|p2a: Togekiss|move: Roost
|
|-damage|p2a: Togekiss|88/100 psn|[from] psn
|upkeep
|turn|12
|
|t:|1597807481
|move|p2a: Togekiss|Thunder Wave|p1a: Toxapex
|-status|p1a: Toxapex|par
|move|p1a: Toxapex|Knock Off|p2a: Togekiss
|-resisted|p2a: Togekiss
|-damage|p2a: Togekiss|83/100 psn
|-enditem|p2a: Togekiss|Heavy-Duty Boots|[from] move: Knock Off|[of] p1a: Toxapex
|
|-damage|p2a: Togekiss|71/100 psn|[from] psn
|upkeep
|turn|13
|
|t:|1597807491
|move|p2a: Togekiss|Air Slash|p1a: Toxapex
|-damage|p1a: Toxapex|78/100 par
|cant|p1a: Toxapex|flinch
|
|-heal|p1a: Toxapex|84/100 par|[from] item: Black Sludge
|-damage|p2a: Togekiss|59/100 psn|[from] psn
|upkeep
|turn|14
|
|t:|1597807495
|move|p2a: Togekiss|Air Slash|p1a: Toxapex
|-damage|p1a: Toxapex|65/100 par
|cant|p1a: Toxapex|flinch
|
|-heal|p1a: Toxapex|71/100 par|[from] item: Black Sludge
|-damage|p2a: Togekiss|46/100 psn|[from] psn
|upkeep
|turn|15
|
|t:|1597807503
|switch|p2a: Urshifu|Urshifu, M|43/100
|cant|p1a: Toxapex|par
|
|-heal|p1a: Toxapex|77/100 par|[from] item: Black Sludge
|upkeep
|turn|16
|
|t:|1597807509
|move|p2a: Urshifu|Bulk Up|p2a: Urshifu
|-boost|p2a: Urshifu|atk|1
|-boost|p2a: Urshifu|def|1
|move|p1a: Toxapex|Knock Off|p2a: Urshifu
|-resisted|p2a: Urshifu
|-damage|p2a: Urshifu|40/100
|-enditem|p2a: Urshifu|Black Glasses|[from] move: Knock Off|[of] p1a: Toxapex
|
|-heal|p1a: Toxapex|84/100 par|[from] item: Black Sludge
|upkeep
|turn|17
|
|t:|1597807519
|move|p2a: Urshifu|Wicked Blow|p1a: Toxapex
|-crit|p1a: Toxapex
|-damage|p1a: Toxapex|14/100 par
|move|p1a: Toxapex|Toxic Spikes|p2a: Urshifu
|-sidestart|p2: Foolish Players|move: Toxic Spikes
|
|-heal|p1a: Toxapex|21/100 par|[from] item: Black Sludge
|upkeep
|turn|18
|
|t:|1597807528
|switch|p1a: Goodra|Goodra, M|100/100
|move|p2a: Urshifu|Wicked Blow|p1a: Goodra
|-crit|p1a: Goodra
|-damage|p1a: Goodra|0 fnt
|faint|p1a: Goodra
|
|upkeep
|
|t:|1597807533
|switch|p1a: Toxapex|Toxapex, F|54/100 par
|turn|19
|
|t:|1597807538
|move|p2a: Urshifu|Wicked Blow|p1a: Toxapex
|-crit|p1a: Toxapex
|-damage|p1a: Toxapex|0 fnt
|faint|p1a: Toxapex
|
|upkeep
|
|t:|1597807541
|switch|p1a: Hawlucha|Hawlucha, M|100/100
|turn|20
|
|t:|1597807544
|move|p1a: Hawlucha|Acrobatics|p2a: Urshifu
|-supereffective|p2a: Urshifu
|-damage|p2a: Urshifu|10/100
|move|p2a: Urshifu|Wicked Blow|p1a: Hawlucha
|-resisted|p1a: Hawlucha
|-crit|p1a: Hawlucha
|-damage|p1a: Hawlucha|34/100
|
|upkeep
|turn|21
|
|t:|1597807553
|move|p2a: Urshifu|Sucker Punch|p1a: Hawlucha
|-resisted|p1a: Hawlucha
|-damage|p1a: Hawlucha|0 fnt
|faint|p1a: Hawlucha
|
|upkeep
|-message|Keltr1ck forfeited.
|
|win|Foolish Players
|l|☆Keltr1ck
