|j|☆Vaporeon is OU
|j|☆Huskothy
|t:|1665019630
|gametype|singles
|player|p1|Vaporeon is OU|will|1594
|player|p2|Huskothy|lucas|1612
|teamsize|p1|6
|teamsize|p2|6
|gen|8
|tier|[Gen 8] OU
|rated|
|rule|Sleep Clause Mod: Limit one foe put to sleep
|rule|Species Clause: Limit one of each Pokémon
|rule|OHKO Clause: OHKO moves are banned
|rule|Evasion Items Clause: Evasion items are banned
|rule|Evasion Moves Clause: Evasion moves are banned
|rule|Endless Battle Clause: Forcing endless battles is banned
|rule|HP Percentage Mod: HP is shown in percentages
|rule|Dynamax Clause: You cannot dynamax
|clearpoke
|poke|p1|Runerigus, F|
|poke|p1|Slowbro, M|
|poke|p1|Melmetal|
|poke|p1|Vaporeon, M|
|poke|p1|Marowak-Alola, F|
|poke|p1|Dragonite, M|
|poke|p2|Flygon, M|
|poke|p2|Magnezone|
|poke|p2|Snorlax, F|
|poke|p2|Volcanion|
|poke|p2|Buzzwole|
|poke|p2|Excadrill, M|
|teampreview
|j| Spyer2k
|c| Spyer2k|vaporeon wins
|c| Spyer2k|husk loses
|
|t:|1665019658
|start
|switch|p1a: Runerigus|Runerigus, F, shiny|100/100
|switch|p2a: Buzzwole|Buzzwole|100/100
|turn|1
|
|t:|1665019662
|switch|p2a: Volcanion|Volcanion|100/100
|move|p1a: Runerigus|Stealth Rock|p2a: Volcanion
|-sidestart|p2: Huskothy|move: Stealth Rock
|
|upkeep
|turn|2
|
|t:|1665019671
|switch|p2a: Snorlax|Snorlax, F|100/100
|-damage|p2a: Snorlax|88/100|[from] Stealth Rock
|switch|p1a: Vaporeon|Vaporeon, M, shiny|100/100
|
|-heal|p2a: Snorlax|94/100|[from] item: Leftovers
|upkeep
|turn|3
|
|t:|1665019677
|move|p1a: Vaporeon|Flip Turn|p2a: Snorlax
|-damage|p2a: Snorlax|82/100
|
|t:|1665019687
|switch|p1a: Marowak|Marowak-Alola, F|100/100|[from]move: Flip Turn
|move|p2a: Snorlax|Curse|p2a: Snorlax
|-unboost|p2a: Snorlax|spe|1
|-boost|p2a: Snorlax|atk|1
|-boost|p2a: Snorlax|def|1
|
|-heal|p2a: Snorlax|88/100|[from] item: Leftovers
|upkeep
|turn|4
|
|t:|1665019705
|move|p1a: Marowak|Flare Blitz|p2a: Snorlax
|-damage|p2a: Snorlax|65/100
|move|p2a: Snorlax|Heat Crash|p1a: Marowak
|-resisted|p1a: Marowak
|-damage|p1a: Marowak|78/100
|
|-heal|p2a: Snorlax|71/100|[from] item: Leftovers
|upkeep
|turn|5
|
|t:|1665019733
|switch|p1a: Runerigus|Runerigus, F, shiny|100/100
|move|p2a: Snorlax|Curse|p2a: Snorlax
|-unboost|p2a: Snorlax|spe|1
|-boost|p2a: Snorlax|atk|1
|-boost|p2a: Snorlax|def|1
|
|-heal|p2a: Snorlax|77/100|[from] item: Leftovers
|upkeep
|turn|6
|
|t:|1665019750
|move|p1a: Runerigus|Earthquake|p2a: Snorlax
|-damage|p2a: Snorlax|64/100
|move|p2a: Snorlax|Curse|p2a: Snorlax
|-unboost|p2a: Snorlax|spe|1
|-boost|p2a: Snorlax|atk|1
|-boost|p2a: Snorlax|def|1
|
|-heal|p2a: Snorlax|70/100|[from] item: Leftovers
|upkeep
|turn|7
|
|t:|1665019781
|switch|p1a: Slowbro|Slowbro, M|100/100
|move|p2a: Snorlax|Curse|p2a: Snorlax
|-unboost|p2a: Snorlax|spe|1
|-boost|p2a: Snorlax|atk|1
|-boost|p2a: Snorlax|def|1
|
|-heal|p2a: Snorlax|76/100|[from] item: Leftovers
|upkeep
|turn|8
|
|t:|1665019783
|move|p1a: Slowbro|Scald|p2a: Snorlax
|-damage|p2a: Snorlax|63/100
|-status|p2a: Snorlax|brn
|move|p2a: Snorlax|Body Slam|p1a: Slowbro
|-damage|p1a: Slowbro|71/100
|-status|p1a: Slowbro|par
|-damage|p2a: Snorlax|47/100 brn|[from] item: Rocky Helmet|[of] p1a: Slowbro
|
|-heal|p2a: Snorlax|53/100 brn|[from] item: Leftovers
|-damage|p2a: Snorlax|47/100 brn|[from] brn
|upkeep
|turn|9
|
|t:|1665019788
|move|p2a: Snorlax|Rest|p2a: Snorlax
|-status|p2a: Snorlax|slp|[from] move: Rest
|-heal|p2a: Snorlax|100/100 slp|[silent]
|move|p1a: Slowbro|Teleport|p1a: Slowbro
|
|t:|1665019794
|switch|p1a: Melmetal|Melmetal, shiny|100/100|[from]move: Teleport
|
|upkeep
|turn|10
|c| Spyer2k|YOU LOSE HUSK
|c| Spyer2k|stop stalling
|
|t:|1665019816
|move|p1a: Melmetal|Double Iron Bash|p2a: Snorlax
|-damage|p2a: Snorlax|89/100 slp
|-damage|p2a: Snorlax|78/100 slp
|-hitcount|p2a: Snorlax|2
|cant|p2a: Snorlax|slp
|
|-heal|p2a: Snorlax|84/100 slp|[from] item: Leftovers
|upkeep
|turn|11
|
|t:|1665019822
|move|p1a: Melmetal|Double Iron Bash|p2a: Snorlax
|-damage|p2a: Snorlax|73/100 slp
|-damage|p2a: Snorlax|61/100 slp
|-hitcount|p2a: Snorlax|2
|cant|p2a: Snorlax|slp
|
|-heal|p2a: Snorlax|67/100 slp|[from] item: Leftovers
|upkeep
|turn|12
|
|t:|1665019828
|move|p1a: Melmetal|Double Iron Bash|p2a: Snorlax
|-damage|p2a: Snorlax|55/100 slp
|-damage|p2a: Snorlax|44/100 slp
|-hitcount|p2a: Snorlax|2
|-curestatus|p2a: Snorlax|slp|[msg]
|cant|p2a: Snorlax|flinch
|
|-heal|p2a: Snorlax|50/100|[from] item: Leftovers
|upkeep
|turn|13
|
|t:|1665019836
|move|p1a: Melmetal|Double Iron Bash|p2a: Snorlax
|-damage|p2a: Snorlax|39/100
|-damage|p2a: Snorlax|29/100
|-hitcount|p2a: Snorlax|2
|move|p2a: Snorlax|Rest|p2a: Snorlax
|-status|p2a: Snorlax|slp|[from] move: Rest
|-heal|p2a: Snorlax|100/100 slp|[silent]
|
|upkeep
|turn|14
|
|t:|1665019842
|move|p1a: Melmetal|Double Iron Bash|p2a: Snorlax
|-damage|p2a: Snorlax|89/100 slp
|-damage|p2a: Snorlax|78/100 slp
|-hitcount|p2a: Snorlax|2
|cant|p2a: Snorlax|slp
|
|-heal|p2a: Snorlax|84/100 slp|[from] item: Leftovers
|upkeep
|turn|15
|
|t:|1665019851
|move|p1a: Melmetal|Double Iron Bash|p2a: Snorlax
|-damage|p2a: Snorlax|72/100 slp
|-damage|p2a: Snorlax|60/100 slp
|-hitcount|p2a: Snorlax|2
|cant|p2a: Snorlax|slp
|
|-heal|p2a: Snorlax|66/100 slp|[from] item: Leftovers
|upkeep
|turn|16
|
|t:|1665019855
|move|p1a: Melmetal|Double Iron Bash|p2a: Snorlax
|-damage|p2a: Snorlax|55/100 slp
|-damage|p2a: Snorlax|43/100 slp
|-hitcount|p2a: Snorlax|2
|-curestatus|p2a: Snorlax|slp|[msg]
|move|p2a: Snorlax|Curse|p2a: Snorlax
|-unboost|p2a: Snorlax|spe|1
|-boost|p2a: Snorlax|atk|1
|-boost|p2a: Snorlax|def|1
|
|-heal|p2a: Snorlax|49/100|[from] item: Leftovers
|upkeep
|turn|17
|
|t:|1665019862
|move|p1a: Melmetal|Double Iron Bash|p2a: Snorlax
|-damage|p2a: Snorlax|39/100
|-damage|p2a: Snorlax|30/100
|-hitcount|p2a: Snorlax|2
|cant|p2a: Snorlax|flinch
|
|-heal|p2a: Snorlax|36/100|[from] item: Leftovers
|upkeep
|turn|18
|
|t:|1665019869
|move|p1a: Melmetal|Superpower|p2a: Snorlax
|-supereffective|p2a: Snorlax
|-damage|p2a: Snorlax|14/100
|-unboost|p1a: Melmetal|atk|1
|-unboost|p1a: Melmetal|def|1
|move|p2a: Snorlax|Rest|p2a: Snorlax
|-status|p2a: Snorlax|slp|[from] move: Rest
|-heal|p2a: Snorlax|100/100 slp|[silent]
|
|upkeep
|turn|19
|
|t:|1665019911
|move|p1a: Melmetal|Superpower|p2a: Snorlax
|-supereffective|p2a: Snorlax
|-damage|p2a: Snorlax|87/100 slp
|-unboost|p1a: Melmetal|atk|1
|-unboost|p1a: Melmetal|def|1
|cant|p2a: Snorlax|slp
|
|-heal|p2a: Snorlax|93/100 slp|[from] item: Leftovers
|upkeep
|turn|20
|
|t:|1665019916
|move|p1a: Melmetal|Superpower|p2a: Snorlax
|-supereffective|p2a: Snorlax
|-damage|p2a: Snorlax|82/100 slp
|-unboost|p1a: Melmetal|atk|1
|-unboost|p1a: Melmetal|def|1
|cant|p2a: Snorlax|slp
|
|-heal|p2a: Snorlax|88/100 slp|[from] item: Leftovers
|upkeep
|turn|21
|
|t:|1665019932
|switch|p1a: Marowak|Marowak-Alola, F|78/100
|-curestatus|p2a: Snorlax|slp|[msg]
|move|p2a: Snorlax|Curse|p2a: Snorlax
|-unboost|p2a: Snorlax|spe|1
|-boost|p2a: Snorlax|atk|1
|-boost|p2a: Snorlax|def|1
|
|-heal|p2a: Snorlax|94/100|[from] item: Leftovers
|upkeep
|turn|22
|
|t:|1665019938
|switch|p1a: Runerigus|Runerigus, F, shiny|100/100
|move|p2a: Snorlax|Heat Crash|p1a: Runerigus
|-damage|p1a: Runerigus|16/100
|-activate|p1a: Runerigus|ability: Wandering Spirit|Thick Fat|Wandering Spirit|[of] p2a: Snorlax
|
|-heal|p1a: Runerigus|22/100|[from] item: Leftovers
|-heal|p2a: Snorlax|99/100|[from] item: Leftovers
|upkeep
|turn|23
|
|t:|1665019951
|switch|p1a: Slowbro|Slowbro, M|100/100 par
|move|p2a: Snorlax|Heat Crash|p1a: Slowbro
|-resisted|p1a: Slowbro
|-damage|p1a: Slowbro|64/100 par
|-damage|p2a: Snorlax|84/100|[from] item: Rocky Helmet|[of] p1a: Slowbro
|
|-heal|p2a: Snorlax|90/100|[from] item: Leftovers
|upkeep
|turn|24
|
|t:|1665019959
|switch|p1a: Runerigus|Runerigus, F, shiny|22/100
|move|p2a: Snorlax|Body Slam|p1a: Runerigus
|-immune|p1a: Runerigus
|
|-heal|p1a: Runerigus|28/100|[from] item: Leftovers
|-heal|p2a: Snorlax|96/100|[from] item: Leftovers
|upkeep
|turn|25
|
|t:|1665019964
|switch|p1a: Slowbro|Slowbro, M|97/100 par
|move|p2a: Snorlax|Heat Crash|p1a: Slowbro
|-resisted|p1a: Slowbro
|-damage|p1a: Slowbro|61/100 par
|-damage|p2a: Snorlax|79/100|[from] item: Rocky Helmet|[of] p1a: Slowbro
|
|-heal|p2a: Snorlax|85/100|[from] item: Leftovers
|upkeep
|turn|26
|
|t:|1665019969
|switch|p1a: Dragonite|Dragonite, M|100/100
|move|p2a: Snorlax|Heat Crash|p1a: Dragonite
|-resisted|p1a: Dragonite
|-damage|p1a: Dragonite|91/100
|
|-heal|p2a: Snorlax|91/100|[from] item: Leftovers
|upkeep
|turn|27
|
|t:|1665019975
|move|p1a: Dragonite|Roost|p1a: Dragonite
|-heal|p1a: Dragonite|100/100
|-singleturn|p1a: Dragonite|move: Roost
|move|p2a: Snorlax|Heat Crash|p1a: Dragonite
|-resisted|p1a: Dragonite
|-damage|p1a: Dragonite|91/100
|
|-heal|p2a: Snorlax|97/100|[from] item: Leftovers
|upkeep
|turn|28
|
|t:|1665019980
|move|p1a: Dragonite|Roost|p1a: Dragonite
|-heal|p1a: Dragonite|100/100
|-singleturn|p1a: Dragonite|move: Roost
|move|p2a: Snorlax|Heat Crash|p1a: Dragonite
|-resisted|p1a: Dragonite
|-damage|p1a: Dragonite|90/100
|
|-heal|p2a: Snorlax|100/100|[from] item: Leftovers
|upkeep
|turn|29
|
|t:|1665019986
|move|p1a: Dragonite|Roost|p1a: Dragonite
|-heal|p1a: Dragonite|100/100
|-singleturn|p1a: Dragonite|move: Roost
|move|p2a: Snorlax|Body Slam|p1a: Dragonite
|-damage|p1a: Dragonite|59/100
|
|upkeep
|turn|30
|
|t:|1665019992
|move|p1a: Dragonite|Roost|p1a: Dragonite
|-heal|p1a: Dragonite|100/100
|-singleturn|p1a: Dragonite|move: Roost
|move|p2a: Snorlax|Body Slam|p1a: Dragonite
|-damage|p1a: Dragonite|55/100
|
|upkeep
|turn|31
|
|t:|1665019998
|move|p1a: Dragonite|Roost|p1a: Dragonite
|-heal|p1a: Dragonite|100/100
|-singleturn|p1a: Dragonite|move: Roost
|move|p2a: Snorlax|Body Slam|p1a: Dragonite
|-damage|p1a: Dragonite|57/100
|
|upkeep
|turn|32
|
|t:|1665020004
|move|p1a: Dragonite|Roost|p1a: Dragonite
|-heal|p1a: Dragonite|100/100
|-singleturn|p1a: Dragonite|move: Roost
|move|p2a: Snorlax|Body Slam|p1a: Dragonite
|-damage|p1a: Dragonite|55/100
|
|upkeep
|turn|33
|
|t:|1665020010
|move|p1a: Dragonite|Roost|p1a: Dragonite
|-heal|p1a: Dragonite|100/100
|-singleturn|p1a: Dragonite|move: Roost
|move|p2a: Snorlax|Body Slam|p1a: Dragonite
|-damage|p1a: Dragonite|59/100
|
|upkeep
|turn|34
|
|t:|1665020016
|move|p1a: Dragonite|Roost|p1a: Dragonite
|-heal|p1a: Dragonite|100/100
|-singleturn|p1a: Dragonite|move: Roost
|move|p2a: Snorlax|Body Slam|p1a: Dragonite
|-damage|p1a: Dragonite|54/100
|-status|p1a: Dragonite|par
|
|upkeep
|turn|35
|
|t:|1665020024
|switch|p1a: Runerigus|Runerigus, F, shiny|28/100
|move|p2a: Snorlax|Body Slam|p1a: Runerigus
|-immune|p1a: Runerigus
|
|-heal|p1a: Runerigus|34/100|[from] item: Leftovers
|upkeep
|turn|36
|
|t:|1665020032
|switch|p1a: Slowbro|Slowbro, M|94/100 par
|move|p2a: Snorlax|Heat Crash|p1a: Slowbro
|-resisted|p1a: Slowbro
|-damage|p1a: Slowbro|59/100 par
|-damage|p2a: Snorlax|84/100|[from] item: Rocky Helmet|[of] p1a: Slowbro
|
|-heal|p2a: Snorlax|90/100|[from] item: Leftovers
|upkeep
|turn|37
|
|t:|1665020037
|switch|p1a: Runerigus|Runerigus, F, shiny|34/100
|move|p2a: Snorlax|Body Slam|p1a: Runerigus
|-immune|p1a: Runerigus
|
|-heal|p1a: Runerigus|40/100|[from] item: Leftovers
|-heal|p2a: Snorlax|96/100|[from] item: Leftovers
|upkeep
|turn|38
|
|t:|1665020043
|move|p1a: Runerigus|Earthquake|p2a: Snorlax
|-damage|p2a: Snorlax|90/100
|move|p2a: Snorlax|Body Slam|p1a: Runerigus
|-immune|p1a: Runerigus
|
|-heal|p1a: Runerigus|46/100|[from] item: Leftovers
|-heal|p2a: Snorlax|96/100|[from] item: Leftovers
|upkeep
|turn|39
|
|t:|1665020048
|switch|p1a: Slowbro|Slowbro, M|92/100 par
|move|p2a: Snorlax|Body Slam|p1a: Slowbro
|-damage|p1a: Slowbro|17/100 par
|-damage|p2a: Snorlax|80/100|[from] item: Rocky Helmet|[of] p1a: Slowbro
|
|-heal|p2a: Snorlax|86/100|[from] item: Leftovers
|upkeep
|turn|40
|
|t:|1665020053
|switch|p1a: Runerigus|Runerigus, F, shiny|46/100
|move|p2a: Snorlax|Heat Crash|p1a: Runerigus
|-damage|p1a: Runerigus|0 fnt
|-activate|p1a: Runerigus|ability: Wandering Spirit|Wandering Spirit|Wandering Spirit|[of] p2a: Snorlax
|faint|p1a: Runerigus
|
|-heal|p2a: Snorlax|92/100|[from] item: Leftovers
|upkeep
|
|t:|1665020089
|switch|p1a: Vaporeon|Vaporeon, M, shiny|100/100
|turn|41
|
|t:|1665020092
|move|p1a: Vaporeon|Protect|p1a: Vaporeon
|-singleturn|p1a: Vaporeon|Protect
|move|p2a: Snorlax|Heat Crash|p1a: Vaporeon
|-activate|p1a: Vaporeon|move: Protect
|
|-heal|p2a: Snorlax|98/100|[from] item: Leftovers
|upkeep
|turn|42
|
|t:|1665020098
|move|p1a: Vaporeon|Heal Bell|p1a: Vaporeon
|-activate|p1a: Vaporeon|move: Heal Bell
|-curestatus|p1: Dragonite|par|[msg]
|-curestatus|p1: Slowbro|par|[msg]
|move|p2a: Snorlax|Heat Crash|p1a: Vaporeon
|-resisted|p1a: Vaporeon
|-damage|p1a: Vaporeon|37/100
|
|-heal|p1a: Vaporeon|43/100|[from] item: Leftovers
|-heal|p2a: Snorlax|100/100|[from] item: Leftovers
|upkeep
|turn|43
|
|t:|1665020104
|move|p1a: Vaporeon|Protect|p1a: Vaporeon
|-singleturn|p1a: Vaporeon|Protect
|move|p2a: Snorlax|Curse|p2a: Snorlax
|
|-heal|p1a: Vaporeon|50/100|[from] item: Leftovers
|upkeep
|turn|44
|
|t:|1665020113
|move|p1a: Vaporeon|Wish|p1a: Vaporeon
|move|p2a: Snorlax|Body Slam|p1a: Vaporeon
|-damage|p1a: Vaporeon|0 fnt
|faint|p1a: Vaporeon
|
|upkeep
|
|t:|1665020118
|switch|p1a: Slowbro|Slowbro, M|50/100
|turn|45
|
|t:|1665020121
|switch|p1a: Dragonite|Dragonite, M|54/100
|move|p2a: Snorlax|Curse|p2a: Snorlax
|
|-heal|p1a: Dragonite|100/100|[from] move: Wish|[wisher] Vaporeon
|upkeep
|turn|46
|
|t:|1665020130
|move|p1a: Dragonite|Toxic|p2a: Snorlax
|-status|p2a: Snorlax|tox
|move|p2a: Snorlax|Body Slam|p1a: Dragonite
|-damage|p1a: Dragonite|58/100
|
|-damage|p2a: Snorlax|94/100 tox|[from] psn
|upkeep
|turn|47
|
|t:|1665020135
|move|p1a: Dragonite|Roost|p1a: Dragonite
|-heal|p1a: Dragonite|100/100
|-singleturn|p1a: Dragonite|move: Roost
|move|p2a: Snorlax|Body Slam|p1a: Dragonite
|-damage|p1a: Dragonite|55/100
|
|-heal|p2a: Snorlax|100/100 tox|[from] item: Leftovers
|-damage|p2a: Snorlax|88/100 tox|[from] psn
|upkeep
|turn|48
|c| Spyer2k|you lose husk
|c| Spyer2k|stop stalling
|
|t:|1665020140
|move|p1a: Dragonite|Roost|p1a: Dragonite
|-heal|p1a: Dragonite|100/100
|-singleturn|p1a: Dragonite|move: Roost
|move|p2a: Snorlax|Body Slam|p1a: Dragonite
|-damage|p1a: Dragonite|55/100
|-status|p1a: Dragonite|par
|
|-heal|p2a: Snorlax|94/100 tox|[from] item: Leftovers
|-damage|p2a: Snorlax|76/100 tox|[from] psn
|upkeep
|turn|49
|
|t:|1665020148
|move|p1a: Dragonite|Roost|p1a: Dragonite
|-heal|p1a: Dragonite|100/100 par
|-singleturn|p1a: Dragonite|move: Roost
|move|p2a: Snorlax|Rest|p2a: Snorlax
|-status|p2a: Snorlax|slp|[from] move: Rest
|-heal|p2a: Snorlax|100/100 slp|[silent]
|
|upkeep
|turn|50
|
|t:|1665020162
|switch|p1a: Slowbro|Slowbro, M|83/100
|cant|p2a: Snorlax|slp
|
|upkeep
|turn|51
|
|t:|1665020170
|move|p1a: Slowbro|Slack Off|p1a: Slowbro
|-heal|p1a: Slowbro|100/100
|cant|p2a: Snorlax|slp
|
|upkeep
|turn|52
|
|t:|1665020174
|move|p1a: Slowbro|Scald|p2a: Snorlax
|-damage|p2a: Snorlax|86/100 slp
|-curestatus|p2a: Snorlax|slp|[msg]
|move|p2a: Snorlax|Heat Crash|p1a: Slowbro
|-resisted|p1a: Slowbro
|-damage|p1a: Slowbro|68/100
|-damage|p2a: Snorlax|69/100|[from] item: Rocky Helmet|[of] p1a: Slowbro
|
|-heal|p2a: Snorlax|76/100|[from] item: Leftovers
|upkeep
|turn|53
|
|t:|1665020182
|move|p1a: Slowbro|Slack Off|p1a: Slowbro
|-heal|p1a: Slowbro|100/100
|move|p2a: Snorlax|Body Slam|p1a: Slowbro
|-damage|p1a: Slowbro|25/100
|-damage|p2a: Snorlax|59/100|[from] item: Rocky Helmet|[of] p1a: Slowbro
|
|-heal|p2a: Snorlax|65/100|[from] item: Leftovers
|upkeep
|turn|54
|
|t:|1665020195
|switch|p1a: Marowak|Marowak-Alola, F|78/100
|move|p2a: Snorlax|Heat Crash|p1a: Marowak
|-resisted|p1a: Marowak
|-crit|p1a: Marowak
|-damage|p1a: Marowak|0 fnt
|faint|p1a: Marowak
|
|-heal|p2a: Snorlax|71/100|[from] item: Leftovers
|upkeep
|
|t:|1665020202
|switch|p1a: Dragonite|Dragonite, M|100/100 par
|turn|55
|
|t:|1665020205
|cant|p1a: Dragonite|par
|move|p2a: Snorlax|Heat Crash|p1a: Dragonite
|-resisted|p1a: Dragonite
|-damage|p1a: Dragonite|90/100 par
|
|-heal|p2a: Snorlax|77/100|[from] item: Leftovers
|upkeep
|turn|56
|
|t:|1665020207
|move|p1a: Dragonite|Roost|p1a: Dragonite
|-heal|p1a: Dragonite|100/100 par
|-singleturn|p1a: Dragonite|move: Roost
|move|p2a: Snorlax|Body Slam|p1a: Dragonite
|-damage|p1a: Dragonite|58/100 par
|
|-heal|p2a: Snorlax|83/100|[from] item: Leftovers
|upkeep
|turn|57
|
|t:|1665020213
|move|p1a: Dragonite|Roost|p1a: Dragonite
|-heal|p1a: Dragonite|100/100 par
|-singleturn|p1a: Dragonite|move: Roost
|move|p2a: Snorlax|Body Slam|p1a: Dragonite
|-damage|p1a: Dragonite|57/100 par
|
|-heal|p2a: Snorlax|89/100|[from] item: Leftovers
|upkeep
|turn|58
|
|t:|1665020220
|cant|p1a: Dragonite|par
|move|p2a: Snorlax|Body Slam|p1a: Dragonite
|-damage|p1a: Dragonite|0 fnt
|faint|p1a: Dragonite
|
|-heal|p2a: Snorlax|96/100|[from] item: Leftovers
|upkeep
|
|t:|1665020227
|switch|p1a: Slowbro|Slowbro, M|58/100
|turn|59
|
|t:|1665020230
|move|p1a: Slowbro|Scald|p2a: Snorlax
|-damage|p2a: Snorlax|82/100
|-status|p2a: Snorlax|brn
|move|p2a: Snorlax|Body Slam|p1a: Slowbro
|-damage|p1a: Slowbro|23/100
|-status|p1a: Slowbro|par
|-damage|p2a: Snorlax|65/100 brn|[from] item: Rocky Helmet|[of] p1a: Slowbro
|
|-heal|p2a: Snorlax|71/100 brn|[from] item: Leftovers
|-damage|p2a: Snorlax|65/100 brn|[from] brn
|upkeep
|turn|60
|l| Spyer2k
|
|t:|1665020237
|cant|p1a: Slowbro|par
|move|p2a: Snorlax|Rest|p2a: Snorlax
|-status|p2a: Snorlax|slp|[from] move: Rest
|-heal|p2a: Snorlax|100/100 slp|[silent]
|
|upkeep
|turn|61
|
|t:|1665020240
|move|p1a: Slowbro|Slack Off|p1a: Slowbro
|-heal|p1a: Slowbro|73/100 par
|cant|p2a: Snorlax|slp
|
|upkeep
|turn|62
|
|t:|1665020250
|cant|p1a: Slowbro|par
|cant|p2a: Snorlax|slp
|
|upkeep
|turn|63
|
|t:|1665020256
|cant|p1a: Slowbro|par
|-curestatus|p2a: Snorlax|slp|[msg]
|move|p2a: Snorlax|Body Slam|p1a: Slowbro
|-damage|p1a: Slowbro|2/100 par
|-damage|p2a: Snorlax|84/100|[from] item: Rocky Helmet|[of] p1a: Slowbro
|
|-heal|p2a: Snorlax|90/100|[from] item: Leftovers
|upkeep
|turn|64
|
|t:|1665020261
|move|p1a: Slowbro|Scald|p2a: Snorlax
|-crit|p2a: Snorlax
|-damage|p2a: Snorlax|71/100
|-status|p2a: Snorlax|brn
|move|p2a: Snorlax|Body Slam|p1a: Slowbro
|-damage|p1a: Slowbro|0 fnt
|-damage|p2a: Snorlax|54/100 brn|[from] item: Rocky Helmet|[of] p1a: Slowbro
|faint|p1a: Slowbro
|
|-heal|p2a: Snorlax|60/100 brn|[from] item: Leftovers
|-damage|p2a: Snorlax|54/100 brn|[from] brn
|upkeep
|
|t:|1665020268
|switch|p1a: Melmetal|Melmetal, shiny|100/100
|turn|65
|
|t:|1665020271
|move|p1a: Melmetal|Superpower|p2a: Snorlax
|-supereffective|p2a: Snorlax
|-damage|p2a: Snorlax|35/100 brn
|-unboost|p1a: Melmetal|atk|1
|-unboost|p1a: Melmetal|def|1
|move|p2a: Snorlax|Rest|p2a: Snorlax
|-status|p2a: Snorlax|slp|[from] move: Rest
|-heal|p2a: Snorlax|100/100 slp|[silent]
|
|upkeep
|turn|66
|
|t:|1665020275
|move|p1a: Melmetal|Superpower|p2a: Snorlax
|-supereffective|p2a: Snorlax
|-damage|p2a: Snorlax|87/100 slp
|-unboost|p1a: Melmetal|atk|1
|-unboost|p1a: Melmetal|def|1
|cant|p2a: Snorlax|slp
|
|-heal|p2a: Snorlax|93/100 slp|[from] item: Leftovers
|upkeep
|turn|67
|
|t:|1665020278
|move|p1a: Melmetal|Superpower|p2a: Snorlax
|-supereffective|p2a: Snorlax
|-damage|p2a: Snorlax|82/100 slp
|-unboost|p1a: Melmetal|atk|1
|-unboost|p1a: Melmetal|def|1
|cant|p2a: Snorlax|slp
|
|-heal|p2a: Snorlax|88/100 slp|[from] item: Leftovers
|upkeep
|turn|68
|
|t:|1665020281
|move|p1a: Melmetal|Superpower|p2a: Snorlax
|-supereffective|p2a: Snorlax
|-damage|p2a: Snorlax|81/100 slp
|-unboost|p1a: Melmetal|atk|1
|-unboost|p1a: Melmetal|def|1
|-curestatus|p2a: Snorlax|slp|[msg]
|move|p2a: Snorlax|Heat Crash|p1a: Melmetal
|-supereffective|p1a: Melmetal
|-damage|p1a: Melmetal|0 fnt
|faint|p1a: Melmetal
|
|win|Huskothy
|raw|Vaporeon is OU's rating: 1594 &rarr; <strong>1574</strong><br />(-20 for losing)
|raw|Huskothy's rating: 1589 &rarr; <strong>1609</strong><br />(+20 for winning)
