|j|☆LT92PF Pais
|j|☆Adel19
|t:|1660248479
|gametype|singles
|player|p1|LT92PF Pais|#wcop2022italy|1807
|player|p2|Adel19|bugsy|1786
|teamsize|p1|6
|teamsize|p2|6
|gen|8
|tier|[Gen 8] OU
|rated|
|rule|Sleep Clause Mod: Limit one foe put to sleep
|rule|Species Clause: Limit one of each Pokémon
|rule|OHKO Clause: OHKO moves are banned
|rule|Evasion Items Clause: Evasion items are banned
|rule|Evasion Moves Clause: Evasion moves are banned
|rule|Endless Battle Clause: Forcing endless battles is banned
|rule|HP Percentage Mod: HP is shown in percentages
|rule|Dynamax Clause: You cannot dynamax
|clearpoke
|poke|p1|Tyranitar, F|
|poke|p1|Excadrill, M|
|poke|p1|Tornadus-Therian, M|
|poke|p1|Ditto|
|poke|p1|Gastrodon-East, M|
|poke|p1|Melmetal|
|poke|p2|Landorus-Therian, M|
|poke|p2|Tapu Fini|
|poke|p2|Zeraora|
|poke|p2|Kartana|
|poke|p2|Blissey, F|
|poke|p2|Zapdos|
|teampreview
|inactive|Battle timer is ON: inactive players will automatically lose when time's up. (requested by LT92PF Pais)
|j| irgendwasmitmeeem
|inactive|Adel19 has 120 seconds left.
|
|t:|1660248562
|start
|switch|p1a: Gastrodon|Gastrodon-East, M|100/100
|switch|p2a: Landorus|Landorus-Therian, M|100/100
|-ability|p2a: Landorus|Intimidate|boost
|-unboost|p1a: Gastrodon|atk|1
|turn|1
|j| AndreyVGC
|
|t:|1660248569
|move|p2a: Landorus|Earthquake|p1a: Gastrodon
|-damage|p1a: Gastrodon|36/100
|move|p1a: Gastrodon|Scald|p2a: Landorus
|-supereffective|p2a: Landorus
|-damage|p2a: Landorus|28/100
|
|upkeep
|turn|2
|
|t:|1660248578
|switch|p1a: Tornadus|Tornadus-Therian, M|100/100
|move|p2a: Landorus|Earthquake|p1a: Tornadus
|-immune|p1a: Tornadus
|
|upkeep
|turn|3
|
|t:|1660248584
|switch|p1a: Tyranitar|Tyranitar, F|100/100
|-weather|Sandstorm|[from] ability: Sand Stream|[of] p1a: Tyranitar
|move|p2a: Landorus|Stone Edge|p1a: Tyranitar
|-damage|p1a: Tyranitar|61/100
|
|-weather|Sandstorm|[upkeep]
|upkeep
|turn|4
|
|t:|1660248589
|switch|p1a: Tornadus|Tornadus-Therian, M|100/100
|move|p2a: Landorus|Stone Edge|p1a: Tornadus
|-supereffective|p1a: Tornadus
|-damage|p1a: Tornadus|4/100
|
|-weather|Sandstorm|[upkeep]
|-damage|p1a: Tornadus|0 fnt|[from] Sandstorm
|faint|p1a: Tornadus
|upkeep
|
|t:|1660248592
|switch|p1a: Excadrill|Excadrill, M|100/100
|-item|p1a: Excadrill|Air Balloon
|turn|5
|
|t:|1660248614
|switch|p1a: Melmetal|Melmetal|100/100
|switch|p2a: Kartana|Kartana|100/100
|
|-weather|Sandstorm|[upkeep]
|upkeep
|turn|6
|inactive|Adel19 has 120 seconds left.
|
|t:|1660248642
|switch|p1a: Gastrodon|Gastrodon-East, M|36/100
|move|p2a: Kartana|Knock Off|p1a: Gastrodon
|-damage|p1a: Gastrodon|10/100
|-enditem|p1a: Gastrodon|Rocky Helmet|[from] move: Knock Off|[of] p2a: Kartana
|
|-weather|Sandstorm|[upkeep]
|upkeep
|turn|7
|inactive|Adel19 has 120 seconds left.
|
|t:|1660248653
|switch|p1a: Melmetal|Melmetal|100/100
|move|p2a: Kartana|Knock Off|p1a: Melmetal
|-damage|p1a: Melmetal|80/100
|-enditem|p1a: Melmetal|Leftovers|[from] move: Knock Off|[of] p2a: Kartana
|
|-weather|none
|upkeep
|turn|8
|inactive|Adel19 has 120 seconds left.
|
|t:|1660248660
|move|p2a: Kartana|Sacred Sword|p1a: Melmetal
|-supereffective|p1a: Melmetal
|-damage|p1a: Melmetal|42/100
|move|p1a: Melmetal|Earthquake|p2a: Kartana
|-damage|p2a: Kartana|64/100
|
|upkeep
|turn|9
|
|t:|1660248667
|move|p2a: Kartana|Sacred Sword|p1a: Melmetal
|-supereffective|p1a: Melmetal
|-damage|p1a: Melmetal|6/100
|move|p1a: Melmetal|Earthquake|p2a: Kartana
|-damage|p2a: Kartana|28/100
|
|upkeep
|turn|10
|
|t:|1660248674
|switch|p1a: Gastrodon|Gastrodon-East, M|10/100
|move|p2a: Kartana|Knock Off|p1a: Gastrodon
|-damage|p1a: Gastrodon|0 fnt
|faint|p1a: Gastrodon
|-ability|p2a: Kartana|Beast Boost|boost
|-boost|p2a: Kartana|spe|1
|
|upkeep
|
|t:|1660248677
|switch|p1a: Ditto|Ditto, shiny|100/100
|-transform|p1a: Ditto|p2a: Kartana|[from] ability: Imposter
|turn|11
|
|t:|1660248687
|switch|p1a: Tyranitar|Tyranitar, F|61/100
|-weather|Sandstorm|[from] ability: Sand Stream|[of] p1a: Tyranitar
|switch|p2a: Landorus|Landorus-Therian, M|28/100
|-ability|p2a: Landorus|Intimidate|boost
|-unboost|p1a: Tyranitar|atk|1
|
|-weather|Sandstorm|[upkeep]
|upkeep
|turn|12
|
|t:|1660248701
|switch|p1a: Excadrill|Excadrill, M|100/100
|-item|p1a: Excadrill|Air Balloon
|move|p2a: Landorus|Stone Edge|p1a: Excadrill
|-resisted|p1a: Excadrill
|-damage|p1a: Excadrill|85/100
|-enditem|p1a: Excadrill|Air Balloon
|
|-weather|Sandstorm|[upkeep]
|upkeep
|turn|13
|
|t:|1660248706
|move|p1a: Excadrill|Iron Head|p2a: Landorus
|-damage|p2a: Landorus|0 fnt
|faint|p2a: Landorus
|
|-weather|Sandstorm|[upkeep]
|upkeep
|
|t:|1660248711
|switch|p2a: Tapu Fini|Tapu Fini|100/100
|-fieldstart|move: Misty Terrain|[from] ability: Misty Surge|[of] p2a: Tapu Fini
|turn|14
|
|t:|1660248715
|move|p1a: Excadrill|Iron Head|p2a: Tapu Fini
|-damage|p2a: Tapu Fini|69/100
|cant|p2a: Tapu Fini|flinch
|
|-weather|Sandstorm|[upkeep]
|-damage|p2a: Tapu Fini|63/100|[from] Sandstorm
|-heal|p2a: Tapu Fini|69/100|[from] item: Leftovers
|upkeep
|turn|15
|
|t:|1660248721
|move|p1a: Excadrill|Iron Head|p2a: Tapu Fini
|-damage|p2a: Tapu Fini|36/100
|move|p2a: Tapu Fini|Scald|p1a: Excadrill
|-supereffective|p1a: Excadrill
|-damage|p1a: Excadrill|0 fnt
|faint|p1a: Excadrill
|
|-weather|none
|-heal|p2a: Tapu Fini|42/100|[from] item: Leftovers
|upkeep
|
|t:|1660248727
|switch|p1a: Tyranitar|Tyranitar, F|61/100
|-weather|Sandstorm|[from] ability: Sand Stream|[of] p1a: Tyranitar
|turn|16
|inactive|Adel19 has 120 seconds left.
|
|t:|1660248761
|move|p1a: Tyranitar|Stone Edge|p2a: Tapu Fini
|-damage|p2a: Tapu Fini|0 fnt
|faint|p2a: Tapu Fini
|
|-weather|Sandstorm|[upkeep]
|upkeep
|inactive|Adel19 has 120 seconds left.
|
|t:|1660248767
|switch|p2a: Zeraora|Zeraora|100/100
|turn|17
|
|t:|1660248778
|switch|p1a: Ditto|Ditto, shiny|100/100
|-transform|p1a: Ditto|p2a: Zeraora|[from] ability: Imposter
|move|p2a: Zeraora|Close Combat|p1a: Ditto
|-damage|p1a: Ditto|50/100
|-unboost|p2a: Zeraora|def|1
|-unboost|p2a: Zeraora|spd|1
|
|-weather|Sandstorm|[upkeep]
|-damage|p1a: Ditto|44/100|[from] Sandstorm
|-damage|p2a: Zeraora|95/100|[from] Sandstorm
|upkeep
|turn|18
|
|t:|1660248787
|switch|p2a: Zapdos|Zapdos|100/100
|move|p1a: Ditto|Close Combat|p2a: Zapdos
|-resisted|p2a: Zapdos
|-damage|p2a: Zapdos|86/100
|-unboost|p1a: Ditto|def|1
|-unboost|p1a: Ditto|spd|1
|
|-weather|Sandstorm|[upkeep]
|-damage|p1a: Ditto|38/100|[from] Sandstorm
|-damage|p2a: Zapdos|80/100|[from] Sandstorm
|-fieldend|Misty Terrain
|upkeep
|turn|19
|
|t:|1660248794
|switch|p1a: Tyranitar|Tyranitar, F|61/100
|move|p2a: Zapdos|Toxic|p1a: Tyranitar
|-status|p1a: Tyranitar|tox
|
|-weather|Sandstorm|[upkeep]
|-damage|p2a: Zapdos|73/100|[from] Sandstorm
|-damage|p1a: Tyranitar|54/100 tox|[from] psn
|upkeep
|turn|20
|
|t:|1660248804
|switch|p2a: Kartana|Kartana|28/100
|move|p1a: Tyranitar|Stone Edge|p2a: Kartana|[miss]
|-miss|p1a: Tyranitar|p2a: Kartana
|
|-weather|none
|-damage|p1a: Tyranitar|42/100 tox|[from] psn
|upkeep
|turn|21
|-message|LT92PF Pais forfeited.
|
|win|Adel19
|raw|LT92PF Pais's rating: 1807 &rarr; <strong>1786</strong><br />(-21 for losing)
|raw|Adel19's rating: 1786 &rarr; <strong>1807</strong><br />(+21 for winning)
|l|☆LT92PF Pais
|l| irgendwasmitmeeem
||Ladder isn't responding, score probably updated but might not have (Request timeout).
