|j|☆PRThunderGod
|j|☆Turn 2
|t:|1653641459
|gametype|singles
|player|p1|PRThunderGod|nessa|1388
|player|p2|Turn 2|janine|1424
|teamsize|p1|6
|teamsize|p2|6
|gen|8
|tier|[Gen 8] OU
|rated|
|rule|Sleep Clause Mod: Limit one foe put to sleep
|rule|Species Clause: Limit one of each Pokémon
|rule|OHKO Clause: OHKO moves are banned
|rule|Evasion Moves Clause: Evasion moves are banned
|rule|Endless Battle Clause: Forcing endless battles is banned
|rule|HP Percentage Mod: HP is shown in percentages
|rule|Dynamax Clause: You cannot dynamax
|clearpoke
|poke|p1|Corviknight, M|
|poke|p1|Mew|
|poke|p1|Landorus-Therian, M|
|poke|p1|Mandibuzz, F|
|poke|p1|Milotic, M|
|poke|p1|Nidoking, M|
|poke|p2|Scizor, F|
|poke|p2|Magnezone|
|poke|p2|Pelipper, F|
|poke|p2|Barraskewda, F|
|poke|p2|Tapu Koko|
|poke|p2|Tornadus-Therian, M|
|teampreview
|n|!PRThunderGod|prthundergod
|inactive|Battle timer is ON: inactive players will automatically lose when time's up. (requested by Turn 2)
|
|t:|1653641470
|start
|switch|p1a: Landorus|Landorus-Therian, M|100/100
|switch|p2a: Pelipper|Pelipper, F|100/100
|-ability|p1a: Landorus|Intimidate|boost
|-unboost|p2a: Pelipper|atk|1
|-weather|RainDance|[from] ability: Drizzle|[of] p2a: Pelipper
|turn|1
|
|t:|1653641482
|move|p1a: Landorus|Knock Off|p2a: Pelipper
|-damage|p2a: Pelipper|72/100
|-enditem|p2a: Pelipper|Heavy-Duty Boots|[from] move: Knock Off|[of] p1a: Landorus
|move|p2a: Pelipper|Hurricane|p1a: Landorus
|-damage|p1a: Landorus|51/100
|-start|p1a: Landorus|confusion
|
|-weather|RainDance|[upkeep]
|-heal|p1a: Landorus|57/100|[from] item: Leftovers
|upkeep
|turn|2
|
|t:|1653641493
|-activate|p1a: Landorus|confusion
|move|p1a: Landorus|Stealth Rock|p2a: Pelipper
|-sidestart|p2: Turn 2|move: Stealth Rock
|move|p2a: Pelipper|Scald|p1a: Landorus
|-supereffective|p1a: Landorus
|-damage|p1a: Landorus|0 fnt
|faint|p1a: Landorus
|
|-weather|RainDance|[upkeep]
|upkeep
|
|t:|1653641504
|switch|p1a: Nidoking|Nidoking, M|100/100
|turn|3
|
|t:|1653641520
|switch|p2a: Scizor|Scizor, F|100/100
|-damage|p2a: Scizor|88/100|[from] Stealth Rock
|move|p1a: Nidoking|Sludge Wave|p2a: Scizor
|-immune|p2a: Scizor
|
|-weather|RainDance|[upkeep]
|upkeep
|turn|4
|
|t:|1653641534
|move|p1a: Nidoking|Flamethrower|p2a: Scizor
|-supereffective|p2a: Scizor
|-damage|p2a: Scizor|0 fnt
|faint|p2a: Scizor
|
|-weather|RainDance|[upkeep]
|upkeep
|
|t:|1653641541
|switch|p2a: Tornadus|Tornadus-Therian, M|100/100
|-damage|p2a: Tornadus|76/100|[from] Stealth Rock
|turn|5
|
|t:|1653641548
|move|p2a: Tornadus|Hurricane|p1a: Nidoking
|-damage|p1a: Nidoking|0 fnt
|faint|p1a: Nidoking
|
|-weather|none
|upkeep
|
|t:|1653641554
|switch|p1a: Mew|Mew|100/100
|turn|6
|
|t:|1653641558
|switch|p2a: Pelipper|Pelipper, F|72/100
|-damage|p2a: Pelipper|47/100|[from] Stealth Rock
|-weather|RainDance|[from] ability: Drizzle|[of] p2a: Pelipper
|move|p1a: Mew|Dragon Dance|p1a: Mew
|-boost|p1a: Mew|atk|1
|-boost|p1a: Mew|spe|1
|
|-weather|RainDance|[upkeep]
|upkeep
|turn|7
|
|t:|1653641572
|move|p1a: Mew|Psychic Fangs|p2a: Pelipper
|-crit|p2a: Pelipper
|-damage|p2a: Pelipper|0 fnt
|faint|p2a: Pelipper
|
|-weather|RainDance|[upkeep]
|upkeep
|
|t:|1653641579
|switch|p2a: Barraskewda|Barraskewda, F|100/100
|-damage|p2a: Barraskewda|88/100|[from] Stealth Rock
|turn|8
|
|t:|1653641591
|switch|p1a: Wu-Tang|Corviknight, M|100/100
|move|p2a: Barraskewda|Crunch|p1a: Wu-Tang
|-damage|p1a: Wu-Tang|62/100
|
|-weather|RainDance|[upkeep]
|upkeep
|turn|9
|
|t:|1653641602
|switch|p2a: Magnezone|Magnezone|100/100
|-damage|p2a: Magnezone|94/100|[from] Stealth Rock
|switch|p1a: Milotic|Milotic, M|100/100
|
|-weather|RainDance|[upkeep]
|-heal|p2a: Magnezone|100/100|[from] item: Leftovers
|-status|p1a: Milotic|brn|[from] item: Flame Orb
|upkeep
|turn|10
|
|t:|1653641613
|switch|p1a: Wu-Tang|Corviknight, M|62/100
|move|p2a: Magnezone|Thunder|p1a: Wu-Tang
|-supereffective|p1a: Wu-Tang
|-damage|p1a: Wu-Tang|0 fnt
|faint|p1a: Wu-Tang
|
|-weather|none
|upkeep
|
|t:|1653641621
|switch|p1a: Mew|Mew|100/100
|turn|11
|
|t:|1653641626
|move|p1a: Mew|Dragon Dance|p1a: Mew
|-boost|p1a: Mew|atk|1
|-boost|p1a: Mew|spe|1
|move|p2a: Magnezone|Iron Defense|p2a: Magnezone
|-boost|p2a: Magnezone|def|2
|
|upkeep
|turn|12
|
|t:|1653641633
|move|p1a: Mew|Dragon Dance|p1a: Mew
|-boost|p1a: Mew|atk|1
|-boost|p1a: Mew|spe|1
|move|p2a: Magnezone|Iron Defense|p2a: Magnezone
|-boost|p2a: Magnezone|def|2
|
|upkeep
|turn|13
|
|t:|1653641640
|move|p1a: Mew|Dragon Dance|p1a: Mew
|-boost|p1a: Mew|atk|1
|-boost|p1a: Mew|spe|1
|move|p2a: Magnezone|Substitute|p2a: Magnezone
|-start|p2a: Magnezone|Substitute
|-damage|p2a: Magnezone|76/100
|
|-heal|p2a: Magnezone|82/100|[from] item: Leftovers
|upkeep
|turn|14
|
|t:|1653641650
|move|p1a: Mew|Dragon Dance|p1a: Mew
|-boost|p1a: Mew|atk|1
|-boost|p1a: Mew|spe|1
|move|p2a: Magnezone|Thunder|p1a: Mew
|-damage|p1a: Mew|54/100
|
|-heal|p1a: Mew|60/100|[from] item: Leftovers
|-heal|p2a: Magnezone|88/100|[from] item: Leftovers
|upkeep
|turn|15
|
|t:|1653641668
|move|p1a: Mew|Psychic Fangs|p2a: Magnezone
|-resisted|p2a: Magnezone
|-activate|p2a: Magnezone|move: Substitute|[damage]
|move|p2a: Magnezone|Body Press|p1a: Mew
|-resisted|p1a: Mew
|-damage|p1a: Mew|27/100
|
|-heal|p1a: Mew|33/100|[from] item: Leftovers
|-heal|p2a: Magnezone|94/100|[from] item: Leftovers
|upkeep
|turn|16
|
|t:|1653641679
|move|p1a: Mew|Psychic Fangs|p2a: Magnezone
|-resisted|p2a: Magnezone
|-end|p2a: Magnezone|Substitute
|move|p2a: Magnezone|Body Press|p1a: Mew
|-resisted|p1a: Mew
|-damage|p1a: Mew|1/100
|
|-heal|p1a: Mew|8/100|[from] item: Leftovers
|-heal|p2a: Magnezone|99/100|[from] item: Leftovers
|upkeep
|turn|17
|
|t:|1653641689
|move|p1a: Mew|Close Combat|p2a: Magnezone
|-supereffective|p2a: Magnezone
|-damage|p2a: Magnezone|35/100
|-unboost|p1a: Mew|def|1
|-unboost|p1a: Mew|spd|1
|move|p2a: Magnezone|Body Press|p1a: Mew
|-resisted|p1a: Mew
|-damage|p1a: Mew|0 fnt
|faint|p1a: Mew
|
|-heal|p2a: Magnezone|41/100|[from] item: Leftovers
|upkeep
|
|t:|1653641699
|switch|p1a: Milotic|Milotic, M|100/100 brn
|turn|18
|
|t:|1653641703
|move|p1a: Milotic|Scald|p2a: Magnezone
|-damage|p2a: Magnezone|19/100
|-status|p2a: Magnezone|brn
|move|p2a: Magnezone|Thunder|p1a: Milotic
|-supereffective|p1a: Milotic
|-damage|p1a: Milotic|26/100 brn
|
|-heal|p2a: Magnezone|25/100 brn|[from] item: Leftovers
|-damage|p1a: Milotic|20/100 brn|[from] brn
|-damage|p2a: Magnezone|19/100 brn|[from] brn
|upkeep
|turn|19
|
|t:|1653641715
|move|p1a: Milotic|Scald|p2a: Magnezone
|-crit|p2a: Magnezone
|-damage|p2a: Magnezone|0 fnt
|faint|p2a: Magnezone
|
|-damage|p1a: Milotic|14/100 brn|[from] brn
|upkeep
|
|t:|1653641725
|switch|p2a: Tapu Koko|Tapu Koko|100/100
|-fieldstart|move: Electric Terrain|[from] ability: Electric Surge|[of] p2a: Tapu Koko
|turn|20
|
|t:|1653641733
|move|p2a: Tapu Koko|Dazzling Gleam|p1a: Milotic
|-damage|p1a: Milotic|0 fnt
|faint|p1a: Milotic
|
|upkeep
|
|t:|1653641755
|switch|p1a: Mandibuzz|Mandibuzz, F|100/100
|turn|21
|inactive|PRThunderGod has 120 seconds left.
|
|t:|1653641788
|move|p2a: Tapu Koko|Toxic|p1a: Mandibuzz
|-status|p1a: Mandibuzz|tox
|move|p1a: Mandibuzz|Toxic|p2a: Tapu Koko
|-status|p2a: Tapu Koko|tox
|
|-damage|p2a: Tapu Koko|94/100 tox|[from] psn
|-damage|p1a: Mandibuzz|94/100 tox|[from] psn
|upkeep
|turn|22
|inactive|PRThunderGod has 90 seconds left.
|inactive|PRThunderGod has 60 seconds left.
|
|t:|1653641856
|move|p2a: Tapu Koko|Thunder|p1a: Mandibuzz|[miss]
|-miss|p2a: Tapu Koko|p1a: Mandibuzz
|move|p1a: Mandibuzz|Roost|p1a: Mandibuzz
|-heal|p1a: Mandibuzz|100/100 tox
|-singleturn|p1a: Mandibuzz|move: Roost
|
|-damage|p2a: Tapu Koko|82/100 tox|[from] psn
|-damage|p1a: Mandibuzz|88/100 tox|[from] psn
|upkeep
|turn|23
|inactive|PRThunderGod has 60 seconds left.
|
|t:|1653641872
|move|p2a: Tapu Koko|Thunder|p1a: Mandibuzz|[miss]
|-miss|p2a: Tapu Koko|p1a: Mandibuzz
|move|p1a: Mandibuzz|Roost|p1a: Mandibuzz
|-heal|p1a: Mandibuzz|100/100 tox
|-singleturn|p1a: Mandibuzz|move: Roost
|
|-damage|p2a: Tapu Koko|64/100 tox|[from] psn
|-damage|p1a: Mandibuzz|82/100 tox|[from] psn
|upkeep
|turn|24
|inactive|PRThunderGod has 60 seconds left.
|n|☆PRThunderGod|prthundergod
|inactive|PRThunderGod has 30 seconds left.
|inactive|PRThunderGod has 20 seconds left.
|
|t:|1653641925
|move|p2a: Tapu Koko|Thunder|p1a: Mandibuzz|[miss]
|-miss|p2a: Tapu Koko|p1a: Mandibuzz
|move|p1a: Mandibuzz|Roost|p1a: Mandibuzz
|-heal|p1a: Mandibuzz|100/100 tox
|-singleturn|p1a: Mandibuzz|move: Roost
|
|-damage|p2a: Tapu Koko|39/100 tox|[from] psn
|-damage|p1a: Mandibuzz|76/100 tox|[from] psn
|-fieldend|move: Electric Terrain
|upkeep
|turn|25
|inactive|PRThunderGod has 30 seconds left this turn.
|c|☆PRThunderGod|wtf
|
|t:|1653641936
|switch|p2a: Barraskewda|Barraskewda, F|88/100
|-damage|p2a: Barraskewda|76/100|[from] Stealth Rock
|move|p1a: Mandibuzz|Roost|p1a: Mandibuzz
|-heal|p1a: Mandibuzz|100/100 tox
|-singleturn|p1a: Mandibuzz|move: Roost
|
|-damage|p1a: Mandibuzz|70/100 tox|[from] psn
|upkeep
|turn|26
|inactive|PRThunderGod has 30 seconds left.
|inactive|PRThunderGod has 20 seconds left.
|inactive|PRThunderGod has 15 seconds left.
|inactive|PRThunderGod has 10 seconds left.
|inactive|PRThunderGod has 5 seconds left.
|-message|PRThunderGod lost due to inactivity.
|
|win|Turn 2
|raw|PRThunderGod's rating: 1388 &rarr; <strong>1370</strong><br />(-18 for losing)
|raw|Turn 2's rating: 1424 &rarr; <strong>1442</strong><br />(+18 for winning)
|l|☆PRThunderGod
