|j|☆zKally
|j|☆Genjar-jar Binks
|t:|1599204033
|player|p1|zKally|290|1095
|player|p2|Genjar-jar Binks|shauntal|1049
|teamsize|p1|6
|teamsize|p2|6
|gametype|singles
|gen|8
|tier|[Gen 8] OU
|rated|
|clearpoke
|poke|p1|Zeraora|
|poke|p1|Rillaboom, F|
|poke|p1|Dragapult, M|
|poke|p1|Togekiss, M|
|poke|p1|Rhyperior, F|
|poke|p1|Scizor, F|
|poke|p2|Heracross, M|
|poke|p2|Rhyperior, M|
|poke|p2|Toxapex, F|
|poke|p2|Tangrowth, M|
|poke|p2|Primarina, M|
|poke|p2|Dragapult, M|
|rule|Sleep Clause Mod: Limit one foe put to sleep
|rule|Species Clause: Limit one of each Pokémon
|rule|OHKO Clause: OHKO moves are banned
|rule|Evasion Moves Clause: Evasion moves are banned
|rule|Endless Battle Clause: Forcing endless battles is banned
|rule|HP Percentage Mod: HP is shown in percentages
|rule|Dynamax Clause: You cannot dynamax
|teampreview
|inactive|Battle timer is ON: inactive players will automatically lose when time's up. (requested by zKally)
|
|t:|1599204039
|start
|switch|p1a: Rhyperior|Rhyperior, F|100/100
|switch|p2a: Rhyperior|Rhyperior, M|100/100
|turn|1
|
|t:|1599204051
|move|p1a: Rhyperior|High Horsepower|p2a: Rhyperior
|-supereffective|p2a: Rhyperior
|-damage|p2a: Rhyperior|57/100
|move|p2a: Rhyperior|Earthquake|p1a: Rhyperior
|-supereffective|p1a: Rhyperior
|-damage|p1a: Rhyperior|22/100
|-damage|p2a: Rhyperior|47/100|[from] item: Life Orb
|
|-heal|p1a: Rhyperior|28/100|[from] item: Leftovers
|upkeep
|turn|2
|
|t:|1599204064
|move|p1a: Rhyperior|High Horsepower|p2a: Rhyperior
|-supereffective|p2a: Rhyperior
|-damage|p2a: Rhyperior|1/100
|move|p2a: Rhyperior|Stone Edge|p1a: Rhyperior
|-resisted|p1a: Rhyperior
|-damage|p1a: Rhyperior|3/100
|-damage|p2a: Rhyperior|0 fnt|[from] item: Life Orb
|faint|p2a: Rhyperior
|
|-heal|p1a: Rhyperior|9/100|[from] item: Leftovers
|upkeep
|c|☆zKally|aweerszxtcyvguhi
|
|t:|1599204077
|switch|p2a: Tangrowth|Tangrowth, M|100/100
|turn|3
|inactive|zKally has 120 seconds left.
|c|☆Genjar-jar Binks|?
|
|t:|1599204122
|switch|p1a: Dragapult|Dragapult, M|100/100
|move|p2a: Tangrowth|Poison Jab|p1a: Dragapult
|-resisted|p1a: Dragapult
|-damage|p1a: Dragapult|88/100
|
|upkeep
|turn|4
|
|t:|1599204133
|switch|p2a: Primarina|Primarina, M|100/100
|move|p1a: Dragapult|U-turn|p2a: Primarina
|-resisted|p2a: Primarina
|-damage|p2a: Primarina|91/100
|
|t:|1599204147
|switch|p1a: Rillaboom|Rillaboom, F|100/100|[from]move: U-turn
|-fieldstart|move: Grassy Terrain|[from] ability: Grassy Surge|[of] p1a: Rillaboom
|
|-heal|p2a: Primarina|97/100|[from] Grassy Terrain
|upkeep
|turn|5
|
|t:|1599204157
|switch|p2a: Tangrowth|Tangrowth, M|100/100
|move|p1a: Rillaboom|U-turn|p2a: Tangrowth
|-supereffective|p2a: Tangrowth
|-damage|p2a: Tangrowth|59/100
|-damage|p1a: Rillaboom|84/100|[from] item: Rocky Helmet|[of] p2a: Tangrowth
|
|t:|1599204163
|switch|p1a: Dragapult|Dragapult, M|88/100|[from]move: U-turn
|
|-heal|p1a: Dragapult|94/100|[from] Grassy Terrain
|-heal|p2a: Tangrowth|65/100|[from] Grassy Terrain
|upkeep
|turn|6
|
|t:|1599204174
|switch|p2a: Toxapex|Toxapex, F|100/100
|move|p1a: Dragapult|Shadow Ball|p2a: Toxapex
|-damage|p2a: Toxapex|67/100
|
|-heal|p1a: Dragapult|99/100|[from] Grassy Terrain
|-heal|p2a: Toxapex|73/100|[from] item: Black Sludge
|-heal|p2a: Toxapex|79/100|[from] Grassy Terrain
|upkeep
|turn|7
|
|t:|1599204188
|switch|p1a: Zeraora|Zeraora|100/100
|move|p2a: Toxapex|Toxic|p1a: Zeraora
|-status|p1a: Zeraora|tox
|
|-heal|p2a: Toxapex|86/100|[from] item: Black Sludge
|-heal|p2a: Toxapex|92/100|[from] Grassy Terrain
|-damage|p1a: Zeraora|95/100 tox|[from] psn
|upkeep
|turn|8
|
|t:|1599204197
|switch|p2a: Tangrowth|Tangrowth, M|98/100
|move|p1a: Zeraora|Knock Off|p2a: Tangrowth
|-damage|p2a: Tangrowth|83/100
|-damage|p1a: Zeraora|78/100 tox|[from] item: Rocky Helmet|[of] p2a: Tangrowth
|-enditem|p2a: Tangrowth|Rocky Helmet|[from] move: Knock Off|[of] p1a: Zeraora
|
|-heal|p1a: Zeraora|84/100 tox|[from] Grassy Terrain
|-heal|p2a: Tangrowth|90/100|[from] Grassy Terrain
|-fieldend|move: Grassy Terrain
|-damage|p1a: Zeraora|72/100 tox|[from] psn
|upkeep
|turn|9
|inactive|zKally has 120 seconds left.
|
|t:|1599204206
|move|p1a: Zeraora|Volt Switch|p2a: Tangrowth
|-resisted|p2a: Tangrowth
|-damage|p2a: Tangrowth|73/100
|
|t:|1599204210
|switch|p1a: Rhyperior|Rhyperior, F|9/100|[from]move: Volt Switch
|move|p2a: Tangrowth|Leech Seed|p1a: Rhyperior
|-start|p1a: Rhyperior|move: Leech Seed
|
|-heal|p1a: Rhyperior|15/100|[from] item: Leftovers
|-damage|p1a: Rhyperior|2/100|[from] Leech Seed|[of] p2a: Tangrowth
|-heal|p2a: Tangrowth|86/100|[silent]
|upkeep
|turn|10
|
|t:|1599204224
|move|p2a: Tangrowth|Leech Seed||[still]
|-fail|p2a: Tangrowth
|move|p1a: Rhyperior|Stealth Rock|p2a: Tangrowth
|-sidestart|p2: Genjar-jar Binks|move: Stealth Rock
|
|-heal|p1a: Rhyperior|8/100|[from] item: Leftovers
|-damage|p1a: Rhyperior|0 fnt|[from] Leech Seed|[of] p2a: Tangrowth
|-heal|p2a: Tangrowth|95/100|[silent]
|faint|p1a: Rhyperior
|upkeep
|
|t:|1599204236
|switch|p1a: Dragapult|Dragapult, M|99/100
|turn|11
|
|t:|1599204243
|switch|p2a: Primarina|Primarina, M|97/100
|-damage|p2a: Primarina|84/100|[from] Stealth Rock
|move|p1a: Dragapult|U-turn|p2a: Primarina
|-resisted|p2a: Primarina
|-damage|p2a: Primarina|75/100
|
|t:|1599204252
|switch|p1a: Rillaboom|Rillaboom, F|84/100|[from]move: U-turn
|-fieldstart|move: Grassy Terrain|[from] ability: Grassy Surge|[of] p1a: Rillaboom
|
|-heal|p1a: Rillaboom|90/100|[from] Grassy Terrain
|-heal|p2a: Primarina|81/100|[from] Grassy Terrain
|upkeep
|turn|12
|
|t:|1599204261
|move|p1a: Rillaboom|U-turn|p2a: Primarina
|-resisted|p2a: Primarina
|-damage|p2a: Primarina|57/100
|
|t:|1599204268
|switch|p1a: Scizor|Scizor, F|100/100|[from]move: U-turn
|move|p2a: Primarina|Moonblast|p1a: Scizor
|-resisted|p1a: Scizor
|-damage|p1a: Scizor|64/100
|-unboost|p1a: Scizor|spa|1
|
|-heal|p1a: Scizor|70/100|[from] item: Leftovers
|-heal|p1a: Scizor|76/100|[from] Grassy Terrain
|-heal|p2a: Primarina|63/100|[from] Grassy Terrain
|upkeep
|turn|13
|
|t:|1599204281
|switch|p2a: Tangrowth|Tangrowth, M|100/100
|-damage|p2a: Tangrowth|88/100|[from] Stealth Rock
|move|p1a: Scizor|Knock Off|p2a: Tangrowth
|-damage|p2a: Tangrowth|79/100
|
|-heal|p1a: Scizor|82/100|[from] item: Leftovers
|-heal|p1a: Scizor|88/100|[from] Grassy Terrain
|-heal|p2a: Tangrowth|85/100|[from] Grassy Terrain
|upkeep
|turn|14
|
|t:|1599204289
|move|p1a: Scizor|U-turn|p2a: Tangrowth
|-supereffective|p2a: Tangrowth
|-crit|p2a: Tangrowth
|-damage|p2a: Tangrowth|40/100
|
|t:|1599204294
|switch|p1a: Rillaboom|Rillaboom, F|90/100|[from]move: U-turn
|move|p2a: Tangrowth|Leech Seed|p1a: Rillaboom
|-immune|p1a: Rillaboom
|
|-heal|p1a: Rillaboom|96/100|[from] Grassy Terrain
|-heal|p2a: Tangrowth|47/100|[from] Grassy Terrain
|upkeep
|turn|15
|
|t:|1599204301
|switch|p2a: Toxapex|Toxapex, F|100/100
|-damage|p2a: Toxapex|88/100|[from] Stealth Rock
|move|p1a: Rillaboom|U-turn|p2a: Toxapex
|-resisted|p2a: Toxapex
|-damage|p2a: Toxapex|74/100
|
|t:|1599204307
|switch|p1a: Zeraora|Zeraora|72/100 tox|[from]move: U-turn
|
|-heal|p1a: Zeraora|78/100 tox|[from] Grassy Terrain
|-heal|p2a: Toxapex|80/100|[from] item: Black Sludge
|-heal|p2a: Toxapex|86/100|[from] Grassy Terrain
|-fieldend|move: Grassy Terrain
|-damage|p1a: Zeraora|72/100 tox|[from] psn
|upkeep
|turn|16
|
|t:|1599204315
|switch|p2a: Tangrowth|Tangrowth, M|80/100
|-damage|p2a: Tangrowth|67/100|[from] Stealth Rock
|move|p1a: Zeraora|Volt Switch|p2a: Tangrowth
|-resisted|p2a: Tangrowth
|-damage|p2a: Tangrowth|50/100
|
|t:|1599204322
|switch|p1a: Rillaboom|Rillaboom, F|96/100|[from]move: Volt Switch
|-fieldstart|move: Grassy Terrain|[from] ability: Grassy Surge|[of] p1a: Rillaboom
|
|-heal|p1a: Rillaboom|100/100|[from] Grassy Terrain
|-heal|p2a: Tangrowth|56/100|[from] Grassy Terrain
|upkeep
|turn|17
|
|t:|1599204326
|switch|p2a: Toxapex|Toxapex, F|100/100
|-damage|p2a: Toxapex|88/100|[from] Stealth Rock
|move|p1a: Rillaboom|U-turn|p2a: Toxapex
|-resisted|p2a: Toxapex
|-damage|p2a: Toxapex|74/100
|
|t:|1599204333
|switch|p1a: Zeraora|Zeraora|72/100 tox|[from]move: U-turn
|
|-heal|p1a: Zeraora|78/100 tox|[from] Grassy Terrain
|-heal|p2a: Toxapex|80/100|[from] item: Black Sludge
|-heal|p2a: Toxapex|86/100|[from] Grassy Terrain
|-damage|p1a: Zeraora|72/100 tox|[from] psn
|upkeep
|turn|18
|
|t:|1599204337
|switch|p2a: Tangrowth|Tangrowth, M|89/100
|-damage|p2a: Tangrowth|76/100|[from] Stealth Rock
|move|p1a: Zeraora|Plasma Fists|p2a: Tangrowth
|-resisted|p2a: Tangrowth
|-damage|p2a: Tangrowth|64/100
|-fieldactivate|move: Ion Deluge
|
|-heal|p1a: Zeraora|78/100 tox|[from] Grassy Terrain
|-heal|p2a: Tangrowth|71/100|[from] Grassy Terrain
|-damage|p1a: Zeraora|66/100 tox|[from] psn
|upkeep
|turn|19
|
|t:|1599204348
|move|p1a: Zeraora|Volt Switch|p2a: Tangrowth
|-resisted|p2a: Tangrowth
|-damage|p2a: Tangrowth|51/100
|
|t:|1599204356
|switch|p1a: Rillaboom|Rillaboom, F|100/100|[from]move: Volt Switch
|move|p2a: Tangrowth|Poison Jab|p1a: Rillaboom
|-supereffective|p1a: Rillaboom
|-damage|p1a: Rillaboom|62/100
|
|-heal|p1a: Rillaboom|69/100|[from] Grassy Terrain
|-heal|p2a: Tangrowth|58/100|[from] Grassy Terrain
|upkeep
|turn|20
|
|t:|1599204364
|switch|p2a: Toxapex|Toxapex, F|100/100
|-damage|p2a: Toxapex|88/100|[from] Stealth Rock
|move|p1a: Rillaboom|U-turn|p2a: Toxapex
|-resisted|p2a: Toxapex
|-damage|p2a: Toxapex|74/100
|l|☆zKally
|inactive|zKally disconnected and has a minute to reconnect!
|player|p1|
|inactive|zKally has 30 seconds to reconnect!
|inactive|zKally has 20 seconds to reconnect!
|inactive|zKally has 15 seconds to reconnect!
|inactive|zKally has 10 seconds to reconnect!
|inactive|zKally has 5 seconds to reconnect!
|-message|zKally lost due to inactivity.
|
|win|Genjar-jar Binks
|raw|zKally's rating: 1095 &rarr; <strong>1067</strong><br />(-28 for losing)
|raw|Genjar-jar Binks's rating: 1049 &rarr; <strong>1086</strong><br />(+37 for winning)
