|j|☆grasssoul
|j|☆Kimono Girl Lika
|t:|1667567517
|gametype|singles
|player|p1|grasssoul|2|1567
|player|p2|Kimono Girl Lika|kimonogirl-gen2|1552
|teamsize|p1|6
|teamsize|p2|6
|gen|8
|tier|[Gen 8] OU
|rated|
|rule|Sleep Clause Mod: Limit one foe put to sleep
|rule|Species Clause: Limit one of each Pokémon
|rule|OHKO Clause: OHKO moves are banned
|rule|Evasion Items Clause: Evasion items are banned
|rule|Evasion Moves Clause: Evasion moves are banned
|rule|Endless Battle Clause: Forcing endless battles is banned
|rule|HP Percentage Mod: HP is shown in percentages
|rule|Dynamax Clause: You cannot dynamax
|clearpoke
|poke|p1|Heatran, F|
|poke|p1|Slowking-Galar, M|
|poke|p1|Tapu Lele|
|poke|p1|Landorus-Therian, M|
|poke|p1|Dragapult, M|
|poke|p1|Zapdos|
|poke|p2|Excadrill, F|
|poke|p2|Rillaboom, M|
|poke|p2|Tyranitar, M|
|poke|p2|Slowking-Galar, M|
|poke|p2|Buzzwole|
|poke|p2|Tornadus-Therian, M|
|teampreview
|inactive|Battle timer is ON: inactive players will automatically lose when time's up. (requested by Kimono Girl Lika)
|
|t:|1667567540
|start
|switch|p1a: Zapdos|Zapdos|100/100
|switch|p2a: Tyranitar|Tyranitar, M|100/100
|-weather|Sandstorm|[from] ability: Sand Stream|[of] p2a: Tyranitar
|turn|1
|
|t:|1667567557
|switch|p1a: Heatran|Heatran, F|100/100
|move|p2a: Tyranitar|Stealth Rock|p1a: Heatran
|-sidestart|p1: grasssoul|move: Stealth Rock
|
|-weather|Sandstorm|[upkeep]
|upkeep
|turn|2
|
|t:|1667567563
|move|p1a: Heatran|Protect|p1a: Heatran
|-singleturn|p1a: Heatran|Protect
|move|p2a: Tyranitar|Earthquake|p1a: Heatran
|-activate|p1a: Heatran|move: Protect
|
|-weather|Sandstorm|[upkeep]
|upkeep
|turn|3
|
|t:|1667567577
|move|p1a: Heatran|Toxic|p2a: Tyranitar
|-status|p2a: Tyranitar|tox
|move|p2a: Tyranitar|Rock Blast|p1a: Heatran
|-damage|p1a: Heatran|91/100
|-damage|p1a: Heatran|81/100
|-damage|p1a: Heatran|71/100
|-hitcount|p1a: Heatran|3
|
|-weather|Sandstorm|[upkeep]
|-heal|p1a: Heatran|78/100|[from] item: Leftovers
|-damage|p2a: Tyranitar|94/100 tox|[from] psn
|upkeep
|turn|4
|
|t:|1667567583
|switch|p2a: Buzzwole|Buzzwole|100/100
|move|p1a: Heatran|Protect||[still]
|-fail|p1a: Heatran
|
|-weather|Sandstorm|[upkeep]
|-damage|p2a: Buzzwole|94/100|[from] Sandstorm
|-heal|p1a: Heatran|84/100|[from] item: Leftovers
|upkeep
|turn|5
|
|t:|1667567588
|move|p1a: Heatran|Protect|p1a: Heatran
|-singleturn|p1a: Heatran|Protect
|move|p2a: Buzzwole|Close Combat|p1a: Heatran
|-activate|p1a: Heatran|move: Protect
|
|-weather|Sandstorm|[upkeep]
|-damage|p2a: Buzzwole|88/100|[from] Sandstorm
|-heal|p1a: Heatran|90/100|[from] item: Leftovers
|upkeep
|turn|6
|
|t:|1667567593
|switch|p1a: Zapdos|Zapdos|100/100
|move|p2a: Buzzwole|Close Combat|p1a: Zapdos
|-resisted|p1a: Zapdos
|-damage|p1a: Zapdos|80/100
|-unboost|p2a: Buzzwole|def|1
|-unboost|p2a: Buzzwole|spd|1
|
|-weather|Sandstorm|[upkeep]
|-damage|p1a: Zapdos|74/100|[from] Sandstorm
|-damage|p2a: Buzzwole|82/100|[from] Sandstorm
|upkeep
|turn|7
|
|t:|1667567603
|switch|p2a: Slowking|Slowking-Galar, M|100/100
|move|p1a: Zapdos|Defog|p2a: Slowking
|-unboost|p2a: Slowking|evasion|1
|-sideend|p1: grasssoul|Stealth Rock|[from] move: Defog|[of] p1a: Zapdos
|
|-weather|Sandstorm|[upkeep]
|-damage|p1a: Zapdos|68/100|[from] Sandstorm
|-damage|p2a: Slowking|94/100|[from] Sandstorm
|upkeep
|turn|8
|
|t:|1667567608
|move|p1a: Zapdos|Volt Switch|p2a: Slowking
|-damage|p2a: Slowking|82/100
|
|t:|1667567610
|switch|p1a: Heatran|Heatran, F|90/100|[from]move: Volt Switch
|move|p2a: Slowking|Future Sight|p1a: Heatran
|-start|p2a: Slowking|move: Future Sight
|
|-weather|none
|-heal|p1a: Heatran|96/100|[from] item: Leftovers
|upkeep
|turn|9
|
|t:|1667567624
|switch|p2a: Tyranitar|Tyranitar, M|94/100 tox
|-weather|Sandstorm|[from] ability: Sand Stream|[of] p2a: Tyranitar
|move|p1a: Heatran|Magma Storm|p2a: Tyranitar
|-resisted|p2a: Tyranitar
|-damage|p2a: Tyranitar|85/100 tox
|-activate|p2a: Tyranitar|move: Magma Storm|[of] p1a: Heatran
|
|-weather|Sandstorm|[upkeep]
|-heal|p1a: Heatran|100/100|[from] item: Leftovers
|-damage|p2a: Tyranitar|79/100 tox|[from] psn
|-damage|p2a: Tyranitar|67/100 tox|[from] move: Magma Storm|[partiallytrapped]
|upkeep
|turn|10
|
|t:|1667567637
|move|p1a: Heatran|Protect|p1a: Heatran
|-singleturn|p1a: Heatran|Protect
|move|p2a: Tyranitar|Stealth Rock|p1a: Heatran
|-sidestart|p1: grasssoul|move: Stealth Rock
|
|-weather|Sandstorm|[upkeep]
|-end|p1a: Heatran|move: Future Sight
|-resisted|p1a: Heatran
|-damage|p1a: Heatran|86/100
|-heal|p1a: Heatran|92/100|[from] item: Leftovers
|-damage|p2a: Tyranitar|54/100 tox|[from] psn
|-damage|p2a: Tyranitar|42/100 tox|[from] move: Magma Storm|[partiallytrapped]
|upkeep
|turn|11
|
|t:|1667567648
|switch|p1a: Landorus|Landorus-Therian, M|100/100
|-damage|p1a: Landorus|88/100|[from] Stealth Rock
|-ability|p1a: Landorus|Intimidate|boost
|-unboost|p2a: Tyranitar|atk|1
|move|p2a: Tyranitar|Earthquake|p1a: Landorus
|-immune|p1a: Landorus
|
|-weather|Sandstorm|[upkeep]
|-heal|p1a: Landorus|94/100|[from] item: Leftovers
|-damage|p2a: Tyranitar|24/100 tox|[from] psn
|-end|p2a: Tyranitar|Magma Storm|[partiallytrapped]|[silent]
|upkeep
|turn|12
|
|t:|1667567656
|switch|p2a: Buzzwole|Buzzwole|82/100
|move|p1a: Landorus|U-turn|p2a: Buzzwole
|-resisted|p2a: Buzzwole
|-damage|p2a: Buzzwole|76/100
|
|t:|1667567660
|switch|p1a: Zapdos|Zapdos|68/100|[from]move: U-turn
|
|-weather|Sandstorm|[upkeep]
|-damage|p1a: Zapdos|62/100|[from] Sandstorm
|-damage|p2a: Buzzwole|70/100|[from] Sandstorm
|upkeep
|turn|13
|
|t:|1667567672
|switch|p2a: Excadrill|Excadrill, F|100/100
|move|p1a: Zapdos|Roost|p1a: Zapdos
|-heal|p1a: Zapdos|100/100
|-singleturn|p1a: Zapdos|move: Roost
|
|-weather|Sandstorm|[upkeep]
|-damage|p1a: Zapdos|94/100|[from] Sandstorm
|upkeep
|turn|14
|
|t:|1667567675
|move|p2a: Excadrill|Rock Blast|p1a: Zapdos
|-supereffective|p1a: Zapdos
|-damage|p1a: Zapdos|81/100
|-supereffective|p1a: Zapdos
|-damage|p1a: Zapdos|67/100
|-supereffective|p1a: Zapdos
|-damage|p1a: Zapdos|54/100
|-supereffective|p1a: Zapdos
|-damage|p1a: Zapdos|40/100
|-hitcount|p1a: Zapdos|4
|move|p1a: Zapdos|Heat Wave|p2a: Excadrill
|-supereffective|p2a: Excadrill
|-damage|p2a: Excadrill|34/100
|
|-weather|Sandstorm|[upkeep]
|-damage|p1a: Zapdos|34/100|[from] Sandstorm
|upkeep
|turn|15
|
|t:|1667567686
|switch|p1a: Landorus|Landorus-Therian, M|94/100
|-damage|p1a: Landorus|82/100|[from] Stealth Rock
|-ability|p1a: Landorus|Intimidate|boost
|-unboost|p2a: Excadrill|atk|1
|move|p2a: Excadrill|Rock Blast|p1a: Landorus
|-damage|p1a: Landorus|76/100
|-crit|p1a: Landorus
|-damage|p1a: Landorus|64/100
|-hitcount|p1a: Landorus|2
|
|-weather|Sandstorm|[upkeep]
|-heal|p1a: Landorus|70/100|[from] item: Leftovers
|upkeep
|turn|16
|
|t:|1667567694
|switch|p2a: Tornadus|Tornadus-Therian, M|100/100
|move|p1a: Landorus|Knock Off|p2a: Tornadus
|-damage|p2a: Tornadus|66/100
|-enditem|p2a: Tornadus|Heavy-Duty Boots|[from] move: Knock Off|[of] p1a: Landorus
|
|-weather|none
|-heal|p1a: Landorus|76/100|[from] item: Leftovers
|upkeep
|turn|17
|
|t:|1667567704
|move|p2a: Tornadus|Knock Off|p1a: Landorus
|-damage|p1a: Landorus|60/100
|-enditem|p1a: Landorus|Leftovers|[from] move: Knock Off|[of] p2a: Tornadus
|move|p1a: Landorus|U-turn|p2a: Tornadus
|-resisted|p2a: Tornadus
|-damage|p2a: Tornadus|54/100
|
|t:|1667567717
|switch|p1a: Dragapult|Dragapult, M|100/100|[from]move: U-turn
|-damage|p1a: Dragapult|88/100|[from] Stealth Rock
|
|upkeep
|turn|18
|
|t:|1667567722
|switch|p2a: Slowking|Slowking-Galar, M|100/100
|move|p1a: Dragapult|Dragon Darts|p2a: Slowking
|-damage|p2a: Slowking|61/100
|-anim|p1a: Dragapult|Dragon Darts|p2a: Slowking
|-damage|p2a: Slowking|24/100
|
|upkeep
|turn|19
|
|t:|1667567726
|switch|p2a: Buzzwole|Buzzwole|70/100
|move|p1a: Dragapult|Dragon Darts|p2a: Buzzwole
|-damage|p2a: Buzzwole|52/100
|-anim|p1a: Dragapult|Dragon Darts|p2a: Buzzwole
|-crit|p2a: Buzzwole
|-damage|p2a: Buzzwole|23/100
|
|upkeep
|turn|20
|
|t:|1667567740
|move|p1a: Dragapult|Dragon Darts|p2a: Buzzwole
|-damage|p2a: Buzzwole|4/100
|-anim|p1a: Dragapult|Dragon Darts|p2a: Buzzwole
|-damage|p2a: Buzzwole|0 fnt
|faint|p2a: Buzzwole
|
|upkeep
|inactive|Kimono Girl Lika has 120 seconds left.
|
|t:|1667567772
|switch|p2a: Tyranitar|Tyranitar, M|24/100 tox
|-weather|Sandstorm|[from] ability: Sand Stream|[of] p2a: Tyranitar
|turn|21
|inactive|Kimono Girl Lika has 120 seconds left.
|
|t:|1667567787
|switch|p2a: Tornadus|Tornadus-Therian, M|87/100
|move|p1a: Dragapult|Dragon Darts|p2a: Tornadus
|-damage|p2a: Tornadus|49/100
|-anim|p1a: Dragapult|Dragon Darts|p2a: Tornadus
|-damage|p2a: Tornadus|11/100
|
|-weather|Sandstorm|[upkeep]
|-damage|p1a: Dragapult|82/100|[from] Sandstorm
|-damage|p2a: Tornadus|5/100|[from] Sandstorm
|upkeep
|turn|22
|
|t:|1667567795
|move|p1a: Dragapult|Dragon Darts|p2a: Tornadus
|-damage|p2a: Tornadus|0 fnt
|faint|p2a: Tornadus
|
|-weather|Sandstorm|[upkeep]
|-damage|p1a: Dragapult|76/100|[from] Sandstorm
|upkeep
|
|t:|1667567800
|switch|p2a: Excadrill|Excadrill, F|34/100
|turn|23
|
|t:|1667567806
|switch|p1a: Landorus|Landorus-Therian, M|60/100
|-damage|p1a: Landorus|47/100|[from] Stealth Rock
|-ability|p1a: Landorus|Intimidate|boost
|-unboost|p2a: Excadrill|atk|1
|move|p2a: Excadrill|Drill Run|p1a: Landorus
|-immune|p1a: Landorus
|
|-weather|Sandstorm|[upkeep]
|upkeep
|turn|24
|
|t:|1667567819
|move|p2a: Excadrill|Swords Dance|p2a: Excadrill
|-boost|p2a: Excadrill|atk|2
|move|p1a: Landorus|U-turn|p2a: Excadrill
|-resisted|p2a: Excadrill
|-damage|p2a: Excadrill|15/100
|
|t:|1667567826
|switch|p1a: Zapdos|Zapdos|34/100|[from]move: U-turn
|
|-weather|Sandstorm|[upkeep]
|-damage|p1a: Zapdos|28/100|[from] Sandstorm
|upkeep
|turn|25
|
|t:|1667567836
|switch|p1a: Landorus|Landorus-Therian, M|47/100
|-damage|p1a: Landorus|35/100|[from] Stealth Rock
|-ability|p1a: Landorus|Intimidate|boost
|-unboost|p2a: Excadrill|atk|1
|move|p2a: Excadrill|Rock Blast|p1a: Landorus
|-damage|p1a: Landorus|27/100
|-damage|p1a: Landorus|18/100
|-crit|p1a: Landorus
|-damage|p1a: Landorus|6/100
|-damage|p1a: Landorus|0 fnt
|faint|p1a: Landorus
|-hitcount|p1: Landorus|4
|
|-weather|Sandstorm|[upkeep]
|upkeep
|
|t:|1667567848
|switch|p1a: Dragapult|Dragapult, M|76/100
|-damage|p1a: Dragapult|64/100|[from] Stealth Rock
|turn|26
|
|t:|1667567851
|move|p1a: Dragapult|Sucker Punch|p2a: Excadrill
|-damage|p2a: Excadrill|0 fnt
|faint|p2a: Excadrill
|
|-weather|Sandstorm|[upkeep]
|-damage|p1a: Dragapult|58/100|[from] Sandstorm
|upkeep
|c|☆Kimono Girl Lika|i should have known
|
|t:|1667567867
|switch|p2a: Tyranitar|Tyranitar, M|24/100 tox
|turn|27
|
|t:|1667567873
|switch|p1a: Heatran|Heatran, F|92/100
|-damage|p1a: Heatran|79/100|[from] Stealth Rock
|move|p2a: Tyranitar|Thunder Wave|p1a: Heatran
|-status|p1a: Heatran|par
|
|-weather|Sandstorm|[upkeep]
|-heal|p1a: Heatran|86/100 par|[from] item: Leftovers
|-damage|p2a: Tyranitar|18/100 tox|[from] psn
|upkeep
|turn|28
|
|t:|1667567884
|switch|p1a: Slowking|Slowking-Galar, M|100/100
|-damage|p1a: Slowking|88/100|[from] Stealth Rock
|move|p2a: Tyranitar|Earthquake|p1a: Slowking
|-supereffective|p1a: Slowking
|-damage|p1a: Slowking|28/100
|
|-weather|none
|-damage|p2a: Tyranitar|5/100 tox|[from] psn
|upkeep
|turn|29
|
|t:|1667567891
|switch|p1a: Zapdos|Zapdos|28/100
|move|p2a: Tyranitar|Rock Blast|p1a: Zapdos
|-supereffective|p1a: Zapdos
|-damage|p1a: Zapdos|11/100
|-supereffective|p1a: Zapdos
|-damage|p1a: Zapdos|0 fnt
|faint|p1a: Zapdos
|-hitcount|p1: Zapdos|2
|
|-damage|p2a: Tyranitar|0 fnt|[from] psn
|faint|p2a: Tyranitar
|upkeep
|
|t:|1667567902
|switch|p1a: Heatran|Heatran, F|86/100 par
|switch|p2a: Rillaboom|Rillaboom, M|100/100
|-fieldstart|move: Grassy Terrain|[from] ability: Grassy Surge|[of] p2a: Rillaboom
|-damage|p1a: Heatran|73/100 par|[from] Stealth Rock
|turn|30
|
|t:|1667567907
|move|p2a: Rillaboom|U-turn|p1a: Heatran
|-resisted|p1a: Heatran
|-damage|p1a: Heatran|65/100 par
|
|t:|1667567909
|switch|p2a: Slowking|Slowking-Galar, M|57/100|[from]move: U-turn
|move|p1a: Heatran|Magma Storm|p2a: Slowking|[miss]
|-miss|p1a: Heatran|p2a: Slowking
|
|-heal|p2a: Slowking|63/100|[from] Grassy Terrain
|-heal|p1a: Heatran|72/100 par|[from] Grassy Terrain
|-heal|p1a: Heatran|78/100 par|[from] item: Leftovers
|upkeep
|turn|31
|
|t:|1667567915
|move|p2a: Slowking|Scald|p1a: Heatran
|-supereffective|p1a: Heatran
|-damage|p1a: Heatran|50/100 par
|move|p1a: Heatran|Magma Storm|p2a: Slowking
|-damage|p2a: Slowking|45/100
|-activate|p2a: Slowking|move: Magma Storm|[of] p1a: Heatran
|
|-heal|p2a: Slowking|51/100|[from] Grassy Terrain
|-heal|p1a: Heatran|56/100 par|[from] Grassy Terrain
|-heal|p1a: Heatran|62/100 par|[from] item: Leftovers
|-damage|p2a: Slowking|39/100|[from] move: Magma Storm|[partiallytrapped]
|upkeep
|turn|32
|
|t:|1667567925
|move|p2a: Slowking|Scald|p1a: Heatran
|-supereffective|p1a: Heatran
|-damage|p1a: Heatran|34/100 par
|cant|p1a: Heatran|par
|
|-heal|p2a: Slowking|45/100|[from] Grassy Terrain
|-heal|p1a: Heatran|40/100 par|[from] Grassy Terrain
|-heal|p1a: Heatran|47/100 par|[from] item: Leftovers
|-damage|p2a: Slowking|32/100|[from] move: Magma Storm|[partiallytrapped]
|upkeep
|turn|33
|
|t:|1667567933
|move|p1a: Heatran|Protect|p1a: Heatran
|-singleturn|p1a: Heatran|Protect
|move|p2a: Slowking|Scald|p1a: Heatran
|-activate|p1a: Heatran|move: Protect
|
|-heal|p2a: Slowking|38/100|[from] Grassy Terrain
|-heal|p1a: Heatran|53/100 par|[from] Grassy Terrain
|-heal|p1a: Heatran|59/100 par|[from] item: Leftovers
|-damage|p2a: Slowking|26/100|[from] move: Magma Storm|[partiallytrapped]
|upkeep
|turn|34
|
|t:|1667567936
|move|p2a: Slowking|Scald|p1a: Heatran
|-supereffective|p1a: Heatran
|-damage|p1a: Heatran|33/100 par
|cant|p1a: Heatran|par
|
|-heal|p2a: Slowking|32/100|[from] Grassy Terrain
|-heal|p1a: Heatran|39/100 par|[from] Grassy Terrain
|-heal|p1a: Heatran|46/100 par|[from] item: Leftovers
|-damage|p2a: Slowking|20/100|[from] move: Magma Storm|[partiallytrapped]
|-fieldend|move: Grassy Terrain
|upkeep
|turn|35
|
|t:|1667567940
|move|p2a: Slowking|Scald|p1a: Heatran
|-supereffective|p1a: Heatran
|-damage|p1a: Heatran|17/100 par
|move|p1a: Heatran|Earth Power|p2a: Slowking
|-supereffective|p2a: Slowking
|-damage|p2a: Slowking|0 fnt
|faint|p2a: Slowking
|
|-heal|p1a: Heatran|23/100 par|[from] item: Leftovers
|upkeep
|
|t:|1667567944
|switch|p2a: Rillaboom|Rillaboom, M|100/100
|-fieldstart|move: Grassy Terrain|[from] ability: Grassy Surge|[of] p2a: Rillaboom
|turn|36
|
|t:|1667567953
|move|p2a: Rillaboom|Knock Off|p1a: Heatran
|-damage|p1a: Heatran|0 fnt
|-enditem|p1a: Heatran|Leftovers|[from] move: Knock Off|[of] p2a: Rillaboom
|faint|p1a: Heatran
|
|upkeep
|
|t:|1667567956
|switch|p1a: Tapu Lele|Tapu Lele|100/100
|-damage|p1a: Tapu Lele|88/100|[from] Stealth Rock
|-fieldstart|move: Psychic Terrain|[from] ability: Psychic Surge|[of] p1a: Tapu Lele
|turn|37
|
|t:|1667567959
|move|p1a: Tapu Lele|Psychic|p2a: Rillaboom
|-damage|p2a: Rillaboom|12/100
|move|p2a: Rillaboom|Knock Off|p1a: Tapu Lele
|-damage|p1a: Tapu Lele|10/100
|-enditem|p1a: Tapu Lele|Choice Scarf|[from] move: Knock Off|[of] p2a: Rillaboom
|
|upkeep
|turn|38
|
|t:|1667567963
|move|p1a: Tapu Lele|Psychic|p2a: Rillaboom
|-damage|p2a: Rillaboom|0 fnt
|faint|p2a: Rillaboom
|
|win|grasssoul
|raw|grasssoul's rating: 1567 &rarr; <strong>1586</strong><br />(+19 for winning)
|raw|Kimono Girl Lika's rating: 1552 &rarr; <strong>1533</strong><br />(-19 for losing)
|c|☆Kimono Girl Lika|gg
|c|☆Kimono Girl Lika|extra scary team
|c|☆grasssoul|hh
||Ladder isn't responding, score probably updated but might not have (Request timeout).
