|raw|<div class="broadcast-blue"><strong>This battle is required to be public due to a player having a name starting with 'lt94je'.</div>
|j|‽BLOODCLAT
|j|☆lt94je star
|t:|1661477898
|gametype|singles
|player|p1|BLOODCLAT|hoopster|1794
|player|p2|lt94je star|#uplxdurians|1916
|teamsize|p1|6
|teamsize|p2|6
|gen|8
|tier|[Gen 8] OU
|rated|
|rule|Sleep Clause Mod: Limit one foe put to sleep
|rule|Species Clause: Limit one of each Pokémon
|rule|OHKO Clause: OHKO moves are banned
|rule|Evasion Items Clause: Evasion items are banned
|rule|Evasion Moves Clause: Evasion moves are banned
|rule|Endless Battle Clause: Forcing endless battles is banned
|rule|HP Percentage Mod: HP is shown in percentages
|rule|Dynamax Clause: You cannot dynamax
|clearpoke
|poke|p1|Ferrothorn, F|
|poke|p1|Rotom-Wash|
|poke|p1|Tyranitar, F|
|poke|p1|Excadrill, M|
|poke|p1|Clefable, M|
|poke|p1|Dragapult, M|
|poke|p2|Tyranitar, F|
|poke|p2|Rotom-Wash|
|poke|p2|Clefable, M|
|poke|p2|Ferrothorn, F|
|poke|p2|Excadrill, M|
|poke|p2|Dragapult, M|
|teampreview
|inactive|Battle timer is ON: inactive players will automatically lose when time's up. (requested by lt94je star)
|j| 0meltdown
|
|t:|1661477955
|start
|switch|p1a: Clefable|Clefable, M|100/100
|switch|p2a: Clefable|Clefable, M|100/100
|turn|1
|j| Ace is senpai
|
|t:|1661477960
|move|p1a: Clefable|Knock Off|p2a: Clefable
|-resisted|p2a: Clefable
|-damage|p2a: Clefable|95/100
|-enditem|p2a: Clefable|Rocky Helmet|[from] move: Knock Off|[of] p1a: Clefable
|move|p2a: Clefable|Knock Off|p1a: Clefable
|-resisted|p1a: Clefable
|-damage|p1a: Clefable|94/100
|-enditem|p1a: Clefable|Rocky Helmet|[from] move: Knock Off|[of] p2a: Clefable
|
|upkeep
|turn|2
|
|t:|1661477962
|move|p1a: Clefable|Moonblast|p2a: Clefable
|-damage|p2a: Clefable|67/100
|-unboost|p2a: Clefable|spa|1
|move|p2a: Clefable|Stealth Rock|p1a: Clefable
|-sidestart|p1: BLOODCLAT|move: Stealth Rock
|
|upkeep
|turn|3
|
|t:|1661477965
|move|p1a: Clefable|Stealth Rock|p2a: Clefable
|-sidestart|p2: lt94je star|move: Stealth Rock
|move|p2a: Clefable|Soft-Boiled|p2a: Clefable
|-heal|p2a: Clefable|100/100
|
|upkeep
|turn|4
|
|t:|1661477969
|move|p1a: Clefable|Moonblast|p2a: Clefable
|-damage|p2a: Clefable|69/100
|move|p2a: Clefable|Moonblast|p1a: Clefable
|-damage|p1a: Clefable|74/100
|
|upkeep
|turn|5
|j| zeno420
|
|t:|1661477997
|move|p1a: Clefable|Knock Off|p2a: Clefable
|-resisted|p2a: Clefable
|-damage|p2a: Clefable|64/100
|move|p2a: Clefable|Soft-Boiled|p2a: Clefable
|-heal|p2a: Clefable|100/100
|
|upkeep
|turn|6
|
|t:|1661478005
|move|p1a: Clefable|Moonblast|p2a: Clefable
|-damage|p2a: Clefable|71/100
|move|p2a: Clefable|Moonblast|p1a: Clefable
|-damage|p1a: Clefable|56/100
|
|upkeep
|turn|7
|
|t:|1661478011
|move|p1a: Clefable|Soft-Boiled|p1a: Clefable
|-heal|p1a: Clefable|100/100
|move|p2a: Clefable|Moonblast|p1a: Clefable
|-damage|p1a: Clefable|80/100
|-unboost|p1a: Clefable|spa|1
|
|upkeep
|turn|8
|j| AlIoutdragadarts
|
|t:|1661478028
|move|p1a: Clefable|Moonblast|p2a: Clefable
|-damage|p2a: Clefable|49/100
|move|p2a: Clefable|Soft-Boiled|p2a: Clefable
|-heal|p2a: Clefable|99/100
|
|upkeep
|turn|9
|j| LT94JE EclipseY
|j| Starfire Scarlet
|inactive|BLOODCLAT has 120 seconds left.
|j| Akany
|
|t:|1661478059
|move|p1a: Clefable|Moonblast|p2a: Clefable
|-damage|p2a: Clefable|80/100
|move|p2a: Clefable|Moonblast|p1a: Clefable
|-damage|p1a: Clefable|60/100
|
|upkeep
|turn|10
|
|t:|1661478064
|move|p1a: Clefable|Knock Off|p2a: Clefable
|-resisted|p2a: Clefable
|-damage|p2a: Clefable|77/100
|move|p2a: Clefable|Moonblast|p1a: Clefable
|-damage|p1a: Clefable|43/100
|
|upkeep
|turn|11
|
|t:|1661478066
|move|p1a: Clefable|Soft-Boiled|p1a: Clefable
|-heal|p1a: Clefable|93/100
|move|p2a: Clefable|Moonblast|p1a: Clefable
|-damage|p1a: Clefable|73/100
|
|upkeep
|turn|12
|inactive|BLOODCLAT has 120 seconds left.
|
|t:|1661478097
|move|p1a: Clefable|Soft-Boiled|p1a: Clefable
|-heal|p1a: Clefable|100/100
|move|p2a: Clefable|Moonblast|p1a: Clefable
|-damage|p1a: Clefable|82/100
|-unboost|p1a: Clefable|spa|1
|
|upkeep
|turn|13
|j| LT94JE Herv
|
|t:|1661478105
|switch|p1a: Excadrill|Excadrill, M|100/100
|-damage|p1a: Excadrill|98/100|[from] Stealth Rock
|move|p2a: Clefable|Soft-Boiled|p2a: Clefable
|-heal|p2a: Clefable|100/100
|
|-heal|p1a: Excadrill|100/100|[from] item: Leftovers
|upkeep
|turn|14
|
|t:|1661478112
|switch|p1a: Clefable|Clefable, M|82/100
|switch|p2a: Ferrothorn|Ferrothorn, F|100/100
|-damage|p2a: Ferrothorn|94/100|[from] Stealth Rock
|
|-heal|p2a: Ferrothorn|100/100|[from] item: Leftovers
|upkeep
|turn|15
|j| NoTollsNoRolls
|
|t:|1661478125
|move|p1a: Clefable|Knock Off|p2a: Ferrothorn
|-crit|p2a: Ferrothorn
|-damage|p2a: Ferrothorn|87/100
|-activate|p2a: Ferrothorn|ability: Iron Barbs
|-enditem|p2a: Ferrothorn|Leftovers|[from] move: Knock Off|[of] p1a: Clefable
|move|p2a: Ferrothorn|Spikes|p1a: Clefable
|-sidestart|p1: BLOODCLAT|Spikes
|
|upkeep
|turn|16
|inactive|BLOODCLAT has 120 seconds left.
|
|t:|1661478152
|switch|p1a: Ferrothorn|Ferrothorn, F|100/100
|-damage|p1a: Ferrothorn|94/100|[from] Stealth Rock
|-damage|p1a: Ferrothorn|82/100|[from] Spikes
|move|p2a: Ferrothorn|Spikes|p1a: Ferrothorn
|-sidestart|p1: BLOODCLAT|Spikes
|
|-heal|p1a: Ferrothorn|88/100|[from] item: Leftovers
|upkeep
|turn|17
|j| lt94je nick
|j| egalvanc
|
|t:|1661478163
|move|p1a: Ferrothorn|Spikes|p2a: Ferrothorn
|-sidestart|p2: lt94je star|Spikes
|move|p2a: Ferrothorn|Iron Defense|p2a: Ferrothorn
|-boost|p2a: Ferrothorn|def|2
|
|-heal|p1a: Ferrothorn|94/100|[from] item: Leftovers
|upkeep
|turn|18
|l| Akany
|
|t:|1661478173
|switch|p1a: Dragapult|Dragapult, M|100/100
|-damage|p1a: Dragapult|88/100|[from] Stealth Rock
|-damage|p1a: Dragapult|72/100|[from] Spikes
|move|p2a: Ferrothorn|Body Press|p1a: Dragapult
|-immune|p1a: Dragapult
|
|upkeep
|turn|19
|j| LT94JE LOOR
|
|t:|1661478181
|switch|p2a: Clefable|Clefable, M|100/100
|move|p1a: Dragapult|Shadow Ball|p2a: Clefable
|-damage|p2a: Clefable|48/100
|
|upkeep
|turn|20
|c| egalvanc|Both using the same team lol
|
|t:|1661478190
|switch|p1a: Excadrill|Excadrill, M|100/100
|-damage|p1a: Excadrill|98/100|[from] Stealth Rock
|-damage|p1a: Excadrill|81/100|[from] Spikes
|switch|p2a: Tyranitar|Tyranitar, F|100/100
|-damage|p2a: Tyranitar|88/100|[from] Stealth Rock
|-damage|p2a: Tyranitar|76/100|[from] Spikes
|-weather|Sandstorm|[from] ability: Sand Stream|[of] p2a: Tyranitar
|
|-weather|Sandstorm|[upkeep]
|-heal|p1a: Excadrill|87/100|[from] item: Leftovers
|upkeep
|turn|21
|
|t:|1661478199
|switch|p2a: Ferrothorn|Ferrothorn, F|87/100
|-damage|p2a: Ferrothorn|80/100|[from] Stealth Rock
|-damage|p2a: Ferrothorn|68/100|[from] Spikes
|move|p1a: Excadrill|Rapid Spin|p2a: Ferrothorn
|-resisted|p2a: Ferrothorn
|-damage|p2a: Ferrothorn|62/100
|-boost|p1a: Excadrill|spe|1
|-damage|p1a: Excadrill|75/100|[from] ability: Iron Barbs|[of] p2a: Ferrothorn
|-sideend|p1: BLOODCLAT|Spikes|[from] move: Rapid Spin|[of] p1a: Excadrill
|-sideend|p1: BLOODCLAT|Stealth Rock|[from] move: Rapid Spin|[of] p1a: Excadrill
|
|-weather|Sandstorm|[upkeep]
|-heal|p1a: Excadrill|81/100|[from] item: Leftovers
|upkeep
|turn|22
|
|t:|1661478207
|switch|p1a: Dragapult|Dragapult, M|72/100
|move|p2a: Ferrothorn|Spikes|p1a: Dragapult
|-sidestart|p1: BLOODCLAT|Spikes
|
|-weather|Sandstorm|[upkeep]
|-damage|p1a: Dragapult|66/100|[from] Sandstorm
|upkeep
|turn|23
|
|t:|1661478212
|switch|p2a: Rotom|Rotom-Wash|100/100
|-damage|p2a: Rotom|88/100|[from] Stealth Rock
|move|p1a: Dragapult|Shadow Ball|p2a: Rotom
|-damage|p2a: Rotom|44/100
|
|-weather|Sandstorm|[upkeep]
|-damage|p1a: Dragapult|60/100|[from] Sandstorm
|-damage|p2a: Rotom|38/100|[from] Sandstorm
|-heal|p2a: Rotom|44/100|[from] item: Leftovers
|upkeep
|turn|24
|
|t:|1661478218
|move|p1a: Dragapult|Shadow Ball|p2a: Rotom
|-damage|p2a: Rotom|1/100
|-unboost|p2a: Rotom|spd|1
|move|p2a: Rotom|Pain Split|p1a: Dragapult
|-sethp|p1a: Dragapult|30/100|[from] move: Pain Split|[silent]
|-sethp|p2a: Rotom|31/100|[from] move: Pain Split
|
|-weather|none
|-heal|p2a: Rotom|38/100|[from] item: Leftovers
|upkeep
|turn|25
|
|t:|1661478224
|switch|p2a: Tyranitar|Tyranitar, F|76/100
|-damage|p2a: Tyranitar|64/100|[from] Stealth Rock
|-damage|p2a: Tyranitar|51/100|[from] Spikes
|-weather|Sandstorm|[from] ability: Sand Stream|[of] p2a: Tyranitar
|move|p1a: Dragapult|Shadow Ball|p2a: Tyranitar
|-resisted|p2a: Tyranitar
|-damage|p2a: Tyranitar|32/100
|
|-weather|Sandstorm|[upkeep]
|-damage|p1a: Dragapult|24/100|[from] Sandstorm
|upkeep
|turn|26
|j| Didnt Have Fun
|
|t:|1661478231
|switch|p1a: Ferrothorn|Ferrothorn, F|94/100
|-damage|p1a: Ferrothorn|82/100|[from] Spikes
|move|p2a: Tyranitar|Superpower|p1a: Ferrothorn
|-supereffective|p1a: Ferrothorn
|-damage|p1a: Ferrothorn|0 fnt
|-unboost|p2a: Tyranitar|atk|1
|-unboost|p2a: Tyranitar|def|1
|-damage|p2a: Tyranitar|20/100|[from] ability: Iron Barbs|[of] p1a: Ferrothorn
|faint|p1a: Ferrothorn
|
|-weather|Sandstorm|[upkeep]
|upkeep
|
|t:|1661478235
|switch|p1a: Excadrill|Excadrill, M|81/100
|-damage|p1a: Excadrill|69/100|[from] Spikes
|turn|27
|
|t:|1661478247
|switch|p2a: Rotom|Rotom-Wash|38/100
|-damage|p2a: Rotom|25/100|[from] Stealth Rock
|move|p1a: Excadrill|Iron Head|p2a: Rotom
|-resisted|p2a: Rotom
|-damage|p2a: Rotom|13/100
|
|-weather|Sandstorm|[upkeep]
|-damage|p2a: Rotom|7/100|[from] Sandstorm
|-heal|p1a: Excadrill|75/100|[from] item: Leftovers
|-heal|p2a: Rotom|13/100|[from] item: Leftovers
|upkeep
|turn|28
|
|t:|1661478253
|move|p1a: Excadrill|Rapid Spin|p2a: Rotom
|-damage|p2a: Rotom|0 fnt
|-boost|p1a: Excadrill|spe|1
|-sideend|p1: BLOODCLAT|Spikes|[from] move: Rapid Spin|[of] p1a: Excadrill
|faint|p2a: Rotom
|
|-weather|Sandstorm|[upkeep]
|-heal|p1a: Excadrill|81/100|[from] item: Leftovers
|upkeep
|
|t:|1661478257
|switch|p2a: Ferrothorn|Ferrothorn, F|62/100
|-damage|p2a: Ferrothorn|56/100|[from] Stealth Rock
|-damage|p2a: Ferrothorn|43/100|[from] Spikes
|turn|29
|inactive|BLOODCLAT has 120 seconds left.
|j| 1999dotaxj
|
|t:|1661478293
|switch|p1a: Clefable|Clefable, M|82/100
|move|p2a: Ferrothorn|Body Press|p1a: Clefable
|-resisted|p1a: Clefable
|-damage|p1a: Clefable|70/100
|
|-weather|none
|upkeep
|turn|30
|inactive|BLOODCLAT has 120 seconds left.
|l| 1999dotaxj
|
|t:|1661478299
|switch|p1a: Tyranitar|Tyranitar, F|100/100
|-weather|Sandstorm|[from] ability: Sand Stream|[of] p1a: Tyranitar
|move|p2a: Ferrothorn|Spikes|p1a: Tyranitar
|-sidestart|p1: BLOODCLAT|Spikes
|
|-weather|Sandstorm|[upkeep]
|upkeep
|turn|31
|
|t:|1661478308
|switch|p2a: Tyranitar|Tyranitar, F|20/100
|-damage|p2a: Tyranitar|8/100|[from] Stealth Rock
|-damage|p2a: Tyranitar|0 fnt|[from] Spikes
|faint|p2a: Tyranitar
|move|p1a: Tyranitar|Crunch|p2: Tyranitar|[notarget]
|-fail|p1a: Tyranitar
|
|-weather|Sandstorm|[upkeep]
|upkeep
|j| Wingdraa
|
|t:|1661478315
|switch|p2a: Excadrill|Excadrill, M|100/100
|-damage|p2a: Excadrill|97/100|[from] Stealth Rock
|-damage|p2a: Excadrill|85/100|[from] Spikes
|turn|32
|
|t:|1661478319
|move|p2a: Excadrill|Rapid Spin|p1a: Tyranitar
|-resisted|p1a: Tyranitar
|-damage|p1a: Tyranitar|92/100
|-boost|p2a: Excadrill|spe|1
|-sideend|p2: lt94je star|Spikes|[from] move: Rapid Spin|[of] p2a: Excadrill
|-sideend|p2: lt94je star|Stealth Rock|[from] move: Rapid Spin|[of] p2a: Excadrill
|move|p1a: Tyranitar|Crunch|p2a: Excadrill
|-damage|p2a: Excadrill|0 fnt
|faint|p2a: Excadrill
|
|-weather|Sandstorm|[upkeep]
|upkeep
|
|t:|1661478323
|switch|p2a: Clefable|Clefable, M|48/100
|turn|33
|
|t:|1661478329
|switch|p1a: Excadrill|Excadrill, M|81/100
|-damage|p1a: Excadrill|69/100|[from] Spikes
|switch|p2a: Dragapult|Dragapult, M|100/100
|
|-weather|Sandstorm|[upkeep]
|-damage|p2a: Dragapult|95/100|[from] Sandstorm
|-heal|p1a: Excadrill|75/100|[from] item: Leftovers
|upkeep
|turn|34
|
|t:|1661478336
|switch|p1a: Rotom|Rotom-Wash|100/100
|move|p2a: Dragapult|Shadow Ball|p1a: Rotom
|-damage|p1a: Rotom|47/100
|
|-weather|none
|-heal|p1a: Rotom|53/100|[from] item: Leftovers
|upkeep
|turn|35
|
|t:|1661478339
|move|p2a: Dragapult|Shadow Ball|p1a: Rotom
|-damage|p1a: Rotom|0 fnt
|faint|p1a: Rotom
|
|upkeep
|
|t:|1661478341
|switch|p1a: Tyranitar|Tyranitar, F|92/100
|-damage|p1a: Tyranitar|80/100|[from] Spikes
|-weather|Sandstorm|[from] ability: Sand Stream|[of] p1a: Tyranitar
|turn|36
|
|t:|1661478355
|switch|p2a: Clefable|Clefable, M|48/100
|move|p1a: Tyranitar|Crunch|p2a: Clefable
|-resisted|p2a: Clefable
|-damage|p2a: Clefable|22/100
|
|-weather|Sandstorm|[upkeep]
|upkeep
|turn|37
|
|t:|1661478358
|move|p1a: Tyranitar|Crunch|p2a: Clefable
|-resisted|p2a: Clefable
|-damage|p2a: Clefable|0 fnt
|faint|p2a: Clefable
|
|-weather|Sandstorm|[upkeep]
|upkeep
|
|t:|1661478359
|switch|p2a: Ferrothorn|Ferrothorn, F|43/100
|turn|38
|
|t:|1661478363
|switch|p1a: Clefable|Clefable, M|70/100
|move|p2a: Ferrothorn|Body Press|p1a: Clefable
|-resisted|p1a: Clefable
|-damage|p1a: Clefable|56/100
|
|-weather|Sandstorm|[upkeep]
|upkeep
|turn|39
|
|t:|1661478368
|move|p1a: Clefable|Soft-Boiled|p1a: Clefable
|-heal|p1a: Clefable|100/100
|move|p2a: Ferrothorn|Spikes|p1a: Clefable
|-sidestart|p1: BLOODCLAT|Spikes
|
|-weather|Sandstorm|[upkeep]
|upkeep
|turn|40
|-message|lt94je star forfeited.
|
|win|BLOODCLAT
|raw|BLOODCLAT's rating: 1818 &rarr; <strong>1843</strong><br />(+25 for winning)
|raw|lt94je star's rating: 1916 &rarr; <strong>1891</strong><br />(-25 for losing)
|l|☆lt94je star
|l| 0meltdown
|l|‽BLOODCLAT
|l| NoTollsNoRolls
|l| Didnt Have Fun
|j| lt94je pwns
|j| lt91bb bj
|l| Wingdraa
|l| lt91bb bj
|j|‽BLOODCLAT
|player|p1|BLOODCLAT|hoopster
||Ladder isn't responding, score probably updated but might not have (Request timeout).
