|j|☆Bassyxx
|j|☆LickylickyMyPP
|player|p1|Bassyxx|teammagmagruntf-gen3|1168
|player|p2|LickylickyMyPP|drayden|1180
|teamsize|p1|6
|teamsize|p2|6
|gametype|singles
|gen|8
|tier|[Gen 8] OU
|rated|
|html|<div class="broadcast-blue"><strong>OU is currently suspecting Dracovish! For information on how to participate check out the <a href="https://www.smogon.com/forums/threads/3664521/">suspect thread</a>.</strong></div>
|clearpoke
|poke|p1|Arcanine, M|
|poke|p1|Kyurem|
|poke|p1|Torkoal, M|
|poke|p1|Zeraora|
|poke|p1|Venusaur, M|
|poke|p1|Dragapult, F|
|poke|p2|Chandelure, F|
|poke|p2|Vaporeon, F|
|poke|p2|Clefable, M|
|poke|p2|Corviknight, M|
|poke|p2|Piloswine, F|
|poke|p2|Dottler, F|
|rule|Sleep Clause Mod: Limit one foe put to sleep
|rule|Species Clause: Limit one of each Pokémon
|rule|OHKO Clause: OHKO moves are banned
|rule|Evasion Moves Clause: Evasion moves are banned
|rule|Endless Battle Clause: Forcing endless battles is banned
|rule|HP Percentage Mod: HP is shown in percentages
|rule|Dynamax Clause: You cannot dynamax
|teampreview
|inactive|Battle timer is ON: inactive players will automatically lose when time's up. (requested by Bassyxx)
|
|start
|switch|p1a: Torkoal|Torkoal, M|100/100
|switch|p2a: Dottler|Dottler, F|100/100
|-weather|SunnyDay|[from] ability: Drought|[of] p1a: Torkoal
|turn|1
|
|move|p2a: Dottler|Sticky Web|p1a: Torkoal
|-sidestart|p1: Bassyxx|move: Sticky Web
|move|p1a: Torkoal|Overheat|p2a: Dottler
|-supereffective|p2a: Dottler
|-damage|p2a: Dottler|9/100
|-unboost|p1a: Torkoal|spa|2
|
|-weather|SunnyDay|[upkeep]
|upkeep
|turn|2
|
|move|p2a: Dottler|Recover|p2a: Dottler
|-heal|p2a: Dottler|60/100
|move|p1a: Torkoal|Yawn|p2a: Dottler
|-start|p2a: Dottler|move: Yawn|[of] p1a: Torkoal
|
|-weather|SunnyDay|[upkeep]
|upkeep
|turn|3
|
|switch|p2a: Chandelure|Chandelure, F, shiny|100/100
|switch|p1a: Venusaur|Venusaur, M|100/100
|-activate|p1a: Venusaur|move: Sticky Web
|-unboost|p1a: Venusaur|spe|1
|
|-weather|SunnyDay|[upkeep]
|upkeep
|turn|4
|
|switch|p1a: Kyurem|Kyurem|100/100
|-activate|p1a: Kyurem|move: Sticky Web
|-unboost|p1a: Kyurem|spe|1
|-ability|p1a: Kyurem|Pressure
|move|p2a: Chandelure|Flamethrower|p1a: Kyurem
|-damage|p1a: Kyurem|61/100
|
|-weather|SunnyDay|[upkeep]
|upkeep
|turn|5
|c|☆LickylickyMyPP|Girl
|
|switch|p2a: Corviknight|Corviknight, M, shiny|100/100
|-ability|p2a: Corviknight|Pressure
|move|p1a: Kyurem|Earth Power|p2a: Corviknight
|-immune|p2a: Corviknight
|
|-weather|SunnyDay|[upkeep]
|upkeep
|turn|6
|
|switch|p1a: Arcanine|Arcanine, M|100/100
|-activate|p1a: Arcanine|move: Sticky Web
|-unboost|p1a: Arcanine|spe|1
|-ability|p1a: Arcanine|Intimidate|boost
|-unboost|p2a: Corviknight|atk|1
|move|p2a: Corviknight|U-turn|p1a: Arcanine
|-resisted|p1a: Arcanine
|-damage|p1a: Arcanine|94/100
|
|switch|p2a: Piloswine|Piloswine, F|100/100|[from]move: U-turn
|
|-weather|SunnyDay|[upkeep]
|upkeep
|turn|7
|
|move|p1a: Arcanine|Flare Blitz|p2a: Piloswine
|-supereffective|p2a: Piloswine
|-damage|p2a: Piloswine|7/100
|-damage|p1a: Arcanine|61/100|[from] Recoil
|move|p2a: Piloswine|Earthquake|p1a: Arcanine
|-supereffective|p1a: Arcanine
|-damage|p1a: Arcanine|0 fnt
|faint|p1a: Arcanine
|
|-weather|SunnyDay|[upkeep]
|upkeep
|
|switch|p1a: Dragapult|Dragapult, F|100/100
|-activate|p1a: Dragapult|move: Sticky Web
|-unboost|p1a: Dragapult|spe|1
|turn|8
|
|move|p2a: Piloswine|Ice Shard|p1a: Dragapult
|-supereffective|p1a: Dragapult
|-damage|p1a: Dragapult|49/100
|move|p1a: Dragapult|Substitute|p1a: Dragapult
|-start|p1a: Dragapult|Substitute
|-damage|p1a: Dragapult|24/100
|
|-weather|none
|-heal|p1a: Dragapult|30/100|[from] item: Leftovers
|upkeep
|turn|9
|
|move|p2a: Piloswine|Ice Shard|p1a: Dragapult
|-supereffective|p1a: Dragapult
|-end|p1a: Dragapult|Substitute
|move|p1a: Dragapult|Phantom Force||[still]
|-prepare|p1a: Dragapult|Phantom Force|p2a: Piloswine
|
|-heal|p1a: Dragapult|36/100|[from] item: Leftovers
|upkeep
|turn|10
|
|switch|p2a: Corviknight|Corviknight, M, shiny|100/100
|-ability|p2a: Corviknight|Pressure
|move|p1a: Dragapult|Phantom Force|p2a: Corviknight|[from]lockedmove
|-damage|p2a: Corviknight|71/100
|
|-heal|p1a: Dragapult|42/100|[from] item: Leftovers
|-heal|p2a: Corviknight|77/100|[from] item: Leftovers
|upkeep
|turn|11
|
|move|p1a: Dragapult|Substitute|p1a: Dragapult
|-start|p1a: Dragapult|Substitute
|-damage|p1a: Dragapult|18/100
|move|p2a: Corviknight|U-turn|p1a: Dragapult
|-resisted|p1a: Dragapult
|-activate|p1a: Dragapult|move: Substitute|[damage]
|
|switch|p2a: Chandelure|Chandelure, F, shiny|100/100|[from]move: U-turn
|
|-heal|p1a: Dragapult|24/100|[from] item: Leftovers
|upkeep
|turn|12
|
|move|p2a: Chandelure|Shadow Ball|p1a: Dragapult
|-supereffective|p1a: Dragapult
|-damage|p1a: Dragapult|0 fnt
|faint|p1a: Dragapult
|
|upkeep
|
|switch|p1a: Kyurem|Kyurem|61/100
|-activate|p1a: Kyurem|move: Sticky Web
|-unboost|p1a: Kyurem|spe|1
|-ability|p1a: Kyurem|Pressure
|turn|13
|
|move|p2a: Chandelure|Shadow Ball|p1a: Kyurem
|-damage|p1a: Kyurem|35/100
|move|p1a: Kyurem|Freeze-Dry|p2a: Chandelure
|-resisted|p2a: Chandelure
|-damage|p2a: Chandelure|73/100
|
|upkeep
|turn|14
|
|move|p2a: Chandelure|Shadow Ball|p1a: Kyurem
|-damage|p1a: Kyurem|10/100
|move|p1a: Kyurem|Earth Power|p2a: Chandelure
|-supereffective|p2a: Chandelure
|-damage|p2a: Chandelure|0 fnt
|faint|p2a: Chandelure
|
|upkeep
|
|switch|p2a: Piloswine|Piloswine, F|7/100
|turn|15
|
|move|p2a: Piloswine|Earthquake|p1a: Kyurem
|-damage|p1a: Kyurem|0 fnt
|faint|p1a: Kyurem
|
|upkeep
|
|switch|p1a: Torkoal|Torkoal, M|100/100
|-activate|p1a: Torkoal|move: Sticky Web
|-unboost|p1a: Torkoal|spe|1
|-weather|SunnyDay|[from] ability: Drought|[of] p1a: Torkoal
|turn|16
|
|move|p2a: Piloswine|Earthquake|p1a: Torkoal
|-supereffective|p1a: Torkoal
|-damage|p1a: Torkoal|49/100
|move|p1a: Torkoal|Overheat|p2a: Piloswine|[miss]
|-miss|p1a: Torkoal|p2a: Piloswine
|
|-weather|SunnyDay|[upkeep]
|upkeep
|turn|17
|
|move|p2a: Piloswine|Earthquake|p1a: Torkoal
|-supereffective|p1a: Torkoal
|-damage|p1a: Torkoal|0 fnt
|faint|p1a: Torkoal
|
|-weather|SunnyDay|[upkeep]
|upkeep
|c|☆LickylickyMyPP|Lol
|c|☆Bassyxx|Bye
|-message|Bassyxx forfeited.
|
|win|LickylickyMyPP
|l|☆Bassyxx
|raw|Bassyxx's rating: 1168 &rarr; <strong>1144</strong><br />(-24 for losing)
|raw|LickylickyMyPP's rating: 1180 &rarr; <strong>1204</strong><br />(+24 for winning)
