|j|☆minimax_ai
|j|☆El Stefano
|t:|1661862211
|gametype|singles
|player|p1|minimax_ai|lusamine-nihilego|1707
|player|p2|El Stefano|102|1727
|teamsize|p1|6
|teamsize|p2|6
|gen|8
|tier|[Gen 8] OU
|rated|
|rule|Sleep Clause Mod: Limit one foe put to sleep
|rule|Species Clause: Limit one of each Pokémon
|rule|OHKO Clause: OHKO moves are banned
|rule|Evasion Items Clause: Evasion items are banned
|rule|Evasion Moves Clause: Evasion moves are banned
|rule|Endless Battle Clause: Forcing endless battles is banned
|rule|HP Percentage Mod: HP is shown in percentages
|rule|Dynamax Clause: You cannot dynamax
|clearpoke
|poke|p1|Rotom-Wash|
|poke|p1|Weavile, F|
|poke|p1|Landorus-Therian, M|
|poke|p1|Heatran, M|
|poke|p1|Tangrowth, M|
|poke|p1|Melmetal|
|poke|p2|Jirachi|
|poke|p2|Azumarill, F|
|poke|p2|Kartana|
|poke|p2|Garchomp, M|
|poke|p2|Mew|
|poke|p2|Bisharp, F|
|teampreview
|c|☆minimax_ai|hf
|inactive|Battle timer is ON: inactive players will automatically lose when time's up. (requested by minimax_ai)
|
|t:|1661862218
|start
|switch|p1a: landorustherian|Landorus-Therian, M|100/100
|switch|p2a: Jirachi|Jirachi|100/100
|-ability|p1a: landorustherian|Intimidate|boost
|-unboost|p2a: Jirachi|atk|1
|turn|1
|
|t:|1661862224
|move|p2a: Jirachi|Iron Head|p1a: landorustherian
|-damage|p1a: landorustherian|77/100
|cant|p1a: landorustherian|flinch
|
|-heal|p1a: landorustherian|83/100|[from] item: Leftovers
|upkeep
|turn|2
|
|t:|1661862230
|move|p2a: Jirachi|Iron Head|p1a: landorustherian
|-damage|p1a: landorustherian|60/100
|move|p1a: landorustherian|Earthquake|p2a: Jirachi
|-supereffective|p2a: Jirachi
|-damage|p2a: Jirachi|2/100
|
|-heal|p1a: landorustherian|66/100|[from] item: Leftovers
|upkeep
|turn|3
|
|t:|1661862239
|switch|p2a: Mew|Mew|100/100
|move|p1a: landorustherian|Earthquake|p2a: Mew
|-damage|p2a: Mew|49/100
|
|-heal|p1a: landorustherian|72/100|[from] item: Leftovers
|upkeep
|turn|4
|
|t:|1661862244
|move|p2a: Mew|Dragon Dance|p2a: Mew
|-boost|p2a: Mew|atk|1
|-boost|p2a: Mew|spe|1
|move|p1a: landorustherian|Earthquake|p2a: Mew
|-damage|p2a: Mew|0 fnt
|faint|p2a: Mew
|
|-heal|p1a: landorustherian|78/100|[from] item: Leftovers
|upkeep
|
|t:|1661862247
|switch|p2a: Kartana|Kartana|100/100
|turn|5
|
|t:|1661862250
|switch|p1a: Tangrowth|Tangrowth, M|100/100
|move|p2a: Kartana|Swords Dance|p2a: Kartana
|-boost|p2a: Kartana|atk|2
|
|upkeep
|turn|6
|
|t:|1661862254
|move|p2a: Kartana|Swords Dance|p2a: Kartana
|-boost|p2a: Kartana|atk|2
|move|p1a: Tangrowth|Focus Blast|p2a: Kartana
|-supereffective|p2a: Kartana
|-damage|p2a: Kartana|0 fnt
|faint|p2a: Kartana
|
|upkeep
|
|t:|1661862267
|switch|p2a: Garchomp|Garchomp, M|100/100
|turn|7
|
|t:|1661862269
|move|p2a: Garchomp|Swords Dance|p2a: Garchomp
|-boost|p2a: Garchomp|atk|2
|move|p1a: Tangrowth|Sleep Powder|p2a: Garchomp
|-status|p2a: Garchomp|slp|[from] move: Sleep Powder
|
|upkeep
|turn|8
|
|t:|1661862273
|cant|p2a: Garchomp|slp
|move|p1a: Tangrowth|Giga Drain|p2a: Garchomp
|-damage|p2a: Garchomp|71/100 slp
|
|upkeep
|turn|9
|
|t:|1661862277
|cant|p2a: Garchomp|slp
|move|p1a: Tangrowth|Giga Drain|p2a: Garchomp
|-damage|p2a: Garchomp|43/100 slp
|
|upkeep
|turn|10
|
|t:|1661862280
|cant|p2a: Garchomp|slp
|move|p1a: Tangrowth|Giga Drain|p2a: Garchomp
|-damage|p2a: Garchomp|14/100 slp
|
|upkeep
|turn|11
|
|t:|1661862284
|-curestatus|p2a: Garchomp|slp|[msg]
|move|p2a: Garchomp|Fire Fang|p1a: Tangrowth
|-supereffective|p1a: Tangrowth
|-damage|p1a: Tangrowth|40/100
|-damage|p2a: Garchomp|0 fnt|[from] item: Rocky Helmet|[of] p1a: Tangrowth
|faint|p2a: Garchomp
|move|p1a: Tangrowth|Giga Drain|p2: Garchomp|[notarget]
|-fail|p1a: Tangrowth
|
|upkeep
|
|t:|1661862288
|switch|p2a: Bisharp|Bisharp, F|100/100
|turn|12
|
|t:|1661862291
|switch|p1a: Melmetal|Melmetal|100/100
|move|p2a: Bisharp|Swords Dance|p2a: Bisharp
|-boost|p2a: Bisharp|atk|2
|
|upkeep
|turn|13
|
|t:|1661862296
|move|p2a: Bisharp|Knock Off|p1a: Melmetal
|-crit|p1a: Melmetal
|-damage|p1a: Melmetal|0 fnt
|-enditem|p1a: Melmetal|Assault Vest|[from] move: Knock Off|[of] p2a: Bisharp
|faint|p1a: Melmetal
|
|upkeep
|
|t:|1661862296
|switch|p1a: Heatran|Heatran, M|100/100
|-item|p1a: Heatran|Air Balloon
|turn|14
|
|t:|1661862300
|move|p1a: Heatran|Magma Storm|p2a: Bisharp
|-supereffective|p2a: Bisharp
|-damage|p2a: Bisharp|0 fnt
|faint|p2a: Bisharp
|
|upkeep
|j| xxoo for ever
|
|t:|1661862303
|switch|p2a: Azumarill|Azumarill, F|100/100
|turn|15
|
|t:|1661862308
|move|p1a: Heatran|Magma Storm|p2a: Azumarill
|-resisted|p2a: Azumarill
|-damage|p2a: Azumarill|69/100
|-activate|p2a: Azumarill|move: Magma Storm|[of] p1a: Heatran
|move|p2a: Azumarill|Belly Drum|p2a: Azumarill
|-damage|p2a: Azumarill|20/100
|-setboost|p2a: Azumarill|atk|6|[from] move: Belly Drum
|-enditem|p2a: Azumarill|Sitrus Berry|[eat]
|-heal|p2a: Azumarill|44/100|[from] item: Sitrus Berry
|
|-damage|p2a: Azumarill|32/100|[from] move: Magma Storm|[partiallytrapped]
|upkeep
|turn|16
|
|t:|1661862312
|move|p2a: Azumarill|Aqua Jet|p1a: Heatran
|-supereffective|p1a: Heatran
|-damage|p1a: Heatran|0 fnt
|-enditem|p1a: Heatran|Air Balloon
|faint|p1a: Heatran
|
|-end|p2a: Azumarill|Magma Storm|[partiallytrapped]|[silent]
|upkeep
|
|t:|1661862312
|switch|p1a: Tangrowth|Tangrowth, M|73/100
|turn|17
|
|t:|1661862320
|move|p2a: Azumarill|Knock Off|p1a: Tangrowth
|-damage|p1a: Tangrowth|0 fnt
|-damage|p2a: Azumarill|15/100|[from] item: Rocky Helmet|[of] p1a: Tangrowth
|-enditem|p1a: Tangrowth|Rocky Helmet|[from] move: Knock Off|[of] p2a: Azumarill
|faint|p1a: Tangrowth
|
|upkeep
|
|t:|1661862320
|switch|p1a: Weavile|Weavile, F|100/100
|-ability|p1a: Weavile|Pressure
|turn|18
|
|t:|1661862324
|move|p1a: Weavile|Ice Shard|p2a: Azumarill
|-resisted|p2a: Azumarill
|-damage|p2a: Azumarill|0 fnt
|faint|p2a: Azumarill
|
|upkeep
|j| Nikon1
|-message|El Stefano forfeited.
|
|win|minimax_ai
|raw|minimax_ai's rating: 1707 &rarr; <strong>1728</strong><br />(+21 for winning)
|raw|El Stefano's rating: 1727 &rarr; <strong>1706</strong><br />(-21 for losing)
|c|☆minimax_ai|gg
|l|☆El Stefano
