|j|☆kingdragongod
|j|☆Makuryu
|t:|1643124018
|gametype|singles
|player|p1|kingdragongod|1|1633
|player|p2|Makuryu|koga|1712
|teamsize|p1|6
|teamsize|p2|6
|gen|8
|tier|[Gen 8] OU
|rated|
|rule|Sleep Clause Mod: Limit one foe put to sleep
|rule|Species Clause: Limit one of each Pokémon
|rule|OHKO Clause: OHKO moves are banned
|rule|Evasion Moves Clause: Evasion moves are banned
|rule|Endless Battle Clause: Forcing endless battles is banned
|rule|HP Percentage Mod: HP is shown in percentages
|rule|Dynamax Clause: You cannot dynamax
|clearpoke
|poke|p1|Mew|
|poke|p1|Landorus-Therian, M|
|poke|p1|Kartana|
|poke|p1|Tapu Koko|
|poke|p1|Hawlucha, M|
|poke|p1|Zapdos-Galar|
|poke|p2|Bisharp, F|
|poke|p2|Zapdos-Galar|
|poke|p2|Mew|
|poke|p2|Rillaboom, F|
|poke|p2|Garchomp, F|
|poke|p2|Dragapult, M|
|teampreview
|inactive|Battle timer is ON: inactive players will automatically lose when time's up. (requested by kingdragongod)
|
|t:|1643124025
|start
|switch|p1a: Mew|Mew|100/100
|switch|p2a: Mew|Mew|100/100
|turn|1
|
|t:|1643124030
|move|p1a: Mew|Stealth Rock|p2a: Mew
|-sidestart|p2: Makuryu|move: Stealth Rock
|move|p2a: Mew|Taunt|p1a: Mew
|-start|p1a: Mew|move: Taunt
|
|upkeep
|turn|2
|
|t:|1643124035
|move|p2a: Mew|Stealth Rock|p1a: Mew
|-sidestart|p1: kingdragongod|move: Stealth Rock
|move|p1a: Mew|Ice Beam|p2a: Mew
|-damage|p2a: Mew|73/100
|
|upkeep
|turn|3
|
|t:|1643124040
|move|p2a: Mew|Spikes|p1a: Mew
|-sidestart|p1: kingdragongod|Spikes
|move|p1a: Mew|Ice Beam|p2a: Mew
|-damage|p2a: Mew|45/100
|
|upkeep
|turn|4
|
|t:|1643124045
|move|p2a: Mew|Spikes|p1a: Mew
|-sidestart|p1: kingdragongod|Spikes
|move|p1a: Mew|Ice Beam|p2a: Mew
|-damage|p2a: Mew|19/100
|
|-end|p1a: Mew|move: Taunt
|upkeep
|turn|5
|
|t:|1643124051
|move|p1a: Mew|Ice Beam|p2a: Mew
|-damage|p2a: Mew|0 fnt
|faint|p2a: Mew
|
|upkeep
|
|t:|1643124057
|switch|p2a: Bisharp|Bisharp, F|100/100
|-damage|p2a: Bisharp|95/100|[from] Stealth Rock
|turn|6
|
|t:|1643124062
|move|p1a: Mew|Flamethrower|p2a: Bisharp
|-supereffective|p2a: Bisharp
|-damage|p2a: Bisharp|11/100
|move|p2a: Bisharp|Knock Off|p1a: Mew
|-supereffective|p1a: Mew
|-enditem|p1a: Mew|Focus Sash
|-damage|p1a: Mew|1/100
|
|upkeep
|turn|7
|
|t:|1643124069
|move|p2a: Bisharp|Sucker Punch|p1a: Mew
|-supereffective|p1a: Mew
|-damage|p1a: Mew|0 fnt
|faint|p1a: Mew
|
|upkeep
|
|t:|1643124073
|switch|p1a: Tapu Koko|Tapu Koko|100/100
|-damage|p1a: Tapu Koko|88/100|[from] Stealth Rock
|-damage|p1a: Tapu Koko|72/100|[from] Spikes
|-fieldstart|move: Electric Terrain|[from] ability: Electric Surge|[of] p1a: Tapu Koko
|turn|8
|
|t:|1643124080
|move|p1a: Tapu Koko|Reflect|p1a: Tapu Koko
|-sidestart|p1: kingdragongod|Reflect
|move|p2a: Bisharp|Iron Head|p1a: Tapu Koko
|-damage|p1a: Tapu Koko|40/100
|
|upkeep
|turn|9
|
|t:|1643124086
|move|p1a: Tapu Koko|U-turn|p2a: Bisharp
|-crit|p2a: Bisharp
|-damage|p2a: Bisharp|0 fnt
|faint|p2a: Bisharp
|
|t:|1643124088
|switch|p1a: Hawlucha|Hawlucha, M|100/100|[from]move: U-turn
|-damage|p1a: Hawlucha|88/100|[from] Stealth Rock
|-enditem|p1a: Hawlucha|Electric Seed
|-boost|p1a: Hawlucha|def|1|[from] item: Electric Seed
|
|upkeep
|j| Marquesa-10%
|
|t:|1643124108
|switch|p2a: Dragapult|Dragapult, M|100/100
|-damage|p2a: Dragapult|88/100|[from] Stealth Rock
|turn|10
|
|t:|1643124118
|move|p1a: Hawlucha|Swords Dance|p1a: Hawlucha
|-boost|p1a: Hawlucha|atk|2
|move|p2a: Dragapult|Shadow Ball|p1a: Hawlucha
|-damage|p1a: Hawlucha|13/100
|-unboost|p1a: Hawlucha|spd|1
|-damage|p2a: Dragapult|78/100|[from] item: Life Orb
|
|upkeep
|turn|11
|
|t:|1643124127
|switch|p2a: Garchomp|Garchomp, F|100/100
|-damage|p2a: Garchomp|94/100|[from] Stealth Rock
|move|p1a: Hawlucha|Acrobatics|p2a: Garchomp
|-damage|p2a: Garchomp|0 fnt
|-damage|p1a: Hawlucha|1/100|[from] ability: Rough Skin|[of] p2a: Garchomp
|faint|p2a: Garchomp
|
|upkeep
|
|t:|1643124136
|switch|p2a: Rillaboom|Rillaboom, F|100/100
|-damage|p2a: Rillaboom|88/100|[from] Stealth Rock
|-fieldstart|move: Grassy Terrain|[from] ability: Grassy Surge|[of] p2a: Rillaboom
|turn|12
|
|t:|1643124141
|move|p2a: Rillaboom|Grassy Glide|p1a: Hawlucha
|-resisted|p1a: Hawlucha
|-damage|p1a: Hawlucha|0 fnt
|faint|p1a: Hawlucha
|-damage|p2a: Rillaboom|78/100|[from] item: Life Orb
|
|-heal|p2a: Rillaboom|84/100|[from] Grassy Terrain
|upkeep
|
|t:|1643124144
|switch|p1a: Zapdos|Zapdos-Galar|100/100
|turn|13
|
|t:|1643124160
|move|p2a: Rillaboom|Grassy Glide|p1a: Zapdos
|-resisted|p1a: Zapdos
|-damage|p1a: Zapdos|84/100
|-damage|p2a: Rillaboom|75/100|[from] item: Life Orb
|move|p1a: Zapdos|Brave Bird|p2a: Rillaboom
|-supereffective|p2a: Rillaboom
|-damage|p2a: Rillaboom|0 fnt
|faint|p2a: Rillaboom
|-damage|p1a: Zapdos|58/100|[from] Recoil
|
|upkeep
|inactive|Makuryu has 120 seconds left.
|
|t:|1643124182
|switch|p2a: Dragapult|Dragapult, M|78/100
|-damage|p2a: Dragapult|66/100|[from] Stealth Rock
|turn|14
|
|t:|1643124186
|move|p2a: Dragapult|Dragon Darts|p1a: Zapdos
|-damage|p1a: Zapdos|29/100
|-anim|p2a: Dragapult|Dragon Darts|p1a: Zapdos
|-damage|p1a: Zapdos|0 fnt
|faint|p1a: Zapdos
|-damage|p2a: Dragapult|56/100|[from] item: Life Orb
|
|-heal|p2a: Dragapult|62/100|[from] Grassy Terrain
|upkeep
|
|t:|1643124197
|switch|p1a: Tapu Koko|Tapu Koko|40/100
|-damage|p1a: Tapu Koko|27/100|[from] Stealth Rock
|-damage|p1a: Tapu Koko|11/100|[from] Spikes
|-fieldstart|move: Electric Terrain|[from] ability: Electric Surge|[of] p1a: Tapu Koko
|turn|15
|
|t:|1643124209
|move|p2a: Dragapult|Shadow Ball|p1a: Tapu Koko
|-damage|p1a: Tapu Koko|0 fnt
|faint|p1a: Tapu Koko
|-damage|p2a: Dragapult|53/100|[from] item: Life Orb
|
|-sideend|p1: kingdragongod|Reflect
|upkeep
|
|t:|1643124214
|switch|p1a: Landorus|Landorus-Therian, M|100/100
|-damage|p1a: Landorus|88/100|[from] Stealth Rock
|-ability|p1a: Landorus|Intimidate|boost
|-unboost|p2a: Dragapult|atk|1
|turn|16
|
|t:|1643124224
|move|p2a: Dragapult|Hydro Pump|p1a: Landorus
|-supereffective|p1a: Landorus
|-damage|p1a: Landorus|0 fnt
|faint|p1a: Landorus
|-damage|p2a: Dragapult|43/100|[from] item: Life Orb
|
|upkeep
|
|t:|1643124227
|switch|p1a: Kartana|Kartana|100/100
|-damage|p1a: Kartana|94/100|[from] Stealth Rock
|-damage|p1a: Kartana|78/100|[from] Spikes
|turn|17
|
|t:|1643124233
|move|p2a: Dragapult|Flamethrower|p1a: Kartana
|-supereffective|p1a: Kartana
|-damage|p1a: Kartana|0 fnt
|faint|p1a: Kartana
|-damage|p2a: Dragapult|33/100|[from] item: Life Orb
|
|win|Makuryu
|raw|kingdragongod's rating: 1633 &rarr; <strong>1617</strong><br />(-16 for losing)
|raw|Makuryu's rating: 1712 &rarr; <strong>1728</strong><br />(+16 for winning)
|l|☆kingdragongod
|l|☆Makuryu
