|j|☆bob982374istesting
|j|☆Contorted Lies
|t:|1608924479
|player|p1|bob982374istesting|lucas|1591
|player|p2|Contorted Lies|101|1712
|teamsize|p1|6
|teamsize|p2|6
|gametype|singles
|gen|8
|tier|[Gen 8] OU
|rated|
|clearpoke
|poke|p1|Celesteela|
|poke|p1|Latias, F|
|poke|p1|Landorus-Therian, M|
|poke|p1|Magearna|
|poke|p1|Vaporeon, F|
|poke|p1|Mamoswine, M|
|poke|p2|Nidoking, M|
|poke|p2|Kartana|
|poke|p2|Slowking-Galar, F|
|poke|p2|Landorus-Therian, M|
|poke|p2|Clefable, M|
|poke|p2|Hydreigon, F|
|rule|Sleep Clause Mod: Limit one foe put to sleep
|rule|Species Clause: Limit one of each Pokémon
|rule|OHKO Clause: OHKO moves are banned
|rule|Evasion Moves Clause: Evasion moves are banned
|rule|Endless Battle Clause: Forcing endless battles is banned
|rule|HP Percentage Mod: HP is shown in percentages
|rule|Dynamax Clause: You cannot dynamax
|teampreview
|j| addmeonbbs
|
|t:|1608924518
|start
|switch|p1a: Mamoswine|Mamoswine, M|100/100
|switch|p2a: Kartana|Kartana|100/100
|turn|1
|
|t:|1608924528
|switch|p1a: Landorus|Landorus-Therian, M|100/100
|-ability|p1a: Landorus|Intimidate|boost
|-unboost|p2a: Kartana|atk|1
|move|p2a: Kartana|Knock Off|p1a: Landorus
|-damage|p1a: Landorus|72/100
|-enditem|p1a: Landorus|Leftovers|[from] move: Knock Off|[of] p2a: Kartana
|
|upkeep
|turn|2
|
|t:|1608924532
|switch|p2a: Clefable|Clefable, M|100/100
|move|p1a: Landorus|Knock Off|p2a: Clefable
|-resisted|p2a: Clefable
|-damage|p2a: Clefable|89/100
|-enditem|p2a: Clefable|Leftovers|[from] move: Knock Off|[of] p1a: Landorus
|
|upkeep
|turn|3
|
|t:|1608924536
|switch|p1a: Celesteela|Celesteela|100/100
|move|p2a: Clefable|Stealth Rock|p1a: Celesteela
|-sidestart|p1: bob982374istesting|move: Stealth Rock
|
|upkeep
|turn|4
|
|t:|1608924545
|move|p1a: Celesteela|Heavy Slam|p2a: Clefable
|-supereffective|p2a: Clefable
|-damage|p2a: Clefable|0 fnt
|faint|p2a: Clefable
|-ability|p1a: Celesteela|Beast Boost|boost
|-boost|p1a: Celesteela|atk|1
|
|upkeep
|
|t:|1608924551
|switch|p2a: Nidoking|Nidoking, M|100/100
|turn|5
|
|t:|1608924554
|move|p2a: Nidoking|Ice Beam|p1a: Celesteela
|-damage|p1a: Celesteela|64/100
|move|p1a: Celesteela|Heavy Slam|p2a: Nidoking
|-damage|p2a: Nidoking|0 fnt
|faint|p2a: Nidoking
|-ability|p1a: Celesteela|Beast Boost|boost
|-boost|p1a: Celesteela|atk|1
|
|upkeep
|-message|Contorted Lies forfeited.
|
|win|bob982374istesting
|l|☆Contorted Lies
|l| addmeonbbs
|j| Thats quite unfor
|j| jojoreference4444
|j| SiPuwat
|j| Nesnot
|raw|bob982374istesting's rating: 1591 &rarr; <strong>1618</strong><br />(+27 for winning)
|raw|Contorted Lies's rating: 1712 &rarr; <strong>1685</strong><br />(-27 for losing)
