|j|‽hypervortexreturns
|j|☆LT93OQ 2LT Dally
|t:|1661026330
|gametype|singles
|player|p1|hypervortexreturns|102|1743
|player|p2|LT93OQ 2LT Dally|ltsurge|1773
|teamsize|p1|6
|teamsize|p2|6
|gen|8
|tier|[Gen 8] OU
|rated|
|rule|Sleep Clause Mod: Limit one foe put to sleep
|rule|Species Clause: Limit one of each Pokémon
|rule|OHKO Clause: OHKO moves are banned
|rule|Evasion Items Clause: Evasion items are banned
|rule|Evasion Moves Clause: Evasion moves are banned
|rule|Endless Battle Clause: Forcing endless battles is banned
|rule|HP Percentage Mod: HP is shown in percentages
|rule|Dynamax Clause: You cannot dynamax
|clearpoke
|poke|p1|Hydreigon, F|
|poke|p1|Zapdos|
|poke|p1|Tangrowth, F|
|poke|p1|Corviknight, M|
|poke|p1|Excadrill, F|
|poke|p1|Azumarill, F|
|poke|p2|Garchomp, M|
|poke|p2|Urshifu-*, M|
|poke|p2|Toxtricity, M|
|poke|p2|Mandibuzz, F|
|poke|p2|Jirachi|
|poke|p2|Ferrothorn, M|
|teampreview
|inactive|Battle timer is ON: inactive players will automatically lose when time's up. (requested by LT93OQ 2LT Dally)
|inactive|hypervortexreturns has 120 seconds left.
|
|t:|1661026395
|start
|switch|p1a: Tangrowth|Tangrowth, F|100/100
|switch|p2a: Urshifu|Urshifu-Rapid-Strike, M|100/100
|turn|1
|
|t:|1661026403
|move|p2a: Urshifu|U-turn|p1a: Tangrowth
|-supereffective|p1a: Tangrowth
|-damage|p1a: Tangrowth|75/100
|-damage|p2a: Urshifu|84/100|[from] item: Rocky Helmet|[of] p1a: Tangrowth
|
|t:|1661026412
|switch|p2a: Ferrothorn|Ferrothorn, M|100/100|[from]move: U-turn
|move|p1a: Tangrowth|Knock Off|p2a: Ferrothorn
|-damage|p2a: Ferrothorn|88/100
|-damage|p1a: Tangrowth|63/100|[from] ability: Iron Barbs|[of] p2a: Ferrothorn
|-damage|p1a: Tangrowth|46/100|[from] item: Rocky Helmet|[of] p2a: Ferrothorn
|-enditem|p2a: Ferrothorn|Rocky Helmet|[from] move: Knock Off|[of] p1a: Tangrowth
|
|upkeep
|turn|2
|
|t:|1661026430
|switch|p2a: Power of love|Toxtricity, M|100/100
|move|p1a: Tangrowth|Focus Blast|p2a: Power of love
|-resisted|p2a: Power of love
|-damage|p2a: Power of love|77/100
|
|upkeep
|turn|3
|
|t:|1661026448
|switch|p1a: Excadrill|Excadrill, F|100/100
|move|p2a: Power of love|Boomburst|p1a: Excadrill
|-resisted|p1a: Excadrill
|-damage|p1a: Excadrill|43/100
|
|-heal|p1a: Excadrill|49/100|[from] item: Leftovers
|upkeep
|turn|4
|inactive|LT93OQ 2LT Dally has 120 seconds left.
|
|t:|1661026491
|switch|p2a: Garchomp|Garchomp, M|100/100
|move|p1a: Excadrill|Earthquake|p2a: Garchomp
|-damage|p2a: Garchomp|46/100
|
|-heal|p2a: Garchomp|52/100|[from] item: Leftovers
|-heal|p1a: Excadrill|55/100|[from] item: Leftovers
|upkeep
|turn|5
|inactive|hypervortexreturns has 120 seconds left.
|inactive|hypervortexreturns has 90 seconds left.
|
|t:|1661026558
|switch|p1a: Tangrowth|Tangrowth, F|79/100
|move|p2a: Garchomp|Earthquake|p1a: Tangrowth
|-resisted|p1a: Tangrowth
|-damage|p1a: Tangrowth|65/100
|
|-heal|p2a: Garchomp|58/100|[from] item: Leftovers
|upkeep
|turn|6
|inactive|hypervortexreturns has 60 seconds left.
|
|t:|1661026579
|switch|p2a: Ferrothorn|Ferrothorn, M|88/100
|move|p1a: Tangrowth|Sleep Powder|p2a: Ferrothorn
|-immune|p2a: Ferrothorn
|
|upkeep
|turn|7
|inactive|hypervortexreturns has 60 seconds left.
|
|t:|1661026601
|switch|p2a: Mandibuzz|Mandibuzz, F|100/100
|move|p1a: Tangrowth|Focus Blast|p2a: Mandibuzz
|-crit|p2a: Mandibuzz
|-damage|p2a: Mandibuzz|67/100
|
|upkeep
|turn|8
|inactive|hypervortexreturns has 60 seconds left.
|
|t:|1661026610
|move|p2a: Mandibuzz|Roost|p2a: Mandibuzz
|-heal|p2a: Mandibuzz|100/100
|-singleturn|p2a: Mandibuzz|move: Roost
|move|p1a: Tangrowth|Knock Off|p2a: Mandibuzz
|-resisted|p2a: Mandibuzz
|-damage|p2a: Mandibuzz|94/100
|-enditem|p2a: Mandibuzz|Heavy-Duty Boots|[from] move: Knock Off|[of] p1a: Tangrowth
|
|upkeep
|turn|9
|inactive|hypervortexreturns has 60 seconds left.
|
|t:|1661026626
|move|p2a: Mandibuzz|U-turn|p1a: Tangrowth
|-supereffective|p1a: Tangrowth
|-damage|p1a: Tangrowth|52/100
|-damage|p2a: Mandibuzz|77/100|[from] item: Rocky Helmet|[of] p1a: Tangrowth
|
|t:|1661026632
|switch|p2a: Jirachi|Jirachi|100/100|[from]move: U-turn
|move|p1a: Tangrowth|Focus Blast|p2a: Jirachi|[miss]
|-miss|p1a: Tangrowth|p2a: Jirachi
|
|upkeep
|turn|10
|inactive|hypervortexreturns has 60 seconds left.
|
|t:|1661026642
|move|p2a: Jirachi|U-turn|p1a: Tangrowth
|-supereffective|p1a: Tangrowth
|-damage|p1a: Tangrowth|36/100
|-damage|p2a: Jirachi|84/100|[from] item: Rocky Helmet|[of] p1a: Tangrowth
|
|t:|1661026647
|switch|p2a: Mandibuzz|Mandibuzz, F|77/100|[from]move: U-turn
|move|p1a: Tangrowth|Sleep Powder|p2a: Mandibuzz
|-immune|p2a: Mandibuzz|[from] ability: Overcoat
|
|upkeep
|turn|11
|inactive|LT93OQ 2LT Dally has 120 seconds left.
|
|t:|1661026655
|switch|p1a: Zapdos|Zapdos|100/100
|move|p2a: Mandibuzz|U-turn|p1a: Zapdos
|-resisted|p1a: Zapdos
|-damage|p1a: Zapdos|94/100
|-status|p2a: Mandibuzz|par|[from] ability: Static|[of] p1a: Zapdos
|inactive|LT93OQ 2LT Dally has 120 seconds left.
|
|t:|1661026665
|switch|p2a: Power of love|Toxtricity, M|77/100|[from]move: U-turn
|
|upkeep
|turn|12
|
|t:|1661026683
|move|p1a: Zapdos|Hurricane|p2a: Power of love
|-resisted|p2a: Power of love
|-damage|p2a: Power of love|43/100
|move|p2a: Power of love|Boomburst|p1a: Zapdos
|-damage|p1a: Zapdos|11/100
|
|upkeep
|turn|13
|
|t:|1661026700
|switch|p1a: Corviknight|Corviknight, M|100/100
|-ability|p1a: Corviknight|Pressure
|move|p2a: Power of love|Boomburst|p1a: Corviknight
|-resisted|p1a: Corviknight
|-damage|p1a: Corviknight|70/100
|
|-heal|p1a: Corviknight|77/100|[from] item: Leftovers
|upkeep
|turn|14
|inactive|LT93OQ 2LT Dally has 120 seconds left.
|
|t:|1661026721
|switch|p2a: Garchomp|Garchomp, M|58/100
|move|p1a: Corviknight|Brave Bird|p2a: Garchomp
|-damage|p2a: Garchomp|22/100
|-damage|p1a: Corviknight|64/100|[from] ability: Rough Skin|[of] p2a: Garchomp
|-damage|p1a: Corviknight|53/100|[from] Recoil
|
|-heal|p2a: Garchomp|28/100|[from] item: Leftovers
|-heal|p1a: Corviknight|60/100|[from] item: Leftovers
|upkeep
|turn|15
|inactive|LT93OQ 2LT Dally has 120 seconds left.
|inactive|hypervortexreturns has 60 seconds left.
|
|t:|1661026763
|move|p2a: Garchomp|Swords Dance|p2a: Garchomp
|-boost|p2a: Garchomp|atk|2
|move|p1a: Corviknight|Brave Bird|p2a: Garchomp
|-damage|p2a: Garchomp|0 fnt
|-damage|p1a: Corviknight|47/100|[from] ability: Rough Skin|[of] p2a: Garchomp
|faint|p2a: Garchomp
|-damage|p1a: Corviknight|39/100|[from] Recoil
|
|-heal|p1a: Corviknight|45/100|[from] item: Leftovers
|upkeep
|inactive|LT93OQ 2LT Dally has 90 seconds left.
|
|t:|1661026781
|switch|p2a: Power of love|Toxtricity, M|43/100
|turn|16
|inactive|LT93OQ 2LT Dally has 90 seconds left.
|inactive|hypervortexreturns has 30 seconds left.
|inactive|hypervortexreturns has 20 seconds left.
|inactive|hypervortexreturns has 15 seconds left.
|inactive|hypervortexreturns has 10 seconds left.
|
|t:|1661026822
|move|p2a: Power of love|Volt Switch|p1a: Corviknight
|-supereffective|p1a: Corviknight
|-damage|p1a: Corviknight|0 fnt
|faint|p1a: Corviknight
|inactive|hypervortexreturns has 15 seconds left this turn.
|
|t:|1661026830
|switch|p2a: Urshifu|Urshifu-Rapid-Strike, M|84/100|[from]move: Volt Switch
|
|upkeep
|inactive|hypervortexreturns has 20 seconds left this turn.
|inactive|hypervortexreturns has 15 seconds left.
|inactive|hypervortexreturns has 10 seconds left.
|
|t:|1661026841
|switch|p1a: Zapdos|Zapdos|11/100
|turn|17
|inactive|hypervortexreturns has 20 seconds left this turn.
|inactive|hypervortexreturns has 15 seconds left.
|inactive|LT93OQ 2LT Dally has 90 seconds left.
|
|t:|1661026856
|switch|p2a: Jirachi|Jirachi|84/100
|move|p1a: Zapdos|Discharge|p2a: Jirachi
|-damage|p2a: Jirachi|63/100
|
|-heal|p2a: Jirachi|69/100|[from] item: Leftovers
|upkeep
|turn|18
|inactive|hypervortexreturns has 25 seconds left this turn.
|inactive|hypervortexreturns has 20 seconds left.
|inactive|LT93OQ 2LT Dally has 90 seconds left.
|inactive|hypervortexreturns has 15 seconds left.
|inactive|hypervortexreturns has 10 seconds left.
|
|t:|1661026873
|move|p1a: Zapdos|Roost|p1a: Zapdos
|-heal|p1a: Zapdos|61/100
|-singleturn|p1a: Zapdos|move: Roost
|move|p2a: Jirachi|Wish|p2a: Jirachi
|
|-heal|p2a: Jirachi|75/100|[from] item: Leftovers
|upkeep
|turn|19
|inactive|hypervortexreturns has 20 seconds left this turn.
|inactive|hypervortexreturns has 15 seconds left.
|inactive|LT93OQ 2LT Dally has 90 seconds left.
|inactive|hypervortexreturns has 10 seconds left.
|
|t:|1661026887
|move|p1a: Zapdos|Discharge|p2a: Jirachi
|-damage|p2a: Jirachi|54/100
|move|p2a: Jirachi|U-turn|p1a: Zapdos
|-resisted|p1a: Zapdos
|-damage|p1a: Zapdos|53/100
|inactive|hypervortexreturns has 15 seconds left this turn.
|inactive|LT93OQ 2LT Dally has 90 seconds left.
|
|t:|1661026893
|switch|p2a: Power of love|Toxtricity, M|43/100|[from]move: U-turn
|
|-heal|p2a: Power of love|100/100|[from] move: Wish|[wisher] Jirachi
|upkeep
|turn|20
|inactive|hypervortexreturns has 25 seconds left this turn.
|inactive|hypervortexreturns has 20 seconds left.
|inactive|hypervortexreturns has 15 seconds left.
|inactive|hypervortexreturns has 10 seconds left.
|
|t:|1661026909
|switch|p1a: Excadrill|Excadrill, F|55/100
|move|p2a: Power of love|Boomburst|p1a: Excadrill
|-resisted|p1a: Excadrill
|-damage|p1a: Excadrill|0 fnt
|faint|p1a: Excadrill
|
|upkeep
|inactive|hypervortexreturns has 15 seconds left this turn.
|inactive|hypervortexreturns has 10 seconds left.
|
|t:|1661026917
|switch|p1a: Hydreigon|Hydreigon, F|100/100
|turn|21
|inactive|hypervortexreturns has 20 seconds left this turn.
|inactive|hypervortexreturns has 15 seconds left.
|inactive|LT93OQ 2LT Dally has 90 seconds left.
|
|t:|1661026948
|switch|p2a: Mandibuzz|Mandibuzz, F|77/100 par
|move|p1a: Hydreigon|Nasty Plot|p1a: Hydreigon
|-boost|p1a: Hydreigon|spa|2
|
|upkeep
|turn|22
|inactive|hypervortexreturns has 25 seconds left this turn.
|inactive|hypervortexreturns has 20 seconds left.
|inactive|hypervortexreturns has 15 seconds left.
|
|t:|1661026959
|move|p1a: Hydreigon|Dark Pulse|p2a: Mandibuzz
|-resisted|p2a: Mandibuzz
|-damage|p2a: Mandibuzz|51/100 par
|cant|p2a: Mandibuzz|par
|
|upkeep
|turn|23
|inactive|hypervortexreturns has 25 seconds left this turn.
|inactive|hypervortexreturns has 20 seconds left.
|inactive|LT93OQ 2LT Dally has 90 seconds left.
|
|t:|1661026966
|move|p1a: Hydreigon|Dark Pulse|p2a: Mandibuzz
|-resisted|p2a: Mandibuzz
|-damage|p2a: Mandibuzz|24/100 par
|cant|p2a: Mandibuzz|par
|
|upkeep
|turn|24
|inactive|hypervortexreturns has 30 seconds left this turn.
|
|t:|1661026973
|move|p1a: Hydreigon|Dark Pulse|p2a: Mandibuzz
|-resisted|p2a: Mandibuzz
|-damage|p2a: Mandibuzz|0 fnt
|faint|p2a: Mandibuzz
|
|upkeep
|inactive|hypervortexreturns has 30 seconds left this turn.
|
|t:|1661026980
|switch|p2a: Urshifu|Urshifu-Rapid-Strike, M|84/100
|turn|25
|
|t:|1661026988
|switch|p1a: Tangrowth|Tangrowth, F|69/100
|move|p2a: Urshifu|Close Combat|p1a: Tangrowth
|-crit|p1a: Tangrowth
|-damage|p1a: Tangrowth|20/100
|-unboost|p2a: Urshifu|def|1
|-unboost|p2a: Urshifu|spd|1
|-damage|p2a: Urshifu|68/100|[from] item: Rocky Helmet|[of] p1a: Tangrowth
|
|upkeep
|turn|26
|inactive|hypervortexreturns has 30 seconds left.
|
|t:|1661027006
|switch|p1a: Zapdos|Zapdos|53/100
|move|p2a: Urshifu|Close Combat|p1a: Zapdos
|-resisted|p1a: Zapdos
|-damage|p1a: Zapdos|22/100
|-unboost|p2a: Urshifu|def|1
|-unboost|p2a: Urshifu|spd|1
|
|upkeep
|turn|27
|inactive|hypervortexreturns has 30 seconds left.
|
|t:|1661027017
|switch|p2a: Power of love|Toxtricity, M|100/100
|move|p1a: Zapdos|Discharge|p2a: Power of love
|-resisted|p2a: Power of love
|-damage|p2a: Power of love|74/100
|
|upkeep
|turn|28
|inactive|LT93OQ 2LT Dally has 120 seconds left.
|inactive|hypervortexreturns has 30 seconds left.
|inactive|hypervortexreturns has 20 seconds left.
|
|t:|1661027037
|move|p1a: Zapdos|Hurricane|p2a: Power of love
|-resisted|p2a: Power of love
|-damage|p2a: Power of love|41/100
|-start|p2a: Power of love|confusion
|-activate|p2a: Power of love|confusion
|-damage|p2a: Power of love|30/100|[from] confusion
|
|upkeep
|turn|29
|inactive|hypervortexreturns has 30 seconds left this turn.
|inactive|hypervortexreturns has 20 seconds left.
|inactive|LT93OQ 2LT Dally has 120 seconds left.
|
|t:|1661027050
|switch|p2a: Jirachi|Jirachi|54/100
|move|p1a: Zapdos|Hurricane|p2a: Jirachi|[miss]
|-miss|p1a: Zapdos|p2a: Jirachi
|
|-heal|p2a: Jirachi|60/100|[from] item: Leftovers
|upkeep
|turn|30
|inactive|hypervortexreturns has 30 seconds left this turn.
|inactive|hypervortexreturns has 20 seconds left.
|
|t:|1661027063
|switch|p1a: Azumarill|Azumarill, F|100/100
|move|p2a: Jirachi|Wish|p2a: Jirachi
|
|-heal|p2a: Jirachi|66/100|[from] item: Leftovers
|upkeep
|turn|31
|inactive|hypervortexreturns has 30 seconds left this turn.
|inactive|hypervortexreturns has 20 seconds left.
|
|t:|1661027073
|move|p2a: Jirachi|Iron Head|p1a: Azumarill
|-damage|p1a: Azumarill|65/100
|cant|p1a: Azumarill|flinch
|
|-heal|p2a: Jirachi|100/100|[from] move: Wish|[wisher] Jirachi
|upkeep
|turn|32
|inactive|hypervortexreturns has 30 seconds left this turn.
|inactive|hypervortexreturns has 20 seconds left.
|
|t:|1661027088
|move|p2a: Jirachi|Iron Head|p1a: Azumarill
|-damage|p1a: Azumarill|30/100
|-enditem|p1a: Azumarill|Sitrus Berry|[eat]
|-heal|p1a: Azumarill|55/100|[from] item: Sitrus Berry
|move|p1a: Azumarill|Knock Off|p2a: Jirachi
|-supereffective|p2a: Jirachi
|-damage|p2a: Jirachi|29/100
|-enditem|p2a: Jirachi|Leftovers|[from] move: Knock Off|[of] p1a: Azumarill
|
|upkeep
|turn|33
|inactive|hypervortexreturns has 30 seconds left this turn.
|inactive|hypervortexreturns has 20 seconds left.
|inactive|hypervortexreturns has 15 seconds left.
|inactive|hypervortexreturns has 10 seconds left.
|
|t:|1661027109
|move|p1a: Azumarill|Aqua Jet|p2a: Jirachi
|-damage|p2a: Jirachi|6/100
|move|p2a: Jirachi|Iron Head|p1a: Azumarill
|-damage|p1a: Azumarill|23/100
|
|upkeep
|turn|34
|inactive|hypervortexreturns has 20 seconds left this turn.
|inactive|hypervortexreturns has 15 seconds left.
|
|t:|1661027133
|switch|p2a: Ferrothorn|Ferrothorn, M|88/100
|move|p1a: Azumarill|Aqua Jet|p2a: Ferrothorn
|-resisted|p2a: Ferrothorn
|-damage|p2a: Ferrothorn|81/100
|-damage|p1a: Azumarill|11/100|[from] ability: Iron Barbs|[of] p2a: Ferrothorn
|
|upkeep
|turn|35
|inactive|hypervortexreturns has 25 seconds left this turn.
|inactive|hypervortexreturns has 20 seconds left.
|inactive|LT93OQ 2LT Dally has 120 seconds left.
|
|t:|1661027155
|switch|p1a: Tangrowth|Tangrowth, F|53/100
|move|p2a: Ferrothorn|Iron Defense|p2a: Ferrothorn
|-boost|p2a: Ferrothorn|def|2
|
|upkeep
|turn|36
|inactive|hypervortexreturns has 30 seconds left this turn.
|inactive|hypervortexreturns has 20 seconds left.
|
|t:|1661027167
|switch|p2a: Jirachi|Jirachi|6/100
|move|p1a: Tangrowth|Focus Blast|p2a: Jirachi
|-damage|p2a: Jirachi|0 fnt
|faint|p2a: Jirachi
|
|upkeep
|inactive|hypervortexreturns has 25 seconds left this turn.
|inactive|LT93OQ 2LT Dally has 120 seconds left.
|
|t:|1661027182
|switch|p2a: Power of love|Toxtricity, M|30/100
|turn|37
|inactive|hypervortexreturns has 30 seconds left.
|inactive|LT93OQ 2LT Dally has 120 seconds left.
|
|t:|1661027189
|switch|p1a: Azumarill|Azumarill, F|11/100
|move|p2a: Power of love|Boomburst|p1a: Azumarill
|-damage|p1a: Azumarill|0 fnt
|faint|p1a: Azumarill
|
|upkeep
|inactive|hypervortexreturns has 30 seconds left.
|
|t:|1661027201
|switch|p1a: Hydreigon|Hydreigon, F|100/100
|turn|38
|
|t:|1661027209
|switch|p2a: Urshifu|Urshifu-Rapid-Strike, M|68/100
|move|p1a: Hydreigon|Earth Power|p2a: Urshifu
|-damage|p2a: Urshifu|27/100
|
|upkeep
|turn|39
|
|t:|1661027227
|switch|p1a: Tangrowth|Tangrowth, F|86/100
|move|p2a: Urshifu|U-turn|p1a: Tangrowth
|-supereffective|p1a: Tangrowth
|-crit|p1a: Tangrowth
|-damage|p1a: Tangrowth|49/100
|-damage|p2a: Urshifu|11/100|[from] item: Rocky Helmet|[of] p1a: Tangrowth
|
|t:|1661027234
|switch|p2a: Ferrothorn|Ferrothorn, M|81/100|[from]move: U-turn
|
|upkeep
|turn|40
|
|t:|1661027242
|switch|p2a: Power of love|Toxtricity, M|30/100
|move|p1a: Tangrowth|Focus Blast|p2a: Power of love
|-resisted|p2a: Power of love
|-crit|p2a: Power of love
|-damage|p2a: Power of love|0 fnt
|faint|p2a: Power of love
|
|upkeep
|c|☆LT93OQ 2LT Dally|Misclick
|c|☆LT93OQ 2LT Dally|lol
|inactive|LT93OQ 2LT Dally has 120 seconds left.
|c|☆LT93OQ 2LT Dally|it was supposed to be ferro
|c|☆LT93OQ 2LT Dally|lol
|inactive|LT93OQ 2LT Dally has 90 seconds left.
|c|☆LT93OQ 2LT Dally|Too many fucking hacks you got
|c|☆LT93OQ 2LT Dally|played better by far
|c|☆LT93OQ 2LT Dally|gg
|-message|LT93OQ 2LT Dally forfeited.
|
|win|hypervortexreturns
|raw|hypervortexreturns's rating: 1743 &rarr; <strong>1765</strong><br />(+22 for winning)
|raw|LT93OQ 2LT Dally's rating: 1773 &rarr; <strong>1751</strong><br />(-22 for losing)
||Ladder isn't responding, score probably updated but might not have (Request timeout).
