|html|<div class="broadcast-blue"><strong>[Gen 8] OU is currently suspecting Melmetal! For information on how to participate check out the <a href="https://www.smogon.com/forums/threads/np-ss-ou-suspect-process-round-12-monster-mash.3709234/">suspect thread</a>.</strong></div>
|j|☆HQSNonsense
|j|☆Down$pook
|t:|1666449778
|gametype|singles
|player|p1|HQSNonsense|veteranf|1696
|player|p2|Down$pook|teamrocket|1731
|teamsize|p1|6
|teamsize|p2|6
|gen|8
|tier|[Gen 8] OU
|rated|
|rule|Sleep Clause Mod: Limit one foe put to sleep
|rule|Species Clause: Limit one of each Pokémon
|rule|OHKO Clause: OHKO moves are banned
|rule|Evasion Items Clause: Evasion items are banned
|rule|Evasion Moves Clause: Evasion moves are banned
|rule|Endless Battle Clause: Forcing endless battles is banned
|rule|HP Percentage Mod: HP is shown in percentages
|rule|Dynamax Clause: You cannot dynamax
|clearpoke
|poke|p1|Blacephalon|
|poke|p1|Tornadus-Therian, M|
|poke|p1|Ferrothorn, M|
|poke|p1|Landorus-Therian, M|
|poke|p1|Tapu Fini|
|poke|p1|Weavile, F|
|poke|p2|Regieleki|
|poke|p2|Tapu Koko|
|poke|p2|Landorus-Therian, M|
|poke|p2|Tyranitar, M|
|poke|p2|Amoonguss, M|
|poke|p2|Corviknight, F|
|teampreview
|c|☆Down$pook|hf
|j| Jongruenwald
|inactive|Battle timer is ON: inactive players will automatically lose when time's up. (requested by HQSNonsense)
|inactive|Down$pook has 120 seconds left.
|
|t:|1666449833
|start
|switch|p1a: Landorus|Landorus-Therian, M|100/100
|switch|p2a: Tapu OHKO|Tapu Koko|100/100
|-fieldstart|move: Electric Terrain|[from] ability: Electric Surge|[of] p2a: Tapu OHKO
|-ability|p1a: Landorus|Intimidate|boost
|-unboost|p2a: Tapu OHKO|atk|1
|turn|1
|
|t:|1666449844
|switch|p2a: Excalibird|Corviknight, F|100/100
|-ability|p2a: Excalibird|Pressure
|move|p1a: Landorus|Stealth Rock|p2a: Excalibird
|-sidestart|p2: Down$pook|move: Stealth Rock
|
|upkeep
|turn|2
|
|t:|1666449847
|move|p1a: Landorus|U-turn|p2a: Excalibird
|-resisted|p2a: Excalibird
|-damage|p2a: Excalibird|97/100
|-damage|p1a: Landorus|84/100|[from] item: Rocky Helmet|[of] p2a: Excalibird
|
|t:|1666449849
|switch|p1a: Tornadus|Tornadus-Therian, M|100/100|[from]move: U-turn
|move|p2a: Excalibird|Defog|p1a: Tornadus
|-unboost|p1a: Tornadus|evasion|1
|-sideend|p2: Down$pook|Stealth Rock|[from] move: Defog|[of] p2a: Excalibird
|-fieldend|move: Electric Terrain
|
|upkeep
|turn|3
|
|t:|1666449853
|move|p1a: Tornadus|Knock Off|p2a: Excalibird
|-damage|p2a: Excalibird|79/100
|-damage|p1a: Tornadus|84/100|[from] item: Rocky Helmet|[of] p2a: Excalibird
|-enditem|p2a: Excalibird|Rocky Helmet|[from] move: Knock Off|[of] p1a: Tornadus
|move|p2a: Excalibird|U-turn|p1a: Tornadus
|-resisted|p1a: Tornadus
|-damage|p1a: Tornadus|74/100
|
|t:|1666449857
|switch|p2a: Tapu OHKO|Tapu Koko|100/100|[from]move: U-turn
|-fieldstart|move: Electric Terrain|[from] ability: Electric Surge|[of] p2a: Tapu OHKO
|
|upkeep
|turn|4
|
|t:|1666449865
|switch|p1a: Landorus|Landorus-Therian, M|84/100
|-ability|p1a: Landorus|Intimidate|boost
|-unboost|p2a: Tapu OHKO|atk|1
|move|p2a: Tapu OHKO|Dazzling Gleam|p1a: Landorus
|-damage|p1a: Landorus|49/100
|
|-heal|p1a: Landorus|55/100|[from] item: Leftovers
|upkeep
|turn|5
|
|t:|1666449882
|switch|p2a: Excalibird|Corviknight, F|79/100
|-ability|p2a: Excalibird|Pressure
|move|p1a: Landorus|Earthquake|p2a: Excalibird
|-immune|p2a: Excalibird
|
|-heal|p1a: Landorus|61/100|[from] item: Leftovers
|upkeep
|turn|6
|
|t:|1666449887
|move|p1a: Landorus|U-turn|p2a: Excalibird
|-resisted|p2a: Excalibird
|-damage|p2a: Excalibird|76/100
|
|t:|1666449891
|switch|p1a: Tornadus|Tornadus-Therian, M|100/100|[from]move: U-turn
|move|p2a: Excalibird|Body Press|p1a: Tornadus
|-resisted|p1a: Tornadus
|-damage|p1a: Tornadus|81/100
|
|upkeep
|turn|7
|
|t:|1666449897
|move|p1a: Tornadus|Heat Wave|p2a: Excalibird
|-supereffective|p2a: Excalibird
|-damage|p2a: Excalibird|26/100
|move|p2a: Excalibird|Roost|p2a: Excalibird
|-heal|p2a: Excalibird|76/100
|-singleturn|p2a: Excalibird|move: Roost
|
|-fieldend|move: Electric Terrain
|upkeep
|turn|8
|
|t:|1666449902
|move|p1a: Tornadus|Heat Wave|p2a: Excalibird
|-supereffective|p2a: Excalibird
|-damage|p2a: Excalibird|32/100
|move|p2a: Excalibird|Roost|p2a: Excalibird
|-heal|p2a: Excalibird|82/100
|-singleturn|p2a: Excalibird|move: Roost
|
|upkeep
|turn|9
|
|t:|1666449907
|move|p1a: Tornadus|Heat Wave|p2a: Excalibird
|-supereffective|p2a: Excalibird
|-damage|p2a: Excalibird|37/100
|move|p2a: Excalibird|Roost|p2a: Excalibird
|-heal|p2a: Excalibird|87/100
|-singleturn|p2a: Excalibird|move: Roost
|
|upkeep
|turn|10
|
|t:|1666449912
|move|p1a: Tornadus|Heat Wave|p2a: Excalibird
|-supereffective|p2a: Excalibird
|-damage|p2a: Excalibird|38/100
|move|p2a: Excalibird|Roost|p2a: Excalibird
|-heal|p2a: Excalibird|88/100
|-singleturn|p2a: Excalibird|move: Roost
|
|upkeep
|turn|11
|
|t:|1666449915
|move|p1a: Tornadus|Knock Off|p2a: Excalibird
|-damage|p2a: Excalibird|77/100
|move|p2a: Excalibird|Roost|p2a: Excalibird
|-heal|p2a: Excalibird|100/100
|-singleturn|p2a: Excalibird|move: Roost
|
|upkeep
|turn|12
|j| pocus pocus
|
|t:|1666449919
|switch|p2a: Back in Buisness|Tyranitar, M|100/100
|-weather|Sandstorm|[from] ability: Sand Stream|[of] p2a: Back in Buisness
|move|p1a: Tornadus|Knock Off|p2a: Back in Buisness
|-resisted|p2a: Back in Buisness
|-crit|p2a: Back in Buisness
|-damage|p2a: Back in Buisness|84/100
|-enditem|p2a: Back in Buisness|Leftovers|[from] move: Knock Off|[of] p1a: Tornadus
|
|-weather|Sandstorm|[upkeep]
|-damage|p1a: Tornadus|75/100|[from] Sandstorm
|upkeep
|turn|13
|
|t:|1666449923
|move|p1a: Tornadus|Superpower|p2a: Back in Buisness
|-supereffective|p2a: Back in Buisness
|-damage|p2a: Back in Buisness|0 fnt
|-unboost|p1a: Tornadus|atk|1
|-unboost|p1a: Tornadus|def|1
|faint|p2a: Back in Buisness
|
|-weather|Sandstorm|[upkeep]
|-damage|p1a: Tornadus|69/100|[from] Sandstorm
|upkeep
|
|t:|1666449937
|switch|p2a: House Of Pain|Regieleki|100/100
|turn|14
|
|t:|1666449941
|switch|p1a: Landorus|Landorus-Therian, M|61/100
|-ability|p1a: Landorus|Intimidate|boost
|-unboost|p2a: House Of Pain|atk|1
|move|p2a: House Of Pain|Volt Switch|p1a: Landorus
|-immune|p1a: Landorus
|
|-weather|Sandstorm|[upkeep]
|-damage|p2a: House Of Pain|95/100|[from] Sandstorm
|-heal|p1a: Landorus|67/100|[from] item: Leftovers
|upkeep
|turn|15
|
|t:|1666449950
|move|p2a: House Of Pain|Explosion|p1a: Landorus
|-damage|p1a: Landorus|5/100
|faint|p2a: House Of Pain
|move|p1a: Landorus|Stealth Rock|p2: House Of Pain
|-sidestart|p2: Down$pook|move: Stealth Rock
|
|-weather|Sandstorm|[upkeep]
|-heal|p1a: Landorus|11/100|[from] item: Leftovers
|upkeep
|
|t:|1666449955
|switch|p2a: LandOUrus-T|Landorus-Therian, M|100/100
|-damage|p2a: LandOUrus-T|88/100|[from] Stealth Rock
|-ability|p2a: LandOUrus-T|Intimidate|boost
|-unboost|p1a: Landorus|atk|1
|turn|16
|
|t:|1666449970
|switch|p1a: Ferrothorn|Ferrothorn, M|100/100
|move|p2a: LandOUrus-T|Knock Off|p1a: Ferrothorn
|-damage|p1a: Ferrothorn|79/100
|-damage|p2a: LandOUrus-T|76/100|[from] ability: Iron Barbs|[of] p1a: Ferrothorn
|-enditem|p1a: Ferrothorn|Leftovers|[from] move: Knock Off|[of] p2a: LandOUrus-T
|
|-weather|none
|-heal|p2a: LandOUrus-T|82/100|[from] item: Leftovers
|upkeep
|turn|17
|
|t:|1666449979
|move|p2a: LandOUrus-T|Stealth Rock|p1a: Ferrothorn
|-sidestart|p1: HQSNonsense|move: Stealth Rock
|move|p1a: Ferrothorn|Leech Seed|p2a: LandOUrus-T|[miss]
|-miss|p1a: Ferrothorn|p2a: LandOUrus-T
|
|-heal|p2a: LandOUrus-T|88/100|[from] item: Leftovers
|upkeep
|turn|18
|
|t:|1666449986
|move|p2a: LandOUrus-T|Earthquake|p1a: Ferrothorn
|-damage|p1a: Ferrothorn|50/100
|move|p1a: Ferrothorn|Leech Seed|p2a: LandOUrus-T
|-start|p2a: LandOUrus-T|move: Leech Seed
|
|-heal|p2a: LandOUrus-T|94/100|[from] item: Leftovers
|-damage|p2a: LandOUrus-T|82/100|[from] Leech Seed|[of] p1a: Ferrothorn
|-heal|p1a: Ferrothorn|64/100|[silent]
|upkeep
|turn|19
|-message|Down$pook forfeited.
|
|win|HQSNonsense
|raw|HQSNonsense's rating: 1696 &rarr; <strong>1718</strong><br />(+22 for winning)
|raw|Down$pook's rating: 1731 &rarr; <strong>1709</strong><br />(-22 for losing)
|l|☆Down$pook
|l| pocus pocus
||Ladder isn't responding, score probably updated but might not have (Request timeout).
