|j|☆lebanesestinker
|j|☆tess p
|t:|1623624306
|gametype|singles
|player|p1|lebanesestinker|policeman|1530
|player|p2|tess p|red|1504
|teamsize|p1|6
|teamsize|p2|6
|gen|8
|tier|[Gen 8] OU
|rated|
|rule|Sleep Clause Mod: Limit one foe put to sleep
|rule|Species Clause: Limit one of each Pokémon
|rule|OHKO Clause: OHKO moves are banned
|rule|Evasion Moves Clause: Evasion moves are banned
|rule|Endless Battle Clause: Forcing endless battles is banned
|rule|HP Percentage Mod: HP is shown in percentages
|rule|Dynamax Clause: You cannot dynamax
|clearpoke
|poke|p1|Venusaur, M|
|poke|p1|Victini|
|poke|p1|Darmanitan, M|
|poke|p1|Torkoal, M|
|poke|p1|Mandibuzz, F|
|poke|p1|Garchomp, F|
|poke|p2|Corviknight, M|
|poke|p2|Dragapult, F|
|poke|p2|Terrakion|
|poke|p2|Zapdos|
|poke|p2|Kartana|
|poke|p2|Ferrothorn, F|
|teampreview
|inactive|Battle timer is ON: inactive players will automatically lose when time's up. (requested by tess p)
|
|t:|1623624330
|start
|switch|p1a: Torkoal|Torkoal, M, shiny|100/100
|switch|p2a: Ryder|Dragapult, F|100/100
|-weather|SunnyDay|[from] ability: Drought|[of] p1a: Torkoal
|turn|1
|
|t:|1623624334
|switch|p1a: Mandibuzz|Mandibuzz, F, shiny|100/100
|move|p2a: Ryder|Draco Meteor|p1a: Mandibuzz
|-crit|p1a: Mandibuzz
|-damage|p1a: Mandibuzz|6/100
|-unboost|p2a: Ryder|spa|2
|
|-weather|SunnyDay|[upkeep]
|upkeep
|turn|2
|
|t:|1623624344
|switch|p1a: Victini|Victini|100/100
|move|p2a: Ryder|Draco Meteor|p1a: Victini
|-damage|p1a: Victini|57/100
|-unboost|p2a: Ryder|spa|2
|
|-weather|SunnyDay|[upkeep]
|upkeep
|turn|3
|
|t:|1623624352
|move|p1a: Victini|V-create|p2a: Ryder
|-resisted|p2a: Ryder
|-damage|p2a: Ryder|27/100
|-unboost|p1a: Victini|spe|1
|-unboost|p1a: Victini|def|1
|-unboost|p1a: Victini|spd|1
|move|p2a: Ryder|Draco Meteor|p1a: Victini
|-damage|p1a: Victini|12/100
|-unboost|p2a: Ryder|spa|2
|
|-weather|SunnyDay|[upkeep]
|upkeep
|turn|4
|
|t:|1623624358
|switch|p1a: Venusaur|Venusaur, M, shiny|100/100
|move|p2a: Ryder|Draco Meteor|p1a: Venusaur
|-damage|p1a: Venusaur|78/100
|
|-weather|SunnyDay|[upkeep]
|upkeep
|turn|5
|
|t:|1623624363
|switch|p2a: Static Shock|Zapdos|100/100
|move|p1a: Venusaur|Weather Ball|p2a: Static Shock
|-damage|p2a: Static Shock|51/100
|-damage|p1a: Venusaur|68/100|[from] item: Life Orb
|
|-weather|SunnyDay|[upkeep]
|upkeep
|turn|6
|
|t:|1623624391
|move|p1a: Venusaur|Weather Ball|p2a: Static Shock
|-damage|p2a: Static Shock|3/100
|-damage|p1a: Venusaur|58/100|[from] item: Life Orb
|move|p2a: Static Shock|Heat Wave|p1a: Venusaur
|-supereffective|p1a: Venusaur
|-damage|p1a: Venusaur|0 fnt
|faint|p1a: Venusaur
|
|-weather|SunnyDay|[upkeep]
|upkeep
|inactive|lebanesestinker has 120 seconds left.
|
|t:|1623624414
|switch|p1a: Garchomp|Garchomp, F|100/100
|turn|7
|
|t:|1623624421
|move|p1a: Garchomp|Scale Shot|p2a: Static Shock
|-damage|p2a: Static Shock|0 fnt
|faint|p2a: Static Shock
|-hitcount|p2: Static Shock|1
|-unboost|p1a: Garchomp|def|1
|-boost|p1a: Garchomp|spe|1
|-damage|p1a: Garchomp|91/100|[from] item: Life Orb
|
|-weather|SunnyDay|[upkeep]
|upkeep
|
|t:|1623624428
|switch|p2a: Corvid|Corviknight, M|100/100
|turn|8
|
|t:|1623624442
|switch|p1a: Mandibuzz|Mandibuzz, F, shiny|6/100
|move|p2a: Corvid|Agility|p2a: Corvid
|-boost|p2a: Corvid|spe|2
|
|-weather|none
|upkeep
|turn|9
|
|t:|1623624446
|move|p2a: Corvid|Agility|p2a: Corvid
|-boost|p2a: Corvid|spe|2
|move|p1a: Mandibuzz|Roost|p1a: Mandibuzz
|-heal|p1a: Mandibuzz|56/100
|-singleturn|p1a: Mandibuzz|move: Roost
|
|upkeep
|turn|10
|
|t:|1623624449
|move|p2a: Corvid|Bulk Up|p2a: Corvid
|-boost|p2a: Corvid|atk|1
|-boost|p2a: Corvid|def|1
|move|p1a: Mandibuzz|Roost|p1a: Mandibuzz
|-heal|p1a: Mandibuzz|100/100
|-singleturn|p1a: Mandibuzz|move: Roost
|
|upkeep
|turn|11
|
|t:|1623624451
|move|p2a: Corvid|Bulk Up|p2a: Corvid
|-boost|p2a: Corvid|atk|1
|-boost|p2a: Corvid|def|1
|move|p1a: Mandibuzz|Foul Play|p2a: Corvid
|-crit|p2a: Corvid
|-damage|p2a: Corvid|29/100
|
|upkeep
|turn|12
|
|t:|1623624454
|move|p2a: Corvid|Roost|p2a: Corvid
|-heal|p2a: Corvid|79/100
|-singleturn|p2a: Corvid|move: Roost
|move|p1a: Mandibuzz|Foul Play|p2a: Corvid
|-damage|p2a: Corvid|53/100
|
|upkeep
|turn|13
|
|t:|1623624460
|move|p2a: Corvid|Bulk Up|p2a: Corvid
|-boost|p2a: Corvid|atk|1
|-boost|p2a: Corvid|def|1
|move|p1a: Mandibuzz|Foul Play|p2a: Corvid
|-damage|p2a: Corvid|31/100
|
|upkeep
|turn|14
|
|t:|1623624466
|switch|p1a: Darmanitan|Darmanitan, M|100/100
|move|p2a: Corvid|Roost|p2a: Corvid
|-heal|p2a: Corvid|81/100
|-singleturn|p2a: Corvid|move: Roost
|
|upkeep
|turn|15
|
|t:|1623624468
|move|p2a: Corvid|Power Trip|p1a: Darmanitan
|-damage|p1a: Darmanitan|0 fnt
|faint|p1a: Darmanitan
|
|upkeep
|-message|lebanesestinker forfeited.
|
|win|tess p
|raw|lebanesestinker's rating: 1530 &rarr; <strong>1509</strong><br />(-21 for losing)
|raw|tess p's rating: 1504 &rarr; <strong>1525</strong><br />(+21 for winning)
|l|☆lebanesestinker
