|j|☆c u soon boi
|j|☆Sombra Diurna
|t:|1655822518
|gametype|singles
|player|p1|c u soon boi|101|1761
|player|p2|Sombra Diurna|blue|1828
|teamsize|p1|6
|teamsize|p2|6
|gen|8
|tier|[Gen 8] OU
|rated|
|rule|Sleep Clause Mod: Limit one foe put to sleep
|rule|Species Clause: Limit one of each Pokémon
|rule|OHKO Clause: OHKO moves are banned
|rule|Evasion Moves Clause: Evasion moves are banned
|rule|Endless Battle Clause: Forcing endless battles is banned
|rule|HP Percentage Mod: HP is shown in percentages
|rule|Dynamax Clause: You cannot dynamax
|clearpoke
|poke|p1|Kartana|
|poke|p1|Urshifu-*, F|
|poke|p1|Tornadus, M|
|poke|p1|Slurpuff, F|
|poke|p1|Bisharp, M|
|poke|p1|Crobat, F|
|poke|p2|Slowbro, F|
|poke|p2|Hatterene, F|
|poke|p2|Marowak-Alola, M|
|poke|p2|Ferrothorn, F|
|poke|p2|Garchomp, M|
|poke|p2|Drampa, M|
|teampreview
|j| animekingreal
|
|t:|1655822532
|start
|switch|p1a: Bisharp|Bisharp, M|100/100
|switch|p2a: Sonso|Slowbro, F|100/100
|turn|1
|
|t:|1655822540
|move|p1a: Bisharp|Knock Off|p2a: Sonso
|-supereffective|p2a: Sonso
|-enditem|p2a: Sonso|Colbur Berry|[eat]
|-enditem|p2a: Sonso|Colbur Berry|[weaken]
|-damage|p2a: Sonso|63/100
|-damage|p1a: Bisharp|91/100|[from] item: Life Orb
|move|p2a: Sonso|Body Press|p1a: Bisharp
|-supereffective|p1a: Bisharp
|-damage|p1a: Bisharp|0 fnt
|faint|p1a: Bisharp
|
|upkeep
|j| urMumgimmeCephalon
|
|t:|1655822553
|switch|p1a: Kartana|Kartana|100/100
|turn|2
|
|t:|1655822558
|switch|p2a: Thorns|Ferrothorn, F|100/100
|move|p1a: Kartana|Leaf Blade|p2a: Thorns
|-resisted|p2a: Thorns
|-damage|p2a: Thorns|86/100
|-damage|p1a: Kartana|88/100|[from] ability: Iron Barbs|[of] p2a: Thorns
|-damage|p1a: Kartana|78/100|[from] item: Life Orb
|
|-heal|p2a: Thorns|92/100|[from] item: Leftovers
|upkeep
|turn|3
|
|t:|1655822568
|move|p1a: Kartana|Sacred Sword|p2a: Thorns
|-supereffective|p2a: Thorns
|-damage|p2a: Thorns|0 fnt
|-damage|p1a: Kartana|66/100|[from] ability: Iron Barbs|[of] p2a: Thorns
|faint|p2a: Thorns
|-ability|p1a: Kartana|Beast Boost|boost
|-boost|p1a: Kartana|atk|1
|-damage|p1a: Kartana|56/100|[from] item: Life Orb
|
|upkeep
|
|t:|1655822581
|switch|p2a: Falko|Drampa, M|100/100
|turn|4
|
|t:|1655822585
|switch|p2a: Sonso|Slowbro, F|96/100
|move|p1a: Kartana|Smart Strike|p2a: Sonso
|-resisted|p2a: Sonso
|-damage|p2a: Sonso|66/100
|-damage|p1a: Kartana|47/100|[from] item: Life Orb
|
|upkeep
|turn|5
|
|t:|1655822594
|switch|p2a: Falko|Drampa, M|100/100
|move|p1a: Kartana|Leaf Blade|p2a: Falko
|-resisted|p2a: Falko
|-damage|p2a: Falko|27/100
|-ability|p2a: Falko|Berserk|boost
|-boost|p2a: Falko|spa|1
|-damage|p1a: Kartana|37/100|[from] item: Life Orb
|
|upkeep
|turn|6
|j| quqiph
|j| by22
|
|t:|1655822617
|move|p1a: Kartana|Knock Off|p2a: Falko
|-damage|p2a: Falko|0 fnt
|-enditem|p2a: Falko|Expert Belt|[from] move: Knock Off|[of] p1a: Kartana
|faint|p2a: Falko
|-ability|p1a: Kartana|Beast Boost|boost
|-boost|p1a: Kartana|atk|1
|-damage|p1a: Kartana|28/100|[from] item: Life Orb
|
|upkeep
|
|t:|1655822629
|switch|p2a: Sharpo|Garchomp, M|100/100
|turn|7
|c| by22|gg
|
|t:|1655822636
|switch|p1a: Tornadus|Tornadus, M|100/100
|move|p2a: Sharpo|Earthquake|p1a: Tornadus
|-immune|p1a: Tornadus
|
|upkeep
|turn|8
|
|t:|1655822642
|switch|p2a: Gorra|Hatterene, F|100/100
|move|p1a: Tornadus|Tailwind|p1a: Tornadus
|-sidestart|p1: c u soon boi|move: Tailwind
|
|upkeep
|turn|9
|
|t:|1655822647
|move|p1a: Tornadus|U-turn|p2a: Gorra
|-damage|p2a: Gorra|81/100
|
|t:|1655822653
|switch|p1a: Slurpuff|Slurpuff, F|100/100|[from]move: U-turn
|move|p2a: Gorra|Trick Room|p2a: Gorra
|-fieldstart|move: Trick Room|[of] p2a: Gorra
|
|upkeep
|turn|10
|
|t:|1655822659
|switch|p2a: Billy B.|Marowak-Alola, M|100/100
|move|p1a: Slurpuff|Endeavor|p2a: Billy B.
|-immune|p2a: Billy B.
|
|upkeep
|turn|11
|
|t:|1655822666
|move|p2a: Billy B.|Substitute|p2a: Billy B.
|-start|p2a: Billy B.|Substitute
|-damage|p2a: Billy B.|76/100
|move|p1a: Slurpuff|Sticky Web|p2a: Billy B.
|-sidestart|p2: Sombra Diurna|move: Sticky Web
|
|-sideend|p1: c u soon boi|move: Tailwind
|upkeep
|turn|12
|
|t:|1655822673
|move|p2a: Billy B.|Flare Blitz|p1a: Slurpuff
|-enditem|p1a: Slurpuff|Focus Sash
|-damage|p1a: Slurpuff|1/100
|move|p1a: Slurpuff|Misty Explosion|p2a: Billy B.
|-resisted|p2a: Billy B.
|-activate|p2a: Billy B.|move: Substitute|[damage]
|faint|p1a: Slurpuff
|
|upkeep
|
|t:|1655822690
|switch|p1a: Tornadus|Tornadus, M|100/100
|turn|13
|
|t:|1655822694
|move|p2a: Billy B.|Flare Blitz|p1a: Tornadus
|-damage|p1a: Tornadus|0 fnt
|faint|p1a: Tornadus
|
|-fieldend|move: Trick Room
|upkeep
|
|t:|1655822699
|switch|p1a: Urshifu|Urshifu-Rapid-Strike, F|100/100
|turn|14
|
|t:|1655822704
|switch|p1a: Kartana|Kartana|28/100
|switch|p2a: Sonso|Slowbro, F|99/100
|-activate|p2a: Sonso|move: Sticky Web
|-unboost|p2a: Sonso|spe|1
|
|upkeep
|turn|15
|
|t:|1655822711
|switch|p2a: Sharpo|Garchomp, M|100/100
|-activate|p2a: Sharpo|move: Sticky Web
|-unboost|p2a: Sharpo|spe|1
|move|p1a: Kartana|Leaf Blade|p2a: Sharpo
|-damage|p2a: Sharpo|17/100
|-damage|p1a: Kartana|15/100|[from] ability: Rough Skin|[of] p2a: Sharpo
|-damage|p1a: Kartana|6/100|[from] item: Life Orb
|
|-heal|p2a: Sharpo|23/100|[from] item: Leftovers
|upkeep
|turn|16
|
|t:|1655822725
|move|p1a: Kartana|Leaf Blade|p2a: Sharpo
|-damage|p2a: Sharpo|0 fnt
|-damage|p1a: Kartana|0 fnt|[from] ability: Rough Skin|[of] p2a: Sharpo
|faint|p2a: Sharpo
|faint|p1a: Kartana
|
|upkeep
|
|t:|1655822731
|switch|p2a: Sonso|Slowbro, F|100/100
|switch|p1a: Crobat|Crobat, F|100/100
|-activate|p2a: Sonso|move: Sticky Web
|-unboost|p2a: Sonso|spe|1
|turn|17
|
|t:|1655822737
|move|p1a: Crobat|Taunt|p2a: Sonso
|-start|p2a: Sonso|move: Taunt
|cant|p2a: Sonso|move: Taunt|Trick Room
|
|upkeep
|turn|18
|
|t:|1655822742
|move|p1a: Crobat|U-turn|p2a: Sonso
|-supereffective|p2a: Sonso
|-damage|p2a: Sonso|83/100
|
|t:|1655822745
|switch|p1a: Urshifu|Urshifu-Rapid-Strike, F|100/100|[from]move: U-turn
|move|p2a: Sonso|Scald|p1a: Urshifu
|-resisted|p1a: Urshifu
|-damage|p1a: Urshifu|81/100
|
|upkeep
|turn|19
|
|t:|1655822752
|move|p1a: Urshifu|Thunder Punch|p2a: Sonso
|-supereffective|p2a: Sonso
|-damage|p2a: Sonso|40/100
|-status|p2a: Sonso|par
|-damage|p1a: Urshifu|71/100|[from] item: Life Orb
|cant|p2a: Sonso|par
|
|-end|p2a: Sonso|move: Taunt
|upkeep
|turn|20
|c|☆Sombra Diurna|of curse
|
|t:|1655822770
|switch|p2a: Gorra|Hatterene, F|81/100
|-activate|p2a: Gorra|move: Sticky Web
|-unboost|p2a: Gorra|spe|1
|move|p1a: Urshifu|Bulk Up|p1a: Urshifu
|-boost|p1a: Urshifu|atk|1
|-boost|p1a: Urshifu|def|1
|
|upkeep
|turn|21
|c|☆Sombra Diurna|pure luck
|c|☆Sombra Diurna|i set TR
|
|t:|1655822795
|switch|p2a: Sonso|Slowbro, F|73/100 par
|-activate|p2a: Sonso|move: Sticky Web
|-unboost|p2a: Sonso|spe|1
|move|p1a: Urshifu|Surging Strikes|p2a: Sonso
|-resisted|p2a: Sonso
|-crit|p2a: Sonso
|-damage|p2a: Sonso|62/100 par
|-resisted|p2a: Sonso
|-crit|p2a: Sonso
|-damage|p2a: Sonso|52/100 par
|-resisted|p2a: Sonso
|-crit|p2a: Sonso
|-damage|p2a: Sonso|40/100 par
|-hitcount|p2a: Sonso|3
|-damage|p1a: Urshifu|61/100|[from] item: Life Orb
|
|upkeep
|turn|22
|
|t:|1655822807
|switch|p2a: Gorra|Hatterene, F|81/100
|-activate|p2a: Gorra|move: Sticky Web
|-unboost|p2a: Gorra|spe|1
|move|p1a: Urshifu|Thunder Punch|p2a: Gorra
|-damage|p2a: Gorra|33/100
|-damage|p1a: Urshifu|51/100|[from] item: Life Orb
|
|upkeep
|turn|23
|
|t:|1655822816
|move|p1a: Urshifu|Surging Strikes|p2a: Gorra
|-crit|p2a: Gorra
|-damage|p2a: Gorra|0 fnt
|faint|p2a: Gorra
|-hitcount|p2: Gorra|1
|-damage|p1a: Urshifu|41/100|[from] item: Life Orb
|
|upkeep
|
|t:|1655822822
|switch|p2a: Sonso|Slowbro, F|73/100 par
|-activate|p2a: Sonso|move: Sticky Web
|-unboost|p2a: Sonso|spe|1
|turn|24
|
|t:|1655822826
|move|p1a: Urshifu|Thunder Punch|p2a: Sonso
|-supereffective|p2a: Sonso
|-damage|p2a: Sonso|12/100 par
|-damage|p1a: Urshifu|31/100|[from] item: Life Orb
|move|p2a: Sonso|Trick Room|p2a: Sonso
|-fieldstart|move: Trick Room|[of] p2a: Sonso
|
|upkeep
|turn|25
|
|t:|1655822836
|move|p2a: Sonso|Scald|p1a: Urshifu
|-resisted|p1a: Urshifu
|-damage|p1a: Urshifu|11/100
|move|p1a: Urshifu|Bulk Up|p1a: Urshifu
|-boost|p1a: Urshifu|atk|1
|-boost|p1a: Urshifu|def|1
|
|upkeep
|turn|26
|
|t:|1655822843
|switch|p1a: Crobat|Crobat, F|100/100
|move|p2a: Sonso|Scald|p1a: Crobat
|-crit|p1a: Crobat
|-damage|p1a: Crobat|56/100
|-status|p1a: Crobat|brn
|
|-damage|p1a: Crobat|50/100 brn|[from] brn
|upkeep
|turn|27
|
|t:|1655822852
|move|p2a: Sonso|Slack Off|p2a: Sonso
|-heal|p2a: Sonso|62/100 par
|move|p1a: Crobat|Taunt|p2a: Sonso
|-start|p2a: Sonso|move: Taunt
|
|-damage|p1a: Crobat|44/100 brn|[from] brn
|upkeep
|turn|28
|
|t:|1655822866
|switch|p2a: Billy B.|Marowak-Alola, M|76/100
|-activate|p2a: Billy B.|move: Sticky Web
|-unboost|p2a: Billy B.|spe|1
|move|p1a: Crobat|U-turn|p2a: Billy B.
|-resisted|p2a: Billy B.
|-damage|p2a: Billy B.|74/100
|c| quqiph|luck too
|
|t:|1655822872
|switch|p1a: Urshifu|Urshifu-Rapid-Strike, F|11/100|[from]move: U-turn
|
|-fieldend|move: Trick Room
|upkeep
|turn|29
|c|☆Sombra Diurna|why?
|c|☆Sombra Diurna|i play better
|
|t:|1655822885
|switch|p2a: Sonso|Slowbro, F|95/100 par
|-activate|p2a: Sonso|move: Sticky Web
|-unboost|p2a: Sonso|spe|1
|move|p1a: Urshifu|Thunder Punch|p2a: Sonso
|-supereffective|p2a: Sonso
|-damage|p2a: Sonso|54/100 par
|-damage|p1a: Urshifu|1/100|[from] item: Life Orb
|
|upkeep
|turn|30
|
|t:|1655822894
|move|p1a: Urshifu|Bulk Up|p1a: Urshifu
|-boost|p1a: Urshifu|atk|1
|-boost|p1a: Urshifu|def|1
|cant|p2a: Sonso|par
|
|upkeep
|turn|31
|c| by22|gg
|c| quqiph|gg
|c|☆Sombra Diurna|see?? jaja
|c|☆Sombra Diurna|that is not gg
|
|t:|1655822912
|move|p1a: Urshifu|Thunder Punch|p2a: Sonso
|-supereffective|p2a: Sonso
|-damage|p2a: Sonso|0 fnt
|faint|p2a: Sonso
|-damage|p1a: Urshifu|0 fnt|[from] item: Life Orb
|faint|p1a: Urshifu
|
|upkeep
|
|t:|1655822919
|switch|p1a: Crobat|Crobat, F|44/100 brn
|switch|p2a: Billy B.|Marowak-Alola, M|74/100
|-activate|p2a: Billy B.|move: Sticky Web
|-unboost|p2a: Billy B.|spe|1
|turn|32
|-message|c u soon boi forfeited.
|
|win|Sombra Diurna
|raw|c u soon boi's rating: 1748 &rarr; <strong>1733</strong><br />(-15 for losing)
|raw|Sombra Diurna's rating: 1828 &rarr; <strong>1843</strong><br />(+15 for winning)
|l|☆c u soon boi
|l| urMumgimmeCephalon
|l| quqiph
|l| by22
|l| animekingreal
||Ladder isn't responding, score probably updated but might not have (Request timeout).
