|j|☆SetsuStsna
|j|☆shoujos
|t:|1651437191
|gametype|singles
|player|p1|SetsuStsna|lisia|1780
|player|p2|shoujos|elesa-gen5bw2|1757
|teamsize|p1|6
|teamsize|p2|6
|gen|8
|tier|[Gen 8] OU
|rated|
|rule|Sleep Clause Mod: Limit one foe put to sleep
|rule|Species Clause: Limit one of each Pokémon
|rule|OHKO Clause: OHKO moves are banned
|rule|Evasion Moves Clause: Evasion moves are banned
|rule|Endless Battle Clause: Forcing endless battles is banned
|rule|HP Percentage Mod: HP is shown in percentages
|rule|Dynamax Clause: You cannot dynamax
|clearpoke
|poke|p1|Jirachi|
|poke|p1|Corviknight, F|
|poke|p1|Scizor, M|
|poke|p1|Ferrothorn, F|
|poke|p1|Registeel|
|poke|p1|Bisharp, M|
|poke|p2|Volcarona, F|
|poke|p2|Gardevoir, F|
|poke|p2|Polteageist|
|poke|p2|Grimmsnarl, M|
|poke|p2|Tapu Lele|
|poke|p2|Hatterene, F|
|teampreview
|inactive|Battle timer is ON: inactive players will automatically lose when time's up. (requested by shoujos)
|j| ecall
|c|☆SetsuStsna|hf
|inactive|shoujos has 120 seconds left.
|c|☆shoujos|u2 :)
|
|t:|1651437227
|start
|switch|p1a: Ferrothorn|Ferrothorn, F|100/100
|switch|p2a: ...mommy|Volcarona, F|100/100
|turn|1
|
|t:|1651437235
|move|p2a: ...mommy|Fiery Dance|p1a: Ferrothorn
|-supereffective|p1a: Ferrothorn
|-damage|p1a: Ferrothorn|0 fnt
|faint|p1a: Ferrothorn
|
|upkeep
|
|t:|1651437238
|switch|p1a: Jirachi|Jirachi|100/100
|turn|2
|
|t:|1651437241
|move|p1a: Jirachi|Thunder Wave|p2a: ...mommy
|-status|p2a: ...mommy|par
|move|p2a: ...mommy|Fiery Dance|p1a: Jirachi
|-supereffective|p1a: Jirachi
|-damage|p1a: Jirachi|31/100
|-boost|p2a: ...mommy|spa|1
|
|upkeep
|turn|3
|
|t:|1651437245
|move|p1a: Jirachi|Light Screen|p1a: Jirachi
|-sidestart|p1: SetsuStsna|move: Light Screen
|move|p2a: ...mommy|Fiery Dance|p1a: Jirachi
|-supereffective|p1a: Jirachi
|-damage|p1a: Jirachi|0 fnt
|faint|p1a: Jirachi
|
|upkeep
|
|t:|1651437248
|switch|p1a: Bisharp|Bisharp, M|100/100
|turn|4
|
|t:|1651437253
|move|p1a: Bisharp|Swords Dance|p1a: Bisharp
|-boost|p1a: Bisharp|atk|2
|cant|p2a: ...mommy|par
|
|upkeep
|turn|5
|
|t:|1651437260
|move|p1a: Bisharp|Beat Up|p2a: ...mommy
|-damage|p2a: ...mommy|72/100 par
|-damage|p2a: ...mommy|51/100 par
|-damage|p2a: ...mommy|21/100 par
|-damage|p2a: ...mommy|2/100 par
|-hitcount|p2a: ...mommy|4
|move|p2a: ...mommy|Fiery Dance|p1a: Bisharp
|-supereffective|p1a: Bisharp
|-damage|p1a: Bisharp|2/100
|-boost|p2a: ...mommy|spa|1
|
|upkeep
|turn|6
|
|t:|1651437270
|move|p1a: Bisharp|Beat Up|p2a: ...mommy
|-damage|p2a: ...mommy|0 fnt
|faint|p2a: ...mommy
|-hitcount|p2: ...mommy|1
|
|upkeep
|
|t:|1651437273
|switch|p2a: simp queen|Gardevoir, F, shiny|100/100
|-ability|p2a: simp queen|Defiant|[from] ability: Trace|[of] p1a: Bisharp
|turn|7
|
|t:|1651437279
|move|p2a: simp queen|Moonblast|p1a: Bisharp
|-damage|p1a: Bisharp|0 fnt
|faint|p1a: Bisharp
|
|upkeep
|
|t:|1651437284
|switch|p1a: Corviknight|Corviknight, F, shiny|100/100
|turn|8
|
|t:|1651437289
|switch|p2a: and i OOP|Grimmsnarl, M, shiny|100/100
|move|p1a: Corviknight|Agility|p1a: Corviknight
|-boost|p1a: Corviknight|spe|2
|
|upkeep
|turn|9
|
|t:|1651437294
|switch|p2a: simp queen|Gardevoir, F, shiny|100/100
|-ability|p2a: simp queen|Mirror Armor|[from] ability: Trace|[of] p1a: Corviknight
|move|p1a: Corviknight|Bulk Up|p1a: Corviknight
|-boost|p1a: Corviknight|atk|1
|-boost|p1a: Corviknight|def|1
|
|upkeep
|turn|10
|
|t:|1651437298
|switch|p1a: Registeel|Registeel|100/100
|move|p2a: simp queen|Trick|p1a: Registeel
|-activate|p2a: simp queen|move: Trick|[of] p1a: Registeel
|-item|p1a: Registeel|Choice Scarf|[from] move: Trick
|-item|p2a: simp queen|Leftovers|[from] move: Trick
|
|-sideend|p1: SetsuStsna|move: Light Screen
|upkeep
|turn|11
|
|t:|1651437305
|switch|p1a: Scizor|Scizor, M|100/100
|move|p2a: simp queen|Destiny Bond|p2a: simp queen
|-singlemove|p2a: simp queen|Destiny Bond
|
|upkeep
|turn|12
|
|t:|1651437314
|switch|p2a: ninki minjaj|Tapu Lele|100/100
|-fieldstart|move: Psychic Terrain|[from] ability: Psychic Surge|[of] p2a: ninki minjaj
|move|p1a: Scizor|Knock Off|p2a: ninki minjaj
|-damage|p2a: ninki minjaj|57/100
|-enditem|p2a: ninki minjaj|Choice Specs|[from] move: Knock Off|[of] p1a: Scizor
|
|upkeep
|turn|13
|
|t:|1651437323
|move|p1a: Scizor|Knock Off|p2a: ninki minjaj
|-damage|p2a: ninki minjaj|23/100
|move|p2a: ninki minjaj|Focus Blast|p1a: Scizor
|-damage|p1a: Scizor|31/100
|
|upkeep
|turn|14
|
|t:|1651437330
|switch|p2a: and i OOP|Grimmsnarl, M, shiny|100/100
|move|p1a: Scizor|Roost|p1a: Scizor
|-heal|p1a: Scizor|81/100
|-singleturn|p1a: Scizor|move: Roost
|
|upkeep
|turn|15
|
|t:|1651437339
|switch|p2a: spill the tea sis|Polteageist, shiny|100/100
|move|p1a: Scizor|Knock Off|p2a: spill the tea sis
|-supereffective|p2a: spill the tea sis
|-enditem|p2a: spill the tea sis|Focus Sash
|-damage|p2a: spill the tea sis|1/100
|-ability|p2a: spill the tea sis|Weak Armor|boost
|-unboost|p2a: spill the tea sis|def|1
|-boost|p2a: spill the tea sis|spe|2
|
|upkeep
|turn|16
|
|t:|1651437344
|move|p2a: spill the tea sis|Shadow Ball|p1a: Scizor
|-damage|p1a: Scizor|8/100
|move|p1a: Scizor|Knock Off|p2a: spill the tea sis
|-supereffective|p2a: spill the tea sis
|-damage|p2a: spill the tea sis|0 fnt
|faint|p2a: spill the tea sis
|
|-fieldend|move: Psychic Terrain
|upkeep
|
|t:|1651437350
|switch|p2a: ninki minjaj|Tapu Lele|23/100
|-fieldstart|move: Psychic Terrain|[from] ability: Psychic Surge|[of] p2a: ninki minjaj
|turn|17
|
|t:|1651437363
|move|p1a: Scizor|Knock Off|p2a: ninki minjaj
|-damage|p2a: ninki minjaj|0 fnt
|faint|p2a: ninki minjaj
|
|upkeep
|
|t:|1651437366
|switch|p2a: simp queen|Gardevoir, F, shiny|100/100
|-ability|p2a: simp queen|Technician|[from] ability: Trace|[of] p1a: Scizor
|turn|18
|
|t:|1651437372
|move|p2a: simp queen|Expanding Force|p1a: Scizor
|-resisted|p1a: Scizor
|-damage|p1a: Scizor|0 fnt
|faint|p1a: Scizor
|
|upkeep
|j| Nestohr
|
|t:|1651437376
|switch|p1a: Corviknight|Corviknight, F, shiny|100/100
|turn|19
|
|t:|1651437382
|move|p2a: simp queen|Expanding Force|p1a: Corviknight
|-resisted|p1a: Corviknight
|-damage|p1a: Corviknight|70/100
|move|p1a: Corviknight|Agility|p1a: Corviknight
|-boost|p1a: Corviknight|spe|2
|
|upkeep
|turn|20
|
|t:|1651437387
|switch|p2a: TRANSRIGHTS!!|Hatterene, F|100/100
|move|p1a: Corviknight|Bulk Up|p1a: Corviknight
|-boost|p1a: Corviknight|atk|1
|-boost|p1a: Corviknight|def|1
|
|upkeep
|turn|21
|
|t:|1651437390
|move|p1a: Corviknight|Bulk Up|p1a: Corviknight
|-boost|p1a: Corviknight|atk|1
|-boost|p1a: Corviknight|def|1
|move|p2a: TRANSRIGHTS!!|Trick Room|p2a: TRANSRIGHTS!!
|-fieldstart|move: Trick Room|[of] p2a: TRANSRIGHTS!!
|
|-fieldend|move: Psychic Terrain
|upkeep
|turn|22
|
|t:|1651437396
|move|p2a: TRANSRIGHTS!!|Mystical Fire|p1a: Corviknight
|-supereffective|p1a: Corviknight
|-damage|p1a: Corviknight|24/100
|-ability|p1a: Corviknight|Mirror Armor
|-unboost|p2a: TRANSRIGHTS!!|spa|1
|-enditem|p1a: Corviknight|Weakness Policy
|-boost|p1a: Corviknight|atk|2|[from] item: Weakness Policy
|-boost|p1a: Corviknight|spa|2|[from] item: Weakness Policy
|move|p1a: Corviknight|Power Trip|p2a: TRANSRIGHTS!!
|-damage|p2a: TRANSRIGHTS!!|0 fnt
|faint|p2a: TRANSRIGHTS!!
|
|upkeep
|
|t:|1651437407
|switch|p2a: and i OOP|Grimmsnarl, M, shiny|100/100
|turn|23
|
|t:|1651437410
|move|p2a: and i OOP|Power Swap|p1a: Corviknight
|-swapboost|p2a: and i OOP|p1a: Corviknight|atk, spa|[from] move: Power Swap
|move|p1a: Corviknight|Roost|p1a: Corviknight
|-heal|p1a: Corviknight|74/100
|-singleturn|p1a: Corviknight|move: Roost
|
|upkeep
|turn|24
|
|t:|1651437424
|move|p2a: and i OOP|Sucker Punch||[still]
|-fail|p2a: and i OOP
|move|p1a: Corviknight|Bulk Up|p1a: Corviknight
|-boost|p1a: Corviknight|atk|1
|-boost|p1a: Corviknight|def|1
|
|upkeep
|turn|25
|
|t:|1651437430
|move|p2a: and i OOP|Stomping Tantrum|p1a: Corviknight
|-immune|p1a: Corviknight
|move|p1a: Corviknight|Bulk Up|p1a: Corviknight
|-boost|p1a: Corviknight|atk|1
|-boost|p1a: Corviknight|def|1
|
|-fieldend|move: Trick Room
|upkeep
|turn|26
|
|t:|1651437436
|move|p1a: Corviknight|Power Trip|p2a: and i OOP
|-resisted|p2a: and i OOP
|-damage|p2a: and i OOP|72/100
|move|p2a: and i OOP|Play Rough|p1a: Corviknight
|-resisted|p1a: Corviknight
|-damage|p1a: Corviknight|49/100
|-damage|p2a: and i OOP|62/100|[from] item: Life Orb
|
|upkeep
|turn|27
|
|t:|1651437443
|move|p2a: and i OOP|Sucker Punch||[still]
|-fail|p2a: and i OOP
|move|p1a: Corviknight|Bulk Up|p1a: Corviknight
|-boost|p1a: Corviknight|atk|1
|-boost|p1a: Corviknight|def|1
|
|upkeep
|turn|28
|
|t:|1651437451
|move|p2a: and i OOP|Sucker Punch|p1a: Corviknight
|-damage|p1a: Corviknight|13/100
|-damage|p2a: and i OOP|52/100|[from] item: Life Orb
|move|p1a: Corviknight|Power Trip|p2a: and i OOP
|-resisted|p2a: and i OOP
|-damage|p2a: and i OOP|11/100
|
|upkeep
|turn|29
|
|t:|1651437457
|move|p1a: Corviknight|Roost|p1a: Corviknight
|-heal|p1a: Corviknight|63/100
|-singleturn|p1a: Corviknight|move: Roost
|move|p2a: and i OOP|Stomping Tantrum|p1a: Corviknight
|-supereffective|p1a: Corviknight
|-damage|p1a: Corviknight|12/100
|-damage|p2a: and i OOP|1/100|[from] item: Life Orb
|
|upkeep
|turn|30
|j| rozfu
|
|t:|1651437468
|move|p2a: and i OOP|Sucker Punch||[still]
|-fail|p2a: and i OOP
|move|p1a: Corviknight|Roost|p1a: Corviknight
|-heal|p1a: Corviknight|62/100
|-singleturn|p1a: Corviknight|move: Roost
|
|upkeep
|turn|31
|
|t:|1651437474
|move|p2a: and i OOP|Sucker Punch||[still]
|-fail|p2a: and i OOP
|move|p1a: Corviknight|Roost|p1a: Corviknight
|-heal|p1a: Corviknight|100/100
|-singleturn|p1a: Corviknight|move: Roost
|
|upkeep
|turn|32
|
|t:|1651437478
|move|p2a: and i OOP|Sucker Punch|p1a: Corviknight
|-damage|p1a: Corviknight|64/100
|-damage|p2a: and i OOP|0 fnt|[from] item: Life Orb
|faint|p2a: and i OOP
|move|p1a: Corviknight|Power Trip|p2: and i OOP|[notarget]
|-fail|p1a: Corviknight
|
|upkeep
|
|t:|1651437481
|switch|p2a: simp queen|Gardevoir, F, shiny|100/100
|-ability|p2a: simp queen|Mirror Armor|[from] ability: Trace|[of] p1a: Corviknight
|turn|33
|
|t:|1651437485
|move|p1a: Corviknight|Power Trip|p2a: simp queen
|-damage|p2a: simp queen|0 fnt
|faint|p2a: simp queen
|
|win|SetsuStsna
|raw|SetsuStsna's rating: 1780 &rarr; <strong>1799</strong><br />(+19 for winning)
|raw|shoujos's rating: 1757 &rarr; <strong>1738</strong><br />(-19 for losing)
|c|☆shoujos|gg
|c|☆SetsuStsna|gg
|l|☆shoujos
