|j|☆Stads
|j|☆jushu1
|t:|1664388866
|gametype|singles
|player|p1|Stads|266|1833
|player|p2|jushu1|1|1900
|teamsize|p1|6
|teamsize|p2|6
|gen|8
|tier|[Gen 8] OU
|rated|
|rule|Sleep Clause Mod: Limit one foe put to sleep
|rule|Species Clause: Limit one of each Pokémon
|rule|OHKO Clause: OHKO moves are banned
|rule|Evasion Items Clause: Evasion items are banned
|rule|Evasion Moves Clause: Evasion moves are banned
|rule|Endless Battle Clause: Forcing endless battles is banned
|rule|HP Percentage Mod: HP is shown in percentages
|rule|Dynamax Clause: You cannot dynamax
|clearpoke
|poke|p1|Tornadus-Therian, M|
|poke|p1|Corviknight, F|
|poke|p1|Kartana|
|poke|p1|Toxapex, F|
|poke|p1|Hippowdon, F|
|poke|p1|Heatran, F|
|poke|p2|Lycanroc-Dusk, F|
|poke|p2|Blaziken, M|
|poke|p2|Charizard, F|
|poke|p2|Grimmsnarl, M|
|poke|p2|Kartana|
|poke|p2|Dragapult, F|
|teampreview
|inactive|Battle timer is ON: inactive players will automatically lose when time's up. (requested by Stads)
|
|t:|1664388878
|start
|switch|p1a: Hippowdon|Hippowdon, F|100/100
|switch|p2a: Lycanroc|Lycanroc-Dusk, F, shiny|100/100
|-weather|Sandstorm|[from] ability: Sand Stream|[of] p1a: Hippowdon
|turn|1
|
|t:|1664388882
|move|p2a: Lycanroc|Stealth Rock|p1a: Hippowdon
|-sidestart|p1: Stads|move: Stealth Rock
|move|p1a: Hippowdon|Earthquake|p2a: Lycanroc
|-supereffective|p2a: Lycanroc
|-enditem|p2a: Lycanroc|Focus Sash
|-damage|p2a: Lycanroc|1/100
|
|-weather|Sandstorm|[upkeep]
|upkeep
|turn|2
|
|t:|1664388885
|move|p2a: Lycanroc|Endeavor|p1a: Hippowdon
|-damage|p1a: Hippowdon|1/100
|move|p1a: Hippowdon|Earthquake|p2a: Lycanroc
|-supereffective|p2a: Lycanroc
|-damage|p2a: Lycanroc|0 fnt
|faint|p2a: Lycanroc
|
|-weather|Sandstorm|[upkeep]
|-heal|p1a: Hippowdon|7/100|[from] item: Leftovers
|upkeep
|
|t:|1664388901
|switch|p2a: Charizard|Charizard, F, shiny|100/100
|turn|3
|
|t:|1664388906
|move|p2a: Charizard|Flame Charge|p1a: Hippowdon
|-damage|p1a: Hippowdon|0 fnt
|-boost|p2a: Charizard|spe|1
|faint|p1a: Hippowdon
|
|-weather|Sandstorm|[upkeep]
|-damage|p2a: Charizard|94/100|[from] Sandstorm
|upkeep
|
|t:|1664388909
|switch|p1a: Toxapex|Toxapex, F|100/100
|-damage|p1a: Toxapex|88/100|[from] Stealth Rock
|turn|4
|
|t:|1664388917
|move|p2a: Charizard|Belly Drum|p2a: Charizard
|-damage|p2a: Charizard|44/100
|-setboost|p2a: Charizard|atk|6|[from] move: Belly Drum
|-enditem|p2a: Charizard|Sitrus Berry|[eat]
|-heal|p2a: Charizard|69/100|[from] item: Sitrus Berry
|move|p1a: Toxapex|Recover|p1a: Toxapex
|-heal|p1a: Toxapex|100/100
|
|-weather|Sandstorm|[upkeep]
|-damage|p2a: Charizard|63/100|[from] Sandstorm
|-damage|p1a: Toxapex|94/100|[from] Sandstorm
|upkeep
|turn|5
|
|t:|1664388920
|move|p2a: Charizard|Acrobatics|p1a: Toxapex
|-damage|p1a: Toxapex|0 fnt
|faint|p1a: Toxapex
|
|-weather|none
|upkeep
|
|t:|1664388925
|switch|p1a: Kartana|Kartana|100/100
|-damage|p1a: Kartana|94/100|[from] Stealth Rock
|turn|6
|
|t:|1664388928
|move|p1a: Kartana|Knock Off|p2a: Charizard
|-damage|p2a: Charizard|22/100
|move|p2a: Charizard|Flame Charge|p1a: Kartana
|-supereffective|p1a: Kartana
|-damage|p1a: Kartana|0 fnt
|-boost|p2a: Charizard|spe|1
|faint|p1a: Kartana
|
|upkeep
|-message|Stads forfeited.
|
|win|jushu1
|raw|Stads's rating: 1833 &rarr; <strong>1817</strong><br />(-16 for losing)
|raw|jushu1's rating: 1900 &rarr; <strong>1916</strong><br />(+16 for winning)
|l|☆Stads
||Ladder isn't responding, score probably updated but might not have (Request timeout).
