|raw|<div class="broadcast-blue"><strong>This battle is required to be public due to a player having a name starting with 'lt94je'.</div>
|j|☆LT94JE Weaselfie
|j|☆Barracades
|t:|1661658104
|gametype|singles
|player|p1|LT94JE Weaselfie|lyra|1719
|player|p2|Barracades|bruno-gen2|1818
|teamsize|p1|6
|teamsize|p2|6
|gen|8
|tier|[Gen 8] OU
|rated|
|rule|Sleep Clause Mod: Limit one foe put to sleep
|rule|Species Clause: Limit one of each Pokémon
|rule|OHKO Clause: OHKO moves are banned
|rule|Evasion Items Clause: Evasion items are banned
|rule|Evasion Moves Clause: Evasion moves are banned
|rule|Endless Battle Clause: Forcing endless battles is banned
|rule|HP Percentage Mod: HP is shown in percentages
|rule|Dynamax Clause: You cannot dynamax
|clearpoke
|poke|p1|Nidoking, M|
|poke|p1|Hydreigon, M|
|poke|p1|Melmetal|
|poke|p1|Volcarona, M|
|poke|p1|Urshifu-*, M|
|poke|p1|Dragapult, M|
|poke|p2|Dragapult, M|
|poke|p2|Obstagoon, M|
|poke|p2|Melmetal|
|poke|p2|Volcanion|
|poke|p2|Mamoswine, M|
|poke|p2|Buzzwole|
|teampreview
|inactive|Battle timer is ON: inactive players will automatically lose when time's up. (requested by LT94JE Weaselfie)
|
|t:|1661658115
|start
|switch|p1a: Nidoking|Nidoking, M|100/100
|switch|p2a: Behemoth|Mamoswine, M, shiny|100/100
|turn|1
|j| BrothaOptions
|
|t:|1661658120
|move|p1a: Nidoking|Stealth Rock|p2a: Behemoth
|-sidestart|p2: Barracades|move: Stealth Rock
|move|p2a: Behemoth|Stealth Rock|p1a: Nidoking
|-sidestart|p1: LT94JE Weaselfie|move: Stealth Rock
|
|upkeep
|turn|2
|
|t:|1661658123
|switch|p1a: Urshifu|Urshifu-Rapid-Strike, M|100/100
|-damage|p1a: Urshifu|94/100|[from] Stealth Rock
|move|p2a: Behemoth|Earthquake|p1a: Urshifu
|-damage|p1a: Urshifu|40/100
|
|upkeep
|turn|3
|
|t:|1661658127
|switch|p1a: Volcarona|Volcarona, M|100/100
|switch|p2a: Magatama|Volcanion|100/100
|
|upkeep
|turn|4
|
|t:|1661658130
|switch|p1a: Hydreigon|Hydreigon, M|100/100
|-damage|p1a: Hydreigon|88/100|[from] Stealth Rock
|move|p2a: Magatama|Steam Eruption|p1a: Hydreigon
|-resisted|p1a: Hydreigon
|-damage|p1a: Hydreigon|52/100
|
|upkeep
|turn|5
|
|t:|1661658139
|switch|p2a: Behemoth|Mamoswine, M, shiny|100/100
|-damage|p2a: Behemoth|88/100|[from] Stealth Rock
|move|p1a: Hydreigon|Earth Power|p2a: Behemoth
|-damage|p2a: Behemoth|48/100
|
|upkeep
|turn|6
|
|t:|1661658146
|switch|p1a: Volcarona|Volcarona, M|100/100
|move|p2a: Behemoth|Earthquake|p1a: Volcarona
|-damage|p1a: Volcarona|24/100
|
|upkeep
|turn|7
|
|t:|1661658151
|switch|p2a: Magatama|Volcanion|100/100
|move|p1a: Volcarona|Giga Drain|p2a: Magatama
|-damage|p2a: Magatama|69/100
|-heal|p1a: Volcarona|43/100|[from] drain|[of] p2a: Magatama
|
|upkeep
|turn|8
|
|t:|1661658156
|switch|p1a: Dragapult|Dragapult, M|100/100
|-damage|p1a: Dragapult|88/100|[from] Stealth Rock
|move|p2a: Magatama|Steam Eruption|p1a: Dragapult
|-resisted|p1a: Dragapult
|-damage|p1a: Dragapult|42/100
|
|upkeep
|turn|9
|
|t:|1661658161
|switch|p2a: Behemoth|Mamoswine, M, shiny|48/100
|-damage|p2a: Behemoth|35/100|[from] Stealth Rock
|move|p1a: Dragapult|Draco Meteor|p2a: Behemoth
|-damage|p2a: Behemoth|0 fnt
|-unboost|p1a: Dragapult|spa|2
|faint|p2a: Behemoth
|
|upkeep
|
|t:|1661658169
|switch|p2a: Vilgax|Buzzwole, shiny|100/100
|-damage|p2a: Vilgax|88/100|[from] Stealth Rock
|turn|10
|
|t:|1661658172
|move|p2a: Vilgax|Earthquake|p1a: Dragapult
|-damage|p1a: Dragapult|0 fnt
|faint|p1a: Dragapult
|-ability|p2a: Vilgax|Beast Boost|boost
|-boost|p2a: Vilgax|atk|1
|
|upkeep
|
|t:|1661658176
|switch|p1a: Hydreigon|Hydreigon, M|52/100
|-damage|p1a: Hydreigon|40/100|[from] Stealth Rock
|turn|11
|l| BrothaOptions
|
|t:|1661658181
|switch|p2a: Fate|Melmetal, shiny|100/100
|-damage|p2a: Fate|94/100|[from] Stealth Rock
|move|p1a: Hydreigon|Earth Power|p2a: Fate
|-supereffective|p2a: Fate
|-damage|p2a: Fate|47/100
|
|-heal|p2a: Fate|54/100|[from] item: Leftovers
|upkeep
|turn|12
|
|t:|1661658186
|move|p1a: Hydreigon|Earth Power|p2a: Fate
|-supereffective|p2a: Fate
|-damage|p2a: Fate|4/100
|move|p2a: Fate|Double Iron Bash|p1a: Hydreigon
|-damage|p1a: Hydreigon|4/100
|-damage|p1a: Hydreigon|0 fnt
|faint|p1a: Hydreigon
|-hitcount|p1: Hydreigon|2
|
|-heal|p2a: Fate|10/100|[from] item: Leftovers
|upkeep
|
|t:|1661658189
|switch|p1a: Melmetal|Melmetal|100/100
|-damage|p1a: Melmetal|94/100|[from] Stealth Rock
|turn|13
|
|t:|1661658193
|move|p1a: Melmetal|Double Iron Bash|p2a: Fate
|-resisted|p2a: Fate
|-damage|p2a: Fate|0 fnt
|faint|p2a: Fate
|-hitcount|p2: Fate|1
|
|upkeep
|
|t:|1661658196
|switch|p2a: Magatama|Volcanion|69/100
|turn|14
|
|t:|1661658198
|switch|p1a: Nidoking|Nidoking, M|100/100
|-damage|p1a: Nidoking|95/100|[from] Stealth Rock
|move|p2a: Magatama|Flamethrower|p1a: Nidoking
|-damage|p1a: Nidoking|21/100
|
|upkeep
|turn|15
|
|t:|1661658202
|switch|p2a: Missingno|Obstagoon, M, shiny|100/100
|-damage|p2a: Missingno|88/100|[from] Stealth Rock
|move|p1a: Nidoking|Earth Power|p2a: Missingno
|-damage|p2a: Missingno|32/100
|
|-status|p2a: Missingno|brn|[from] item: Flame Orb
|upkeep
|turn|16
|
|t:|1661658205
|move|p1a: Nidoking|Earth Power|p2a: Missingno
|-damage|p2a: Missingno|0 fnt
|faint|p2a: Missingno
|
|upkeep
|
|t:|1661658209
|switch|p2a: Vilgax|Buzzwole, shiny|88/100
|-damage|p2a: Vilgax|76/100|[from] Stealth Rock
|turn|17
|
|t:|1661658215
|move|p2a: Vilgax|Earthquake|p1a: Nidoking
|-supereffective|p1a: Nidoking
|-damage|p1a: Nidoking|0 fnt
|faint|p1a: Nidoking
|-ability|p2a: Vilgax|Beast Boost|boost
|-boost|p2a: Vilgax|atk|1
|
|upkeep
|
|t:|1661658217
|switch|p1a: Melmetal|Melmetal|94/100
|-damage|p1a: Melmetal|88/100|[from] Stealth Rock
|turn|18
|
|t:|1661658221
|move|p2a: Vilgax|Earthquake|p1a: Melmetal
|-supereffective|p1a: Melmetal
|-damage|p1a: Melmetal|21/100
|move|p1a: Melmetal|Thunder Wave|p2a: Vilgax
|-status|p2a: Vilgax|par
|
|upkeep
|turn|19
|
|t:|1661658225
|move|p2a: Vilgax|Earthquake|p1a: Melmetal
|-supereffective|p1a: Melmetal
|-damage|p1a: Melmetal|0 fnt
|faint|p1a: Melmetal
|-ability|p2a: Vilgax|Beast Boost|boost
|-boost|p2a: Vilgax|atk|1
|
|upkeep
|
|t:|1661658227
|switch|p1a: Volcarona|Volcarona, M|43/100
|turn|20
|
|t:|1661658228
|move|p1a: Volcarona|Quiver Dance|p1a: Volcarona
|-boost|p1a: Volcarona|spa|1
|-boost|p1a: Volcarona|spd|1
|-boost|p1a: Volcarona|spe|1
|move|p2a: Vilgax|Earthquake|p1a: Volcarona
|-crit|p1a: Volcarona
|-damage|p1a: Volcarona|0 fnt
|faint|p1a: Volcarona
|-ability|p2a: Vilgax|Beast Boost|boost
|-boost|p2a: Vilgax|atk|1
|
|upkeep
|-message|LT94JE Weaselfie forfeited.
|
|win|Barracades
|raw|LT94JE Weaselfie's rating: 1719 &rarr; <strong>1705</strong><br />(-14 for losing)
|raw|Barracades's rating: 1818 &rarr; <strong>1832</strong><br />(+14 for winning)
|l|☆LT94JE Weaselfie
