|j|☆Kevinskie
|j|☆IMSOMALD
|t:|1668093017
|gametype|singles
|player|p1|Kevinskie|265|1733
|player|p2|IMSOMALD|ethan-masters|1786
|teamsize|p1|6
|teamsize|p2|6
|gen|8
|tier|[Gen 8] OU
|rated|
|rule|Sleep Clause Mod: Limit one foe put to sleep
|rule|Species Clause: Limit one of each Pokémon
|rule|OHKO Clause: OHKO moves are banned
|rule|Evasion Items Clause: Evasion items are banned
|rule|Evasion Moves Clause: Evasion moves are banned
|rule|Endless Battle Clause: Forcing endless battles is banned
|rule|HP Percentage Mod: HP is shown in percentages
|rule|Dynamax Clause: You cannot dynamax
|clearpoke
|poke|p1|Slowbro, M|
|poke|p1|Weavile, F|
|poke|p1|Melmetal|
|poke|p1|Kartana|
|poke|p1|Blacephalon|
|poke|p1|Landorus-Therian, M|
|poke|p2|Rillaboom, M|
|poke|p2|Tornadus-Therian, M|
|poke|p2|Blaziken, F|
|poke|p2|Melmetal|
|poke|p2|Garchomp, F|
|poke|p2|Slowbro, F|
|teampreview
|inactive|Battle timer is ON: inactive players will automatically lose when time's up. (requested by IMSOMALD)
|inactive|Kevinskie has 120 seconds left.
|
|t:|1668093054
|start
|switch|p1a: Landorus|Landorus-Therian, M|100/100
|switch|p2a: Melmetal|Melmetal|100/100
|-ability|p1a: Landorus|Intimidate|boost
|-unboost|p2a: Melmetal|atk|1
|turn|1
|
|t:|1668093066
|switch|p2a: Tornadus|Tornadus-Therian, M|100/100
|move|p1a: Landorus|U-turn|p2a: Tornadus
|-resisted|p2a: Tornadus
|-damage|p2a: Tornadus|89/100
|
|t:|1668093077
|switch|p1a: Melmetal|Melmetal|100/100|[from]move: U-turn
|
|upkeep
|turn|2
|
|t:|1668093083
|move|p2a: Tornadus|U-turn|p1a: Melmetal
|-resisted|p1a: Melmetal
|-damage|p1a: Melmetal|97/100
|
|t:|1668093085
|switch|p2a: Slowbro|Slowbro, F|100/100|[from]move: U-turn
|move|p1a: Melmetal|Double Iron Bash|p2a: Slowbro
|-resisted|p2a: Slowbro
|-damage|p2a: Slowbro|88/100
|-damage|p1a: Melmetal|80/100|[from] item: Rocky Helmet|[of] p2a: Slowbro
|-resisted|p2a: Slowbro
|-damage|p2a: Slowbro|76/100
|-damage|p1a: Melmetal|64/100|[from] item: Rocky Helmet|[of] p2a: Slowbro
|-hitcount|p2a: Slowbro|2
|
|upkeep
|turn|3
|
|t:|1668093093
|switch|p1a: Weavile|Weavile, F|100/100
|-ability|p1a: Weavile|Pressure
|move|p2a: Slowbro|Teleport|p2a: Slowbro
|j| demgeilem
|
|t:|1668093100
|switch|p2a: Melmetal|Melmetal|100/100|[from]move: Teleport
|
|upkeep
|turn|4
|
|t:|1668093103
|switch|p1a: Slowbro|Slowbro, M|100/100
|move|p2a: Melmetal|Double Iron Bash|p1a: Slowbro
|-resisted|p1a: Slowbro
|-damage|p1a: Slowbro|88/100
|-resisted|p1a: Slowbro
|-damage|p1a: Slowbro|76/100
|-hitcount|p1a: Slowbro|2
|
|upkeep
|turn|5
|
|t:|1668093109
|move|p2a: Melmetal|Thunder Punch|p1a: Slowbro
|-supereffective|p1a: Slowbro
|-damage|p1a: Slowbro|35/100
|move|p1a: Slowbro|Scald|p2a: Melmetal
|-crit|p2a: Melmetal
|-damage|p2a: Melmetal|61/100
|-status|p2a: Melmetal|brn
|
|-heal|p2a: Melmetal|67/100 brn|[from] item: Leftovers
|-damage|p2a: Melmetal|61/100 brn|[from] brn
|upkeep
|turn|6
|
|t:|1668093120
|switch|p2a: Garchomp|Garchomp, F|100/100
|switch|p1a: Landorus|Landorus-Therian, M|100/100
|-ability|p1a: Landorus|Intimidate|boost
|-unboost|p2a: Garchomp|atk|1
|
|upkeep
|turn|7
|
|t:|1668093123
|move|p2a: Garchomp|Stealth Rock|p1a: Landorus
|-sidestart|p1: Kevinskie|move: Stealth Rock
|move|p1a: Landorus|Earthquake|p2a: Garchomp
|-crit|p2a: Garchomp
|-damage|p2a: Garchomp|41/100
|
|-heal|p2a: Garchomp|47/100|[from] item: Leftovers
|upkeep
|turn|8
|
|t:|1668093131
|move|p2a: Garchomp|Toxic|p1a: Landorus|[miss]
|-miss|p2a: Garchomp|p1a: Landorus
|move|p1a: Landorus|Defog|p2a: Garchomp
|-unboost|p2a: Garchomp|evasion|1
|-sideend|p1: Kevinskie|Stealth Rock|[from] move: Defog|[of] p1a: Landorus
|
|-heal|p2a: Garchomp|53/100|[from] item: Leftovers
|upkeep
|turn|9
|c|☆Kevinskie|damn
|c|☆Kevinskie|i wouldnt buy any lottery tickets if u was you lol
|inactive|Kevinskie has 120 seconds left.
|
|t:|1668093165
|switch|p1a: Weavile|Weavile, F|100/100
|-ability|p1a: Weavile|Pressure
|move|p2a: Garchomp|Stealth Rock|p1a: Weavile
|-sidestart|p1: Kevinskie|move: Stealth Rock
|
|-heal|p2a: Garchomp|59/100|[from] item: Leftovers
|upkeep
|turn|10
|
|t:|1668093169
|switch|p2a: Melmetal|Melmetal|61/100 brn
|move|p1a: Weavile|Beat Up|p2a: Melmetal
|-damage|p2a: Melmetal|52/100 brn
|-damage|p2a: Melmetal|42/100 brn
|-crit|p2a: Melmetal
|-damage|p2a: Melmetal|33/100 brn
|-damage|p2a: Melmetal|22/100 brn
|-damage|p2a: Melmetal|14/100 brn
|-crit|p2a: Melmetal
|-damage|p2a: Melmetal|0 fnt
|faint|p2a: Melmetal
|-hitcount|p2: Melmetal|6
|
|upkeep
|
|t:|1668093189
|switch|p2a: Blaziken|Blaziken, F|100/100
|turn|11
|
|t:|1668093194
|switch|p2a: Rillaboom|Rillaboom, M|100/100
|-fieldstart|move: Grassy Terrain|[from] ability: Grassy Surge|[of] p2a: Rillaboom
|move|p1a: Weavile|Beat Up|p2a: Rillaboom
|-damage|p2a: Rillaboom|88/100
|-damage|p2a: Rillaboom|74/100
|-damage|p2a: Rillaboom|64/100
|-damage|p2a: Rillaboom|46/100
|-damage|p2a: Rillaboom|33/100
|-damage|p2a: Rillaboom|19/100
|-hitcount|p2a: Rillaboom|6
|
|-heal|p2a: Rillaboom|25/100|[from] Grassy Terrain
|-heal|p2a: Rillaboom|31/100|[from] item: Leftovers
|upkeep
|turn|12
|
|t:|1668093211
|switch|p2a: Blaziken|Blaziken, F|100/100
|move|p1a: Weavile|Beat Up|p2a: Blaziken
|-resisted|p2a: Blaziken
|-damage|p2a: Blaziken|90/100
|-resisted|p2a: Blaziken
|-damage|p2a: Blaziken|80/100
|-resisted|p2a: Blaziken
|-damage|p2a: Blaziken|74/100
|-resisted|p2a: Blaziken
|-damage|p2a: Blaziken|61/100
|-resisted|p2a: Blaziken
|-damage|p2a: Blaziken|52/100
|-resisted|p2a: Blaziken
|-crit|p2a: Blaziken
|-damage|p2a: Blaziken|37/100
|-hitcount|p2a: Blaziken|6
|
|-heal|p2a: Blaziken|43/100|[from] Grassy Terrain
|-heal|p2a: Blaziken|49/100|[from] item: Leftovers
|upkeep
|turn|13
|
|t:|1668093221
|move|p2a: Blaziken|Protect|p2a: Blaziken
|-singleturn|p2a: Blaziken|Protect
|move|p1a: Weavile|Beat Up|p2a: Blaziken
|-activate|p2a: Blaziken|move: Protect
|
|-heal|p2a: Blaziken|55/100|[from] Grassy Terrain
|-heal|p2a: Blaziken|62/100|[from] item: Leftovers
|-ability|p2a: Blaziken|Speed Boost|boost
|-boost|p2a: Blaziken|spe|1
|upkeep
|turn|14
|
|t:|1668093224
|switch|p1a: Slowbro|Slowbro, M|69/100
|move|p2a: Blaziken|Close Combat|p1a: Slowbro
|-resisted|p1a: Slowbro
|-damage|p1a: Slowbro|51/100
|-unboost|p2a: Blaziken|def|1
|-unboost|p2a: Blaziken|spd|1
|
|-heal|p2a: Blaziken|68/100|[from] Grassy Terrain
|-heal|p2a: Blaziken|74/100|[from] item: Leftovers
|-heal|p1a: Slowbro|57/100|[from] Grassy Terrain
|-ability|p2a: Blaziken|Speed Boost|boost
|-boost|p2a: Blaziken|spe|1
|upkeep
|turn|15
|
|t:|1668093234
|switch|p2a: Garchomp|Garchomp, F|59/100
|move|p1a: Slowbro|Teleport|p1a: Slowbro
|
|t:|1668093241
|switch|p1a: Kartana|Kartana|100/100|[from]move: Teleport
|-damage|p1a: Kartana|94/100|[from] Stealth Rock
|
|-heal|p1a: Kartana|100/100|[from] Grassy Terrain
|-heal|p2a: Garchomp|65/100|[from] Grassy Terrain
|-heal|p2a: Garchomp|72/100|[from] item: Leftovers
|-fieldend|move: Grassy Terrain
|upkeep
|turn|16
|
|t:|1668093249
|switch|p2a: Tornadus|Tornadus-Therian, M|100/100
|move|p1a: Kartana|Swords Dance|p1a: Kartana
|-boost|p1a: Kartana|atk|2
|
|upkeep
|turn|17
|
|t:|1668093259
|switch|p1a: Melmetal|Melmetal|64/100
|-damage|p1a: Melmetal|58/100|[from] Stealth Rock
|move|p2a: Tornadus|Heat Wave|p1a: Melmetal
|-supereffective|p1a: Melmetal
|-damage|p1a: Melmetal|35/100
|
|upkeep
|turn|18
|
|t:|1668093267
|switch|p1a: Blacephalon|Blacephalon|100/100
|-damage|p1a: Blacephalon|76/100|[from] Stealth Rock
|move|p2a: Tornadus|U-turn|p1a: Blacephalon
|-resisted|p1a: Blacephalon
|-damage|p1a: Blacephalon|68/100
|
|t:|1668093273
|switch|p2a: Garchomp|Garchomp, F|72/100|[from]move: U-turn
|
|-heal|p2a: Garchomp|78/100|[from] item: Leftovers
|upkeep
|turn|19
|
|t:|1668093281
|switch|p1a: Landorus|Landorus-Therian, M|100/100
|-damage|p1a: Landorus|88/100|[from] Stealth Rock
|-ability|p1a: Landorus|Intimidate|boost
|-unboost|p2a: Garchomp|atk|1
|move|p2a: Garchomp|Toxic|p1a: Landorus
|-status|p1a: Landorus|tox
|
|-heal|p2a: Garchomp|84/100|[from] item: Leftovers
|-heal|p1a: Landorus|94/100 tox|[from] item: Leftovers
|-damage|p1a: Landorus|88/100 tox|[from] psn
|upkeep
|turn|20
|
|t:|1668093287
|switch|p2a: Tornadus|Tornadus-Therian, M|100/100
|move|p1a: Landorus|Stealth Rock|p2a: Tornadus
|-sidestart|p2: IMSOMALD|move: Stealth Rock
|
|-heal|p1a: Landorus|94/100 tox|[from] item: Leftovers
|-damage|p1a: Landorus|82/100 tox|[from] psn
|upkeep
|turn|21
|
|t:|1668093292
|move|p2a: Tornadus|Knock Off|p1a: Landorus
|-damage|p1a: Landorus|67/100 tox
|-enditem|p1a: Landorus|Leftovers|[from] move: Knock Off|[of] p2a: Tornadus
|move|p1a: Landorus|U-turn|p2a: Tornadus
|-resisted|p2a: Tornadus
|-damage|p2a: Tornadus|89/100
|
|t:|1668093302
|switch|p1a: Slowbro|Slowbro, M|91/100|[from]move: U-turn
|
|upkeep
|turn|22
|
|t:|1668093310
|move|p2a: Tornadus|U-turn|p1a: Slowbro
|-supereffective|p1a: Slowbro
|-damage|p1a: Slowbro|73/100
|
|t:|1668093315
|switch|p2a: Slowbro|Slowbro, F|100/100|[from]move: U-turn
|-damage|p2a: Slowbro|88/100|[from] Stealth Rock
|move|p1a: Slowbro|Future Sight|p2a: Slowbro
|-start|p1a: Slowbro|move: Future Sight
|
|upkeep
|turn|23
|
|t:|1668093319
|move|p2a: Slowbro|Toxic|p1a: Slowbro
|-status|p1a: Slowbro|tox
|move|p1a: Slowbro|Teleport|p1a: Slowbro
|
|t:|1668093328
|switch|p1a: Weavile|Weavile, F|100/100|[from]move: Teleport
|-damage|p1a: Weavile|76/100|[from] Stealth Rock
|-ability|p1a: Weavile|Pressure
|
|upkeep
|turn|24
|
|t:|1668093332
|move|p1a: Weavile|Knock Off|p2a: Slowbro
|-supereffective|p2a: Slowbro
|-damage|p2a: Slowbro|0 fnt
|-damage|p1a: Weavile|59/100|[from] item: Rocky Helmet|[of] p2a: Slowbro
|-enditem|p2a: Slowbro|Rocky Helmet|[from] move: Knock Off|[of] p1a: Weavile
|faint|p2a: Slowbro
|
|-hint|Future Sight did not hit because the target is fainted.
|upkeep
|inactive|IMSOMALD has 120 seconds left.
|
|t:|1668093363
|switch|p2a: Blaziken|Blaziken, F|74/100
|-damage|p2a: Blaziken|62/100|[from] Stealth Rock
|turn|25
|
|t:|1668093367
|switch|p1a: Slowbro|Slowbro, M|100/100 tox
|switch|p2a: Rillaboom|Rillaboom, M|31/100
|-damage|p2a: Rillaboom|19/100|[from] Stealth Rock
|-fieldstart|move: Grassy Terrain|[from] ability: Grassy Surge|[of] p2a: Rillaboom
|
|-heal|p2a: Rillaboom|25/100|[from] Grassy Terrain
|-heal|p2a: Rillaboom|31/100|[from] item: Leftovers
|-damage|p1a: Slowbro|94/100 tox|[from] psn
|upkeep
|turn|26
|
|t:|1668093377
|switch|p1a: Kartana|Kartana|100/100
|-damage|p1a: Kartana|94/100|[from] Stealth Rock
|move|p2a: Rillaboom|Grassy Glide|p1a: Kartana
|-resisted|p1a: Kartana
|-damage|p1a: Kartana|84/100
|
|-heal|p1a: Kartana|90/100|[from] Grassy Terrain
|-heal|p2a: Rillaboom|37/100|[from] Grassy Terrain
|-heal|p2a: Rillaboom|44/100|[from] item: Leftovers
|upkeep
|turn|27
|
|t:|1668093383
|move|p1a: Kartana|Knock Off|p2a: Rillaboom
|-damage|p2a: Rillaboom|7/100
|-enditem|p2a: Rillaboom|Leftovers|[from] move: Knock Off|[of] p1a: Kartana
|-damage|p1a: Kartana|80/100|[from] item: Life Orb
|move|p2a: Rillaboom|Drain Punch|p1a: Kartana
|-supereffective|p1a: Kartana
|-damage|p1a: Kartana|35/100
|-heal|p2a: Rillaboom|25/100|[from] drain|[of] p1a: Kartana
|
|-heal|p1a: Kartana|41/100|[from] Grassy Terrain
|-heal|p2a: Rillaboom|32/100|[from] Grassy Terrain
|upkeep
|turn|28
|
|t:|1668093395
|switch|p1a: Landorus|Landorus-Therian, M|67/100 tox
|-damage|p1a: Landorus|55/100 tox|[from] Stealth Rock
|-ability|p1a: Landorus|Intimidate|boost
|-unboost|p2a: Rillaboom|atk|1
|switch|p2a: Tornadus|Tornadus-Therian, M|100/100
|
|-damage|p1a: Landorus|49/100 tox|[from] psn
|upkeep
|turn|29
|
|t:|1668093404
|move|p2a: Tornadus|Heat Wave|p1a: Landorus
|-damage|p1a: Landorus|25/100 tox
|move|p1a: Landorus|U-turn|p2a: Tornadus
|-resisted|p2a: Tornadus
|-damage|p2a: Tornadus|89/100
|
|t:|1668093407
|switch|p1a: Melmetal|Melmetal|35/100|[from]move: U-turn
|-damage|p1a: Melmetal|28/100|[from] Stealth Rock
|
|-heal|p1a: Melmetal|35/100|[from] Grassy Terrain
|-fieldend|move: Grassy Terrain
|upkeep
|turn|30
|
|t:|1668093419
|move|p2a: Tornadus|U-turn|p1a: Melmetal
|-resisted|p1a: Melmetal
|-damage|p1a: Melmetal|30/100
|
|t:|1668093420
|switch|p2a: Garchomp|Garchomp, F|84/100|[from]move: U-turn
|-damage|p2a: Garchomp|78/100|[from] Stealth Rock
|move|p1a: Melmetal|Double Iron Bash|p2a: Garchomp
|-damage|p2a: Garchomp|45/100
|-damage|p1a: Melmetal|18/100|[from] ability: Rough Skin|[of] p2a: Garchomp
|-crit|p2a: Garchomp
|-damage|p2a: Garchomp|0 fnt
|-damage|p1a: Melmetal|5/100|[from] ability: Rough Skin|[of] p2a: Garchomp
|faint|p2a: Garchomp
|-hitcount|p2: Garchomp|2
|
|upkeep
|
|t:|1668093425
|switch|p2a: Blaziken|Blaziken, F|62/100
|-damage|p2a: Blaziken|49/100|[from] Stealth Rock
|turn|31
|
|t:|1668093430
|move|p2a: Blaziken|Flare Blitz|p1a: Melmetal
|-supereffective|p1a: Melmetal
|-damage|p1a: Melmetal|0 fnt
|faint|p1a: Melmetal
|-damage|p2a: Blaziken|47/100|[from] Recoil
|
|-heal|p2a: Blaziken|53/100|[from] item: Leftovers
|-ability|p2a: Blaziken|Speed Boost|boost
|-boost|p2a: Blaziken|spe|1
|upkeep
|
|t:|1668093436
|switch|p1a: Slowbro|Slowbro, M|100/100 tox
|turn|32
|inactive|IMSOMALD has 120 seconds left.
|
|t:|1668093466
|switch|p2a: Tornadus|Tornadus-Therian, M|100/100
|move|p1a: Slowbro|Scald|p2a: Tornadus
|-damage|p2a: Tornadus|73/100
|-status|p2a: Tornadus|brn
|
|-damage|p1a: Slowbro|94/100 tox|[from] psn
|-damage|p2a: Tornadus|67/100 brn|[from] brn
|upkeep
|turn|33
|
|t:|1668093475
|move|p2a: Tornadus|U-turn|p1a: Slowbro
|-supereffective|p1a: Slowbro
|-damage|p1a: Slowbro|85/100 tox
|
|t:|1668093476
|switch|p2a: Rillaboom|Rillaboom, M|32/100|[from]move: U-turn
|-damage|p2a: Rillaboom|19/100|[from] Stealth Rock
|-fieldstart|move: Grassy Terrain|[from] ability: Grassy Surge|[of] p2a: Rillaboom
|move|p1a: Slowbro|Future Sight|p2a: Rillaboom
|-start|p1a: Slowbro|move: Future Sight
|
|-heal|p2a: Rillaboom|25/100|[from] Grassy Terrain
|-heal|p1a: Slowbro|92/100 tox|[from] Grassy Terrain
|-damage|p1a: Slowbro|79/100 tox|[from] psn
|upkeep
|turn|34
|
|t:|1668093483
|move|p2a: Rillaboom|Grassy Glide|p1a: Slowbro
|-supereffective|p1a: Slowbro
|-damage|p1a: Slowbro|24/100 tox
|move|p1a: Slowbro|Slack Off|p1a: Slowbro
|-heal|p1a: Slowbro|75/100 tox
|
|-heal|p2a: Rillaboom|32/100|[from] Grassy Terrain
|-heal|p1a: Slowbro|81/100 tox|[from] Grassy Terrain
|-damage|p1a: Slowbro|62/100 tox|[from] psn
|upkeep
|turn|35
|
|t:|1668093501
|switch|p2a: Tornadus|Tornadus-Therian, M|99/100 brn
|switch|p1a: Blacephalon|Blacephalon|68/100
|-damage|p1a: Blacephalon|43/100|[from] Stealth Rock
|
|-end|p2a: Tornadus|move: Future Sight
|-damage|p2a: Tornadus|58/100 brn
|-heal|p1a: Blacephalon|49/100|[from] Grassy Terrain
|-damage|p2a: Tornadus|52/100 brn|[from] brn
|upkeep
|turn|36
|
|t:|1668093508
|move|p2a: Tornadus|Knock Off|p1a: Blacephalon
|-supereffective|p1a: Blacephalon
|-damage|p1a: Blacephalon|3/100
|-enditem|p1a: Blacephalon|Choice Specs|[from] move: Knock Off|[of] p2a: Tornadus
|move|p1a: Blacephalon|Overheat|p2a: Tornadus
|-damage|p2a: Tornadus|0 fnt
|-unboost|p1a: Blacephalon|spa|2
|faint|p2a: Tornadus
|-ability|p1a: Blacephalon|Beast Boost|boost
|-boost|p1a: Blacephalon|spa|1
|
|-heal|p1a: Blacephalon|9/100|[from] Grassy Terrain
|upkeep
|
|t:|1668093523
|switch|p2a: Blaziken|Blaziken, F|53/100
|-damage|p2a: Blaziken|41/100|[from] Stealth Rock
|turn|37
|
|t:|1668093526
|move|p1a: Blacephalon|Shadow Ball|p2a: Blaziken
|-damage|p2a: Blaziken|0 fnt
|faint|p2a: Blaziken
|-ability|p1a: Blacephalon|Beast Boost|boost
|-boost|p1a: Blacephalon|spa|1
|
|-heal|p1a: Blacephalon|15/100|[from] Grassy Terrain
|-fieldend|move: Grassy Terrain
|upkeep
|-message|IMSOMALD forfeited.
|
|win|Kevinskie
|raw|Kevinskie's rating: 1733 &rarr; <strong>1756</strong><br />(+23 for winning)
|raw|IMSOMALD's rating: 1786 &rarr; <strong>1763</strong><br />(-23 for losing)
|l|☆IMSOMALD
|l| demgeilem
||Ladder isn't responding, score probably updated but might not have (Request timeout).
