|j|☆Blukay
|j|☆Rheinmetal
|player|p1|Blukay|169|1421
|player|p2|Rheinmetal|cynthia|1415
|teamsize|p1|6
|teamsize|p2|6
|gametype|singles
|gen|8
|tier|[Gen 8] OU
|rated|
|html|<div class="broadcast-red"><strong>OU is currently suspecting Arena Trap! For information on how to participate check out the <a href="https://www.smogon.com/forums/threads/3661134/">suspect thread</a>.</strong></div>
|clearpoke
|poke|p1|Aegislash, F|
|poke|p1|Clefable, F|
|poke|p1|Terrakion|
|poke|p1|Zeraora|
|poke|p1|Kommo-o, M|
|poke|p1|Togekiss, F|
|poke|p2|Crawdaunt, F|
|poke|p2|Clefable, M|
|poke|p2|Rotom-Heat|
|poke|p2|Dragapult, F|
|poke|p2|Ferrothorn, M|
|poke|p2|Necrozma|
|rule|Sleep Clause Mod: Limit one foe put to sleep
|rule|Species Clause: Limit one of each Pokémon
|rule|OHKO Clause: OHKO moves are banned
|rule|Evasion Moves Clause: Evasion moves are banned
|rule|Endless Battle Clause: Forcing endless battles is banned
|rule|HP Percentage Mod: HP is shown in percentages
|rule|Dynamax Clause: You cannot dynamax
|teampreview
|inactive|Battle timer is ON: inactive players will automatically lose when time's up. (requested by Rheinmetal)
|
|start
|switch|p1a: Terrakion|Terrakion|100/100
|switch|p2a: GOAT|Dragapult, F|100/100
|turn|1
|
|move|p2a: GOAT|U-turn|p1a: Terrakion
|-resisted|p1a: Terrakion
|-damage|p1a: Terrakion|90/100
|
|switch|p2a: Wall|Ferrothorn, M|100/100|[from]move: U-turn
|move|p1a: Terrakion|Stone Edge|p2a: Wall
|-resisted|p2a: Wall
|-damage|p2a: Wall|80/100
|
|-heal|p2a: Wall|86/100|[from] item: Leftovers
|upkeep
|turn|2
|
|switch|p1a: Kommo-o|Kommo-o, M|100/100
|move|p2a: Wall|Body Press|p1a: Kommo-o
|-damage|p1a: Kommo-o|80/100
|
|-heal|p1a: Kommo-o|87/100|[from] item: Leftovers
|-heal|p2a: Wall|92/100|[from] item: Leftovers
|upkeep
|turn|3
|
|move|p1a: Kommo-o|Stealth Rock|p2a: Wall
|-sidestart|p2: Rheinmetal|move: Stealth Rock
|move|p2a: Wall|Knock Off|p1a: Kommo-o
|-resisted|p1a: Kommo-o
|-damage|p1a: Kommo-o|80/100
|-enditem|p1a: Kommo-o|Leftovers|[from] move: Knock Off|[of] p2a: Wall
|
|-heal|p2a: Wall|99/100|[from] item: Leftovers
|upkeep
|turn|4
|
|switch|p2a: Magic G|Clefable, M, shiny|100/100
|move|p1a: Kommo-o|Iron Defense|p1a: Kommo-o
|-boost|p1a: Kommo-o|def|2
|
|upkeep
|turn|5
|
|switch|p1a: Aegislash|Aegislash, F|100/100
|move|p2a: Magic G|Moonblast|p1a: Aegislash
|-resisted|p1a: Aegislash
|-damage|p1a: Aegislash|89/100
|
|-heal|p1a: Aegislash|95/100|[from] item: Leftovers
|upkeep
|turn|6
|
|switch|p2a: Wall|Ferrothorn, M|99/100
|-damage|p2a: Wall|92/100|[from] Stealth Rock
|move|p1a: Aegislash|King's Shield||[still]
|-fail|p1a: Aegislash
|
|-heal|p1a: Aegislash|100/100|[from] item: Leftovers
|-heal|p2a: Wall|99/100|[from] item: Leftovers
|upkeep
|turn|7
|
|move|p1a: Aegislash|King's Shield|p1a: Aegislash
|-singleturn|p1a: Aegislash|Protect
|move|p2a: Wall|Stealth Rock|p1a: Aegislash
|-sidestart|p1: Blukay|move: Stealth Rock
|
|-heal|p2a: Wall|100/100|[from] item: Leftovers
|upkeep
|turn|8
|
|move|p1a: Aegislash|Substitute|p1a: Aegislash
|-start|p1a: Aegislash|Substitute
|-damage|p1a: Aegislash|75/100
|move|p2a: Wall|Knock Off|p1a: Aegislash
|-supereffective|p1a: Aegislash
|-end|p1a: Aegislash|Substitute
|
|-heal|p1a: Aegislash|82/100|[from] item: Leftovers
|upkeep
|turn|9
|
|move|p1a: Aegislash|Substitute|p1a: Aegislash
|-start|p1a: Aegislash|Substitute
|-damage|p1a: Aegislash|57/100
|move|p2a: Wall|Knock Off|p1a: Aegislash
|-supereffective|p1a: Aegislash
|-end|p1a: Aegislash|Substitute
|
|-heal|p1a: Aegislash|63/100|[from] item: Leftovers
|upkeep
|turn|10
|j| gvgbnm
|
|move|p1a: Aegislash|King's Shield|p1a: Aegislash
|-singleturn|p1a: Aegislash|Protect
|move|p2a: Wall|Knock Off|p1a: Aegislash
|-activate|p1a: Aegislash|move: Protect
|-unboost|p2a: Wall|atk|1
|
|-heal|p1a: Aegislash|69/100|[from] item: Leftovers
|upkeep
|turn|11
|
|switch|p1a: Kommo-o|Kommo-o, M|80/100
|-damage|p1a: Kommo-o|74/100|[from] Stealth Rock
|switch|p2a: GOAT|Dragapult, F|100/100
|-damage|p2a: GOAT|88/100|[from] Stealth Rock
|
|upkeep
|turn|12
|
|switch|p1a: Clefable|Clefable, F|100/100
|move|p2a: GOAT|U-turn|p1a: Clefable
|-resisted|p1a: Clefable
|-damage|p1a: Clefable|91/100
|
|switch|p2a: Dauntless|Crawdaunt, F|100/100|[from]move: U-turn
|-damage|p2a: Dauntless|88/100|[from] Stealth Rock
|
|-heal|p1a: Clefable|97/100|[from] item: Leftovers
|upkeep
|turn|13
|
|move|p1a: Clefable|Protect|p1a: Clefable
|-singleturn|p1a: Clefable|Protect
|move|p2a: Dauntless|Crabhammer|p1a: Clefable
|-activate|p1a: Clefable|move: Protect
|
|-heal|p1a: Clefable|100/100|[from] item: Leftovers
|upkeep
|turn|14
|inactive|Blukay has 120 seconds left.
|
|move|p2a: Dauntless|Crabhammer|p1a: Clefable
|-damage|p1a: Clefable|0 fnt
|faint|p1a: Clefable
|
|upkeep
|
|switch|p1a: Terrakion|Terrakion|90/100
|-damage|p1a: Terrakion|84/100|[from] Stealth Rock
|turn|15
|
|switch|p2a: Swept|Necrozma, shiny|100/100
|-damage|p2a: Swept|88/100|[from] Stealth Rock
|move|p1a: Terrakion|Stone Edge|p2a: Swept
|-crit|p2a: Swept
|-damage|p2a: Swept|0 fnt
|faint|p2a: Swept
|
|upkeep
|
|switch|p2a: GOAT|Dragapult, F|88/100
|-damage|p2a: GOAT|76/100|[from] Stealth Rock
|turn|16
|
|switch|p1a: Togekiss|Togekiss, F|100/100
|-damage|p1a: Togekiss|76/100|[from] Stealth Rock
|move|p2a: GOAT|Draco Meteor|p1a: Togekiss
|-immune|p1a: Togekiss
|
|upkeep
|turn|17
|
|switch|p2a: Finally Good|Rotom-Heat, shiny|100/100
|move|p1a: Togekiss|Trick|p2a: Finally Good
|-activate|p1a: Togekiss|move: Trick|[of] p2a: Finally Good
|-item|p2a: Finally Good|Choice Scarf|[from] move: Trick
|-item|p1a: Togekiss|Heavy-Duty Boots|[from] move: Trick
|
|upkeep
|turn|18
|
|switch|p1a: Zeraora|Zeraora|100/100
|-damage|p1a: Zeraora|88/100|[from] Stealth Rock
|move|p2a: Finally Good|Overheat|p1a: Zeraora
|-damage|p1a: Zeraora|29/100
|-unboost|p2a: Finally Good|spa|2
|
|-heal|p1a: Zeraora|35/100|[from] item: Leftovers
|upkeep
|turn|19
|
|switch|p2a: Wall|Ferrothorn, M|100/100
|-damage|p2a: Wall|94/100|[from] Stealth Rock
|switch|p1a: Terrakion|Terrakion|84/100
|-damage|p1a: Terrakion|78/100|[from] Stealth Rock
|
|-heal|p2a: Wall|100/100|[from] item: Leftovers
|upkeep
|turn|20
|
|move|p1a: Terrakion|Stone Edge|p2a: Wall
|-resisted|p2a: Wall
|-damage|p2a: Wall|79/100
|move|p2a: Wall|Body Press|p1a: Terrakion
|-supereffective|p1a: Terrakion
|-damage|p1a: Terrakion|12/100
|
|-heal|p2a: Wall|85/100|[from] item: Leftovers
|upkeep
|turn|21
|
|switch|p1a: Kommo-o|Kommo-o, M|74/100
|-damage|p1a: Kommo-o|68/100|[from] Stealth Rock
|move|p2a: Wall|Knock Off|p1a: Kommo-o
|-resisted|p1a: Kommo-o
|-damage|p1a: Kommo-o|64/100
|
|-heal|p2a: Wall|92/100|[from] item: Leftovers
|upkeep
|turn|22
|
|switch|p2a: Magic G|Clefable, M, shiny|100/100
|move|p1a: Kommo-o|Iron Defense|p1a: Kommo-o
|-boost|p1a: Kommo-o|def|2
|
|upkeep
|turn|23
|
|move|p1a: Kommo-o|Body Press|p2a: Magic G
|-resisted|p2a: Magic G
|-damage|p2a: Magic G|48/100
|move|p2a: Magic G|Teleport|p2a: Magic G
|
|switch|p2a: GOAT|Dragapult, F|76/100|[from]move: Teleport
|-damage|p2a: GOAT|64/100|[from] Stealth Rock
|
|upkeep
|turn|24
|
|move|p2a: GOAT|U-turn|p1a: Kommo-o
|-resisted|p1a: Kommo-o
|-damage|p1a: Kommo-o|61/100
|
|switch|p2a: Finally Good|Rotom-Heat, shiny|100/100|[from]move: U-turn
|-damage|p2a: Finally Good|75/100|[from] Stealth Rock
|move|p1a: Kommo-o|Earthquake|p2a: Finally Good
|-immune|p2a: Finally Good|[from] ability: Levitate
|
|upkeep
|turn|25
|
|move|p2a: Finally Good|Volt Switch|p1a: Kommo-o
|-resisted|p1a: Kommo-o
|-damage|p1a: Kommo-o|49/100
|
|switch|p2a: GOAT|Dragapult, F|64/100|[from]move: Volt Switch
|-damage|p2a: GOAT|51/100|[from] Stealth Rock
|move|p1a: Kommo-o|Earthquake|p2a: GOAT
|-crit|p2a: GOAT
|-damage|p2a: GOAT|0 fnt
|faint|p2a: GOAT
|
|upkeep
|
|switch|p2a: Wall|Ferrothorn, M|92/100
|-damage|p2a: Wall|85/100|[from] Stealth Rock
|turn|26
|
|move|p1a: Kommo-o|Body Press|p2a: Wall
|-supereffective|p2a: Wall
|-damage|p2a: Wall|0 fnt
|-damage|p1a: Kommo-o|36/100|[from] ability: Iron Barbs|[of] p2a: Wall
|faint|p2a: Wall
|
|upkeep
|
|switch|p2a: Finally Good|Rotom-Heat, shiny|75/100
|-damage|p2a: Finally Good|50/100|[from] Stealth Rock
|turn|27
|
|move|p2a: Finally Good|Overheat|p1a: Kommo-o
|-resisted|p1a: Kommo-o
|-damage|p1a: Kommo-o|14/100
|-unboost|p2a: Finally Good|spa|2
|move|p1a: Kommo-o|Body Press|p2a: Finally Good
|-damage|p2a: Finally Good|0 fnt
|faint|p2a: Finally Good
|
|upkeep
|-message|Rheinmetal forfeited.
|
|win|Blukay
|l|☆Rheinmetal
|l|☆Blukay
|raw|Blukay's rating: 1421 &rarr; <strong>1442</strong><br />(+21 for winning)
|raw|Rheinmetal's rating: 1438 &rarr; <strong>1417</strong><br />(-21 for losing)
