|raw|<div class="broadcast-blue"><strong>This battle is required to be public due to a player having a name starting with 'lt94je'.</div>
|j|☆LT94JECRYANDHIDE
|j|☆2222mm
|t:|1661322634
|gametype|singles
|player|p1|LT94JECRYANDHIDE|101|1936
|player|p2|2222mm|2|1755
|teamsize|p1|6
|teamsize|p2|6
|gen|8
|tier|[Gen 8] OU
|rated|
|rule|Sleep Clause Mod: Limit one foe put to sleep
|rule|Species Clause: Limit one of each Pokémon
|rule|OHKO Clause: OHKO moves are banned
|rule|Evasion Items Clause: Evasion items are banned
|rule|Evasion Moves Clause: Evasion moves are banned
|rule|Endless Battle Clause: Forcing endless battles is banned
|rule|HP Percentage Mod: HP is shown in percentages
|rule|Dynamax Clause: You cannot dynamax
|clearpoke
|poke|p1|Landorus-Therian, M|
|poke|p1|Blacephalon|
|poke|p1|Melmetal|
|poke|p1|Crawdaunt, F|
|poke|p1|Kartana|
|poke|p1|Tapu Lele|
|poke|p2|Tapu Fini|
|poke|p2|Landorus-Therian, M|
|poke|p2|Ferrothorn, M|
|poke|p2|Blacephalon|
|poke|p2|Glastrier|
|poke|p2|Kartana|
|teampreview
|inactive|Battle timer is ON: inactive players will automatically lose when time's up. (requested by LT94JECRYANDHIDE)
|
|t:|1661322656
|start
|switch|p1a: freezing|Landorus-Therian, M|100/100
|switch|p2a: Landorus|Landorus-Therian, M|100/100
|-ability|p1a: freezing|Intimidate|boost
|-unboost|p2a: Landorus|atk|1
|-ability|p2a: Landorus|Intimidate|boost
|-unboost|p1a: freezing|atk|1
|turn|1
|
|t:|1661322666
|switch|p2a: Tapu Fini|Tapu Fini|100/100
|-fieldstart|move: Misty Terrain|[from] ability: Misty Surge|[of] p2a: Tapu Fini
|move|p1a: freezing|Imprison|p1a: freezing
|-start|p1a: freezing|move: Imprison
|
|upkeep
|turn|2
|
|t:|1661322678
|move|p2a: Tapu Fini|Surf|p1a: freezing
|-supereffective|p1a: freezing
|-damage|p1a: freezing|58/100
|move|p1a: freezing|Stealth Rock|p2a: Tapu Fini
|-sidestart|p2: 2222mm|move: Stealth Rock
|
|-heal|p1a: freezing|64/100|[from] item: Leftovers
|upkeep
|turn|3
|
|t:|1661322688
|switch|p1a: Crawdaunt|Crawdaunt, F|100/100
|move|p2a: Tapu Fini|Surf|p1a: Crawdaunt
|-resisted|p1a: Crawdaunt
|-damage|p1a: Crawdaunt|67/100
|
|upkeep
|turn|4
|j| LT94JEwhyaddicted
|j| LT94JE LOOR
|j| tsnsj
|
|t:|1661322696
|move|p2a: Tapu Fini|Surf|p1a: Crawdaunt
|-resisted|p1a: Crawdaunt
|-damage|p1a: Crawdaunt|39/100
|move|p1a: Crawdaunt|Swords Dance|p1a: Crawdaunt
|-boost|p1a: Crawdaunt|atk|2
|
|upkeep
|turn|5
|j| Fluore
|
|t:|1661322704
|move|p2a: Tapu Fini|Surf|p1a: Crawdaunt
|-resisted|p1a: Crawdaunt
|-damage|p1a: Crawdaunt|9/100
|move|p1a: Crawdaunt|Knock Off|p2a: Tapu Fini
|-resisted|p2a: Tapu Fini
|-damage|p2a: Tapu Fini|19/100
|-enditem|p2a: Tapu Fini|Choice Scarf|[from] move: Knock Off|[of] p1a: Crawdaunt
|-damage|p1a: Crawdaunt|0 fnt|[from] item: Life Orb
|faint|p1a: Crawdaunt
|
|-fieldend|Misty Terrain
|upkeep
|
|t:|1661322709
|switch|p1a: strap up|Blacephalon|100/100
|turn|6
|j| Chaitanya
|j| cassthetic
|
|t:|1661322727
|move|p1a: strap up|Shadow Ball|p2a: Tapu Fini
|-damage|p2a: Tapu Fini|0 fnt
|faint|p2a: Tapu Fini
|-ability|p1a: strap up|Beast Boost|boost
|-boost|p1a: strap up|spa|1
|
|upkeep
|
|t:|1661322730
|switch|p2a: Kartana|Kartana, shiny|100/100
|-damage|p2a: Kartana|94/100|[from] Stealth Rock
|turn|7
|j| Pokemh
|
|t:|1661322743
|switch|p1a: freezing|Landorus-Therian, M|64/100
|-ability|p1a: freezing|Intimidate|boost
|-unboost|p2a: Kartana|atk|1
|move|p2a: Kartana|Knock Off|p1a: freezing
|-damage|p1a: freezing|33/100
|-enditem|p1a: freezing|Leftovers|[from] move: Knock Off|[of] p2a: Kartana
|
|upkeep
|turn|8
|
|t:|1661322751
|move|p2a: Kartana|Knock Off|p1a: freezing
|-damage|p1a: freezing|14/100
|move|p1a: freezing|U-turn|p2a: Kartana
|-damage|p2a: Kartana|73/100
|
|t:|1661322757
|switch|p1a: its friday baby|Kartana|100/100|[from]move: U-turn
|
|upkeep
|turn|9
|j| Fourthstar
|
|t:|1661322763
|switch|p2a: Landorus|Landorus-Therian, M|100/100
|-damage|p2a: Landorus|88/100|[from] Stealth Rock
|-ability|p2a: Landorus|Intimidate|boost
|-unboost|p1a: its friday baby|atk|1
|move|p1a: its friday baby|Swords Dance|p1a: its friday baby
|-boost|p1a: its friday baby|atk|2
|
|upkeep
|turn|10
|
|t:|1661322771
|move|p1a: its friday baby|Knock Off|p2a: Landorus
|-damage|p2a: Landorus|2/100
|-enditem|p2a: Landorus|Light Ball|[from] move: Knock Off|[of] p1a: its friday baby
|-damage|p1a: its friday baby|91/100|[from] item: Life Orb
|move|p2a: Landorus|Fling||[still]
|-fail|p2a: Landorus
|
|upkeep
|turn|11
|
|t:|1661322778
|move|p1a: its friday baby|Knock Off|p2a: Landorus
|-damage|p2a: Landorus|0 fnt
|faint|p2a: Landorus
|-ability|p1a: its friday baby|Beast Boost|boost
|-boost|p1a: its friday baby|atk|1
|-damage|p1a: its friday baby|81/100|[from] item: Life Orb
|
|upkeep
|
|t:|1661322784
|switch|p2a: Kartana|Kartana, shiny|73/100
|-damage|p2a: Kartana|67/100|[from] Stealth Rock
|turn|12
|
|t:|1661322800
|switch|p1a: freezing|Landorus-Therian, M|14/100
|-ability|p1a: freezing|Intimidate|boost
|-unboost|p2a: Kartana|atk|1
|move|p2a: Kartana|Sacred Sword|p1a: freezing
|-resisted|p1a: freezing
|-damage|p1a: freezing|1/100
|
|upkeep
|turn|13
|
|t:|1661322813
|switch|p1a: snowmen|Tapu Lele|100/100
|-fieldstart|move: Psychic Terrain|[from] ability: Psychic Surge|[of] p1a: snowmen
|move|p2a: Kartana|Sacred Sword|p1a: snowmen
|-resisted|p1a: snowmen
|-crit|p1a: snowmen
|-damage|p1a: snowmen|76/100
|
|upkeep
|turn|14
|l| LT94JE LOOR
|
|t:|1661322833
|switch|p2a: Ferrothorn|Ferrothorn, M|100/100
|-damage|p2a: Ferrothorn|94/100|[from] Stealth Rock
|switch|p1a: strap up|Blacephalon|100/100
|
|-heal|p2a: Ferrothorn|100/100|[from] item: Leftovers
|upkeep
|turn|15
|
|t:|1661322845
|switch|p2a: Blacephalon|Blacephalon|100/100
|-damage|p2a: Blacephalon|76/100|[from] Stealth Rock
|move|p1a: strap up|Flamethrower|p2a: Blacephalon
|-resisted|p2a: Blacephalon
|-damage|p2a: Blacephalon|11/100
|
|upkeep
|turn|16
|inactive|2222mm has 120 seconds left.
|
|t:|1661322871
|switch|p1a: freezing|Landorus-Therian, M|1/100
|-ability|p1a: freezing|Intimidate|boost
|-unboost|p2a: Blacephalon|atk|1
|switch|p2a: Kartana|Kartana, shiny|67/100
|-damage|p2a: Kartana|60/100|[from] Stealth Rock
|
|upkeep
|turn|17
|
|t:|1661322881
|move|p2a: Kartana|Knock Off|p1a: freezing
|-damage|p1a: freezing|0 fnt
|faint|p1a: freezing
|-ability|p2a: Kartana|Beast Boost|boost
|-boost|p2a: Kartana|atk|1
|
|-fieldend|move: Psychic Terrain
|upkeep
|
|t:|1661322886
|switch|p1a: funkin|Melmetal|100/100
|turn|18
|
|t:|1661322891
|switch|p2a: Blacephalon|Blacephalon|11/100
|-damage|p2a: Blacephalon|0 fnt|[from] Stealth Rock
|faint|p2a: Blacephalon
|move|p1a: funkin|Superpower|p2: Blacephalon|[notarget]
|-fail|p1a: funkin
|
|upkeep
|
|t:|1661322895
|switch|p2a: Ferrothorn|Ferrothorn, M|100/100
|-damage|p2a: Ferrothorn|94/100|[from] Stealth Rock
|turn|19
|l| LT94JEwhyaddicted
|
|t:|1661322914
|switch|p1a: snowmen|Tapu Lele|76/100
|-fieldstart|move: Psychic Terrain|[from] ability: Psychic Surge|[of] p1a: snowmen
|move|p2a: Ferrothorn|Leech Seed|p1a: snowmen
|-start|p1a: snowmen|move: Leech Seed
|
|-heal|p2a: Ferrothorn|100/100|[from] item: Leftovers
|-damage|p1a: snowmen|63/100|[from] Leech Seed|[of] p2a: Ferrothorn
|upkeep
|turn|20
|
|t:|1661322921
|switch|p1a: strap up|Blacephalon|100/100
|move|p2a: Ferrothorn|Power Whip|p1a: strap up
|-resisted|p1a: strap up
|-damage|p1a: strap up|56/100
|
|upkeep
|turn|21
|
|t:|1661322946
|move|p1a: strap up|Flamethrower|p2a: Ferrothorn
|-supereffective|p2a: Ferrothorn
|-damage|p2a: Ferrothorn|0 fnt
|faint|p2a: Ferrothorn
|-ability|p1a: strap up|Beast Boost|boost
|-boost|p1a: strap up|spa|1
|
|upkeep
|
|t:|1661322949
|switch|p2a: Kartana|Kartana, shiny|60/100
|-damage|p2a: Kartana|54/100|[from] Stealth Rock
|turn|22
|
|t:|1661322955
|switch|p1a: its friday baby|Kartana|81/100
|move|p2a: Kartana|Knock Off|p1a: its friday baby
|-damage|p1a: its friday baby|32/100
|-enditem|p1a: its friday baby|Life Orb|[from] move: Knock Off|[of] p2a: Kartana
|
|upkeep
|turn|23
|
|t:|1661322962
|move|p2a: Kartana|Knock Off|p1a: its friday baby
|-damage|p1a: its friday baby|0 fnt
|faint|p1a: its friday baby
|-ability|p2a: Kartana|Beast Boost|boost
|-boost|p2a: Kartana|atk|1
|
|-fieldend|move: Psychic Terrain
|upkeep
|
|t:|1661322963
|switch|p1a: funkin|Melmetal|100/100
|turn|24
|j| A Lucky Guy
|
|t:|1661322972
|move|p2a: Kartana|Knock Off|p1a: funkin
|-damage|p1a: funkin|61/100
|-enditem|p1a: funkin|Assault Vest|[from] move: Knock Off|[of] p2a: Kartana
|move|p1a: funkin|Superpower|p2a: Kartana
|-supereffective|p2a: Kartana
|-damage|p2a: Kartana|0 fnt
|-unboost|p1a: funkin|atk|1
|-unboost|p1a: funkin|def|1
|faint|p2a: Kartana
|
|upkeep
|
|t:|1661322977
|switch|p2a: Glastrier|Glastrier|100/100
|-damage|p2a: Glastrier|75/100|[from] Stealth Rock
|turn|25
|
|t:|1661322981
|move|p2a: Glastrier|High Horsepower|p1a: funkin
|-supereffective|p1a: funkin
|-damage|p1a: funkin|0 fnt
|faint|p1a: funkin
|-ability|p2a: Glastrier|Chilling Neigh|boost
|-boost|p2a: Glastrier|atk|1
|
|upkeep
|
|t:|1661322984
|switch|p1a: strap up|Blacephalon|56/100
|turn|26
|
|t:|1661322987
|move|p1a: strap up|Flamethrower|p2a: Glastrier
|-supereffective|p2a: Glastrier
|-damage|p2a: Glastrier|0 fnt
|faint|p2a: Glastrier
|
|win|LT94JECRYANDHIDE
|raw|LT94JECRYANDHIDE's rating: 1936 &rarr; <strong>1946</strong><br />(+10 for winning)
|raw|2222mm's rating: 1755 &rarr; <strong>1745</strong><br />(-10 for losing)
|j| pokyy
|l|☆LT94JECRYANDHIDE
|l| Fluore
