|j|☆cump3
|j|☆The Prime Mime
|t:|1656378047
|gametype|singles
|player|p1|cump3|265|1367
|player|p2|The Prime Mime|giovanni|1325
|teamsize|p1|6
|teamsize|p2|6
|gen|8
|tier|[Gen 8] OU
|rated|
|rule|Sleep Clause Mod: Limit one foe put to sleep
|rule|Species Clause: Limit one of each Pokémon
|rule|OHKO Clause: OHKO moves are banned
|rule|Evasion Moves Clause: Evasion moves are banned
|rule|Endless Battle Clause: Forcing endless battles is banned
|rule|HP Percentage Mod: HP is shown in percentages
|rule|Dynamax Clause: You cannot dynamax
|clearpoke
|poke|p1|Torkoal, M|
|poke|p1|Porygon2|
|poke|p1|Heatran, M|
|poke|p1|Tapu Koko|
|poke|p1|Venusaur, F|
|poke|p1|Victini|
|poke|p2|Aggron, M|
|poke|p2|Blissey, F|
|poke|p2|Tapu Koko|
|poke|p2|Ditto|
|poke|p2|Dragonite, F|
|poke|p2|Ferrothorn, M|
|teampreview
|inactive|Battle timer is ON: inactive players will automatically lose when time's up. (requested by The Prime Mime)
|
|t:|1656378053
|start
|switch|p1a: Victini|Victini|100/100
|switch|p2a: Tapu Koko|Tapu Koko|100/100
|-fieldstart|move: Electric Terrain|[from] ability: Electric Surge|[of] p2a: Tapu Koko
|turn|1
|
|t:|1656378056
|move|p1a: Victini|V-create|p2a: Tapu Koko
|-damage|p2a: Tapu Koko|0 fnt
|-unboost|p1a: Victini|spe|1
|-unboost|p1a: Victini|def|1
|-unboost|p1a: Victini|spd|1
|faint|p2a: Tapu Koko
|
|upkeep
|
|t:|1656378060
|switch|p2a: Dragonite|Dragonite, F|100/100
|turn|2
|
|t:|1656378065
|switch|p1a: Porygon2|Porygon2, shiny|100/100
|-ability|p1a: Porygon2|Multiscale|[from] ability: Trace|[of] p2a: Dragonite
|move|p2a: Dragonite|Ice Beam|p1a: Porygon2
|-damage|p1a: Porygon2|96/100
|
|upkeep
|turn|3
|
|t:|1656378068
|switch|p2a: Ferrothorn|Ferrothorn, M|100/100
|move|p1a: Porygon2|Teleport|p1a: Porygon2
|
|t:|1656378070
|switch|p1a: Heatran|Heatran, M|100/100|[from]move: Teleport
|-item|p1a: Heatran|Air Balloon
|
|upkeep
|turn|4
|
|t:|1656378075
|switch|p1a: Torkoal|Torkoal, M|100/100
|-weather|SunnyDay|[from] ability: Drought|[of] p1a: Torkoal
|switch|p2a: Aggron|Aggron, M|100/100
|
|-weather|SunnyDay|[upkeep]
|upkeep
|turn|5
|
|t:|1656378082
|switch|p1a: Heatran|Heatran, M|100/100
|-item|p1a: Heatran|Air Balloon
|move|p2a: Aggron|Head Smash|p1a: Heatran
|-damage|p1a: Heatran|0 fnt
|-enditem|p1a: Heatran|Air Balloon
|faint|p1a: Heatran
|
|-weather|SunnyDay|[upkeep]
|-fieldend|move: Electric Terrain
|upkeep
|
|t:|1656378086
|switch|p1a: Venusaur|Venusaur, F, shiny|100/100
|turn|6
|
|t:|1656378092
|switch|p2a: Blissey|Blissey, F|100/100
|move|p1a: Venusaur|Earth Power|p2a: Blissey
|-damage|p2a: Blissey|86/100
|-damage|p1a: Venusaur|91/100|[from] item: Life Orb
|
|-weather|SunnyDay|[upkeep]
|upkeep
|turn|7
|
|t:|1656378094
|move|p1a: Venusaur|Growth|p1a: Venusaur
|-boost|p1a: Venusaur|atk|2
|-boost|p1a: Venusaur|spa|2
|move|p2a: Blissey|Thunder Wave|p1a: Venusaur
|-status|p1a: Venusaur|par
|
|-weather|SunnyDay|[upkeep]
|upkeep
|turn|8
|
|t:|1656378100
|switch|p2a: Dragonite|Dragonite, F|100/100
|move|p1a: Venusaur|Growth|p1a: Venusaur
|-boost|p1a: Venusaur|atk|2
|-boost|p1a: Venusaur|spa|2
|
|-weather|SunnyDay|[upkeep]
|upkeep
|turn|9
|
|t:|1656378105
|move|p1a: Venusaur|Giga Drain|p2a: Dragonite
|-resisted|p2a: Dragonite
|-damage|p2a: Dragonite|88/100
|-heal|p1a: Venusaur|99/100 par|[from] drain|[of] p2a: Dragonite
|-damage|p1a: Venusaur|89/100 par|[from] item: Life Orb
|move|p2a: Dragonite|Roost|p2a: Dragonite
|-heal|p2a: Dragonite|100/100
|-singleturn|p2a: Dragonite|move: Roost
|
|-weather|SunnyDay|[upkeep]
|upkeep
|turn|10
|
|t:|1656378112
|switch|p1a: Porygon2|Porygon2, shiny|96/100
|-ability|p1a: Porygon2|Multiscale|[from] ability: Trace|[of] p2a: Dragonite
|move|p2a: Dragonite|Ice Beam|p1a: Porygon2
|-damage|p1a: Porygon2|87/100
|
|-weather|SunnyDay|[upkeep]
|upkeep
|turn|11
|
|t:|1656378115
|switch|p2a: Blissey|Blissey, F|86/100
|move|p1a: Porygon2|Teleport|p1a: Porygon2
|
|t:|1656378118
|switch|p1a: Victini|Victini|100/100|[from]move: Teleport
|
|-weather|none
|upkeep
|turn|12
|
|t:|1656378121
|switch|p2a: Ditto|Ditto|100/100
|-transform|p2a: Ditto|p1a: Victini|[from] ability: Imposter
|move|p1a: Victini|V-create|p2a: Ditto
|-resisted|p2a: Ditto
|-damage|p2a: Ditto|52/100
|-unboost|p1a: Victini|spe|1
|-unboost|p1a: Victini|def|1
|-unboost|p1a: Victini|spd|1
|
|upkeep
|turn|13
|
|t:|1656378125
|switch|p1a: Porygon2|Porygon2, shiny|87/100
|-ability|p1a: Porygon2|Victory Star|[from] ability: Trace|[of] p2a: Ditto
|move|p2a: Ditto|U-turn|p1a: Porygon2
|-damage|p1a: Porygon2|71/100
|
|t:|1656378129
|switch|p2a: Aggron|Aggron, M|100/100|[from]move: U-turn
|
|upkeep
|turn|14
|
|t:|1656378134
|move|p2a: Aggron|Head Smash|p1a: Porygon2
|-damage|p1a: Porygon2|0 fnt
|faint|p1a: Porygon2
|
|upkeep
|
|t:|1656378143
|switch|p1a: Tapu Koko|Tapu Koko, shiny|100/100
|-fieldstart|move: Electric Terrain|[from] ability: Electric Surge|[of] p1a: Tapu Koko
|turn|15
|
|t:|1656378145
|switch|p2a: Blissey|Blissey, F|86/100
|move|p1a: Tapu Koko|U-turn|p2a: Blissey
|-damage|p2a: Blissey|71/100
|
|t:|1656378147
|switch|p1a: Victini|Victini|100/100|[from]move: U-turn
|
|upkeep
|turn|16
|
|t:|1656378152
|switch|p2a: Dragonite|Dragonite, F|100/100
|move|p1a: Victini|V-create|p2a: Dragonite
|-resisted|p2a: Dragonite
|-damage|p2a: Dragonite|82/100
|-unboost|p1a: Victini|spe|1
|-unboost|p1a: Victini|def|1
|-unboost|p1a: Victini|spd|1
|
|upkeep
|turn|17
|
|t:|1656378156
|switch|p1a: Venusaur|Venusaur, F, shiny|89/100 par
|switch|p2a: Aggron|Aggron, M|100/100
|
|upkeep
|turn|18
|-message|cump3 forfeited.
|
|win|The Prime Mime
|raw|cump3's rating: 1367 &rarr; <strong>1345</strong><br />(-22 for losing)
|raw|The Prime Mime's rating: 1325 &rarr; <strong>1347</strong><br />(+22 for winning)
|l|☆cump3
