|j|☆shagohod crew
|j|☆PedroGreg
|t:|1651005296
|gametype|singles
|player|p1|shagohod crew|266|1605
|player|p2|PedroGreg|266|1607
|teamsize|p1|6
|teamsize|p2|6
|gen|8
|tier|[Gen 8] OU
|rated|
|rule|Sleep Clause Mod: Limit one foe put to sleep
|rule|Species Clause: Limit one of each Pokémon
|rule|OHKO Clause: OHKO moves are banned
|rule|Evasion Moves Clause: Evasion moves are banned
|rule|Endless Battle Clause: Forcing endless battles is banned
|rule|HP Percentage Mod: HP is shown in percentages
|rule|Dynamax Clause: You cannot dynamax
|clearpoke
|poke|p1|Dragapult, F|
|poke|p1|Tapu Fini|
|poke|p1|Mamoswine, M|
|poke|p1|Garchomp, F|
|poke|p1|Urshifu-*, M|
|poke|p1|Zapdos|
|poke|p2|Clefable, M|
|poke|p2|Toxapex, M|
|poke|p2|Rillaboom, F|
|poke|p2|Landorus-Therian, M|
|poke|p2|Zapdos|
|poke|p2|Heatran, M|
|teampreview
|
|t:|1651005331
|start
|switch|p1a: Tapu Fini|Tapu Fini|100/100
|switch|p2a: Landorus|Landorus-Therian, M|100/100
|-fieldstart|move: Misty Terrain|[from] ability: Misty Surge|[of] p1a: Tapu Fini
|-ability|p2a: Landorus|Intimidate|boost
|-unboost|p1a: Tapu Fini|atk|1
|turn|1
|inactive|Battle timer is ON: inactive players will automatically lose when time's up. (requested by shagohod crew)
|
|t:|1651005335
|move|p1a: Tapu Fini|Scald|p2a: Landorus
|-supereffective|p2a: Landorus
|-damage|p2a: Landorus|15/100
|move|p2a: Landorus|U-turn|p1a: Tapu Fini
|-resisted|p1a: Tapu Fini
|-damage|p1a: Tapu Fini|86/100
|
|t:|1651005349
|switch|p2a: Clefable|Clefable, M|100/100|[from]move: U-turn
|
|upkeep
|turn|2
|
|t:|1651005357
|switch|p1a: Urshifu|Urshifu-Rapid-Strike, M|100/100
|move|p2a: Clefable|Trick|p1a: Urshifu
|-activate|p2a: Clefable|move: Trick|[of] p1a: Urshifu
|-item|p1a: Urshifu|Sticky Barb|[from] move: Trick
|-item|p2a: Clefable|Choice Band|[from] move: Trick
|
|-damage|p1a: Urshifu|88/100|[from] item: Sticky Barb
|upkeep
|turn|3
|
|t:|1651005365
|move|p1a: Urshifu|Surging Strikes|p2a: Clefable
|-crit|p2a: Clefable
|-damage|p2a: Clefable|85/100
|-crit|p2a: Clefable
|-damage|p2a: Clefable|70/100
|-crit|p2a: Clefable
|-damage|p2a: Clefable|54/100
|-hitcount|p2a: Clefable|3
|move|p2a: Clefable|Stealth Rock|p1a: Urshifu
|-sidestart|p1: shagohod crew|move: Stealth Rock
|
|-damage|p1a: Urshifu|76/100|[from] item: Sticky Barb
|upkeep
|turn|4
|
|t:|1651005376
|switch|p2a: Zapdos|Zapdos|100/100
|move|p1a: Urshifu|U-turn|p2a: Zapdos
|-resisted|p2a: Zapdos
|-damage|p2a: Zapdos|91/100
|j| canadianjohnnytest
|
|t:|1651005395
|switch|p1a: Dragapult|Dragapult, F|100/100|[from]move: U-turn
|-damage|p1a: Dragapult|88/100|[from] Stealth Rock
|
|-heal|p1a: Dragapult|94/100|[from] item: Leftovers
|upkeep
|turn|5
|
|t:|1651005405
|switch|p2a: Heatran|Heatran, M|100/100
|move|p1a: Dragapult|Dragon Dance|p1a: Dragapult
|-boost|p1a: Dragapult|atk|1
|-boost|p1a: Dragapult|spe|1
|
|-heal|p1a: Dragapult|99/100|[from] item: Leftovers
|-fieldend|Misty Terrain
|upkeep
|turn|6
|
|t:|1651005414
|switch|p2a: Toxapex|Toxapex, M|100/100
|move|p1a: Dragapult|Dragon Dance|p1a: Dragapult
|-boost|p1a: Dragapult|atk|1
|-boost|p1a: Dragapult|spe|1
|
|-heal|p1a: Dragapult|100/100|[from] item: Leftovers
|upkeep
|turn|7
|
|t:|1651005421
|move|p1a: Dragapult|Dragon Darts|p2a: Toxapex
|-damage|p2a: Toxapex|72/100
|-anim|p1a: Dragapult|Dragon Darts|p2a: Toxapex
|-damage|p2a: Toxapex|44/100
|move|p2a: Toxapex|Haze|p2a: Toxapex
|-clearallboost
|
|upkeep
|turn|8
|
|t:|1651005431
|switch|p1a: Zapdos|Zapdos|100/100
|move|p2a: Toxapex|Recover|p2a: Toxapex
|-heal|p2a: Toxapex|94/100
|
|upkeep
|turn|9
|
|t:|1651005437
|switch|p2a: Heatran|Heatran, M|100/100
|move|p1a: Zapdos|Defog|p2a: Heatran
|-unboost|p2a: Heatran|evasion|1
|-sideend|p1: shagohod crew|Stealth Rock|[from] move: Defog|[of] p1a: Zapdos
|
|upkeep
|turn|10
|
|t:|1651005443
|switch|p1a: Urshifu|Urshifu-Rapid-Strike, M|76/100
|move|p2a: Heatran|Toxic|p1a: Urshifu
|-status|p1a: Urshifu|tox
|
|-damage|p1a: Urshifu|70/100 tox|[from] psn
|-damage|p1a: Urshifu|58/100 tox|[from] item: Sticky Barb
|upkeep
|turn|11
|
|t:|1651005449
|move|p1a: Urshifu|Close Combat|p2a: Heatran
|-supereffective|p2a: Heatran
|-damage|p2a: Heatran|0 fnt
|-unboost|p1a: Urshifu|def|1
|-unboost|p1a: Urshifu|spd|1
|faint|p2a: Heatran
|
|-damage|p1a: Urshifu|45/100 tox|[from] psn
|-damage|p1a: Urshifu|33/100 tox|[from] item: Sticky Barb
|upkeep
|
|t:|1651005452
|switch|p2a: Clefable|Clefable, M|54/100
|turn|12
|
|t:|1651005456
|move|p1a: Urshifu|Surging Strikes|p2a: Clefable
|-crit|p2a: Clefable
|-damage|p2a: Clefable|39/100
|-crit|p2a: Clefable
|-damage|p2a: Clefable|24/100
|-crit|p2a: Clefable
|-damage|p2a: Clefable|7/100
|-hitcount|p2a: Clefable|3
|move|p2a: Clefable|Soft-Boiled|p2a: Clefable
|-heal|p2a: Clefable|57/100
|
|-damage|p1a: Urshifu|15/100 tox|[from] psn
|-damage|p1a: Urshifu|2/100 tox|[from] item: Sticky Barb
|upkeep
|turn|13
|
|t:|1651005463
|move|p1a: Urshifu|Surging Strikes|p2a: Clefable
|-crit|p2a: Clefable
|-damage|p2a: Clefable|43/100
|-crit|p2a: Clefable
|-damage|p2a: Clefable|27/100
|-crit|p2a: Clefable
|-damage|p2a: Clefable|12/100
|-hitcount|p2a: Clefable|3
|move|p2a: Clefable|Soft-Boiled|p2a: Clefable
|-heal|p2a: Clefable|62/100
|
|-damage|p1a: Urshifu|0 fnt|[from] psn
|faint|p1a: Urshifu
|upkeep
|
|t:|1651005474
|switch|p1a: Garchomp|Garchomp, F|100/100
|turn|14
|
|t:|1651005479
|switch|p2a: Landorus|Landorus-Therian, M|15/100
|-ability|p2a: Landorus|Intimidate|boost
|-unboost|p1a: Garchomp|atk|1
|move|p1a: Garchomp|Swords Dance|p1a: Garchomp
|-boost|p1a: Garchomp|atk|2
|
|upkeep
|turn|15
|
|t:|1651005483
|move|p2a: Landorus|Earthquake|p1a: Garchomp
|-damage|p1a: Garchomp|40/100
|move|p1a: Garchomp|Fire Fang|p2a: Landorus
|-damage|p2a: Landorus|0 fnt
|faint|p2a: Landorus
|-damage|p1a: Garchomp|30/100|[from] item: Life Orb
|
|upkeep
|
|t:|1651005489
|switch|p2a: Rillaboom|Rillaboom, F|100/100
|-fieldstart|move: Grassy Terrain|[from] ability: Grassy Surge|[of] p2a: Rillaboom
|turn|16
|
|t:|1651005496
|switch|p1a: Zapdos|Zapdos|100/100
|move|p2a: Rillaboom|Knock Off|p1a: Zapdos
|-damage|p1a: Zapdos|59/100
|-enditem|p1a: Zapdos|Heavy-Duty Boots|[from] move: Knock Off|[of] p2a: Rillaboom
|
|upkeep
|turn|17
|
|t:|1651005506
|switch|p2a: Clefable|Clefable, M|62/100
|move|p1a: Zapdos|Roost|p1a: Zapdos
|-heal|p1a: Zapdos|100/100
|-singleturn|p1a: Zapdos|move: Roost
|
|-heal|p2a: Clefable|68/100|[from] Grassy Terrain
|upkeep
|turn|18
|
|t:|1651005517
|switch|p1a: Garchomp|Garchomp, F|30/100
|move|p2a: Clefable|Trick|p1a: Garchomp
|-activate|p2a: Clefable|move: Trick|[of] p1a: Garchomp
|-item|p1a: Garchomp|Choice Band|[from] move: Trick
|-item|p2a: Clefable|Life Orb|[from] move: Trick
|
|-heal|p1a: Garchomp|37/100|[from] Grassy Terrain
|-heal|p2a: Clefable|74/100|[from] Grassy Terrain
|upkeep
|turn|19
|
|t:|1651005530
|move|p1a: Garchomp|Earthquake|p2a: Clefable
|-damage|p2a: Clefable|42/100
|move|p2a: Clefable|Soft-Boiled|p2a: Clefable
|-heal|p2a: Clefable|92/100
|
|-heal|p1a: Garchomp|43/100|[from] Grassy Terrain
|-heal|p2a: Clefable|98/100|[from] Grassy Terrain
|upkeep
|turn|20
|
|t:|1651005553
|switch|p2a: Zapdos|Zapdos|91/100
|move|p1a: Garchomp|Earthquake|p2a: Zapdos
|-immune|p2a: Zapdos
|
|-heal|p1a: Garchomp|49/100|[from] Grassy Terrain
|-fieldend|move: Grassy Terrain
|upkeep
|turn|21
|
|t:|1651005562
|switch|p1a: Zapdos|Zapdos|100/100
|switch|p2a: Rillaboom|Rillaboom, F|100/100
|-fieldstart|move: Grassy Terrain|[from] ability: Grassy Surge|[of] p2a: Rillaboom
|
|upkeep
|turn|22
|
|t:|1651005570
|switch|p2a: Clefable|Clefable, M|98/100
|move|p1a: Zapdos|Hurricane|p2a: Clefable
|-damage|p2a: Clefable|53/100
|
|-heal|p2a: Clefable|59/100|[from] Grassy Terrain
|upkeep
|turn|23
|
|t:|1651005589
|move|p1a: Zapdos|Hurricane|p2a: Clefable|[miss]
|-miss|p1a: Zapdos|p2a: Clefable
|move|p2a: Clefable|Soft-Boiled|p2a: Clefable
|-heal|p2a: Clefable|100/100
|
|upkeep
|turn|24
|
|t:|1651005596
|move|p1a: Zapdos|Thunderbolt|p2a: Clefable
|-damage|p2a: Clefable|65/100
|move|p2a: Clefable|Stealth Rock|p1a: Zapdos
|-sidestart|p1: shagohod crew|move: Stealth Rock
|
|-heal|p2a: Clefable|71/100|[from] Grassy Terrain
|upkeep
|turn|25
|
|t:|1651005604
|move|p1a: Zapdos|Defog|p2a: Clefable
|-unboost|p2a: Clefable|evasion|1
|-sideend|p1: shagohod crew|Stealth Rock|[from] move: Defog|[of] p1a: Zapdos
|-fieldend|move: Grassy Terrain
|move|p2a: Clefable|Moonblast|p1a: Zapdos
|-damage|p1a: Zapdos|62/100
|-unboost|p1a: Zapdos|spa|1
|
|upkeep
|turn|26
|
|t:|1651005614
|move|p1a: Zapdos|Roost|p1a: Zapdos
|-heal|p1a: Zapdos|100/100
|-singleturn|p1a: Zapdos|move: Roost
|move|p2a: Clefable|Soft-Boiled|p2a: Clefable
|-heal|p2a: Clefable|100/100
|
|upkeep
|turn|27
|
|t:|1651005621
|switch|p1a: Garchomp|Garchomp, F|49/100
|move|p2a: Clefable|Moonblast|p1a: Garchomp
|-supereffective|p1a: Garchomp
|-damage|p1a: Garchomp|0 fnt
|faint|p1a: Garchomp
|
|upkeep
|
|t:|1651005625
|switch|p1a: Tapu Fini|Tapu Fini|86/100
|-fieldstart|move: Misty Terrain|[from] ability: Misty Surge|[of] p1a: Tapu Fini
|turn|28
|
|t:|1651005636
|switch|p2a: Rillaboom|Rillaboom, F|100/100
|-fieldstart|move: Grassy Terrain|[from] ability: Grassy Surge|[of] p2a: Rillaboom
|move|p1a: Tapu Fini|Trick|p2a: Rillaboom
|-activate|p1a: Tapu Fini|move: Trick|[of] p2a: Rillaboom
|-item|p2a: Rillaboom|Choice Scarf|[from] move: Trick
|-item|p1a: Tapu Fini|Choice Band|[from] move: Trick
|
|-heal|p1a: Tapu Fini|92/100|[from] Grassy Terrain
|upkeep
|turn|29
|
|t:|1651005646
|switch|p1a: Zapdos|Zapdos|100/100
|move|p2a: Rillaboom|U-turn|p1a: Zapdos
|-resisted|p1a: Zapdos
|-damage|p1a: Zapdos|90/100
|
|t:|1651005650
|switch|p2a: Clefable|Clefable, M|100/100|[from]move: U-turn
|
|upkeep
|turn|30
|
|t:|1651005661
|move|p1a: Zapdos|Hurricane|p2a: Clefable|[miss]
|-miss|p1a: Zapdos|p2a: Clefable
|move|p2a: Clefable|Moonblast|p1a: Zapdos
|-damage|p1a: Zapdos|50/100
|
|upkeep
|turn|31
|
|t:|1651005665
|move|p1a: Zapdos|Roost|p1a: Zapdos
|-heal|p1a: Zapdos|99/100
|-singleturn|p1a: Zapdos|move: Roost
|move|p2a: Clefable|Moonblast|p1a: Zapdos
|-damage|p1a: Zapdos|60/100
|-unboost|p1a: Zapdos|spa|1
|
|-heal|p1a: Zapdos|66/100|[from] Grassy Terrain
|upkeep
|turn|32
|
|t:|1651005681
|switch|p1a: Tapu Fini|Tapu Fini|92/100
|-fieldstart|move: Misty Terrain|[from] ability: Misty Surge|[of] p1a: Tapu Fini
|move|p2a: Clefable|Moonblast|p1a: Tapu Fini
|-damage|p1a: Tapu Fini|50/100
|
|upkeep
|turn|33
|
|t:|1651005693
|switch|p2a: Rillaboom|Rillaboom, F|100/100
|-fieldstart|move: Grassy Terrain|[from] ability: Grassy Surge|[of] p2a: Rillaboom
|move|p1a: Tapu Fini|Scald|p2a: Rillaboom
|-resisted|p2a: Rillaboom
|-damage|p2a: Rillaboom|79/100
|-status|p2a: Rillaboom|brn
|
|-heal|p2a: Rillaboom|85/100 brn|[from] Grassy Terrain
|-heal|p1a: Tapu Fini|56/100|[from] Grassy Terrain
|-damage|p2a: Rillaboom|79/100 brn|[from] brn
|upkeep
|turn|34
|
|t:|1651005703
|move|p2a: Rillaboom|U-turn|p1a: Tapu Fini
|-resisted|p1a: Tapu Fini
|-damage|p1a: Tapu Fini|50/100
|
|t:|1651005705
|switch|p2a: Toxapex|Toxapex, M|100/100|[from]move: U-turn
|move|p1a: Tapu Fini|Scald|p2a: Toxapex
|-resisted|p2a: Toxapex
|-damage|p2a: Toxapex|86/100
|-status|p2a: Toxapex|brn
|
|-heal|p1a: Tapu Fini|56/100|[from] Grassy Terrain
|-heal|p2a: Toxapex|92/100 brn|[from] Grassy Terrain
|-damage|p2a: Toxapex|86/100 brn|[from] brn
|upkeep
|turn|35
|
|t:|1651005725
|switch|p1a: Zapdos|Zapdos|66/100
|move|p2a: Toxapex|Scald|p1a: Zapdos
|-damage|p1a: Zapdos|49/100
|
|-heal|p2a: Toxapex|92/100 brn|[from] Grassy Terrain
|-damage|p2a: Toxapex|86/100 brn|[from] brn
|upkeep
|turn|36
|
|t:|1651005730
|move|p1a: Zapdos|Roost|p1a: Zapdos
|-heal|p1a: Zapdos|99/100
|-singleturn|p1a: Zapdos|move: Roost
|move|p2a: Toxapex|Scald|p1a: Zapdos
|-damage|p1a: Zapdos|84/100
|
|-heal|p1a: Zapdos|90/100|[from] Grassy Terrain
|-heal|p2a: Toxapex|92/100 brn|[from] Grassy Terrain
|-damage|p2a: Toxapex|86/100 brn|[from] brn
|upkeep
|turn|37
|
|t:|1651005740
|switch|p2a: Clefable|Clefable, M|100/100
|move|p1a: Zapdos|Thunderbolt|p2a: Clefable
|-damage|p2a: Clefable|63/100
|
|-heal|p2a: Clefable|69/100|[from] Grassy Terrain
|-fieldend|move: Grassy Terrain
|upkeep
|turn|38
|
|t:|1651005749
|move|p1a: Zapdos|Hurricane|p2a: Clefable
|-damage|p2a: Clefable|19/100
|move|p2a: Clefable|Soft-Boiled|p2a: Clefable
|-heal|p2a: Clefable|69/100
|
|upkeep
|turn|39
|
|t:|1651005755
|move|p1a: Zapdos|Thunderbolt|p2a: Clefable
|-damage|p2a: Clefable|28/100
|move|p2a: Clefable|Soft-Boiled|p2a: Clefable
|-heal|p2a: Clefable|78/100
|
|upkeep
|turn|40
|
|t:|1651005760
|move|p1a: Zapdos|Hurricane|p2a: Clefable
|-damage|p2a: Clefable|35/100
|-start|p2a: Clefable|confusion
|-activate|p2a: Clefable|confusion
|move|p2a: Clefable|Soft-Boiled|p2a: Clefable
|-heal|p2a: Clefable|85/100
|
|upkeep
|turn|41
|
|t:|1651005766
|switch|p2a: Zapdos|Zapdos|91/100
|move|p1a: Zapdos|Thunderbolt|p2a: Zapdos
|-damage|p2a: Zapdos|50/100
|
|upkeep
|turn|42
|
|t:|1651005769
|move|p2a: Zapdos|Roost|p2a: Zapdos
|-heal|p2a: Zapdos|100/100
|-singleturn|p2a: Zapdos|move: Roost
|move|p1a: Zapdos|Thunderbolt|p2a: Zapdos
|-resisted|p2a: Zapdos
|-damage|p2a: Zapdos|82/100
|
|upkeep
|turn|43
|
|t:|1651005776
|switch|p1a: Mamoswine|Mamoswine, M|100/100
|move|p2a: Zapdos|Hurricane|p1a: Mamoswine|[miss]
|-miss|p2a: Zapdos|p1a: Mamoswine
|
|upkeep
|turn|44
|
|t:|1651005782
|move|p1a: Mamoswine|Icicle Crash|p2a: Zapdos
|-supereffective|p2a: Zapdos
|-damage|p2a: Zapdos|14/100
|move|p2a: Zapdos|Hurricane|p1a: Mamoswine|[miss]
|-miss|p2a: Zapdos|p1a: Mamoswine
|
|upkeep
|turn|45
|
|t:|1651005788
|move|p1a: Mamoswine|Ice Shard|p2a: Zapdos
|-supereffective|p2a: Zapdos
|-damage|p2a: Zapdos|0 fnt
|faint|p2a: Zapdos
|
|upkeep
|
|t:|1651005792
|switch|p2a: Rillaboom|Rillaboom, F|79/100 brn
|-fieldstart|move: Grassy Terrain|[from] ability: Grassy Surge|[of] p2a: Rillaboom
|turn|46
|
|t:|1651005797
|move|p2a: Rillaboom|U-turn|p1a: Mamoswine
|-damage|p1a: Mamoswine|85/100
|
|t:|1651005803
|switch|p2a: Toxapex|Toxapex, M|100/100 brn|[from]move: U-turn
|move|p1a: Mamoswine|Icicle Crash|p2a: Toxapex
|-resisted|p2a: Toxapex
|-damage|p2a: Toxapex|87/100 brn
|
|-heal|p1a: Mamoswine|91/100|[from] Grassy Terrain
|-heal|p2a: Toxapex|93/100 brn|[from] Grassy Terrain
|-damage|p2a: Toxapex|87/100 brn|[from] brn
|upkeep
|turn|47
|
|t:|1651005813
|switch|p1a: Tapu Fini|Tapu Fini|56/100
|-fieldstart|move: Misty Terrain|[from] ability: Misty Surge|[of] p1a: Tapu Fini
|move|p2a: Toxapex|Scald|p1a: Tapu Fini
|-resisted|p1a: Tapu Fini
|-damage|p1a: Tapu Fini|49/100
|
|-damage|p2a: Toxapex|81/100 brn|[from] brn
|upkeep
|turn|48
|
|t:|1651005827
|move|p1a: Tapu Fini|Moonblast|p2a: Toxapex
|-resisted|p2a: Toxapex
|-damage|p2a: Toxapex|65/100 brn
|move|p2a: Toxapex|Toxic Spikes|p1a: Tapu Fini
|-sidestart|p1: shagohod crew|move: Toxic Spikes
|
|-damage|p2a: Toxapex|59/100 brn|[from] brn
|upkeep
|turn|49
|
|t:|1651005836
|move|p1a: Tapu Fini|Moonblast|p2a: Toxapex
|-resisted|p2a: Toxapex
|-damage|p2a: Toxapex|43/100 brn
|-unboost|p2a: Toxapex|spa|1
|move|p2a: Toxapex|Scald|p1a: Tapu Fini
|-resisted|p1a: Tapu Fini
|-damage|p1a: Tapu Fini|43/100
|
|-damage|p2a: Toxapex|37/100 brn|[from] brn
|upkeep
|turn|50
|
|t:|1651005863
|switch|p1a: Mamoswine|Mamoswine, M|91/100
|move|p2a: Toxapex|Recover|p2a: Toxapex
|-heal|p2a: Toxapex|88/100 brn
|
|-damage|p2a: Toxapex|82/100 brn|[from] brn
|upkeep
|turn|51
|
|t:|1651005870
|switch|p2a: Rillaboom|Rillaboom, F|79/100 brn
|-fieldstart|move: Grassy Terrain|[from] ability: Grassy Surge|[of] p2a: Rillaboom
|move|p1a: Mamoswine|Earthquake|p2a: Rillaboom
|-resisted|p2a: Rillaboom
|-damage|p2a: Rillaboom|66/100 brn
|
|-heal|p2a: Rillaboom|72/100 brn|[from] Grassy Terrain
|-heal|p1a: Mamoswine|97/100|[from] Grassy Terrain
|-damage|p2a: Rillaboom|66/100 brn|[from] brn
|upkeep
|turn|52
|
|t:|1651005880
|switch|p1a: Zapdos|Zapdos|90/100
|move|p2a: Rillaboom|U-turn|p1a: Zapdos
|-resisted|p1a: Zapdos
|-damage|p1a: Zapdos|85/100
|inactive|PedroGreg has 120 seconds left.
|inactive|PedroGreg has 90 seconds left.
|inactive|PedroGreg has 60 seconds left.
|inactive|PedroGreg has 30 seconds left.
|inactive|PedroGreg has 20 seconds left.
|inactive|PedroGreg has 15 seconds left.
|inactive|PedroGreg has 10 seconds left.
|inactive|PedroGreg has 5 seconds left.
|-message|PedroGreg lost due to inactivity.
|
|win|shagohod crew
|raw|shagohod crew's rating: 1605 &rarr; <strong>1624</strong><br />(+19 for winning)
|raw|PedroGreg's rating: 1587 &rarr; <strong>1568</strong><br />(-19 for losing)
