|j|☆Chickpiee
|j|‽PKM Champion Blue
|t:|1613365948
|player|p1|Chickpiee|caitlin|
|player|p2|PKM Champion Blue|blue-gen7|
|teamsize|p1|6
|teamsize|p2|6
|gametype|singles
|gen|8
|tier|[Gen 8] OU
|rated|Tournament battle
|clearpoke
|poke|p1|Regieleki|
|poke|p1|Regice|
|poke|p1|Registeel|
|poke|p1|Regirock|
|poke|p1|Regidrago|
|poke|p1|Regigigas|
|poke|p2|Aegislash, M|
|poke|p2|Tapu Fini|
|poke|p2|Nidoking, M|
|poke|p2|Persian-Alola, F|
|poke|p2|Zapdos|
|poke|p2|Garchomp, F|
|rule|Sleep Clause Mod: Limit one foe put to sleep
|rule|Species Clause: Limit one of each Pokémon
|rule|OHKO Clause: OHKO moves are banned
|rule|Evasion Moves Clause: Evasion moves are banned
|rule|Endless Battle Clause: Forcing endless battles is banned
|rule|HP Percentage Mod: HP is shown in percentages
|rule|Dynamax Clause: You cannot dynamax
|teampreview
|j|*Lady Monita
|inactive|Battle timer is ON: inactive players will automatically lose when time's up. (requested by PKM Champion Blue)
|j| 2v2LMK Robb_
|j| YippieDreepy
|j| simplee<3
|j| leoAF
|j| tioy
|j| KingPanTheMan
|c| YippieDreepy|MONO regI
|j| doc1203
|c|☆Chickpiee|Hf
|l| tioy
|c| YippieDreepy|oh yh
|l| doc1203
|j| Eeveekid10
|inactive|Chickpiee has 120 seconds left.
|j| Big Fighta'
|c| Eeveekid10|Glhf!
|j| Mastermind 31
|l| Mastermind 31
|j| Vitoran ♂
|inactive|Chickpiee has 90 seconds left.
|j| FatFighter2
|j| Ghgghhgg
|
|t:|1613366020
|start
|switch|p1a: Regice|Regice|100/100
|switch|p2a: Nidoking|Nidoking, M|100/100
|turn|1
|l| FatFighter2
|c| 2v2LMK Robb_|mono regi dayummmmmmmmmm
|
|t:|1613366035
|switch|p2a: Tapu Fini|Tapu Fini|100/100
|-fieldstart|move: Misty Terrain|[from] ability: Misty Surge|[of] p2a: Tapu Fini
|move|p1a: Regice|Thunderbolt|p2a: Tapu Fini
|-supereffective|p2a: Tapu Fini
|-damage|p2a: Tapu Fini|58/100
|
|-heal|p2a: Tapu Fini|64/100|[from] item: Leftovers
|upkeep
|turn|2
|j| Thegamingattack3
|j| Photon Wizard
|
|t:|1613366051
|move|p2a: Tapu Fini|Calm Mind|p2a: Tapu Fini
|-boost|p2a: Tapu Fini|spa|1
|-boost|p2a: Tapu Fini|spd|1
|move|p1a: Regice|Thunderbolt|p2a: Tapu Fini
|-supereffective|p2a: Tapu Fini
|-damage|p2a: Tapu Fini|34/100
|
|-heal|p2a: Tapu Fini|40/100|[from] item: Leftovers
|upkeep
|turn|3
|j| dankkonata
|j| sceptirl
|
|t:|1613366057
|switch|p1a: Registeel|Registeel|100/100
|move|p2a: Tapu Fini|Draining Kiss|p1a: Registeel
|-resisted|p1a: Registeel
|-damage|p1a: Registeel|92/100
|-heal|p2a: Tapu Fini|47/100|[from] drain|[of] p1a: Registeel
|
|-heal|p2a: Tapu Fini|53/100|[from] item: Leftovers
|upkeep
|turn|4
|j| Unti 9
|
|t:|1613366064
|move|p2a: Tapu Fini|Taunt|p1a: Registeel
|-start|p1a: Registeel|move: Taunt
|move|p1a: Registeel|Heavy Slam|p2a: Tapu Fini
|-damage|p2a: Tapu Fini|30/100
|
|-heal|p2a: Tapu Fini|36/100|[from] item: Leftovers
|upkeep
|turn|5
|
|t:|1613366073
|switch|p2a: Aegislash|Aegislash, M, shiny|100/100
|move|p1a: Registeel|Heavy Slam|p2a: Aegislash
|-resisted|p2a: Aegislash
|-damage|p2a: Aegislash|91/100
|
|-fieldend|Misty Terrain
|upkeep
|turn|6
|j| Ruthlesssceptile6
|
|t:|1613366083
|switch|p1a: The goat|Regigigas|100/100
|-start|p1a: The goat|ability: Slow Start
|-formechange|p2a: Aegislash|Aegislash-Blade||[from] ability: Stance Change
|move|p2a: Aegislash|Close Combat|p1a: The goat
|-supereffective|p1a: The goat
|-damage|p1a: The goat|48/100
|-unboost|p2a: Aegislash|def|1
|-unboost|p2a: Aegislash|spd|1
|
|-heal|p1a: The goat|54/100|[from] item: Leftovers
|upkeep
|turn|7
|
|t:|1613366098
|switch|p2a: Zapdos|Zapdos|100/100
|move|p1a: The goat|Knock Off|p2a: Zapdos
|-damage|p2a: Zapdos|89/100
|-enditem|p2a: Zapdos|Heavy-Duty Boots|[from] move: Knock Off|[of] p1a: The goat
|
|-heal|p1a: The goat|60/100|[from] item: Leftovers
|upkeep
|turn|8
|
|t:|1613366108
|move|p2a: Zapdos|Volt Switch|p1a: The goat
|-damage|p1a: The goat|45/100
|
|t:|1613366121
|switch|p2a: Aegislash|Aegislash, M, shiny|91/100|[from]move: Volt Switch
|move|p1a: The goat|Body Slam|p2a: Aegislash
|-immune|p2a: Aegislash
|
|-heal|p1a: The goat|51/100|[from] item: Leftovers
|upkeep
|turn|9
|
|t:|1613366136
|-end|p1a: The goat|Slow Start|[silent]
|switch|p1a: Regirock|Regirock|100/100
|-formechange|p2a: Aegislash|Aegislash-Blade||[from] ability: Stance Change
|move|p2a: Aegislash|Close Combat|p1a: Regirock
|-supereffective|p1a: Regirock
|-damage|p1a: Regirock|67/100
|-unboost|p2a: Aegislash|def|1
|-unboost|p2a: Aegislash|spd|1
|
|upkeep
|turn|10
|
|t:|1613366146
|switch|p2a: Garchomp|Garchomp, F, shiny|100/100
|move|p1a: Regirock|Rest|p1a: Regirock
|-status|p1a: Regirock|slp|[from] move: Rest
|-heal|p1a: Regirock|100/100 slp|[silent]
|-enditem|p1a: Regirock|Chesto Berry|[eat]
|-curestatus|p1a: Regirock|slp|[msg]
|
|upkeep
|turn|11
|c| YippieDreepy|so bulky
|l| Ruthlesssceptile6
|
|t:|1613366163
|move|p2a: Garchomp|Swords Dance|p2a: Garchomp
|-boost|p2a: Garchomp|atk|2
|move|p1a: Regirock|Curse|p1a: Regirock
|-unboost|p1a: Regirock|spe|1
|-boost|p1a: Regirock|atk|1
|-boost|p1a: Regirock|def|1
|
|upkeep
|turn|12
|j| AGCL6 Swas
|
|t:|1613366171
|move|p2a: Garchomp|Earthquake|p1a: Regirock
|-supereffective|p1a: Regirock
|-damage|p1a: Regirock|40/100
|move|p1a: Regirock|Curse|p1a: Regirock
|-unboost|p1a: Regirock|spe|1
|-boost|p1a: Regirock|atk|1
|-boost|p1a: Regirock|def|1
|
|upkeep
|turn|13
|
|t:|1613366176
|move|p2a: Garchomp|Earthquake|p1a: Regirock
|-supereffective|p1a: Regirock
|-damage|p1a: Regirock|0 fnt
|faint|p1a: Regirock
|
|upkeep
|j| Ruthlesssceptile6
|
|t:|1613366180
|switch|p1a: Regieleki|Regieleki|100/100
|turn|14
|
|t:|1613366185
|switch|p2a: Aegislash|Aegislash, M, shiny|91/100
|move|p1a: Regieleki|Reflect|p1a: Regieleki
|-sidestart|p1: Chickpiee|Reflect
|
|upkeep
|turn|15
|
|t:|1613366190
|move|p1a: Regieleki|Light Screen|p1a: Regieleki
|-sidestart|p1: Chickpiee|move: Light Screen
|-formechange|p2a: Aegislash|Aegislash-Blade||[from] ability: Stance Change
|move|p2a: Aegislash|Shadow Ball|p1a: Regieleki
|-damage|p1a: Regieleki|56/100
|
|upkeep
|turn|16
|
|t:|1613366198
|switch|p1a: Regice|Regice|100/100
|switch|p2a: Garchomp|Garchomp, F, shiny|100/100
|
|upkeep
|turn|17
|
|t:|1613366205
|switch|p2a: Tapu Fini|Tapu Fini|36/100
|-fieldstart|move: Misty Terrain|[from] ability: Misty Surge|[of] p2a: Tapu Fini
|move|p1a: Regice|Thunderbolt|p2a: Tapu Fini
|-supereffective|p2a: Tapu Fini
|-damage|p2a: Tapu Fini|0 fnt
|faint|p2a: Tapu Fini
|
|upkeep
|l| simplee<3
|
|t:|1613366211
|switch|p2a: Zapdos|Zapdos|89/100
|turn|18
|c| YippieDreepy|can you believe this team
|c| YippieDreepy|XD
|
|t:|1613366215
|move|p2a: Zapdos|Defog||[still]
|-fail|p1a: Regice|unboost|[from] ability: Clear Body|[of] p1a: Regice
|-sideend|p1: Chickpiee|Reflect
|-sideend|p1: Chickpiee|move: Light Screen
|-fieldend|Misty Terrain
|-fail|p2a: Zapdos
|move|p1a: Regice|Rock Polish|p1a: Regice
|-boost|p1a: Regice|spe|2
|
|upkeep
|turn|19
|c| AGCL6 Swas|lol
|
|t:|1613366223
|move|p1a: Regice|Ice Beam|p2a: Zapdos
|-supereffective|p2a: Zapdos
|-damage|p2a: Zapdos|1/100
|move|p2a: Zapdos|Volt Switch|p1a: Regice
|-damage|p1a: Regice|81/100
|
|t:|1613366230
|switch|p2a: Aegislash|Aegislash, M, shiny|91/100|[from]move: Volt Switch
|
|upkeep
|turn|20
|
|t:|1613366238
|switch|p1a: Registeel|Registeel|92/100
|-formechange|p2a: Aegislash|Aegislash-Blade||[from] ability: Stance Change
|move|p2a: Aegislash|Close Combat|p1a: Registeel
|-supereffective|p1a: Registeel
|-enditem|p1a: Registeel|Chople Berry|[eat]
|-enditem|p1a: Registeel|Chople Berry|[weaken]
|-damage|p1a: Registeel|74/100
|-unboost|p2a: Aegislash|def|1
|-unboost|p2a: Aegislash|spd|1
|
|upkeep
|turn|21
|c| YippieDreepy|complete pog tem
|c| YippieDreepy|*team
|j| MyNameIsBacon9
|
|t:|1613366247
|switch|p2a: Nidoking|Nidoking, M|100/100
|move|p1a: Registeel|Heavy Slam|p2a: Nidoking
|-damage|p2a: Nidoking|71/100
|
|upkeep
|turn|22
|
|t:|1613366252
|move|p2a: Nidoking|Earth Power|p1a: Registeel
|-supereffective|p1a: Registeel
|-damage|p1a: Registeel|0 fnt
|faint|p1a: Registeel
|
|upkeep
|
|t:|1613366257
|switch|p1a: Regice|Regice|81/100
|turn|23
|
|t:|1613366263
|switch|p2a: Aegislash|Aegislash, M, shiny|91/100
|move|p1a: Regice|Ice Beam|p2a: Aegislash
|-resisted|p2a: Aegislash
|-damage|p2a: Aegislash|69/100
|
|upkeep
|turn|24
|c| MyNameIsBacon9|Regis epic
|
|t:|1613366273
|switch|p1a: The goat|Regigigas|51/100
|-start|p1a: The goat|ability: Slow Start
|-formechange|p2a: Aegislash|Aegislash-Blade||[from] ability: Stance Change
|move|p2a: Aegislash|Close Combat|p1a: The goat
|-supereffective|p1a: The goat
|-damage|p1a: The goat|0 fnt
|-unboost|p2a: Aegislash|def|1
|-unboost|p2a: Aegislash|spd|1
|faint|p1a: The goat
|-end|p1a: The goat|Slow Start|[silent]
|
|upkeep
|j| ELECTRON1914
|
|t:|1613366275
|switch|p1a: Regieleki|Regieleki|56/100
|turn|25
|c| ELECTRON1914|is this the finals?
|
|t:|1613366286
|switch|p2a: Nidoking|Nidoking, M|71/100
|move|p1a: Regieleki|Light Screen|p1a: Regieleki
|-sidestart|p1: Chickpiee|move: Light Screen
|
|upkeep
|turn|26
|
|t:|1613366291
|switch|p2a: Garchomp|Garchomp, F, shiny|100/100
|move|p1a: Regieleki|Reflect|p1a: Regieleki
|-sidestart|p1: Chickpiee|Reflect
|
|upkeep
|turn|27
|l| Ruthlesssceptile6
|
|t:|1613366295
|switch|p1a: Regice|Regice|81/100
|move|p2a: Garchomp|Swords Dance|p2a: Garchomp
|-boost|p2a: Garchomp|atk|2
|
|upkeep
|turn|28
|
|t:|1613366299
|move|p2a: Garchomp|Earthquake|p1a: Regice
|-damage|p1a: Regice|21/100
|move|p1a: Regice|Ice Beam|p2a: Garchomp
|-supereffective|p2a: Garchomp
|-damage|p2a: Garchomp|0 fnt
|faint|p2a: Garchomp
|
|upkeep
|
|t:|1613366305
|switch|p2a: Aegislash|Aegislash, M, shiny|69/100
|turn|29
|
|t:|1613366311
|move|p1a: Regice|Thunderbolt|p2a: Aegislash
|-damage|p2a: Aegislash|39/100
|-formechange|p2a: Aegislash|Aegislash-Blade||[from] ability: Stance Change
|move|p2a: Aegislash|Close Combat|p1a: Regice
|-supereffective|p1a: Regice
|-damage|p1a: Regice|0 fnt
|-unboost|p2a: Aegislash|def|1
|-unboost|p2a: Aegislash|spd|1
|faint|p1a: Regice
|
|upkeep
|
|t:|1613366315
|switch|p1a: Regidrago|Regidrago|100/100
|turn|30
|
|t:|1613366319
|switch|p2a: Zapdos|Zapdos|1/100
|move|p1a: Regidrago|Dragon Dance|p1a: Regidrago
|-boost|p1a: Regidrago|atk|1
|-boost|p1a: Regidrago|spe|1
|
|upkeep
|turn|31
|c| sceptirl|aegislash is the best
|
|t:|1613366333
|move|p1a: Regidrago|Dragon Dance|p1a: Regidrago
|-boost|p1a: Regidrago|atk|1
|-boost|p1a: Regidrago|spe|1
|move|p2a: Zapdos|Defog|p1a: Regidrago
|-unboost|p1a: Regidrago|evasion|1
|-sideend|p1: Chickpiee|Reflect
|-sideend|p1: Chickpiee|move: Light Screen
|
|upkeep
|turn|32
|
|t:|1613366337
|move|p1a: Regidrago|Dragon Claw|p2a: Zapdos
|-damage|p2a: Zapdos|0 fnt
|-status|p1a: Regidrago|par|[from] ability: Static|[of] p2a: Zapdos
|-damage|p1a: Regidrago|91/100 par|[from] item: Life Orb
|faint|p2a: Zapdos
|
|upkeep
|
|t:|1613366340
|switch|p2a: Persian|Persian-Alola, F|100/100
|turn|33
|c|☆Chickpiee|Ah
|c| Vitoran ♂|rip
|c|☆Chickpiee|I won
|c| Eeveekid10|Rip
|
|t:|1613366357
|move|p2a: Persian|Foul Play|p1a: Regidrago
|-damage|p1a: Regidrago|0 fnt
|faint|p1a: Regidrago
|
|upkeep
|c| YippieDreepy|Masterpiece
|c|☆Chickpiee|Sigh
|l| MyNameIsBacon9
|c| Eeveekid10|Absolute rip
|c|☆Chickpiee|gg
|
|t:|1613366366
|switch|p1a: Regieleki|Regieleki|56/100
|turn|34
|
|t:|1613366370
|switch|p2a: Aegislash|Aegislash, M, shiny|39/100
|move|p1a: Regieleki|Volt Switch|p2a: Aegislash
|-damage|p2a: Aegislash|3/100
|
|upkeep
|turn|35
|
|t:|1613366376
|-formechange|p2a: Aegislash|Aegislash-Blade||[from] ability: Stance Change
|move|p2a: Aegislash|Shadow Sneak|p1a: Regieleki
|-damage|p1a: Regieleki|17/100
|move|p1a: Regieleki|Volt Switch|p2a: Aegislash
|-damage|p2a: Aegislash|0 fnt
|faint|p2a: Aegislash
|
|upkeep
|
|t:|1613366378
|switch|p2a: Nidoking|Nidoking, M|71/100
|turn|36
|
|t:|1613366382
|move|p1a: Regieleki|Rapid Spin|p2a: Nidoking
|-damage|p2a: Nidoking|56/100
|-boost|p1a: Regieleki|spe|1
|move|p2a: Nidoking|Sludge Wave|p1a: Regieleki
|-damage|p1a: Regieleki|0 fnt
|faint|p1a: Regieleki
|
|win|PKM Champion Blue
|n|☆Chickpiee|chickpiee
|n|‽PKM Champion Blue|pkmchampionblue
|n|*Lady Monita|ladymonita
|n| 2v2LMK Robb_|2v2lmkrobb
|n| YippieDreepy|yippiedreepy
|n| leoAF|leoaf
|n| KingPanTheMan|kingpantheman
|n| Eeveekid10|eeveekid10
|n| Big Fighta'|bigfighta
|n| Vitoran ♂|vitoran
|n| Ghgghhgg|ghgghhgg
|n| Thegamingattack3|thegamingattack3
|n| Photon Wizard|photonwizard
|n| dankkonata|dankkonata
|n| sceptirl|sceptirl
|n| Unti 9|unti9
|n| AGCL6 Swas|agcl6swas
|n| ELECTRON1914|electron1914
|l|*Lady Monita
|l|☆Chickpiee
|l| YippieDreepy
|l|‽PKM Champion Blue
|l| Photon Wizard
|l| 2v2LMK Robb_
|l| Thegamingattack3
|l| sceptirl
|l| leoAF
|l| KingPanTheMan
|l| Vitoran ♂
|j|☆Chickpiee
|player|p1|Chickpiee|caitlin
