|j|☆Lagrienzo
|j|‽hypervortexreturns
|t:|1660839551
|gametype|singles
|player|p1|Lagrienzo|hilda|1790
|player|p2|hypervortexreturns|265|1732
|teamsize|p1|6
|teamsize|p2|6
|gen|8
|tier|[Gen 8] OU
|rated|
|rule|Sleep Clause Mod: Limit one foe put to sleep
|rule|Species Clause: Limit one of each Pokémon
|rule|OHKO Clause: OHKO moves are banned
|rule|Evasion Items Clause: Evasion items are banned
|rule|Evasion Moves Clause: Evasion moves are banned
|rule|Endless Battle Clause: Forcing endless battles is banned
|rule|HP Percentage Mod: HP is shown in percentages
|rule|Dynamax Clause: You cannot dynamax
|clearpoke
|poke|p1|Garchomp, F|
|poke|p1|Landorus-Therian, M|
|poke|p1|Tapu Fini|
|poke|p1|Kartana|
|poke|p1|Dragonite, F|
|poke|p1|Magnezone|
|poke|p2|Hydreigon, F|
|poke|p2|Zapdos|
|poke|p2|Tangrowth, F|
|poke|p2|Corviknight, F|
|poke|p2|Excadrill, F|
|poke|p2|Azumarill, F|
|teampreview
|inactive|Battle timer is ON: inactive players will automatically lose when time's up. (requested by Lagrienzo)
|
|t:|1660839584
|start
|switch|p1a: Landorus|Landorus-Therian, M|100/100
|switch|p2a: Azumarill|Azumarill, F|100/100
|-ability|p1a: Landorus|Intimidate|boost
|-unboost|p2a: Azumarill|atk|1
|turn|1
|inactive|hypervortexreturns has 120 seconds left.
|
|t:|1660839629
|switch|p1a: Kartana|Kartana|100/100
|switch|p2a: Hydreigon|Hydreigon, F|100/100
|
|upkeep
|turn|2
|inactive|Lagrienzo has 120 seconds left.
|
|t:|1660839660
|move|p1a: Kartana|Sacred Sword|p2a: Hydreigon
|-supereffective|p2a: Hydreigon
|-damage|p2a: Hydreigon|0 fnt
|faint|p2a: Hydreigon
|-ability|p1a: Kartana|Beast Boost|boost
|-boost|p1a: Kartana|atk|1
|
|upkeep
|
|t:|1660839674
|switch|p2a: Tangrowth|Tangrowth, F|100/100
|turn|3
|
|t:|1660839683
|switch|p1a: Landorus|Landorus-Therian, M|100/100
|-ability|p1a: Landorus|Intimidate|boost
|-unboost|p2a: Tangrowth|atk|1
|move|p2a: Tangrowth|Knock Off|p1a: Landorus
|-damage|p1a: Landorus|83/100
|-enditem|p1a: Landorus|Normal Gem|[from] move: Knock Off|[of] p2a: Tangrowth
|
|upkeep
|turn|4
|
|t:|1660839709
|switch|p2a: Azumarill|Azumarill, F|100/100
|move|p1a: Landorus|Stealth Rock|p2a: Azumarill
|-sidestart|p2: hypervortexreturns|move: Stealth Rock
|
|upkeep
|turn|5
|
|t:|1660839717
|switch|p1a: Kartana|Kartana|100/100
|move|p2a: Azumarill|Aqua Jet|p1a: Kartana
|-resisted|p1a: Kartana
|-damage|p1a: Kartana|87/100
|
|upkeep
|turn|6
|
|t:|1660839732
|switch|p2a: Tangrowth|Tangrowth, F|100/100
|-damage|p2a: Tangrowth|88/100|[from] Stealth Rock
|move|p1a: Kartana|Knock Off|p2a: Tangrowth
|-damage|p2a: Tangrowth|56/100
|-damage|p1a: Kartana|70/100|[from] item: Rocky Helmet|[of] p2a: Tangrowth
|-enditem|p2a: Tangrowth|Rocky Helmet|[from] move: Knock Off|[of] p1a: Kartana
|
|upkeep
|turn|7
|inactive|hypervortexreturns has 90 seconds left.
|
|t:|1660839757
|switch|p1a: Landorus|Landorus-Therian, M|83/100
|-ability|p1a: Landorus|Intimidate|boost
|-unboost|p2a: Tangrowth|atk|1
|move|p2a: Tangrowth|Focus Blast|p1a: Landorus|[miss]
|-miss|p2a: Tangrowth|p1a: Landorus
|
|upkeep
|turn|8
|inactive|hypervortexreturns has 90 seconds left.
|
|t:|1660839771
|switch|p2a: Zapdos|Zapdos|100/100
|move|p1a: Landorus|Knock Off|p2a: Zapdos
|-damage|p2a: Zapdos|62/100
|-status|p1a: Landorus|par|[from] ability: Static|[of] p2a: Zapdos
|-enditem|p2a: Zapdos|Heavy-Duty Boots|[from] move: Knock Off|[of] p1a: Landorus
|
|upkeep
|turn|9
|inactive|hypervortexreturns has 90 seconds left.
|
|t:|1660839781
|move|p2a: Zapdos|Hurricane|p1a: Landorus
|-damage|p1a: Landorus|26/100 par
|-start|p1a: Landorus|confusion
|-activate|p1a: Landorus|confusion
|move|p1a: Landorus|Explosion|p2a: Zapdos
|-damage|p2a: Zapdos|0 fnt
|faint|p1a: Landorus
|faint|p2a: Zapdos
|
|upkeep
|inactive|hypervortexreturns has 90 seconds left.
|
|t:|1660839794
|switch|p2a: Tangrowth|Tangrowth, F|89/100
|switch|p1a: Kartana|Kartana|70/100
|-damage|p2a: Tangrowth|76/100|[from] Stealth Rock
|turn|10
|inactive|hypervortexreturns has 90 seconds left.
|
|t:|1660839802
|switch|p1a: Dragonite|Dragonite, F|100/100
|move|p2a: Tangrowth|Knock Off|p1a: Dragonite
|-damage|p1a: Dragonite|90/100
|-enditem|p1a: Dragonite|Heavy-Duty Boots|[from] move: Knock Off|[of] p2a: Tangrowth
|
|upkeep
|turn|11
|inactive|hypervortexreturns has 90 seconds left.
|
|t:|1660839814
|move|p1a: Dragonite|Dual Wingbeat|p2a: Tangrowth
|-supereffective|p2a: Tangrowth
|-damage|p2a: Tangrowth|56/100
|-supereffective|p2a: Tangrowth
|-damage|p2a: Tangrowth|35/100
|-hitcount|p2a: Tangrowth|2
|move|p2a: Tangrowth|Sleep Powder|p1a: Dragonite
|-status|p1a: Dragonite|slp|[from] move: Sleep Powder
|
|upkeep
|turn|12
|inactive|hypervortexreturns has 90 seconds left.
|
|t:|1660839826
|switch|p1a: Kartana|Kartana|70/100
|switch|p2a: Excadrill|Excadrill, F|100/100
|-damage|p2a: Excadrill|97/100|[from] Stealth Rock
|
|-heal|p2a: Excadrill|100/100|[from] item: Leftovers
|upkeep
|turn|13
|inactive|hypervortexreturns has 90 seconds left.
|
|t:|1660839846
|switch|p2a: Tangrowth|Tangrowth, F|68/100
|-damage|p2a: Tangrowth|56/100|[from] Stealth Rock
|move|p1a: Kartana|Sacred Sword|p2a: Tangrowth
|-damage|p2a: Tangrowth|26/100
|
|upkeep
|turn|14
|inactive|hypervortexreturns has 90 seconds left.
|
|t:|1660839855
|move|p1a: Kartana|Sacred Sword|p2a: Tangrowth
|-damage|p2a: Tangrowth|0 fnt
|faint|p2a: Tangrowth
|-ability|p1a: Kartana|Beast Boost|boost
|-boost|p1a: Kartana|atk|1
|
|upkeep
|inactive|hypervortexreturns has 90 seconds left.
|c|☆Lagrienzo|This is so awkward for a team that has 3 kartana counters
|
|t:|1660839863
|switch|p2a: Azumarill|Azumarill, F|100/100
|-damage|p2a: Azumarill|88/100|[from] Stealth Rock
|turn|15
|inactive|hypervortexreturns has 90 seconds left.
|
|t:|1660839877
|switch|p1a: Garchomp|Garchomp, F|100/100
|move|p2a: Azumarill|Knock Off|p1a: Garchomp
|-crit|p1a: Garchomp
|-damage|p1a: Garchomp|37/100
|-damage|p2a: Azumarill|76/100|[from] ability: Rough Skin|[of] p1a: Garchomp
|-enditem|p1a: Garchomp|Leftovers|[from] move: Knock Off|[of] p2a: Azumarill
|
|upkeep
|turn|16
|inactive|hypervortexreturns has 90 seconds left.
|
|t:|1660839893
|switch|p2a: Corviknight|Corviknight, F|100/100
|-damage|p2a: Corviknight|88/100|[from] Stealth Rock
|-ability|p2a: Corviknight|Pressure
|move|p1a: Garchomp|Earthquake|p2a: Corviknight
|-immune|p2a: Corviknight
|
|-heal|p2a: Corviknight|94/100|[from] item: Leftovers
|upkeep
|turn|17
|inactive|hypervortexreturns has 90 seconds left.
|
|t:|1660839906
|move|p1a: Garchomp|Substitute|p1a: Garchomp
|-start|p1a: Garchomp|Substitute
|-damage|p1a: Garchomp|12/100
|move|p2a: Corviknight|Brave Bird|p1a: Garchomp
|-end|p1a: Garchomp|Substitute
|-damage|p2a: Corviknight|87/100|[from] Recoil|[of] p1a: Garchomp
|
|-heal|p2a: Corviknight|93/100|[from] item: Leftovers
|upkeep
|turn|18
|inactive|hypervortexreturns has 90 seconds left.
|
|t:|1660839918
|move|p1a: Garchomp|Swords Dance|p1a: Garchomp
|-boost|p1a: Garchomp|atk|2
|move|p2a: Corviknight|Brave Bird|p1a: Garchomp
|-damage|p1a: Garchomp|0 fnt
|-damage|p2a: Corviknight|81/100|[from] ability: Rough Skin|[of] p1a: Garchomp
|faint|p1a: Garchomp
|-damage|p2a: Corviknight|77/100|[from] Recoil
|
|-heal|p2a: Corviknight|83/100|[from] item: Leftovers
|upkeep
|
|t:|1660839920
|switch|p1a: Magnezone|Magnezone|100/100
|turn|19
|inactive|hypervortexreturns has 90 seconds left.
|
|t:|1660839933
|move|p1a: Magnezone|Thunderbolt|p2a: Corviknight
|-supereffective|p2a: Corviknight
|-damage|p2a: Corviknight|29/100
|move|p2a: Corviknight|Taunt|p1a: Magnezone
|-start|p1a: Magnezone|move: Taunt
|
|-heal|p2a: Corviknight|35/100|[from] item: Leftovers
|upkeep
|turn|20
|
|t:|1660839942
|move|p1a: Magnezone|Thunderbolt|p2a: Corviknight
|-supereffective|p2a: Corviknight
|-damage|p2a: Corviknight|0 fnt
|faint|p2a: Corviknight
|
|upkeep
|
|t:|1660839947
|switch|p2a: Excadrill|Excadrill, F|100/100
|-damage|p2a: Excadrill|97/100|[from] Stealth Rock
|turn|21
|
|t:|1660839954
|move|p2a: Excadrill|Earthquake|p1a: Magnezone
|-supereffective|p1a: Magnezone
|-damage|p1a: Magnezone|0 fnt
|faint|p1a: Magnezone
|
|-heal|p2a: Excadrill|100/100|[from] item: Leftovers
|upkeep
|
|t:|1660839956
|switch|p1a: Kartana|Kartana|70/100
|turn|22
|
|t:|1660839964
|move|p1a: Kartana|Leaf Blade|p2a: Excadrill
|-damage|p2a: Excadrill|0 fnt
|faint|p2a: Excadrill
|-ability|p1a: Kartana|Beast Boost|boost
|-boost|p1a: Kartana|atk|1
|
|upkeep
|inactive|hypervortexreturns has 90 seconds left.
|inactive|hypervortexreturns has 60 seconds left.
|inactive|hypervortexreturns has 30 seconds left.
|inactive|hypervortexreturns has 20 seconds left.
|inactive|hypervortexreturns has 15 seconds left.
|inactive|hypervortexreturns has 10 seconds left.
|inactive|hypervortexreturns has 5 seconds left.
|-message|hypervortexreturns lost due to inactivity.
|
|win|Lagrienzo
|raw|Lagrienzo's rating: 1790 &rarr; <strong>1807</strong><br />(+17 for winning)
|raw|hypervortexreturns's rating: 1732 &rarr; <strong>1715</strong><br />(-17 for losing)
