|html|<div class="broadcast-blue"><strong>[Gen 8] OU is currently suspecting Melmetal! For information on how to participate check out the <a href="https://www.smogon.com/forums/threads/np-ss-ou-suspect-process-round-12-monster-mash.3709234/">suspect thread</a>.</strong></div>
|j|☆Highv0ltag3
|j|☆Rooooooger
|t:|1665683977
|gametype|singles
|player|p1|Highv0ltag3|volo|1713
|player|p2|Rooooooger|102|1629
|teamsize|p1|6
|teamsize|p2|6
|gen|8
|tier|[Gen 8] OU
|rated|
|rule|Sleep Clause Mod: Limit one foe put to sleep
|rule|Species Clause: Limit one of each Pokémon
|rule|OHKO Clause: OHKO moves are banned
|rule|Evasion Items Clause: Evasion items are banned
|rule|Evasion Moves Clause: Evasion moves are banned
|rule|Endless Battle Clause: Forcing endless battles is banned
|rule|HP Percentage Mod: HP is shown in percentages
|rule|Dynamax Clause: You cannot dynamax
|clearpoke
|poke|p1|Chansey, F|
|poke|p1|Corviknight, F|
|poke|p1|Hippowdon, M|
|poke|p1|Toxapex, M|
|poke|p1|Clefable, F|
|poke|p1|Tornadus-Therian, M|
|poke|p2|Excadrill, F|
|poke|p2|Hippowdon, F|
|poke|p2|Kartana|
|poke|p2|Ferrothorn, F|
|poke|p2|Heatran, M|
|poke|p2|Zapdos-Galar|
|teampreview
|inactive|Battle timer is ON: inactive players will automatically lose when time's up. (requested by Rooooooger)
|
|t:|1665683997
|start
|switch|p1a: Tornadus|Tornadus-Therian, M, shiny|100/100
|switch|p2a: Hippowdon|Hippowdon, F|100/100
|-weather|Sandstorm|[from] ability: Sand Stream|[of] p2a: Hippowdon
|turn|1
|
|t:|1665684005
|move|p1a: Tornadus|Knock Off|p2a: Hippowdon
|-damage|p2a: Hippowdon|90/100
|-enditem|p2a: Hippowdon|Leftovers|[from] move: Knock Off|[of] p1a: Tornadus
|move|p2a: Hippowdon|Stealth Rock|p1a: Tornadus
|-sidestart|p1: Highv0ltag3|move: Stealth Rock
|
|-weather|Sandstorm|[upkeep]
|-damage|p1a: Tornadus|94/100|[from] Sandstorm
|upkeep
|turn|2
|
|t:|1665684012
|move|p1a: Tornadus|Nasty Plot|p1a: Tornadus
|-boost|p1a: Tornadus|spa|2
|move|p2a: Hippowdon|Yawn|p1a: Tornadus
|-start|p1a: Tornadus|move: Yawn|[of] p2a: Hippowdon
|
|-weather|Sandstorm|[upkeep]
|-damage|p1a: Tornadus|88/100|[from] Sandstorm
|upkeep
|turn|3
|
|t:|1665684020
|move|p1a: Tornadus|Focus Blast|p2a: Hippowdon
|-damage|p2a: Hippowdon|46/100
|move|p2a: Hippowdon|Yawn||[still]
|-fail|p2a: Hippowdon
|
|-weather|Sandstorm|[upkeep]
|-damage|p1a: Tornadus|82/100|[from] Sandstorm
|-end|p1a: Tornadus|move: Yawn|[silent]
|-status|p1a: Tornadus|slp
|upkeep
|turn|4
|
|t:|1665684024
|cant|p1a: Tornadus|slp
|move|p2a: Hippowdon|Slack Off|p2a: Hippowdon
|-heal|p2a: Hippowdon|96/100
|
|-weather|Sandstorm|[upkeep]
|-damage|p1a: Tornadus|76/100 slp|[from] Sandstorm
|upkeep
|turn|5
|
|t:|1665684034
|switch|p2a: Zapdos|Zapdos-Galar, shiny|100/100
|cant|p1a: Tornadus|slp
|
|-weather|none
|upkeep
|turn|6
|
|t:|1665684039
|switch|p2a: Hippowdon|Hippowdon, F|96/100
|-weather|Sandstorm|[from] ability: Sand Stream|[of] p2a: Hippowdon
|cant|p1a: Tornadus|slp
|
|-weather|Sandstorm|[upkeep]
|-damage|p1a: Tornadus|70/100 slp|[from] Sandstorm
|upkeep
|turn|7
|
|t:|1665684048
|-curestatus|p1a: Tornadus|slp|[msg]
|move|p1a: Tornadus|Hurricane|p2a: Hippowdon
|-damage|p2a: Hippowdon|29/100
|move|p2a: Hippowdon|Yawn|p1a: Tornadus
|-start|p1a: Tornadus|move: Yawn|[of] p2a: Hippowdon
|
|-weather|Sandstorm|[upkeep]
|-damage|p1a: Tornadus|64/100|[from] Sandstorm
|upkeep
|turn|8
|
|t:|1665684055
|move|p1a: Tornadus|Focus Blast|p2a: Hippowdon
|-damage|p2a: Hippowdon|0 fnt
|faint|p2a: Hippowdon
|
|-weather|Sandstorm|[upkeep]
|-damage|p1a: Tornadus|58/100|[from] Sandstorm
|-end|p1a: Tornadus|move: Yawn|[silent]
|-status|p1a: Tornadus|slp
|upkeep
|
|t:|1665684060
|switch|p2a: Excadrill|Excadrill, F|100/100
|turn|9
|
|t:|1665684071
|switch|p1a: Corviknight|Corviknight, F|100/100
|-damage|p1a: Corviknight|88/100|[from] Stealth Rock
|-ability|p1a: Corviknight|Pressure
|move|p2a: Excadrill|Swords Dance|p2a: Excadrill
|-boost|p2a: Excadrill|atk|2
|
|-weather|Sandstorm|[upkeep]
|upkeep
|turn|10
|
|t:|1665684080
|switch|p2a: Heatran|Heatran, M|100/100
|-item|p2a: Heatran|Air Balloon
|move|p1a: Corviknight|Iron Defense|p1a: Corviknight
|-boost|p1a: Corviknight|def|2
|
|-weather|none
|upkeep
|turn|11
|
|t:|1665684082
|switch|p1a: Toxapex|Toxapex, M|100/100
|-damage|p1a: Toxapex|88/100|[from] Stealth Rock
|move|p2a: Heatran|Eruption|p1a: Toxapex
|-resisted|p1a: Toxapex
|-crit|p1a: Toxapex
|-damage|p1a: Toxapex|32/100
|
|upkeep
|turn|12
|
|t:|1665684092
|switch|p1a: Chansey|Chansey, F|100/100
|-damage|p1a: Chansey|88/100|[from] Stealth Rock
|move|p2a: Heatran|Eruption|p1a: Chansey
|-damage|p1a: Chansey|63/100
|
|upkeep
|turn|13
|
|t:|1665684102
|switch|p2a: Kartana|Kartana|100/100
|move|p1a: Chansey|Soft-Boiled|p1a: Chansey
|-heal|p1a: Chansey|100/100
|
|upkeep
|turn|14
|
|t:|1665684107
|move|p2a: Kartana|Knock Off|p1a: Chansey
|-damage|p1a: Chansey|71/100
|-enditem|p1a: Chansey|Eviolite|[from] move: Knock Off|[of] p2a: Kartana
|move|p1a: Chansey|Heal Bell|p1a: Chansey
|-activate|p1a: Chansey|move: Heal Bell
|-curestatus|p1: Tornadus|slp|[msg]
|
|upkeep
|turn|15
|j| MarburgCOVEbola
|
|t:|1665684118
|switch|p2a: Zapdos|Zapdos-Galar, shiny|100/100
|move|p1a: Chansey|Soft-Boiled|p1a: Chansey
|-heal|p1a: Chansey|100/100
|
|upkeep
|turn|16
|
|t:|1665684130
|switch|p1a: Clefable|Clefable, F|100/100
|move|p2a: Zapdos|Thunderous Kick|p1a: Clefable
|-resisted|p1a: Clefable
|-damage|p1a: Clefable|72/100
|-unboost|p1a: Clefable|def|1
|
|upkeep
|turn|17
|j| Ran Kob
|
|t:|1665684136
|switch|p2a: Heatran|Heatran, M|100/100
|-item|p2a: Heatran|Air Balloon
|move|p1a: Clefable|Moonblast|p2a: Heatran
|-resisted|p2a: Heatran
|-damage|p2a: Heatran|92/100
|-enditem|p2a: Heatran|Air Balloon
|
|upkeep
|turn|18
|
|t:|1665684147
|switch|p1a: Chansey|Chansey, F|100/100
|-damage|p1a: Chansey|88/100|[from] Stealth Rock
|move|p2a: Heatran|Lava Plume|p1a: Chansey
|-damage|p1a: Chansey|65/100
|-status|p1a: Chansey|brn
|
|-damage|p1a: Chansey|59/100 brn|[from] brn
|upkeep
|turn|19
|
|t:|1665684151
|switch|p2a: Zapdos|Zapdos-Galar, shiny|100/100
|move|p1a: Chansey|Soft-Boiled|p1a: Chansey
|-heal|p1a: Chansey|100/100 brn
|
|-damage|p1a: Chansey|94/100 brn|[from] brn
|upkeep
|turn|20
|
|t:|1665684157
|-curestatus|p1a: Chansey|brn|[from] ability: Natural Cure
|switch|p1a: Clefable|Clefable, F|72/100
|move|p2a: Zapdos|Thunderous Kick|p1a: Clefable
|-resisted|p1a: Clefable
|-damage|p1a: Clefable|46/100
|-unboost|p1a: Clefable|def|1
|
|upkeep
|turn|21
|
|t:|1665684166
|switch|p2a: Heatran|Heatran, M|92/100
|move|p1a: Clefable|Soft-Boiled|p1a: Clefable
|-heal|p1a: Clefable|96/100
|
|upkeep
|turn|22
|
|t:|1665684179
|move|p2a: Heatran|Flash Cannon|p1a: Clefable
|-supereffective|p1a: Clefable
|-damage|p1a: Clefable|11/100
|-unboost|p1a: Clefable|spd|1
|move|p1a: Clefable|Moonblast|p2a: Heatran
|-resisted|p2a: Heatran
|-damage|p2a: Heatran|84/100
|
|upkeep
|turn|23
|
|t:|1665684190
|move|p2a: Heatran|Lava Plume|p1a: Clefable
|-crit|p1a: Clefable
|-damage|p1a: Clefable|0 fnt
|faint|p1a: Clefable
|
|upkeep
|
|t:|1665684191
|switch|p1a: Hippowdon|Hippowdon, M|100/100
|-damage|p1a: Hippowdon|94/100|[from] Stealth Rock
|-weather|Sandstorm|[from] ability: Sand Stream|[of] p1a: Hippowdon
|turn|24
|
|t:|1665684200
|switch|p2a: Ferrothorn|Ferrothorn, F|100/100
|move|p1a: Hippowdon|Stealth Rock|p2a: Ferrothorn
|-sidestart|p2: Rooooooger|move: Stealth Rock
|
|-weather|Sandstorm|[upkeep]
|-heal|p1a: Hippowdon|100/100|[from] item: Leftovers
|upkeep
|turn|25
|
|t:|1665684207
|switch|p1a: Tornadus|Tornadus-Therian, M, shiny|91/100
|move|p2a: Ferrothorn|Spikes|p1a: Tornadus
|-sidestart|p1: Highv0ltag3|Spikes
|
|-weather|Sandstorm|[upkeep]
|-damage|p1a: Tornadus|85/100|[from] Sandstorm
|upkeep
|turn|26
|
|t:|1665684213
|move|p1a: Tornadus|Nasty Plot|p1a: Tornadus
|-boost|p1a: Tornadus|spa|2
|move|p2a: Ferrothorn|Gyro Ball|p1a: Tornadus
|-damage|p1a: Tornadus|39/100
|
|-weather|Sandstorm|[upkeep]
|-damage|p1a: Tornadus|33/100|[from] Sandstorm
|upkeep
|turn|27
|
|t:|1665684218
|switch|p1a: Corviknight|Corviknight, F|88/100
|-damage|p1a: Corviknight|75/100|[from] Stealth Rock
|-ability|p1a: Corviknight|Pressure
|move|p2a: Ferrothorn|Gyro Ball|p1a: Corviknight
|-resisted|p1a: Corviknight
|-damage|p1a: Corviknight|67/100
|
|-weather|Sandstorm|[upkeep]
|upkeep
|turn|28
|
|t:|1665684223
|switch|p2a: Zapdos|Zapdos-Galar, shiny|100/100
|-damage|p2a: Zapdos|88/100|[from] Stealth Rock
|move|p1a: Corviknight|Iron Defense|p1a: Corviknight
|-boost|p1a: Corviknight|def|2
|
|-weather|none
|upkeep
|turn|29
|
|t:|1665684231
|move|p2a: Zapdos|Thunderous Kick|p1a: Corviknight
|-damage|p1a: Corviknight|48/100
|-unboost|p1a: Corviknight|def|1
|move|p1a: Corviknight|Body Press|p2a: Zapdos
|-resisted|p2a: Zapdos
|-damage|p2a: Zapdos|65/100
|
|upkeep
|turn|30
|
|t:|1665684239
|move|p2a: Zapdos|Thunderous Kick|p1a: Corviknight
|-damage|p1a: Corviknight|18/100
|-unboost|p1a: Corviknight|def|1
|move|p1a: Corviknight|Roost|p1a: Corviknight
|-heal|p1a: Corviknight|68/100
|-singleturn|p1a: Corviknight|move: Roost
|
|upkeep
|turn|31
|
|t:|1665684248
|switch|p1a: Toxapex|Toxapex, M|65/100
|-damage|p1a: Toxapex|53/100|[from] Stealth Rock
|-damage|p1a: Toxapex|41/100|[from] Spikes
|move|p2a: Zapdos|Thunderous Kick|p1a: Toxapex
|-resisted|p1a: Toxapex
|-damage|p1a: Toxapex|22/100
|-unboost|p1a: Toxapex|def|1
|
|upkeep
|turn|32
|
|t:|1665684254
|switch|p1a: Tornadus|Tornadus-Therian, M, shiny|66/100
|move|p2a: Zapdos|Thunderous Kick|p1a: Tornadus
|-resisted|p1a: Tornadus
|-damage|p1a: Tornadus|30/100
|-unboost|p1a: Tornadus|def|1
|
|upkeep
|turn|33
|
|t:|1665684264
|switch|p2a: Ferrothorn|Ferrothorn, F|100/100
|-damage|p2a: Ferrothorn|94/100|[from] Stealth Rock
|move|p1a: Tornadus|Hurricane|p2a: Ferrothorn
|-damage|p2a: Ferrothorn|65/100
|
|-heal|p2a: Ferrothorn|72/100|[from] item: Leftovers
|upkeep
|turn|34
|
|t:|1665684267
|switch|p1a: Toxapex|Toxapex, M|55/100
|-damage|p1a: Toxapex|43/100|[from] Stealth Rock
|-damage|p1a: Toxapex|31/100|[from] Spikes
|move|p2a: Ferrothorn|Gyro Ball|p1a: Toxapex
|-resisted|p1a: Toxapex
|-damage|p1a: Toxapex|26/100
|
|-heal|p2a: Ferrothorn|78/100|[from] item: Leftovers
|upkeep
|turn|35
|
|t:|1665684272
|move|p1a: Toxapex|Recover|p1a: Toxapex
|-heal|p1a: Toxapex|76/100
|move|p2a: Ferrothorn|Spikes|p1a: Toxapex
|-sidestart|p1: Highv0ltag3|Spikes
|
|-heal|p2a: Ferrothorn|84/100|[from] item: Leftovers
|upkeep
|turn|36
|
|t:|1665684278
|move|p1a: Toxapex|Knock Off|p2a: Ferrothorn
|-damage|p2a: Ferrothorn|74/100
|-damage|p1a: Toxapex|64/100|[from] ability: Iron Barbs|[of] p2a: Ferrothorn
|-enditem|p2a: Ferrothorn|Leftovers|[from] move: Knock Off|[of] p1a: Toxapex
|move|p2a: Ferrothorn|Leech Seed|p1a: Toxapex
|-start|p1a: Toxapex|move: Leech Seed
|
|-damage|p1a: Toxapex|51/100|[from] Leech Seed|[of] p2a: Ferrothorn
|-heal|p2a: Ferrothorn|85/100|[silent]
|upkeep
|turn|37
|
|t:|1665684291
|move|p1a: Toxapex|Toxic|p2a: Ferrothorn
|-immune|p2a: Ferrothorn
|move|p2a: Ferrothorn|Spikes|p1a: Toxapex
|-sidestart|p1: Highv0ltag3|Spikes
|
|-damage|p1a: Toxapex|39/100|[from] Leech Seed|[of] p2a: Ferrothorn
|-heal|p2a: Ferrothorn|95/100|[silent]
|upkeep
|turn|38
|
|t:|1665684307
|switch|p1a: Corviknight|Corviknight, F|68/100
|-damage|p1a: Corviknight|55/100|[from] Stealth Rock
|-ability|p1a: Corviknight|Pressure
|switch|p2a: Heatran|Heatran, M|84/100
|-damage|p2a: Heatran|72/100|[from] Stealth Rock
|
|upkeep
|turn|39
|c| MarburgCOVEbola|where is the defog
|
|t:|1665684317
|switch|p1a: Chansey|Chansey, F|94/100
|-damage|p1a: Chansey|82/100|[from] Stealth Rock
|-damage|p1a: Chansey|57/100|[from] Spikes
|move|p2a: Heatran|Lava Plume|p1a: Chansey
|-damage|p1a: Chansey|37/100
|
|upkeep
|turn|40
|
|t:|1665684346
|switch|p2a: Zapdos|Zapdos-Galar, shiny|65/100
|-damage|p2a: Zapdos|53/100|[from] Stealth Rock
|move|p1a: Chansey|Soft-Boiled|p1a: Chansey
|-heal|p1a: Chansey|88/100
|
|upkeep
|turn|41
|
|t:|1665684354
|switch|p1a: Tornadus|Tornadus-Therian, M, shiny|63/100
|move|p2a: Zapdos|Thunderous Kick|p1a: Tornadus
|-resisted|p1a: Tornadus
|-damage|p1a: Tornadus|28/100
|-unboost|p1a: Tornadus|def|1
|
|upkeep
|turn|42
|
|t:|1665684376
|move|p1a: Tornadus|Hurricane|p2a: Zapdos|[miss]
|-miss|p1a: Tornadus|p2a: Zapdos
|move|p2a: Zapdos|Thunderous Kick|p1a: Tornadus
|-resisted|p1a: Tornadus
|-damage|p1a: Tornadus|0 fnt
|faint|p1a: Tornadus
|
|upkeep
|
|t:|1665684382
|switch|p1a: Toxapex|Toxapex, M|72/100
|-damage|p1a: Toxapex|60/100|[from] Stealth Rock
|-damage|p1a: Toxapex|35/100|[from] Spikes
|turn|43
|
|t:|1665684390
|switch|p2a: Ferrothorn|Ferrothorn, F|95/100
|-damage|p2a: Ferrothorn|89/100|[from] Stealth Rock
|move|p1a: Toxapex|Recover|p1a: Toxapex
|-heal|p1a: Toxapex|86/100
|
|upkeep
|turn|44
|
|t:|1665684395
|move|p1a: Toxapex|Light Screen|p1a: Toxapex
|-sidestart|p1: Highv0ltag3|move: Light Screen
|move|p2a: Ferrothorn|Leech Seed|p1a: Toxapex
|-start|p1a: Toxapex|move: Leech Seed
|
|-damage|p1a: Toxapex|73/100|[from] Leech Seed|[of] p2a: Ferrothorn
|-heal|p2a: Ferrothorn|99/100|[silent]
|upkeep
|turn|45
|
|t:|1665684415
|switch|p1a: Hippowdon|Hippowdon, M|100/100
|-damage|p1a: Hippowdon|94/100|[from] Stealth Rock
|-damage|p1a: Hippowdon|69/100|[from] Spikes
|-weather|Sandstorm|[from] ability: Sand Stream|[of] p1a: Hippowdon
|move|p2a: Ferrothorn|Leech Seed|p1a: Hippowdon
|-start|p1a: Hippowdon|move: Leech Seed
|
|-weather|Sandstorm|[upkeep]
|-heal|p1a: Hippowdon|75/100|[from] item: Leftovers
|-damage|p1a: Hippowdon|63/100|[from] Leech Seed|[of] p2a: Ferrothorn
|-heal|p2a: Ferrothorn|100/100|[silent]
|upkeep
|turn|46
|j| UwUKingUwU
|
|t:|1665684424
|switch|p1a: Corviknight|Corviknight, F|55/100
|-damage|p1a: Corviknight|43/100|[from] Stealth Rock
|-ability|p1a: Corviknight|Pressure
|switch|p2a: Zapdos|Zapdos-Galar, shiny|53/100
|-damage|p2a: Zapdos|41/100|[from] Stealth Rock
|
|-weather|Sandstorm|[upkeep]
|-damage|p2a: Zapdos|34/100|[from] Sandstorm
|upkeep
|turn|47
|c| MarburgCOVEbola|wp
|c| MarburgCOVEbola|ggs
|inactive|Rooooooger has 120 seconds left.
|
|t:|1665684467
|switch|p1a: Toxapex|Toxapex, M|100/100
|-damage|p1a: Toxapex|88/100|[from] Stealth Rock
|-damage|p1a: Toxapex|64/100|[from] Spikes
|move|p2a: Zapdos|Thunderous Kick|p1a: Toxapex
|-resisted|p1a: Toxapex
|-damage|p1a: Toxapex|45/100
|-unboost|p1a: Toxapex|def|1
|
|-weather|Sandstorm|[upkeep]
|-damage|p2a: Zapdos|28/100|[from] Sandstorm
|-damage|p1a: Toxapex|39/100|[from] Sandstorm
|upkeep
|turn|48
|l| Ran Kob
|
|t:|1665684484
|switch|p1a: Corviknight|Corviknight, F|43/100
|-damage|p1a: Corviknight|30/100|[from] Stealth Rock
|-ability|p1a: Corviknight|Pressure
|move|p2a: Zapdos|Thunderous Kick|p1a: Corviknight
|-damage|p1a: Corviknight|0 fnt
|faint|p1a: Corviknight
|
|-weather|Sandstorm|[upkeep]
|-damage|p2a: Zapdos|22/100|[from] Sandstorm
|-sideend|p1: Highv0ltag3|move: Light Screen
|upkeep
|c|☆Highv0ltag3|gg
|-message|Highv0ltag3 forfeited.
|
|win|Rooooooger
|raw|Highv0ltag3's rating: 1713 &rarr; <strong>1688</strong><br />(-25 for losing)
|raw|Rooooooger's rating: 1629 &rarr; <strong>1654</strong><br />(+25 for winning)
|l|☆Highv0ltag3
|l| MarburgCOVEbola
||Ladder isn't responding, score probably updated but might not have (Request timeout).
