|j|☆isheavydead
|j|☆BOX MUNCHER
|t:|1596910041
|player|p1|isheavydead|265|1535
|player|p2|BOX MUNCHER|depotagent|1530
|teamsize|p1|6
|teamsize|p2|6
|gametype|singles
|gen|8
|tier|[Gen 8] OU
|rated|
|clearpoke
|poke|p1|Haxorus, M|
|poke|p1|Volcarona, F|
|poke|p1|Ninetales-Alola, F|
|poke|p1|Excadrill, F|
|poke|p1|Urshifu-*, F|
|poke|p1|Azumarill, F|
|poke|p2|Aegislash, M|
|poke|p2|Hippowdon, F|
|poke|p2|Rillaboom, M|
|poke|p2|Weezing-Galar, F|
|poke|p2|Keldeo-Resolute|
|poke|p2|Haxorus, M|
|rule|Sleep Clause Mod: Limit one foe put to sleep
|rule|Species Clause: Limit one of each Pokémon
|rule|OHKO Clause: OHKO moves are banned
|rule|Evasion Moves Clause: Evasion moves are banned
|rule|Endless Battle Clause: Forcing endless battles is banned
|rule|HP Percentage Mod: HP is shown in percentages
|rule|Dynamax Clause: You cannot dynamax
|teampreview
|inactive|Battle timer is ON: inactive players will automatically lose when time's up. (requested by isheavydead)
|
|t:|1596910060
|start
|switch|p1a: Azumarill|Azumarill, F|100/100
|switch|p2a: Weezing|Weezing-Galar, F|100/100
|-ability|p2a: Weezing|Neutralizing Gas
|turn|1
|
|t:|1596910071
|switch|p1a: Excadrill|Excadrill, F, shiny|100/100
|move|p2a: Weezing|Toxic Spikes|p1a: Excadrill
|-sidestart|p1: isheavydead|move: Toxic Spikes
|
|upkeep
|turn|2
|
|t:|1596910076
|move|p1a: Excadrill|Rapid Spin|p2a: Weezing
|-damage|p2a: Weezing|89/100
|-boost|p1a: Excadrill|spe|1
|-sideend|p1: isheavydead|Toxic Spikes|[from] move: Rapid Spin|[of] p1a: Excadrill
|move|p2a: Weezing|Flamethrower|p1a: Excadrill
|-supereffective|p1a: Excadrill
|-damage|p1a: Excadrill|55/100
|
|-heal|p2a: Weezing|95/100|[from] item: Black Sludge
|upkeep
|turn|3
|
|t:|1596910082
|-ability|p1a: Excadrill|Mold Breaker
|switch|p2a: Rillaboom|Rillaboom, M|100/100
|-fieldstart|move: Grassy Terrain|[from] ability: Grassy Surge|[of] p2a: Rillaboom
|move|p1a: Excadrill|Stealth Rock|p2a: Rillaboom
|-sidestart|p2: BOX MUNCHER|move: Stealth Rock
|
|-heal|p1a: Excadrill|61/100|[from] Grassy Terrain
|upkeep
|turn|4
|
|t:|1596910089
|switch|p1a: Volcarona|Volcarona, F|100/100
|move|p2a: Rillaboom|U-turn|p1a: Volcarona
|-resisted|p1a: Volcarona
|-damage|p1a: Volcarona|76/100
|
|t:|1596910095
|switch|p2a: Keldeo|Keldeo-Resolute|100/100|[from]move: U-turn
|-damage|p2a: Keldeo|94/100|[from] Stealth Rock
|
|-heal|p2a: Keldeo|100/100|[from] item: Leftovers
|-heal|p1a: Volcarona|82/100|[from] Grassy Terrain
|upkeep
|turn|5
|
|t:|1596910101
|move|p2a: Keldeo|Substitute|p2a: Keldeo
|-start|p2a: Keldeo|Substitute
|-damage|p2a: Keldeo|76/100
|move|p1a: Volcarona|Psychic|p2a: Keldeo
|-supereffective|p2a: Keldeo
|-end|p2a: Keldeo|Substitute
|
|-heal|p2a: Keldeo|82/100|[from] item: Leftovers
|-heal|p2a: Keldeo|88/100|[from] Grassy Terrain
|-heal|p1a: Volcarona|88/100|[from] Grassy Terrain
|upkeep
|turn|6
|
|t:|1596910114
|move|p2a: Keldeo|Scald|p1a: Volcarona
|-supereffective|p1a: Volcarona
|-damage|p1a: Volcarona|0 fnt
|faint|p1a: Volcarona
|
|-heal|p2a: Keldeo|94/100|[from] item: Leftovers
|-heal|p2a: Keldeo|100/100|[from] Grassy Terrain
|upkeep
|
|t:|1596910124
|switch|p1a: Azumarill|Azumarill, F|100/100
|turn|7
|
|t:|1596910132
|switch|p2a: Weezing|Weezing-Galar, F|95/100
|-ability|p2a: Weezing|Neutralizing Gas
|-damage|p2a: Weezing|83/100|[from] Stealth Rock
|move|p1a: Azumarill|Play Rough|p2a: Weezing
|-resisted|p2a: Weezing
|-damage|p2a: Weezing|73/100
|
|-heal|p2a: Weezing|79/100|[from] item: Black Sludge
|-heal|p2a: Weezing|85/100|[from] Grassy Terrain
|-fieldend|move: Grassy Terrain
|upkeep
|turn|8
|
|t:|1596910136
|move|p1a: Azumarill|Belly Drum|p1a: Azumarill
|-damage|p1a: Azumarill|50/100
|-setboost|p1a: Azumarill|atk|6|[from] move: Belly Drum
|-enditem|p1a: Azumarill|Sitrus Berry|[eat]
|-heal|p1a: Azumarill|75/100|[from] item: Sitrus Berry
|move|p2a: Weezing|Flamethrower|p1a: Azumarill
|-resisted|p1a: Azumarill
|-damage|p1a: Azumarill|64/100
|
|-heal|p2a: Weezing|91/100|[from] item: Black Sludge
|upkeep
|turn|9
|
|t:|1596910142
|move|p1a: Azumarill|Aqua Jet|p2a: Weezing
|-damage|p2a: Weezing|55/100
|move|p2a: Weezing|Strange Steam|p1a: Azumarill|[miss]
|-miss|p2a: Weezing|p1a: Azumarill
|
|-heal|p2a: Weezing|61/100|[from] item: Black Sludge
|upkeep
|turn|10
|
|t:|1596910163
|move|p2a: Weezing|Protect|p2a: Weezing
|-singleturn|p2a: Weezing|Protect
|move|p1a: Azumarill|Aqua Jet|p2a: Weezing
|-activate|p2a: Weezing|move: Protect
|
|-heal|p2a: Weezing|67/100|[from] item: Black Sludge
|upkeep
|turn|11
|
|t:|1596910178
|move|p1a: Azumarill|Play Rough|p2a: Weezing
|-resisted|p2a: Weezing
|-damage|p2a: Weezing|31/100
|move|p2a: Weezing|Toxic Spikes|p1a: Azumarill
|-sidestart|p1: isheavydead|move: Toxic Spikes
|
|-heal|p2a: Weezing|37/100|[from] item: Black Sludge
|upkeep
|turn|12
|
|t:|1596910184
|move|p2a: Weezing|Protect|p2a: Weezing
|-singleturn|p2a: Weezing|Protect
|move|p1a: Azumarill|Play Rough|p2a: Weezing
|-activate|p2a: Weezing|move: Protect
|
|-heal|p2a: Weezing|43/100|[from] item: Black Sludge
|upkeep
|turn|13
|
|t:|1596910199
|move|p1a: Azumarill|Aqua Jet|p2a: Weezing
|-damage|p2a: Weezing|12/100
|move|p2a: Weezing|Strange Steam|p1a: Azumarill
|-damage|p1a: Azumarill|30/100
|-start|p1a: Azumarill|confusion
|
|-heal|p2a: Weezing|18/100|[from] item: Black Sludge
|upkeep
|turn|14
|
|t:|1596910218
|-activate|p1a: Azumarill|confusion
|-damage|p1a: Azumarill|0 fnt|[from] confusion
|faint|p1a: Azumarill
|move|p2a: Weezing|Strange Steam|p1: Azumarill|[notarget]
|-fail|p2a: Weezing
|
|-heal|p2a: Weezing|24/100|[from] item: Black Sludge
|upkeep
|inactive|isheavydead has 120 seconds left.
|
|t:|1596910271
|switch|p1a: Excadrill|Excadrill, F, shiny|61/100
|turn|15
|
|t:|1596910284
|move|p2a: Weezing|Protect|p2a: Weezing
|-singleturn|p2a: Weezing|Protect
|move|p1a: Excadrill|Rapid Spin|p2a: Weezing
|-activate|p2a: Weezing|move: Protect
|
|-heal|p2a: Weezing|30/100|[from] item: Black Sludge
|upkeep
|turn|16
|inactive|isheavydead has 90 seconds left.
|
|t:|1596910310
|move|p1a: Excadrill|Earthquake|p2a: Weezing
|-supereffective|p2a: Weezing
|-damage|p2a: Weezing|0 fnt
|faint|p2a: Weezing
|-ability|p1a: Excadrill|Mold Breaker
|
|upkeep
|
|t:|1596910313
|switch|p2a: Keldeo|Keldeo-Resolute|100/100
|-damage|p2a: Keldeo|94/100|[from] Stealth Rock
|turn|17
|
|t:|1596910316
|switch|p1a: Ninetales|Ninetales-Alola, F, shiny|100/100
|-status|p1a: Ninetales|psn
|-weather|Hail|[from] ability: Snow Warning|[of] p1a: Ninetales
|move|p2a: Keldeo|Secret Sword|p1a: Ninetales
|-damage|p1a: Ninetales|50/100 psn
|
|-weather|Hail|[upkeep]
|-damage|p2a: Keldeo|88/100|[from] Hail
|-heal|p2a: Keldeo|94/100|[from] item: Leftovers
|-damage|p1a: Ninetales|37/100 psn|[from] psn
|upkeep
|turn|18
|
|t:|1596910328
|switch|p2a: Hippowdon|Hippowdon, F|100/100
|-damage|p2a: Hippowdon|94/100|[from] Stealth Rock
|-weather|Sandstorm|[from] ability: Sand Stream|[of] p2a: Hippowdon
|move|p1a: Ninetales|Aurora Veil||[still]
|-fail|p1a: Ninetales
|
|-weather|Sandstorm|[upkeep]
|-damage|p1a: Ninetales|31/100 psn|[from] Sandstorm
|-damage|p1a: Ninetales|19/100 psn|[from] psn
|upkeep
|turn|19
|
|t:|1596910337
|move|p1a: Ninetales|Freeze-Dry|p2a: Hippowdon
|-supereffective|p2a: Hippowdon
|-damage|p2a: Hippowdon|49/100
|move|p2a: Hippowdon|Stealth Rock|p1a: Ninetales
|-sidestart|p1: isheavydead|move: Stealth Rock
|
|-weather|Sandstorm|[upkeep]
|-damage|p1a: Ninetales|13/100 psn|[from] Sandstorm
|-damage|p1a: Ninetales|1/100 psn|[from] psn
|upkeep
|turn|20
|
|t:|1596910347
|move|p1a: Ninetales|Freeze-Dry|p2a: Hippowdon
|-supereffective|p2a: Hippowdon
|-damage|p2a: Hippowdon|4/100
|move|p2a: Hippowdon|Slack Off|p2a: Hippowdon
|-heal|p2a: Hippowdon|54/100
|
|-weather|Sandstorm|[upkeep]
|-damage|p1a: Ninetales|0 fnt|[from] Sandstorm
|faint|p1a: Ninetales
|upkeep
|
|t:|1596910351
|switch|p1a: Excadrill|Excadrill, F, shiny|61/100
|-damage|p1a: Excadrill|58/100|[from] Stealth Rock
|-ability|p1a: Excadrill|Mold Breaker
|turn|21
|
|t:|1596910358
|switch|p2a: Aegislash|Aegislash, M|100/100
|-damage|p2a: Aegislash|94/100|[from] Stealth Rock
|move|p1a: Excadrill|Earthquake|p2a: Aegislash
|-supereffective|p2a: Aegislash
|-damage|p2a: Aegislash|13/100
|
|-weather|Sandstorm|[upkeep]
|-heal|p2a: Aegislash|19/100|[from] item: Leftovers
|upkeep
|turn|22
|
|t:|1596910367
|move|p1a: Excadrill|Earthquake|p2a: Aegislash
|-supereffective|p2a: Aegislash
|-damage|p2a: Aegislash|0 fnt
|faint|p2a: Aegislash
|
|-weather|none
|upkeep
|
|t:|1596910380
|switch|p2a: Keldeo|Keldeo-Resolute|94/100
|-damage|p2a: Keldeo|88/100|[from] Stealth Rock
|turn|23
|
|t:|1596910383
|move|p2a: Keldeo|Scald|p1a: Excadrill
|-supereffective|p1a: Excadrill
|-damage|p1a: Excadrill|0 fnt
|faint|p1a: Excadrill
|
|-heal|p2a: Keldeo|94/100|[from] item: Leftovers
|upkeep
|
|t:|1596910390
|switch|p1a: Haxorus|Haxorus, M, shiny|100/100
|-damage|p1a: Haxorus|88/100|[from] Stealth Rock
|-status|p1a: Haxorus|psn
|-enditem|p1a: Haxorus|Lum Berry|[eat]
|-curestatus|p1a: Haxorus|psn|[msg]
|-ability|p1a: Haxorus|Mold Breaker
|turn|24
|
|t:|1596910399
|move|p2a: Keldeo|Scald|p1a: Haxorus
|-resisted|p1a: Haxorus
|-damage|p1a: Haxorus|59/100
|move|p1a: Haxorus|Scale Shot|p2a: Keldeo
|-damage|p2a: Keldeo|78/100
|-damage|p2a: Keldeo|62/100
|-hitcount|p2a: Keldeo|2
|-unboost|p1a: Haxorus|def|1
|-boost|p1a: Haxorus|spe|1
|
|-heal|p2a: Keldeo|68/100|[from] item: Leftovers
|upkeep
|turn|25
|
|t:|1596910413
|switch|p2a: Hippowdon|Hippowdon, F|54/100
|-damage|p2a: Hippowdon|48/100|[from] Stealth Rock
|-weather|Sandstorm|[from] ability: Sand Stream|[of] p2a: Hippowdon
|move|p1a: Haxorus|Close Combat|p2a: Hippowdon
|-damage|p2a: Hippowdon|25/100
|-unboost|p1a: Haxorus|def|1
|-unboost|p1a: Haxorus|spd|1
|-damage|p1a: Haxorus|42/100|[from] item: Rocky Helmet|[of] p2a: Hippowdon
|
|-weather|Sandstorm|[upkeep]
|-damage|p1a: Haxorus|36/100|[from] Sandstorm
|upkeep
|turn|26
|
|t:|1596910418
|move|p1a: Haxorus|Close Combat|p2a: Hippowdon
|-damage|p2a: Hippowdon|0 fnt
|-unboost|p1a: Haxorus|def|1
|-unboost|p1a: Haxorus|spd|1
|-damage|p1a: Haxorus|20/100|[from] item: Rocky Helmet|[of] p2a: Hippowdon
|faint|p2a: Hippowdon
|
|-weather|Sandstorm|[upkeep]
|-damage|p1a: Haxorus|13/100|[from] Sandstorm
|upkeep
|
|t:|1596910421
|switch|p2a: Rillaboom|Rillaboom, M|100/100
|-damage|p2a: Rillaboom|88/100|[from] Stealth Rock
|-fieldstart|move: Grassy Terrain|[from] ability: Grassy Surge|[of] p2a: Rillaboom
|turn|27
|
|t:|1596910426
|move|p2a: Rillaboom|Grassy Glide|p1a: Haxorus
|-resisted|p1a: Haxorus
|-damage|p1a: Haxorus|0 fnt
|faint|p1a: Haxorus
|
|-weather|Sandstorm|[upkeep]
|-damage|p2a: Rillaboom|82/100|[from] Sandstorm
|-heal|p2a: Rillaboom|88/100|[from] Grassy Terrain
|upkeep
|
|t:|1596910428
|switch|p1a: Urshifu|Urshifu, F|100/100
|-damage|p1a: Urshifu|94/100|[from] Stealth Rock
|-status|p1a: Urshifu|psn
|turn|28
|
|t:|1596910438
|move|p2a: Rillaboom|Grassy Glide|p1a: Urshifu
|-crit|p1a: Urshifu
|-damage|p1a: Urshifu|0 fnt
|faint|p1a: Urshifu
|
|win|BOX MUNCHER
|l|☆isheavydead
|raw|isheavydead's rating: 1577 &rarr; <strong>1554</strong><br />(-23 for losing)
|raw|BOX MUNCHER's rating: 1530 &rarr; <strong>1553</strong><br />(+23 for winning)
