|j|☆Mutako Z
|j|☆Dash/Jay
|t:|1658020789
|gametype|singles
|player|p1|Mutako Z|cynthia-gen4|1597
|player|p2|Dash/Jay|gambler|1525
|teamsize|p1|6
|teamsize|p2|6
|gen|8
|tier|[Gen 8] OU
|rated|
|rule|Sleep Clause Mod: Limit one foe put to sleep
|rule|Species Clause: Limit one of each Pokémon
|rule|OHKO Clause: OHKO moves are banned
|rule|Evasion Moves Clause: Evasion moves are banned
|rule|Endless Battle Clause: Forcing endless battles is banned
|rule|HP Percentage Mod: HP is shown in percentages
|rule|Dynamax Clause: You cannot dynamax
|clearpoke
|poke|p1|Hippowdon, M|
|poke|p1|Tyranitar, M|
|poke|p1|Excadrill, M|
|poke|p1|Dracozolt|
|poke|p1|Zapdos|
|poke|p1|Ferrothorn, M|
|poke|p2|Hitmonchan, M|
|poke|p2|Scizor, M|
|poke|p2|Weavile, F|
|poke|p2|Swampert, F|
|poke|p2|Vikavolt, M|
|poke|p2|Garchomp, F|
|teampreview
|inactive|Battle timer is ON: inactive players will automatically lose when time's up. (requested by Dash/Jay)
|
|t:|1658020801
|start
|switch|p1a: Zapdos|Zapdos|100/100
|switch|p2a: Gradius|Vikavolt, M, shiny|100/100
|turn|1
|
|t:|1658020814
|move|p1a: Zapdos|Hurricane|p2a: Gradius
|-damage|p2a: Gradius|46/100
|move|p2a: Gradius|Sticky Web|p1a: Zapdos
|-sidestart|p1: Mutako Z|move: Sticky Web
|
|upkeep
|turn|2
|
|t:|1658020823
|move|p1a: Zapdos|Defog|p2a: Gradius
|-unboost|p2a: Gradius|evasion|1
|-sideend|p1: Mutako Z|Sticky Web|[from] move: Defog|[of] p1a: Zapdos
|move|p2a: Gradius|Volt Switch|p1a: Zapdos
|-damage|p1a: Zapdos|72/100
|
|t:|1658020827
|switch|p2a: Sin|Weavile, F|100/100|[from]move: Volt Switch
|
|upkeep
|turn|3
|
|t:|1658020838
|switch|p1a: Ferrothorn|Ferrothorn, M|100/100
|move|p2a: Sin|Swords Dance|p2a: Sin
|-boost|p2a: Sin|atk|2
|
|upkeep
|turn|4
|
|t:|1658020843
|move|p2a: Sin|Low Kick|p1a: Ferrothorn
|-supereffective|p1a: Ferrothorn
|-enditem|p1a: Ferrothorn|Chople Berry|[eat]
|-enditem|p1a: Ferrothorn|Chople Berry|[weaken]
|-damage|p1a: Ferrothorn|40/100
|-damage|p2a: Sin|88/100|[from] ability: Iron Barbs|[of] p1a: Ferrothorn
|-damage|p2a: Sin|78/100|[from] item: Life Orb
|move|p1a: Ferrothorn|Power Whip|p2a: Sin
|-damage|p2a: Sin|8/100
|
|upkeep
|turn|5
|j| ikoero
|
|t:|1658020866
|switch|p1a: Hippowdon|Hippowdon, M|100/100
|-weather|Sandstorm|[from] ability: Sand Stream|[of] p1a: Hippowdon
|move|p2a: Sin|Knock Off|p1a: Hippowdon
|-damage|p1a: Hippowdon|18/100
|-enditem|p1a: Hippowdon|Smooth Rock|[from] move: Knock Off|[of] p2a: Sin
|-damage|p2a: Sin|0 fnt|[from] item: Life Orb
|faint|p2a: Sin
|
|-weather|Sandstorm|[upkeep]
|upkeep
|
|t:|1658020873
|switch|p2a: Akashi|Scizor, M|100/100
|turn|6
|
|t:|1658020878
|move|p2a: Akashi|U-turn|p1a: Hippowdon
|-damage|p1a: Hippowdon|0 fnt
|faint|p1a: Hippowdon
|
|t:|1658020883
|switch|p2a: Greyscale|Garchomp, F|100/100|[from]move: U-turn
|
|-weather|Sandstorm|[upkeep]
|upkeep
|
|t:|1658020888
|switch|p1a: Zapdos|Zapdos|72/100
|turn|7
|
|t:|1658020892
|switch|p2a: Kipper|Swampert, F, shiny|100/100
|move|p1a: Zapdos|Hurricane|p2a: Kipper|[miss]
|-miss|p1a: Zapdos|p2a: Kipper
|
|-weather|Sandstorm|[upkeep]
|-damage|p1a: Zapdos|65/100|[from] Sandstorm
|upkeep
|turn|8
|
|t:|1658020899
|move|p1a: Zapdos|Hurricane|p2a: Kipper
|-damage|p2a: Kipper|66/100
|move|p2a: Kipper|Stealth Rock|p1a: Zapdos
|-sidestart|p1: Mutako Z|move: Stealth Rock
|
|-weather|Sandstorm|[upkeep]
|-damage|p1a: Zapdos|59/100|[from] Sandstorm
|upkeep
|turn|9
|
|t:|1658020905
|move|p1a: Zapdos|Roost|p1a: Zapdos
|-heal|p1a: Zapdos|100/100
|-singleturn|p1a: Zapdos|move: Roost
|move|p2a: Kipper|Scald|p1a: Zapdos
|-damage|p1a: Zapdos|80/100
|
|-weather|Sandstorm|[upkeep]
|-damage|p1a: Zapdos|74/100|[from] Sandstorm
|upkeep
|turn|10
|
|t:|1658020913
|move|p1a: Zapdos|Hurricane|p2a: Kipper
|-damage|p2a: Kipper|31/100
|-start|p2a: Kipper|confusion
|-activate|p2a: Kipper|confusion
|move|p2a: Kipper|Scald|p1a: Zapdos
|-damage|p1a: Zapdos|53/100
|
|-weather|Sandstorm|[upkeep]
|-damage|p1a: Zapdos|46/100|[from] Sandstorm
|upkeep
|turn|11
|
|t:|1658020923
|move|p1a: Zapdos|Defog|p2a: Kipper
|-unboost|p2a: Kipper|evasion|1
|-sideend|p1: Mutako Z|Stealth Rock|[from] move: Defog|[of] p1a: Zapdos
|-activate|p2a: Kipper|confusion
|-damage|p2a: Kipper|25/100|[from] confusion
|
|-weather|Sandstorm|[upkeep]
|-damage|p1a: Zapdos|40/100|[from] Sandstorm
|upkeep
|turn|12
|
|t:|1658020933
|move|p1a: Zapdos|Hurricane|p2a: Kipper
|-damage|p2a: Kipper|0 fnt
|faint|p2a: Kipper
|
|-weather|none
|upkeep
|
|t:|1658020940
|switch|p2a: Akashi|Scizor, M|100/100
|turn|13
|
|t:|1658020944
|move|p1a: Zapdos|Roost|p1a: Zapdos
|-heal|p1a: Zapdos|90/100
|-singleturn|p1a: Zapdos|move: Roost
|move|p2a: Akashi|Sand Tomb|p1a: Zapdos
|-supereffective|p1a: Zapdos
|-damage|p1a: Zapdos|31/100
|-activate|p1a: Zapdos|move: Sand Tomb|[of] p2a: Akashi
|
|-damage|p1a: Zapdos|18/100|[from] move: Sand Tomb|[partiallytrapped]
|upkeep
|turn|14
|
|t:|1658020954
|move|p1a: Zapdos|Volt Switch|p2a: Akashi
|-damage|p2a: Akashi|57/100
|
|t:|1658020960
|switch|p1a: Ferrothorn|Ferrothorn, M|40/100|[from]move: Volt Switch
|move|p2a: Akashi|Sand Tomb|p1a: Ferrothorn
|-damage|p1a: Ferrothorn|21/100
|-activate|p1a: Ferrothorn|move: Sand Tomb|[of] p2a: Akashi
|
|-damage|p1a: Ferrothorn|8/100|[from] move: Sand Tomb|[partiallytrapped]
|upkeep
|turn|15
|
|t:|1658020967
|move|p2a: Akashi|Sand Tomb|p1a: Ferrothorn
|-crit|p1a: Ferrothorn
|-damage|p1a: Ferrothorn|0 fnt
|faint|p1a: Ferrothorn
|
|upkeep
|
|t:|1658020976
|switch|p1a: Dracozolt|Dracozolt|100/100
|turn|16
|
|t:|1658020983
|switch|p2a: Greyscale|Garchomp, F|100/100
|move|p1a: Dracozolt|Fire Blast|p2a: Greyscale
|-resisted|p2a: Greyscale
|-damage|p2a: Greyscale|78/100
|-damage|p1a: Dracozolt|91/100|[from] item: Life Orb
|
|upkeep
|turn|17
|
|t:|1658020991
|switch|p1a: Zapdos|Zapdos|18/100
|move|p2a: Greyscale|Dragon Claw|p1a: Zapdos
|-damage|p1a: Zapdos|0 fnt
|faint|p1a: Zapdos
|-damage|p2a: Greyscale|68/100|[from] item: Life Orb
|
|upkeep
|
|t:|1658020999
|switch|p1a: Tyranitar|Tyranitar, M|100/100
|-weather|Sandstorm|[from] ability: Sand Stream|[of] p1a: Tyranitar
|turn|18
|
|t:|1658021003
|move|p2a: Greyscale|Earthquake|p1a: Tyranitar
|-supereffective|p1a: Tyranitar
|-enditem|p1a: Tyranitar|Shuca Berry|[eat]
|-enditem|p1a: Tyranitar|Shuca Berry|[weaken]
|-damage|p1a: Tyranitar|35/100
|-damage|p2a: Greyscale|58/100|[from] item: Life Orb
|move|p1a: Tyranitar|Ice Punch|p2a: Greyscale
|-supereffective|p2a: Greyscale
|-damage|p2a: Greyscale|0 fnt
|-damage|p1a: Tyranitar|22/100|[from] ability: Rough Skin|[of] p2a: Greyscale
|faint|p2a: Greyscale
|
|-weather|Sandstorm|[upkeep]
|upkeep
|
|t:|1658021011
|switch|p2a: Akashi|Scizor, M|57/100
|turn|19
|
|t:|1658021016
|move|p2a: Akashi|Bullet Punch|p1a: Tyranitar
|-supereffective|p1a: Tyranitar
|-damage|p1a: Tyranitar|0 fnt
|faint|p1a: Tyranitar
|
|-weather|Sandstorm|[upkeep]
|upkeep
|
|t:|1658021026
|switch|p1a: Excadrill|Excadrill, M|100/100
|turn|20
|
|t:|1658021030
|switch|p2a: Gradius|Vikavolt, M, shiny|46/100
|move|p1a: Excadrill|Earthquake|p2a: Gradius
|-immune|p2a: Gradius|[from] ability: Levitate
|
|-weather|Sandstorm|[upkeep]
|-damage|p2a: Gradius|40/100|[from] Sandstorm
|upkeep
|turn|21
|
|t:|1658021041
|move|p1a: Excadrill|Rock Slide|p2a: Gradius
|-supereffective|p2a: Gradius
|-damage|p2a: Gradius|0 fnt
|faint|p2a: Gradius
|-damage|p1a: Excadrill|91/100|[from] item: Life Orb
|
|-weather|Sandstorm|[upkeep]
|upkeep
|l| ikoero
|
|t:|1658021047
|switch|p2a: Akashi|Scizor, M|57/100
|turn|22
|
|t:|1658021050
|move|p2a: Akashi|Bullet Punch|p1a: Excadrill
|-resisted|p1a: Excadrill
|-damage|p1a: Excadrill|51/100
|move|p1a: Excadrill|Earthquake|p2a: Akashi
|-damage|p2a: Akashi|0 fnt
|faint|p2a: Akashi
|-damage|p1a: Excadrill|41/100|[from] item: Life Orb
|
|-weather|none
|upkeep
|
|t:|1658021052
|switch|p2a: Tychan|Hitmonchan, M|100/100
|turn|23
|
|t:|1658021059
|move|p2a: Tychan|Mach Punch|p1a: Excadrill
|-supereffective|p1a: Excadrill
|-damage|p1a: Excadrill|0 fnt
|faint|p1a: Excadrill
|
|upkeep
|
|t:|1658021063
|switch|p1a: Dracozolt|Dracozolt|91/100
|turn|24
|
|t:|1658021068
|move|p1a: Dracozolt|Draco Meteor|p2a: Tychan
|-damage|p2a: Tychan|59/100
|-unboost|p1a: Dracozolt|spa|2
|-damage|p1a: Dracozolt|81/100|[from] item: Life Orb
|move|p2a: Tychan|Ice Punch|p1a: Dracozolt
|-supereffective|p1a: Dracozolt
|-damage|p1a: Dracozolt|18/100
|
|upkeep
|turn|25
|
|t:|1658021077
|move|p2a: Tychan|Mach Punch|p1a: Dracozolt
|-damage|p1a: Dracozolt|0 fnt
|faint|p1a: Dracozolt
|
|win|Dash/Jay
|raw|Mutako Z's rating: 1597 &rarr; <strong>1573</strong><br />(-24 for losing)
|raw|Dash&#x2f;Jay's rating: 1525 &rarr; <strong>1549</strong><br />(+24 for winning)
|l|☆Dash/Jay
|l|☆Mutako Z
||Ladder isn't responding, score probably updated but might not have (Request timeout).
|j| Traffalgar D Law
