|raw|<div class="broadcast-blue"><strong>This battle is required to be public due to a player having a name starting with 'LT74PF'.</div>
|j|‽lt74pf vert
|j|☆Arnaud Senju vgc
|t:|1599816701
|player|p1|lt74pf vert|janitor|1830
|player|p2|Arnaud Senju vgc|steven|1891
|teamsize|p1|6
|teamsize|p2|6
|gametype|singles
|gen|8
|tier|[Gen 8] OU
|rated|
|clearpoke
|poke|p1|Torkoal, F|
|poke|p1|Excadrill, F|
|poke|p1|Charizard, F|
|poke|p1|Clefable, M|
|poke|p1|Necrozma|
|poke|p1|Dragapult, F|
|poke|p2|Mew|
|poke|p2|Azumarill, M|
|poke|p2|Rillaboom, M|
|poke|p2|Urshifu-*, F|
|poke|p2|Volcarona, M|
|poke|p2|Togekiss, F|
|rule|Sleep Clause Mod: Limit one foe put to sleep
|rule|Species Clause: Limit one of each Pokémon
|rule|OHKO Clause: OHKO moves are banned
|rule|Evasion Moves Clause: Evasion moves are banned
|rule|Endless Battle Clause: Forcing endless battles is banned
|rule|HP Percentage Mod: HP is shown in percentages
|rule|Dynamax Clause: You cannot dynamax
|teampreview
|inactive|Battle timer is ON: inactive players will automatically lose when time's up. (requested by lt74pf vert)
|
|t:|1599816730
|start
|switch|p1a: Dragapult|Dragapult, F|100/100
|switch|p2a: Urshifu|Urshifu, F|100/100
|turn|1
|
|t:|1599816744
|switch|p1a: Clefable|Clefable, M|100/100
|move|p2a: Urshifu|Iron Head|p1a: Clefable
|-supereffective|p1a: Clefable
|-damage|p1a: Clefable|43/100
|-damage|p2a: Urshifu|91/100|[from] item: Life Orb
|
|-heal|p1a: Clefable|49/100|[from] item: Leftovers
|upkeep
|turn|2
|
|t:|1599816757
|switch|p1a: Torkoal|Torkoal, F|100/100
|-weather|SunnyDay|[from] ability: Drought|[of] p1a: Torkoal
|move|p2a: Urshifu|Iron Head|p1a: Torkoal
|-resisted|p1a: Torkoal
|-damage|p1a: Torkoal|89/100
|-damage|p2a: Urshifu|81/100|[from] item: Life Orb
|
|-weather|SunnyDay|[upkeep]
|upkeep
|turn|3
|
|t:|1599816782
|move|p2a: Urshifu|Wicked Blow|p1a: Torkoal
|-crit|p1a: Torkoal
|-damage|p1a: Torkoal|36/100
|-damage|p2a: Urshifu|71/100|[from] item: Life Orb
|move|p1a: Torkoal|Overheat|p2a: Urshifu
|-damage|p2a: Urshifu|0 fnt
|-unboost|p1a: Torkoal|spa|2
|faint|p2a: Urshifu
|
|-weather|SunnyDay|[upkeep]
|upkeep
|j| sad erfef
|inactive|Arnaud Senju vgc has 120 seconds left.
|
|t:|1599816802
|switch|p2a: Volcarona|Volcarona, M|100/100
|turn|4
|inactive|Arnaud Senju vgc has 120 seconds left.
|
|t:|1599816814
|move|p2a: Volcarona|Quiver Dance|p2a: Volcarona
|-boost|p2a: Volcarona|spa|1
|-boost|p2a: Volcarona|spd|1
|-boost|p2a: Volcarona|spe|1
|move|p1a: Torkoal|Stone Edge|p2a: Volcarona
|-supereffective|p2a: Volcarona
|-crit|p2a: Volcarona
|-damage|p2a: Volcarona|0 fnt
|faint|p2a: Volcarona
|
|-weather|SunnyDay|[upkeep]
|upkeep
|
|t:|1599816825
|switch|p2a: Azumarill|Azumarill, M|100/100
|turn|5
|j| maxing
|
|t:|1599816839
|move|p2a: Azumarill|Belly Drum|p2a: Azumarill
|-damage|p2a: Azumarill|50/100
|-setboost|p2a: Azumarill|atk|6|[from] move: Belly Drum
|-enditem|p2a: Azumarill|Sitrus Berry|[eat]
|-heal|p2a: Azumarill|75/100|[from] item: Sitrus Berry
|move|p1a: Torkoal|Overheat|p2a: Azumarill
|-resisted|p2a: Azumarill
|-damage|p2a: Azumarill|60/100
|-unboost|p1a: Torkoal|spa|2
|
|-weather|SunnyDay|[upkeep]
|upkeep
|turn|6
|inactive|Arnaud Senju vgc has 120 seconds left.
|j| PAlNFUL
|
|t:|1599816852
|switch|p1a: Clefable|Clefable, M|49/100
|move|p2a: Azumarill|Knock Off|p1a: Clefable
|-resisted|p1a: Clefable
|-damage|p1a: Clefable|0 fnt
|-enditem|p1a: Clefable|Leftovers|[from] move: Knock Off|[of] p2a: Azumarill
|faint|p1a: Clefable
|
|-weather|SunnyDay|[upkeep]
|upkeep
|
|t:|1599816857
|switch|p1a: Necrozma|Necrozma|100/100
|turn|7
|
|t:|1599816865
|move|p1a: Necrozma|Photon Geyser|p2a: Azumarill
|-damage|p2a: Azumarill|4/100
|move|p2a: Azumarill|Knock Off|p1a: Necrozma
|-supereffective|p1a: Necrozma
|-damage|p1a: Necrozma|0 fnt
|-enditem|p1a: Necrozma|Expert Belt|[from] move: Knock Off|[of] p2a: Azumarill
|faint|p1a: Necrozma
|
|-weather|SunnyDay|[upkeep]
|upkeep
|
|t:|1599816868
|switch|p1a: Dragapult|Dragapult, F|100/100
|turn|8
|
|t:|1599816883
|move|p1a: Dragapult|Sucker Punch|p2a: Azumarill
|-resisted|p2a: Azumarill
|-damage|p2a: Azumarill|0 fnt
|faint|p2a: Azumarill
|
|-weather|SunnyDay|[upkeep]
|upkeep
|
|t:|1599816895
|switch|p2a: Togekiss|Togekiss, F|100/100
|turn|9
|
|t:|1599816901
|switch|p2a: Mew|Mew|100/100
|move|p1a: Dragapult|Thunder Wave|p2a: Mew
|-status|p2a: Mew|par
|-activate|p2a: Mew|ability: Synchronize
|-status|p1a: Dragapult|par
|
|-weather|none
|upkeep
|turn|10
|
|t:|1599816914
|cant|p1a: Dragapult|par
|cant|p2a: Mew|par
|
|upkeep
|turn|11
|
|t:|1599816921
|switch|p2a: Togekiss|Togekiss, F|100/100
|move|p1a: Dragapult|U-turn|p2a: Togekiss
|-resisted|p2a: Togekiss
|-damage|p2a: Togekiss|94/100
|
|t:|1599816928
|switch|p1a: Excadrill|Excadrill, F|100/100|[from]move: U-turn
|-ability|p1a: Excadrill|Mold Breaker
|
|upkeep
|turn|12
|
|t:|1599816937
|switch|p2a: Rillaboom|Rillaboom, M|100/100
|-fieldstart|move: Grassy Terrain|[from] ability: Grassy Surge|[of] p2a: Rillaboom
|-enditem|p2a: Rillaboom|Grassy Seed
|-boost|p2a: Rillaboom|def|1|[from] item: Grassy Seed
|move|p1a: Excadrill|Stealth Rock|p2a: Rillaboom
|-sidestart|p2: Arnaud Senju vgc|move: Stealth Rock
|
|upkeep
|turn|13
|
|t:|1599816948
|switch|p1a: Torkoal|Torkoal, F|36/100
|-weather|SunnyDay|[from] ability: Drought|[of] p1a: Torkoal
|move|p2a: Rillaboom|Acrobatics|p1a: Torkoal
|-damage|p1a: Torkoal|11/100
|
|-weather|SunnyDay|[upkeep]
|-heal|p1a: Torkoal|16/100|[from] Grassy Terrain
|upkeep
|turn|14
|
|t:|1599816960
|move|p2a: Rillaboom|Acrobatics|p1a: Torkoal
|-damage|p1a: Torkoal|0 fnt
|faint|p1a: Torkoal
|
|-weather|SunnyDay|[upkeep]
|upkeep
|
|t:|1599816962
|switch|p1a: Charizard|Charizard, F|100/100
|turn|15
|
|t:|1599816969
|switch|p2a: Mew|Mew|100/100 par
|-damage|p2a: Mew|88/100 par|[from] Stealth Rock
|move|p1a: Charizard|Flamethrower|p2a: Mew
|-damage|p2a: Mew|6/100 par
|
|-weather|SunnyDay|[upkeep]
|-damage|p1a: Charizard|88/100|[from] ability: Solar Power|[of] p1a: Charizard
|-heal|p2a: Mew|13/100 par|[from] item: Leftovers
|-heal|p2a: Mew|19/100 par|[from] Grassy Terrain
|upkeep
|turn|16
|j| slobadd
|
|t:|1599816983
|move|p1a: Charizard|Flamethrower|p2a: Mew
|-damage|p2a: Mew|0 fnt
|faint|p2a: Mew
|
|-weather|SunnyDay|[upkeep]
|-damage|p1a: Charizard|76/100|[from] ability: Solar Power|[of] p1a: Charizard
|-fieldend|move: Grassy Terrain
|upkeep
|j| mod game
|
|t:|1599816992
|switch|p2a: Togekiss|Togekiss, F|94/100
|-damage|p2a: Togekiss|69/100|[from] Stealth Rock
|turn|17
|j| KissxSora
|
|t:|1599816997
|move|p1a: Charizard|Flamethrower|p2a: Togekiss
|-damage|p2a: Togekiss|0 fnt
|faint|p2a: Togekiss
|
|-weather|SunnyDay|[upkeep]
|-damage|p1a: Charizard|63/100|[from] ability: Solar Power|[of] p1a: Charizard
|upkeep
|-message|Arnaud Senju vgc forfeited.
|
|win|lt74pf vert
|l|☆Arnaud Senju vgc
|l|‽lt74pf vert
|l| slobadd
|raw|lt74pf vert's rating: 1830 &rarr; <strong>1853</strong><br />(+23 for winning)
|raw|Arnaud Senju vgc's rating: 1891 &rarr; <strong>1867</strong><br />(-24 for losing)
|l| mod game
|j|☆Arnaud Senju vgc
|player|p2|Arnaud Senju vgc|steven
|l| PAlNFUL
|l|☆Arnaud Senju vgc
|player|p2|
