|j|☆Bloody Busybody
|j|‽minimax_ai
|t:|1662636891
|gametype|singles
|player|p1|Bloody Busybody|bugcatcher|1601
|player|p2|minimax_ai|101|1552
|teamsize|p1|6
|teamsize|p2|6
|gen|8
|tier|[Gen 8] OU
|rated|
|rule|Sleep Clause Mod: Limit one foe put to sleep
|rule|Species Clause: Limit one of each Pokémon
|rule|OHKO Clause: OHKO moves are banned
|rule|Evasion Items Clause: Evasion items are banned
|rule|Evasion Moves Clause: Evasion moves are banned
|rule|Endless Battle Clause: Forcing endless battles is banned
|rule|HP Percentage Mod: HP is shown in percentages
|rule|Dynamax Clause: You cannot dynamax
|clearpoke
|poke|p1|Volcanion|
|poke|p1|Corviknight, M|
|poke|p1|Mamoswine, M|
|poke|p1|Blissey, F|
|poke|p1|Rillaboom, F|
|poke|p1|Hydreigon, F|
|poke|p2|Rotom-Wash|
|poke|p2|Weavile, M|
|poke|p2|Landorus-Therian, M|
|poke|p2|Heatran, M|
|poke|p2|Tangrowth, F|
|poke|p2|Melmetal|
|teampreview
|inactive|Battle timer is ON: inactive players will automatically lose when time's up. (requested by Bloody Busybody)
|
|t:|1662636894
|start
|switch|p1a: Volcanion|Volcanion|100/100
|switch|p2a: Melmetal|Melmetal|100/100
|turn|1
|inactive|minimax_ai also wants the timer to be on.
|
|t:|1662636900
|switch|p2a: Rotom|Rotom-Wash|100/100
|move|p1a: Volcanion|Fire Blast|p2a: Rotom
|-resisted|p2a: Rotom
|-damage|p2a: Rotom|49/100
|
|-heal|p2a: Rotom|55/100|[from] item: Leftovers
|upkeep
|turn|2
|
|t:|1662636903
|switch|p1a: Mamoswine|Mamoswine, M|100/100
|move|p2a: Rotom|Pain Split|p1a: Mamoswine
|-sethp|p1a: Mamoswine|74/100|[from] move: Pain Split|[silent]
|-sethp|p2a: Rotom|87/100|[from] move: Pain Split
|
|-heal|p2a: Rotom|94/100|[from] item: Leftovers
|upkeep
|turn|3
|
|t:|1662636909
|switch|p1a: Blissey|Blissey, F|100/100
|move|p2a: Rotom|Hydro Pump|p1a: Blissey
|-damage|p1a: Blissey|84/100
|
|-heal|p2a: Rotom|99/100|[from] item: Leftovers
|upkeep
|turn|4
|
|t:|1662636911
|move|p2a: Rotom|Nasty Plot|p2a: Rotom
|-boost|p2a: Rotom|spa|2
|move|p1a: Blissey|Teleport|p1a: Blissey
|
|t:|1662636913
|switch|p1a: Rillaboom|Rillaboom, F|100/100|[from]move: Teleport
|-fieldstart|move: Grassy Terrain|[from] ability: Grassy Surge|[of] p1a: Rillaboom
|
|-heal|p2a: Rotom|100/100|[from] item: Leftovers
|upkeep
|turn|5
|
|t:|1662636919
|switch|p2a: Tangrowth|Tangrowth, F|100/100
|move|p1a: Rillaboom|Knock Off|p2a: Tangrowth
|-damage|p2a: Tangrowth|73/100
|-damage|p1a: Rillaboom|84/100|[from] item: Rocky Helmet|[of] p2a: Tangrowth
|-enditem|p2a: Tangrowth|Rocky Helmet|[from] move: Knock Off|[of] p1a: Rillaboom
|
|-heal|p1a: Rillaboom|90/100|[from] Grassy Terrain
|-heal|p2a: Tangrowth|79/100|[from] Grassy Terrain
|upkeep
|turn|6
|
|t:|1662636925
|switch|p1a: Blissey|Blissey, F|84/100
|move|p2a: Tangrowth|Giga Drain|p1a: Blissey
|-damage|p1a: Blissey|71/100
|-heal|p2a: Tangrowth|91/100|[from] drain|[of] p1a: Blissey
|
|-heal|p1a: Blissey|78/100|[from] Grassy Terrain
|-heal|p2a: Tangrowth|97/100|[from] Grassy Terrain
|upkeep
|turn|7
|
|t:|1662636927
|move|p2a: Tangrowth|Sleep Powder|p1a: Blissey
|-status|p1a: Blissey|slp|[from] move: Sleep Powder
|cant|p1a: Blissey|slp
|
|-heal|p1a: Blissey|84/100 slp|[from] Grassy Terrain
|-heal|p2a: Tangrowth|100/100|[from] Grassy Terrain
|upkeep
|turn|8
|
|t:|1662636929
|move|p2a: Tangrowth|Giga Drain|p1a: Blissey
|-damage|p1a: Blissey|71/100 slp
|-curestatus|p1a: Blissey|slp|[msg]
|move|p1a: Blissey|Teleport|p1a: Blissey
|
|t:|1662636933
|switch|p1a: Mamoswine|Mamoswine, M|74/100|[from]move: Teleport
|
|-heal|p1a: Mamoswine|80/100|[from] Grassy Terrain
|-fieldend|move: Grassy Terrain
|upkeep
|turn|9
|j| Still a thing
|
|t:|1662636940
|switch|p1a: Rillaboom|Rillaboom, F|90/100
|-fieldstart|move: Grassy Terrain|[from] ability: Grassy Surge|[of] p1a: Rillaboom
|move|p2a: Tangrowth|Giga Drain|p1a: Rillaboom
|-resisted|p1a: Rillaboom
|-damage|p1a: Rillaboom|67/100
|
|-heal|p1a: Rillaboom|73/100|[from] Grassy Terrain
|upkeep
|turn|10
|
|t:|1662636942
|move|p1a: Rillaboom|U-turn|p2a: Tangrowth
|-supereffective|p2a: Tangrowth
|-damage|p2a: Tangrowth|56/100
|l| Still a thing
|
|t:|1662636949
|switch|p1a: Hydreigon|Hydreigon, F|100/100|[from]move: U-turn
|move|p2a: Tangrowth|Giga Drain|p1a: Hydreigon
|-resisted|p1a: Hydreigon
|-damage|p1a: Hydreigon|79/100
|-heal|p2a: Tangrowth|65/100|[from] drain|[of] p1a: Hydreigon
|
|-heal|p2a: Tangrowth|71/100|[from] Grassy Terrain
|upkeep
|turn|11
|
|t:|1662636955
|switch|p2a: Melmetal|Melmetal|100/100
|move|p1a: Hydreigon|Dark Pulse|p2a: Melmetal
|-damage|p2a: Melmetal|72/100
|-damage|p1a: Hydreigon|69/100|[from] item: Life Orb
|
|-heal|p2a: Melmetal|78/100|[from] Grassy Terrain
|upkeep
|turn|12
|
|t:|1662636958
|switch|p1a: Volcanion|Volcanion|100/100
|move|p2a: Melmetal|Double Iron Bash|p1a: Volcanion
|-resisted|p1a: Volcanion
|-damage|p1a: Volcanion|93/100
|-resisted|p1a: Volcanion
|-damage|p1a: Volcanion|85/100
|-hitcount|p1a: Volcanion|2
|
|-heal|p1a: Volcanion|91/100|[from] Grassy Terrain
|-heal|p2a: Melmetal|84/100|[from] Grassy Terrain
|upkeep
|turn|13
|
|t:|1662636962
|switch|p2a: Rotom|Rotom-Wash|100/100
|move|p1a: Volcanion|Steam Eruption|p2a: Rotom
|-resisted|p2a: Rotom
|-damage|p2a: Rotom|48/100
|-status|p2a: Rotom|brn
|
|-heal|p2a: Rotom|54/100 brn|[from] item: Leftovers
|-heal|p1a: Volcanion|97/100|[from] Grassy Terrain
|-damage|p2a: Rotom|48/100 brn|[from] brn
|-fieldend|move: Grassy Terrain
|upkeep
|turn|14
|
|t:|1662636965
|switch|p1a: Mamoswine|Mamoswine, M|80/100
|move|p2a: Rotom|Pain Split|p1a: Mamoswine
|-sethp|p1a: Mamoswine|60/100|[from] move: Pain Split|[silent]
|-sethp|p2a: Rotom|71/100 brn|[from] move: Pain Split
|
|-heal|p2a: Rotom|77/100 brn|[from] item: Leftovers
|-damage|p2a: Rotom|71/100 brn|[from] brn
|upkeep
|turn|15
|
|t:|1662636971
|move|p1a: Mamoswine|Stealth Rock|p2a: Rotom
|-sidestart|p2: minimax_ai|move: Stealth Rock
|move|p2a: Rotom|Hydro Pump|p1a: Mamoswine
|-supereffective|p1a: Mamoswine
|-damage|p1a: Mamoswine|0 fnt
|faint|p1a: Mamoswine
|
|-heal|p2a: Rotom|77/100 brn|[from] item: Leftovers
|-damage|p2a: Rotom|71/100 brn|[from] brn
|upkeep
|
|t:|1662636974
|switch|p1a: Rillaboom|Rillaboom, F|73/100
|-fieldstart|move: Grassy Terrain|[from] ability: Grassy Surge|[of] p1a: Rillaboom
|turn|16
|
|t:|1662636977
|switch|p2a: Tangrowth|Tangrowth, F|100/100
|-damage|p2a: Tangrowth|88/100|[from] Stealth Rock
|move|p1a: Rillaboom|U-turn|p2a: Tangrowth
|-supereffective|p2a: Tangrowth
|-damage|p2a: Tangrowth|50/100
|
|t:|1662636980
|switch|p1a: Volcanion|Volcanion|97/100|[from]move: U-turn
|
|-heal|p1a: Volcanion|100/100|[from] Grassy Terrain
|-heal|p2a: Tangrowth|56/100|[from] Grassy Terrain
|upkeep
|turn|17
|
|t:|1662636982
|switch|p2a: Rotom|Rotom-Wash|71/100 brn
|-damage|p2a: Rotom|58/100 brn|[from] Stealth Rock
|move|p1a: Volcanion|Fire Blast|p2a: Rotom|[miss]
|-miss|p1a: Volcanion|p2a: Rotom
|
|-heal|p2a: Rotom|65/100 brn|[from] item: Leftovers
|-damage|p2a: Rotom|58/100 brn|[from] brn
|upkeep
|turn|18
|
|t:|1662636984
|move|p2a: Rotom|Pain Split|p1a: Volcanion
|-sethp|p1a: Volcanion|80/100|[from] move: Pain Split|[silent]
|-sethp|p2a: Rotom|79/100 brn|[from] move: Pain Split
|move|p1a: Volcanion|Fire Blast|p2a: Rotom
|-resisted|p2a: Rotom
|-damage|p2a: Rotom|28/100 brn
|
|-heal|p2a: Rotom|35/100 brn|[from] item: Leftovers
|-heal|p1a: Volcanion|86/100|[from] Grassy Terrain
|-damage|p2a: Rotom|28/100 brn|[from] brn
|upkeep
|turn|19
|
|t:|1662636989
|switch|p1a: Rillaboom|Rillaboom, F|73/100
|move|p2a: Rotom|Pain Split|p1a: Rillaboom
|-sethp|p1a: Rillaboom|49/100|[from] move: Pain Split|[silent]
|-sethp|p2a: Rotom|55/100 brn|[from] move: Pain Split
|
|-heal|p2a: Rotom|61/100 brn|[from] item: Leftovers
|-heal|p1a: Rillaboom|55/100|[from] Grassy Terrain
|-damage|p2a: Rotom|55/100 brn|[from] brn
|upkeep
|turn|20
|
|t:|1662636992
|switch|p2a: Heatran|Heatran, M|100/100
|-damage|p2a: Heatran|88/100|[from] Stealth Rock
|-item|p2a: Heatran|Air Balloon
|move|p1a: Rillaboom|Knock Off|p2a: Heatran
|-damage|p2a: Heatran|37/100
|-enditem|p2a: Heatran|Air Balloon
|
|-heal|p2a: Heatran|43/100|[from] Grassy Terrain
|-heal|p1a: Rillaboom|61/100|[from] Grassy Terrain
|-fieldend|move: Grassy Terrain
|upkeep
|turn|21
|
|t:|1662636998
|switch|p1a: Hydreigon|Hydreigon, F|69/100
|move|p2a: Heatran|Magma Storm|p1a: Hydreigon
|-resisted|p1a: Hydreigon
|-damage|p1a: Hydreigon|40/100
|-activate|p1a: Hydreigon|move: Magma Storm|[of] p2a: Heatran
|
|-damage|p1a: Hydreigon|28/100|[from] move: Magma Storm|[partiallytrapped]
|upkeep
|turn|22
|
|t:|1662637000
|move|p1a: Hydreigon|Roost|p1a: Hydreigon
|-heal|p1a: Hydreigon|78/100
|-singleturn|p1a: Hydreigon|move: Roost
|move|p2a: Heatran|Magma Storm|p1a: Hydreigon|[miss]
|-miss|p2a: Heatran|p1a: Hydreigon
|
|-damage|p1a: Hydreigon|66/100|[from] move: Magma Storm|[partiallytrapped]
|upkeep
|turn|23
|
|t:|1662637005
|move|p1a: Hydreigon|Dark Pulse|p2a: Heatran
|-damage|p2a: Heatran|0 fnt
|faint|p2a: Heatran
|-damage|p1a: Hydreigon|56/100|[from] item: Life Orb
|
|-end|p1a: Hydreigon|Magma Storm|[partiallytrapped]|[silent]
|upkeep
|
|t:|1662637005
|switch|p2a: Melmetal|Melmetal|84/100
|-damage|p2a: Melmetal|78/100|[from] Stealth Rock
|turn|24
|
|t:|1662637008
|switch|p1a: Corviknight|Corviknight, M|100/100
|-ability|p1a: Corviknight|Pressure
|move|p2a: Melmetal|Thunder Punch|p1a: Corviknight
|-supereffective|p1a: Corviknight
|-damage|p1a: Corviknight|58/100
|-damage|p2a: Melmetal|61/100|[from] item: Rocky Helmet|[of] p1a: Corviknight
|
|upkeep
|turn|25
|
|t:|1662637011
|move|p1a: Corviknight|Roost|p1a: Corviknight
|-heal|p1a: Corviknight|100/100
|-singleturn|p1a: Corviknight|move: Roost
|move|p2a: Melmetal|Earthquake|p1a: Corviknight
|-supereffective|p1a: Corviknight
|-damage|p1a: Corviknight|53/100
|
|upkeep
|turn|26
|
|t:|1662637013
|move|p1a: Corviknight|Roost|p1a: Corviknight
|-heal|p1a: Corviknight|100/100
|-singleturn|p1a: Corviknight|move: Roost
|move|p2a: Melmetal|Earthquake|p1a: Corviknight
|-supereffective|p1a: Corviknight
|-damage|p1a: Corviknight|54/100
|
|upkeep
|turn|27
|
|t:|1662637016
|move|p1a: Corviknight|Roost|p1a: Corviknight
|-heal|p1a: Corviknight|100/100
|-singleturn|p1a: Corviknight|move: Roost
|move|p2a: Melmetal|Earthquake|p1a: Corviknight
|-supereffective|p1a: Corviknight
|-damage|p1a: Corviknight|56/100
|
|upkeep
|turn|28
|
|t:|1662637020
|move|p1a: Corviknight|Roost|p1a: Corviknight
|-heal|p1a: Corviknight|100/100
|-singleturn|p1a: Corviknight|move: Roost
|move|p2a: Melmetal|Earthquake|p1a: Corviknight
|-supereffective|p1a: Corviknight
|-damage|p1a: Corviknight|56/100
|
|upkeep
|turn|29
|
|t:|1662637023
|move|p1a: Corviknight|Roost|p1a: Corviknight
|-heal|p1a: Corviknight|100/100
|-singleturn|p1a: Corviknight|move: Roost
|move|p2a: Melmetal|Earthquake|p1a: Corviknight
|-supereffective|p1a: Corviknight
|-damage|p1a: Corviknight|59/100
|
|upkeep
|turn|30
|
|t:|1662637025
|move|p1a: Corviknight|Body Press|p2a: Melmetal
|-supereffective|p2a: Melmetal
|-damage|p2a: Melmetal|32/100
|move|p2a: Melmetal|Earthquake|p1a: Corviknight
|-immune|p1a: Corviknight
|
|upkeep
|turn|31
|
|t:|1662637028
|move|p1a: Corviknight|Roost|p1a: Corviknight
|-heal|p1a: Corviknight|100/100
|-singleturn|p1a: Corviknight|move: Roost
|move|p2a: Melmetal|Thunder Punch|p1a: Corviknight
|-damage|p1a: Corviknight|80/100
|-damage|p2a: Melmetal|15/100|[from] item: Rocky Helmet|[of] p1a: Corviknight
|
|upkeep
|turn|32
|
|t:|1662637030
|switch|p2a: Rotom|Rotom-Wash|55/100 brn
|-damage|p2a: Rotom|43/100 brn|[from] Stealth Rock
|move|p1a: Corviknight|Body Press|p2a: Rotom
|-damage|p2a: Rotom|17/100 brn
|
|-heal|p2a: Rotom|23/100 brn|[from] item: Leftovers
|-damage|p2a: Rotom|17/100 brn|[from] brn
|upkeep
|turn|33
|
|t:|1662637035
|switch|p1a: Rillaboom|Rillaboom, F|61/100
|-fieldstart|move: Grassy Terrain|[from] ability: Grassy Surge|[of] p1a: Rillaboom
|move|p2a: Rotom|Pain Split|p1a: Rillaboom
|-sethp|p1a: Rillaboom|38/100|[from] move: Pain Split|[silent]
|-sethp|p2a: Rotom|43/100 brn|[from] move: Pain Split
|
|-heal|p2a: Rotom|49/100 brn|[from] item: Leftovers
|-heal|p1a: Rillaboom|44/100|[from] Grassy Terrain
|-damage|p2a: Rotom|43/100 brn|[from] brn
|upkeep
|turn|34
|
|t:|1662637039
|switch|p2a: Tangrowth|Tangrowth, F|89/100
|-damage|p2a: Tangrowth|77/100|[from] Stealth Rock
|move|p1a: Rillaboom|Knock Off|p2a: Tangrowth
|-damage|p2a: Tangrowth|58/100
|
|-heal|p1a: Rillaboom|50/100|[from] Grassy Terrain
|-heal|p2a: Tangrowth|64/100|[from] Grassy Terrain
|upkeep
|turn|35
|
|t:|1662637044
|switch|p1a: Volcanion|Volcanion|86/100
|move|p2a: Tangrowth|Sleep Powder|p1a: Volcanion
|-status|p1a: Volcanion|slp|[from] move: Sleep Powder
|
|-heal|p1a: Volcanion|92/100 slp|[from] Grassy Terrain
|-heal|p2a: Tangrowth|70/100|[from] Grassy Terrain
|upkeep
|turn|36
|
|t:|1662637046
|cant|p1a: Volcanion|slp
|move|p2a: Tangrowth|Giga Drain|p1a: Volcanion
|-damage|p1a: Volcanion|43/100 slp
|-heal|p2a: Tangrowth|88/100|[from] drain|[of] p1a: Volcanion
|
|-heal|p1a: Volcanion|49/100 slp|[from] Grassy Terrain
|-heal|p2a: Tangrowth|95/100|[from] Grassy Terrain
|upkeep
|turn|37
|
|t:|1662637047
|cant|p1a: Volcanion|slp
|move|p2a: Tangrowth|Giga Drain|p1a: Volcanion
|-damage|p1a: Volcanion|0 fnt
|-heal|p2a: Tangrowth|100/100|[from] drain|[of] p1a: Volcanion
|faint|p1a: Volcanion
|
|-fieldend|move: Grassy Terrain
|upkeep
|
|t:|1662637055
|switch|p1a: Hydreigon|Hydreigon, F|56/100
|turn|38
|
|t:|1662637060
|switch|p2a: Melmetal|Melmetal|15/100
|-damage|p2a: Melmetal|9/100|[from] Stealth Rock
|move|p1a: Hydreigon|Dark Pulse|p2a: Melmetal
|-damage|p2a: Melmetal|0 fnt
|faint|p2a: Melmetal
|-damage|p1a: Hydreigon|46/100|[from] item: Life Orb
|
|upkeep
|
|t:|1662637060
|switch|p2a: Weavile|Weavile, M|100/100
|-damage|p2a: Weavile|76/100|[from] Stealth Rock
|-ability|p2a: Weavile|Pressure
|turn|39
|
|t:|1662637063
|move|p2a: Weavile|Triple Axel|p1a: Hydreigon
|-supereffective|p1a: Hydreigon
|-damage|p1a: Hydreigon|14/100
|-supereffective|p1a: Hydreigon
|-damage|p1a: Hydreigon|0 fnt
|faint|p1a: Hydreigon
|-hitcount|p1: Hydreigon|2
|
|upkeep
|-message|Bloody Busybody forfeited.
|
|win|minimax_ai
|raw|Bloody Busybody's rating: 1601 &rarr; <strong>1578</strong><br />(-23 for losing)
|raw|minimax_ai's rating: 1552 &rarr; <strong>1575</strong><br />(+23 for winning)
|l|☆Bloody Busybody
