|html|<div class="broadcast-blue"><strong>[Gen 8] OU is currently suspecting Melmetal! For information on how to participate check out the <a href="https://www.smogon.com/forums/threads/np-ss-ou-suspect-process-round-12-monster-mash.3709234/">suspect thread</a>.</strong></div>
|j|☆minimax_ai
|j|☆Maitredouard2
|t:|1665743381
|gametype|singles
|player|p1|minimax_ai|101|1570
|player|p2|Maitredouard2|lance|1701
|teamsize|p1|6
|teamsize|p2|6
|gen|8
|tier|[Gen 8] OU
|rated|
|rule|Sleep Clause Mod: Limit one foe put to sleep
|rule|Species Clause: Limit one of each Pokémon
|rule|OHKO Clause: OHKO moves are banned
|rule|Evasion Items Clause: Evasion items are banned
|rule|Evasion Moves Clause: Evasion moves are banned
|rule|Endless Battle Clause: Forcing endless battles is banned
|rule|HP Percentage Mod: HP is shown in percentages
|rule|Dynamax Clause: You cannot dynamax
|clearpoke
|poke|p1|Rotom-Wash|
|poke|p1|Weavile, M|
|poke|p1|Landorus-Therian, M|
|poke|p1|Heatran, M|
|poke|p1|Tangrowth, F|
|poke|p1|Melmetal|
|poke|p2|Mandibuzz, F|
|poke|p2|Landorus-Therian, M|
|poke|p2|Blissey, F|
|poke|p2|Heatran, F|
|poke|p2|Toxapex, M|
|poke|p2|Tapu Lele|
|teampreview
|c|☆minimax_ai|hf
|inactive|Battle timer is ON: inactive players will automatically lose when time's up. (requested by minimax_ai)
|
|t:|1665743384
|start
|switch|p1a: landorustherian|Landorus-Therian, M|100/100
|switch|p2a: Tapu Lele|Tapu Lele|100/100
|-fieldstart|move: Psychic Terrain|[from] ability: Psychic Surge|[of] p2a: Tapu Lele
|-ability|p1a: landorustherian|Intimidate|boost
|-unboost|p2a: Tapu Lele|atk|1
|turn|1
|
|t:|1665743399
|move|p2a: Tapu Lele|Psyshock|p1a: landorustherian
|-damage|p1a: landorustherian|24/100
|move|p1a: landorustherian|Earthquake|p2a: Tapu Lele
|-damage|p2a: Tapu Lele|24/100
|
|-heal|p1a: landorustherian|30/100|[from] item: Leftovers
|upkeep
|turn|2
|
|t:|1665743409
|switch|p1a: Heatran|Heatran, M|100/100
|-item|p1a: Heatran|Air Balloon
|move|p2a: Tapu Lele|Psyshock|p1a: Heatran
|-resisted|p1a: Heatran
|-damage|p1a: Heatran|62/100
|-enditem|p1a: Heatran|Air Balloon
|
|upkeep
|turn|3
|
|t:|1665743418
|switch|p2a: Heatran|Heatran, F|100/100
|-item|p2a: Heatran|Air Balloon
|move|p1a: Heatran|Stealth Rock|p2a: Heatran
|-sidestart|p2: Maitredouard2|move: Stealth Rock
|
|upkeep
|turn|4
|
|t:|1665743424
|switch|p1a: rotomwash|Rotom-Wash|100/100
|move|p2a: Heatran|Stealth Rock|p1a: rotomwash
|-sidestart|p1: minimax_ai|move: Stealth Rock
|
|upkeep
|turn|5
|
|t:|1665743431
|switch|p2a: Landorus|Landorus-Therian, M|100/100
|-damage|p2a: Landorus|88/100|[from] Stealth Rock
|-ability|p2a: Landorus|Intimidate|boost
|-unboost|p1a: rotomwash|atk|1
|move|p1a: rotomwash|Nasty Plot|p1a: rotomwash
|-boost|p1a: rotomwash|spa|2
|
|-fieldend|move: Psychic Terrain
|upkeep
|turn|6
|
|t:|1665743440
|move|p2a: Landorus|Explosion|p1a: rotomwash
|-damage|p1a: rotomwash|8/100
|faint|p2a: Landorus
|move|p1a: rotomwash|Hydro Pump|p2: Landorus|[notarget]
|-fail|p1a: rotomwash
|
|-heal|p1a: rotomwash|14/100|[from] item: Leftovers
|upkeep
|
|t:|1665743449
|switch|p2a: Tapu Lele|Tapu Lele|24/100
|-damage|p2a: Tapu Lele|11/100|[from] Stealth Rock
|-fieldstart|move: Psychic Terrain|[from] ability: Psychic Surge|[of] p2a: Tapu Lele
|turn|7
|
|t:|1665743454
|switch|p1a: Melmetal|Melmetal|100/100
|-damage|p1a: Melmetal|94/100|[from] Stealth Rock
|move|p2a: Tapu Lele|Focus Blast|p1a: Melmetal|[miss]
|-miss|p2a: Tapu Lele|p1a: Melmetal
|
|upkeep
|turn|8
|
|t:|1665743462
|move|p2a: Tapu Lele|Focus Blast|p1a: Melmetal
|-supereffective|p1a: Melmetal
|-damage|p1a: Melmetal|25/100
|move|p1a: Melmetal|Thunder Punch|p2a: Tapu Lele
|-damage|p2a: Tapu Lele|0 fnt
|faint|p2a: Tapu Lele
|
|upkeep
|
|t:|1665743470
|switch|p2a: Heatran|Heatran, F|100/100
|-damage|p2a: Heatran|88/100|[from] Stealth Rock
|-item|p2a: Heatran|Air Balloon
|turn|9
|
|t:|1665743475
|switch|p1a: rotomwash|Rotom-Wash|14/100
|-damage|p1a: rotomwash|2/100|[from] Stealth Rock
|move|p2a: Heatran|Magma Storm|p1a: rotomwash
|-resisted|p1a: rotomwash
|-damage|p1a: rotomwash|0 fnt
|faint|p1a: rotomwash
|
|upkeep
|
|t:|1665743475
|switch|p1a: Weavile|Weavile, M|100/100
|-damage|p1a: Weavile|76/100|[from] Stealth Rock
|-ability|p1a: Weavile|Pressure
|turn|10
|
|t:|1665743488
|switch|p2a: Toxapex|Toxapex, M|100/100
|-damage|p2a: Toxapex|88/100|[from] Stealth Rock
|move|p1a: Weavile|Low Kick|p2a: Toxapex
|-resisted|p2a: Toxapex
|-damage|p2a: Toxapex|82/100
|-damage|p1a: Weavile|59/100|[from] item: Rocky Helmet|[of] p2a: Toxapex
|
|upkeep
|turn|11
|
|t:|1665743497
|switch|p1a: Tangrowth|Tangrowth, F|100/100
|-damage|p1a: Tangrowth|88/100|[from] Stealth Rock
|move|p2a: Toxapex|Scald|p1a: Tangrowth
|-resisted|p1a: Tangrowth
|-damage|p1a: Tangrowth|75/100
|
|-fieldend|move: Psychic Terrain
|upkeep
|turn|12
|
|t:|1665743506
|move|p1a: Tangrowth|Sleep Powder|p2a: Toxapex|[miss]
|-miss|p1a: Tangrowth|p2a: Toxapex
|move|p2a: Toxapex|Toxic|p1a: Tangrowth
|-status|p1a: Tangrowth|tox
|
|-damage|p1a: Tangrowth|69/100 tox|[from] psn
|upkeep
|turn|13
|
|t:|1665743516
|move|p1a: Tangrowth|Sleep Powder|p2a: Toxapex|[miss]
|-miss|p1a: Tangrowth|p2a: Toxapex
|move|p2a: Toxapex|Scald|p1a: Tangrowth
|-resisted|p1a: Tangrowth
|-damage|p1a: Tangrowth|58/100 tox
|
|-damage|p1a: Tangrowth|45/100 tox|[from] psn
|upkeep
|turn|14
|
|t:|1665743526
|switch|p2a: Mandibuzz|Mandibuzz, F|100/100
|move|p1a: Tangrowth|Sleep Powder|p2a: Mandibuzz
|-immune|p2a: Mandibuzz|[from] ability: Overcoat
|
|-damage|p1a: Tangrowth|27/100 tox|[from] psn
|upkeep
|turn|15
|
|t:|1665743535
|switch|p1a: Heatran|Heatran, M|62/100
|-damage|p1a: Heatran|50/100|[from] Stealth Rock
|move|p2a: Mandibuzz|Taunt|p1a: Heatran
|-start|p1a: Heatran|move: Taunt
|
|upkeep
|turn|16
|
|t:|1665743544
|switch|p1a: Tangrowth|Tangrowth, F|60/100 tox
|-damage|p1a: Tangrowth|48/100 tox|[from] Stealth Rock
|switch|p2a: Heatran|Heatran, F|88/100
|-damage|p2a: Heatran|76/100|[from] Stealth Rock
|-item|p2a: Heatran|Air Balloon
|
|-damage|p1a: Tangrowth|41/100 tox|[from] psn
|upkeep
|turn|17
|
|t:|1665743555
|switch|p1a: landorustherian|Landorus-Therian, M|30/100
|-damage|p1a: landorustherian|18/100|[from] Stealth Rock
|-ability|p1a: landorustherian|Intimidate|boost
|-unboost|p2a: Heatran|atk|1
|move|p2a: Heatran|Magma Storm|p1a: landorustherian
|-damage|p1a: landorustherian|0 fnt
|faint|p1a: landorustherian
|
|upkeep
|
|t:|1665743555
|switch|p1a: Weavile|Weavile, M|59/100
|-damage|p1a: Weavile|34/100|[from] Stealth Rock
|-ability|p1a: Weavile|Pressure
|turn|18
|
|t:|1665743569
|switch|p2a: Toxapex|Toxapex, M|100/100
|-damage|p2a: Toxapex|88/100|[from] Stealth Rock
|move|p1a: Weavile|Knock Off|p2a: Toxapex
|-damage|p2a: Toxapex|45/100
|-damage|p1a: Weavile|18/100|[from] item: Rocky Helmet|[of] p2a: Toxapex
|-enditem|p2a: Toxapex|Rocky Helmet|[from] move: Knock Off|[of] p1a: Weavile
|
|upkeep
|turn|19
|
|t:|1665743578
|move|p1a: Weavile|Knock Off|p2a: Toxapex
|-damage|p2a: Toxapex|18/100
|move|p2a: Toxapex|Scald|p1a: Weavile
|-damage|p1a: Weavile|0 fnt
|faint|p1a: Weavile
|
|upkeep
|
|t:|1665743578
|switch|p1a: Melmetal|Melmetal|25/100
|-damage|p1a: Melmetal|19/100|[from] Stealth Rock
|turn|20
|
|t:|1665743589
|move|p1a: Melmetal|Thunder Punch|p2a: Toxapex
|-supereffective|p2a: Toxapex
|-damage|p2a: Toxapex|0 fnt
|faint|p2a: Toxapex
|
|upkeep
|
|t:|1665743594
|switch|p2a: Heatran|Heatran, F|76/100
|-damage|p2a: Heatran|63/100|[from] Stealth Rock
|-item|p2a: Heatran|Air Balloon
|turn|21
|
|t:|1665743599
|move|p2a: Heatran|Earth Power|p1a: Melmetal
|-supereffective|p1a: Melmetal
|-damage|p1a: Melmetal|0 fnt
|faint|p1a: Melmetal
|
|upkeep
|
|t:|1665743599
|switch|p1a: Tangrowth|Tangrowth, F|75/100 tox
|-damage|p1a: Tangrowth|62/100 tox|[from] Stealth Rock
|turn|22
|
|t:|1665743607
|move|p2a: Heatran|Magma Storm|p1a: Tangrowth|[miss]
|-miss|p2a: Heatran|p1a: Tangrowth
|move|p1a: Tangrowth|Sleep Powder|p2a: Heatran
|-status|p2a: Heatran|slp|[from] move: Sleep Powder
|
|-damage|p1a: Tangrowth|56/100 tox|[from] psn
|upkeep
|turn|23
|
|t:|1665743616
|cant|p2a: Heatran|slp
|move|p1a: Tangrowth|Focus Blast|p2a: Heatran
|-supereffective|p2a: Heatran
|-damage|p2a: Heatran|16/100 slp
|-enditem|p2a: Heatran|Air Balloon
|
|-damage|p1a: Tangrowth|44/100 tox|[from] psn
|upkeep
|turn|24
|
|t:|1665743625
|switch|p1a: Heatran|Heatran, M|50/100
|-damage|p1a: Heatran|37/100|[from] Stealth Rock
|cant|p2a: Heatran|slp
|
|upkeep
|turn|25
|
|t:|1665743631
|move|p1a: Heatran|Earth Power|p2a: Heatran
|-supereffective|p2a: Heatran
|-damage|p2a: Heatran|0 fnt
|faint|p2a: Heatran
|
|upkeep
|
|t:|1665743637
|switch|p2a: Blissey|Blissey, F|100/100
|turn|26
|
|t:|1665743639
|switch|p1a: Tangrowth|Tangrowth, F|77/100 tox
|-damage|p1a: Tangrowth|64/100 tox|[from] Stealth Rock
|move|p2a: Blissey|Seismic Toss|p1a: Tangrowth
|-damage|p1a: Tangrowth|40/100 tox
|-damage|p2a: Blissey|84/100|[from] item: Rocky Helmet|[of] p1a: Tangrowth
|
|-damage|p1a: Tangrowth|33/100 tox|[from] psn
|upkeep
|turn|27
|
|t:|1665743650
|switch|p2a: Mandibuzz|Mandibuzz, F|100/100
|move|p1a: Tangrowth|Knock Off|p2a: Mandibuzz
|-resisted|p2a: Mandibuzz
|-damage|p2a: Mandibuzz|93/100
|-enditem|p2a: Mandibuzz|Heavy-Duty Boots|[from] move: Knock Off|[of] p1a: Tangrowth
|
|-damage|p1a: Tangrowth|21/100 tox|[from] psn
|upkeep
|turn|28
|
|t:|1665743659
|move|p2a: Mandibuzz|Foul Play|p1a: Tangrowth
|-damage|p1a: Tangrowth|5/100 tox
|-damage|p2a: Mandibuzz|76/100|[from] item: Rocky Helmet|[of] p1a: Tangrowth
|move|p1a: Tangrowth|Focus Blast|p2a: Mandibuzz|[miss]
|-miss|p1a: Tangrowth|p2a: Mandibuzz
|
|-damage|p1a: Tangrowth|0 fnt|[from] psn
|faint|p1a: Tangrowth
|upkeep
|
|t:|1665743659
|switch|p1a: Heatran|Heatran, M|37/100
|-damage|p1a: Heatran|25/100|[from] Stealth Rock
|turn|29
|
|t:|1665743673
|move|p1a: Heatran|Magma Storm|p2a: Mandibuzz
|-damage|p2a: Mandibuzz|39/100
|-activate|p2a: Mandibuzz|move: Magma Storm|[of] p1a: Heatran
|move|p2a: Mandibuzz|Foul Play|p1a: Heatran
|-damage|p1a: Heatran|0 fnt
|faint|p1a: Heatran
|
|win|Maitredouard2
|raw|minimax_ai's rating: 1570 &rarr; <strong>1557</strong><br />(-13 for losing)
|raw|Maitredouard2's rating: 1701 &rarr; <strong>1714</strong><br />(+13 for winning)
|c|☆minimax_ai|gg
|l|☆minimax_ai
||Ladder isn't responding, score probably updated but might not have (Request timeout).
