|j|☆roamingpenguin
|j|☆Stunfisk2140
|t:|1645506534
|gametype|singles
|player|p1|roamingpenguin|teamrocket|1496
|player|p2|Stunfisk2140|170|1481
|teamsize|p1|6
|teamsize|p2|6
|gen|8
|tier|[Gen 8] OU
|rated|
|rule|Sleep Clause Mod: Limit one foe put to sleep
|rule|Species Clause: Limit one of each Pokémon
|rule|OHKO Clause: OHKO moves are banned
|rule|Evasion Moves Clause: Evasion moves are banned
|rule|Endless Battle Clause: Forcing endless battles is banned
|rule|HP Percentage Mod: HP is shown in percentages
|rule|Dynamax Clause: You cannot dynamax
|clearpoke
|poke|p1|Barraskewda, M|
|poke|p1|Pelipper, M|
|poke|p1|Zapdos|
|poke|p1|Ferrothorn, F|
|poke|p1|Seismitoad, M|
|poke|p1|Tentacruel, M|
|poke|p2|Volcanion|
|poke|p2|Tapu Fini|
|poke|p2|Melmetal|
|poke|p2|Mamoswine, M|
|poke|p2|Moltres-Galar|
|poke|p2|Buzzwole|
|teampreview
|inactive|Battle timer is ON: inactive players will automatically lose when time's up. (requested by roamingpenguin)
|
|t:|1645506562
|start
|switch|p1a: Ferrothorn|Ferrothorn, F|100/100
|switch|p2a: Magatama|Volcanion|100/100
|turn|1
|
|t:|1645506567
|move|p1a: Ferrothorn|Protect|p1a: Ferrothorn
|-singleturn|p1a: Ferrothorn|Protect
|move|p2a: Magatama|Substitute|p2a: Magatama
|-start|p2a: Magatama|Substitute
|-damage|p2a: Magatama|76/100
|
|upkeep
|turn|2
|
|t:|1645506576
|switch|p1a: Pelipper|Pelipper, M|100/100
|-weather|RainDance|[from] ability: Drizzle|[of] p1a: Pelipper
|move|p2a: Magatama|Fire Spin|p1a: Pelipper
|-resisted|p1a: Pelipper
|-damage|p1a: Pelipper|94/100
|-activate|p1a: Pelipper|move: Fire Spin|[of] p2a: Magatama
|
|-weather|RainDance|[upkeep]
|-damage|p1a: Pelipper|82/100|[from] move: Fire Spin|[partiallytrapped]
|upkeep
|turn|3
|
|t:|1645506586
|move|p2a: Magatama|Steam Eruption|p1a: Pelipper
|-resisted|p1a: Pelipper
|-damage|p1a: Pelipper|18/100
|move|p1a: Pelipper|U-turn|p2a: Magatama
|-resisted|p2a: Magatama
|-activate|p2a: Magatama|move: Substitute|[damage]
|
|t:|1645506601
|switch|p1a: Seismitoad|Seismitoad, M|100/100|[from]move: U-turn
|
|-weather|RainDance|[upkeep]
|upkeep
|turn|4
|
|t:|1645506616
|move|p1a: Seismitoad|Earth Power|p2a: Magatama
|-supereffective|p2a: Magatama
|-end|p2a: Magatama|Substitute
|move|p2a: Magatama|Steam Eruption|p1a: Seismitoad
|-damage|p1a: Seismitoad|4/100
|
|-weather|RainDance|[upkeep]
|upkeep
|turn|5
|j| DeepsterUnion57
|
|t:|1645506624
|switch|p2a: Darkness|Moltres-Galar|100/100
|move|p1a: Seismitoad|Earth Power|p2a: Darkness
|-immune|p2a: Darkness
|
|-weather|RainDance|[upkeep]
|upkeep
|turn|6
|
|t:|1645506630
|switch|p1a: Zapdos|Zapdos|100/100
|switch|p2a: Raven|Tapu Fini, shiny|100/100
|-fieldstart|move: Misty Terrain|[from] ability: Misty Surge|[of] p2a: Raven
|
|-weather|RainDance|[upkeep]
|upkeep
|turn|7
|
|t:|1645506638
|move|p2a: Raven|Surf|p1a: Zapdos
|-crit|p1a: Zapdos
|-damage|p1a: Zapdos|15/100
|move|p1a: Zapdos|Weather Ball|p2a: Raven
|-resisted|p2a: Raven
|-damage|p2a: Raven|81/100
|
|-weather|RainDance|[upkeep]
|upkeep
|turn|8
|-message|roamingpenguin forfeited.
|
|win|Stunfisk2140
|raw|roamingpenguin's rating: 1496 &rarr; <strong>1475</strong><br />(-21 for losing)
|raw|Stunfisk2140's rating: 1481 &rarr; <strong>1502</strong><br />(+21 for winning)
|l|☆roamingpenguin
