|j|☆2(H2O)
|j|☆fanqie7101
|t:|1653382341
|gametype|singles
|player|p1|2(H2O)|ninjaboy|1655
|player|p2|fanqie7101|2|1597
|teamsize|p1|6
|teamsize|p2|6
|gen|8
|tier|[Gen 8] OU
|rated|
|rule|Sleep Clause Mod: Limit one foe put to sleep
|rule|Species Clause: Limit one of each Pokémon
|rule|OHKO Clause: OHKO moves are banned
|rule|Evasion Moves Clause: Evasion moves are banned
|rule|Endless Battle Clause: Forcing endless battles is banned
|rule|HP Percentage Mod: HP is shown in percentages
|rule|Dynamax Clause: You cannot dynamax
|clearpoke
|poke|p1|Hatterene, F|
|poke|p1|Marowak-Alola, M|
|poke|p1|Crawdaunt, M|
|poke|p1|Melmetal|
|poke|p1|Cresselia, F|
|poke|p1|Porygon2|
|poke|p2|Jirachi|
|poke|p2|Dragapult, M|
|poke|p2|Rotom-Wash|
|poke|p2|Garchomp, M|
|poke|p2|Tornadus-Therian, M|
|poke|p2|Salamence, M|
|teampreview
|inactive|Battle timer is ON: inactive players will automatically lose when time's up. (requested by fanqie7101)
|
|t:|1653382362
|start
|switch|p1a: Marowak|Marowak-Alola, M|100/100
|switch|p2a: Jirachi|Jirachi|100/100
|turn|1
|
|t:|1653382368
|switch|p2a: Rotom|Rotom-Wash|100/100
|move|p1a: Marowak|Poltergeist|p2a: Rotom
|-activate|p2a: Rotom|move: Poltergeist|Leftovers
|-damage|p2a: Rotom|28/100
|
|-heal|p2a: Rotom|34/100|[from] item: Leftovers
|upkeep
|turn|2
|
|t:|1653382380
|switch|p1a: Hatterene|Hatterene, F|100/100
|move|p2a: Rotom|Pain Split|p1a: Hatterene
|-sethp|p1a: Hatterene|67/100|[from] move: Pain Split|[silent]
|-sethp|p2a: Rotom|70/100|[from] move: Pain Split
|
|-heal|p2a: Rotom|76/100|[from] item: Leftovers
|upkeep
|turn|3
|
|t:|1653382388
|move|p2a: Rotom|Volt Switch|p1a: Hatterene
|-damage|p1a: Hatterene|41/100
|
|t:|1653382392
|switch|p2a: Jirachi|Jirachi|100/100|[from]move: Volt Switch
|move|p1a: Hatterene|Trick Room|p1a: Hatterene
|-fieldstart|move: Trick Room|[of] p1a: Hatterene
|
|upkeep
|turn|4
|
|t:|1653382398
|move|p1a: Hatterene|Mystical Fire|p2a: Jirachi
|-supereffective|p2a: Jirachi
|-damage|p2a: Jirachi|63/100
|-unboost|p2a: Jirachi|spa|1
|move|p2a: Jirachi|Doom Desire|p1a: Hatterene
|-start|p2a: Jirachi|Doom Desire
|
|-heal|p2a: Jirachi|69/100|[from] item: Leftovers
|upkeep
|turn|5
|
|t:|1653382406
|move|p1a: Hatterene|Mystical Fire|p2a: Jirachi
|-supereffective|p2a: Jirachi
|-damage|p2a: Jirachi|34/100
|-unboost|p2a: Jirachi|spa|1
|move|p2a: Jirachi|Wish|p2a: Jirachi
|
|-heal|p2a: Jirachi|41/100|[from] item: Leftovers
|upkeep
|turn|6
|
|t:|1653382414
|move|p2a: Jirachi|Protect|p2a: Jirachi
|-singleturn|p2a: Jirachi|Protect
|move|p1a: Hatterene|Mystical Fire|p2a: Jirachi
|-activate|p2a: Jirachi|move: Protect
|
|-end|p1a: Hatterene|move: Doom Desire
|-supereffective|p1a: Hatterene
|-damage|p1a: Hatterene|0 fnt
|faint|p1a: Hatterene
|-heal|p2a: Jirachi|91/100|[from] move: Wish|[wisher] Jirachi
|-heal|p2a: Jirachi|97/100|[from] item: Leftovers
|upkeep
|
|t:|1653382428
|switch|p1a: Crawdaunt|Crawdaunt, M|100/100
|turn|7
|
|t:|1653382432
|switch|p2a: Rotom|Rotom-Wash|76/100
|move|p1a: Crawdaunt|Knock Off|p2a: Rotom
|-damage|p2a: Rotom|9/100
|-enditem|p2a: Rotom|Leftovers|[from] move: Knock Off|[of] p1a: Crawdaunt
|-damage|p1a: Crawdaunt|90/100|[from] item: Life Orb
|
|-fieldend|move: Trick Room
|upkeep
|turn|8
|
|t:|1653382443
|switch|p2a: Salamence|Salamence, M|100/100
|switch|p1a: Porygon2|Porygon2|100/100
|-ability|p1a: Porygon2|Download|boost
|-boost|p1a: Porygon2|spa|1
|
|upkeep
|turn|9
|
|t:|1653382450
|move|p2a: Salamence|Dragon Dance|p2a: Salamence
|-boost|p2a: Salamence|atk|1
|-boost|p2a: Salamence|spe|1
|move|p1a: Porygon2|Trick Room|p1a: Porygon2
|-fieldstart|move: Trick Room|[of] p1a: Porygon2
|
|upkeep
|turn|10
|
|t:|1653382456
|move|p1a: Porygon2|Ice Beam|p2a: Salamence
|-supereffective|p2a: Salamence
|-damage|p2a: Salamence|0 fnt
|faint|p2a: Salamence
|
|upkeep
|
|t:|1653382462
|switch|p2a: Jirachi|Jirachi|97/100
|turn|11
|
|t:|1653382467
|switch|p1a: Marowak|Marowak-Alola, M|100/100
|move|p2a: Jirachi|Doom Desire|p1a: Marowak
|-start|p2a: Jirachi|Doom Desire
|
|-heal|p2a: Jirachi|100/100|[from] item: Leftovers
|upkeep
|turn|12
|
|t:|1653382473
|move|p2a: Jirachi|Protect|p2a: Jirachi
|-singleturn|p2a: Jirachi|Protect
|move|p1a: Marowak|Swords Dance|p1a: Marowak
|-boost|p1a: Marowak|atk|2
|
|upkeep
|turn|13
|
|t:|1653382480
|switch|p2a: Tornadus|Tornadus-Therian, M|100/100
|move|p1a: Marowak|Flare Blitz|p2a: Tornadus
|-damage|p2a: Tornadus|0 fnt
|faint|p2a: Tornadus
|
|-end|p1a: Marowak|move: Doom Desire
|-resisted|p1a: Marowak
|-damage|p1a: Marowak|68/100
|-fieldend|move: Trick Room
|upkeep
|
|t:|1653382483
|switch|p2a: Rotom|Rotom-Wash|9/100
|turn|14
|
|t:|1653382494
|switch|p1a: Porygon2|Porygon2|100/100
|-ability|p1a: Porygon2|Download|boost
|-boost|p1a: Porygon2|spa|1
|move|p2a: Rotom|Hydro Pump|p1a: Porygon2|[miss]
|-miss|p2a: Rotom|p1a: Porygon2
|
|upkeep
|turn|15
|
|t:|1653382501
|move|p2a: Rotom|Pain Split|p1a: Porygon2
|-sethp|p1a: Porygon2|54/100|[from] move: Pain Split|[silent]
|-sethp|p2a: Rotom|66/100|[from] move: Pain Split
|move|p1a: Porygon2|Trick Room|p1a: Porygon2
|-fieldstart|move: Trick Room|[of] p1a: Porygon2
|
|upkeep
|turn|16
|
|t:|1653382508
|move|p2a: Rotom|Volt Switch|p1a: Porygon2
|-crit|p1a: Porygon2
|-damage|p1a: Porygon2|38/100
|
|t:|1653382511
|switch|p2a: Jirachi|Jirachi|100/100|[from]move: Volt Switch
|move|p1a: Porygon2|Teleport|p1a: Porygon2
|
|t:|1653382516
|switch|p1a: Marowak|Marowak-Alola, M|68/100|[from]move: Teleport
|
|upkeep
|turn|17
|
|t:|1653382522
|move|p1a: Marowak|Swords Dance|p1a: Marowak
|-boost|p1a: Marowak|atk|2
|move|p2a: Jirachi|Doom Desire|p1a: Marowak
|-start|p2a: Jirachi|Doom Desire
|
|upkeep
|turn|18
|
|t:|1653382527
|move|p2a: Jirachi|Protect|p2a: Jirachi
|-singleturn|p2a: Jirachi|Protect
|move|p1a: Marowak|Swords Dance|p1a: Marowak
|-boost|p1a: Marowak|atk|2
|
|upkeep
|turn|19
|
|t:|1653382536
|move|p1a: Marowak|Flare Blitz|p2a: Jirachi
|-supereffective|p2a: Jirachi
|-damage|p2a: Jirachi|0 fnt
|faint|p2a: Jirachi
|
|-end|p1a: Marowak|move: Doom Desire
|-resisted|p1a: Marowak
|-damage|p1a: Marowak|38/100
|-fieldend|move: Trick Room
|upkeep
|
|t:|1653382547
|switch|p2a: Garchomp|Garchomp, M|100/100
|turn|20
|j| Zygarde is Bae♡
|
|t:|1653382551
|switch|p1a: Cresselia|Cresselia, F|100/100
|move|p2a: Garchomp|Swords Dance|p2a: Garchomp
|-boost|p2a: Garchomp|atk|2
|
|upkeep
|turn|21
|
|t:|1653382560
|move|p2a: Garchomp|Scale Shot|p1a: Cresselia
|-damage|p1a: Cresselia|87/100
|-damage|p1a: Cresselia|74/100
|-hitcount|p1a: Cresselia|2
|-unboost|p2a: Garchomp|def|1
|-boost|p2a: Garchomp|spe|1
|move|p1a: Cresselia|Trick Room|p1a: Cresselia
|-fieldstart|move: Trick Room|[of] p1a: Cresselia
|
|-heal|p1a: Cresselia|80/100|[from] item: Leftovers
|upkeep
|turn|22
|
|t:|1653382570
|move|p1a: Cresselia|Ice Beam|p2a: Garchomp
|-supereffective|p2a: Garchomp
|-damage|p2a: Garchomp|33/100
|move|p2a: Garchomp|Scale Shot|p1a: Cresselia
|-damage|p1a: Cresselia|67/100
|-damage|p1a: Cresselia|53/100
|-hitcount|p1a: Cresselia|2
|-unboost|p2a: Garchomp|def|1
|-boost|p2a: Garchomp|spe|1
|
|-heal|p1a: Cresselia|59/100|[from] item: Leftovers
|-heal|p2a: Garchomp|40/100|[from] item: Leftovers
|upkeep
|turn|23
|
|t:|1653382583
|switch|p2a: Rotom|Rotom-Wash|66/100
|move|p1a: Cresselia|Ice Beam|p2a: Rotom
|-resisted|p2a: Rotom
|-damage|p2a: Rotom|58/100
|
|-heal|p1a: Cresselia|65/100|[from] item: Leftovers
|upkeep
|turn|24
|
|t:|1653382592
|switch|p1a: Crawdaunt|Crawdaunt, M|90/100
|move|p2a: Rotom|Pain Split|p1a: Crawdaunt
|-sethp|p1a: Crawdaunt|72/100|[from] move: Pain Split|[silent]
|-sethp|p2a: Rotom|78/100|[from] move: Pain Split
|
|upkeep
|turn|25
|
|t:|1653382599
|move|p1a: Crawdaunt|Close Combat|p2a: Rotom
|-damage|p2a: Rotom|33/100
|-unboost|p1a: Crawdaunt|def|1
|-unboost|p1a: Crawdaunt|spd|1
|-damage|p1a: Crawdaunt|62/100|[from] item: Life Orb
|move|p2a: Rotom|Volt Switch|p1a: Crawdaunt
|-supereffective|p1a: Crawdaunt
|-damage|p1a: Crawdaunt|0 fnt
|faint|p1a: Crawdaunt
|
|t:|1653382605
|switch|p2a: Dragapult|Dragapult, M|100/100|[from]move: Volt Switch
|
|-fieldend|move: Trick Room
|upkeep
|
|t:|1653382613
|switch|p1a: Porygon2|Porygon2|38/100
|-ability|p1a: Porygon2|Download|boost
|-boost|p1a: Porygon2|spa|1
|turn|26
|
|t:|1653382620
|move|p2a: Dragapult|Dragon Darts|p1a: Porygon2
|-damage|p1a: Porygon2|10/100
|-anim|p2a: Dragapult|Dragon Darts|p1a: Porygon2
|-damage|p1a: Porygon2|0 fnt
|faint|p1a: Porygon2
|
|upkeep
|
|t:|1653382626
|switch|p1a: Melmetal|Melmetal|100/100
|turn|27
|
|t:|1653382635
|switch|p2a: Garchomp|Garchomp, M|40/100
|move|p1a: Melmetal|Double Iron Bash|p2a: Garchomp
|-damage|p2a: Garchomp|0 fnt
|-damage|p1a: Melmetal|88/100|[from] ability: Rough Skin|[of] p2a: Garchomp
|faint|p2a: Garchomp
|-hitcount|p2: Garchomp|1
|
|upkeep
|
|t:|1653382641
|switch|p2a: Rotom|Rotom-Wash|33/100
|turn|28
|
|t:|1653382658
|move|p2a: Rotom|Pain Split|p1a: Melmetal
|-sethp|p1a: Melmetal|55/100|[from] move: Pain Split|[silent]
|-sethp|p2a: Rotom|85/100|[from] move: Pain Split
|move|p1a: Melmetal|Double Iron Bash|p2a: Rotom
|-resisted|p2a: Rotom
|-damage|p2a: Rotom|73/100
|-resisted|p2a: Rotom
|-damage|p2a: Rotom|59/100
|-hitcount|p2a: Rotom|2
|
|upkeep
|turn|29
|
|t:|1653382667
|switch|p1a: Cresselia|Cresselia, F|65/100
|move|p2a: Rotom|Volt Switch|p1a: Cresselia
|-damage|p1a: Cresselia|49/100
|
|t:|1653382673
|switch|p2a: Dragapult|Dragapult, M|100/100|[from]move: Volt Switch
|
|-heal|p1a: Cresselia|55/100|[from] item: Leftovers
|upkeep
|turn|30
|
|t:|1653382684
|move|p2a: Dragapult|U-turn|p1a: Cresselia
|-supereffective|p1a: Cresselia
|-damage|p1a: Cresselia|15/100
|
|t:|1653382688
|switch|p2a: Rotom|Rotom-Wash|59/100|[from]move: U-turn
|move|p1a: Cresselia|Trick Room|p1a: Cresselia
|-fieldstart|move: Trick Room|[of] p1a: Cresselia
|
|-heal|p1a: Cresselia|21/100|[from] item: Leftovers
|upkeep
|turn|31
|
|t:|1653382695
|move|p1a: Cresselia|Moonlight|p1a: Cresselia
|-heal|p1a: Cresselia|71/100
|move|p2a: Rotom|Hydro Pump|p1a: Cresselia
|-crit|p1a: Cresselia
|-damage|p1a: Cresselia|35/100
|
|-heal|p1a: Cresselia|41/100|[from] item: Leftovers
|upkeep
|turn|32
|
|t:|1653382704
|move|p1a: Cresselia|Moonlight|p1a: Cresselia
|-heal|p1a: Cresselia|91/100
|move|p2a: Rotom|Hydro Pump|p1a: Cresselia
|-damage|p1a: Cresselia|68/100
|
|-heal|p1a: Cresselia|74/100|[from] item: Leftovers
|upkeep
|turn|33
|
|t:|1653382713
|move|p1a: Cresselia|Ice Beam|p2a: Rotom
|-resisted|p2a: Rotom
|-damage|p2a: Rotom|51/100
|move|p2a: Rotom|Volt Switch|p1a: Cresselia
|-damage|p1a: Cresselia|59/100
|
|t:|1653382719
|switch|p2a: Dragapult|Dragapult, M|100/100|[from]move: Volt Switch
|
|-heal|p1a: Cresselia|65/100|[from] item: Leftovers
|upkeep
|turn|34
|
|t:|1653382728
|move|p1a: Cresselia|Ice Beam|p2a: Dragapult
|-supereffective|p2a: Dragapult
|-damage|p2a: Dragapult|56/100
|move|p2a: Dragapult|Dragon Darts|p1a: Cresselia
|-damage|p1a: Cresselia|44/100
|-anim|p2a: Dragapult|Dragon Darts|p1a: Cresselia
|-damage|p1a: Cresselia|25/100
|
|-heal|p1a: Cresselia|31/100|[from] item: Leftovers
|-fieldend|move: Trick Room
|upkeep
|turn|35
|
|t:|1653382739
|move|p2a: Dragapult|Dragon Darts|p1a: Cresselia
|-damage|p1a: Cresselia|13/100
|-anim|p2a: Dragapult|Dragon Darts|p1a: Cresselia
|-damage|p1a: Cresselia|0 fnt
|faint|p1a: Cresselia
|
|upkeep
|
|t:|1653382745
|switch|p1a: Melmetal|Melmetal|55/100
|turn|36
|
|t:|1653382748
|switch|p2a: Rotom|Rotom-Wash|51/100
|move|p1a: Melmetal|Thunder Punch|p2a: Rotom
|-damage|p2a: Rotom|8/100
|
|upkeep
|turn|37
|
|t:|1653382754
|move|p2a: Rotom|Pain Split|p1a: Melmetal
|-sethp|p1a: Melmetal|30/100|[from] move: Pain Split|[silent]
|-sethp|p2a: Rotom|46/100|[from] move: Pain Split
|move|p1a: Melmetal|Thunder Punch|p2a: Rotom
|-damage|p2a: Rotom|2/100
|
|upkeep
|turn|38
|-message|2(H2O) forfeited.
|
|win|fanqie7101
|raw|2(H2O)'s rating: 1655 &rarr; <strong>1632</strong><br />(-23 for losing)
|raw|fanqie7101's rating: 1597 &rarr; <strong>1620</strong><br />(+23 for winning)
|l|☆2(H2O)
|l| Zygarde is Bae♡
