|j|☆samohi0
|j|☆machugen
|t:|1667364501
|gametype|singles
|player|p1|samohi0|1|1698
|player|p2|machugen|brock-gen1rb|1704
|teamsize|p1|6
|teamsize|p2|6
|gen|8
|tier|[Gen 8] OU
|rated|
|rule|Sleep Clause Mod: Limit one foe put to sleep
|rule|Species Clause: Limit one of each Pokémon
|rule|OHKO Clause: OHKO moves are banned
|rule|Evasion Items Clause: Evasion items are banned
|rule|Evasion Moves Clause: Evasion moves are banned
|rule|Endless Battle Clause: Forcing endless battles is banned
|rule|HP Percentage Mod: HP is shown in percentages
|rule|Dynamax Clause: You cannot dynamax
|clearpoke
|poke|p1|Urshifu-*, M|
|poke|p1|Weavile, M|
|poke|p1|Tapu Fini|
|poke|p1|Slowking-Galar, M|
|poke|p1|Garchomp, M|
|poke|p1|Corviknight, M|
|poke|p2|Weavile, M|
|poke|p2|Zapdos-Galar|
|poke|p2|Melmetal|
|poke|p2|Slowking, M|
|poke|p2|Garchomp, M|
|poke|p2|Tornadus-Therian, M|
|teampreview
|inactive|Battle timer is ON: inactive players will automatically lose when time's up. (requested by machugen)
|
|t:|1667364530
|start
|switch|p1a: Weavile|Weavile, M, shiny|100/100
|switch|p2a: Melmetal|Melmetal|100/100
|-ability|p1a: Weavile|Pressure
|turn|1
|
|t:|1667364546
|switch|p1a: Corviknight|Corviknight, M, shiny|100/100
|-ability|p1a: Corviknight|Pressure
|move|p2a: Melmetal|Thunder Punch|p1a: Corviknight
|-supereffective|p1a: Corviknight
|-damage|p1a: Corviknight|58/100
|-damage|p2a: Melmetal|84/100|[from] item: Rocky Helmet|[of] p1a: Corviknight
|
|-heal|p2a: Melmetal|90/100|[from] item: Leftovers
|upkeep
|turn|2
|
|t:|1667364560
|switch|p2a: Tornadus|Tornadus-Therian, M|100/100
|move|p1a: Corviknight|Roost|p1a: Corviknight
|-heal|p1a: Corviknight|100/100
|-singleturn|p1a: Corviknight|move: Roost
|
|upkeep
|turn|3
|
|t:|1667364562
|move|p2a: Tornadus|Knock Off|p1a: Corviknight
|-damage|p1a: Corviknight|87/100
|-damage|p2a: Tornadus|84/100|[from] item: Rocky Helmet|[of] p1a: Corviknight
|-enditem|p1a: Corviknight|Rocky Helmet|[from] move: Knock Off|[of] p2a: Tornadus
|move|p1a: Corviknight|U-turn|p2a: Tornadus
|-resisted|p2a: Tornadus
|-damage|p2a: Tornadus|76/100
|
|t:|1667364573
|switch|p1a: Slowking|Slowking-Galar, M, shiny|100/100|[from]move: U-turn
|
|upkeep
|turn|4
|
|t:|1667364583
|move|p2a: Tornadus|U-turn|p1a: Slowking
|-damage|p1a: Slowking|85/100
|
|t:|1667364585
|switch|p2a: Slowking|Slowking, M|100/100|[from]move: U-turn
|move|p1a: Slowking|Future Sight|p2a: Slowking
|-start|p1a: Slowking|move: Future Sight
|
|upkeep
|turn|5
|
|t:|1667364605
|switch|p1a: Weavile|Weavile, M, shiny|100/100
|-ability|p1a: Weavile|Pressure
|move|p2a: Slowking|Teleport|p2a: Slowking
|
|t:|1667364609
|switch|p2a: Melmetal|Melmetal|90/100|[from]move: Teleport
|
|-heal|p2a: Melmetal|96/100|[from] item: Leftovers
|upkeep
|turn|6
|
|t:|1667364615
|switch|p1a: Garchomp|Garchomp, M, shiny|100/100
|move|p2a: Melmetal|Double Iron Bash|p1a: Garchomp
|-damage|p1a: Garchomp|61/100
|-damage|p2a: Melmetal|84/100|[from] ability: Rough Skin|[of] p1a: Garchomp
|-damage|p1a: Garchomp|25/100
|-damage|p2a: Melmetal|71/100|[from] ability: Rough Skin|[of] p1a: Garchomp
|-hitcount|p1a: Garchomp|2
|
|-end|p2a: Melmetal|move: Future Sight
|-resisted|p2a: Melmetal
|-damage|p2a: Melmetal|46/100
|-heal|p1a: Garchomp|31/100|[from] item: Leftovers
|-heal|p2a: Melmetal|52/100|[from] item: Leftovers
|upkeep
|turn|7
|
|t:|1667364629
|switch|p2a: Slowking|Slowking, M|100/100
|move|p1a: Garchomp|Stealth Rock|p2a: Slowking
|-sidestart|p2: machugen|move: Stealth Rock
|
|-heal|p1a: Garchomp|37/100|[from] item: Leftovers
|upkeep
|turn|8
|
|t:|1667364632
|move|p1a: Garchomp|Toxic|p2a: Slowking
|-status|p2a: Slowking|tox
|move|p2a: Slowking|Scald|p1a: Garchomp
|-damage|p1a: Garchomp|16/100
|
|-heal|p1a: Garchomp|22/100|[from] item: Leftovers
|-damage|p2a: Slowking|94/100 tox|[from] psn
|upkeep
|turn|9
|j| cypherstest
|
|t:|1667364636
|move|p1a: Garchomp|Earthquake|p2a: Slowking
|-damage|p2a: Slowking|57/100 tox
|-enditem|p2a: Slowking|Eject Button
|
|t:|1667364639
|switch|p2a: Tornadus|Tornadus-Therian, M|100/100
|
|-heal|p1a: Garchomp|28/100|[from] item: Leftovers
|upkeep
|turn|10
|
|t:|1667364647
|move|p2a: Tornadus|Hurricane|p1a: Garchomp
|-damage|p1a: Garchomp|0 fnt
|faint|p1a: Garchomp
|
|upkeep
|
|t:|1667364650
|switch|p1a: Tapu Fini|Tapu Fini, shiny|100/100
|-fieldstart|move: Misty Terrain|[from] ability: Misty Surge|[of] p1a: Tapu Fini
|turn|11
|j| Ran Kob
|l| Ran Kob
|
|t:|1667364666
|move|p1a: Tapu Fini|Trick|p2a: Tornadus
|-activate|p1a: Tapu Fini|move: Trick|[of] p2a: Tornadus
|-item|p2a: Tornadus|Choice Scarf|[from] move: Trick
|-item|p1a: Tapu Fini|Heavy-Duty Boots|[from] move: Trick
|move|p2a: Tornadus|Defog|p1a: Tapu Fini
|-unboost|p1a: Tapu Fini|evasion|1
|-sideend|p2: machugen|Stealth Rock|[from] move: Defog|[of] p2a: Tornadus
|-fieldend|Misty Terrain
|
|upkeep
|turn|12
|
|t:|1667364674
|switch|p2a: Slowking|Slowking, M|91/100 tox
|move|p1a: Tapu Fini|Trick|p2a: Slowking
|-activate|p1a: Tapu Fini|move: Trick|[of] p2a: Slowking
|-item|p2a: Slowking|Heavy-Duty Boots|[from] move: Trick
|-enditem|p1a: Tapu Fini|Heavy-Duty Boots|[silent]|[from] move: Trick
|
|-damage|p2a: Slowking|85/100 tox|[from] psn
|upkeep
|turn|13
|
|t:|1667364678
|move|p1a: Tapu Fini|Trick|p2a: Slowking
|-activate|p1a: Tapu Fini|move: Trick|[of] p2a: Slowking
|-enditem|p2a: Slowking|Heavy-Duty Boots|[silent]|[from] move: Trick
|-item|p1a: Tapu Fini|Heavy-Duty Boots|[from] move: Trick
|move|p2a: Slowking|Teleport|p2a: Slowking
|
|t:|1667364680
|switch|p2a: Tornadus|Tornadus-Therian, M|100/100|[from]move: Teleport
|
|upkeep
|turn|14
|
|t:|1667364684
|move|p2a: Tornadus|U-turn|p1a: Tapu Fini
|-resisted|p1a: Tapu Fini
|-damage|p1a: Tapu Fini|95/100
|
|t:|1667364685
|switch|p2a: Slowking|Slowking, M|100/100 tox|[from]move: U-turn
|move|p1a: Tapu Fini|Trick|p2a: Slowking
|-activate|p1a: Tapu Fini|move: Trick|[of] p2a: Slowking
|-item|p2a: Slowking|Heavy-Duty Boots|[from] move: Trick
|-enditem|p1a: Tapu Fini|Heavy-Duty Boots|[silent]|[from] move: Trick
|
|-damage|p2a: Slowking|94/100 tox|[from] psn
|upkeep
|turn|15
|
|t:|1667364691
|move|p1a: Tapu Fini|Trick|p2a: Slowking
|-activate|p1a: Tapu Fini|move: Trick|[of] p2a: Slowking
|-enditem|p2a: Slowking|Heavy-Duty Boots|[silent]|[from] move: Trick
|-item|p1a: Tapu Fini|Heavy-Duty Boots|[from] move: Trick
|move|p2a: Slowking|Teleport|p2a: Slowking
|
|t:|1667364692
|switch|p2a: Tornadus|Tornadus-Therian, M|100/100|[from]move: Teleport
|
|upkeep
|turn|16
|
|t:|1667364703
|move|p2a: Tornadus|U-turn|p1a: Tapu Fini
|-resisted|p1a: Tapu Fini
|-damage|p1a: Tapu Fini|89/100
|
|t:|1667364704
|switch|p2a: Slowking|Slowking, M|100/100 tox|[from]move: U-turn
|move|p1a: Tapu Fini|Moonblast|p2a: Slowking
|-damage|p2a: Slowking|80/100 tox
|
|-damage|p2a: Slowking|74/100 tox|[from] psn
|upkeep
|turn|17
|
|t:|1667364708
|move|p1a: Tapu Fini|Moonblast|p2a: Slowking
|-damage|p2a: Slowking|51/100 tox
|move|p2a: Slowking|Future Sight|p1a: Tapu Fini
|-start|p2a: Slowking|move: Future Sight
|
|-damage|p2a: Slowking|39/100 tox|[from] psn
|upkeep
|turn|18
|
|t:|1667364711
|move|p1a: Tapu Fini|Taunt|p2a: Slowking
|-start|p2a: Slowking|move: Taunt
|cant|p2a: Slowking|move: Taunt|Teleport
|
|-damage|p2a: Slowking|21/100 tox|[from] psn
|upkeep
|turn|19
|
|t:|1667364715
|switch|p2a: Tornadus|Tornadus-Therian, M|100/100
|move|p1a: Tapu Fini|Moonblast|p2a: Tornadus
|-damage|p2a: Tornadus|70/100
|
|-end|p1a: Tapu Fini|move: Future Sight
|-damage|p1a: Tapu Fini|55/100
|upkeep
|turn|20
|
|t:|1667364717
|move|p2a: Tornadus|U-turn|p1a: Tapu Fini
|-resisted|p1a: Tapu Fini
|-damage|p1a: Tapu Fini|49/100
|
|t:|1667364719
|switch|p2a: Slowking|Slowking, M|54/100 tox|[from]move: U-turn
|move|p1a: Tapu Fini|Moonblast|p2a: Slowking
|-damage|p2a: Slowking|34/100 tox
|
|-damage|p2a: Slowking|27/100 tox|[from] psn
|upkeep
|turn|21
|
|t:|1667364732
|switch|p2a: Tornadus|Tornadus-Therian, M|100/100
|move|p1a: Tapu Fini|Moonblast|p2a: Tornadus
|-damage|p2a: Tornadus|69/100
|-unboost|p2a: Tornadus|spa|1
|
|upkeep
|turn|22
|
|t:|1667364735
|move|p2a: Tornadus|U-turn|p1a: Tapu Fini
|-resisted|p1a: Tapu Fini
|-damage|p1a: Tapu Fini|43/100
|
|t:|1667364736
|switch|p2a: Slowking|Slowking, M|61/100 tox|[from]move: U-turn
|move|p1a: Tapu Fini|Moonblast|p2a: Slowking
|-damage|p2a: Slowking|40/100 tox
|
|-damage|p2a: Slowking|34/100 tox|[from] psn
|upkeep
|turn|23
|inactive|samohi0 has 120 seconds left.
|j| Waziao
|
|t:|1667364769
|switch|p1a: Slowking|Slowking-Galar, M, shiny|100/100
|switch|p2a: Tornadus|Tornadus-Therian, M|100/100
|
|upkeep
|turn|24
|
|t:|1667364775
|move|p2a: Tornadus|Knock Off|p1a: Slowking
|-supereffective|p1a: Slowking
|-damage|p1a: Slowking|60/100
|-enditem|p1a: Slowking|Assault Vest|[from] move: Knock Off|[of] p2a: Tornadus
|move|p1a: Slowking|Future Sight|p2a: Tornadus
|-start|p1a: Slowking|move: Future Sight
|
|upkeep
|turn|25
|
|t:|1667364785
|switch|p2a: Garchomp|Garchomp, M|100/100
|switch|p1a: Corviknight|Corviknight, M, shiny|87/100
|-ability|p1a: Corviknight|Pressure
|
|upkeep
|turn|26
|
|t:|1667364791
|move|p2a: Garchomp|Stealth Rock|p1a: Corviknight
|-sidestart|p1: samohi0|move: Stealth Rock
|move|p1a: Corviknight|Brave Bird|p2a: Garchomp
|-damage|p2a: Garchomp|69/100
|-damage|p1a: Corviknight|75/100|[from] ability: Rough Skin|[of] p2a: Garchomp
|-damage|p1a: Corviknight|64/100|[from] Recoil
|
|-end|p2a: Garchomp|move: Future Sight
|-damage|p2a: Garchomp|18/100
|-heal|p2a: Garchomp|24/100|[from] item: Leftovers
|upkeep
|turn|27
|
|t:|1667364793
|move|p2a: Garchomp|Protect|p2a: Garchomp
|-singleturn|p2a: Garchomp|Protect
|move|p1a: Corviknight|Defog|p2a: Garchomp
|-activate|p2a: Garchomp|move: Protect
|
|-heal|p2a: Garchomp|30/100|[from] item: Leftovers
|upkeep
|turn|28
|
|t:|1667364795
|switch|p2a: Zapdos|Zapdos-Galar|100/100
|move|p1a: Corviknight|Brave Bird|p2a: Zapdos
|-supereffective|p2a: Zapdos
|-damage|p2a: Zapdos|18/100
|-damage|p1a: Corviknight|42/100|[from] Recoil
|
|upkeep
|turn|29
|
|t:|1667364801
|move|p2a: Zapdos|Thunderous Kick|p1a: Corviknight
|-damage|p1a: Corviknight|0 fnt
|faint|p1a: Corviknight
|
|upkeep
|
|t:|1667364813
|switch|p1a: Weavile|Weavile, M, shiny|100/100
|-ability|p1a: Weavile|Pressure
|turn|30
|
|t:|1667364820
|move|p1a: Weavile|Knock Off|p2a: Zapdos
|-resisted|p2a: Zapdos
|-damage|p2a: Zapdos|0 fnt
|-enditem|p2a: Zapdos|Choice Band|[from] move: Knock Off|[of] p1a: Weavile
|faint|p2a: Zapdos
|
|upkeep
|
|t:|1667364823
|switch|p2a: Melmetal|Melmetal|52/100
|turn|31
|
|t:|1667364833
|switch|p1a: Tapu Fini|Tapu Fini, shiny|43/100
|-fieldstart|move: Misty Terrain|[from] ability: Misty Surge|[of] p1a: Tapu Fini
|move|p2a: Melmetal|Double Iron Bash|p1a: Tapu Fini
|-damage|p1a: Tapu Fini|8/100
|-damage|p1a: Tapu Fini|0 fnt
|faint|p1a: Tapu Fini
|-hitcount|p1: Tapu Fini|2
|
|-heal|p2a: Melmetal|58/100|[from] item: Leftovers
|upkeep
|
|t:|1667364835
|switch|p1a: Urshifu|Urshifu-Rapid-Strike, M|100/100
|-damage|p1a: Urshifu|94/100|[from] Stealth Rock
|turn|32
|
|t:|1667364842
|switch|p2a: Garchomp|Garchomp, M|30/100
|move|p1a: Urshifu|U-turn|p2a: Garchomp
|-damage|p2a: Garchomp|0 fnt
|-damage|p1a: Urshifu|82/100|[from] ability: Rough Skin|[of] p2a: Garchomp
|faint|p2a: Garchomp
|
|t:|1667364846
|switch|p1a: Weavile|Weavile, M, shiny|100/100|[from]move: U-turn
|-ability|p1a: Weavile|Pressure
|
|upkeep
|
|t:|1667364849
|switch|p2a: Melmetal|Melmetal|58/100
|turn|33
|
|t:|1667364862
|switch|p1a: Urshifu|Urshifu-Rapid-Strike, M|82/100
|-damage|p1a: Urshifu|76/100|[from] Stealth Rock
|move|p2a: Melmetal|Double Iron Bash|p1a: Urshifu
|-resisted|p1a: Urshifu
|-damage|p1a: Urshifu|54/100
|-resisted|p1a: Urshifu
|-crit|p1a: Urshifu
|-damage|p1a: Urshifu|21/100
|-hitcount|p1a: Urshifu|2
|
|-heal|p2a: Melmetal|64/100|[from] item: Leftovers
|upkeep
|turn|34
|
|t:|1667364867
|switch|p2a: Tornadus|Tornadus-Therian, M|100/100
|move|p1a: Urshifu|Surging Strikes|p2a: Tornadus
|-crit|p2a: Tornadus
|-damage|p2a: Tornadus|67/100
|-crit|p2a: Tornadus
|-damage|p2a: Tornadus|33/100
|-crit|p2a: Tornadus
|-damage|p2a: Tornadus|3/100
|-hitcount|p2a: Tornadus|3
|
|upkeep
|turn|35
|
|t:|1667364878
|move|p2a: Tornadus|U-turn|p1a: Urshifu
|-resisted|p1a: Urshifu
|-crit|p1a: Urshifu
|-damage|p1a: Urshifu|9/100
|
|t:|1667364879
|switch|p2a: Slowking|Slowking, M|67/100 tox|[from]move: U-turn
|move|p1a: Urshifu|Surging Strikes|p2a: Slowking
|-resisted|p2a: Slowking
|-crit|p2a: Slowking
|-damage|p2a: Slowking|54/100 tox
|-resisted|p2a: Slowking
|-crit|p2a: Slowking
|-damage|p2a: Slowking|40/100 tox
|-resisted|p2a: Slowking
|-crit|p2a: Slowking
|-damage|p2a: Slowking|28/100 tox
|-hitcount|p2a: Slowking|3
|
|-damage|p2a: Slowking|22/100 tox|[from] psn
|-fieldend|Misty Terrain
|upkeep
|turn|36
|
|t:|1667364884
|move|p1a: Urshifu|Surging Strikes|p2a: Slowking
|-resisted|p2a: Slowking
|-crit|p2a: Slowking
|-damage|p2a: Slowking|10/100 tox
|-resisted|p2a: Slowking
|-crit|p2a: Slowking
|-damage|p2a: Slowking|0 fnt
|faint|p2a: Slowking
|-hitcount|p2: Slowking|2
|
|upkeep
|
|t:|1667364889
|switch|p2a: Weavile|Weavile, M|100/100
|-ability|p2a: Weavile|Pressure
|turn|37
|
|t:|1667364894
|move|p2a: Weavile|Knock Off|p1a: Urshifu
|-resisted|p1a: Urshifu
|-damage|p1a: Urshifu|0 fnt
|-enditem|p1a: Urshifu|Choice Band|[from] move: Knock Off|[of] p2a: Weavile
|faint|p1a: Urshifu
|
|upkeep
|
|t:|1667364896
|switch|p1a: Weavile|Weavile, M, shiny|100/100
|-ability|p1a: Weavile|Pressure
|turn|38
|
|t:|1667364901
|move|p1a: Weavile|Triple Axel|p2a: Weavile
|-resisted|p2a: Weavile
|-damage|p2a: Weavile|90/100
|-resisted|p2a: Weavile
|-damage|p2a: Weavile|71/100
|-resisted|p2a: Weavile
|-damage|p2a: Weavile|42/100
|-hitcount|p2a: Weavile|3
|move|p2a: Weavile|Knock Off|p1a: Weavile
|-resisted|p1a: Weavile
|-damage|p1a: Weavile|33/100
|-enditem|p1a: Weavile|Heavy-Duty Boots|[from] move: Knock Off|[of] p2a: Weavile
|
|upkeep
|turn|39
|
|t:|1667364911
|move|p1a: Weavile|Triple Axel|p2a: Weavile
|-resisted|p2a: Weavile
|-damage|p2a: Weavile|33/100
|-resisted|p2a: Weavile
|-damage|p2a: Weavile|15/100
|-hitcount|p2a: Weavile|2
|move|p2a: Weavile|Knock Off|p1a: Weavile
|-resisted|p1a: Weavile
|-damage|p1a: Weavile|0 fnt
|faint|p1a: Weavile
|
|upkeep
|-message|samohi0 forfeited.
|
|win|machugen
|raw|samohi0's rating: 1698 &rarr; <strong>1678</strong><br />(-20 for losing)
|raw|machugen's rating: 1704 &rarr; <strong>1724</strong><br />(+20 for winning)
|l|☆samohi0
