|j|☆Red Rushun
|j|☆corumba
|t:|1667939741
|gametype|singles
|player|p1|Red Rushun|clair|1669
|player|p2|corumba|266|1824
|teamsize|p1|6
|teamsize|p2|6
|gen|8
|tier|[Gen 8] OU
|rated|
|rule|Sleep Clause Mod: Limit one foe put to sleep
|rule|Species Clause: Limit one of each Pokémon
|rule|OHKO Clause: OHKO moves are banned
|rule|Evasion Items Clause: Evasion items are banned
|rule|Evasion Moves Clause: Evasion moves are banned
|rule|Endless Battle Clause: Forcing endless battles is banned
|rule|HP Percentage Mod: HP is shown in percentages
|rule|Dynamax Clause: You cannot dynamax
|clearpoke
|poke|p1|Dragapult, F|
|poke|p1|Blastoise, M|
|poke|p1|Tapu Lele|
|poke|p1|Cobalion|
|poke|p1|Grimmsnarl, M|
|poke|p1|Landorus-Therian, M|
|poke|p2|Landorus-Therian, M|
|poke|p2|Rotom-Wash|
|poke|p2|Gengar, M|
|poke|p2|Melmetal|
|poke|p2|Heatran, M|
|poke|p2|Dragapult, M|
|teampreview
|j| lil globglabgla
|
|t:|1667939761
|start
|switch|p1a: Cobalion|Cobalion, shiny|100/100
|switch|p2a: Melmetal|Melmetal|100/100
|turn|1
|j| fart_excavator
|
|t:|1667939825
|switch|p2a: Rotom|Rotom-Wash|100/100
|move|p1a: Cobalion|Thunder Wave|p2a: Rotom
|-immune|p2a: Rotom
|
|upkeep
|turn|2
|
|t:|1667939832
|move|p1a: Cobalion|Toxic|p2a: Rotom
|-status|p2a: Rotom|tox
|move|p2a: Rotom|Hydro Pump|p1a: Cobalion
|-damage|p1a: Cobalion|52/100
|
|-damage|p2a: Rotom|95/100 tox|[from] psn
|upkeep
|turn|3
|
|t:|1667939839
|move|p1a: Cobalion|Stealth Rock|p2a: Rotom
|-sidestart|p2: corumba|move: Stealth Rock
|move|p2a: Rotom|Hydro Pump|p1a: Cobalion
|-damage|p1a: Cobalion|10/100
|
|-heal|p2a: Rotom|100/100 tox|[from] item: Leftovers
|-damage|p2a: Rotom|89/100 tox|[from] psn
|upkeep
|turn|4
|
|t:|1667939849
|switch|p1a: Grimmsnarl|Grimmsnarl, M|100/100
|move|p2a: Rotom|Hydro Pump|p1a: Grimmsnarl
|-damage|p1a: Grimmsnarl|70/100
|
|-heal|p2a: Rotom|95/100 tox|[from] item: Leftovers
|-damage|p2a: Rotom|77/100 tox|[from] psn
|upkeep
|turn|5
|
|t:|1667939856
|move|p1a: Grimmsnarl|Light Screen|p1a: Grimmsnarl
|-sidestart|p1: Red Rushun|move: Light Screen
|move|p2a: Rotom|Defog|p1a: Grimmsnarl
|-unboost|p1a: Grimmsnarl|evasion|1
|-sideend|p1: Red Rushun|move: Light Screen
|-sideend|p2: corumba|Stealth Rock|[from] move: Defog|[of] p2a: Rotom
|
|-heal|p2a: Rotom|83/100 tox|[from] item: Leftovers
|-damage|p2a: Rotom|59/100 tox|[from] psn
|upkeep
|turn|6
|
|t:|1667939860
|move|p2a: Rotom|Volt Switch|p1a: Grimmsnarl
|-damage|p1a: Grimmsnarl|52/100
|
|t:|1667939866
|switch|p2a: Heatran|Heatran, M|100/100|[from]move: Volt Switch
|move|p1a: Grimmsnarl|Spirit Break|p2a: Heatran
|-resisted|p2a: Heatran
|-damage|p2a: Heatran|96/100
|-unboost|p2a: Heatran|spa|1
|
|-heal|p2a: Heatran|100/100|[from] item: Leftovers
|upkeep
|turn|7
|
|t:|1667939874
|move|p1a: Grimmsnarl|Light Screen|p1a: Grimmsnarl
|-sidestart|p1: Red Rushun|move: Light Screen
|move|p2a: Heatran|Stealth Rock|p1a: Grimmsnarl
|-sidestart|p1: Red Rushun|move: Stealth Rock
|
|upkeep
|turn|8
|
|t:|1667939879
|move|p1a: Grimmsnarl|Thunder Wave|p2a: Heatran
|-status|p2a: Heatran|par
|move|p2a: Heatran|Heavy Slam|p1a: Grimmsnarl
|-supereffective|p1a: Grimmsnarl
|-damage|p1a: Grimmsnarl|0 fnt
|faint|p1a: Grimmsnarl
|
|upkeep
|
|t:|1667939885
|switch|p1a: Cobalion|Cobalion, shiny|10/100
|-damage|p1a: Cobalion|6/100|[from] Stealth Rock
|turn|9
|
|t:|1667939900
|switch|p2a: Landorus|Landorus-Therian, M|100/100
|-ability|p2a: Landorus|Intimidate|boost
|-unboost|p1a: Cobalion|atk|1
|move|p1a: Cobalion|Stealth Rock|p2a: Landorus
|-sidestart|p2: corumba|move: Stealth Rock
|
|upkeep
|turn|10
|
|t:|1667939913
|move|p1a: Cobalion|Toxic|p2a: Landorus
|-status|p2a: Landorus|tox
|move|p2a: Landorus|Earthquake|p1a: Cobalion
|-supereffective|p1a: Cobalion
|-crit|p1a: Cobalion
|-damage|p1a: Cobalion|0 fnt
|faint|p1a: Cobalion
|
|-damage|p2a: Landorus|94/100 tox|[from] psn
|upkeep
|
|t:|1667939940
|switch|p1a: Landorus|Landorus-Therian, M, shiny|100/100
|-damage|p1a: Landorus|88/100|[from] Stealth Rock
|-ability|p1a: Landorus|Intimidate|boost
|-unboost|p2a: Landorus|atk|1
|turn|11
|
|t:|1667939947
|move|p1a: Landorus|Substitute|p1a: Landorus
|-start|p1a: Landorus|Substitute
|-damage|p1a: Landorus|64/100
|move|p2a: Landorus|U-turn|p1a: Landorus
|-resisted|p1a: Landorus
|-activate|p1a: Landorus|move: Substitute|[damage]
|
|t:|1667939973
|switch|p2a: Melmetal|Melmetal|100/100|[from]move: U-turn
|-damage|p2a: Melmetal|94/100|[from] Stealth Rock
|
|-heal|p1a: Landorus|69/100|[from] item: Leftovers
|-heal|p2a: Melmetal|100/100|[from] item: Leftovers
|upkeep
|turn|12
|inactive|Battle timer is ON: inactive players will automatically lose when time's up. (requested by corumba)
|
|t:|1667940030
|move|p1a: Landorus|Earthquake|p2a: Melmetal
|-supereffective|p2a: Melmetal
|-damage|p2a: Melmetal|39/100
|move|p2a: Melmetal|Double Iron Bash|p1a: Landorus
|-end|p1a: Landorus|Substitute
|-damage|p1a: Landorus|18/100
|-hitcount|p1a: Landorus|2
|
|-heal|p1a: Landorus|24/100|[from] item: Leftovers
|-heal|p2a: Melmetal|45/100|[from] item: Leftovers
|upkeep
|turn|13
|l| lil globglabgla
|
|t:|1667940044
|switch|p2a: Rotom|Rotom-Wash|59/100 tox
|-damage|p2a: Rotom|47/100 tox|[from] Stealth Rock
|move|p1a: Landorus|Swords Dance|p1a: Landorus
|-boost|p1a: Landorus|atk|2
|
|-heal|p1a: Landorus|30/100|[from] item: Leftovers
|-heal|p2a: Rotom|53/100 tox|[from] item: Leftovers
|-damage|p2a: Rotom|47/100 tox|[from] psn
|upkeep
|turn|14
|
|t:|1667940050
|move|p1a: Landorus|Substitute|p1a: Landorus
|-start|p1a: Landorus|Substitute
|-damage|p1a: Landorus|5/100
|move|p2a: Rotom|Hydro Pump|p1a: Landorus|[miss]
|-miss|p2a: Rotom|p1a: Landorus
|
|-heal|p1a: Landorus|11/100|[from] item: Leftovers
|-heal|p2a: Rotom|53/100 tox|[from] item: Leftovers
|-damage|p2a: Rotom|41/100 tox|[from] psn
|-sideend|p1: Red Rushun|move: Light Screen
|upkeep
|turn|15
|
|t:|1667940060
|move|p1a: Landorus|Stone Edge|p2a: Rotom
|-damage|p2a: Rotom|0 fnt
|faint|p2a: Rotom
|
|-heal|p1a: Landorus|17/100|[from] item: Leftovers
|upkeep
|
|t:|1667940064
|switch|p2a: Dragapult|Dragapult, M|100/100
|-damage|p2a: Dragapult|88/100|[from] Stealth Rock
|turn|16
|j| lil globglabgla
|
|t:|1667940080
|move|p2a: Dragapult|Dragon Darts|p1a: Landorus
|-end|p1a: Landorus|Substitute
|-anim|p2a: Dragapult|Dragon Darts|p1a: Landorus
|-damage|p1a: Landorus|0 fnt
|faint|p1a: Landorus
|
|upkeep
|inactive|Red Rushun has 120 seconds left.
|
|t:|1667940104
|switch|p1a: Blastoise|Blastoise, M, shiny|100/100
|-damage|p1a: Blastoise|88/100|[from] Stealth Rock
|turn|17
|
|t:|1667940109
|move|p2a: Dragapult|Dragon Darts|p1a: Blastoise
|-damage|p1a: Blastoise|39/100
|-anim|p2a: Dragapult|Dragon Darts|p1a: Blastoise
|-damage|p1a: Blastoise|0 fnt
|faint|p1a: Blastoise
|
|upkeep
|
|t:|1667940116
|switch|p1a: Tapu Lele|Tapu Lele|100/100
|-damage|p1a: Tapu Lele|88/100|[from] Stealth Rock
|-fieldstart|move: Psychic Terrain|[from] ability: Psychic Surge|[of] p1a: Tapu Lele
|turn|18
|l| fart_excavator
|c|☆Red Rushun|Band dragapult
|inactive|Red Rushun has 120 seconds left.
|c|☆Red Rushun|rare
|c|☆corumba|it#s not that rare
|
|t:|1667940154
|switch|p2a: Melmetal|Melmetal|45/100
|-damage|p2a: Melmetal|39/100|[from] Stealth Rock
|move|p1a: Tapu Lele|Psyshock|p2a: Melmetal
|-resisted|p2a: Melmetal
|-damage|p2a: Melmetal|23/100
|
|-heal|p2a: Melmetal|29/100|[from] item: Leftovers
|upkeep
|turn|19
|
|t:|1667940164
|move|p1a: Tapu Lele|Focus Blast|p2a: Melmetal
|-supereffective|p2a: Melmetal
|-damage|p2a: Melmetal|0 fnt
|faint|p2a: Melmetal
|
|upkeep
|j| avatar wan's bae
|inactive|corumba has 120 seconds left.
|
|t:|1667940199
|switch|p2a: Dragapult|Dragapult, M|88/100
|-damage|p2a: Dragapult|76/100|[from] Stealth Rock
|turn|20
|
|t:|1667940207
|move|p2a: Dragapult|Phantom Force||[still]
|-prepare|p2a: Dragapult|Phantom Force
|move|p1a: Tapu Lele|Moonblast|p2a: Dragapult|[miss]
|-miss|p1a: Tapu Lele|p2a: Dragapult
|
|upkeep
|turn|21
|inactive|Red Rushun has 120 seconds left.
|
|t:|1667940213
|move|p2a: Dragapult|Phantom Force|p1a: Tapu Lele|[from]lockedmove
|-supereffective|p1a: Tapu Lele
|-damage|p1a: Tapu Lele|0 fnt
|faint|p1a: Tapu Lele
|
|upkeep
|
|t:|1667940216
|switch|p1a: Dragapult|Dragapult, F|100/100
|-damage|p1a: Dragapult|88/100|[from] Stealth Rock
|turn|22
|
|t:|1667940222
|move|p1a: Dragapult|Dragon Dance|p1a: Dragapult
|-boost|p1a: Dragapult|atk|1
|-boost|p1a: Dragapult|spe|1
|move|p2a: Dragapult|Phantom Force||[still]
|-prepare|p2a: Dragapult|Phantom Force
|
|-fieldend|move: Psychic Terrain
|upkeep
|turn|23
|
|t:|1667940229
|move|p1a: Dragapult|Phantom Force||[still]
|-prepare|p1a: Dragapult|Phantom Force
|move|p2a: Dragapult|Phantom Force|p1a: Dragapult|[from]lockedmove|[miss]
|-miss|p2a: Dragapult|p1a: Dragapult
|
|upkeep
|turn|24
|
|t:|1667940240
|switch|p2a: Landorus|Landorus-Therian, M|94/100 tox
|-damage|p2a: Landorus|82/100 tox|[from] Stealth Rock
|-ability|p2a: Landorus|Intimidate|boost
|-fail|p1a: Dragapult|unboost|[from] ability: Clear Body|[of] p1a: Dragapult
|move|p1a: Dragapult|Phantom Force|p2a: Landorus|[from]lockedmove
|-damage|p2a: Landorus|0 fnt
|faint|p2a: Landorus
|-damage|p1a: Dragapult|78/100|[from] item: Life Orb
|
|upkeep
|
|t:|1667940252
|switch|p2a: Heatran|Heatran, M|100/100 par
|-damage|p2a: Heatran|88/100 par|[from] Stealth Rock
|turn|25
|inactive|Red Rushun has 120 seconds left.
|
|t:|1667940296
|move|p1a: Dragapult|Phantom Force||[still]
|-prepare|p1a: Dragapult|Phantom Force
|cant|p2a: Heatran|par
|
|-heal|p2a: Heatran|94/100 par|[from] item: Leftovers
|upkeep
|turn|26
|
|t:|1667940302
|move|p1a: Dragapult|Phantom Force|p2a: Heatran|[from]lockedmove
|-damage|p2a: Heatran|37/100 par
|-damage|p1a: Dragapult|69/100|[from] item: Life Orb
|move|p2a: Heatran|Heavy Slam|p1a: Dragapult
|-damage|p1a: Dragapult|25/100
|
|-heal|p2a: Heatran|43/100 par|[from] item: Leftovers
|upkeep
|turn|27
|inactive|Red Rushun has 120 seconds left.
|
|t:|1667940326
|move|p1a: Dragapult|Phantom Force||[still]
|-prepare|p1a: Dragapult|Phantom Force
|move|p2a: Heatran|Heavy Slam|p1a: Dragapult|[miss]
|-miss|p2a: Heatran|p1a: Dragapult
|
|-heal|p2a: Heatran|50/100 par|[from] item: Leftovers
|upkeep
|turn|28
|
|t:|1667940335
|switch|p2a: Gengar|Gengar, M|100/100
|-damage|p2a: Gengar|88/100|[from] Stealth Rock
|move|p1a: Dragapult|Phantom Force|p2a: Gengar|[from]lockedmove
|-supereffective|p2a: Gengar
|-damage|p2a: Gengar|0 fnt
|-start|p1a: Dragapult|Disable|Phantom Force|[from] ability: Cursed Body|[of] p2a: Gengar
|faint|p2a: Gengar
|-damage|p1a: Dragapult|15/100|[from] item: Life Orb
|
|upkeep
|
|t:|1667940351
|switch|p2a: Heatran|Heatran, M|50/100 par
|-damage|p2a: Heatran|37/100 par|[from] Stealth Rock
|turn|29
|inactive|Red Rushun has 120 seconds left.
|
|t:|1667940377
|move|p1a: Dragapult|Dragon Darts|p2a: Heatran
|-resisted|p2a: Heatran
|-damage|p2a: Heatran|22/100 par
|-anim|p1a: Dragapult|Dragon Darts|p2a: Heatran
|-resisted|p2a: Heatran
|-damage|p2a: Heatran|6/100 par
|-damage|p1a: Dragapult|5/100|[from] item: Life Orb
|move|p2a: Heatran|Earth Power|p1a: Dragapult
|-damage|p1a: Dragapult|0 fnt
|faint|p1a: Dragapult
|
|win|corumba
|raw|Red Rushun's rating: 1669 &rarr; <strong>1657</strong><br />(-12 for losing)
|raw|corumba's rating: 1824 &rarr; <strong>1836</strong><br />(+12 for winning)
|c|☆Red Rushun|lucker
|c|☆corumba|were you sucker?
|c|☆Red Rushun|disable + not para
||Ladder isn't responding, score probably updated but might not have (Request timeout).
|l| avatar wan's bae
|c|☆corumba|did you have sucker punch?
|c|☆Red Rushun|could have turned bad for you
|c|☆corumba|either way i had two shots at flame body
|c|☆corumba|and one at disable
|c|☆Red Rushun|why would yu sucker punch
|c|☆Red Rushun|Dragon dart is 150 /2 = 75
|c|☆corumba|sucker hits on the turn you disappear with phantom
|c|☆Red Rushun|Sucker punch is 70
|c|☆corumba|banded pult sucker picks you off
|c|☆Red Rushun|i do have
|c|☆corumba|i had 3x 1/3 chances to get you without it
|c|☆Red Rushun|you had no chance without haxx
|c|☆Red Rushun|gg anyway
|c|☆corumba|so in theory i should win most times
|c|☆corumba|is it hax?
|c|☆corumba|if it's 3x 1/3 chances
|l| lil globglabgla
|c|☆Red Rushun|with disable ? I only hit once
|c|☆corumba|im flame body heatran
|c|☆corumba|which you hit twice with phantom
|c|☆corumba|if no disable
|c|☆corumba|if i burn i win
|c|☆corumba|if i disable i win
|c|☆corumba|each is a 1/3
|c|☆corumba|so in theory i win most of the time
|c|☆Red Rushun|damn
|c|☆corumba|and if it comes to it it's a 50/50 with sucker vs phnatom
|c|☆corumba|so it's in my favour to win regardless
|c|☆corumba|it's probability, not hax
|c|☆Red Rushun|sucker punck is ot 50 50
|c|☆Red Rushun|if im faster with DD i go first no ?
|c|☆corumba|yep you're right
|c|☆corumba|it's not a 50/50
|c|☆corumba|my bad
|c|☆Red Rushun|anyway
|c|☆corumba|either way 3x 1/3 chances
|c|☆Red Rushun|gg
|c|☆corumba|gg
|l|☆Red Rushun
