|j|☆DarkSkinnedMLK
|j|‽goran el draco
|player|p1|DarkSkinnedMLK|126|1663
|player|p2|goran el draco|n|1661
|teamsize|p1|6
|teamsize|p2|6
|gametype|singles
|gen|8
|tier|[Gen 8] OU
|rated|
|html|<div class="broadcast-blue"><strong>OU is currently suspecting Dracovish! For information on how to participate check out the <a href="https://www.smogon.com/forums/threads/3664521/">suspect thread</a>.</strong></div>
|clearpoke
|poke|p1|Dragapult, F|
|poke|p1|Toxapex, M|
|poke|p1|Clefable, F|
|poke|p1|Ferrothorn, M|
|poke|p1|Mandibuzz, F|
|poke|p1|Excadrill, M|
|poke|p2|Diggersby, M|
|poke|p2|Zeraora|
|poke|p2|Rotom-Heat|
|poke|p2|Conkeldurr, F|
|poke|p2|Kommo-o, F|
|poke|p2|Primarina, M|
|rule|Sleep Clause Mod: Limit one foe put to sleep
|rule|Species Clause: Limit one of each Pokémon
|rule|OHKO Clause: OHKO moves are banned
|rule|Evasion Moves Clause: Evasion moves are banned
|rule|Endless Battle Clause: Forcing endless battles is banned
|rule|HP Percentage Mod: HP is shown in percentages
|rule|Dynamax Clause: You cannot dynamax
|teampreview
|
|start
|switch|p1a: Toxapex|Toxapex, M|100/100
|switch|p2a: Diggersby|Diggersby, M|100/100
|turn|1
|
|move|p2a: Diggersby|Earthquake|p1a: Toxapex
|-supereffective|p1a: Toxapex
|-damage|p1a: Toxapex|0 fnt
|-damage|p2a: Diggersby|91/100|[from] item: Life Orb
|faint|p1a: Toxapex
|
|upkeep
|
|switch|p1a: Ferrothorn|Ferrothorn, M|100/100
|turn|2
|
|switch|p2a: Kommo-o|Kommo-o, F|100/100
|move|p1a: Ferrothorn|Knock Off|p2a: Kommo-o
|-resisted|p2a: Kommo-o
|-damage|p2a: Kommo-o|95/100
|-enditem|p2a: Kommo-o|Leftovers|[from] move: Knock Off|[of] p1a: Ferrothorn
|
|upkeep
|turn|3
|
|move|p2a: Kommo-o|Stealth Rock|p1a: Ferrothorn
|-sidestart|p1: DarkSkinnedMLK|move: Stealth Rock
|move|p1a: Ferrothorn|Thunder Wave|p2a: Kommo-o
|-status|p2a: Kommo-o|par
|
|upkeep
|turn|4
|
|move|p2a: Kommo-o|Body Press|p1a: Ferrothorn
|-supereffective|p1a: Ferrothorn
|-damage|p1a: Ferrothorn|37/100
|-damage|p2a: Kommo-o|82/100 par|[from] ability: Iron Barbs|[of] p1a: Ferrothorn
|move|p1a: Ferrothorn|Stealth Rock|p2a: Kommo-o
|-sidestart|p2: goran el draco|move: Stealth Rock
|
|-heal|p1a: Ferrothorn|43/100|[from] item: Leftovers
|upkeep
|turn|5
|
|switch|p1a: Dragapult|Dragapult, F|100/100
|-damage|p1a: Dragapult|88/100|[from] Stealth Rock
|move|p2a: Kommo-o|Body Press|p1a: Dragapult
|-immune|p1a: Dragapult
|
|upkeep
|turn|6
|j| HELPINGHANSVIB
|
|switch|p2a: Primarina|Primarina, M|100/100
|-damage|p2a: Primarina|88/100|[from] Stealth Rock
|move|p1a: Dragapult|U-turn|p2a: Primarina
|-resisted|p2a: Primarina
|-damage|p2a: Primarina|77/100
|
|switch|p1a: Ferrothorn|Ferrothorn, M|43/100|[from]move: U-turn
|-damage|p1a: Ferrothorn|37/100|[from] Stealth Rock
|
|-heal|p2a: Primarina|83/100|[from] item: Leftovers
|-heal|p1a: Ferrothorn|43/100|[from] item: Leftovers
|upkeep
|turn|7
|
|switch|p2a: Rotom|Rotom-Heat|100/100
|switch|p1a: Clefable|Clefable, F|100/100
|
|upkeep
|turn|8
|
|move|p2a: Rotom|Nasty Plot|p2a: Rotom
|-boost|p2a: Rotom|spa|2
|move|p1a: Clefable|Calm Mind|p1a: Clefable
|-boost|p1a: Clefable|spa|1
|-boost|p1a: Clefable|spd|1
|
|upkeep
|turn|9
|
|move|p2a: Rotom|Discharge|p1a: Clefable
|-damage|p1a: Clefable|62/100
|-status|p1a: Clefable|par
|cant|p1a: Clefable|par
|
|upkeep
|turn|10
|
|move|p2a: Rotom|Nasty Plot|p2a: Rotom
|-boost|p2a: Rotom|spa|2
|move|p1a: Clefable|Soft-Boiled|p1a: Clefable
|-heal|p1a: Clefable|100/100 par
|
|upkeep
|turn|11
|
|move|p2a: Rotom|Discharge|p1a: Clefable
|-damage|p1a: Clefable|37/100 par
|move|p1a: Clefable|Calm Mind|p1a: Clefable
|-boost|p1a: Clefable|spa|1
|-boost|p1a: Clefable|spd|1
|
|upkeep
|turn|12
|
|move|p2a: Rotom|Discharge|p1a: Clefable
|-damage|p1a: Clefable|0 fnt
|faint|p1a: Clefable
|
|upkeep
|
|switch|p1a: Excadrill|Excadrill, M|100/100
|-damage|p1a: Excadrill|97/100|[from] Stealth Rock
|-ability|p1a: Excadrill|Mold Breaker
|turn|13
|
|switch|p2a: Kommo-o|Kommo-o, F|82/100 par
|-damage|p2a: Kommo-o|76/100 par|[from] Stealth Rock
|move|p1a: Excadrill|Earthquake|p2a: Kommo-o
|-damage|p2a: Kommo-o|43/100 par
|
|-heal|p1a: Excadrill|100/100|[from] item: Leftovers
|upkeep
|turn|14
|
|move|p1a: Excadrill|Iron Head|p2a: Kommo-o
|-damage|p2a: Kommo-o|20/100 par
|cant|p2a: Kommo-o|flinch
|
|upkeep
|turn|15
|
|move|p1a: Excadrill|Earthquake|p2a: Kommo-o
|-damage|p2a: Kommo-o|0 fnt
|faint|p2a: Kommo-o
|
|upkeep
|
|switch|p2a: Zeraora|Zeraora|100/100
|-damage|p2a: Zeraora|88/100|[from] Stealth Rock
|turn|16
|
|switch|p1a: Dragapult|Dragapult, F|88/100
|-damage|p1a: Dragapult|76/100|[from] Stealth Rock
|move|p2a: Zeraora|Close Combat|p1a: Dragapult
|-immune|p1a: Dragapult
|
|upkeep
|turn|17
|
|switch|p1a: Ferrothorn|Ferrothorn, M|43/100
|-damage|p1a: Ferrothorn|37/100|[from] Stealth Rock
|move|p2a: Zeraora|Play Rough|p1a: Ferrothorn
|-resisted|p1a: Ferrothorn
|-damage|p1a: Ferrothorn|23/100
|-damage|p2a: Zeraora|76/100|[from] ability: Iron Barbs|[of] p1a: Ferrothorn
|-damage|p2a: Zeraora|66/100|[from] item: Life Orb
|
|-heal|p1a: Ferrothorn|29/100|[from] item: Leftovers
|upkeep
|turn|18
|
|switch|p1a: Dragapult|Dragapult, F|76/100
|-damage|p1a: Dragapult|64/100|[from] Stealth Rock
|move|p2a: Zeraora|Close Combat|p1a: Dragapult
|-immune|p1a: Dragapult
|
|upkeep
|turn|19
|
|switch|p1a: Ferrothorn|Ferrothorn, M|29/100
|-damage|p1a: Ferrothorn|23/100|[from] Stealth Rock
|move|p2a: Zeraora|Play Rough|p1a: Ferrothorn
|-resisted|p1a: Ferrothorn
|-damage|p1a: Ferrothorn|8/100
|-damage|p2a: Zeraora|54/100|[from] ability: Iron Barbs|[of] p1a: Ferrothorn
|-damage|p2a: Zeraora|44/100|[from] item: Life Orb
|
|-heal|p1a: Ferrothorn|14/100|[from] item: Leftovers
|upkeep
|turn|20
|
|move|p2a: Zeraora|Close Combat|p1a: Ferrothorn
|-supereffective|p1a: Ferrothorn
|-damage|p1a: Ferrothorn|0 fnt
|-unboost|p2a: Zeraora|def|1
|-unboost|p2a: Zeraora|spd|1
|-damage|p2a: Zeraora|32/100|[from] ability: Iron Barbs|[of] p1a: Ferrothorn
|-damage|p2a: Zeraora|22/100|[from] item: Life Orb
|faint|p1a: Ferrothorn
|
|upkeep
|
|switch|p1a: Excadrill|Excadrill, M|100/100
|-damage|p1a: Excadrill|97/100|[from] Stealth Rock
|-ability|p1a: Excadrill|Mold Breaker
|turn|21
|
|switch|p1a: Mandibuzz|Mandibuzz, F|100/100
|move|p2a: Zeraora|Close Combat|p1a: Mandibuzz
|-damage|p1a: Mandibuzz|61/100
|-unboost|p2a: Zeraora|def|1
|-unboost|p2a: Zeraora|spd|1
|-damage|p2a: Zeraora|12/100|[from] item: Life Orb
|
|upkeep
|turn|22
|
|switch|p1a: Excadrill|Excadrill, M|97/100
|-damage|p1a: Excadrill|94/100|[from] Stealth Rock
|-ability|p1a: Excadrill|Mold Breaker
|move|p2a: Zeraora|Plasma Fists|p1a: Excadrill
|-immune|p1a: Excadrill
|
|-heal|p1a: Excadrill|100/100|[from] item: Leftovers
|upkeep
|turn|23
|
|switch|p1a: Dragapult|Dragapult, F|64/100
|-damage|p1a: Dragapult|51/100|[from] Stealth Rock
|move|p2a: Zeraora|Close Combat|p1a: Dragapult
|-immune|p1a: Dragapult
|
|upkeep
|turn|24
|
|switch|p1a: Excadrill|Excadrill, M|100/100
|-damage|p1a: Excadrill|97/100|[from] Stealth Rock
|-ability|p1a: Excadrill|Mold Breaker
|move|p2a: Zeraora|Plasma Fists|p1a: Excadrill
|-immune|p1a: Excadrill
|
|-heal|p1a: Excadrill|100/100|[from] item: Leftovers
|upkeep
|turn|25
|
|switch|p1a: Mandibuzz|Mandibuzz, F|61/100
|move|p2a: Zeraora|Close Combat|p1a: Mandibuzz
|-damage|p1a: Mandibuzz|21/100
|-unboost|p2a: Zeraora|def|1
|-unboost|p2a: Zeraora|spd|1
|-damage|p2a: Zeraora|2/100|[from] item: Life Orb
|
|upkeep
|turn|26
|
|move|p2a: Zeraora|Play Rough|p1a: Mandibuzz
|-supereffective|p1a: Mandibuzz
|-damage|p1a: Mandibuzz|0 fnt
|-damage|p2a: Zeraora|0 fnt|[from] item: Life Orb
|faint|p1a: Mandibuzz
|faint|p2a: Zeraora
|
|upkeep
|
|switch|p2a: Conkeldurr|Conkeldurr, F|100/100
|switch|p1a: Dragapult|Dragapult, F|51/100
|-damage|p1a: Dragapult|39/100|[from] Stealth Rock
|-damage|p2a: Conkeldurr|94/100|[from] Stealth Rock
|turn|27
|inactive|Battle timer is ON: inactive players will automatically lose when time's up. (requested by goran el draco)
|
|switch|p1a: Excadrill|Excadrill, M|100/100
|-damage|p1a: Excadrill|97/100|[from] Stealth Rock
|-ability|p1a: Excadrill|Mold Breaker
|switch|p2a: Rotom|Rotom-Heat|100/100
|
|-heal|p1a: Excadrill|100/100|[from] item: Leftovers
|upkeep
|turn|28
|
|move|p1a: Excadrill|Earthquake|p2a: Rotom
|-supereffective|p2a: Rotom
|-crit|p2a: Rotom
|-damage|p2a: Rotom|0 fnt
|faint|p2a: Rotom
|
|upkeep
|
|switch|p2a: Diggersby|Diggersby, M|91/100
|-damage|p2a: Diggersby|84/100|[from] Stealth Rock
|turn|29
|
|move|p1a: Excadrill|Earthquake|p2a: Diggersby
|-crit|p2a: Diggersby
|-damage|p2a: Diggersby|0 fnt
|faint|p2a: Diggersby
|
|upkeep
|
|switch|p2a: Conkeldurr|Conkeldurr, F|94/100
|-damage|p2a: Conkeldurr|88/100|[from] Stealth Rock
|turn|30
|inactive|DarkSkinnedMLK has 120 seconds left.
|
|switch|p1a: Dragapult|Dragapult, F|39/100
|-damage|p1a: Dragapult|27/100|[from] Stealth Rock
|move|p2a: Conkeldurr|Close Combat|p1a: Dragapult
|-immune|p1a: Dragapult
|
|-status|p2a: Conkeldurr|brn|[from] item: Flame Orb
|upkeep
|turn|31
|
|move|p1a: Dragapult|Hex|p2a: Conkeldurr
|-damage|p2a: Conkeldurr|0 fnt
|faint|p2a: Conkeldurr
|
|upkeep
|
|switch|p2a: Primarina|Primarina, M|83/100
|-damage|p2a: Primarina|70/100|[from] Stealth Rock
|turn|32
|
|move|p1a: Dragapult|Hex|p2a: Primarina
|-damage|p2a: Primarina|30/100
|move|p2a: Primarina|Scald|p1a: Dragapult
|-resisted|p1a: Dragapult
|-damage|p1a: Dragapult|0 fnt
|faint|p1a: Dragapult
|
|-heal|p2a: Primarina|36/100|[from] item: Leftovers
|upkeep
|
|switch|p1a: Excadrill|Excadrill, M|100/100
|-damage|p1a: Excadrill|97/100|[from] Stealth Rock
|-ability|p1a: Excadrill|Mold Breaker
|turn|33
|-message|goran el draco forfeited.
|
|win|DarkSkinnedMLK
|l|‽goran el draco
|raw|DarkSkinnedMLK's rating: 1658 &rarr; <strong>1679</strong><br />(+21 for winning)
|raw|goran el draco's rating: 1672 &rarr; <strong>1652</strong><br />(-20 for losing)
