|j|☆929-h
|j|☆testotesto321
|player|p1|929-h|flannery|1711
|player|p2|testotesto321|bellelba|1644
|teamsize|p1|6
|teamsize|p2|6
|gametype|singles
|gen|8
|tier|[Gen 8] OU
|rated|
|clearpoke
|poke|p1|Torkoal, F|
|poke|p1|Charizard, M|
|poke|p1|Corviknight, F|
|poke|p1|Incineroar, M|
|poke|p1|Venusaur, M|
|poke|p1|Kommo-o, F|
|poke|p2|Gengar, F|
|poke|p2|Zeraora|
|poke|p2|Clefable, F|
|poke|p2|Hippowdon, F|
|poke|p2|Corviknight, F|
|poke|p2|Toxapex, F|
|rule|Sleep Clause Mod: Limit one foe put to sleep
|rule|Species Clause: Limit one of each Pokémon
|rule|OHKO Clause: OHKO moves are banned
|rule|Evasion Moves Clause: Evasion moves are banned
|rule|Endless Battle Clause: Forcing endless battles is banned
|rule|HP Percentage Mod: HP is shown in percentages
|rule|Dynamax Clause: You cannot dynamax
|teampreview
|inactive|Battle timer is ON: inactive players will automatically lose when time's up. (requested by 929-h)
|
|start
|switch|p1a: Torkoal|Torkoal, F|100/100
|switch|p2a: Gengar|Gengar, F|100/100
|-weather|SunnyDay|[from] ability: Drought|[of] p1a: Torkoal
|turn|1
|
|move|p2a: Gengar|Sludge Wave|p1a: Torkoal
|-damage|p1a: Torkoal|0 fnt
|faint|p1a: Torkoal
|
|-weather|SunnyDay|[upkeep]
|upkeep
|
|switch|p1a: susciety|Charizard, M|100/100
|turn|2
|
|switch|p2a: Toxapex|Toxapex, F, shiny|100/100
|move|p1a: susciety|Flamethrower|p2a: Toxapex
|-resisted|p2a: Toxapex
|-damage|p2a: Toxapex|40/100
|
|-weather|SunnyDay|[upkeep]
|-damage|p1a: susciety|88/100|[from] ability: Solar Power|[of] p1a: susciety
|-heal|p2a: Toxapex|46/100|[from] item: Black Sludge
|upkeep
|turn|3
|
|switch|p2a: Hippowdon|Hippowdon, F|100/100
|-weather|Sandstorm|[from] ability: Sand Stream|[of] p2a: Hippowdon
|move|p1a: susciety|Flamethrower|p2a: Hippowdon
|-damage|p2a: Hippowdon|34/100
|
|-weather|Sandstorm|[upkeep]
|-damage|p1a: susciety|82/100|[from] Sandstorm
|upkeep
|turn|4
|
|switch|p2a: Toxapex|Toxapex, F, shiny|79/100
|move|p1a: susciety|Flamethrower|p2a: Toxapex
|-resisted|p2a: Toxapex
|-damage|p2a: Toxapex|53/100
|-status|p2a: Toxapex|brn
|
|-weather|Sandstorm|[upkeep]
|-damage|p1a: susciety|76/100|[from] Sandstorm
|-damage|p2a: Toxapex|47/100 brn|[from] Sandstorm
|-heal|p2a: Toxapex|53/100 brn|[from] item: Black Sludge
|-damage|p2a: Toxapex|47/100 brn|[from] brn
|upkeep
|turn|5
|
|switch|p1a: Venusaur|Venusaur, M|100/100
|move|p2a: Toxapex|Recover|p2a: Toxapex
|-heal|p2a: Toxapex|97/100 brn
|
|-weather|Sandstorm|[upkeep]
|-damage|p1a: Venusaur|95/100|[from] Sandstorm
|-damage|p2a: Toxapex|91/100 brn|[from] Sandstorm
|-heal|p2a: Toxapex|97/100 brn|[from] item: Black Sludge
|-damage|p2a: Toxapex|91/100 brn|[from] brn
|upkeep
|turn|6
|
|switch|p2a: Gengar|Gengar, F|100/100
|move|p1a: Venusaur|Growth|p1a: Venusaur
|-boost|p1a: Venusaur|atk|1
|-boost|p1a: Venusaur|spa|1
|
|-weather|Sandstorm|[upkeep]
|-damage|p2a: Gengar|94/100|[from] Sandstorm
|-damage|p1a: Venusaur|89/100|[from] Sandstorm
|upkeep
|turn|7
|
|move|p2a: Gengar|Sludge Wave|p1a: Venusaur
|-damage|p1a: Venusaur|8/100
|move|p1a: Venusaur|Weather Ball|p2a: Gengar
|-crit|p2a: Gengar
|-damage|p2a: Gengar|0 fnt
|-damage|p1a: Venusaur|0 fnt|[from] item: Life Orb
|faint|p2a: Gengar
|faint|p1a: Venusaur
|
|-weather|none
|upkeep
|
|switch|p2a: Zeraora|Zeraora|100/100
|switch|p1a: Kommo-o|Kommo-o, F|100/100
|turn|8
|
|move|p1a: Kommo-o|Earthquake|p2a: Zeraora
|-supereffective|p2a: Zeraora
|-damage|p2a: Zeraora|3/100
|move|p2a: Zeraora|Play Rough|p1a: Kommo-o
|-supereffective|p1a: Kommo-o
|-damage|p1a: Kommo-o|0 fnt
|faint|p1a: Kommo-o
|
|upkeep
|
|switch|p1a: Incineroar|Incineroar, M|100/100
|-ability|p1a: Incineroar|Intimidate|boost
|-unboost|p2a: Zeraora|atk|1
|turn|9
|
|switch|p2a: Hippowdon|Hippowdon, F|34/100
|-weather|Sandstorm|[from] ability: Sand Stream|[of] p2a: Hippowdon
|switch|p1a: Corviknight|Corviknight, F|100/100
|-ability|p1a: Corviknight|Pressure
|
|-weather|Sandstorm|[upkeep]
|upkeep
|turn|10
|
|move|p2a: Hippowdon|Slack Off|p2a: Hippowdon
|-heal|p2a: Hippowdon|84/100
|move|p1a: Corviknight|U-turn|p2a: Hippowdon
|-damage|p2a: Hippowdon|76/100
|-damage|p1a: Corviknight|84/100|[from] item: Rocky Helmet|[of] p2a: Hippowdon
|
|switch|p1a: susciety|Charizard, M|76/100|[from]move: U-turn
|
|-weather|Sandstorm|[upkeep]
|-damage|p1a: susciety|70/100|[from] Sandstorm
|upkeep
|turn|11
|
|move|p1a: susciety|Overheat|p2a: Hippowdon
|-damage|p2a: Hippowdon|0 fnt
|-unboost|p1a: susciety|spa|2
|faint|p2a: Hippowdon
|
|-weather|Sandstorm|[upkeep]
|-damage|p1a: susciety|64/100|[from] Sandstorm
|upkeep
|
|switch|p2a: Clefable|Clefable, F, shiny|100/100
|turn|12
|
|switch|p1a: Incineroar|Incineroar, M|100/100
|-ability|p1a: Incineroar|Intimidate|boost
|-unboost|p2a: Clefable|atk|1
|move|p2a: Clefable|Moonblast|p1a: Incineroar
|-damage|p1a: Incineroar|62/100
|
|-weather|Sandstorm|[upkeep]
|-damage|p1a: Incineroar|56/100|[from] Sandstorm
|upkeep
|turn|13
|
|move|p2a: Clefable|Moonblast|p1a: Incineroar
|-damage|p1a: Incineroar|10/100
|move|p1a: Incineroar|Knock Off|p2a: Clefable
|-resisted|p2a: Clefable
|-damage|p2a: Clefable|77/100
|-enditem|p2a: Clefable|Life Orb|[from] move: Knock Off|[of] p1a: Incineroar
|
|-weather|none
|upkeep
|turn|14
|
|switch|p1a: susciety|Charizard, M|64/100
|move|p2a: Clefable|Flamethrower|p1a: susciety
|-resisted|p1a: susciety
|-damage|p1a: susciety|47/100
|
|upkeep
|turn|15
|
|switch|p2a: Toxapex|Toxapex, F, shiny|100/100 brn
|move|p1a: susciety|Overheat|p2a: Toxapex
|-resisted|p2a: Toxapex
|-damage|p2a: Toxapex|60/100 brn
|-unboost|p1a: susciety|spa|2
|
|-heal|p2a: Toxapex|67/100 brn|[from] item: Black Sludge
|-damage|p2a: Toxapex|60/100 brn|[from] brn
|upkeep
|turn|16
|
|switch|p1a: Corviknight|Corviknight, F|84/100
|-ability|p1a: Corviknight|Pressure
|switch|p2a: Corviknight|Corviknight, F, shiny|100/100
|-ability|p2a: Corviknight|Pressure
|
|upkeep
|turn|17
|
|move|p2a: Corviknight|U-turn|p1a: Corviknight
|-resisted|p1a: Corviknight
|-damage|p1a: Corviknight|82/100
|-damage|p2a: Corviknight|84/100|[from] item: Rocky Helmet|[of] p1a: Corviknight
|
|switch|p2a: Clefable|Clefable, F, shiny|77/100|[from]move: U-turn
|move|p1a: Corviknight|U-turn|p2a: Clefable
|-resisted|p2a: Clefable
|-damage|p2a: Clefable|67/100
|
|switch|p1a: susciety|Charizard, M|47/100|[from]move: U-turn
|
|upkeep
|turn|18
|
|switch|p2a: Toxapex|Toxapex, F, shiny|94/100 brn
|move|p1a: susciety|Fire Blast|p2a: Toxapex
|-resisted|p2a: Toxapex
|-damage|p2a: Toxapex|60/100 brn
|
|-heal|p2a: Toxapex|66/100 brn|[from] item: Black Sludge
|-damage|p2a: Toxapex|60/100 brn|[from] brn
|upkeep
|turn|19
|
|move|p1a: susciety|Fire Blast|p2a: Toxapex
|-resisted|p2a: Toxapex
|-damage|p2a: Toxapex|30/100 brn
|move|p2a: Toxapex|Recover|p2a: Toxapex
|-heal|p2a: Toxapex|80/100 brn
|
|-heal|p2a: Toxapex|86/100 brn|[from] item: Black Sludge
|-damage|p2a: Toxapex|80/100 brn|[from] brn
|upkeep
|turn|20
|
|switch|p1a: Corviknight|Corviknight, F|82/100
|-ability|p1a: Corviknight|Pressure
|move|p2a: Toxapex|Recover|p2a: Toxapex
|-heal|p2a: Toxapex|100/100 brn
|
|-damage|p2a: Toxapex|94/100 brn|[from] brn
|upkeep
|turn|21
|
|move|p1a: Corviknight|Body Press|p2a: Toxapex
|-resisted|p2a: Toxapex
|-damage|p2a: Toxapex|87/100 brn
|move|p2a: Toxapex|Scald|p1a: Corviknight
|-damage|p1a: Corviknight|65/100
|
|-heal|p2a: Toxapex|93/100 brn|[from] item: Black Sludge
|-damage|p2a: Toxapex|87/100 brn|[from] brn
|upkeep
|turn|22
|
|move|p1a: Corviknight|Body Press|p2a: Toxapex
|-resisted|p2a: Toxapex
|-damage|p2a: Toxapex|78/100 brn
|move|p2a: Toxapex|Scald|p1a: Corviknight
|-damage|p1a: Corviknight|49/100
|
|-heal|p2a: Toxapex|84/100 brn|[from] item: Black Sludge
|-damage|p2a: Toxapex|78/100 brn|[from] brn
|upkeep
|turn|23
|
|move|p1a: Corviknight|Roost|p1a: Corviknight
|-heal|p1a: Corviknight|99/100
|-singleturn|p1a: Corviknight|move: Roost
|move|p2a: Toxapex|Scald|p1a: Corviknight
|-damage|p1a: Corviknight|83/100
|
|-heal|p2a: Toxapex|84/100 brn|[from] item: Black Sludge
|-damage|p2a: Toxapex|78/100 brn|[from] brn
|upkeep
|turn|24
|
|move|p1a: Corviknight|Body Press|p2a: Toxapex
|-resisted|p2a: Toxapex
|-damage|p2a: Toxapex|70/100 brn
|move|p2a: Toxapex|Scald|p1a: Corviknight
|-damage|p1a: Corviknight|67/100
|
|-heal|p2a: Toxapex|76/100 brn|[from] item: Black Sludge
|-damage|p2a: Toxapex|70/100 brn|[from] brn
|upkeep
|turn|25
|
|move|p1a: Corviknight|Body Press|p2a: Toxapex
|-resisted|p2a: Toxapex
|-damage|p2a: Toxapex|62/100 brn
|move|p2a: Toxapex|Scald|p1a: Corviknight
|-damage|p1a: Corviknight|51/100
|-status|p1a: Corviknight|brn
|
|-heal|p2a: Toxapex|69/100 brn|[from] item: Black Sludge
|-damage|p1a: Corviknight|45/100 brn|[from] brn
|-damage|p2a: Toxapex|62/100 brn|[from] brn
|upkeep
|turn|26
|
|move|p1a: Corviknight|U-turn|p2a: Toxapex
|-resisted|p2a: Toxapex
|-damage|p2a: Toxapex|60/100 brn
|
|switch|p1a: Incineroar|Incineroar, M|10/100|[from]move: U-turn
|-ability|p1a: Incineroar|Intimidate|boost
|-unboost|p2a: Toxapex|atk|1
|move|p2a: Toxapex|Scald|p1a: Incineroar
|-supereffective|p1a: Incineroar
|-damage|p1a: Incineroar|0 fnt
|faint|p1a: Incineroar
|
|-heal|p2a: Toxapex|67/100 brn|[from] item: Black Sludge
|-damage|p2a: Toxapex|60/100 brn|[from] brn
|upkeep
|
|switch|p1a: susciety|Charizard, M|47/100
|turn|27
|
|move|p1a: susciety|Overheat|p2a: Toxapex
|-resisted|p2a: Toxapex
|-damage|p2a: Toxapex|22/100 brn
|-unboost|p1a: susciety|spa|2
|move|p2a: Toxapex|Recover|p2a: Toxapex
|-heal|p2a: Toxapex|72/100 brn
|
|-heal|p2a: Toxapex|78/100 brn|[from] item: Black Sludge
|-damage|p2a: Toxapex|72/100 brn|[from] brn
|upkeep
|turn|28
|-message|929-h forfeited.
|
|win|testotesto321
