|j|☆Vince1314
|j|☆bramitoboy
|t:|1667341672
|gametype|singles
|player|p1|Vince1314|266|1714
|player|p2|bramitoboy|265|1774
|teamsize|p1|6
|teamsize|p2|6
|gen|8
|tier|[Gen 8] OU
|rated|
|rule|Sleep Clause Mod: Limit one foe put to sleep
|rule|Species Clause: Limit one of each Pokémon
|rule|OHKO Clause: OHKO moves are banned
|rule|Evasion Items Clause: Evasion items are banned
|rule|Evasion Moves Clause: Evasion moves are banned
|rule|Endless Battle Clause: Forcing endless battles is banned
|rule|HP Percentage Mod: HP is shown in percentages
|rule|Dynamax Clause: You cannot dynamax
|clearpoke
|poke|p1|Ferrothorn, M|
|poke|p1|Scizor, F|
|poke|p1|Landorus-Therian, M|
|poke|p1|Garchomp, M|
|poke|p1|Tapu Fini|
|poke|p1|Urshifu-*, F|
|poke|p2|Zarude-Dada|
|poke|p2|Keldeo-Resolute|
|poke|p2|Tapu Lele|
|poke|p2|Tapu Koko|
|poke|p2|Heatran, M|
|poke|p2|Landorus-Therian, M|
|teampreview
|inactive|Battle timer is ON: inactive players will automatically lose when time's up. (requested by Vince1314)
|
|t:|1667341690
|start
|switch|p1a: Urshifu|Urshifu-Rapid-Strike, F|100/100
|switch|p2a: Tapu Lele|Tapu Lele|100/100
|-fieldstart|move: Psychic Terrain|[from] ability: Psychic Surge|[of] p2a: Tapu Lele
|turn|1
|
|t:|1667341696
|switch|p1a: Landorus|Landorus-Therian, M|100/100
|-ability|p1a: Landorus|Intimidate|boost
|-unboost|p2a: Tapu Lele|atk|1
|switch|p2a: Keldeo|Keldeo-Resolute|100/100
|
|upkeep
|turn|2
|
|t:|1667341703
|switch|p2a: Tapu Lele|Tapu Lele|100/100
|switch|p1a: Tapu Fini|Tapu Fini|100/100
|-fieldstart|move: Misty Terrain|[from] ability: Misty Surge|[of] p1a: Tapu Fini
|
|upkeep
|turn|3
|
|t:|1667341710
|move|p1a: Tapu Fini|Moonblast|p2a: Tapu Lele
|-damage|p2a: Tapu Lele|71/100
|move|p2a: Tapu Lele|Focus Blast|p1a: Tapu Fini
|-resisted|p1a: Tapu Fini
|-damage|p1a: Tapu Fini|77/100
|
|upkeep
|turn|4
|
|t:|1667341716
|switch|p1a: Landorus|Landorus-Therian, M|100/100
|-ability|p1a: Landorus|Intimidate|boost
|-unboost|p2a: Tapu Lele|atk|1
|move|p2a: Tapu Lele|Thunderbolt|p1a: Landorus
|-immune|p1a: Landorus
|
|upkeep
|turn|5
|
|t:|1667341722
|move|p2a: Tapu Lele|Moonblast|p1a: Landorus
|-damage|p1a: Landorus|60/100
|move|p1a: Landorus|Knock Off|p2a: Tapu Lele
|-damage|p2a: Tapu Lele|25/100
|-enditem|p2a: Tapu Lele|Assault Vest|[from] move: Knock Off|[of] p1a: Landorus
|
|-heal|p1a: Landorus|66/100|[from] item: Leftovers
|upkeep
|turn|6
|
|t:|1667341730
|switch|p2a: Landorus|Landorus-Therian, M|100/100
|-ability|p2a: Landorus|Intimidate|boost
|-unboost|p1a: Landorus|atk|1
|move|p1a: Landorus|U-turn|p2a: Landorus
|-resisted|p2a: Landorus
|-damage|p2a: Landorus|94/100
|-damage|p1a: Landorus|50/100|[from] item: Rocky Helmet|[of] p2a: Landorus
|
|t:|1667341740
|switch|p1a: Urshifu|Urshifu-Rapid-Strike, F|100/100|[from]move: U-turn
|
|-fieldend|Misty Terrain
|upkeep
|turn|7
|
|t:|1667341744
|switch|p2a: Keldeo|Keldeo-Resolute|100/100
|move|p1a: Urshifu|Surging Strikes|p2a: Keldeo
|-resisted|p2a: Keldeo
|-crit|p2a: Keldeo
|-damage|p2a: Keldeo|84/100
|-resisted|p2a: Keldeo
|-crit|p2a: Keldeo
|-damage|p2a: Keldeo|68/100
|-resisted|p2a: Keldeo
|-crit|p2a: Keldeo
|-damage|p2a: Keldeo|49/100
|-hitcount|p2a: Keldeo|3
|
|-heal|p2a: Keldeo|55/100|[from] item: Leftovers
|upkeep
|turn|8
|j| Le Herbo
|
|t:|1667341756
|switch|p2a: Zarude|Zarude-Dada|100/100
|switch|p1a: Tapu Fini|Tapu Fini|77/100
|-fieldstart|move: Misty Terrain|[from] ability: Misty Surge|[of] p1a: Tapu Fini
|
|upkeep
|turn|9
|l| Le Herbo
|
|t:|1667341762
|switch|p1a: Scizor|Scizor, F|100/100
|move|p2a: Zarude|Power Whip|p1a: Scizor
|-resisted|p1a: Scizor
|-damage|p1a: Scizor|88/100
|-damage|p2a: Zarude|91/100|[from] item: Life Orb
|
|-heal|p1a: Scizor|94/100|[from] item: Leftovers
|upkeep
|turn|10
|
|t:|1667341770
|switch|p2a: Tapu Koko|Tapu Koko|100/100
|-fieldstart|move: Electric Terrain|[from] ability: Electric Surge|[of] p2a: Tapu Koko
|move|p1a: Scizor|U-turn|p2a: Tapu Koko
|-resisted|p2a: Tapu Koko
|-damage|p2a: Tapu Koko|81/100
|
|t:|1667341776
|switch|p1a: Landorus|Landorus-Therian, M|50/100|[from]move: U-turn
|-ability|p1a: Landorus|Intimidate|boost
|-unboost|p2a: Tapu Koko|atk|1
|
|-heal|p1a: Landorus|56/100|[from] item: Leftovers
|upkeep
|turn|11
|
|t:|1667341782
|move|p2a: Tapu Koko|Dazzling Gleam|p1a: Landorus
|-damage|p1a: Landorus|26/100
|move|p1a: Landorus|Knock Off|p2a: Tapu Koko
|-resisted|p2a: Tapu Koko
|-damage|p2a: Tapu Koko|59/100
|-enditem|p2a: Tapu Koko|Choice Scarf|[from] move: Knock Off|[of] p1a: Landorus
|
|-heal|p1a: Landorus|32/100|[from] item: Leftovers
|upkeep
|turn|12
|
|t:|1667341790
|switch|p2a: Landorus|Landorus-Therian, M|94/100
|-ability|p2a: Landorus|Intimidate|boost
|-unboost|p1a: Landorus|atk|1
|move|p1a: Landorus|Stealth Rock|p2a: Landorus
|-sidestart|p2: bramitoboy|move: Stealth Rock
|
|-heal|p1a: Landorus|38/100|[from] item: Leftovers
|upkeep
|turn|13
|
|t:|1667341798
|switch|p1a: Urshifu|Urshifu-Rapid-Strike, F|100/100
|move|p2a: Landorus|Knock Off|p1a: Urshifu
|-resisted|p1a: Urshifu
|-damage|p1a: Urshifu|85/100
|-enditem|p1a: Urshifu|Choice Band|[from] move: Knock Off|[of] p2a: Landorus
|
|upkeep
|turn|14
|
|t:|1667341806
|switch|p2a: Zarude|Zarude-Dada|91/100
|-damage|p2a: Zarude|78/100|[from] Stealth Rock
|move|p1a: Urshifu|Surging Strikes|p2a: Zarude
|-resisted|p2a: Zarude
|-crit|p2a: Zarude
|-damage|p2a: Zarude|68/100
|-resisted|p2a: Zarude
|-crit|p2a: Zarude
|-damage|p2a: Zarude|59/100
|-resisted|p2a: Zarude
|-crit|p2a: Zarude
|-damage|p2a: Zarude|49/100
|-hitcount|p2a: Zarude|3
|
|-fieldend|move: Electric Terrain
|upkeep
|turn|15
|
|t:|1667341818
|switch|p1a: Scizor|Scizor, F|94/100
|move|p2a: Zarude|Darkest Lariat|p1a: Scizor
|-damage|p1a: Scizor|57/100
|-damage|p2a: Zarude|39/100|[from] item: Life Orb
|
|-heal|p1a: Scizor|63/100|[from] item: Leftovers
|upkeep
|turn|16
|
|t:|1667341826
|switch|p2a: Heatran|Heatran, M|100/100
|-damage|p2a: Heatran|88/100|[from] Stealth Rock
|-item|p2a: Heatran|Air Balloon
|move|p1a: Scizor|U-turn|p2a: Heatran
|-resisted|p2a: Heatran
|-damage|p2a: Heatran|82/100
|-enditem|p2a: Heatran|Air Balloon
|-message|bramitoboy forfeited.
|
|win|Vince1314
|raw|Vince1314's rating: 1714 &rarr; <strong>1737</strong><br />(+23 for winning)
|raw|bramitoboy's rating: 1774 &rarr; <strong>1751</strong><br />(-23 for losing)
|l|☆bramitoboy
