|j|☆LT_Alt1
|j|☆LT93OQ #savetf2
|t:|1660898886
|gametype|singles
|player|p1|LT_Alt1|101|1755
|player|p2|LT93OQ #savetf2|maid-gen4|1713
|teamsize|p1|6
|teamsize|p2|6
|gen|8
|tier|[Gen 8] OU
|rated|
|rule|Sleep Clause Mod: Limit one foe put to sleep
|rule|Species Clause: Limit one of each Pokémon
|rule|OHKO Clause: OHKO moves are banned
|rule|Evasion Items Clause: Evasion items are banned
|rule|Evasion Moves Clause: Evasion moves are banned
|rule|Endless Battle Clause: Forcing endless battles is banned
|rule|HP Percentage Mod: HP is shown in percentages
|rule|Dynamax Clause: You cannot dynamax
|clearpoke
|poke|p1|Alakazam, F|
|poke|p1|Chansey, F|
|poke|p1|Zapdos|
|poke|p1|Clefable, F|
|poke|p1|Slowbro, F|
|poke|p1|Rhydon, F|
|poke|p2|Rotom-Wash|
|poke|p2|Clefable, M|
|poke|p2|Landorus-Therian, M|
|poke|p2|Kartana|
|poke|p2|Heatran, F|
|poke|p2|Weavile, M|
|teampreview
|c|☆LT93OQ #savetf2|awesome team
|c|☆LT93OQ #savetf2|i love it
|
|t:|1660898919
|start
|switch|p1a: Chansey|Chansey, F|100/100
|switch|p2a: Rotom|Rotom-Wash|100/100
|turn|1
|
|t:|1660898923
|move|p2a: Rotom|Volt Switch|p1a: Chansey
|-damage|p1a: Chansey|93/100
|
|t:|1660898925
|switch|p2a: Clefable|Clefable, M|100/100|[from]move: Volt Switch
|move|p1a: Chansey|Teleport|p1a: Chansey
|
|t:|1660898929
|switch|p1a: Slowbro|Slowbro, F|100/100|[from]move: Teleport
|
|upkeep
|turn|2
|
|t:|1660898933
|move|p2a: Clefable|Stealth Rock|p1a: Slowbro
|-sidestart|p1: LT_Alt1|move: Stealth Rock
|move|p1a: Slowbro|Future Sight|p2a: Clefable
|-start|p1a: Slowbro|move: Future Sight
|
|upkeep
|turn|3
|
|t:|1660898938
|move|p2a: Clefable|Thunder Wave|p1a: Slowbro|[miss]
|-miss|p2a: Clefable|p1a: Slowbro
|move|p1a: Slowbro|Teleport|p1a: Slowbro
|
|t:|1660898942
|switch|p1a: Rhydon|Rhydon, F|100/100|[from]move: Teleport
|-damage|p1a: Rhydon|94/100|[from] Stealth Rock
|
|upkeep
|turn|4
|
|t:|1660898947
|move|p1a: Rhydon|Stealth Rock|p2a: Clefable
|-sidestart|p2: LT93OQ #savetf2|move: Stealth Rock
|move|p2a: Clefable|Moonblast|p1a: Rhydon
|-damage|p1a: Rhydon|57/100
|
|-end|p2a: Clefable|move: Future Sight
|-damage|p2a: Clefable|59/100
|upkeep
|turn|5
|
|t:|1660898954
|move|p1a: Rhydon|Stone Edge|p2a: Clefable
|-damage|p2a: Clefable|13/100
|move|p2a: Clefable|Soft-Boiled|p2a: Clefable
|-heal|p2a: Clefable|63/100
|
|upkeep
|turn|6
|
|t:|1660898960
|move|p1a: Rhydon|Stone Edge|p2a: Clefable
|-crit|p2a: Clefable
|-damage|p2a: Clefable|2/100
|move|p2a: Clefable|Soft-Boiled|p2a: Clefable
|-heal|p2a: Clefable|52/100
|
|upkeep
|turn|7
|
|t:|1660898968
|move|p1a: Rhydon|Stone Edge|p2a: Clefable
|-damage|p2a: Clefable|9/100
|move|p2a: Clefable|Soft-Boiled|p2a: Clefable
|-heal|p2a: Clefable|59/100
|
|upkeep
|turn|8
|
|t:|1660898973
|move|p1a: Rhydon|Earthquake|p2a: Clefable
|-damage|p2a: Clefable|18/100
|move|p2a: Clefable|Soft-Boiled|p2a: Clefable
|-heal|p2a: Clefable|68/100
|
|upkeep
|turn|9
|
|t:|1660898978
|move|p1a: Rhydon|Earthquake|p2a: Clefable
|-damage|p2a: Clefable|26/100
|move|p2a: Clefable|Soft-Boiled|p2a: Clefable
|-heal|p2a: Clefable|76/100
|
|upkeep
|turn|10
|
|t:|1660898992
|switch|p1a: Alakazam|Alakazam, F|100/100
|move|p2a: Clefable|Soft-Boiled|p2a: Clefable
|-heal|p2a: Clefable|100/100
|
|upkeep
|turn|11
|
|t:|1660898997
|move|p1a: Alakazam|Encore|p2a: Clefable
|-start|p2a: Clefable|Encore
|move|p2a: Clefable|Soft-Boiled||[still]
|-fail|p2a: Clefable|heal
|
|upkeep
|turn|12
|j| Poisless
|
|t:|1660899002
|switch|p2a: Rotom|Rotom-Wash|100/100
|-damage|p2a: Rotom|88/100|[from] Stealth Rock
|move|p1a: Alakazam|Dazzling Gleam|p2a: Rotom
|-damage|p2a: Rotom|58/100
|
|-heal|p2a: Rotom|64/100|[from] item: Leftovers
|upkeep
|turn|13
|
|t:|1660899009
|move|p1a: Alakazam|Psychic|p2a: Rotom
|-damage|p2a: Rotom|10/100
|move|p2a: Rotom|Pain Split|p1a: Alakazam
|-sethp|p1a: Alakazam|56/100|[from] move: Pain Split|[silent]
|-sethp|p2a: Rotom|47/100|[from] move: Pain Split
|
|-heal|p2a: Rotom|53/100|[from] item: Leftovers
|upkeep
|turn|14
|j| SoulDewRegice
|j| LT93OQ PC
|
|t:|1660899023
|switch|p2a: Weavile|Weavile, M|100/100
|-damage|p2a: Weavile|76/100|[from] Stealth Rock
|move|p1a: Alakazam|Psychic|p2a: Weavile
|-immune|p2a: Weavile
|
|upkeep
|turn|15
|c|☆LT_Alt1|can't believe u really went him
|
|t:|1660899053
|switch|p1a: Clefable|Clefable, F|100/100
|move|p2a: Weavile|Knock Off|p1a: Clefable
|-resisted|p1a: Clefable
|-damage|p1a: Clefable|68/100
|-enditem|p1a: Clefable|Life Orb|[from] move: Knock Off|[of] p2a: Weavile
|
|upkeep
|turn|16
|c|☆LT93OQ #savetf2|as if im using my brain
|c|☆LT93OQ #savetf2|look at the time
|
|t:|1660899072
|switch|p2a: Clefable|Clefable, M|100/100
|move|p1a: Clefable|Thunder|p2a: Clefable|[miss]
|-miss|p1a: Clefable|p2a: Clefable
|
|upkeep
|turn|17
|
|t:|1660899079
|switch|p1a: Zapdos|Zapdos|100/100
|move|p2a: Clefable|Thunder Wave|p1a: Zapdos
|-immune|p1a: Zapdos
|
|upkeep
|turn|18
|
|t:|1660899090
|move|p1a: Zapdos|Hurricane|p2a: Clefable
|-damage|p2a: Clefable|55/100
|-start|p2a: Clefable|confusion
|-activate|p2a: Clefable|confusion
|move|p2a: Clefable|Moonblast|p1a: Zapdos
|-damage|p1a: Zapdos|68/100
|-unboost|p1a: Zapdos|spa|1
|
|upkeep
|turn|19
|
|t:|1660899098
|move|p1a: Zapdos|Roost|p1a: Zapdos
|-heal|p1a: Zapdos|100/100
|-singleturn|p1a: Zapdos|move: Roost
|-activate|p2a: Clefable|confusion
|move|p2a: Clefable|Soft-Boiled|p2a: Clefable
|-heal|p2a: Clefable|100/100
|
|upkeep
|turn|20
|
|t:|1660899107
|move|p1a: Zapdos|Light Screen|p1a: Zapdos
|-sidestart|p1: LT_Alt1|move: Light Screen
|-activate|p2a: Clefable|confusion
|move|p2a: Clefable|Moonblast|p1a: Zapdos
|-damage|p1a: Zapdos|85/100
|-unboost|p1a: Zapdos|spa|1
|
|upkeep
|turn|21
|
|t:|1660899120
|switch|p2a: Landorus|Landorus-Therian, M|100/100
|-damage|p2a: Landorus|88/100|[from] Stealth Rock
|-ability|p2a: Landorus|Intimidate|boost
|-unboost|p1a: Zapdos|atk|1
|move|p1a: Zapdos|Volt Switch|p2a: Landorus
|-immune|p2a: Landorus
|
|-heal|p2a: Landorus|94/100|[from] item: Leftovers
|upkeep
|turn|22
|
|t:|1660899130
|switch|p1a: Alakazam|Alakazam, F|56/100
|move|p2a: Landorus|Knock Off|p1a: Alakazam
|-supereffective|p1a: Alakazam
|-damage|p1a: Alakazam|0 fnt
|-enditem|p1a: Alakazam|Life Orb|[from] move: Knock Off|[of] p2a: Landorus
|faint|p1a: Alakazam
|
|-heal|p2a: Landorus|99/100|[from] item: Leftovers
|upkeep
|c|☆LT_Alt1|well that's a gg
|c|☆LT93OQ #savetf2|can u pass me thaty
|c|☆LT93OQ #savetf2|that
|c|☆LT93OQ #savetf2|tho
|c|☆LT_Alt1|not sure why people run band weavile on a team with knock off
|c|☆LT_Alt1|if I go bro there, you can't break him with weavile
|c|☆LT_Alt1|gg
|-message|LT_Alt1 forfeited.
|
|win|LT93OQ #savetf2
|raw|LT_Alt1's rating: 1755 &rarr; <strong>1733</strong><br />(-22 for losing)
|raw|LT93OQ #savetf2's rating: 1713 &rarr; <strong>1735</strong><br />(+22 for winning)
|l|☆LT_Alt1
|c|☆LT93OQ #savetf2|:(
|c|☆LT93OQ #savetf2|ff
