|html|<div class="broadcast-blue"><strong>[Gen 8] OU is currently suspecting Melmetal! For information on how to participate check out the <a href="https://www.smogon.com/forums/threads/np-ss-ou-suspect-process-round-12-monster-mash.3709234/">suspect thread</a>.</strong></div>
|j|☆Sexta-Feira13
|j|☆PedroGreg
|inactive|Battle timer is ON: inactive players will automatically lose when time's up.
|t:|1666901248
|gametype|singles
|player|p1|Sexta-Feira13|hexmaniac-gen6|
|player|p2|PedroGreg|#wcop2022brazil|
|teamsize|p1|6
|teamsize|p2|6
|gen|8
|tier|[Gen 8] OU
|rated|Tournament battle
|rule|Sleep Clause Mod: Limit one foe put to sleep
|rule|Species Clause: Limit one of each Pokémon
|rule|OHKO Clause: OHKO moves are banned
|rule|Evasion Items Clause: Evasion items are banned
|rule|Evasion Moves Clause: Evasion moves are banned
|rule|Endless Battle Clause: Forcing endless battles is banned
|rule|HP Percentage Mod: HP is shown in percentages
|rule|Dynamax Clause: You cannot dynamax
|clearpoke
|poke|p1|Dragonite, M|
|poke|p1|Dragapult, F|
|poke|p1|Latias, F|
|poke|p1|Corviknight, F|
|poke|p1|Slowking-Galar, F|
|poke|p1|Zapdos-Galar|
|poke|p2|Golurk|
|poke|p2|Clefable, M|
|poke|p2|Zapdos|
|poke|p2|Urshifu-*, F|
|poke|p2|Blissey, F|
|poke|p2|Heatran, M|
|teampreview
|c|☆PedroGreg|hf
|c|☆Sexta-Feira13|bom dia meu querido
|c|☆Sexta-Feira13|u2
|c|☆PedroGreg|bd
|inactive|Sexta-Feira13 has 120 seconds left.
|j|%beto cachinhos†
|c|%beto cachinhos†|vamo chefe
|
|t:|1666901286
|start
|switch|p1a: R|Zapdos-Galar|100/100
|switch|p2a: Clefable|Clefable, M|100/100
|turn|1
|
|t:|1666901296
|switch|p2a: Zapdos|Zapdos|100/100
|move|p1a: R|U-turn|p2a: Zapdos
|-resisted|p2a: Zapdos
|-damage|p2a: Zapdos|89/100
|j| Lnfofo
|inactive|Sexta-Feira13 has 120 seconds left.
|
|t:|1666901334
|switch|p1a: E|Slowking-Galar, F|100/100|[from]move: U-turn
|
|upkeep
|turn|2
|
|t:|1666901347
|switch|p2a: Golurk|Golurk|100/100
|move|p1a: E|Future Sight|p2a: Golurk
|-start|p1a: E|move: Future Sight
|
|upkeep
|turn|3
|c| Lnfofo|oloco zarude de cria
|
|t:|1666901359
|switch|p1a: D|Corviknight, F|100/100
|-ability|p1a: D|Pressure
|move|p2a: Golurk|Poltergeist|p1a: D
|-activate|p1a: D|move: Poltergeist|Leftovers
|-damage|p1a: D|43/100
|
|-heal|p1a: D|49/100|[from] item: Leftovers
|upkeep
|turn|4
|inactive|Sexta-Feira13 has 120 seconds left.
|
|t:|1666901380
|switch|p2a: Heatran|Heatran, M|100/100
|move|p1a: D|Roost|p1a: D
|-heal|p1a: D|99/100
|-singleturn|p1a: D|move: Roost
|
|-end|p2a: Heatran|move: Future Sight
|-resisted|p2a: Heatran
|-damage|p2a: Heatran|84/100
|-heal|p2a: Heatran|90/100|[from] item: Leftovers
|-heal|p1a: D|100/100|[from] item: Leftovers
|upkeep
|turn|5
|inactive|Sexta-Feira13 has 120 seconds left.
|j| Loose Gengar
|
|t:|1666901392
|switch|p1a: A|Dragonite, M|100/100
|move|p2a: Heatran|Magma Storm|p1a: A
|-resisted|p1a: A
|-damage|p1a: A|91/100
|-activate|p1a: A|move: Magma Storm|[of] p2a: Heatran
|
|-heal|p2a: Heatran|97/100|[from] item: Leftovers
|-damage|p1a: A|79/100|[from] move: Magma Storm|[partiallytrapped]
|upkeep
|turn|6
|inactive|Sexta-Feira13 has 120 seconds left.
|
|t:|1666901405
|switch|p2a: Clefable|Clefable, M|100/100
|move|p1a: A|Earthquake|p2a: Clefable
|-damage|p2a: Clefable|78/100
|
|-end|p1a: A|Magma Storm|[partiallytrapped]|[silent]
|upkeep
|turn|7
|inactive|Sexta-Feira13 has 120 seconds left.
|
|t:|1666901414
|switch|p1a: E|Slowking-Galar, F|100/100
|move|p2a: Clefable|Stealth Rock|p1a: E
|-sidestart|p1: Sexta-Feira13|move: Stealth Rock
|
|upkeep
|turn|8
|inactive|Sexta-Feira13 has 120 seconds left.
|
|t:|1666901438
|switch|p2a: Golurk|Golurk|100/100
|move|p1a: E|Future Sight|p2a: Golurk
|-start|p1a: E|move: Future Sight
|
|upkeep
|turn|9
|
|t:|1666901445
|switch|p1a: D|Corviknight, F|100/100
|-damage|p1a: D|88/100|[from] Stealth Rock
|-ability|p1a: D|Pressure
|move|p2a: Golurk|Poltergeist|p1a: D
|-activate|p1a: D|move: Poltergeist|Leftovers
|-damage|p1a: D|25/100
|
|-heal|p1a: D|31/100|[from] item: Leftovers
|upkeep
|turn|10
|
|t:|1666901455
|move|p2a: Golurk|Poltergeist|p1a: D
|-activate|p1a: D|move: Poltergeist|Leftovers
|-damage|p1a: D|0 fnt
|faint|p1a: D
|
|-end|p2a: Golurk|move: Future Sight
|-damage|p2a: Golurk|35/100
|upkeep
|inactive|Sexta-Feira13 has 120 seconds left.
|inactive|Sexta-Feira13 has 90 seconds left.
|
|t:|1666901496
|switch|p1a: B|Dragapult, F|100/100
|-damage|p1a: B|88/100|[from] Stealth Rock
|turn|11
|
|t:|1666901503
|switch|p2a: Heatran|Heatran, M|97/100
|move|p1a: B|Draco Meteor|p2a: Heatran
|-resisted|p2a: Heatran
|-damage|p2a: Heatran|71/100
|-unboost|p1a: B|spa|2
|
|-heal|p2a: Heatran|78/100|[from] item: Leftovers
|upkeep
|turn|12
|
|t:|1666901515
|switch|p1a: A|Dragonite, M|79/100
|switch|p2a: Clefable|Clefable, M|78/100
|
|upkeep
|turn|13
|
|t:|1666901525
|switch|p1a: E|Slowking-Galar, F|100/100
|-damage|p1a: E|88/100|[from] Stealth Rock
|move|p2a: Clefable|Moonblast|p1a: E
|-resisted|p1a: E
|-damage|p1a: E|81/100
|-unboost|p1a: E|spa|1
|
|upkeep
|turn|14
|
|t:|1666901536
|switch|p2a: Heatran|Heatran, M|78/100
|move|p1a: E|Scald|p2a: Heatran
|-supereffective|p2a: Heatran
|-damage|p2a: Heatran|58/100
|
|-heal|p2a: Heatran|65/100|[from] item: Leftovers
|upkeep
|turn|15
|
|t:|1666901545
|switch|p1a: A|Dragonite, M|79/100
|move|p2a: Heatran|Magma Storm|p1a: A|[miss]
|-miss|p2a: Heatran|p1a: A
|
|-heal|p2a: Heatran|71/100|[from] item: Leftovers
|upkeep
|turn|16
|
|t:|1666901553
|switch|p2a: Zapdos|Zapdos|89/100
|move|p1a: A|Roost|p1a: A
|-heal|p1a: A|100/100
|-singleturn|p1a: A|move: Roost
|
|upkeep
|turn|17
|
|t:|1666901563
|move|p2a: Zapdos|Discharge|p1a: A
|-damage|p1a: A|85/100
|-status|p1a: A|par
|move|p1a: A|Ice Beam|p2a: Zapdos
|-supereffective|p2a: Zapdos
|-damage|p2a: Zapdos|47/100
|
|upkeep
|turn|18
|
|t:|1666901569
|move|p2a: Zapdos|Roost|p2a: Zapdos
|-heal|p2a: Zapdos|97/100
|-singleturn|p2a: Zapdos|move: Roost
|move|p1a: A|Heal Bell|p1a: A
|-activate|p1a: A|move: Heal Bell
|-curestatus|p1a: A|par|[msg]
|
|upkeep
|turn|19
|
|t:|1666901575
|switch|p2a: Blissey|Blissey, F|100/100
|move|p1a: A|Ice Beam|p2a: Blissey
|-damage|p2a: Blissey|92/100
|
|upkeep
|turn|20
|inactive|Sexta-Feira13 has 120 seconds left.
|j|+A•xima
|c|+A•xima|PedroGreg só ganha do beto
|
|t:|1666901611
|move|p1a: A|Earthquake|p2a: Blissey
|-damage|p2a: Blissey|65/100
|move|p2a: Blissey|Toxic|p1a: A
|-status|p1a: A|tox
|
|-damage|p1a: A|79/100 tox|[from] psn
|upkeep
|turn|21
|c|+A•xima|me roubaram num crit de steam eruption aqui
|c|☆PedroGreg|foda
|inactive|Sexta-Feira13 has 90 seconds left.
|
|t:|1666901650
|move|p1a: A|Heal Bell|p1a: A
|-activate|p1a: A|move: Heal Bell
|-curestatus|p1a: A|tox|[msg]
|move|p2a: Blissey|Soft-Boiled|p2a: Blissey
|-heal|p2a: Blissey|100/100
|
|upkeep
|turn|22
|
|t:|1666901656
|switch|p1a: E|Slowking-Galar, F|100/100
|-damage|p1a: E|88/100|[from] Stealth Rock
|move|p2a: Blissey|Toxic|p1a: E
|-immune|p1a: E
|
|upkeep
|turn|23
|c|%beto cachinhos†|Sexta-Feira13
|
|t:|1666901666
|move|p1a: E|Future Sight|p2a: Blissey
|-start|p1a: E|move: Future Sight
|move|p2a: Blissey|Teleport|p2a: Blissey
|c|%beto cachinhos†|tem gente q onde vai
|c|%beto cachinhos†|chora
|c|%beto cachinhos†|KKKKKKKKK
|
|t:|1666901668
|switch|p2a: Golurk|Golurk|35/100|[from]move: Teleport
|
|upkeep
|turn|24
|l|%beto cachinhos†
|inactive|Sexta-Feira13 has 90 seconds left.
|c| Lnfofo|q isso rapeizeKKKKKKKKKK
|
|t:|1666901687
|switch|p1a: R|Zapdos-Galar|100/100
|-damage|p1a: R|88/100|[from] Stealth Rock
|move|p2a: Golurk|Poltergeist|p1a: R
|-activate|p1a: R|move: Poltergeist|Choice Band
|-damage|p1a: R|0 fnt
|faint|p1a: R
|
|upkeep
|
|t:|1666901708
|switch|p1a: A|Dragonite, M|79/100
|turn|25
|
|t:|1666901714
|switch|p2a: Blissey|Blissey, F|100/100
|move|p1a: A|Ice Beam|p2a: Blissey
|-crit|p2a: Blissey
|-damage|p2a: Blissey|89/100
|
|-end|p2a: Blissey|move: Future Sight
|-damage|p2a: Blissey|70/100
|upkeep
|turn|26
|inactive|Sexta-Feira13 has 60 seconds left.
|j| isabela000◥▶_◀◤
|inactive|Sexta-Feira13 has 30 seconds left.
|
|t:|1666901775
|move|p1a: A|Earthquake|p2a: Blissey
|-damage|p2a: Blissey|44/100
|move|p2a: Blissey|Soft-Boiled|p2a: Blissey
|-heal|p2a: Blissey|94/100
|
|upkeep
|turn|27
|
|t:|1666901786
|switch|p1a: E|Slowking-Galar, F|100/100
|-damage|p1a: E|88/100|[from] Stealth Rock
|move|p2a: Blissey|Teleport|p2a: Blissey
|
|t:|1666901788
|switch|p2a: Golurk|Golurk|35/100|[from]move: Teleport
|
|upkeep
|turn|28
|inactive|Sexta-Feira13 has 30 seconds left.
|inactive|Sexta-Feira13 has 20 seconds left.
|
|t:|1666901823
|switch|p1a: A|Dragonite, M|79/100
|move|p2a: Golurk|Poltergeist|p1a: A
|-activate|p1a: A|move: Poltergeist|Heavy-Duty Boots
|-damage|p1a: A|24/100
|
|upkeep
|turn|29
|inactive|Sexta-Feira13 has 30 seconds left this turn.
|c|☆PedroGreg|aff
|c|☆PedroGreg|grodo
|c|☆PedroGreg|gordo
|
|t:|1666901845
|switch|p2a: Blissey|Blissey, F|94/100
|move|p1a: A|Roost|p1a: A
|-heal|p1a: A|74/100
|-singleturn|p1a: A|move: Roost
|
|upkeep
|turn|30
|
|t:|1666901850
|switch|p1a: E|Slowking-Galar, F|100/100
|-damage|p1a: E|88/100|[from] Stealth Rock
|move|p2a: Blissey|Seismic Toss|p1a: E
|-damage|p1a: E|63/100
|
|upkeep
|turn|31
|inactive|Sexta-Feira13 has 30 seconds left.
|inactive|Sexta-Feira13 has 20 seconds left.
|
|t:|1666901877
|move|p2a: Blissey|Seismic Toss|p1a: E
|-damage|p1a: E|37/100
|move|p1a: E|Sludge Bomb|p2a: Blissey
|-damage|p2a: Blissey|79/100
|
|upkeep
|turn|32
|inactive|Sexta-Feira13 has 30 seconds left this turn.
|
|t:|1666901889
|switch|p1a: A|Dragonite, M|74/100
|move|p2a: Blissey|Toxic|p1a: A
|-status|p1a: A|tox
|
|-damage|p1a: A|68/100 tox|[from] psn
|upkeep
|turn|33
|inactive|Sexta-Feira13 has 30 seconds left.
|c| Lnfofo|32 turnos de puro sofrimento
|
|t:|1666901897
|move|p1a: A|Heal Bell|p1a: A
|-activate|p1a: A|move: Heal Bell
|-curestatus|p1a: A|tox|[msg]
|move|p2a: Blissey|Seismic Toss|p1a: A
|-damage|p1a: A|42/100
|
|upkeep
|turn|34
|
|t:|1666901902
|move|p1a: A|Roost|p1a: A
|-heal|p1a: A|92/100
|-singleturn|p1a: A|move: Roost
|move|p2a: Blissey|Toxic|p1a: A
|-status|p1a: A|tox
|
|-damage|p1a: A|86/100 tox|[from] psn
|upkeep
|turn|35
|
|t:|1666901914
|move|p1a: A|Earthquake|p2a: Blissey
|-damage|p2a: Blissey|53/100
|move|p2a: Blissey|Toxic|p1a: A
|-fail|p1a: A|tox
|
|-damage|p1a: A|73/100 tox|[from] psn
|upkeep
|turn|36
|
|t:|1666901922
|move|p1a: A|Heal Bell|p1a: A
|-activate|p1a: A|move: Heal Bell
|-curestatus|p1a: A|tox|[msg]
|move|p2a: Blissey|Soft-Boiled|p2a: Blissey
|-heal|p2a: Blissey|100/100
|
|upkeep
|turn|37
|
|t:|1666901929
|switch|p1a: E|Slowking-Galar, F|71/100
|-damage|p1a: E|58/100|[from] Stealth Rock
|move|p2a: Blissey|Teleport|p2a: Blissey
|
|t:|1666901938
|switch|p2a: Golurk|Golurk|35/100|[from]move: Teleport
|
|upkeep
|turn|38
|
|t:|1666901947
|switch|p1a: A|Dragonite, M|73/100
|move|p2a: Golurk|Stone Edge|p1a: A
|-supereffective|p1a: A
|-damage|p1a: A|0 fnt
|faint|p1a: A
|
|upkeep
|c|☆Sexta-Feira13|não é ice punch sob
|inactive|Sexta-Feira13 has 30 seconds left.
|
|t:|1666901978
|switch|p1a: C|Latias, F|100/100
|-damage|p1a: C|88/100|[from] Stealth Rock
|turn|39
|
|t:|1666901988
|switch|p2a: Blissey|Blissey, F|100/100
|move|p1a: C|Calm Mind|p1a: C
|-boost|p1a: C|spa|1
|-boost|p1a: C|spd|1
|
|upkeep
|turn|40
|j| monkaSaur
|inactive|Sexta-Feira13 has 30 seconds left.
|c|☆Sexta-Feira13|mucho triste
|c|☆Sexta-Feira13|!showset latias
|c| Sexta-Feira13|/raw <div class="infobox">C (Latias) (F) @ Weakness Policy  <br />Ability: Levitate  <br />EVs: 4 Def &#x2f; 252 SpA &#x2f; 252 Spe  <br />Timid Nature  <br />- Calm Mind  <br />- Agility  <br />- Stored Power  <br />- Aura Sphere  <br /><br /></div>
|inactive|Sexta-Feira13 has 20 seconds left.
|-message|Sexta-Feira13 forfeited.
|
|win|PedroGreg
|inactive|Sexta-Feira13 has 25 seconds left this turn.
|n|☆Sexta-Feira13|sextafeira13
|n|☆PedroGreg|pedrogreg
|n| Lnfofo|lnfofo
|n| Loose Gengar|loosegengar
|n| A•xima|axima
|n| isabela000◥▶_◀◤|isabela000
|n| monkaSaur|monkasaur
|c| Lnfofo|i
|c|☆PedroGreg|gg
|c|☆Sexta-Feira13|gg
|l| monkaSaur
|c| Lnfofo|kkkkkkkkkkkkkkkkk
|l|☆PedroGreg
|l| A•xima
|l| Lnfofo
|l|☆Sexta-Feira13
|l| isabela000◥▶_◀◤
