|raw|<div class="broadcast-blue"><strong>This battle is required to be public due to a player having a name starting with 'lt94je'.</div>
|j|☆ripreckful
|j|☆LT94JE DS
|t:|1661358028
|gametype|singles
|player|p1|ripreckful|hilbert|1855
|player|p2|LT94JE DS|lucas|1841
|teamsize|p1|6
|teamsize|p2|6
|gen|8
|tier|[Gen 8] OU
|rated|
|rule|Sleep Clause Mod: Limit one foe put to sleep
|rule|Species Clause: Limit one of each Pokémon
|rule|OHKO Clause: OHKO moves are banned
|rule|Evasion Items Clause: Evasion items are banned
|rule|Evasion Moves Clause: Evasion moves are banned
|rule|Endless Battle Clause: Forcing endless battles is banned
|rule|HP Percentage Mod: HP is shown in percentages
|rule|Dynamax Clause: You cannot dynamax
|clearpoke
|poke|p1|Mew|
|poke|p1|Celesteela|
|poke|p1|Nihilego|
|poke|p1|Kartana|
|poke|p1|Landorus-Therian, M|
|poke|p1|Urshifu-*, F|
|poke|p2|Dragapult, M|
|poke|p2|Zapdos|
|poke|p2|Nihilego|
|poke|p2|Ferrothorn, F|
|poke|p2|Landorus-Therian, M|
|poke|p2|Crawdaunt, M|
|teampreview
|inactive|Battle timer is ON: inactive players will automatically lose when time's up. (requested by ripreckful)
|j| ShaqFromBasketball
|j| Stoutberg
|j| qxfn143
|j| coup droit d'nadal
|l| qxfn143
|inactive|LT94JE DS has 120 seconds left.
|
|t:|1661358060
|start
|switch|p1a: Landorus|Landorus-Therian, M|100/100
|switch|p2a: Zapdos|Zapdos|100/100
|-ability|p1a: Landorus|Intimidate|boost
|-unboost|p2a: Zapdos|atk|1
|turn|1
|
|t:|1661358070
|move|p2a: Zapdos|Hurricane|p1a: Landorus
|-damage|p1a: Landorus|30/100
|-start|p1a: Landorus|confusion
|-activate|p1a: Landorus|confusion
|move|p1a: Landorus|Substitute|p1a: Landorus
|-start|p1a: Landorus|Substitute
|-damage|p1a: Landorus|5/100
|
|upkeep
|turn|2
|j| antimetameta
|j| qxfn143
|
|t:|1661358083
|move|p2a: Zapdos|Heat Wave|p1a: Landorus
|-end|p1a: Landorus|Substitute
|-activate|p1a: Landorus|confusion
|-damage|p1a: Landorus|0 fnt|[from] confusion
|faint|p1a: Landorus
|
|upkeep
|c|☆ripreckful|all good
|j| LT94JE Ornstein
|
|t:|1661358094
|switch|p1a: Nihilego|Nihilego|100/100
|turn|3
|
|t:|1661358102
|switch|p2a: Ferrothorn|Ferrothorn, F|100/100
|move|p1a: Nihilego|Stealth Rock|p2a: Ferrothorn
|-sidestart|p2: LT94JE DS|move: Stealth Rock
|
|upkeep
|turn|4
|l| LT94JE Ornstein
|
|t:|1661358110
|switch|p1a: Urshifu|Urshifu-Rapid-Strike, F|100/100
|move|p2a: Ferrothorn|Stealth Rock|p1a: Urshifu
|-sidestart|p1: ripreckful|move: Stealth Rock
|
|upkeep
|turn|5
|j| LT94JE adreamew
|inactive|LT94JE DS has 120 seconds left.
|
|t:|1661358144
|switch|p2a: Zapdos|Zapdos|100/100
|move|p1a: Urshifu|Surging Strikes|p2a: Zapdos
|-crit|p2a: Zapdos
|-damage|p2a: Zapdos|78/100
|-crit|p2a: Zapdos
|-damage|p2a: Zapdos|54/100
|-crit|p2a: Zapdos
|-damage|p2a: Zapdos|29/100
|-hitcount|p2a: Zapdos|3
|
|upkeep
|turn|6
|j| ionlyloseifyouwin
|j| LT94JE msaint
|
|t:|1661358163
|switch|p1a: Nihilego|Nihilego|100/100
|-damage|p1a: Nihilego|88/100|[from] Stealth Rock
|move|p2a: Zapdos|Volt Switch|p1a: Nihilego
|-damage|p1a: Nihilego|64/100
|j| blessid blessid
|inactive|LT94JE DS has 120 seconds left.
|j| LT94JE YsK
|
|t:|1661358200
|switch|p2a: Ferrothorn|Ferrothorn, F|100/100|[from]move: Volt Switch
|-damage|p2a: Ferrothorn|94/100|[from] Stealth Rock
|
|-heal|p2a: Ferrothorn|100/100|[from] item: Leftovers
|upkeep
|turn|7
|
|t:|1661358204
|switch|p1a: Urshifu|Urshifu-Rapid-Strike, F|100/100
|-damage|p1a: Urshifu|94/100|[from] Stealth Rock
|move|p2a: Ferrothorn|Leech Seed|p1a: Urshifu
|-start|p1a: Urshifu|move: Leech Seed
|
|-damage|p1a: Urshifu|82/100|[from] Leech Seed|[of] p2a: Ferrothorn
|upkeep
|turn|8
|
|t:|1661358209
|switch|p2a: Dragapult|Dragapult, M|100/100
|-damage|p2a: Dragapult|88/100|[from] Stealth Rock
|move|p1a: Urshifu|Close Combat|p2a: Dragapult
|-immune|p2a: Dragapult
|
|-damage|p1a: Urshifu|70/100|[from] Leech Seed|[of] p2a: Dragapult
|-heal|p2a: Dragapult|100/100|[silent]
|upkeep
|turn|9
|j| LT94JE Tace
|
|t:|1661358217
|move|p2a: Dragapult|Shadow Ball|p1a: Urshifu
|-damage|p1a: Urshifu|0 fnt
|faint|p1a: Urshifu
|
|upkeep
|
|t:|1661358220
|switch|p1a: Celesteela|Celesteela|100/100
|-damage|p1a: Celesteela|88/100|[from] Stealth Rock
|turn|10
|
|t:|1661358226
|move|p2a: Dragapult|Shadow Ball|p1a: Celesteela
|-damage|p1a: Celesteela|35/100
|move|p1a: Celesteela|Meteor Beam||[still]
|-prepare|p1a: Celesteela|Meteor Beam
|-boost|p1a: Celesteela|spa|1
|-enditem|p1a: Celesteela|Power Herb
|-anim|p1a: Celesteela|Meteor Beam|p2a: Dragapult|[miss]
|-miss|p1a: Celesteela|p2a: Dragapult
|
|upkeep
|turn|11
|j| zebcd
|
|t:|1661358241
|move|p2a: Dragapult|Shadow Ball|p1a: Celesteela
|-damage|p1a: Celesteela|0 fnt
|faint|p1a: Celesteela
|
|upkeep
|l| LT94JE msaint
|
|t:|1661358245
|switch|p1a: Kartana|Kartana|100/100
|-damage|p1a: Kartana|94/100|[from] Stealth Rock
|turn|12
|l| zebcd
|
|t:|1661358251
|switch|p2a: Ferrothorn|Ferrothorn, F|100/100
|-damage|p2a: Ferrothorn|94/100|[from] Stealth Rock
|move|p1a: Kartana|Knock Off|p2a: Ferrothorn
|-damage|p2a: Ferrothorn|67/100
|-damage|p1a: Kartana|82/100|[from] ability: Iron Barbs|[of] p2a: Ferrothorn
|-enditem|p2a: Ferrothorn|Leftovers|[from] move: Knock Off|[of] p1a: Kartana
|
|upkeep
|turn|13
|l| LT94JE adreamew
|
|t:|1661358262
|switch|p1a: Nihilego|Nihilego|64/100
|-damage|p1a: Nihilego|52/100|[from] Stealth Rock
|move|p2a: Ferrothorn|Gyro Ball|p1a: Nihilego
|-supereffective|p1a: Nihilego
|-damage|p1a: Nihilego|0 fnt
|faint|p1a: Nihilego
|
|upkeep
|
|t:|1661358265
|switch|p1a: Mew|Mew|100/100
|-damage|p1a: Mew|88/100|[from] Stealth Rock
|turn|14
|
|t:|1661358272
|move|p1a: Mew|Nasty Plot|p1a: Mew
|-boost|p1a: Mew|spa|2
|move|p2a: Ferrothorn|Leech Seed|p1a: Mew
|-start|p1a: Mew|move: Leech Seed
|
|-damage|p1a: Mew|76/100|[from] Leech Seed|[of] p2a: Ferrothorn
|-heal|p2a: Ferrothorn|79/100|[silent]
|upkeep
|turn|15
|
|t:|1661358287
|switch|p2a: Zapdos|Zapdos|29/100
|move|p1a: Mew|Aura Sphere|p2a: Zapdos
|-resisted|p2a: Zapdos
|-damage|p2a: Zapdos|3/100
|
|-damage|p1a: Mew|64/100|[from] Leech Seed|[of] p2a: Zapdos
|-heal|p2a: Zapdos|16/100|[silent]
|upkeep
|turn|16
|
|t:|1661358294
|move|p2a: Zapdos|Hurricane|p1a: Mew
|-damage|p1a: Mew|12/100
|-start|p1a: Mew|confusion
|-activate|p1a: Mew|confusion
|move|p1a: Mew|Aura Sphere|p2a: Zapdos
|-resisted|p2a: Zapdos
|-damage|p2a: Zapdos|0 fnt
|faint|p2a: Zapdos
|
|upkeep
|
|t:|1661358298
|switch|p2a: Dragapult|Dragapult, M|100/100
|-damage|p2a: Dragapult|88/100|[from] Stealth Rock
|turn|17
|c|☆ripreckful|well played
|-message|ripreckful forfeited.
|
|win|LT94JE DS
|raw|ripreckful's rating: 1855 &rarr; <strong>1834</strong><br />(-21 for losing)
|raw|LT94JE DS's rating: 1841 &rarr; <strong>1862</strong><br />(+21 for winning)
|l|☆ripreckful
|c|☆LT94JE DS|thanks
|l|☆LT94JE DS
|l| ionlyloseifyouwin
|l| coup droit d'nadal
|l| Stoutberg
|l| antimetameta
|l| qxfn143
||Ladder isn't responding, score probably updated but might not have (Request timeout).
|l| LT94JE Tace
