|j|‽ladder k1ller
|j|☆Shootingwolf
|t:|1604971472
|player|p1|ladder k1ller|mars|1861
|player|p2|Shootingwolf|erika|1755
|teamsize|p1|6
|teamsize|p2|6
|gametype|singles
|gen|8
|tier|[Gen 8] OU
|rated|
|clearpoke
|poke|p1|Tapu Lele|
|poke|p1|Corviknight, M|
|poke|p1|Pheromosa|
|poke|p1|Landorus-Therian, M|
|poke|p1|Regigigas|
|poke|p1|Toxapex, M|
|poke|p2|Mandibuzz, F|
|poke|p2|Pheromosa|
|poke|p2|Tapu Fini|
|poke|p2|Kyurem-Black|
|poke|p2|Landorus-Therian, M|
|poke|p2|Spectrier|
|rule|Sleep Clause Mod: Limit one foe put to sleep
|rule|Species Clause: Limit one of each Pokémon
|rule|OHKO Clause: OHKO moves are banned
|rule|Evasion Moves Clause: Evasion moves are banned
|rule|Endless Battle Clause: Forcing endless battles is banned
|rule|HP Percentage Mod: HP is shown in percentages
|rule|Dynamax Clause: You cannot dynamax
|teampreview
|j| Almirante Matthew
|
|t:|1604971497
|start
|switch|p1a: Tapu Lele|Tapu Lele|100/100
|switch|p2a: Pheromosa|Pheromosa|100/100
|-fieldstart|move: Psychic Terrain|[from] ability: Psychic Surge|[of] p1a: Tapu Lele
|turn|1
|
|t:|1604971500
|switch|p1a: Toxapex|Toxapex, M|100/100
|move|p2a: Pheromosa|U-turn|p1a: Toxapex
|-resisted|p1a: Toxapex
|-damage|p1a: Toxapex|87/100
|-damage|p2a: Pheromosa|84/100|[from] item: Rocky Helmet|[of] p1a: Toxapex
|
|t:|1604971505
|switch|p2a: Tapu Fini|Tapu Fini|100/100|[from]move: U-turn
|-fieldstart|move: Misty Terrain|[from] ability: Misty Surge|[of] p2a: Tapu Fini
|
|upkeep
|turn|2
|
|t:|1604971519
|switch|p1a: Corviknight|Corviknight, M|100/100
|-ability|p1a: Corviknight|Pressure
|move|p2a: Tapu Fini|Taunt|p1a: Corviknight
|-start|p1a: Corviknight|move: Taunt
|
|upkeep
|turn|3
|
|t:|1604971529
|switch|p1a: Toxapex|Toxapex, M|100/100
|move|p2a: Tapu Fini|Calm Mind|p2a: Tapu Fini
|-boost|p2a: Tapu Fini|spa|1
|-boost|p2a: Tapu Fini|spd|1
|
|upkeep
|turn|4
|j| filo hat
|
|t:|1604971545
|switch|p1a: Tapu Lele|Tapu Lele|100/100
|-fieldstart|move: Psychic Terrain|[from] ability: Psychic Surge|[of] p1a: Tapu Lele
|move|p2a: Tapu Fini|Taunt|p1a: Tapu Lele
|-start|p1a: Tapu Lele|move: Taunt
|
|upkeep
|turn|5
|j| blacksquidward
|j| ppev
|j| Bronzongy
|
|t:|1604971551
|move|p1a: Tapu Lele|Psyshock|p2a: Tapu Fini
|-damage|p2a: Tapu Fini|45/100
|move|p2a: Tapu Fini|Moonblast|p1a: Tapu Lele
|-damage|p1a: Tapu Lele|50/100
|
|-heal|p2a: Tapu Fini|52/100|[from] item: Leftovers
|upkeep
|turn|6
|j| TBJL
|c| Bronzongy|Hi :)
|j| PlayGirl Meri
|c| Bronzongy|Good Luck! Have Fun!
|
|t:|1604971564
|switch|p2a: Mandibuzz|Mandibuzz, F|100/100
|move|p1a: Tapu Lele|Psyshock|p2a: Mandibuzz
|-immune|p2a: Mandibuzz
|
|-end|p1a: Tapu Lele|move: Taunt
|upkeep
|turn|7
|l| blacksquidward
|j| Emoninja23
|
|t:|1604971609
|switch|p1a: Toxapex|Toxapex, M|100/100
|move|p2a: Mandibuzz|Roost||[still]
|-fail|p2a: Mandibuzz|heal
|
|upkeep
|turn|8
|
|t:|1604971617
|switch|p2a: Tapu Fini|Tapu Fini|52/100
|-fieldstart|move: Misty Terrain|[from] ability: Misty Surge|[of] p2a: Tapu Fini
|move|p1a: Toxapex|Toxic Spikes|p2a: Tapu Fini
|-sidestart|p2: Shootingwolf|move: Toxic Spikes
|
|-heal|p2a: Tapu Fini|58/100|[from] item: Leftovers
|upkeep
|turn|9
|
|t:|1604971628
|switch|p2a: Landorus|Landorus-Therian, M|100/100
|-ability|p2a: Landorus|Intimidate|boost
|-unboost|p1a: Toxapex|atk|1
|switch|p1a: Tapu Lele|Tapu Lele|50/100
|-fieldstart|move: Psychic Terrain|[from] ability: Psychic Surge|[of] p1a: Tapu Lele
|
|upkeep
|turn|10
|
|t:|1604971633
|switch|p1a: Landorus|Landorus-Therian, M|100/100
|-ability|p1a: Landorus|Intimidate|boost
|-unboost|p2a: Landorus|atk|1
|move|p2a: Landorus|Earthquake|p1a: Landorus
|-immune|p1a: Landorus
|
|upkeep
|turn|11
|
|t:|1604971638
|move|p1a: Landorus|U-turn|p2a: Landorus
|-resisted|p2a: Landorus
|-damage|p2a: Landorus|93/100
|-damage|p1a: Landorus|84/100|[from] item: Rocky Helmet|[of] p2a: Landorus
|
|t:|1604971643
|switch|p1a: Toxapex|Toxapex, M|100/100|[from]move: U-turn
|move|p2a: Landorus|Toxic|p1a: Toxapex|[miss]
|-miss|p2a: Landorus|p1a: Toxapex
|
|upkeep
|turn|12
|
|t:|1604971650
|move|p2a: Landorus|U-turn|p1a: Toxapex
|-resisted|p1a: Toxapex
|-damage|p1a: Toxapex|96/100
|-damage|p2a: Landorus|77/100|[from] item: Rocky Helmet|[of] p1a: Toxapex
|
|t:|1604971652
|switch|p2a: Mandibuzz|Mandibuzz, F|100/100|[from]move: U-turn
|move|p1a: Toxapex|Scald|p2a: Mandibuzz
|-crit|p2a: Mandibuzz
|-damage|p2a: Mandibuzz|85/100
|
|upkeep
|turn|13
|
|t:|1604971656
|move|p2a: Mandibuzz|Defog|p1a: Toxapex
|-unboost|p1a: Toxapex|evasion|1
|-sideend|p2: Shootingwolf|Toxic Spikes|[from] move: Defog|[of] p2a: Mandibuzz
|-fieldend|move: Psychic Terrain
|move|p1a: Toxapex|Toxic Spikes|p2a: Mandibuzz
|-sidestart|p2: Shootingwolf|move: Toxic Spikes
|
|upkeep
|turn|14
|
|t:|1604971660
|move|p2a: Mandibuzz|Defog|p1a: Toxapex
|-unboost|p1a: Toxapex|evasion|1
|-sideend|p2: Shootingwolf|Toxic Spikes|[from] move: Defog|[of] p2a: Mandibuzz
|move|p1a: Toxapex|Toxic Spikes|p2a: Mandibuzz
|-sidestart|p2: Shootingwolf|move: Toxic Spikes
|
|upkeep
|turn|15
|
|t:|1604971663
|move|p2a: Mandibuzz|Defog|p1a: Toxapex
|-unboost|p1a: Toxapex|evasion|1
|-sideend|p2: Shootingwolf|Toxic Spikes|[from] move: Defog|[of] p2a: Mandibuzz
|move|p1a: Toxapex|Toxic Spikes|p2a: Mandibuzz
|-sidestart|p2: Shootingwolf|move: Toxic Spikes
|
|upkeep
|turn|16
|
|t:|1604971669
|move|p2a: Mandibuzz|Defog|p1a: Toxapex
|-unboost|p1a: Toxapex|evasion|1
|-sideend|p2: Shootingwolf|Toxic Spikes|[from] move: Defog|[of] p2a: Mandibuzz
|move|p1a: Toxapex|Toxic Spikes|p2a: Mandibuzz
|-sidestart|p2: Shootingwolf|move: Toxic Spikes
|
|upkeep
|turn|17
|
|t:|1604971672
|move|p2a: Mandibuzz|Defog|p1a: Toxapex
|-unboost|p1a: Toxapex|evasion|1
|-sideend|p2: Shootingwolf|Toxic Spikes|[from] move: Defog|[of] p2a: Mandibuzz
|move|p1a: Toxapex|Toxic Spikes|p2a: Mandibuzz
|-sidestart|p2: Shootingwolf|move: Toxic Spikes
|
|upkeep
|turn|18
|
|t:|1604971683
|move|p2a: Mandibuzz|Foul Play|p1a: Toxapex
|-damage|p1a: Toxapex|85/100
|-damage|p2a: Mandibuzz|68/100|[from] item: Rocky Helmet|[of] p1a: Toxapex
|move|p1a: Toxapex|Toxic Spikes|p2a: Mandibuzz
|-sidestart|p2: Shootingwolf|move: Toxic Spikes
|
|upkeep
|turn|19
|
|t:|1604971687
|move|p2a: Mandibuzz|Roost|p2a: Mandibuzz
|-heal|p2a: Mandibuzz|100/100
|-singleturn|p2a: Mandibuzz|move: Roost
|move|p1a: Toxapex|Toxic Spikes||[still]
|-fail|p1a: Toxapex
|
|upkeep
|turn|20
|
|t:|1604971691
|move|p2a: Mandibuzz|Defog|p1a: Toxapex
|-unboost|p1a: Toxapex|evasion|1
|-sideend|p2: Shootingwolf|Toxic Spikes|[from] move: Defog|[of] p2a: Mandibuzz
|move|p1a: Toxapex|Toxic Spikes|p2a: Mandibuzz
|-sidestart|p2: Shootingwolf|move: Toxic Spikes
|
|upkeep
|turn|21
|
|t:|1604971702
|move|p2a: Mandibuzz|Defog|p1a: Toxapex
|-unboost|p1a: Toxapex|evasion|0
|-sideend|p2: Shootingwolf|Toxic Spikes|[from] move: Defog|[of] p2a: Mandibuzz
|move|p1a: Toxapex|Toxic Spikes|p2a: Mandibuzz
|-sidestart|p2: Shootingwolf|move: Toxic Spikes
|
|upkeep
|turn|22
|
|t:|1604971712
|switch|p2a: Landorus|Landorus-Therian, M|77/100
|-ability|p2a: Landorus|Intimidate|boost
|-unboost|p1a: Toxapex|atk|1
|move|p1a: Toxapex|Toxic Spikes|p2a: Landorus
|-sidestart|p2: Shootingwolf|move: Toxic Spikes
|
|upkeep
|turn|23
|
|t:|1604971721
|move|p2a: Landorus|Toxic|p1a: Toxapex
|-immune|p1a: Toxapex
|move|p1a: Toxapex|Scald|p2a: Landorus
|-supereffective|p2a: Landorus
|-damage|p2a: Landorus|42/100
|-status|p2a: Landorus|brn
|
|-damage|p2a: Landorus|36/100 brn|[from] brn
|upkeep
|turn|24
|
|t:|1604971728
|move|p2a: Landorus|U-turn|p1a: Toxapex
|-resisted|p1a: Toxapex
|-damage|p1a: Toxapex|82/100
|-damage|p2a: Landorus|19/100 brn|[from] item: Rocky Helmet|[of] p1a: Toxapex
|
|t:|1604971733
|switch|p2a: Mandibuzz|Mandibuzz, F|100/100|[from]move: U-turn
|move|p1a: Toxapex|Scald|p2a: Mandibuzz
|-damage|p2a: Mandibuzz|91/100
|
|upkeep
|turn|25
|
|t:|1604971738
|move|p2a: Mandibuzz|Defog|p1a: Toxapex
|-unboost|p1a: Toxapex|evasion|0
|-sideend|p2: Shootingwolf|Toxic Spikes|[from] move: Defog|[of] p2a: Mandibuzz
|move|p1a: Toxapex|Toxic Spikes|p2a: Mandibuzz
|-sidestart|p2: Shootingwolf|move: Toxic Spikes
|
|upkeep
|turn|26
|
|t:|1604971743
|move|p2a: Mandibuzz|Defog|p1a: Toxapex
|-unboost|p1a: Toxapex|evasion|0
|-sideend|p2: Shootingwolf|Toxic Spikes|[from] move: Defog|[of] p2a: Mandibuzz
|move|p1a: Toxapex|Toxic Spikes|p2a: Mandibuzz
|-sidestart|p2: Shootingwolf|move: Toxic Spikes
|
|upkeep
|turn|27
|
|t:|1604971748
|move|p2a: Mandibuzz|Foul Play|p1a: Toxapex
|-damage|p1a: Toxapex|75/100
|-damage|p2a: Mandibuzz|74/100|[from] item: Rocky Helmet|[of] p1a: Toxapex
|move|p1a: Toxapex|Toxic Spikes|p2a: Mandibuzz
|-sidestart|p2: Shootingwolf|move: Toxic Spikes
|
|upkeep
|turn|28
|
|t:|1604971753
|move|p2a: Mandibuzz|Foul Play|p1a: Toxapex
|-damage|p1a: Toxapex|68/100
|-damage|p2a: Mandibuzz|57/100|[from] item: Rocky Helmet|[of] p1a: Toxapex
|move|p1a: Toxapex|Scald|p2a: Mandibuzz
|-damage|p2a: Mandibuzz|47/100
|-status|p2a: Mandibuzz|brn
|
|-damage|p2a: Mandibuzz|41/100 brn|[from] brn
|upkeep
|turn|29
|
|t:|1604971762
|move|p2a: Mandibuzz|Roost|p2a: Mandibuzz
|-heal|p2a: Mandibuzz|91/100 brn
|-singleturn|p2a: Mandibuzz|move: Roost
|move|p1a: Toxapex|Scald|p2a: Mandibuzz
|-damage|p2a: Mandibuzz|82/100 brn
|
|-damage|p2a: Mandibuzz|76/100 brn|[from] brn
|upkeep
|turn|30
|
|t:|1604971765
|move|p2a: Mandibuzz|Foul Play|p1a: Toxapex
|-damage|p1a: Toxapex|64/100
|-damage|p2a: Mandibuzz|59/100 brn|[from] item: Rocky Helmet|[of] p1a: Toxapex
|move|p1a: Toxapex|Toxic Spikes||[still]
|-fail|p1a: Toxapex
|
|-damage|p2a: Mandibuzz|53/100 brn|[from] brn
|upkeep
|turn|31
|
|t:|1604971770
|move|p2a: Mandibuzz|Roost|p2a: Mandibuzz
|-heal|p2a: Mandibuzz|100/100 brn
|-singleturn|p2a: Mandibuzz|move: Roost
|move|p1a: Toxapex|Scald|p2a: Mandibuzz
|-crit|p2a: Mandibuzz
|-damage|p2a: Mandibuzz|86/100 brn
|
|-damage|p2a: Mandibuzz|79/100 brn|[from] brn
|upkeep
|turn|32
|
|t:|1604971773
|move|p2a: Mandibuzz|Defog|p1a: Toxapex
|-unboost|p1a: Toxapex|evasion|0
|-sideend|p2: Shootingwolf|Toxic Spikes|[from] move: Defog|[of] p2a: Mandibuzz
|move|p1a: Toxapex|Toxic Spikes|p2a: Mandibuzz
|-sidestart|p2: Shootingwolf|move: Toxic Spikes
|
|-damage|p2a: Mandibuzz|73/100 brn|[from] brn
|upkeep
|turn|33
|
|t:|1604971776
|move|p2a: Mandibuzz|Foul Play|p1a: Toxapex
|-damage|p1a: Toxapex|61/100
|-damage|p2a: Mandibuzz|57/100 brn|[from] item: Rocky Helmet|[of] p1a: Toxapex
|move|p1a: Toxapex|Toxic Spikes|p2a: Mandibuzz
|-sidestart|p2: Shootingwolf|move: Toxic Spikes
|
|-damage|p2a: Mandibuzz|51/100 brn|[from] brn
|upkeep
|turn|34
|
|t:|1604971782
|switch|p1a: Tapu Lele|Tapu Lele|50/100
|-fieldstart|move: Psychic Terrain|[from] ability: Psychic Surge|[of] p1a: Tapu Lele
|move|p2a: Mandibuzz|Defog|p1a: Tapu Lele
|-unboost|p1a: Tapu Lele|evasion|1
|-sideend|p2: Shootingwolf|Toxic Spikes|[from] move: Defog|[of] p2a: Mandibuzz
|-fieldend|move: Psychic Terrain
|
|-damage|p2a: Mandibuzz|44/100 brn|[from] brn
|upkeep
|turn|35
|l| Almirante Matthew
|
|t:|1604971795
|switch|p1a: Toxapex|Toxapex, M|95/100
|move|p2a: Mandibuzz|Toxic|p1a: Toxapex
|-immune|p1a: Toxapex
|
|-damage|p2a: Mandibuzz|38/100 brn|[from] brn
|upkeep
|turn|36
|
|t:|1604971800
|switch|p2a: Tapu Fini|Tapu Fini|58/100
|-fieldstart|move: Misty Terrain|[from] ability: Misty Surge|[of] p2a: Tapu Fini
|move|p1a: Toxapex|Toxic Spikes|p2a: Tapu Fini
|-sidestart|p2: Shootingwolf|move: Toxic Spikes
|
|-heal|p2a: Tapu Fini|64/100|[from] item: Leftovers
|upkeep
|turn|37
|
|t:|1604971805
|switch|p2a: Spectrier|Spectrier|100/100
|switch|p1a: Tapu Lele|Tapu Lele|50/100
|-fieldstart|move: Psychic Terrain|[from] ability: Psychic Surge|[of] p1a: Tapu Lele
|
|upkeep
|turn|38
|
|t:|1604971810
|switch|p1a: Regigigas|Regigigas|100/100
|-start|p1a: Regigigas|ability: Slow Start
|move|p2a: Spectrier|Substitute|p2a: Spectrier
|-start|p2a: Spectrier|Substitute
|-damage|p2a: Spectrier|76/100
|
|-heal|p2a: Spectrier|82/100|[from] item: Leftovers
|upkeep
|turn|39
|
|t:|1604971816
|move|p2a: Spectrier|Nasty Plot|p2a: Spectrier
|-boost|p2a: Spectrier|spa|2
|move|p1a: Regigigas|Knock Off|p2a: Spectrier
|-supereffective|p2a: Spectrier
|-end|p2a: Spectrier|Substitute
|
|-heal|p2a: Spectrier|88/100|[from] item: Leftovers
|upkeep
|turn|40
|
|t:|1604971821
|move|p2a: Spectrier|Dark Pulse|p1a: Regigigas
|-damage|p1a: Regigigas|67/100
|move|p1a: Regigigas|Knock Off|p2a: Spectrier
|-supereffective|p2a: Spectrier
|-damage|p2a: Spectrier|41/100
|-enditem|p2a: Spectrier|Leftovers|[from] move: Knock Off|[of] p1a: Regigigas
|
|-heal|p1a: Regigigas|74/100|[from] item: Leftovers
|upkeep
|turn|41
|
|t:|1604971834
|move|p2a: Spectrier|Dark Pulse|p1a: Regigigas
|-damage|p1a: Regigigas|39/100
|move|p1a: Regigigas|Knock Off|p2a: Spectrier
|-supereffective|p2a: Spectrier
|-damage|p2a: Spectrier|8/100
|
|-heal|p1a: Regigigas|45/100|[from] item: Leftovers
|-fieldend|move: Psychic Terrain
|upkeep
|turn|42
|l| Bronzongy
|
|t:|1604971842
|move|p2a: Spectrier|Dark Pulse|p1a: Regigigas
|-crit|p1a: Regigigas
|-damage|p1a: Regigigas|0 fnt
|faint|p1a: Regigigas
|-end|p1a: Regigigas|Slow Start|[silent]
|-ability|p2a: Spectrier|Grim Neigh|boost
|-boost|p2a: Spectrier|spa|1
|
|upkeep
|c| Emoninja23|Damn the crit
|c| Emoninja23|:o
|
|t:|1604971852
|switch|p1a: Pheromosa|Pheromosa|100/100
|turn|43
|inactive|Battle timer is ON: inactive players will automatically lose when time's up. (requested by ladder k1ller)
|
|t:|1604971872
|switch|p2a: Landorus|Landorus-Therian, M|19/100 brn
|-ability|p2a: Landorus|Intimidate|boost
|-unboost|p1a: Pheromosa|atk|1
|move|p1a: Pheromosa|U-turn|p2a: Landorus
|-resisted|p2a: Landorus
|-damage|p2a: Landorus|7/100 brn
|-damage|p1a: Pheromosa|84/100|[from] item: Rocky Helmet|[of] p2a: Landorus
|
|t:|1604971879
|switch|p1a: Tapu Lele|Tapu Lele|50/100|[from]move: U-turn
|-fieldstart|move: Psychic Terrain|[from] ability: Psychic Surge|[of] p1a: Tapu Lele
|
|-damage|p2a: Landorus|1/100 brn|[from] brn
|upkeep
|turn|44
|
|t:|1604971886
|move|p1a: Tapu Lele|Moonblast|p2a: Landorus
|-damage|p2a: Landorus|0 fnt
|faint|p2a: Landorus
|
|upkeep
|
|t:|1604971891
|switch|p2a: Pheromosa|Pheromosa|84/100
|-status|p2a: Pheromosa|psn
|turn|45
|
|t:|1604971904
|switch|p1a: Toxapex|Toxapex, M|100/100
|move|p2a: Pheromosa|U-turn|p1a: Toxapex
|-resisted|p1a: Toxapex
|-damage|p1a: Toxapex|89/100
|-damage|p2a: Pheromosa|67/100 psn|[from] item: Rocky Helmet|[of] p1a: Toxapex
|
|t:|1604971913
|switch|p2a: Tapu Fini|Tapu Fini|64/100|[from]move: U-turn
|-status|p2a: Tapu Fini|psn
|-fieldstart|move: Misty Terrain|[from] ability: Misty Surge|[of] p2a: Tapu Fini
|
|-heal|p2a: Tapu Fini|70/100 psn|[from] item: Leftovers
|-damage|p2a: Tapu Fini|58/100 psn|[from] psn
|upkeep
|turn|46
|
|t:|1604971940
|switch|p2a: Kyurem|Kyurem-Black|100/100
|-ability|p2a: Kyurem|Teravolt
|switch|p1a: Corviknight|Corviknight, M|100/100
|-ability|p1a: Corviknight|Pressure
|
|upkeep
|turn|47
|
|t:|1604971946
|move|p2a: Kyurem|Dragon Dance|p2a: Kyurem
|-boost|p2a: Kyurem|atk|1
|-boost|p2a: Kyurem|spe|1
|move|p1a: Corviknight|Iron Head|p2a: Kyurem
|-supereffective|p2a: Kyurem
|-damage|p2a: Kyurem|58/100
|
|upkeep
|turn|48
|
|t:|1604971952
|move|p2a: Kyurem|Dragon Dance|p2a: Kyurem
|-boost|p2a: Kyurem|atk|1
|-boost|p2a: Kyurem|spe|1
|move|p1a: Corviknight|Iron Head|p2a: Kyurem
|-supereffective|p2a: Kyurem
|-damage|p2a: Kyurem|17/100
|
|upkeep
|turn|49
|
|t:|1604971958
|switch|p1a: Landorus|Landorus-Therian, M|84/100
|-ability|p1a: Landorus|Intimidate|boost
|-unboost|p2a: Kyurem|atk|1
|move|p2a: Kyurem|Roost|p2a: Kyurem
|-heal|p2a: Kyurem|67/100
|-singleturn|p2a: Kyurem|move: Roost
|
|-fieldend|Misty Terrain
|upkeep
|turn|50
|
|t:|1604971969
|switch|p1a: Toxapex|Toxapex, M|100/100
|move|p2a: Kyurem|Roost|p2a: Kyurem
|-heal|p2a: Kyurem|100/100
|-singleturn|p2a: Kyurem|move: Roost
|
|upkeep
|turn|51
|
|t:|1604971973
|move|p2a: Kyurem|Fusion Bolt|p1a: Toxapex
|-supereffective|p1a: Toxapex
|-damage|p1a: Toxapex|0 fnt
|-damage|p2a: Kyurem|91/100|[from] item: Life Orb
|faint|p1a: Toxapex
|
|upkeep
|inactive|ladder k1ller has 120 seconds left.
|inactive|ladder k1ller has 90 seconds left.
|c|☆Shootingwolf|。
|c|☆Shootingwolf|。
|inactive|ladder k1ller has 60 seconds left.
|c|☆Shootingwolf|。？
|c| Emoninja23|He did his best with a regigis
|c| Emoninja23|xD
|l| filo hat
|inactive|ladder k1ller has 30 seconds left.
|c|☆Shootingwolf|XD
|inactive|ladder k1ller has 20 seconds left.
|inactive|ladder k1ller has 15 seconds left.
|inactive|ladder k1ller has 10 seconds left.
|inactive|ladder k1ller has 5 seconds left.
|-message|ladder k1ller lost due to inactivity.
|
|win|Shootingwolf
||Ladder (probably) updated, but score could not be retrieved (Request timeout).
