|j|☆groundt
|j|☆supernotgood
|player|p1|groundt|winona|1671
|player|p2|supernotgood|brock-gen2|1564
|teamsize|p1|6
|teamsize|p2|6
|gametype|singles
|gen|8
|tier|[Gen 8] OU
|rated|
|clearpoke
|poke|p1|Hatterene, F|
|poke|p1|Dragapult, F|
|poke|p1|Corviknight, F|
|poke|p1|Rhyperior, F|
|poke|p1|Toxapex, F|
|poke|p1|Obstagoon, F|
|poke|p2|Aegislash, F|
|poke|p2|Hydreigon, M|
|poke|p2|Rotom-Wash|
|poke|p2|Rhyperior, F|
|poke|p2|Corviknight, F|
|poke|p2|Haxorus, M|
|rule|Sleep Clause Mod: Limit one foe put to sleep
|rule|Species Clause: Limit one of each Pokémon
|rule|OHKO Clause: OHKO moves are banned
|rule|Evasion Moves Clause: Evasion moves are banned
|rule|Endless Battle Clause: Forcing endless battles is banned
|rule|HP Percentage Mod: HP is shown in percentages
|rule|Dynamax Clause: You cannot dynamax
|teampreview
|inactive|Battle timer is ON: inactive players will automatically lose when time's up. (requested by supernotgood)
|
|start
|switch|p1a: Obstagoon|Obstagoon, F|100/100
|switch|p2a: Rhyperior|Rhyperior, F|100/100
|turn|1
|
|move|p1a: Obstagoon|Parting Shot|p2a: Rhyperior
|-unboost|p2a: Rhyperior|atk|1
|-unboost|p2a: Rhyperior|spa|1
|
|switch|p1a: Corviknight|Corviknight, F|100/100|[from]move: Parting Shot
|-ability|p1a: Corviknight|Pressure
|move|p2a: Rhyperior|Earthquake|p1a: Corviknight
|-immune|p1a: Corviknight
|
|upkeep
|turn|2
|
|switch|p2a: Rotom|Rotom-Wash|100/100
|move|p1a: Corviknight|Body Press|p2a: Rotom
|-damage|p2a: Rotom|66/100
|
|upkeep
|turn|3
|
|switch|p1a: Obstagoon|Obstagoon, F|100/100
|move|p2a: Rotom|Volt Switch|p1a: Obstagoon
|-damage|p1a: Obstagoon|62/100
|
|switch|p2a: Rhyperior|Rhyperior, F|100/100|[from]move: Volt Switch
|
|upkeep
|turn|4
|
|move|p1a: Obstagoon|Parting Shot|p2a: Rhyperior
|-unboost|p2a: Rhyperior|atk|1
|-unboost|p2a: Rhyperior|spa|1
|
|switch|p1a: Hatterene|Hatterene, F|100/100|[from]move: Parting Shot
|move|p2a: Rhyperior|Earthquake|p1a: Hatterene
|-damage|p1a: Hatterene|53/100
|
|upkeep
|turn|5
|
|switch|p1a: Corviknight|Corviknight, F|100/100
|-ability|p1a: Corviknight|Pressure
|move|p2a: Rhyperior|Swords Dance|p2a: Rhyperior
|-boost|p2a: Rhyperior|atk|2
|
|upkeep
|turn|6
|
|switch|p2a: Rotom|Rotom-Wash|66/100
|move|p1a: Corviknight|Body Press|p2a: Rotom
|-damage|p2a: Rotom|32/100
|
|upkeep
|turn|7
|inactive|groundt has 120 seconds left.
|
|switch|p1a: Dragapult|Dragapult, F|100/100
|move|p2a: Rotom|Volt Switch|p1a: Dragapult
|-resisted|p1a: Dragapult
|-damage|p1a: Dragapult|77/100
|
|switch|p2a: Corviknight|Corviknight, F, shiny|100/100|[from]move: Volt Switch
|
|upkeep
|turn|8
|
|move|p1a: Dragapult|Fire Blast|p2a: Corviknight|[miss]
|-miss|p1a: Dragapult|p2a: Corviknight
|move|p2a: Corviknight|Brave Bird|p1a: Dragapult
|-damage|p1a: Dragapult|25/100
|-damage|p2a: Corviknight|87/100|[from] Recoil
|
|-heal|p2a: Corviknight|93/100|[from] item: Leftovers
|upkeep
|turn|9
|
|switch|p1a: Toxapex|Toxapex, F|100/100
|move|p2a: Corviknight|Brave Bird|p1a: Toxapex
|-damage|p1a: Toxapex|77/100
|-damage|p2a: Corviknight|87/100|[from] Recoil
|
|-heal|p2a: Corviknight|94/100|[from] item: Leftovers
|-heal|p1a: Toxapex|84/100|[from] item: Black Sludge
|upkeep
|turn|10
|inactive|groundt has 120 seconds left.
|
|move|p2a: Corviknight|U-turn|p1a: Toxapex
|-resisted|p1a: Toxapex
|-damage|p1a: Toxapex|79/100
|
|switch|p2a: Rotom|Rotom-Wash|32/100|[from]move: U-turn
|move|p1a: Toxapex|Toxic Spikes|p2a: Rotom
|-sidestart|p2: supernotgood|move: Toxic Spikes
|
|-heal|p1a: Toxapex|85/100|[from] item: Black Sludge
|upkeep
|turn|11
|inactive|groundt has 120 seconds left.
|
|switch|p1a: Obstagoon|Obstagoon, F|62/100
|move|p2a: Rotom|Trick|p1a: Obstagoon
|-activate|p2a: Rotom|move: Trick|[of] p1a: Obstagoon
|-item|p1a: Obstagoon|Choice Scarf|[from] move: Trick
|-item|p2a: Rotom|Choice Scarf|[from] move: Trick
|
|upkeep
|turn|12
|
|switch|p2a: Corviknight|Corviknight, F, shiny|94/100
|move|p1a: Obstagoon|Knock Off|p2a: Corviknight
|-damage|p2a: Corviknight|67/100
|-enditem|p2a: Corviknight|Leftovers|[from] move: Knock Off|[of] p1a: Obstagoon
|
|upkeep
|turn|13
|inactive|groundt has 120 seconds left.
|
|switch|p1a: Rhyperior|Rhyperior, F|100/100
|move|p2a: Corviknight|U-turn|p1a: Rhyperior
|-damage|p1a: Rhyperior|91/100
|
|switch|p2a: Rotom|Rotom-Wash|32/100|[from]move: U-turn
|
|-heal|p1a: Rhyperior|97/100|[from] item: Leftovers
|upkeep
|turn|14
|inactive|groundt has 120 seconds left.
|
|switch|p1a: Obstagoon|Obstagoon, F|62/100
|move|p2a: Rotom|Hydro Pump|p1a: Obstagoon|[miss]
|-miss|p2a: Rotom|p1a: Obstagoon
|
|upkeep
|turn|15
|inactive|groundt has 120 seconds left.
|
|move|p1a: Obstagoon|Parting Shot|p2a: Rotom
|-unboost|p2a: Rotom|atk|1
|-unboost|p2a: Rotom|spa|1
|
|switch|p1a: Toxapex|Toxapex, F|100/100|[from]move: Parting Shot
|move|p2a: Rotom|Hydro Pump|p1a: Toxapex
|-resisted|p1a: Toxapex
|-damage|p1a: Toxapex|87/100
|
|-heal|p1a: Toxapex|93/100|[from] item: Black Sludge
|upkeep
|turn|16
|
|switch|p2a: Corviknight|Corviknight, F, shiny|67/100
|switch|p1a: Obstagoon|Obstagoon, F|62/100
|
|upkeep
|turn|17
|
|move|p1a: Obstagoon|Trick|p2a: Corviknight
|-activate|p1a: Obstagoon|move: Trick|[of] p2a: Corviknight
|-item|p2a: Corviknight|Choice Scarf|[from] move: Trick
|-enditem|p1a: Obstagoon|Choice Scarf|[silent]|[from] move: Trick
|move|p2a: Corviknight|U-turn|p1a: Obstagoon
|-supereffective|p1a: Obstagoon
|-damage|p1a: Obstagoon|32/100
|
|switch|p2a: Rotom|Rotom-Wash|32/100|[from]move: U-turn
|
|upkeep
|turn|18
|inactive|groundt has 120 seconds left.
|
|move|p2a: Rotom|Hydro Pump|p1a: Obstagoon
|-damage|p1a: Obstagoon|0 fnt
|faint|p1a: Obstagoon
|
|upkeep
|
|switch|p1a: Hatterene|Hatterene, F|53/100
|turn|19
|inactive|groundt has 120 seconds left.
|
|move|p2a: Rotom|Hydro Pump|p1a: Hatterene
|-damage|p1a: Hatterene|24/100
|move|p1a: Hatterene|Draining Kiss|p2a: Rotom
|-damage|p2a: Rotom|1/100
|-heal|p1a: Hatterene|42/100|[from] drain|[of] p2a: Rotom
|
|upkeep
|turn|20
|inactive|groundt has 120 seconds left.
|
|switch|p1a: Toxapex|Toxapex, F|100/100
|move|p2a: Rotom|Hydro Pump|p1a: Toxapex
|-resisted|p1a: Toxapex
|-damage|p1a: Toxapex|82/100
|
|-heal|p1a: Toxapex|88/100|[from] item: Black Sludge
|upkeep
|turn|21
|
|switch|p2a: Corviknight|Corviknight, F, shiny|67/100
|move|p1a: Toxapex|Scald|p2a: Corviknight
|-damage|p2a: Corviknight|55/100
|
|-heal|p1a: Toxapex|94/100|[from] item: Black Sludge
|upkeep
|turn|22
|inactive|groundt has 120 seconds left.
|
|switch|p1a: Dragapult|Dragapult, F|25/100
|move|p2a: Corviknight|Defog|p1a: Dragapult
|-unboost|p1a: Dragapult|evasion|1
|-sideend|p2: supernotgood|Toxic Spikes|[from] move: Defog|[of] p2a: Corviknight
|
|upkeep
|turn|23
|inactive|groundt has 120 seconds left.
|
|switch|p2a: Aegislash|Aegislash, F|100/100
|move|p1a: Dragapult|Shadow Ball|p2a: Aegislash
|-supereffective|p2a: Aegislash
|-damage|p2a: Aegislash|22/100
|
|upkeep
|turn|24
|inactive|groundt has 120 seconds left.
|
|switch|p1a: Toxapex|Toxapex, F|100/100
|-formechange|p2a: Aegislash|Aegislash-Blade||[from] ability: Stance Change
|move|p2a: Aegislash|Head Smash|p1a: Toxapex
|-damage|p1a: Toxapex|52/100
|-damage|p2a: Aegislash|0 fnt|[from] Recoil
|faint|p2a: Aegislash
|
|-heal|p1a: Toxapex|59/100|[from] item: Black Sludge
|upkeep
|
|switch|p2a: Rhyperior|Rhyperior, F|100/100
|turn|25
|
|switch|p1a: Corviknight|Corviknight, F|100/100
|-ability|p1a: Corviknight|Pressure
|move|p2a: Rhyperior|Swords Dance|p2a: Rhyperior
|-boost|p2a: Rhyperior|atk|2
|
|upkeep
|turn|26
|
|move|p1a: Corviknight|Body Press|p2a: Rhyperior
|-supereffective|p2a: Rhyperior
|-damage|p2a: Rhyperior|76/100
|move|p2a: Rhyperior|Rock Blast|p1a: Corviknight
|-damage|p1a: Corviknight|83/100
|-damage|p1a: Corviknight|63/100
|-hitcount|p1a: Corviknight|2
|
|-heal|p1a: Corviknight|69/100|[from] item: Leftovers
|upkeep
|turn|27
|
|move|p1a: Corviknight|Body Press|p2a: Rhyperior
|-supereffective|p2a: Rhyperior
|-damage|p2a: Rhyperior|50/100
|move|p2a: Rhyperior|Stealth Rock|p1a: Corviknight
|-sidestart|p1: groundt|move: Stealth Rock
|
|-heal|p1a: Corviknight|75/100|[from] item: Leftovers
|upkeep
|turn|28
|
|move|p1a: Corviknight|Body Press|p2a: Rhyperior
|-supereffective|p2a: Rhyperior
|-damage|p2a: Rhyperior|27/100
|move|p2a: Rhyperior|Rock Blast|p1a: Corviknight|[miss]
|-miss|p2a: Rhyperior|p1a: Corviknight
|
|-heal|p1a: Corviknight|82/100|[from] item: Leftovers
|upkeep
|turn|29
|
|move|p1a: Corviknight|Body Press|p2a: Rhyperior
|-supereffective|p2a: Rhyperior
|-damage|p2a: Rhyperior|1/100
|move|p2a: Rhyperior|Rock Blast|p1a: Corviknight
|-damage|p1a: Corviknight|64/100
|-damage|p1a: Corviknight|45/100
|-hitcount|p1a: Corviknight|2
|
|-heal|p1a: Corviknight|51/100|[from] item: Leftovers
|upkeep
|turn|30
|
|move|p1a: Corviknight|Defog|p2a: Rhyperior
|-unboost|p2a: Rhyperior|evasion|1
|-sideend|p1: groundt|Stealth Rock|[from] move: Defog|[of] p1a: Corviknight
|move|p2a: Rhyperior|Earthquake|p1a: Corviknight
|-immune|p1a: Corviknight
|
|-heal|p1a: Corviknight|57/100|[from] item: Leftovers
|upkeep
|turn|31
|
|move|p1a: Corviknight|Body Press|p2a: Rhyperior
|-supereffective|p2a: Rhyperior
|-damage|p2a: Rhyperior|0 fnt
|faint|p2a: Rhyperior
|
|-heal|p1a: Corviknight|63/100|[from] item: Leftovers
|upkeep
|
|switch|p2a: Rotom|Rotom-Wash|1/100
|turn|32
|
|switch|p1a: Toxapex|Toxapex, F|92/100
|move|p2a: Rotom|Trick|p1a: Toxapex
|-activate|p2a: Rotom|move: Trick|[of] p1a: Toxapex
|-item|p1a: Toxapex|Choice Scarf|[from] move: Trick
|-item|p2a: Rotom|Black Sludge|[from] move: Trick
|
|-damage|p2a: Rotom|0 fnt|[from] item: Black Sludge
|faint|p2a: Rotom
|upkeep
|
|switch|p2a: Haxorus|Haxorus, M, shiny|100/100
|-ability|p2a: Haxorus|Mold Breaker
|turn|33
|
|switch|p2a: Corviknight|Corviknight, F, shiny|55/100
|move|p1a: Toxapex|Haze|p1a: Toxapex
|-clearallboost
|
|upkeep
|turn|34
|
|switch|p1a: Rhyperior|Rhyperior, F|97/100
|move|p2a: Corviknight|U-turn|p1a: Rhyperior
|-damage|p1a: Rhyperior|89/100
|
|switch|p2a: Hydreigon|Hydreigon, M, shiny|100/100|[from]move: U-turn
|
|-heal|p1a: Rhyperior|95/100|[from] item: Leftovers
|upkeep
|turn|35
|
|move|p2a: Hydreigon|Dark Pulse|p1a: Rhyperior
|-damage|p1a: Rhyperior|36/100
|move|p1a: Rhyperior|Stone Edge|p2a: Hydreigon|[miss]
|-miss|p1a: Rhyperior|p2a: Hydreigon
|
|-heal|p1a: Rhyperior|42/100|[from] item: Leftovers
|upkeep
|turn|36
|
|switch|p2a: Corviknight|Corviknight, F, shiny|55/100
|move|p1a: Rhyperior|Stone Edge|p2a: Corviknight
|-damage|p2a: Corviknight|19/100
|
|-heal|p1a: Rhyperior|48/100|[from] item: Leftovers
|upkeep
|turn|37
|
|move|p2a: Corviknight|Brave Bird|p1a: Rhyperior
|-resisted|p1a: Rhyperior
|-damage|p1a: Rhyperior|37/100
|-damage|p2a: Corviknight|16/100|[from] Recoil
|move|p1a: Rhyperior|Stealth Rock|p2a: Corviknight
|-sidestart|p2: supernotgood|move: Stealth Rock
|
|-heal|p1a: Rhyperior|44/100|[from] item: Leftovers
|upkeep
|turn|38
|
|switch|p1a: Corviknight|Corviknight, F|63/100
|-ability|p1a: Corviknight|Pressure
|move|p2a: Corviknight|Brave Bird|p1a: Corviknight
|-resisted|p1a: Corviknight
|-damage|p1a: Corviknight|53/100
|-damage|p2a: Corviknight|12/100|[from] Recoil
|
|-heal|p1a: Corviknight|59/100|[from] item: Leftovers
|upkeep
|turn|39
|
|switch|p2a: Hydreigon|Hydreigon, M, shiny|100/100
|-damage|p2a: Hydreigon|88/100|[from] Stealth Rock
|move|p1a: Corviknight|Roost|p1a: Corviknight
|-heal|p1a: Corviknight|100/100
|-singleturn|p1a: Corviknight|move: Roost
|
|upkeep
|turn|40
|
|switch|p1a: Toxapex|Toxapex, F|100/100
|move|p2a: Hydreigon|Dark Pulse|p1a: Toxapex
|-damage|p1a: Toxapex|51/100
|
|upkeep
|turn|41
|
|move|p2a: Hydreigon|Dark Pulse|p1a: Toxapex
|-damage|p1a: Toxapex|2/100
|move|p1a: Toxapex|Toxic Spikes|p2a: Hydreigon
|-sidestart|p2: supernotgood|move: Toxic Spikes
|
|upkeep
|turn|42
|
|move|p2a: Hydreigon|Dark Pulse|p1a: Toxapex
|-damage|p1a: Toxapex|0 fnt
|faint|p1a: Toxapex
|
|upkeep
|
|switch|p1a: Hatterene|Hatterene, F|42/100
|turn|43
|
|move|p2a: Hydreigon|Dark Pulse|p1a: Hatterene
|-damage|p1a: Hatterene|8/100
|move|p1a: Hatterene|Draining Kiss|p2a: Hydreigon
|-supereffective|p2a: Hydreigon
|-damage|p2a: Hydreigon|0 fnt
|-heal|p1a: Hatterene|75/100|[from] drain|[of] p2a: Hydreigon
|faint|p2a: Hydreigon
|
|upkeep
|
|switch|p2a: Corviknight|Corviknight, F, shiny|12/100
|-damage|p2a: Corviknight|0 fnt|[from] Stealth Rock
|faint|p2a: Corviknight
|
|switch|p2a: Haxorus|Haxorus, M, shiny|100/100
|-status|p2a: Haxorus|psn
|-damage|p2a: Haxorus|88/100 psn|[from] Stealth Rock
|-ability|p2a: Haxorus|Mold Breaker
|turn|44
|
|move|p2a: Haxorus|Dragon Dance|p2a: Haxorus
|-boost|p2a: Haxorus|atk|1
|-boost|p2a: Haxorus|spe|1
|move|p1a: Hatterene|Draining Kiss|p2a: Haxorus
|-supereffective|p2a: Haxorus
|-damage|p2a: Haxorus|14/100 psn
|-heal|p1a: Hatterene|100/100|[from] drain|[of] p2a: Haxorus
|
|-damage|p2a: Haxorus|2/100 psn|[from] psn
|upkeep
|turn|45
|
|move|p2a: Haxorus|Earthquake|p1a: Hatterene
|-damage|p1a: Hatterene|1/100
|-damage|p2a: Haxorus|0 fnt|[from] item: Life Orb
|faint|p2a: Haxorus
|
|win|groundt
|raw|groundt's rating: 1659 &rarr; <strong>1674</strong><br />(+15 for winning)
|raw|supernotgood's rating: 1564 &rarr; <strong>1550</strong><br />(-14 for losing)
|l|☆supernotgood
