|j|☆someidiot19
|j|☆frouug
|t:|1665206566
|gametype|singles
|player|p1|someidiot19|teacher-gen2|
|player|p2|frouug|spenser-gen3|
|teamsize|p1|6
|teamsize|p2|6
|gen|8
|tier|[Gen 8] OU
|rule|Sleep Clause Mod: Limit one foe put to sleep
|rule|Species Clause: Limit one of each Pokémon
|rule|OHKO Clause: OHKO moves are banned
|rule|Evasion Items Clause: Evasion items are banned
|rule|Evasion Moves Clause: Evasion moves are banned
|rule|Endless Battle Clause: Forcing endless battles is banned
|rule|HP Percentage Mod: HP is shown in percentages
|rule|Dynamax Clause: You cannot dynamax
|clearpoke
|poke|p1|Pelipper, M|
|poke|p1|Palpitoad, F|
|poke|p1|Arrokuda, M|
|poke|p1|Ferroseed, M|
|poke|p1|Zapdos|
|poke|p1|Crawdaunt, M|
|poke|p2|Venusaur, M|
|poke|p2|Victini|
|poke|p2|Darmanitan, M|
|poke|p2|Torkoal, M|
|poke|p2|Mandibuzz, F|
|poke|p2|Garchomp, M|
|teampreview
|inactive|Battle timer is ON: inactive players will automatically lose when time's up. (requested by someidiot19)
|
|t:|1665206593
|start
|switch|p1a: Palpitoad|Palpitoad, F|100/100
|switch|p2a: Darmanitan|Darmanitan, M|100/100
|turn|1
|
|t:|1665206609
|switch|p1a: Pelipper|Pelipper, M|100/100
|-weather|RainDance|[from] ability: Drizzle|[of] p1a: Pelipper
|move|p2a: Darmanitan|U-turn|p1a: Pelipper
|-resisted|p1a: Pelipper
|-crit|p1a: Pelipper
|-damage|p1a: Pelipper|65/100
|
|t:|1665206621
|switch|p2a: Victini|Victini|100/100|[from]move: U-turn
|
|-weather|RainDance|[upkeep]
|upkeep
|turn|2
|
|t:|1665206626
|switch|p1a: Palpitoad|Palpitoad, F|100/100
|move|p2a: Victini|Bolt Strike|p1a: Palpitoad
|-immune|p1a: Palpitoad
|
|-weather|RainDance|[upkeep]
|upkeep
|turn|3
|
|t:|1665206636
|switch|p2a: Garchomp|Garchomp, M|100/100
|move|p1a: Palpitoad|Weather Ball|p2a: Garchomp
|-damage|p2a: Garchomp|7/100
|
|-weather|RainDance|[upkeep]
|upkeep
|turn|4
|
|t:|1665206649
|move|p1a: Palpitoad|Weather Ball|p2a: Garchomp
|-damage|p2a: Garchomp|0 fnt
|faint|p2a: Garchomp
|
|-weather|RainDance|[upkeep]
|upkeep
|
|t:|1665206660
|switch|p2a: Venusaur|Venusaur, M, shiny|100/100
|turn|5
|
|t:|1665206667
|switch|p1a: Ferroseed|Ferroseed, M|100/100
|switch|p2a: Mandibuzz|Mandibuzz, F, shiny|100/100
|
|-weather|RainDance|[upkeep]
|upkeep
|turn|6
|
|t:|1665206673
|move|p2a: Mandibuzz|U-turn|p1a: Ferroseed
|-damage|p1a: Ferroseed|94/100
|-damage|p2a: Mandibuzz|88/100|[from] ability: Iron Barbs|[of] p1a: Ferroseed
|
|t:|1665206675
|switch|p2a: Torkoal|Torkoal, M, shiny|100/100|[from]move: U-turn
|-weather|SunnyDay|[from] ability: Drought|[of] p2a: Torkoal
|move|p1a: Ferroseed|Stealth Rock|p2a: Torkoal
|-sidestart|p2: frouug|move: Stealth Rock
|
|-weather|SunnyDay|[upkeep]
|upkeep
|turn|7
|
|t:|1665206682
|move|p2a: Torkoal|Rapid Spin|p1a: Ferroseed
|-resisted|p1a: Ferroseed
|-damage|p1a: Ferroseed|92/100
|-boost|p2a: Torkoal|spe|1
|-damage|p2a: Torkoal|88/100|[from] ability: Iron Barbs|[of] p1a: Ferroseed
|-sideend|p2: frouug|Stealth Rock|[from] move: Rapid Spin|[of] p2a: Torkoal
|move|p1a: Ferroseed|Leech Seed|p2a: Torkoal
|-start|p2a: Torkoal|move: Leech Seed
|
|-weather|SunnyDay|[upkeep]
|-damage|p2a: Torkoal|76/100|[from] Leech Seed|[of] p1a: Ferroseed
|-heal|p1a: Ferroseed|100/100|[silent]
|upkeep
|turn|8
|
|t:|1665206692
|switch|p2a: Venusaur|Venusaur, M, shiny|100/100
|move|p1a: Ferroseed|Stealth Rock|p2a: Venusaur
|-sidestart|p2: frouug|move: Stealth Rock
|
|-weather|SunnyDay|[upkeep]
|upkeep
|turn|9
|
|t:|1665206712
|switch|p2a: Darmanitan|Darmanitan, M|100/100
|-damage|p2a: Darmanitan|76/100|[from] Stealth Rock
|move|p1a: Ferroseed|Knock Off|p2a: Darmanitan
|-damage|p2a: Darmanitan|55/100
|-enditem|p2a: Darmanitan|Choice Band|[from] move: Knock Off|[of] p1a: Ferroseed
|
|-weather|SunnyDay|[upkeep]
|upkeep
|turn|10
|
|t:|1665206723
|move|p2a: Darmanitan|Flare Blitz|p1a: Ferroseed
|-supereffective|p1a: Ferroseed
|-damage|p1a: Ferroseed|0 fnt
|-damage|p2a: Darmanitan|42/100|[from] ability: Iron Barbs|[of] p1a: Ferroseed
|faint|p1a: Ferroseed
|-damage|p2a: Darmanitan|15/100|[from] Recoil
|
|-weather|SunnyDay|[upkeep]
|upkeep
|
|t:|1665206725
|switch|p1a: Pelipper|Pelipper, M|65/100
|-weather|RainDance|[from] ability: Drizzle|[of] p1a: Pelipper
|turn|11
|
|t:|1665206731
|switch|p1a: Palpitoad|Palpitoad, F|100/100
|move|p2a: Darmanitan|Rock Slide|p1a: Palpitoad
|-resisted|p1a: Palpitoad
|-damage|p1a: Palpitoad|62/100
|
|-weather|RainDance|[upkeep]
|upkeep
|turn|12
|
|t:|1665206741
|switch|p2a: Venusaur|Venusaur, M, shiny|100/100
|-damage|p2a: Venusaur|88/100|[from] Stealth Rock
|move|p1a: Palpitoad|Scald|p2a: Venusaur
|-resisted|p2a: Venusaur
|-damage|p2a: Venusaur|52/100
|
|-weather|RainDance|[upkeep]
|upkeep
|turn|13
|
|t:|1665206748
|switch|p1a: Zapdos|Zapdos|100/100
|move|p2a: Venusaur|Giga Drain|p1a: Zapdos
|-resisted|p1a: Zapdos
|-damage|p1a: Zapdos|72/100
|-heal|p2a: Venusaur|67/100|[from] drain|[of] p1a: Zapdos
|-damage|p2a: Venusaur|57/100|[from] item: Life Orb
|
|-weather|RainDance|[upkeep]
|upkeep
|turn|14
|
|t:|1665206755
|switch|p2a: Darmanitan|Darmanitan, M|15/100
|-damage|p2a: Darmanitan|0 fnt|[from] Stealth Rock
|faint|p2a: Darmanitan
|move|p1a: Zapdos|Hurricane|p2: Darmanitan|[notarget]
|-fail|p1a: Zapdos
|
|-weather|RainDance|[upkeep]
|upkeep
|
|t:|1665206766
|switch|p2a: Torkoal|Torkoal, M, shiny|76/100
|-damage|p2a: Torkoal|51/100|[from] Stealth Rock
|-weather|SunnyDay|[from] ability: Drought|[of] p2a: Torkoal
|turn|15
|
|t:|1665206773
|switch|p2a: Mandibuzz|Mandibuzz, F, shiny|88/100
|move|p1a: Zapdos|Weather Ball|p2a: Mandibuzz
|-damage|p2a: Mandibuzz|47/100
|
|-weather|SunnyDay|[upkeep]
|upkeep
|turn|16
|
|t:|1665206780
|move|p1a: Zapdos|Weather Ball|p2a: Mandibuzz
|-crit|p2a: Mandibuzz
|-damage|p2a: Mandibuzz|0 fnt
|faint|p2a: Mandibuzz
|
|-weather|SunnyDay|[upkeep]
|upkeep
|
|t:|1665206793
|switch|p2a: Victini|Victini|100/100
|-damage|p2a: Victini|76/100|[from] Stealth Rock
|turn|17
|
|t:|1665206802
|switch|p1a: Arrokuda|Arrokuda, M|100/100
|move|p2a: Victini|V-create|p1a: Arrokuda
|-resisted|p1a: Arrokuda
|-crit|p1a: Arrokuda
|-damage|p1a: Arrokuda|0 fnt
|-unboost|p2a: Victini|spe|1
|-unboost|p2a: Victini|def|1
|-unboost|p2a: Victini|spd|1
|faint|p1a: Arrokuda
|
|-weather|SunnyDay|[upkeep]
|upkeep
|
|t:|1665206807
|switch|p1a: Pelipper|Pelipper, M|65/100
|-weather|RainDance|[from] ability: Drizzle|[of] p1a: Pelipper
|turn|18
|
|t:|1665206811
|switch|p1a: Palpitoad|Palpitoad, F|62/100
|move|p2a: Victini|V-create|p1a: Palpitoad
|-resisted|p1a: Palpitoad
|-damage|p1a: Palpitoad|24/100
|-unboost|p2a: Victini|spe|1
|-unboost|p2a: Victini|def|1
|-unboost|p2a: Victini|spd|1
|
|-weather|RainDance|[upkeep]
|upkeep
|turn|19
|
|t:|1665206819
|switch|p2a: Venusaur|Venusaur, M, shiny|57/100
|-damage|p2a: Venusaur|45/100|[from] Stealth Rock
|move|p1a: Palpitoad|Earth Power|p2a: Venusaur
|-damage|p2a: Venusaur|0 fnt
|faint|p2a: Venusaur
|
|-weather|RainDance|[upkeep]
|upkeep
|
|t:|1665206822
|switch|p2a: Torkoal|Torkoal, M, shiny|51/100
|-damage|p2a: Torkoal|26/100|[from] Stealth Rock
|-weather|SunnyDay|[from] ability: Drought|[of] p2a: Torkoal
|turn|20
|
|t:|1665206840
|move|p1a: Palpitoad|Earth Power|p2a: Torkoal
|-supereffective|p2a: Torkoal
|-damage|p2a: Torkoal|0 fnt
|faint|p2a: Torkoal
|
|-weather|SunnyDay|[upkeep]
|upkeep
|
|t:|1665206842
|switch|p2a: Victini|Victini|76/100
|-damage|p2a: Victini|51/100|[from] Stealth Rock
|turn|21
|
|t:|1665206848
|switch|p1a: Pelipper|Pelipper, M|65/100
|-weather|RainDance|[from] ability: Drizzle|[of] p1a: Pelipper
|move|p2a: Victini|V-create|p1a: Pelipper
|-resisted|p1a: Pelipper
|-damage|p1a: Pelipper|43/100
|-unboost|p2a: Victini|spe|1
|-unboost|p2a: Victini|def|1
|-unboost|p2a: Victini|spd|1
|
|-weather|RainDance|[upkeep]
|upkeep
|turn|22
|
|t:|1665206852
|move|p2a: Victini|V-create|p1a: Pelipper
|-resisted|p1a: Pelipper
|-damage|p1a: Pelipper|21/100
|-unboost|p2a: Victini|spe|1
|-unboost|p2a: Victini|def|1
|-unboost|p2a: Victini|spd|1
|move|p1a: Pelipper|Defog|p2a: Victini
|-unboost|p2a: Victini|evasion|1
|-sideend|p2: frouug|Stealth Rock|[from] move: Defog|[of] p1a: Pelipper
|
|-weather|RainDance|[upkeep]
|upkeep
|turn|23
|
|t:|1665206860
|switch|p1a: Crawdaunt|Crawdaunt, M|100/100
|move|p2a: Victini|V-create|p1a: Crawdaunt
|-resisted|p1a: Crawdaunt
|-damage|p1a: Crawdaunt|70/100
|-unboost|p2a: Victini|spe|1
|-unboost|p2a: Victini|def|1
|-unboost|p2a: Victini|spd|1
|
|-weather|RainDance|[upkeep]
|upkeep
|turn|24
|
|t:|1665206863
|move|p1a: Crawdaunt|Close Combat|p2a: Victini
|-resisted|p2a: Victini
|-damage|p2a: Victini|0 fnt
|-unboost|p1a: Crawdaunt|def|1
|-unboost|p1a: Crawdaunt|spd|1
|faint|p2a: Victini
|
|win|someidiot19
