|j|☆Youngster Maxance
|j|☆A
|player|p1|Youngster Maxance|lucas-gen4pt|1616
|player|p2|A|pokekid|1602
|teamsize|p1|6
|teamsize|p2|6
|gametype|singles
|gen|8
|tier|[Gen 8] OU
|rated|
|clearpoke
|poke|p1|Mew|
|poke|p1|Shuckle, F|
|poke|p1|Excadrill, M|
|poke|p1|Aegislash, F|
|poke|p1|Keldeo-Resolute|
|poke|p1|Bisharp, F|
|poke|p2|Dracovish|
|poke|p2|Hydreigon, M|
|poke|p2|Mew|
|poke|p2|Clefable, F|
|poke|p2|Jirachi|
|poke|p2|Conkeldurr, F|
|rule|Sleep Clause Mod: Limit one foe put to sleep
|rule|Species Clause: Limit one of each Pokémon
|rule|OHKO Clause: OHKO moves are banned
|rule|Evasion Moves Clause: Evasion moves are banned
|rule|Endless Battle Clause: Forcing endless battles is banned
|rule|HP Percentage Mod: HP is shown in percentages
|rule|Dynamax Clause: You cannot dynamax
|teampreview
|inactive|Battle timer is ON: inactive players will automatically lose when time's up. (requested by A)
|
|start
|switch|p1a: Excadrill|Excadrill, M|100/100
|switch|p2a: REAL MANS|Dracovish, shiny|100/100
|-ability|p1a: Excadrill|Mold Breaker
|turn|1
|
|switch|p1a: Shuckle|Shuckle, F|100/100
|move|p2a: REAL MANS|Fishious Rend|p1a: Shuckle
|-supereffective|p1a: Shuckle
|-ability|p1a: Shuckle|Sturdy
|-damage|p1a: Shuckle|1/100
|
|upkeep
|turn|2
|
|move|p2a: REAL MANS|Substitute|p2a: REAL MANS
|-start|p2a: REAL MANS|Substitute
|-damage|p2a: REAL MANS|76/100
|move|p1a: Shuckle|Sticky Web|p2a: REAL MANS
|-sidestart|p2: A|move: Sticky Web
|
|upkeep
|turn|3
|
|move|p2a: REAL MANS|Fishious Rend|p1a: Shuckle
|-supereffective|p1a: Shuckle
|-damage|p1a: Shuckle|0 fnt
|faint|p1a: Shuckle
|
|upkeep
|
|switch|p1a: Keldeo|Keldeo-Resolute|100/100
|turn|4
|
|move|p1a: Keldeo|Secret Sword|p2a: REAL MANS
|-end|p2a: REAL MANS|Substitute
|move|p2a: REAL MANS|Fishious Rend|p1a: Keldeo
|-resisted|p1a: Keldeo
|-damage|p1a: Keldeo|61/100
|
|-heal|p1a: Keldeo|67/100|[from] item: Leftovers
|upkeep
|turn|5
|
|move|p1a: Keldeo|Secret Sword|p2a: REAL MANS
|-damage|p2a: REAL MANS|28/100
|move|p2a: REAL MANS|Draco Meteor|p1a: Keldeo
|-damage|p1a: Keldeo|26/100
|-unboost|p2a: REAL MANS|spa|2
|
|-heal|p1a: Keldeo|32/100|[from] item: Leftovers
|upkeep
|turn|6
|j| Balma
|
|switch|p2a: KALEIDOSCOPE|Mew|100/100
|-activate|p2a: KALEIDOSCOPE|move: Sticky Web
|-unboost|p2a: KALEIDOSCOPE|spe|1
|move|p1a: Keldeo|Calm Mind|p1a: Keldeo
|-boost|p1a: Keldeo|spa|1
|-boost|p1a: Keldeo|spd|1
|
|-heal|p1a: Keldeo|38/100|[from] item: Leftovers
|upkeep
|turn|7
|
|move|p1a: Keldeo|Surf|p2a: KALEIDOSCOPE
|-damage|p2a: KALEIDOSCOPE|40/100
|move|p2a: KALEIDOSCOPE|Knock Off|p1a: Keldeo
|-resisted|p1a: Keldeo
|-damage|p1a: Keldeo|26/100
|-ability|p1a: Keldeo|Justified|boost
|-boost|p1a: Keldeo|atk|1
|-enditem|p1a: Keldeo|Leftovers|[from] move: Knock Off|[of] p2a: KALEIDOSCOPE
|
|upkeep
|turn|8
|
|switch|p2a: REAL MANS|Dracovish, shiny|28/100
|-activate|p2a: REAL MANS|move: Sticky Web
|-unboost|p2a: REAL MANS|spe|1
|move|p1a: Keldeo|Surf|p2a: REAL MANS
|-resisted|p2a: REAL MANS
|-damage|p2a: REAL MANS|2/100
|
|upkeep
|turn|9
|
|move|p1a: Keldeo|Surf|p2a: REAL MANS
|-resisted|p2a: REAL MANS
|-damage|p2a: REAL MANS|0 fnt
|faint|p2a: REAL MANS
|
|upkeep
|
|switch|p2a: TELLEM TELLEM|Hydreigon, M|100/100
|turn|10
|
|move|p2a: TELLEM TELLEM|Draco Meteor|p1a: Keldeo
|-damage|p1a: Keldeo|0 fnt
|-unboost|p2a: TELLEM TELLEM|spa|2
|faint|p1a: Keldeo
|
|upkeep
|
|switch|p1a: Mew|Mew|100/100
|turn|11
|
|switch|p2a: THE WEEKDAY|Conkeldurr, F|100/100
|-activate|p2a: THE WEEKDAY|move: Sticky Web
|-unboost|p2a: THE WEEKDAY|spe|1
|move|p1a: Mew|Cosmic Power|p1a: Mew
|-boost|p1a: Mew|def|1
|-boost|p1a: Mew|spd|1
|
|upkeep
|turn|12
|
|switch|p2a: SLEEPY BABY|Clefable, F|100/100
|-activate|p2a: SLEEPY BABY|move: Sticky Web
|-unboost|p2a: SLEEPY BABY|spe|1
|move|p1a: Mew|Cosmic Power|p1a: Mew
|-boost|p1a: Mew|def|1
|-boost|p1a: Mew|spd|1
|
|upkeep
|turn|13
|
|move|p1a: Mew|Stored Power|p2a: SLEEPY BABY
|-damage|p2a: SLEEPY BABY|69/100
|move|p2a: SLEEPY BABY|Trick|p1a: Mew
|-activate|p2a: SLEEPY BABY|move: Trick|[of] p1a: Mew
|-item|p1a: Mew|Choice Scarf|[from] move: Trick
|-item|p2a: SLEEPY BABY|Weakness Policy|[from] move: Trick
|
|upkeep
|turn|14
|
|move|p1a: Mew|Stored Power|p2a: SLEEPY BABY
|-damage|p2a: SLEEPY BABY|40/100
|move|p2a: SLEEPY BABY|Stealth Rock|p1a: Mew
|-sidestart|p1: Youngster Maxance|move: Stealth Rock
|
|upkeep
|turn|15
|
|switch|p1a: Excadrill|Excadrill, M|100/100
|-damage|p1a: Excadrill|97/100|[from] Stealth Rock
|-ability|p1a: Excadrill|Mold Breaker
|move|p2a: SLEEPY BABY|Soft-Boiled|p2a: SLEEPY BABY
|-heal|p2a: SLEEPY BABY|90/100
|
|upkeep
|turn|16
|
|switch|p2a: THE WEEKDAY|Conkeldurr, F|100/100
|-activate|p2a: THE WEEKDAY|move: Sticky Web
|-unboost|p2a: THE WEEKDAY|spe|1
|move|p1a: Excadrill|Earthquake|p2a: THE WEEKDAY
|-damage|p2a: THE WEEKDAY|67/100
|
|-heal|p2a: THE WEEKDAY|73/100|[from] item: Leftovers
|upkeep
|turn|17
|
|move|p1a: Excadrill|Earthquake|p2a: THE WEEKDAY
|-damage|p2a: THE WEEKDAY|37/100
|move|p2a: THE WEEKDAY|Defog|p1a: Excadrill
|-unboost|p1a: Excadrill|evasion|1
|-sideend|p1: Youngster Maxance|Stealth Rock|[from] move: Defog|[of] p2a: THE WEEKDAY
|-sideend|p2: A|Sticky Web|[from] move: Defog|[of] p2a: THE WEEKDAY
|
|-heal|p2a: THE WEEKDAY|43/100|[from] item: Leftovers
|upkeep
|turn|18
|c|☆Youngster Maxance|wtf
|
|switch|p1a: Aegislash|Aegislash, F|100/100
|-item|p1a: Aegislash|Air Balloon
|move|p2a: THE WEEKDAY|Drain Punch|p1a: Aegislash
|-immune|p1a: Aegislash
|
|-heal|p2a: THE WEEKDAY|49/100|[from] item: Leftovers
|upkeep
|turn|19
|
|switch|p2a: TELLEM TELLEM|Hydreigon, M|100/100
|-formechange|p1a: Aegislash|Aegislash-Blade||[from] ability: Stance Change
|move|p1a: Aegislash|Iron Head|p2a: TELLEM TELLEM
|-damage|p2a: TELLEM TELLEM|52/100
|
|upkeep
|turn|20
|
|switch|p1a: Bisharp|Bisharp, F|100/100
|move|p2a: TELLEM TELLEM|U-turn|p1a: Bisharp
|-damage|p1a: Bisharp|81/100
|
|switch|p2a: THE WEEKDAY|Conkeldurr, F|49/100|[from]move: U-turn
|
|-heal|p2a: THE WEEKDAY|56/100|[from] item: Leftovers
|upkeep
|turn|21
|
|move|p1a: Bisharp|Iron Head|p2a: THE WEEKDAY
|-damage|p2a: THE WEEKDAY|28/100
|move|p2a: THE WEEKDAY|Knock Off|p1a: Bisharp
|-resisted|p1a: Bisharp
|-damage|p1a: Bisharp|63/100
|-enditem|p1a: Bisharp|Black Glasses|[from] move: Knock Off|[of] p2a: THE WEEKDAY
|
|-heal|p2a: THE WEEKDAY|34/100|[from] item: Leftovers
|upkeep
|turn|22
|
|move|p2a: THE WEEKDAY|Mach Punch|p1a: Bisharp
|-supereffective|p1a: Bisharp
|-damage|p1a: Bisharp|0 fnt
|faint|p1a: Bisharp
|
|-heal|p2a: THE WEEKDAY|41/100|[from] item: Leftovers
|upkeep
|
|switch|p1a: Aegislash|Aegislash, F|100/100
|-item|p1a: Aegislash|Air Balloon
|turn|23
|
|switch|p2a: SLEEPY BABY|Clefable, F|90/100
|move|p1a: Aegislash|Swords Dance|p1a: Aegislash
|-boost|p1a: Aegislash|atk|2
|
|upkeep
|turn|24
|
|-formechange|p1a: Aegislash|Aegislash-Blade||[from] ability: Stance Change
|move|p1a: Aegislash|Iron Head|p2a: SLEEPY BABY
|-supereffective|p2a: SLEEPY BABY
|-damage|p2a: SLEEPY BABY|0 fnt
|faint|p2a: SLEEPY BABY
|
|upkeep
|
|switch|p2a: TELLEM TELLEM|Hydreigon, M|52/100
|turn|25
|
|switch|p1a: Mew|Mew|100/100
|move|p2a: TELLEM TELLEM|Dark Pulse|p1a: Mew
|-supereffective|p1a: Mew
|-damage|p1a: Mew|30/100
|
|upkeep
|turn|26
|
|move|p1a: Mew|Body Press|p2a: TELLEM TELLEM
|-supereffective|p2a: TELLEM TELLEM
|-damage|p2a: TELLEM TELLEM|13/100
|move|p2a: TELLEM TELLEM|Dark Pulse|p1a: Mew
|-supereffective|p1a: Mew
|-damage|p1a: Mew|0 fnt
|faint|p1a: Mew
|
|upkeep
|
|switch|p1a: Excadrill|Excadrill, M|97/100
|-ability|p1a: Excadrill|Mold Breaker
|turn|27
|
|move|p2a: TELLEM TELLEM|Dark Pulse|p1a: Excadrill
|-damage|p1a: Excadrill|48/100
|move|p1a: Excadrill|Earthquake|p2a: TELLEM TELLEM
|-damage|p2a: TELLEM TELLEM|0 fnt
|faint|p2a: TELLEM TELLEM
|
|upkeep
|
|switch|p2a: THE WEEKDAY|Conkeldurr, F|41/100
|turn|28
|
|move|p2a: THE WEEKDAY|Mach Punch|p1a: Excadrill
|-supereffective|p1a: Excadrill
|-damage|p1a: Excadrill|0 fnt
|faint|p1a: Excadrill
|
|-heal|p2a: THE WEEKDAY|47/100|[from] item: Leftovers
|upkeep
|
|switch|p1a: Aegislash|Aegislash, F|100/100
|-item|p1a: Aegislash|Air Balloon
|turn|29
|l| Balma
|
|move|p1a: Aegislash|Swords Dance|p1a: Aegislash
|-boost|p1a: Aegislash|atk|2
|move|p2a: THE WEEKDAY|Knock Off|p1a: Aegislash
|-supereffective|p1a: Aegislash
|-damage|p1a: Aegislash|44/100
|-enditem|p1a: Aegislash|Air Balloon
|
|-heal|p2a: THE WEEKDAY|53/100|[from] item: Leftovers
|upkeep
|turn|30
|
|-formechange|p1a: Aegislash|Aegislash-Blade||[from] ability: Stance Change
|move|p1a: Aegislash|Iron Head|p2a: THE WEEKDAY
|-damage|p2a: THE WEEKDAY|0 fnt
|faint|p2a: THE WEEKDAY
|
|upkeep
|
|switch|p2a: UH OH STINKY|Jirachi|100/100
|turn|31
|
|move|p1a: Aegislash|Shadow Sneak|p2a: UH OH STINKY
|-supereffective|p2a: UH OH STINKY
|-damage|p2a: UH OH STINKY|14/100
|move|p2a: UH OH STINKY|Thunderbolt|p1a: Aegislash
|-damage|p1a: Aegislash|0 fnt
|faint|p1a: Aegislash
|
|win|A
|c|☆A|gg
|l|☆Youngster Maxance
|raw|Youngster Maxance's rating: 1600 &rarr; <strong>1581</strong><br />(-19 for losing)
|raw|A's rating: 1602 &rarr; <strong>1622</strong><br />(+20 for winning)
|j| d18l
|l| d18l
|j| curiosity
|l| curiosity
|j| d18l
|l| d18l
|j| super random guy
