|html|<div class="broadcast-blue"><strong>[Gen 8] OU is currently suspecting Zamazenta-Crowned! For information on how to participate check out the <a href="https://www.smogon.com/forums/threads/np-ss-ou-suspect-process-round-10-royals.3681787/">suspect thread</a>.</strong></div>
|j|☆LolzMachine
|j|☆outk medulla
|t:|1618420889
|gametype|singles
|player|p1|LolzMachine|294|1558
|player|p2|outk medulla|169|1651
|teamsize|p1|6
|teamsize|p2|6
|gen|8
|tier|[Gen 8] OU
|rated|
|clearpoke
|poke|p1|Blaziken, M|
|poke|p1|Garchomp, F|
|poke|p1|Salamence, M|
|poke|p1|Melmetal|
|poke|p1|Zarude|
|poke|p1|Regieleki|
|poke|p2|Zamazenta-Crowned|
|poke|p2|Dragapult, M|
|poke|p2|Dragonite, F|
|poke|p2|Urshifu-*, M|
|poke|p2|Mew|
|poke|p2|Landorus-Therian, M|
|rule|Sleep Clause Mod: Limit one foe put to sleep
|rule|Species Clause: Limit one of each Pokémon
|rule|OHKO Clause: OHKO moves are banned
|rule|Evasion Moves Clause: Evasion moves are banned
|rule|Endless Battle Clause: Forcing endless battles is banned
|rule|HP Percentage Mod: HP is shown in percentages
|rule|Dynamax Clause: You cannot dynamax
|teampreview
|
|t:|1618420897
|start
|switch|p1a: Salamence|Salamence, M|100/100
|switch|p2a: Mew|Mew|100/100
|-ability|p1a: Salamence|Intimidate|boost
|-unboost|p2a: Mew|atk|1
|turn|1
|
|t:|1618420901
|move|p1a: Salamence|Hurricane|p2a: Mew
|-damage|p2a: Mew|40/100
|-damage|p1a: Salamence|91/100|[from] item: Life Orb
|move|p2a: Mew|Stealth Rock|p1a: Salamence
|-sidestart|p1: LolzMachine|move: Stealth Rock
|
|upkeep
|turn|2
|
|t:|1618420904
|move|p1a: Salamence|Hurricane|p2a: Mew|[miss]
|-miss|p1a: Salamence|p2a: Mew
|move|p2a: Mew|Taunt|p1a: Salamence
|-start|p1a: Salamence|move: Taunt
|
|upkeep
|turn|3
|
|t:|1618420907
|move|p1a: Salamence|Hurricane|p2a: Mew
|-damage|p2a: Mew|0 fnt
|-damage|p1a: Salamence|81/100|[from] item: Life Orb
|faint|p2a: Mew
|
|upkeep
|
|t:|1618420931
|switch|p2a: Dragapult|Dragapult, M|100/100
|turn|4
|
|t:|1618420935
|move|p2a: Dragapult|Dragon Dance|p2a: Dragapult
|-boost|p2a: Dragapult|atk|1
|-boost|p2a: Dragapult|spe|1
|move|p1a: Salamence|Outrage|p2a: Dragapult
|-supereffective|p2a: Dragapult
|-damage|p2a: Dragapult|0 fnt
|-damage|p1a: Salamence|71/100|[from] item: Life Orb
|faint|p2a: Dragapult
|
|upkeep
|
|t:|1618420943
|switch|p2a: Landorus|Landorus-Therian, M|100/100
|-ability|p2a: Landorus|Intimidate|boost
|-unboost|p1a: Salamence|atk|1
|turn|5
|j| Matheus RW
|
|t:|1618420947
|move|p1a: Salamence|Outrage|p2a: Landorus|[from]lockedmove
|-damage|p2a: Landorus|46/100
|-damage|p1a: Salamence|61/100|[from] item: Life Orb
|move|p2a: Landorus|Rock Polish|p2a: Landorus
|-boost|p2a: Landorus|spe|2
|
|-end|p1a: Salamence|move: Taunt
|upkeep
|turn|6
|
|t:|1618420950
|move|p2a: Landorus|Rock Slide|p1a: Salamence|[miss]
|-miss|p2a: Landorus|p1a: Salamence
|move|p1a: Salamence|Outrage|p2a: Landorus|[from]lockedmove
|-crit|p2a: Landorus
|-damage|p2a: Landorus|0 fnt
|-damage|p1a: Salamence|51/100|[from] item: Life Orb
|-start|p1a: Salamence|confusion|[fatigue]
|faint|p2a: Landorus
|
|upkeep
|
|t:|1618420955
|switch|p2a: Dragonite|Dragonite, F|100/100
|turn|7
|
|t:|1618420958
|-activate|p1a: Salamence|confusion
|move|p1a: Salamence|Outrage|p2a: Dragonite
|-supereffective|p2a: Dragonite
|-damage|p2a: Dragonite|48/100
|-damage|p1a: Salamence|41/100|[from] item: Life Orb
|move|p2a: Dragonite|Dragon Dance|p2a: Dragonite
|-boost|p2a: Dragonite|atk|1
|-boost|p2a: Dragonite|spe|1
|
|upkeep
|turn|8
|
|t:|1618420960
|move|p2a: Dragonite|Roost|p2a: Dragonite
|-heal|p2a: Dragonite|99/100
|-singleturn|p2a: Dragonite|move: Roost
|-activate|p1a: Salamence|confusion
|move|p1a: Salamence|Outrage|p2a: Dragonite|[from]lockedmove
|-supereffective|p2a: Dragonite
|-damage|p2a: Dragonite|0 fnt
|-damage|p1a: Salamence|31/100|[from] item: Life Orb
|faint|p2a: Dragonite
|
|upkeep
|-message|outk medulla forfeited.
|
|win|LolzMachine
|l|☆outk medulla
|raw|LolzMachine's rating: 1552 &rarr; <strong>1578</strong><br />(+26 for winning)
|raw|outk medulla's rating: 1651 &rarr; <strong>1625</strong><br />(-26 for losing)
||Ladder isn't responding, score probably updated but might not have (Request timeout).
