|j|☆polosourire
|j|☆ThedebatableReaper
|t:|1606854950
|player|p1|polosourire|170|1765
|player|p2|ThedebatableReaper|2|1846
|teamsize|p1|6
|teamsize|p2|6
|gametype|singles
|gen|8
|tier|[Gen 8] OU
|rated|
|clearpoke
|poke|p1|Slowking-Galar, F|
|poke|p1|Corviknight, M|
|poke|p1|Suicune|
|poke|p1|Kyurem|
|poke|p1|Golurk|
|poke|p1|Pyukumuku, M|
|poke|p2|Latios, M|
|poke|p2|Cinderace, M|
|poke|p2|Heatran, M|
|poke|p2|Tapu Fini|
|poke|p2|Zapdos-Galar|
|poke|p2|Nidoking, M|
|rule|Sleep Clause Mod: Limit one foe put to sleep
|rule|Species Clause: Limit one of each Pokémon
|rule|OHKO Clause: OHKO moves are banned
|rule|Evasion Moves Clause: Evasion moves are banned
|rule|Endless Battle Clause: Forcing endless battles is banned
|rule|HP Percentage Mod: HP is shown in percentages
|rule|Dynamax Clause: You cannot dynamax
|teampreview
|j| iuhdsi
|
|t:|1606854985
|start
|switch|p1a: Kyurem|Kyurem|100/100
|switch|p2a: Latios|Latios, M|100/100
|-ability|p1a: Kyurem|Pressure
|turn|1
|j| wooloomax
|
|t:|1606854992
|switch|p1a: Slowking|Slowking-Galar, F|100/100
|move|p2a: Latios|Draco Meteor|p1a: Slowking
|-damage|p1a: Slowking|39/100
|-unboost|p2a: Latios|spa|2
|
|-heal|p1a: Slowking|45/100|[from] item: Black Sludge
|upkeep
|turn|2
|j| blackdarkness1
|j| Zombini62
|
|t:|1606855015
|switch|p2a: Nidoking|Nidoking, M|100/100
|move|p1a: Slowking|Slack Off|p1a: Slowking
|-heal|p1a: Slowking|95/100
|
|-heal|p1a: Slowking|100/100|[from] item: Black Sludge
|upkeep
|turn|3
|
|t:|1606855023
|move|p2a: Nidoking|Earth Power|p1a: Slowking
|-supereffective|p1a: Slowking
|-damage|p1a: Slowking|21/100
|move|p1a: Slowking|Eerie Spell|p2a: Nidoking
|-supereffective|p2a: Nidoking
|-damage|p2a: Nidoking|11/100
|-activate|p2a: Nidoking|move: Eerie Spell|Earth Power|3
|
|-heal|p1a: Slowking|27/100|[from] item: Black Sludge
|upkeep
|turn|4
|j| Pangominho
|
|t:|1606855033
|switch|p1a: Pyukumuku|Pyukumuku, M|100/100
|move|p2a: Nidoking|Earth Power|p1a: Pyukumuku
|-damage|p1a: Pyukumuku|56/100
|
|-heal|p1a: Pyukumuku|62/100|[from] item: Leftovers
|upkeep
|turn|5
|j| Vessev
|
|t:|1606855040
|move|p2a: Nidoking|Sludge Wave|p1a: Pyukumuku
|-damage|p1a: Pyukumuku|16/100
|move|p1a: Pyukumuku|Recover|p1a: Pyukumuku
|-heal|p1a: Pyukumuku|66/100
|
|-heal|p1a: Pyukumuku|72/100|[from] item: Leftovers
|upkeep
|turn|6
|
|t:|1606855048
|move|p2a: Nidoking|Sludge Wave|p1a: Pyukumuku
|-damage|p1a: Pyukumuku|31/100
|move|p1a: Pyukumuku|Recover|p1a: Pyukumuku
|-heal|p1a: Pyukumuku|81/100
|
|-heal|p1a: Pyukumuku|87/100|[from] item: Leftovers
|upkeep
|turn|7
|
|t:|1606855062
|switch|p2a: Latios|Latios, M|100/100
|move|p1a: Pyukumuku|Spite||[still]
|-fail|p1a: Pyukumuku
|
|-heal|p1a: Pyukumuku|93/100|[from] item: Leftovers
|upkeep
|turn|8
|
|t:|1606855072
|move|p2a: Latios|Psychic|p1a: Pyukumuku
|-damage|p1a: Pyukumuku|47/100
|move|p1a: Pyukumuku|Toxic|p2a: Latios
|-status|p2a: Latios|tox
|
|-heal|p1a: Pyukumuku|53/100|[from] item: Leftovers
|-damage|p2a: Latios|95/100 tox|[from] psn
|upkeep
|turn|9
|
|t:|1606855079
|move|p2a: Latios|Psychic|p1a: Pyukumuku
|-damage|p1a: Pyukumuku|5/100
|move|p1a: Pyukumuku|Recover|p1a: Pyukumuku
|-heal|p1a: Pyukumuku|55/100
|
|-heal|p1a: Pyukumuku|61/100|[from] item: Leftovers
|-damage|p2a: Latios|83/100 tox|[from] psn
|upkeep
|turn|10
|
|t:|1606855089
|switch|p2a: Tapu Fini|Tapu Fini|100/100
|-fieldstart|move: Misty Terrain|[from] ability: Misty Surge|[of] p2a: Tapu Fini
|move|p1a: Pyukumuku|Recover|p1a: Pyukumuku
|-heal|p1a: Pyukumuku|100/100
|
|upkeep
|turn|11
|l| wooloomax
|
|t:|1606855096
|switch|p1a: Golurk|Golurk|100/100
|move|p2a: Tapu Fini|Moonblast|p1a: Golurk
|-damage|p1a: Golurk|77/100
|
|upkeep
|turn|12
|
|t:|1606855103
|move|p2a: Tapu Fini|Scald|p1a: Golurk
|-supereffective|p1a: Golurk
|-damage|p1a: Golurk|37/100
|move|p1a: Golurk|Trick|p2a: Tapu Fini
|-activate|p1a: Golurk|move: Trick|[of] p2a: Tapu Fini
|-item|p2a: Tapu Fini|Assault Vest|[from] move: Trick
|-item|p1a: Golurk|Leftovers|[from] move: Trick
|
|upkeep
|turn|13
|
|t:|1606855114
|switch|p1a: Slowking|Slowking-Galar, F|60/100
|move|p2a: Tapu Fini|Scald|p1a: Slowking
|-damage|p1a: Slowking|45/100
|
|-heal|p1a: Slowking|52/100|[from] item: Black Sludge
|upkeep
|turn|14
|j| JSwisz
|
|t:|1606855130
|switch|p2a: Heatran|Heatran, M|100/100
|move|p1a: Slowking|Slack Off|p1a: Slowking
|-heal|p1a: Slowking|100/100
|
|-fieldend|Misty Terrain
|upkeep
|turn|15
|
|t:|1606855144
|switch|p1a: Suicune|Suicune|100/100
|-ability|p1a: Suicune|Pressure
|move|p2a: Heatran|Magma Storm|p1a: Suicune|[miss]
|-miss|p2a: Heatran|p1a: Suicune
|
|upkeep
|turn|16
|
|t:|1606855153
|switch|p2a: Nidoking|Nidoking, M|11/100
|move|p1a: Suicune|Calm Mind|p1a: Suicune
|-boost|p1a: Suicune|spa|1
|-boost|p1a: Suicune|spd|1
|
|upkeep
|turn|17
|
|t:|1606855158
|move|p2a: Nidoking|Sludge Wave|p1a: Suicune
|-damage|p1a: Suicune|69/100
|move|p1a: Suicune|Scald|p2a: Nidoking
|-supereffective|p2a: Nidoking
|-damage|p2a: Nidoking|0 fnt
|faint|p2a: Nidoking
|
|-heal|p1a: Suicune|75/100|[from] item: Leftovers
|upkeep
|
|t:|1606855167
|switch|p2a: Latios|Latios, M|83/100 tox
|turn|18
|
|t:|1606855173
|switch|p1a: Slowking|Slowking-Galar, F|100/100
|move|p2a: Latios|Psyshock|p1a: Slowking
|-damage|p1a: Slowking|31/100
|
|-heal|p1a: Slowking|37/100|[from] item: Black Sludge
|-damage|p2a: Latios|77/100 tox|[from] psn
|upkeep
|turn|19
|
|t:|1606855181
|switch|p1a: Corviknight|Corviknight, M|100/100
|-ability|p1a: Corviknight|Pressure
|move|p2a: Latios|Psyshock|p1a: Corviknight
|-resisted|p1a: Corviknight
|-damage|p1a: Corviknight|82/100
|
|-damage|p2a: Latios|65/100 tox|[from] psn
|upkeep
|turn|20
|
|t:|1606855194
|switch|p2a: Cinderace|Cinderace, M|100/100
|move|p1a: Corviknight|U-turn|p2a: Cinderace
|-resisted|p2a: Cinderace
|-damage|p2a: Cinderace|91/100
|
|t:|1606855201
|switch|p1a: Suicune|Suicune|75/100|[from]move: U-turn
|-ability|p1a: Suicune|Pressure
|
|-heal|p1a: Suicune|81/100|[from] item: Leftovers
|upkeep
|turn|21
|
|t:|1606855216
|switch|p2a: Latios|Latios, M|65/100 tox
|move|p1a: Suicune|Scald|p2a: Latios
|-resisted|p2a: Latios
|-damage|p2a: Latios|51/100 tox
|
|-heal|p1a: Suicune|87/100|[from] item: Leftovers
|-damage|p2a: Latios|45/100 tox|[from] psn
|upkeep
|turn|22
|
|t:|1606855226
|switch|p1a: Corviknight|Corviknight, M|82/100
|-ability|p1a: Corviknight|Pressure
|move|p2a: Latios|Draco Meteor|p1a: Corviknight
|-resisted|p1a: Corviknight
|-damage|p1a: Corviknight|35/100
|-unboost|p2a: Latios|spa|2
|
|-damage|p2a: Latios|33/100 tox|[from] psn
|upkeep
|turn|23
|
|t:|1606855237
|switch|p2a: Cinderace|Cinderace, M|91/100
|move|p1a: Corviknight|Roost|p1a: Corviknight
|-heal|p1a: Corviknight|85/100
|-singleturn|p1a: Corviknight|move: Roost
|
|upkeep
|turn|24
|
|t:|1606855248
|switch|p1a: Suicune|Suicune|87/100
|-ability|p1a: Suicune|Pressure
|move|p2a: Cinderace|High Jump Kick|p1a: Suicune
|-start|p2a: Cinderace|typechange|Fighting|[from] ability: Libero
|-damage|p1a: Suicune|46/100
|
|-heal|p1a: Suicune|52/100|[from] item: Leftovers
|upkeep
|turn|25
|
|t:|1606855258
|move|p2a: Cinderace|High Jump Kick|p1a: Suicune
|-damage|p1a: Suicune|11/100
|move|p1a: Suicune|Rest|p1a: Suicune
|-status|p1a: Suicune|slp|[from] move: Rest
|-heal|p1a: Suicune|100/100 slp|[silent]
|
|upkeep
|turn|26
|
|t:|1606855266
|move|p2a: Cinderace|High Jump Kick|p1a: Suicune
|-damage|p1a: Suicune|65/100 slp
|cant|p1a: Suicune|slp
|move|p1a: Suicune|Sleep Talk|p1a: Suicune
|move|p1a: Suicune|Rest||[from]move: Sleep Talk|[still]
|-fail|p1a: Suicune
|
|-heal|p1a: Suicune|71/100 slp|[from] item: Leftovers
|upkeep
|turn|27
|
|t:|1606855274
|switch|p1a: Golurk|Golurk|37/100
|move|p2a: Cinderace|High Jump Kick|p1a: Golurk
|-immune|p1a: Golurk
|-damage|p2a: Cinderace|41/100|[from] highjumpkick
|
|upkeep
|turn|28
|
|t:|1606855282
|move|p2a: Cinderace|Pyro Ball|p1a: Golurk
|-start|p2a: Cinderace|typechange|Fire|[from] ability: Libero
|-damage|p1a: Golurk|0 fnt
|faint|p1a: Golurk
|
|upkeep
|
|t:|1606855288
|switch|p1a: Suicune|Suicune|71/100 slp
|-ability|p1a: Suicune|Pressure
|turn|29
|
|t:|1606855293
|move|p2a: Cinderace|High Jump Kick|p1a: Suicune
|-start|p2a: Cinderace|typechange|Fighting|[from] ability: Libero
|-damage|p1a: Suicune|30/100 slp
|cant|p1a: Suicune|slp
|move|p1a: Suicune|Sleep Talk|p1a: Suicune
|move|p1a: Suicune|Calm Mind|p1a: Suicune|[from]move: Sleep Talk
|-boost|p1a: Suicune|spa|1
|-boost|p1a: Suicune|spd|1
|
|-heal|p1a: Suicune|36/100 slp|[from] item: Leftovers
|upkeep
|turn|30
|
|t:|1606855314
|switch|p1a: Corviknight|Corviknight, M|85/100
|-ability|p1a: Corviknight|Pressure
|move|p2a: Cinderace|High Jump Kick|p1a: Corviknight
|-damage|p1a: Corviknight|43/100
|-damage|p2a: Cinderace|24/100|[from] item: Rocky Helmet|[of] p1a: Corviknight
|
|upkeep
|turn|31
|
|t:|1606855323
|switch|p1a: Pyukumuku|Pyukumuku, M|100/100
|move|p2a: Cinderace|Pyro Ball|p1a: Pyukumuku
|-start|p2a: Cinderace|typechange|Fire|[from] ability: Libero
|-resisted|p1a: Pyukumuku
|-damage|p1a: Pyukumuku|74/100
|
|-heal|p1a: Pyukumuku|80/100|[from] item: Leftovers
|upkeep
|turn|32
|
|t:|1606855331
|move|p2a: Cinderace|Gunk Shot|p1a: Pyukumuku
|-start|p2a: Cinderace|typechange|Poison|[from] ability: Libero
|-damage|p1a: Pyukumuku|27/100
|-status|p1a: Pyukumuku|psn
|move|p1a: Pyukumuku|Toxic|p2a: Cinderace|[miss]
|-miss|p1a: Pyukumuku|p2a: Cinderace
|
|-heal|p1a: Pyukumuku|33/100 psn|[from] item: Leftovers
|-damage|p1a: Pyukumuku|20/100 psn|[from] psn
|upkeep
|turn|33
|
|t:|1606855343
|move|p2a: Cinderace|Pyro Ball|p1a: Pyukumuku|[miss]
|-start|p2a: Cinderace|typechange|Fire|[from] ability: Libero
|-miss|p2a: Cinderace|p1a: Pyukumuku
|move|p1a: Pyukumuku|Recover|p1a: Pyukumuku
|-heal|p1a: Pyukumuku|70/100 psn
|
|-heal|p1a: Pyukumuku|76/100 psn|[from] item: Leftovers
|-damage|p1a: Pyukumuku|64/100 psn|[from] psn
|upkeep
|turn|34
|
|t:|1606855353
|switch|p1a: Corviknight|Corviknight, M|43/100
|-ability|p1a: Corviknight|Pressure
|move|p2a: Cinderace|Gunk Shot|p1a: Corviknight
|-start|p2a: Cinderace|typechange|Poison|[from] ability: Libero
|-immune|p1a: Corviknight
|
|upkeep
|turn|35
|
|t:|1606855364
|move|p2a: Cinderace|High Jump Kick|p1a: Corviknight
|-start|p2a: Cinderace|typechange|Fighting|[from] ability: Libero
|-damage|p1a: Corviknight|3/100
|-damage|p2a: Cinderace|8/100|[from] item: Rocky Helmet|[of] p1a: Corviknight
|move|p1a: Corviknight|Roost|p1a: Corviknight
|-heal|p1a: Corviknight|53/100
|-singleturn|p1a: Corviknight|move: Roost
|
|upkeep
|turn|36
|
|t:|1606855378
|switch|p1a: Pyukumuku|Pyukumuku, M|64/100 psn
|move|p2a: Cinderace|Pyro Ball|p1a: Pyukumuku
|-start|p2a: Cinderace|typechange|Fire|[from] ability: Libero
|-resisted|p1a: Pyukumuku
|-damage|p1a: Pyukumuku|35/100 psn
|
|-heal|p1a: Pyukumuku|41/100 psn|[from] item: Leftovers
|-damage|p1a: Pyukumuku|29/100 psn|[from] psn
|upkeep
|turn|37
|
|t:|1606855388
|move|p2a: Cinderace|Pyro Ball|p1a: Pyukumuku
|-resisted|p1a: Pyukumuku
|-damage|p1a: Pyukumuku|3/100 psn
|move|p1a: Pyukumuku|Recover|p1a: Pyukumuku
|-heal|p1a: Pyukumuku|53/100 psn
|
|-heal|p1a: Pyukumuku|59/100 psn|[from] item: Leftovers
|-damage|p1a: Pyukumuku|47/100 psn|[from] psn
|upkeep
|turn|38
|
|t:|1606855396
|switch|p1a: Corviknight|Corviknight, M|53/100
|-ability|p1a: Corviknight|Pressure
|move|p2a: Cinderace|Pyro Ball|p1a: Corviknight
|-supereffective|p1a: Corviknight
|-damage|p1a: Corviknight|0 fnt
|faint|p1a: Corviknight
|
|upkeep
|
|t:|1606855402
|switch|p1a: Suicune|Suicune|36/100 slp
|-ability|p1a: Suicune|Pressure
|turn|39
|
|t:|1606855410
|move|p2a: Cinderace|High Jump Kick|p1a: Suicune|[miss]
|-start|p2a: Cinderace|typechange|Fighting|[from] ability: Libero
|-miss|p2a: Cinderace|p1a: Suicune
|-damage|p2a: Cinderace|0 fnt|[from] highjumpkick
|faint|p2a: Cinderace
|-curestatus|p1a: Suicune|slp|[msg]
|move|p1a: Suicune|Rest|p1a: Suicune
|-status|p1a: Suicune|slp|[from] move: Rest
|-heal|p1a: Suicune|100/100 slp|[silent]
|
|upkeep
|j| outu gezia
|
|t:|1606855424
|switch|p2a: Latios|Latios, M|33/100 tox
|turn|40
|
|t:|1606855453
|switch|p1a: Pyukumuku|Pyukumuku, M|47/100 psn
|move|p2a: Latios|Psyshock|p1a: Pyukumuku
|-damage|p1a: Pyukumuku|0 fnt
|faint|p1a: Pyukumuku
|
|-damage|p2a: Latios|27/100 tox|[from] psn
|upkeep
|
|t:|1606855467
|switch|p1a: Suicune|Suicune|100/100 slp
|-ability|p1a: Suicune|Pressure
|turn|41
|
|t:|1606855471
|move|p2a: Latios|Psyshock|p1a: Suicune
|-damage|p1a: Suicune|69/100 slp
|cant|p1a: Suicune|slp
|move|p1a: Suicune|Sleep Talk|p1a: Suicune
|move|p1a: Suicune|Scald|p2a: Latios|[from]move: Sleep Talk
|-resisted|p2a: Latios
|-damage|p2a: Latios|15/100 tox
|
|-heal|p1a: Suicune|75/100 slp|[from] item: Leftovers
|-damage|p2a: Latios|3/100 tox|[from] psn
|upkeep
|turn|42
|
|t:|1606855484
|move|p2a: Latios|Psyshock|p1a: Suicune
|-damage|p1a: Suicune|38/100 slp
|cant|p1a: Suicune|slp
|move|p1a: Suicune|Sleep Talk|p1a: Suicune
|move|p1a: Suicune|Scald|p2a: Latios|[from]move: Sleep Talk
|-resisted|p2a: Latios
|-damage|p2a: Latios|0 fnt
|faint|p2a: Latios
|
|-heal|p1a: Suicune|44/100 slp|[from] item: Leftovers
|upkeep
|
|t:|1606855498
|switch|p2a: Zapdos|Zapdos-Galar|100/100
|turn|43
|
|t:|1606855503
|move|p2a: Zapdos|Brave Bird|p1a: Suicune
|-damage|p1a: Suicune|12/100 slp
|-damage|p2a: Zapdos|87/100|[from] Recoil
|-curestatus|p1a: Suicune|slp|[msg]
|move|p1a: Suicune|Scald|p2a: Zapdos
|-damage|p2a: Zapdos|58/100
|
|-heal|p1a: Suicune|19/100|[from] item: Leftovers
|upkeep
|turn|44
|
|t:|1606855518
|move|p2a: Zapdos|Brave Bird|p1a: Suicune
|-damage|p1a: Suicune|0 fnt
|-damage|p2a: Zapdos|51/100|[from] Recoil
|faint|p1a: Suicune
|
|upkeep
|
|t:|1606855521
|switch|p1a: Slowking|Slowking-Galar, F|71/100
|turn|45
|
|t:|1606855530
|switch|p2a: Heatran|Heatran, M|100/100
|move|p1a: Slowking|Eerie Spell|p2a: Heatran
|-resisted|p2a: Heatran
|-damage|p2a: Heatran|91/100
|
|-heal|p2a: Heatran|97/100|[from] item: Leftovers
|-heal|p1a: Slowking|77/100|[from] item: Black Sludge
|upkeep
|turn|46
|
|t:|1606855539
|switch|p1a: Kyurem|Kyurem|100/100
|-ability|p1a: Kyurem|Pressure
|move|p2a: Heatran|Magma Storm|p1a: Kyurem
|-damage|p1a: Kyurem|57/100
|-activate|p1a: Kyurem|move: Magma Storm|[of] p2a: Heatran
|
|-heal|p2a: Heatran|100/100|[from] item: Leftovers
|-damage|p1a: Kyurem|45/100|[from] move: Magma Storm|[partiallytrapped]
|upkeep
|turn|47
|
|t:|1606855548
|switch|p2a: Tapu Fini|Tapu Fini|100/100
|-fieldstart|move: Misty Terrain|[from] ability: Misty Surge|[of] p2a: Tapu Fini
|move|p1a: Kyurem|Substitute|p1a: Kyurem
|-start|p1a: Kyurem|Substitute
|-end|p1a: Kyurem|Magma Storm|[partiallytrapped]|[silent]
|-damage|p1a: Kyurem|20/100
|
|upkeep
|turn|48
|
|t:|1606855555
|move|p1a: Kyurem|Roost|p1a: Kyurem
|-heal|p1a: Kyurem|70/100
|-singleturn|p1a: Kyurem|move: Roost
|move|p2a: Tapu Fini|Moonblast|p1a: Kyurem
|-supereffective|p1a: Kyurem
|-crit|p1a: Kyurem
|-end|p1a: Kyurem|Substitute
|
|upkeep
|turn|49
|
|t:|1606855565
|switch|p1a: Slowking|Slowking-Galar, F|100/100
|move|p2a: Tapu Fini|Moonblast|p1a: Slowking
|-resisted|p1a: Slowking
|-crit|p1a: Slowking
|-damage|p1a: Slowking|86/100
|
|-heal|p1a: Slowking|92/100|[from] item: Black Sludge
|upkeep
|turn|50
|
|t:|1606855573
|switch|p2a: Heatran|Heatran, M|100/100
|move|p1a: Slowking|Block|p2a: Heatran
|-activate|p2a: Heatran|trapped
|
|-heal|p1a: Slowking|98/100|[from] item: Black Sludge
|upkeep
|turn|51
|
|t:|1606855580
|move|p2a: Heatran|Stealth Rock|p1a: Slowking
|-sidestart|p1: polosourire|move: Stealth Rock
|move|p1a: Slowking|Eerie Spell|p2a: Heatran
|-resisted|p2a: Heatran
|-damage|p2a: Heatran|91/100
|-activate|p2a: Heatran|move: Eerie Spell|Stealth Rock|3
|
|-heal|p2a: Heatran|97/100|[from] item: Leftovers
|-heal|p1a: Slowking|100/100|[from] item: Black Sludge
|-fieldend|Misty Terrain
|upkeep
|turn|52
|
|t:|1606855592
|move|p2a: Heatran|Magma Storm|p1a: Slowking|[miss]
|-miss|p2a: Heatran|p1a: Slowking
|move|p1a: Slowking|Eerie Spell|p2a: Heatran
|-resisted|p2a: Heatran
|-damage|p2a: Heatran|88/100
|-activate|p2a: Heatran|move: Eerie Spell|Magma Storm|3
|
|-heal|p2a: Heatran|94/100|[from] item: Leftovers
|upkeep
|turn|53
|
|t:|1606855599
|switch|p1a: Kyurem|Kyurem|70/100
|-ability|p1a: Kyurem|Pressure
|move|p2a: Heatran|Earth Power|p1a: Kyurem
|-damage|p1a: Kyurem|47/100
|
|-heal|p2a: Heatran|99/100|[from] item: Leftovers
|upkeep
|turn|54
|
|t:|1606855608
|move|p1a: Kyurem|Substitute|p1a: Kyurem
|-start|p1a: Kyurem|Substitute
|-damage|p1a: Kyurem|22/100
|move|p2a: Heatran|Earth Power|p1a: Kyurem
|-activate|p1a: Kyurem|move: Substitute|[damage]
|
|-heal|p2a: Heatran|100/100|[from] item: Leftovers
|upkeep
|turn|55
|
|t:|1606855616
|move|p1a: Kyurem|Roost|p1a: Kyurem
|-heal|p1a: Kyurem|72/100
|-singleturn|p1a: Kyurem|move: Roost
|move|p2a: Heatran|Earth Power|p1a: Kyurem
|-end|p1a: Kyurem|Substitute
|
|upkeep
|turn|56
|
|t:|1606855623
|switch|p2a: Tapu Fini|Tapu Fini|100/100
|-fieldstart|move: Misty Terrain|[from] ability: Misty Surge|[of] p2a: Tapu Fini
|move|p1a: Kyurem|Substitute|p1a: Kyurem
|-start|p1a: Kyurem|Substitute
|-damage|p1a: Kyurem|47/100
|
|upkeep
|turn|57
|
|t:|1606855629
|move|p1a: Kyurem|Roost|p1a: Kyurem
|-heal|p1a: Kyurem|98/100
|-singleturn|p1a: Kyurem|move: Roost
|move|p2a: Tapu Fini|Moonblast|p1a: Kyurem
|-supereffective|p1a: Kyurem
|-end|p1a: Kyurem|Substitute
|
|upkeep
|turn|58
|
|t:|1606855642
|switch|p1a: Slowking|Slowking-Galar, F|100/100
|-damage|p1a: Slowking|88/100|[from] Stealth Rock
|move|p2a: Tapu Fini|Moonblast|p1a: Slowking
|-resisted|p1a: Slowking
|-damage|p1a: Slowking|78/100
|
|-heal|p1a: Slowking|84/100|[from] item: Black Sludge
|upkeep
|turn|59
|
|t:|1606855653
|switch|p2a: Heatran|Heatran, M|100/100
|move|p1a: Slowking|Sludge Bomb|p2a: Heatran
|-immune|p2a: Heatran
|
|-heal|p1a: Slowking|90/100|[from] item: Black Sludge
|upkeep
|turn|60
|l| Zombini62
|
|t:|1606855659
|move|p2a: Heatran|Taunt|p1a: Slowking
|-start|p1a: Slowking|move: Taunt
|cant|p1a: Slowking|move: Taunt|Block
|
|-heal|p1a: Slowking|96/100|[from] item: Black Sludge
|-fieldend|Misty Terrain
|upkeep
|turn|61
|
|t:|1606855665
|move|p2a: Heatran|Taunt||[still]
|-fail|p2a: Heatran
|move|p1a: Slowking|Eerie Spell|p2a: Heatran
|-resisted|p2a: Heatran
|-damage|p2a: Heatran|90/100
|-activate|p2a: Heatran|move: Eerie Spell|Taunt|3
|
|-heal|p2a: Heatran|97/100|[from] item: Leftovers
|-heal|p1a: Slowking|100/100|[from] item: Black Sludge
|upkeep
|turn|62
|
|t:|1606855673
|move|p2a: Heatran|Earth Power|p1a: Slowking
|-supereffective|p1a: Slowking
|-damage|p1a: Slowking|69/100
|move|p1a: Slowking|Sludge Bomb|p2a: Heatran
|-immune|p2a: Heatran
|
|-heal|p2a: Heatran|100/100|[from] item: Leftovers
|-heal|p1a: Slowking|75/100|[from] item: Black Sludge
|-end|p1a: Slowking|move: Taunt
|upkeep
|turn|63
|
|t:|1606855684
|switch|p1a: Kyurem|Kyurem|98/100
|-ability|p1a: Kyurem|Pressure
|move|p2a: Heatran|Taunt|p1a: Kyurem
|-start|p1a: Kyurem|move: Taunt
|
|upkeep
|turn|64
|
|t:|1606855692
|switch|p2a: Tapu Fini|Tapu Fini|100/100
|-fieldstart|move: Misty Terrain|[from] ability: Misty Surge|[of] p2a: Tapu Fini
|move|p1a: Kyurem|Earth Power|p2a: Tapu Fini
|-damage|p2a: Tapu Fini|84/100
|
|upkeep
|turn|65
|
|t:|1606855702
|switch|p1a: Slowking|Slowking-Galar, F|100/100
|-damage|p1a: Slowking|88/100|[from] Stealth Rock
|move|p2a: Tapu Fini|Scald|p1a: Slowking
|-damage|p1a: Slowking|72/100
|
|-heal|p1a: Slowking|78/100|[from] item: Black Sludge
|upkeep
|turn|66
|
|t:|1606855711
|switch|p2a: Heatran|Heatran, M|100/100
|move|p1a: Slowking|Block|p2a: Heatran
|-activate|p2a: Heatran|trapped
|
|-heal|p1a: Slowking|84/100|[from] item: Black Sludge
|upkeep
|turn|67
|
|t:|1606855720
|switch|p1a: Kyurem|Kyurem|98/100
|-ability|p1a: Kyurem|Pressure
|move|p2a: Heatran|Taunt|p1a: Kyurem
|-start|p1a: Kyurem|move: Taunt
|
|upkeep
|turn|68
|j| tapu moxo
|
|t:|1606855730
|switch|p2a: Tapu Fini|Tapu Fini|84/100
|move|p1a: Kyurem|Freeze-Dry|p2a: Tapu Fini
|-supereffective|p2a: Tapu Fini
|-damage|p2a: Tapu Fini|47/100
|
|-fieldend|Misty Terrain
|upkeep
|turn|69
|
|t:|1606855736
|switch|p1a: Slowking|Slowking-Galar, F|100/100
|-damage|p1a: Slowking|88/100|[from] Stealth Rock
|move|p2a: Tapu Fini|Scald|p1a: Slowking
|-damage|p1a: Slowking|72/100
|-status|p1a: Slowking|brn
|
|-heal|p1a: Slowking|78/100 brn|[from] item: Black Sludge
|-damage|p1a: Slowking|72/100 brn|[from] brn
|upkeep
|turn|70
|
|t:|1606855747
|move|p2a: Tapu Fini|Scald|p1a: Slowking
|-damage|p1a: Slowking|57/100 brn
|move|p1a: Slowking|Block|p2a: Tapu Fini
|-activate|p2a: Tapu Fini|trapped
|
|-heal|p1a: Slowking|63/100 brn|[from] item: Black Sludge
|-damage|p1a: Slowking|57/100 brn|[from] brn
|upkeep
|turn|71
|
|t:|1606855754
|move|p2a: Tapu Fini|Scald|p1a: Slowking
|-damage|p1a: Slowking|40/100 brn
|move|p1a: Slowking|Slack Off|p1a: Slowking
|-heal|p1a: Slowking|90/100 brn
|
|-heal|p1a: Slowking|96/100 brn|[from] item: Black Sludge
|-damage|p1a: Slowking|90/100 brn|[from] brn
|upkeep
|turn|72
|
|t:|1606855763
|move|p2a: Tapu Fini|Scald|p1a: Slowking
|-damage|p1a: Slowking|76/100 brn
|move|p1a: Slowking|Sludge Bomb|p2a: Tapu Fini
|-supereffective|p2a: Tapu Fini
|-damage|p2a: Tapu Fini|8/100
|
|-heal|p1a: Slowking|82/100 brn|[from] item: Black Sludge
|-damage|p1a: Slowking|76/100 brn|[from] brn
|upkeep
|turn|73
|
|t:|1606855771
|move|p2a: Tapu Fini|Scald|p1a: Slowking
|-damage|p1a: Slowking|61/100 brn
|move|p1a: Slowking|Slack Off|p1a: Slowking
|-heal|p1a: Slowking|100/100 brn
|
|-damage|p1a: Slowking|94/100 brn|[from] brn
|upkeep
|turn|74
|
|t:|1606855778
|move|p2a: Tapu Fini|Scald|p1a: Slowking
|-damage|p1a: Slowking|77/100 brn
|move|p1a: Slowking|Sludge Bomb|p2a: Tapu Fini
|-supereffective|p2a: Tapu Fini
|-damage|p2a: Tapu Fini|0 fnt
|faint|p2a: Tapu Fini
|
|-heal|p1a: Slowking|83/100 brn|[from] item: Black Sludge
|-damage|p1a: Slowking|77/100 brn|[from] brn
|upkeep
|
|t:|1606855788
|switch|p2a: Zapdos|Zapdos-Galar|51/100
|turn|75
|
|t:|1606855790
|move|p2a: Zapdos|U-turn|p1a: Slowking
|-damage|p1a: Slowking|50/100 brn
|
|t:|1606855793
|switch|p2a: Heatran|Heatran, M|100/100|[from]move: U-turn
|move|p1a: Slowking|Eerie Spell|p2a: Heatran
|-resisted|p2a: Heatran
|-damage|p2a: Heatran|90/100
|
|-heal|p2a: Heatran|96/100|[from] item: Leftovers
|-heal|p1a: Slowking|57/100 brn|[from] item: Black Sludge
|-damage|p1a: Slowking|50/100 brn|[from] brn
|upkeep
|turn|76
|
|t:|1606855810
|switch|p2a: Zapdos|Zapdos-Galar|51/100
|switch|p1a: Kyurem|Kyurem|98/100
|-ability|p1a: Kyurem|Pressure
|
|upkeep
|turn|77
|
|t:|1606855818
|switch|p1a: Slowking|Slowking-Galar, F|84/100 brn
|-damage|p1a: Slowking|71/100 brn|[from] Stealth Rock
|move|p2a: Zapdos|Brave Bird|p1a: Slowking
|-damage|p1a: Slowking|13/100 brn
|-damage|p2a: Zapdos|27/100|[from] Recoil
|
|-heal|p1a: Slowking|19/100 brn|[from] item: Black Sludge
|-damage|p1a: Slowking|13/100 brn|[from] brn
|upkeep
|turn|78
|l| iuhdsi
|
|t:|1606855828
|move|p2a: Zapdos|Brave Bird|p1a: Slowking
|-damage|p1a: Slowking|0 fnt
|-damage|p2a: Zapdos|22/100|[from] Recoil
|faint|p1a: Slowking
|
|upkeep
|
|t:|1606855831
|switch|p1a: Kyurem|Kyurem|98/100
|-ability|p1a: Kyurem|Pressure
|turn|79
|
|t:|1606855836
|switch|p2a: Heatran|Heatran, M|96/100
|move|p1a: Kyurem|Freeze-Dry|p2a: Heatran
|-resisted|p2a: Heatran
|-crit|p2a: Heatran
|-damage|p2a: Heatran|87/100
|
|-heal|p2a: Heatran|93/100|[from] item: Leftovers
|upkeep
|turn|80
|
|t:|1606855846
|move|p1a: Kyurem|Substitute|p1a: Kyurem
|-start|p1a: Kyurem|Substitute
|-damage|p1a: Kyurem|73/100
|move|p2a: Heatran|Taunt|p1a: Kyurem
|-start|p1a: Kyurem|move: Taunt
|
|-heal|p2a: Heatran|99/100|[from] item: Leftovers
|upkeep
|turn|81
|
|t:|1606855853
|move|p1a: Kyurem|Earth Power|p2a: Heatran
|-supereffective|p2a: Heatran
|-damage|p2a: Heatran|18/100
|move|p2a: Heatran|Earth Power|p1a: Kyurem
|-activate|p1a: Kyurem|move: Substitute|[damage]
|
|-heal|p2a: Heatran|24/100|[from] item: Leftovers
|upkeep
|turn|82
|
|t:|1606855862
|switch|p2a: Zapdos|Zapdos-Galar|22/100
|move|p1a: Kyurem|Earth Power|p2a: Zapdos
|-immune|p2a: Zapdos
|
|upkeep
|turn|83
|j| yuy
|j| I'M AT MY LIMIT!
|
|t:|1606855872
|move|p2a: Zapdos|U-turn|p1a: Kyurem
|-end|p1a: Kyurem|Substitute
|
|t:|1606855875
|switch|p2a: Heatran|Heatran, M|24/100|[from]move: U-turn
|move|p1a: Kyurem|Freeze-Dry|p2a: Heatran
|-resisted|p2a: Heatran
|-damage|p2a: Heatran|18/100
|
|-heal|p2a: Heatran|24/100|[from] item: Leftovers
|-end|p1a: Kyurem|move: Taunt
|upkeep
|turn|84
|
|t:|1606855885
|move|p1a: Kyurem|Substitute|p1a: Kyurem
|-start|p1a: Kyurem|Substitute
|-damage|p1a: Kyurem|48/100
|move|p2a: Heatran|Earth Power|p1a: Kyurem
|-activate|p1a: Kyurem|move: Substitute|[damage]
|
|-heal|p2a: Heatran|31/100|[from] item: Leftovers
|upkeep
|turn|85
|
|t:|1606855892
|move|p1a: Kyurem|Earth Power|p2a: Heatran
|-supereffective|p2a: Heatran
|-damage|p2a: Heatran|0 fnt
|faint|p2a: Heatran
|
|upkeep
|
|t:|1606855897
|switch|p2a: Zapdos|Zapdos-Galar|22/100
|turn|86
|l| I'M AT MY LIMIT!
|
|t:|1606855900
|move|p2a: Zapdos|Close Combat|p1a: Kyurem
|-supereffective|p1a: Kyurem
|-end|p1a: Kyurem|Substitute
|-unboost|p2a: Zapdos|def|1
|-unboost|p2a: Zapdos|spd|1
|move|p1a: Kyurem|Freeze-Dry|p2a: Zapdos
|-supereffective|p2a: Zapdos
|-damage|p2a: Zapdos|0 fnt
|faint|p2a: Zapdos
|
|win|polosourire
|l| tapu moxo
|l|☆ThedebatableReaper
|l| JSwisz
||Ladder (probably) updated, but score could not be retrieved (Request timeout).
