|j|☆ohioboy
|j|☆YaBoiMomi
|t:|1667266421
|gametype|singles
|player|p1|ohioboy|twins-gen4dp|1613
|player|p2|YaBoiMomi|beauty-gen5bw2|1514
|teamsize|p1|6
|teamsize|p2|6
|gen|8
|tier|[Gen 8] OU
|rated|
|rule|Sleep Clause Mod: Limit one foe put to sleep
|rule|Species Clause: Limit one of each Pokémon
|rule|OHKO Clause: OHKO moves are banned
|rule|Evasion Items Clause: Evasion items are banned
|rule|Evasion Moves Clause: Evasion moves are banned
|rule|Endless Battle Clause: Forcing endless battles is banned
|rule|HP Percentage Mod: HP is shown in percentages
|rule|Dynamax Clause: You cannot dynamax
|clearpoke
|poke|p1|Tapu Fini|
|poke|p1|Weavile, M|
|poke|p1|Melmetal|
|poke|p1|Corviknight, M|
|poke|p1|Dragapult, M|
|poke|p1|Garchomp, M|
|poke|p2|Regieleki|
|poke|p2|Ferrothorn, M|
|poke|p2|Tapu Koko|
|poke|p2|Kartana|
|poke|p2|Zoroark, F|
|poke|p2|Landorus-Therian, M|
|teampreview
|inactive|Battle timer is ON: inactive players will automatically lose when time's up. (requested by YaBoiMomi)
|inactive|ohioboy also wants the timer to be on.
|
|t:|1667266448
|start
|switch|p1a: Dragapult|Dragapult, M|100/100
|switch|p2a: Ferrothorn|Ferrothorn, M|100/100
|turn|1
|
|t:|1667266454
|move|p1a: Dragapult|Flamethrower|p2a: Ferrothorn
|-damage|p2a: Ferrothorn|13/100
|replace|p2a: Zoroark|Zoroark, F
|-end|p2a: Zoroark|Illusion
|move|p2a: Zoroark|Dark Pulse|p1a: Dragapult
|-supereffective|p1a: Dragapult
|-damage|p1a: Dragapult|0 fnt
|faint|p1a: Dragapult
|
|upkeep
|
|t:|1667266461
|switch|p1a: Yami|Corviknight, M, shiny|100/100
|turn|2
|
|t:|1667266463
|move|p2a: Zoroark|Flamethrower|p1a: Yami
|-supereffective|p1a: Yami
|-damage|p1a: Yami|58/100
|-enditem|p1a: Yami|Weakness Policy
|-boost|p1a: Yami|atk|2|[from] item: Weakness Policy
|-boost|p1a: Yami|spa|2|[from] item: Weakness Policy
|move|p1a: Yami|Agility|p1a: Yami
|-boost|p1a: Yami|spe|2
|
|upkeep
|turn|3
|
|t:|1667266470
|switch|p2a: Tapu Koko|Tapu Koko|100/100
|-fieldstart|move: Electric Terrain|[from] ability: Electric Surge|[of] p2a: Tapu Koko
|move|p1a: Yami|Agility|p1a: Yami
|-boost|p1a: Yami|spe|2
|
|upkeep
|turn|4
|
|t:|1667266475
|move|p1a: Yami|Roost|p1a: Yami
|-heal|p1a: Yami|100/100
|-singleturn|p1a: Yami|move: Roost
|move|p2a: Tapu Koko|Thunderbolt|p1a: Yami
|-damage|p1a: Yami|64/100
|
|upkeep
|turn|5
|
|t:|1667266490
|move|p1a: Yami|Roost|p1a: Yami
|-heal|p1a: Yami|100/100
|-singleturn|p1a: Yami|move: Roost
|move|p2a: Tapu Koko|Thunderbolt|p1a: Yami
|-damage|p1a: Yami|64/100
|
|upkeep
|turn|6
|
|t:|1667266499
|switch|p1a: Zangetsu|Garchomp, M, shiny|100/100
|move|p2a: Tapu Koko|Thunderbolt|p1a: Zangetsu
|-immune|p1a: Zangetsu
|
|upkeep
|turn|7
|
|t:|1667266503
|move|p2a: Tapu Koko|U-turn|p1a: Zangetsu
|-damage|p1a: Zangetsu|88/100
|-damage|p2a: Tapu Koko|88/100|[from] ability: Rough Skin|[of] p1a: Zangetsu
|
|t:|1667266505
|switch|p2a: Ferrothorn|Ferrothorn, M|100/100|[from]move: U-turn
|move|p1a: Zangetsu|Stealth Rock|p2a: Ferrothorn
|-sidestart|p2: YaBoiMomi|move: Stealth Rock
|
|-heal|p1a: Zangetsu|94/100|[from] item: Leftovers
|upkeep
|turn|8
|
|t:|1667266515
|switch|p1a: Yami|Corviknight, M, shiny|64/100
|move|p2a: Ferrothorn|Knock Off|p1a: Yami
|-damage|p1a: Yami|49/100
|
|upkeep
|turn|9
|
|t:|1667266518
|move|p1a: Yami|Roost|p1a: Yami
|-heal|p1a: Yami|99/100
|-singleturn|p1a: Yami|move: Roost
|move|p2a: Ferrothorn|Thunder Wave|p1a: Yami
|-status|p1a: Yami|par
|
|upkeep
|turn|10
|
|t:|1667266532
|switch|p1a: Raven|Tapu Fini, shiny|100/100
|-fieldstart|move: Misty Terrain|[from] ability: Misty Surge|[of] p1a: Raven
|move|p2a: Ferrothorn|Stealth Rock|p1a: Raven
|-sidestart|p1: ohioboy|move: Stealth Rock
|
|upkeep
|turn|11
|
|t:|1667266550
|move|p1a: Raven|Trick|p2a: Ferrothorn
|-activate|p1a: Raven|move: Trick|[of] p2a: Ferrothorn
|-item|p2a: Ferrothorn|Choice Scarf|[from] move: Trick
|-item|p1a: Raven|Rocky Helmet|[from] move: Trick
|move|p2a: Ferrothorn|Power Whip|p1a: Raven
|-supereffective|p1a: Raven
|-damage|p1a: Raven|0 fnt
|-damage|p2a: Ferrothorn|84/100|[from] item: Rocky Helmet|[of] p1a: Raven
|faint|p1a: Raven
|
|upkeep
|
|t:|1667266559
|switch|p1a: Fate|Melmetal, shiny|100/100
|-damage|p1a: Fate|94/100|[from] Stealth Rock
|turn|12
|
|t:|1667266563
|move|p2a: Ferrothorn|Power Whip|p1a: Fate
|-resisted|p1a: Fate
|-damage|p1a: Fate|82/100
|move|p1a: Fate|Double Iron Bash|p2a: Ferrothorn
|-resisted|p2a: Ferrothorn
|-damage|p2a: Ferrothorn|71/100
|-damage|p1a: Fate|70/100|[from] ability: Iron Barbs|[of] p2a: Ferrothorn
|-resisted|p2a: Ferrothorn
|-damage|p2a: Ferrothorn|58/100
|-damage|p1a: Fate|57/100|[from] ability: Iron Barbs|[of] p2a: Ferrothorn
|-hitcount|p2a: Ferrothorn|2
|
|-heal|p1a: Fate|63/100|[from] item: Leftovers
|upkeep
|turn|13
|
|t:|1667266575
|move|p1a: Fate|Protect|p1a: Fate
|-singleturn|p1a: Fate|Protect
|move|p2a: Ferrothorn|Power Whip|p1a: Fate
|-activate|p1a: Fate|move: Protect
|
|-heal|p1a: Fate|69/100|[from] item: Leftovers
|upkeep
|turn|14
|
|t:|1667266582
|move|p2a: Ferrothorn|Power Whip|p1a: Fate
|-resisted|p1a: Fate
|-damage|p1a: Fate|55/100
|move|p1a: Fate|Earthquake|p2a: Ferrothorn
|-damage|p2a: Ferrothorn|35/100
|
|-heal|p1a: Fate|62/100|[from] item: Leftovers
|-fieldend|Misty Terrain
|upkeep
|turn|15
|
|t:|1667266589
|move|p2a: Ferrothorn|Power Whip|p1a: Fate
|-resisted|p1a: Fate
|-damage|p1a: Fate|49/100
|move|p1a: Fate|Earthquake|p2a: Ferrothorn
|-damage|p2a: Ferrothorn|10/100
|
|-heal|p1a: Fate|55/100|[from] item: Leftovers
|upkeep
|turn|16
|
|t:|1667266594
|switch|p2a: Landorus|Landorus-Therian, M|100/100
|-damage|p2a: Landorus|88/100|[from] Stealth Rock
|-ability|p2a: Landorus|Intimidate|boost
|-unboost|p1a: Fate|atk|1
|move|p1a: Fate|Earthquake|p2a: Landorus
|-immune|p2a: Landorus
|
|-heal|p1a: Fate|61/100|[from] item: Leftovers
|upkeep
|turn|17
|
|t:|1667266605
|switch|p1a: Yami|Corviknight, M, shiny|99/100 par
|-damage|p1a: Yami|86/100 par|[from] Stealth Rock
|move|p2a: Landorus|U-turn|p1a: Yami
|-resisted|p1a: Yami
|-damage|p1a: Yami|81/100 par
|
|t:|1667266608
|switch|p2a: Tapu Koko|Tapu Koko|88/100|[from]move: U-turn
|-damage|p2a: Tapu Koko|76/100|[from] Stealth Rock
|-fieldstart|move: Electric Terrain|[from] ability: Electric Surge|[of] p2a: Tapu Koko
|
|upkeep
|turn|18
|
|t:|1667266617
|switch|p1a: Zangetsu|Garchomp, M, shiny|94/100
|-damage|p1a: Zangetsu|88/100|[from] Stealth Rock
|move|p2a: Tapu Koko|Dazzling Gleam|p1a: Zangetsu
|-supereffective|p1a: Zangetsu
|-damage|p1a: Zangetsu|30/100
|
|-heal|p1a: Zangetsu|36/100|[from] item: Leftovers
|upkeep
|turn|19
|
|t:|1667266626
|move|p1a: Zangetsu|Protect|p1a: Zangetsu
|-singleturn|p1a: Zangetsu|Protect
|move|p2a: Tapu Koko|U-turn|p1a: Zangetsu
|-activate|p1a: Zangetsu|move: Protect
|
|-heal|p1a: Zangetsu|42/100|[from] item: Leftovers
|upkeep
|turn|20
|
|t:|1667266630
|move|p2a: Tapu Koko|Dazzling Gleam|p1a: Zangetsu
|-supereffective|p1a: Zangetsu
|-damage|p1a: Zangetsu|0 fnt
|faint|p1a: Zangetsu
|
|upkeep
|
|t:|1667266633
|switch|p1a: Fate|Melmetal, shiny|61/100
|-damage|p1a: Fate|55/100|[from] Stealth Rock
|turn|21
|
|t:|1667266639
|move|p2a: Tapu Koko|Thunderbolt|p1a: Fate
|-damage|p1a: Fate|16/100
|move|p1a: Fate|Earthquake|p2a: Tapu Koko
|-supereffective|p2a: Tapu Koko
|-damage|p2a: Tapu Koko|0 fnt
|faint|p2a: Tapu Koko
|
|-heal|p1a: Fate|22/100|[from] item: Leftovers
|upkeep
|
|t:|1667266642
|switch|p2a: Regieleki|Regieleki|100/100
|-damage|p2a: Regieleki|88/100|[from] Stealth Rock
|turn|22
|
|t:|1667266647
|move|p1a: Fate|Protect|p1a: Fate
|-singleturn|p1a: Fate|Protect
|move|p2a: Regieleki|Rising Voltage|p1a: Fate
|-activate|p1a: Fate|move: Protect
|
|-heal|p1a: Fate|28/100|[from] item: Leftovers
|upkeep
|turn|23
|
|t:|1667266649
|move|p2a: Regieleki|Rising Voltage|p1a: Fate
|-hint|Rising Voltage's BP doubled on grounded target.
|-damage|p1a: Fate|0 fnt
|faint|p1a: Fate
|
|upkeep
|
|t:|1667266650
|switch|p1a: Bandit|Weavile, M, shiny|100/100
|-damage|p1a: Bandit|76/100|[from] Stealth Rock
|-ability|p1a: Bandit|Pressure
|turn|24
|
|t:|1667266652
|move|p1a: Bandit|Ice Shard|p2a: Regieleki
|-damage|p2a: Regieleki|31/100
|move|p2a: Regieleki|Rising Voltage|p1a: Bandit
|-hint|Rising Voltage's BP doubled on grounded target.
|-damage|p1a: Bandit|0 fnt
|faint|p1a: Bandit
|
|-fieldend|move: Electric Terrain
|upkeep
|
|t:|1667266655
|switch|p1a: Yami|Corviknight, M, shiny|81/100 par
|-damage|p1a: Yami|69/100 par|[from] Stealth Rock
|turn|25
|
|t:|1667266656
|move|p2a: Regieleki|Rising Voltage|p1a: Yami
|-supereffective|p1a: Yami
|-damage|p1a: Yami|0 fnt
|faint|p1a: Yami
|
|win|YaBoiMomi
|raw|ohioboy's rating: 1648 &rarr; <strong>1621</strong><br />(-27 for losing)
|raw|YaBoiMomi's rating: 1514 &rarr; <strong>1541</strong><br />(+27 for winning)
