|j|☆knexhawk2
|j|☆someidiot19
|t:|1668098371
|gametype|singles
|player|p1|knexhawk2|benga|
|player|p2|someidiot19|karen-gen2|
|teamsize|p1|6
|teamsize|p2|6
|gen|8
|tier|[Gen 8] OU
|rule|Sleep Clause Mod: Limit one foe put to sleep
|rule|Species Clause: Limit one of each Pokémon
|rule|OHKO Clause: OHKO moves are banned
|rule|Evasion Items Clause: Evasion items are banned
|rule|Evasion Moves Clause: Evasion moves are banned
|rule|Endless Battle Clause: Forcing endless battles is banned
|rule|HP Percentage Mod: HP is shown in percentages
|rule|Dynamax Clause: You cannot dynamax
|clearpoke
|poke|p1|Vanilluxe, F|
|poke|p1|Kartana|
|poke|p1|Landorus-Therian, M|
|poke|p1|Slowking, M|
|poke|p1|Zapdos|
|poke|p1|Garchomp, M|
|poke|p2|Tapu Koko|
|poke|p2|Raichu-Alola, F|
|poke|p2|Urshifu-*, M|
|poke|p2|Moltres-Galar|
|poke|p2|Ferrothorn, F|
|poke|p2|Swampert, M|
|teampreview
|inactive|Battle timer is ON: inactive players will automatically lose when time's up. (requested by someidiot19)
|c|☆someidiot19|hf
|c|☆knexhawk2|u2
|
|t:|1668098386
|start
|switch|p1a: Vanilluxe|Vanilluxe, F|100/100
|switch|p2a: Fukk Sleep|Tapu Koko|100/100
|-fieldstart|move: Electric Terrain|[from] ability: Electric Surge|[of] p2a: Fukk Sleep
|-weather|Hail|[from] ability: Snow Warning|[of] p1a: Vanilluxe
|turn|1
|
|t:|1668098401
|move|p2a: Fukk Sleep|Thunderbolt|p1a: Vanilluxe
|-damage|p1a: Vanilluxe|53/100
|move|p1a: Vanilluxe|Aurora Veil|p1a: Vanilluxe
|-sidestart|p1: knexhawk2|move: Aurora Veil
|
|-weather|Hail|[upkeep]
|-damage|p2a: Fukk Sleep|94/100|[from] Hail
|upkeep
|turn|2
|
|t:|1668098408
|switch|p1a: Landorus|Landorus-Therian, M|100/100
|-ability|p1a: Landorus|Intimidate|boost
|-unboost|p2a: Fukk Sleep|atk|1
|move|p2a: Fukk Sleep|Toxic|p1a: Landorus
|-status|p1a: Landorus|tox
|
|-weather|Hail|[upkeep]
|-damage|p2a: Fukk Sleep|88/100|[from] Hail
|-damage|p1a: Landorus|94/100 tox|[from] Hail
|-heal|p1a: Landorus|100/100 tox|[from] item: Leftovers
|-damage|p1a: Landorus|94/100 tox|[from] psn
|upkeep
|turn|3
|
|t:|1668098412
|switch|p2a: Praise The Lord|Ferrothorn, F|100/100
|move|p1a: Landorus|Weather Ball|p2a: Praise The Lord
|-damage|p2a: Praise The Lord|80/100
|
|-weather|Hail|[upkeep]
|-damage|p1a: Landorus|88/100 tox|[from] Hail
|-damage|p2a: Praise The Lord|74/100|[from] Hail
|-heal|p1a: Landorus|94/100 tox|[from] item: Leftovers
|-damage|p1a: Landorus|82/100 tox|[from] psn
|upkeep
|turn|4
|
|t:|1668098419
|move|p1a: Landorus|Stealth Rock|p2a: Praise The Lord
|-sidestart|p2: someidiot19|move: Stealth Rock
|move|p2a: Praise The Lord|Spikes|p1a: Landorus
|-sidestart|p1: knexhawk2|Spikes
|
|-weather|Hail|[upkeep]
|-damage|p1a: Landorus|76/100 tox|[from] Hail
|-damage|p2a: Praise The Lord|68/100|[from] Hail
|-heal|p1a: Landorus|82/100 tox|[from] item: Leftovers
|-damage|p1a: Landorus|64/100 tox|[from] psn
|upkeep
|turn|5
|
|t:|1668098423
|switch|p1a: Garchomp|Garchomp, M|100/100
|-damage|p1a: Garchomp|88/100|[from] Spikes
|move|p2a: Praise The Lord|Leech Seed|p1a: Garchomp
|-start|p1a: Garchomp|move: Leech Seed
|
|-weather|none
|-heal|p1a: Garchomp|94/100|[from] item: Leftovers
|-damage|p1a: Garchomp|82/100|[from] Leech Seed|[of] p2a: Praise The Lord
|-heal|p2a: Praise The Lord|81/100|[silent]
|-sideend|p1: knexhawk2|move: Aurora Veil
|-fieldend|move: Electric Terrain
|upkeep
|turn|6
|
|t:|1668098428
|switch|p2a: Tony Tone|Urshifu-Rapid-Strike, M|100/100
|-damage|p2a: Tony Tone|94/100|[from] Stealth Rock
|move|p1a: Garchomp|Swords Dance|p1a: Garchomp
|-boost|p1a: Garchomp|atk|2
|
|-heal|p1a: Garchomp|88/100|[from] item: Leftovers
|-damage|p1a: Garchomp|76/100|[from] Leech Seed|[of] p2a: Tony Tone
|-heal|p2a: Tony Tone|100/100|[silent]
|upkeep
|turn|7
|
|t:|1668098443
|switch|p1a: Zapdos|Zapdos|100/100
|move|p2a: Tony Tone|U-turn|p1a: Zapdos
|-resisted|p1a: Zapdos
|-damage|p1a: Zapdos|92/100
|
|t:|1668098448
|switch|p2a: Purity|Swampert, M|100/100|[from]move: U-turn
|-damage|p2a: Purity|94/100|[from] Stealth Rock
|
|-heal|p2a: Purity|100/100|[from] item: Leftovers
|upkeep
|turn|8
|
|t:|1668098452
|switch|p1a: Vanilluxe|Vanilluxe, F|53/100
|-weather|Hail|[from] ability: Snow Warning|[of] p1a: Vanilluxe
|move|p2a: Purity|Stealth Rock|p1a: Vanilluxe
|-sidestart|p1: knexhawk2|move: Stealth Rock
|
|-weather|Hail|[upkeep]
|-damage|p2a: Purity|94/100|[from] Hail
|-heal|p2a: Purity|100/100|[from] item: Leftovers
|upkeep
|turn|9
|
|t:|1668098458
|switch|p2a: Tony Tone|Urshifu-Rapid-Strike, M|100/100
|-damage|p2a: Tony Tone|94/100|[from] Stealth Rock
|move|p1a: Vanilluxe|Freeze-Dry|p2a: Tony Tone
|-supereffective|p2a: Tony Tone
|-damage|p2a: Tony Tone|22/100
|
|-weather|Hail|[upkeep]
|-damage|p2a: Tony Tone|15/100|[from] Hail
|upkeep
|turn|10
|
|t:|1668098469
|switch|p1a: Zapdos|Zapdos|92/100
|move|p2a: Tony Tone|Surging Strikes|p1a: Zapdos
|-crit|p1a: Zapdos
|-damage|p1a: Zapdos|76/100
|-crit|p1a: Zapdos
|-damage|p1a: Zapdos|62/100
|-crit|p1a: Zapdos
|-damage|p1a: Zapdos|47/100
|-hitcount|p1a: Zapdos|3
|
|-weather|Hail|[upkeep]
|-damage|p2a: Tony Tone|9/100|[from] Hail
|-damage|p1a: Zapdos|41/100|[from] Hail
|upkeep
|turn|11
|
|t:|1668098474
|switch|p1a: Slowking|Slowking, M|100/100
|move|p2a: Tony Tone|Surging Strikes|p1a: Slowking
|-resisted|p1a: Slowking
|-crit|p1a: Slowking
|-damage|p1a: Slowking|89/100
|-resisted|p1a: Slowking
|-crit|p1a: Slowking
|-damage|p1a: Slowking|78/100
|-resisted|p1a: Slowking
|-crit|p1a: Slowking
|-damage|p1a: Slowking|67/100
|-hitcount|p1a: Slowking|3
|
|-weather|Hail|[upkeep]
|-damage|p2a: Tony Tone|3/100|[from] Hail
|-damage|p1a: Slowking|61/100|[from] Hail
|upkeep
|turn|12
|
|t:|1668098477
|switch|p1a: Garchomp|Garchomp, M|76/100
|-damage|p1a: Garchomp|64/100|[from] Spikes
|-damage|p1a: Garchomp|57/100|[from] Stealth Rock
|move|p2a: Tony Tone|U-turn|p1a: Garchomp
|-damage|p1a: Garchomp|33/100
|-activate|p1a: Garchomp|ability: Rough Skin
|-activate|p2a: Tony Tone|item: Protective Pads
|
|t:|1668098483
|switch|p2a: Fukk Sleep|Tapu Koko|88/100|[from]move: U-turn
|-fieldstart|move: Electric Terrain|[from] ability: Electric Surge|[of] p2a: Fukk Sleep
|
|-weather|none
|-heal|p1a: Garchomp|39/100|[from] item: Leftovers
|upkeep
|turn|13
|
|t:|1668098489
|switch|p1a: Landorus|Landorus-Therian, M|64/100 tox
|-damage|p1a: Landorus|52/100 tox|[from] Stealth Rock
|-ability|p1a: Landorus|Intimidate|boost
|-unboost|p2a: Fukk Sleep|atk|1
|move|p2a: Fukk Sleep|Dazzling Gleam|p1a: Landorus
|-damage|p1a: Landorus|27/100 tox
|
|-heal|p1a: Landorus|33/100 tox|[from] item: Leftovers
|-damage|p1a: Landorus|27/100 tox|[from] psn
|upkeep
|turn|14
|
|t:|1668098495
|switch|p2a: Tony Tone|Urshifu-Rapid-Strike, M|3/100
|-damage|p2a: Tony Tone|0 fnt|[from] Stealth Rock
|faint|p2a: Tony Tone
|move|p1a: Landorus|Earth Power|p2: Tony Tone|[notarget]
|-fail|p1a: Landorus
|
|-heal|p1a: Landorus|33/100 tox|[from] item: Leftovers
|-damage|p1a: Landorus|21/100 tox|[from] psn
|upkeep
|
|t:|1668098509
|switch|p2a: Fukk Sleep|Tapu Koko|88/100
|turn|15
|
|t:|1668098518
|move|p2a: Fukk Sleep|Dazzling Gleam|p1a: Landorus
|-damage|p1a: Landorus|0 fnt
|faint|p1a: Landorus
|
|upkeep
|
|t:|1668098530
|switch|p1a: Slowking|Slowking, M|94/100
|turn|16
|
|t:|1668098535
|move|p2a: Fukk Sleep|Thunderbolt|p1a: Slowking
|-supereffective|p1a: Slowking
|-damage|p1a: Slowking|36/100
|move|p1a: Slowking|Slack Off|p1a: Slowking
|-heal|p1a: Slowking|86/100
|
|-fieldend|move: Electric Terrain
|upkeep
|turn|17
|
|t:|1668098539
|switch|p2a: Praise The Lord|Ferrothorn, F|81/100
|-damage|p2a: Praise The Lord|75/100|[from] Stealth Rock
|move|p1a: Slowking|Slack Off|p1a: Slowking
|-heal|p1a: Slowking|100/100
|
|upkeep
|turn|18
|
|t:|1668098542
|move|p2a: Praise The Lord|Knock Off|p1a: Slowking
|-supereffective|p1a: Slowking
|-damage|p1a: Slowking|53/100
|-enditem|p1a: Slowking|Heavy-Duty Boots|[from] move: Knock Off|[of] p2a: Praise The Lord
|move|p1a: Slowking|Teleport|p1a: Slowking
|
|t:|1668098543
|switch|p1a: Zapdos|Zapdos|41/100|[from]move: Teleport
|
|upkeep
|turn|19
|
|t:|1668098546
|move|p1a: Zapdos|Defog|p2a: Praise The Lord
|-unboost|p2a: Praise The Lord|evasion|1
|-sideend|p2: someidiot19|Stealth Rock|[from] move: Defog|[of] p1a: Zapdos
|-sideend|p1: knexhawk2|Spikes|[from] move: Defog|[of] p1a: Zapdos
|-sideend|p1: knexhawk2|Stealth Rock|[from] move: Defog|[of] p1a: Zapdos
|move|p2a: Praise The Lord|Knock Off|p1a: Zapdos
|-damage|p1a: Zapdos|25/100
|-enditem|p1a: Zapdos|Heavy-Duty Boots|[from] move: Knock Off|[of] p2a: Praise The Lord
|
|upkeep
|turn|20
|
|t:|1668098550
|switch|p2a: Purity|Swampert, M|100/100
|move|p1a: Zapdos|Hurricane|p2a: Purity|[miss]
|-miss|p1a: Zapdos|p2a: Purity
|
|upkeep
|turn|21
|
|t:|1668098554
|switch|p1a: Kartana|Kartana|100/100
|move|p2a: Purity|Stealth Rock|p1a: Kartana
|-sidestart|p1: knexhawk2|move: Stealth Rock
|
|upkeep
|turn|22
|
|t:|1668098559
|move|p1a: Kartana|Swords Dance|p1a: Kartana
|-boost|p1a: Kartana|atk|2
|move|p2a: Purity|Flip Turn|p1a: Kartana
|-resisted|p1a: Kartana
|-damage|p1a: Kartana|89/100
|
|t:|1668098563
|switch|p2a: Fukk Sleep|Tapu Koko|88/100|[from]move: Flip Turn
|-fieldstart|move: Electric Terrain|[from] ability: Electric Surge|[of] p2a: Fukk Sleep
|
|upkeep
|turn|23
|
|t:|1668098569
|switch|p2a: Praise The Lord|Ferrothorn, F|75/100
|move|p1a: Kartana|Leaf Blade|p2a: Praise The Lord
|-resisted|p2a: Praise The Lord
|-damage|p2a: Praise The Lord|55/100
|-damage|p1a: Kartana|76/100|[from] ability: Iron Barbs|[of] p2a: Praise The Lord
|
|upkeep
|turn|24
|
|t:|1668098576
|move|p1a: Kartana|Knock Off|p2a: Praise The Lord
|-damage|p2a: Praise The Lord|0 fnt
|-damage|p1a: Kartana|64/100|[from] ability: Iron Barbs|[of] p2a: Praise The Lord
|-enditem|p2a: Praise The Lord|Chople Berry|[from] move: Knock Off|[of] p1a: Kartana
|faint|p2a: Praise The Lord
|-ability|p1a: Kartana|Beast Boost|boost
|-boost|p1a: Kartana|atk|1
|
|upkeep
|
|t:|1668098591
|switch|p2a: Fukk Sleep|Tapu Koko|88/100
|turn|25
|
|t:|1668098595
|move|p2a: Fukk Sleep|Thunderbolt|p1a: Kartana
|-resisted|p1a: Kartana
|-damage|p1a: Kartana|0 fnt
|faint|p1a: Kartana
|
|upkeep
|c|☆someidiot19|bo3?
|c|☆knexhawk2|i  made like 4000 dumb choices
|c|☆knexhawk2|sure
|
|t:|1668098613
|switch|p1a: Slowking|Slowking, M|86/100
|-damage|p1a: Slowking|74/100|[from] Stealth Rock
|turn|26
|
|t:|1668098617
|move|p2a: Fukk Sleep|Thunderbolt|p1a: Slowking
|-supereffective|p1a: Slowking
|-damage|p1a: Slowking|15/100
|move|p1a: Slowking|Teleport|p1a: Slowking
|c|☆knexhawk2|bring something different
|c|☆someidiot19|ye will do
|-message|knexhawk2 forfeited.
|
|win|someidiot19
