|j|☆Mimikyu Stardust
|j|☆GORAN EL DRACO
|t:|1649228296
|gametype|singles
|player|p1|Mimikyu Stardust|#mimikyustardust|1733
|player|p2|GORAN EL DRACO|harlequin|1777
|teamsize|p1|6
|teamsize|p2|6
|gen|8
|tier|[Gen 8] OU
|rated|
|rule|Sleep Clause Mod: Limit one foe put to sleep
|rule|Species Clause: Limit one of each Pokémon
|rule|OHKO Clause: OHKO moves are banned
|rule|Evasion Moves Clause: Evasion moves are banned
|rule|Endless Battle Clause: Forcing endless battles is banned
|rule|HP Percentage Mod: HP is shown in percentages
|rule|Dynamax Clause: You cannot dynamax
|clearpoke
|poke|p1|Pelipper, M|
|poke|p1|Barraskewda, M|
|poke|p1|Regieleki|
|poke|p1|Tapu Lele|
|poke|p1|Landorus-Therian, M|
|poke|p1|Ferrothorn, M|
|poke|p2|Gengar, M|
|poke|p2|Dragapult, M|
|poke|p2|Blacephalon|
|poke|p2|Zeraora|
|poke|p2|Skarmory, F|
|poke|p2|Tyranitar, F|
|teampreview
|inactive|Battle timer is ON: inactive players will automatically lose when time's up. (requested by GORAN EL DRACO)
|j| Akr2938
|
|t:|1649228310
|start
|switch|p1a: Lando Calrissian|Landorus-Therian, M|100/100
|switch|p2a: Dragapult|Dragapult, M|100/100
|-ability|p1a: Lando Calrissian|Intimidate|boost
|-unboost|p2a: Dragapult|atk|1
|turn|1
|
|t:|1649228315
|move|p2a: Dragapult|Draco Meteor|p1a: Lando Calrissian
|-damage|p1a: Lando Calrissian|36/100
|-unboost|p2a: Dragapult|spa|2
|move|p1a: Lando Calrissian|Knock Off|p2a: Dragapult
|-supereffective|p2a: Dragapult
|-damage|p2a: Dragapult|18/100
|-enditem|p2a: Dragapult|Choice Specs|[from] move: Knock Off|[of] p1a: Lando Calrissian
|
|-heal|p1a: Lando Calrissian|42/100|[from] item: Leftovers
|upkeep
|turn|2
|
|t:|1649228326
|move|p2a: Dragapult|Draco Meteor|p1a: Lando Calrissian
|-damage|p1a: Lando Calrissian|20/100
|-unboost|p2a: Dragapult|spa|2
|move|p1a: Lando Calrissian|Stealth Rock|p2a: Dragapult
|-sidestart|p2: GORAN EL DRACO|move: Stealth Rock
|
|-heal|p1a: Lando Calrissian|26/100|[from] item: Leftovers
|upkeep
|turn|3
|
|t:|1649228345
|switch|p1a: Ferro Thornberry|Ferrothorn, M|100/100
|move|p2a: Dragapult|U-turn|p1a: Ferro Thornberry
|-damage|p1a: Ferro Thornberry|92/100
|-damage|p2a: Dragapult|6/100|[from] ability: Iron Barbs|[of] p1a: Ferro Thornberry
|
|t:|1649228354
|switch|p2a: Skarmory|Skarmory, F|100/100|[from]move: U-turn
|-damage|p2a: Skarmory|88/100|[from] Stealth Rock
|
|-heal|p1a: Ferro Thornberry|98/100|[from] item: Leftovers
|upkeep
|turn|4
|
|t:|1649228358
|switch|p1a: Pelipprime|Pelipper, M|100/100
|-weather|RainDance|[from] ability: Drizzle|[of] p1a: Pelipprime
|move|p2a: Skarmory|Stealth Rock|p1a: Pelipprime
|-sidestart|p1: Mimikyu Stardust|move: Stealth Rock
|
|-weather|RainDance|[upkeep]
|upkeep
|turn|5
|
|t:|1649228362
|switch|p2a: Dragapult|Dragapult, M|6/100
|-damage|p2a: Dragapult|0 fnt|[from] Stealth Rock
|faint|p2a: Dragapult
|move|p1a: Pelipprime|Surf|p2: Dragapult|[notarget]
|-fail|p1a: Pelipprime
|
|-weather|RainDance|[upkeep]
|upkeep
|
|t:|1649228367
|switch|p2a: Tyranitar|Tyranitar, F|100/100
|-damage|p2a: Tyranitar|88/100|[from] Stealth Rock
|-weather|Sandstorm|[from] ability: Sand Stream|[of] p2a: Tyranitar
|turn|6
|
|t:|1649228390
|switch|p1a: Lando Calrissian|Landorus-Therian, M|26/100
|-damage|p1a: Lando Calrissian|14/100|[from] Stealth Rock
|-ability|p1a: Lando Calrissian|Intimidate|boost
|-unboost|p2a: Tyranitar|atk|1
|move|p2a: Tyranitar|Fire Punch|p1a: Lando Calrissian
|-damage|p1a: Lando Calrissian|0 fnt
|faint|p1a: Lando Calrissian
|
|-weather|Sandstorm|[upkeep]
|upkeep
|
|t:|1649228392
|switch|p1a: Barrack Obama|Barraskewda, M|100/100
|-damage|p1a: Barrack Obama|88/100|[from] Stealth Rock
|turn|7
|
|t:|1649228395
|switch|p2a: Skarmory|Skarmory, F|88/100
|-damage|p2a: Skarmory|76/100|[from] Stealth Rock
|move|p1a: Barrack Obama|Flip Turn|p2a: Skarmory
|-damage|p2a: Skarmory|46/100
|-damage|p1a: Barrack Obama|72/100|[from] item: Rocky Helmet|[of] p2a: Skarmory
|
|t:|1649228397
|switch|p1a: Pelipprime|Pelipper, M|100/100|[from]move: Flip Turn
|-damage|p1a: Pelipprime|76/100|[from] Stealth Rock
|-weather|RainDance|[from] ability: Drizzle|[of] p1a: Pelipprime
|
|-weather|RainDance|[upkeep]
|upkeep
|turn|8
|
|t:|1649228400
|move|p1a: Pelipprime|Surf|p2a: Skarmory
|-damage|p2a: Skarmory|0 fnt
|faint|p2a: Skarmory
|
|-weather|RainDance|[upkeep]
|upkeep
|
|t:|1649228415
|switch|p2a: Tyranitar|Tyranitar, F|88/100
|-damage|p2a: Tyranitar|76/100|[from] Stealth Rock
|-weather|Sandstorm|[from] ability: Sand Stream|[of] p2a: Tyranitar
|turn|9
|
|t:|1649228421
|switch|p1a: Ferro Thornberry|Ferrothorn, M|98/100
|-damage|p1a: Ferro Thornberry|92/100|[from] Stealth Rock
|move|p2a: Tyranitar|Fire Punch|p1a: Ferro Thornberry
|-supereffective|p1a: Ferro Thornberry
|-damage|p1a: Ferro Thornberry|0 fnt
|-damage|p2a: Tyranitar|63/100|[from] ability: Iron Barbs|[of] p1a: Ferro Thornberry
|faint|p1a: Ferro Thornberry
|
|-weather|Sandstorm|[upkeep]
|upkeep
|
|t:|1649228423
|switch|p1a: Barrack Obama|Barraskewda, M|72/100
|-damage|p1a: Barrack Obama|60/100|[from] Stealth Rock
|turn|10
|
|t:|1649228432
|switch|p2a: Gengar|Gengar, M|100/100
|-damage|p2a: Gengar|88/100|[from] Stealth Rock
|move|p1a: Barrack Obama|Flip Turn|p2a: Gengar
|-damage|p2a: Gengar|0 fnt
|faint|p2a: Gengar
|
|t:|1649228446
|switch|p1a: Regieleki|Regieleki|100/100|[from]move: Flip Turn
|
|-weather|Sandstorm|[upkeep]
|-damage|p1a: Regieleki|94/100|[from] Sandstorm
|upkeep
|
|t:|1649228452
|switch|p2a: Zeraora|Zeraora|100/100
|-damage|p2a: Zeraora|88/100|[from] Stealth Rock
|turn|11
|
|t:|1649228458
|move|p1a: Regieleki|Rapid Spin|p2a: Zeraora
|-damage|p2a: Zeraora|74/100
|-boost|p1a: Regieleki|spe|1
|-sideend|p1: Mimikyu Stardust|Stealth Rock|[from] move: Rapid Spin|[of] p1a: Regieleki
|move|p2a: Zeraora|Plasma Fists|p1a: Regieleki
|-resisted|p1a: Regieleki
|-damage|p1a: Regieleki|25/100
|-fieldactivate|move: Ion Deluge
|-hint|Normal-type moves become Electric-type after using Plasma Fists.
|
|-weather|Sandstorm|[upkeep]
|-damage|p1a: Regieleki|19/100|[from] Sandstorm
|-damage|p2a: Zeraora|68/100|[from] Sandstorm
|upkeep
|turn|12
|
|t:|1649228463
|move|p1a: Regieleki|Ancient Power|p2a: Zeraora
|-damage|p2a: Zeraora|45/100
|move|p2a: Zeraora|Plasma Fists|p1a: Regieleki
|-resisted|p1a: Regieleki
|-damage|p1a: Regieleki|0 fnt
|-fieldactivate|move: Ion Deluge
|-hint|Normal-type moves become Electric-type after using Plasma Fists.
|faint|p1a: Regieleki
|
|-weather|Sandstorm|[upkeep]
|-damage|p2a: Zeraora|39/100|[from] Sandstorm
|upkeep
|
|t:|1649228467
|switch|p1a: Tapu Lele Pons|Tapu Lele|100/100
|-fieldstart|move: Psychic Terrain|[from] ability: Psychic Surge|[of] p1a: Tapu Lele Pons
|turn|13
|j| HOF69
|
|t:|1649228473
|move|p1a: Tapu Lele Pons|Moonblast|p2a: Zeraora
|-damage|p2a: Zeraora|0 fnt
|faint|p2a: Zeraora
|
|-weather|none
|upkeep
|
|t:|1649228474
|switch|p2a: Blacephalon|Blacephalon|100/100
|-damage|p2a: Blacephalon|76/100|[from] Stealth Rock
|turn|14
|
|t:|1649228500
|move|p2a: Blacephalon|Shadow Ball|p1a: Tapu Lele Pons
|-supereffective|p1a: Tapu Lele Pons
|-damage|p1a: Tapu Lele Pons|0 fnt
|faint|p1a: Tapu Lele Pons
|-ability|p2a: Blacephalon|Beast Boost|boost
|-boost|p2a: Blacephalon|spa|1
|
|upkeep
|
|t:|1649228504
|switch|p1a: Pelipprime|Pelipper, M|76/100
|-weather|RainDance|[from] ability: Drizzle|[of] p1a: Pelipprime
|turn|15
|
|t:|1649228506
|move|p2a: Blacephalon|Shadow Ball|p1a: Pelipprime
|-damage|p1a: Pelipprime|0 fnt
|faint|p1a: Pelipprime
|-ability|p2a: Blacephalon|Beast Boost|boost
|-boost|p2a: Blacephalon|spa|1
|
|-weather|RainDance|[upkeep]
|upkeep
|
|t:|1649228508
|switch|p1a: Barrack Obama|Barraskewda, M|60/100
|turn|16
|
|t:|1649228512
|switch|p2a: Tyranitar|Tyranitar, F|63/100
|-damage|p2a: Tyranitar|51/100|[from] Stealth Rock
|-weather|Sandstorm|[from] ability: Sand Stream|[of] p2a: Tyranitar
|move|p1a: Barrack Obama|Liquidation|p2a: Tyranitar
|-supereffective|p2a: Tyranitar
|-damage|p2a: Tyranitar|0 fnt
|faint|p2a: Tyranitar
|
|-weather|Sandstorm|[upkeep]
|-damage|p1a: Barrack Obama|54/100|[from] Sandstorm
|upkeep
|
|t:|1649228513
|switch|p2a: Blacephalon|Blacephalon|76/100
|-damage|p2a: Blacephalon|51/100|[from] Stealth Rock
|turn|17
|c|☆GORAN EL DRACO|gg
|
|t:|1649228521
|move|p2a: Blacephalon|Shadow Ball|p1a: Barrack Obama
|-damage|p1a: Barrack Obama|0 fnt
|faint|p1a: Barrack Obama
|
|win|GORAN EL DRACO
|raw|Mimikyu Stardust's rating: 1733 &rarr; <strong>1716</strong><br />(-17 for losing)
|raw|GORAN EL DRACO's rating: 1777 &rarr; <strong>1794</strong><br />(+17 for winning)
|c|☆Mimikyu Stardust|GG
|l|☆Mimikyu Stardust
