|j|☆Kaleor
|j|☆TogeBirlHQ
|t:|1656436915
|gametype|singles
|player|p1|Kaleor|swimmer-gen4dp|1610
|player|p2|TogeBirlHQ|266|1600
|teamsize|p1|6
|teamsize|p2|6
|gen|8
|tier|[Gen 8] OU
|rated|
|rule|Sleep Clause Mod: Limit one foe put to sleep
|rule|Species Clause: Limit one of each Pokémon
|rule|OHKO Clause: OHKO moves are banned
|rule|Evasion Moves Clause: Evasion moves are banned
|rule|Endless Battle Clause: Forcing endless battles is banned
|rule|HP Percentage Mod: HP is shown in percentages
|rule|Dynamax Clause: You cannot dynamax
|clearpoke
|poke|p1|Dracozolt|
|poke|p1|Moltres|
|poke|p1|Excadrill, M|
|poke|p1|Tyranitar, M|
|poke|p1|Volcanion|
|poke|p1|Hippowdon, F|
|poke|p2|Nidoking, M|
|poke|p2|Urshifu-*, M|
|poke|p2|Tornadus-Therian, M|
|poke|p2|Landorus-Therian, M|
|poke|p2|Slowbro, F|
|poke|p2|Heatran, F|
|teampreview
|j| Monday999
|c|☆TogeBirlHQ|Good luck and have fun as always buddy
|j| jeanmilapipe
|l| jeanmilapipe
|inactive|Battle timer is ON: inactive players will automatically lose when time's up. (requested by Kaleor)
|
|t:|1656436975
|start
|switch|p1a: Tyranitar|Tyranitar, M|100/100
|switch|p2a: Urshifu|Urshifu-Rapid-Strike, M|100/100
|-weather|Sandstorm|[from] ability: Sand Stream|[of] p1a: Tyranitar
|turn|1
|
|t:|1656436996
|switch|p2a: Landorus|Landorus-Therian, M|100/100
|-ability|p2a: Landorus|Intimidate|boost
|-unboost|p1a: Tyranitar|atk|1
|switch|p1a: Moltres|Moltres|100/100
|
|-weather|Sandstorm|[upkeep]
|-damage|p1a: Moltres|94/100|[from] Sandstorm
|upkeep
|turn|2
|
|t:|1656437003
|move|p1a: Moltres|Hurricane|p2a: Landorus
|-damage|p2a: Landorus|51/100
|move|p2a: Landorus|Toxic|p1a: Moltres
|-status|p1a: Moltres|tox
|
|-weather|Sandstorm|[upkeep]
|-damage|p1a: Moltres|88/100 tox|[from] Sandstorm
|-heal|p2a: Landorus|57/100|[from] item: Leftovers
|-damage|p1a: Moltres|82/100 tox|[from] psn
|upkeep
|turn|3
|
|t:|1656437012
|switch|p1a: Volcanion|Volcanion|100/100
|switch|p2a: Heatran|Heatran, F|100/100
|
|-weather|Sandstorm|[upkeep]
|-damage|p1a: Volcanion|95/100|[from] Sandstorm
|upkeep
|turn|4
|
|t:|1656437024
|switch|p2a: Tornadus|Tornadus-Therian, M|100/100
|move|p1a: Volcanion|Steam Eruption|p2a: Tornadus
|-damage|p2a: Tornadus|60/100
|
|-weather|Sandstorm|[upkeep]
|-damage|p2a: Tornadus|54/100|[from] Sandstorm
|-damage|p1a: Volcanion|89/100|[from] Sandstorm
|upkeep
|turn|5
|
|t:|1656437039
|move|p2a: Tornadus|Knock Off|p1a: Volcanion
|-damage|p1a: Volcanion|70/100
|-enditem|p1a: Volcanion|Assault Vest|[from] move: Knock Off|[of] p2a: Tornadus
|move|p1a: Volcanion|Steam Eruption|p2a: Tornadus
|-damage|p2a: Tornadus|9/100
|
|-weather|Sandstorm|[upkeep]
|-damage|p2a: Tornadus|3/100|[from] Sandstorm
|-damage|p1a: Volcanion|64/100|[from] Sandstorm
|upkeep
|turn|6
|
|t:|1656437047
|move|p2a: Tornadus|U-turn|p1a: Volcanion
|-resisted|p1a: Volcanion
|-damage|p1a: Volcanion|57/100
|
|t:|1656437054
|switch|p2a: Slowbro|Slowbro, F|100/100|[from]move: U-turn
|move|p1a: Volcanion|Steam Eruption|p2a: Slowbro
|-resisted|p2a: Slowbro
|-damage|p2a: Slowbro|69/100
|
|-weather|Sandstorm|[upkeep]
|-damage|p1a: Volcanion|51/100|[from] Sandstorm
|-damage|p2a: Slowbro|63/100|[from] Sandstorm
|upkeep
|turn|7
|
|t:|1656437073
|switch|p1a: Dracozolt|Dracozolt|100/100
|move|p2a: Slowbro|Teleport|p2a: Slowbro
|
|t:|1656437078
|switch|p2a: Landorus|Landorus-Therian, M|57/100|[from]move: Teleport
|-ability|p2a: Landorus|Intimidate|boost
|-unboost|p1a: Dracozolt|atk|1
|
|-weather|Sandstorm|[upkeep]
|-heal|p2a: Landorus|63/100|[from] item: Leftovers
|upkeep
|turn|8
|
|t:|1656437090
|switch|p2a: Heatran|Heatran, F|100/100
|move|p1a: Dracozolt|Draco Meteor|p2a: Heatran
|-resisted|p2a: Heatran
|-damage|p2a: Heatran|83/100
|-unboost|p1a: Dracozolt|spa|2
|-damage|p1a: Dracozolt|91/100|[from] item: Life Orb
|
|-weather|none
|-heal|p2a: Heatran|89/100|[from] item: Leftovers
|upkeep
|turn|9
|
|t:|1656437098
|switch|p2a: Landorus|Landorus-Therian, M|63/100
|-ability|p2a: Landorus|Intimidate|boost
|-unboost|p1a: Dracozolt|atk|1
|move|p1a: Dracozolt|Earthquake|p2a: Landorus
|-immune|p2a: Landorus
|
|-heal|p2a: Landorus|69/100|[from] item: Leftovers
|upkeep
|turn|10
|
|t:|1656437104
|switch|p1a: Hippowdon|Hippowdon, F|100/100
|-weather|Sandstorm|[from] ability: Sand Stream|[of] p1a: Hippowdon
|switch|p2a: Tornadus|Tornadus-Therian, M|36/100
|
|-weather|Sandstorm|[upkeep]
|-damage|p2a: Tornadus|30/100|[from] Sandstorm
|upkeep
|turn|11
|
|t:|1656437116
|switch|p2a: Urshifu|Urshifu-Rapid-Strike, M|100/100
|move|p1a: Hippowdon|Stealth Rock|p2a: Urshifu
|-sidestart|p2: TogeBirlHQ|move: Stealth Rock
|
|-weather|Sandstorm|[upkeep]
|-damage|p2a: Urshifu|94/100|[from] Sandstorm
|upkeep
|turn|12
|
|t:|1656437121
|switch|p1a: Volcanion|Volcanion|51/100
|move|p2a: Urshifu|Surging Strikes|p1a: Volcanion
|-heal|p1a: Volcanion|76/100|[from] ability: Water Absorb|[of] p2a: Urshifu
|
|-weather|Sandstorm|[upkeep]
|-damage|p2a: Urshifu|88/100|[from] Sandstorm
|-damage|p1a: Volcanion|70/100|[from] Sandstorm
|upkeep
|turn|13
|
|t:|1656437144
|switch|p2a: Slowbro|Slowbro, F|96/100
|-damage|p2a: Slowbro|84/100|[from] Stealth Rock
|move|p1a: Volcanion|Steam Eruption|p2a: Slowbro|[miss]
|-miss|p1a: Volcanion|p2a: Slowbro
|
|-weather|Sandstorm|[upkeep]
|-damage|p1a: Volcanion|64/100|[from] Sandstorm
|-damage|p2a: Slowbro|78/100|[from] Sandstorm
|upkeep
|turn|14
|c|☆TogeBirlHQ|Sorry for the miss
|
|t:|1656437159
|move|p1a: Volcanion|Sludge Wave|p2a: Slowbro
|-damage|p2a: Slowbro|40/100
|move|p2a: Slowbro|Teleport|p2a: Slowbro
|
|t:|1656437166
|switch|p2a: Nidoking|Nidoking, M|100/100|[from]move: Teleport
|-damage|p2a: Nidoking|95/100|[from] Stealth Rock
|
|-weather|Sandstorm|[upkeep]
|-damage|p1a: Volcanion|58/100|[from] Sandstorm
|upkeep
|turn|15
|
|t:|1656437178
|switch|p1a: Moltres|Moltres|82/100 tox
|move|p2a: Nidoking|Earth Power|p1a: Moltres
|-immune|p1a: Moltres
|
|-weather|Sandstorm|[upkeep]
|-damage|p1a: Moltres|76/100 tox|[from] Sandstorm
|-damage|p1a: Moltres|70/100 tox|[from] psn
|upkeep
|turn|16
|
|t:|1656437184
|move|p2a: Nidoking|Sludge Wave|p1a: Moltres
|-damage|p1a: Moltres|8/100 tox
|move|p1a: Moltres|Scorching Sands|p2a: Nidoking
|-supereffective|p2a: Nidoking
|-damage|p2a: Nidoking|15/100
|-status|p2a: Nidoking|brn
|
|-weather|Sandstorm|[upkeep]
|-damage|p1a: Moltres|2/100 tox|[from] Sandstorm
|-damage|p1a: Moltres|0 fnt|[from] psn
|faint|p1a: Moltres
|-damage|p2a: Nidoking|9/100 brn|[from] brn
|upkeep
|
|t:|1656437188
|switch|p1a: Excadrill|Excadrill, M|100/100
|turn|17
|
|t:|1656437203
|move|p1a: Excadrill|Iron Head|p2a: Nidoking
|-damage|p2a: Nidoking|0 fnt
|faint|p2a: Nidoking
|-damage|p1a: Excadrill|91/100|[from] item: Life Orb
|
|-weather|none
|upkeep
|
|t:|1656437207
|switch|p2a: Urshifu|Urshifu-Rapid-Strike, M|88/100
|-damage|p2a: Urshifu|82/100|[from] Stealth Rock
|turn|18
|
|t:|1656437212
|switch|p1a: Hippowdon|Hippowdon, F|100/100
|-weather|Sandstorm|[from] ability: Sand Stream|[of] p1a: Hippowdon
|move|p2a: Urshifu|Close Combat|p1a: Hippowdon
|-damage|p1a: Hippowdon|53/100
|-unboost|p2a: Urshifu|def|1
|-unboost|p2a: Urshifu|spd|1
|
|-weather|Sandstorm|[upkeep]
|-damage|p2a: Urshifu|76/100|[from] Sandstorm
|upkeep
|turn|19
|
|t:|1656437230
|switch|p2a: Landorus|Landorus-Therian, M|69/100
|-damage|p2a: Landorus|57/100|[from] Stealth Rock
|-ability|p2a: Landorus|Intimidate|boost
|-unboost|p1a: Hippowdon|atk|1
|move|p1a: Hippowdon|Slack Off|p1a: Hippowdon
|-heal|p1a: Hippowdon|100/100
|
|-weather|Sandstorm|[upkeep]
|-heal|p2a: Landorus|63/100|[from] item: Leftovers
|upkeep
|turn|20
|j| Ran Kob
|
|t:|1656437249
|switch|p1a: Volcanion|Volcanion|58/100
|move|p2a: Landorus|Earthquake|p1a: Volcanion
|-supereffective|p1a: Volcanion
|-damage|p1a: Volcanion|0 fnt
|faint|p1a: Volcanion
|
|-weather|Sandstorm|[upkeep]
|-heal|p2a: Landorus|69/100|[from] item: Leftovers
|upkeep
|
|t:|1656437255
|switch|p1a: Dracozolt|Dracozolt|91/100
|turn|21
|l| Ran Kob
|
|t:|1656437264
|switch|p2a: Heatran|Heatran, F|89/100
|-damage|p2a: Heatran|76/100|[from] Stealth Rock
|move|p1a: Dracozolt|Draco Meteor|p2a: Heatran
|-resisted|p2a: Heatran
|-damage|p2a: Heatran|56/100
|-unboost|p1a: Dracozolt|spa|2
|-damage|p1a: Dracozolt|81/100|[from] item: Life Orb
|
|-weather|Sandstorm|[upkeep]
|-heal|p2a: Heatran|62/100|[from] item: Leftovers
|upkeep
|turn|22
|
|t:|1656437272
|switch|p1a: Tyranitar|Tyranitar, M|100/100
|switch|p2a: Landorus|Landorus-Therian, M|69/100
|-damage|p2a: Landorus|57/100|[from] Stealth Rock
|-ability|p2a: Landorus|Intimidate|boost
|-unboost|p1a: Tyranitar|atk|1
|
|-weather|Sandstorm|[upkeep]
|-heal|p2a: Landorus|63/100|[from] item: Leftovers
|upkeep
|turn|23
|
|t:|1656437280
|switch|p2a: Slowbro|Slowbro, F|73/100
|-damage|p2a: Slowbro|61/100|[from] Stealth Rock
|move|p1a: Tyranitar|Ice Beam|p2a: Slowbro
|-resisted|p2a: Slowbro
|-damage|p2a: Slowbro|49/100
|
|-weather|Sandstorm|[upkeep]
|-damage|p2a: Slowbro|43/100|[from] Sandstorm
|upkeep
|turn|24
|
|t:|1656437291
|switch|p1a: Excadrill|Excadrill, M|91/100
|switch|p2a: Urshifu|Urshifu-Rapid-Strike, M|76/100
|-damage|p2a: Urshifu|70/100|[from] Stealth Rock
|
|-weather|Sandstorm|[upkeep]
|-damage|p2a: Urshifu|64/100|[from] Sandstorm
|upkeep
|turn|25
|
|t:|1656437297
|switch|p1a: Dracozolt|Dracozolt|81/100
|move|p2a: Urshifu|Aqua Jet|p1a: Dracozolt
|-resisted|p1a: Dracozolt
|-damage|p1a: Dracozolt|63/100
|
|-weather|none
|upkeep
|turn|26
|
|t:|1656437312
|switch|p2a: Heatran|Heatran, F|62/100
|-damage|p2a: Heatran|50/100|[from] Stealth Rock
|move|p1a: Dracozolt|Draco Meteor|p2a: Heatran
|-resisted|p2a: Heatran
|-damage|p2a: Heatran|33/100
|-unboost|p1a: Dracozolt|spa|2
|-damage|p1a: Dracozolt|53/100|[from] item: Life Orb
|
|-heal|p2a: Heatran|39/100|[from] item: Leftovers
|upkeep
|turn|27
|
|t:|1656437323
|switch|p1a: Tyranitar|Tyranitar, M|100/100
|-weather|Sandstorm|[from] ability: Sand Stream|[of] p1a: Tyranitar
|switch|p2a: Landorus|Landorus-Therian, M|63/100
|-damage|p2a: Landorus|50/100|[from] Stealth Rock
|-ability|p2a: Landorus|Intimidate|boost
|-unboost|p1a: Tyranitar|atk|1
|
|-weather|Sandstorm|[upkeep]
|-heal|p2a: Landorus|56/100|[from] item: Leftovers
|upkeep
|turn|28
|
|t:|1656437337
|move|p2a: Landorus|U-turn|p1a: Tyranitar
|-supereffective|p1a: Tyranitar
|-damage|p1a: Tyranitar|65/100
|
|t:|1656437340
|switch|p2a: Urshifu|Urshifu-Rapid-Strike, M|64/100|[from]move: U-turn
|-damage|p2a: Urshifu|57/100|[from] Stealth Rock
|move|p1a: Tyranitar|Ice Beam|p2a: Urshifu
|-resisted|p2a: Urshifu
|-damage|p2a: Urshifu|40/100
|-status|p2a: Urshifu|frz
|
|-weather|Sandstorm|[upkeep]
|-damage|p2a: Urshifu|34/100 frz|[from] Sandstorm
|upkeep
|turn|29
|inactive|TogeBirlHQ has 120 seconds left.
|c|☆TogeBirlHQ|Well that's fair for the volcanion miss
|
|t:|1656437377
|switch|p1a: Dracozolt|Dracozolt|53/100
|-curestatus|p2a: Urshifu|frz|[msg]
|move|p2a: Urshifu|Surging Strikes|p1a: Dracozolt
|-resisted|p1a: Dracozolt
|-crit|p1a: Dracozolt
|-damage|p1a: Dracozolt|35/100
|-resisted|p1a: Dracozolt
|-crit|p1a: Dracozolt
|-damage|p1a: Dracozolt|17/100
|-resisted|p1a: Dracozolt
|-crit|p1a: Dracozolt
|-damage|p1a: Dracozolt|0 fnt
|faint|p1a: Dracozolt
|-hitcount|p1: Dracozolt|3
|
|-weather|Sandstorm|[upkeep]
|-damage|p2a: Urshifu|28/100|[from] Sandstorm
|upkeep
|
|t:|1656437384
|switch|p1a: Excadrill|Excadrill, M|91/100
|turn|30
|inactive|TogeBirlHQ has 120 seconds left.
|
|t:|1656437398
|switch|p2a: Landorus|Landorus-Therian, M|56/100
|-damage|p2a: Landorus|44/100|[from] Stealth Rock
|-ability|p2a: Landorus|Intimidate|boost
|-unboost|p1a: Excadrill|atk|1
|move|p1a: Excadrill|Swords Dance|p1a: Excadrill
|-boost|p1a: Excadrill|atk|2
|
|-weather|Sandstorm|[upkeep]
|-heal|p2a: Landorus|50/100|[from] item: Leftovers
|upkeep
|turn|31
|inactive|TogeBirlHQ has 120 seconds left.
|
|t:|1656437414
|switch|p2a: Slowbro|Slowbro, F|76/100
|-damage|p2a: Slowbro|63/100|[from] Stealth Rock
|move|p1a: Excadrill|Iron Head|p2a: Slowbro
|-resisted|p2a: Slowbro
|-damage|p2a: Slowbro|37/100
|-damage|p1a: Excadrill|74/100|[from] item: Rocky Helmet|[of] p2a: Slowbro
|-damage|p1a: Excadrill|64/100|[from] item: Life Orb
|
|-weather|Sandstorm|[upkeep]
|-damage|p2a: Slowbro|31/100|[from] Sandstorm
|upkeep
|turn|32
|inactive|TogeBirlHQ has 120 seconds left.
|
|t:|1656437428
|switch|p2a: Landorus|Landorus-Therian, M|50/100
|-damage|p2a: Landorus|38/100|[from] Stealth Rock
|-ability|p2a: Landorus|Intimidate|boost
|-unboost|p1a: Excadrill|atk|1
|move|p1a: Excadrill|Earthquake|p2a: Landorus
|-immune|p2a: Landorus
|
|-weather|Sandstorm|[upkeep]
|-heal|p2a: Landorus|44/100|[from] item: Leftovers
|upkeep
|turn|33
|inactive|TogeBirlHQ has 120 seconds left.
|
|t:|1656437440
|move|p1a: Excadrill|Swords Dance|p1a: Excadrill
|-boost|p1a: Excadrill|atk|2
|move|p2a: Landorus|Earthquake|p1a: Excadrill
|-supereffective|p1a: Excadrill
|-damage|p1a: Excadrill|0 fnt
|faint|p1a: Excadrill
|
|-weather|Sandstorm|[upkeep]
|-heal|p2a: Landorus|50/100|[from] item: Leftovers
|upkeep
|-message|Kaleor forfeited.
|
|win|TogeBirlHQ
|raw|Kaleor's rating: 1610 &rarr; <strong>1589</strong><br />(-21 for losing)
|raw|TogeBirlHQ's rating: 1600 &rarr; <strong>1621</strong><br />(+21 for winning)
|l|☆Kaleor
|c|☆TogeBirlHQ|Gg
|c|☆TogeBirlHQ|Wp
|l| Monday999
