|j|☆EG Starwind
|t:|1606357986
|player|p1|EG Starwind|266|1680
|player|p2|I'M AT MY LIMIT!|youngcouple-gen4dp|1711
|teamsize|p1|6
|teamsize|p2|6
|gametype|singles
|gen|8
|tier|[Gen 8] OU
|rated|
|clearpoke
|poke|p1|Porygon2|
|poke|p1|Marowak-Alola, F|
|poke|p1|Uxie|
|poke|p1|Melmetal|
|poke|p1|Magearna|
|poke|p1|Reuniclus, F|
|poke|p2|Buzzwole|
|poke|p2|Toxapex, M|
|poke|p2|Dragonite, M|
|poke|p2|Blissey, F|
|poke|p2|Quagsire, M|
|poke|p2|Ferrothorn, F|
|rule|Sleep Clause Mod: Limit one foe put to sleep
|rule|Species Clause: Limit one of each Pokémon
|rule|OHKO Clause: OHKO moves are banned
|rule|Evasion Moves Clause: Evasion moves are banned
|rule|Endless Battle Clause: Forcing endless battles is banned
|rule|HP Percentage Mod: HP is shown in percentages
|rule|Dynamax Clause: You cannot dynamax
|teampreview
|j|☆I'M AT MY LIMIT!
|inactive|Battle timer is ON: inactive players will automatically lose when time's up. (requested by EG Starwind)
|j| Evil T-tar
|l| Evil T-tar
|
|t:|1606358027
|start
|switch|p1a: Uxie|Uxie|100/100
|switch|p2a: Ferrothorn|Ferrothorn, F|100/100
|turn|1
|
|t:|1606358033
|move|p1a: Uxie|Stealth Rock|p2a: Ferrothorn
|-sidestart|p2: I'M AT MY LIMIT!|move: Stealth Rock
|move|p2a: Ferrothorn|Spikes|p1a: Uxie
|-sidestart|p1: EG Starwind|Spikes
|
|upkeep
|turn|2
|
|t:|1606358036
|move|p1a: Uxie|U-turn|p2a: Ferrothorn
|-damage|p2a: Ferrothorn|94/100
|-damage|p1a: Uxie|88/100|[from] ability: Iron Barbs|[of] p2a: Ferrothorn
|j| GucciStone
|
|t:|1606358039
|switch|p1a: Marowak|Marowak-Alola, F|100/100|[from]move: U-turn
|-damage|p1a: Marowak|88/100|[from] Spikes
|move|p2a: Ferrothorn|Spikes|p1a: Marowak
|-sidestart|p1: EG Starwind|Spikes
|
|-heal|p2a: Ferrothorn|99/100|[from] item: Leftovers
|upkeep
|turn|3
|
|t:|1606358048
|move|p1a: Marowak|Poltergeist|p2a: Ferrothorn
|-activate|p2a: Ferrothorn|move: Poltergeist|Leftovers
|-damage|p2a: Ferrothorn|44/100
|move|p2a: Ferrothorn|Knock Off|p1a: Marowak
|-supereffective|p1a: Marowak
|-damage|p1a: Marowak|47/100
|-enditem|p1a: Marowak|Thick Club|[from] move: Knock Off|[of] p2a: Ferrothorn
|
|-heal|p2a: Ferrothorn|50/100|[from] item: Leftovers
|upkeep
|turn|4
|
|t:|1606358060
|switch|p2a: Toxapex|Toxapex, M|100/100
|-damage|p2a: Toxapex|88/100|[from] Stealth Rock
|move|p1a: Marowak|Swords Dance|p1a: Marowak
|-boost|p1a: Marowak|atk|2
|
|upkeep
|turn|5
|j| Trailblazer324
|
|t:|1606358067
|switch|p2a: Dragonite|Dragonite, M|100/100
|move|p1a: Marowak|Poltergeist|p2a: Dragonite
|-activate|p2a: Dragonite|move: Poltergeist|Heavy-Duty Boots
|-damage|p2a: Dragonite|58/100
|
|upkeep
|turn|6
|l| Trailblazer324
|
|t:|1606358079
|move|p2a: Dragonite|Earthquake|p1a: Marowak
|-supereffective|p1a: Marowak
|-damage|p1a: Marowak|0 fnt
|faint|p1a: Marowak
|
|upkeep
|
|t:|1606358090
|switch|p1a: Reuniclus|Reuniclus, F|100/100
|turn|7
|
|t:|1606358101
|switch|p2a: Blissey|Blissey, F|100/100
|move|p1a: Reuniclus|Calm Mind|p1a: Reuniclus
|-boost|p1a: Reuniclus|spa|1
|-boost|p1a: Reuniclus|spd|1
|
|upkeep
|turn|8
|
|t:|1606358112
|move|p2a: Blissey|Thunder Wave|p1a: Reuniclus
|-status|p1a: Reuniclus|par
|move|p1a: Reuniclus|Focus Blast|p2a: Blissey|[miss]
|-miss|p1a: Reuniclus|p2a: Blissey
|
|upkeep
|turn|9
|j| SemiProHawk707
|j| Galiper FS
|
|t:|1606358124
|switch|p2a: Dragonite|Dragonite, M|58/100
|move|p1a: Reuniclus|Trick Room|p1a: Reuniclus
|-fieldstart|move: Trick Room|[of] p1a: Reuniclus
|
|upkeep
|turn|10
|j| newest of alts
|
|t:|1606358138
|move|p1a: Reuniclus|Psychic|p2a: Dragonite
|-damage|p2a: Dragonite|0 fnt
|faint|p2a: Dragonite
|
|upkeep
|j| jjackywacky
|
|t:|1606358147
|switch|p2a: Blissey|Blissey, F|100/100
|turn|11
|
|t:|1606358153
|cant|p1a: Reuniclus|par
|move|p2a: Blissey|Soft-Boiled||[still]
|-fail|p2a: Blissey|heal
|
|upkeep
|turn|12
|
|t:|1606358159
|move|p1a: Reuniclus|Calm Mind|p1a: Reuniclus
|-boost|p1a: Reuniclus|spa|1
|-boost|p1a: Reuniclus|spd|1
|move|p2a: Blissey|Soft-Boiled||[still]
|-fail|p2a: Blissey|heal
|
|upkeep
|turn|13
|
|t:|1606358177
|cant|p1a: Reuniclus|par
|move|p2a: Blissey|Soft-Boiled||[still]
|-fail|p2a: Blissey|heal
|
|-fieldend|move: Trick Room
|upkeep
|turn|14
|
|t:|1606358191
|move|p2a: Blissey|Seismic Toss|p1a: Reuniclus
|-damage|p1a: Reuniclus|77/100 par
|move|p1a: Reuniclus|Trick Room|p1a: Reuniclus
|-fieldstart|move: Trick Room|[of] p1a: Reuniclus
|
|upkeep
|turn|15
|
|t:|1606358203
|switch|p2a: Toxapex|Toxapex, M|100/100
|-damage|p2a: Toxapex|88/100|[from] Stealth Rock
|cant|p1a: Reuniclus|par
|
|upkeep
|turn|16
|
|t:|1606358208
|switch|p2a: Ferrothorn|Ferrothorn, F|50/100
|-damage|p2a: Ferrothorn|44/100|[from] Stealth Rock
|move|p1a: Reuniclus|Psychic|p2a: Ferrothorn
|-resisted|p2a: Ferrothorn
|-damage|p2a: Ferrothorn|0 fnt
|faint|p2a: Ferrothorn
|
|upkeep
|
|t:|1606358209
|switch|p2a: Quagsire|Quagsire, M|100/100
|-damage|p2a: Quagsire|94/100|[from] Stealth Rock
|turn|17
|
|t:|1606358215
|move|p1a: Reuniclus|Psychic|p2a: Quagsire
|-damage|p2a: Quagsire|9/100
|move|p2a: Quagsire|Haze|p2a: Quagsire
|-clearallboost
|
|-heal|p2a: Quagsire|15/100|[from] item: Leftovers
|upkeep
|turn|18
|j| Xuxa vegana
|
|t:|1606358221
|move|p1a: Reuniclus|Psychic|p2a: Quagsire
|-damage|p2a: Quagsire|0 fnt
|faint|p2a: Quagsire
|
|-fieldend|move: Trick Room
|upkeep
|
|t:|1606358222
|switch|p2a: Blissey|Blissey, F|100/100
|turn|19
|inactive|EG Starwind has 120 seconds left.
|l| newest of alts
|j| Vessev
|
|t:|1606358268
|switch|p1a: Porygon2|Porygon2|100/100
|-damage|p1a: Porygon2|84/100|[from] Spikes
|-ability|p1a: Porygon2|Download|boost
|-boost|p1a: Porygon2|atk|1
|move|p2a: Blissey|Seismic Toss|p1a: Porygon2
|-damage|p1a: Porygon2|57/100
|
|upkeep
|turn|20
|j| DmitriVerdant
|
|t:|1606358278
|move|p2a: Blissey|Thunder Wave|p1a: Porygon2|[miss]
|-miss|p2a: Blissey|p1a: Porygon2
|move|p1a: Porygon2|Recover|p1a: Porygon2
|-heal|p1a: Porygon2|100/100
|
|upkeep
|turn|21
|inactive|EG Starwind has 120 seconds left.
|
|t:|1606358289
|switch|p2a: Buzzwole|Buzzwole|100/100
|-damage|p2a: Buzzwole|88/100|[from] Stealth Rock
|move|p1a: Porygon2|Teleport|p1a: Porygon2
|
|t:|1606358298
|switch|p1a: Reuniclus|Reuniclus, F|77/100 par|[from]move: Teleport
|
|upkeep
|turn|22
|inactive|EG Starwind has 120 seconds left.
|
|t:|1606358310
|switch|p2a: Blissey|Blissey, F|100/100
|move|p1a: Reuniclus|Focus Blast|p2a: Blissey
|-supereffective|p2a: Blissey
|-damage|p2a: Blissey|56/100
|
|upkeep
|turn|23
|inactive|EG Starwind has 120 seconds left.
|
|t:|1606358319
|move|p2a: Blissey|Seismic Toss|p1a: Reuniclus
|-damage|p1a: Reuniclus|53/100 par
|cant|p1a: Reuniclus|par
|
|upkeep
|turn|24
|
|t:|1606358325
|move|p2a: Blissey|Seismic Toss|p1a: Reuniclus
|-damage|p1a: Reuniclus|30/100 par
|move|p1a: Reuniclus|Calm Mind|p1a: Reuniclus
|-boost|p1a: Reuniclus|spa|1
|-boost|p1a: Reuniclus|spd|1
|
|upkeep
|turn|25
|
|t:|1606358336
|move|p2a: Blissey|Seismic Toss|p1a: Reuniclus
|-damage|p1a: Reuniclus|6/100 par
|cant|p1a: Reuniclus|par
|
|upkeep
|turn|26
|c|☆EG Starwind|So dumb
|inactive|EG Starwind has 120 seconds left.
|
|t:|1606358354
|move|p2a: Blissey|Seismic Toss|p1a: Reuniclus
|-damage|p1a: Reuniclus|0 fnt
|faint|p1a: Reuniclus
|
|upkeep
|
|t:|1606358356
|switch|p1a: Melmetal|Melmetal|100/100
|-damage|p1a: Melmetal|84/100|[from] Spikes
|turn|27
|
|t:|1606358361
|switch|p2a: Toxapex|Toxapex, M|100/100
|-damage|p2a: Toxapex|88/100|[from] Stealth Rock
|move|p1a: Melmetal|Double Iron Bash|p2a: Toxapex
|-resisted|p2a: Toxapex
|-damage|p2a: Toxapex|70/100
|-resisted|p2a: Toxapex
|-damage|p2a: Toxapex|49/100
|-hitcount|p2a: Toxapex|2
|
|upkeep
|turn|28
|
|t:|1606358370
|switch|p1a: Magearna|Magearna|100/100
|-damage|p1a: Magearna|84/100|[from] Spikes
|move|p2a: Toxapex|Recover|p2a: Toxapex
|-heal|p2a: Toxapex|99/100
|
|-heal|p1a: Magearna|90/100|[from] item: Leftovers
|upkeep
|turn|29
|
|t:|1606358373
|move|p1a: Magearna|Volt Switch|p2a: Toxapex
|-supereffective|p2a: Toxapex
|-damage|p2a: Toxapex|55/100
|
|t:|1606358377
|switch|p1a: Melmetal|Melmetal|84/100|[from]move: Volt Switch
|-damage|p1a: Melmetal|67/100|[from] Spikes
|move|p2a: Toxapex|Recover|p2a: Toxapex
|-heal|p2a: Toxapex|100/100
|
|upkeep
|turn|30
|
|t:|1606358379
|switch|p2a: Buzzwole|Buzzwole|88/100
|-damage|p2a: Buzzwole|76/100|[from] Stealth Rock
|move|p1a: Melmetal|Earthquake|p2a: Buzzwole
|-resisted|p2a: Buzzwole
|-damage|p2a: Buzzwole|61/100
|
|upkeep
|turn|31
|l| jjackywacky
|
|t:|1606358383
|switch|p1a: Magearna|Magearna|90/100
|-damage|p1a: Magearna|74/100|[from] Spikes
|move|p2a: Buzzwole|Roost|p2a: Buzzwole
|-heal|p2a: Buzzwole|100/100
|-singleturn|p2a: Buzzwole|move: Roost
|
|-heal|p1a: Magearna|80/100|[from] item: Leftovers
|upkeep
|turn|32
|
|t:|1606358392
|move|p2a: Buzzwole|Protect|p2a: Buzzwole
|-singleturn|p2a: Buzzwole|Protect
|move|p1a: Magearna|Volt Switch|p2a: Buzzwole
|-activate|p2a: Buzzwole|move: Protect
|
|-heal|p1a: Magearna|86/100|[from] item: Leftovers
|upkeep
|turn|33
|
|t:|1606358404
|switch|p2a: Blissey|Blissey, F|56/100
|move|p1a: Magearna|Fleur Cannon|p2a: Blissey
|-damage|p2a: Blissey|28/100
|-unboost|p1a: Magearna|spa|2
|
|-heal|p1a: Magearna|92/100|[from] item: Leftovers
|upkeep
|turn|34
|
|t:|1606358409
|move|p2a: Blissey|Soft-Boiled|p2a: Blissey
|-heal|p2a: Blissey|78/100
|move|p1a: Magearna|Volt Switch|p2a: Blissey
|-damage|p2a: Blissey|73/100
|
|t:|1606358411
|switch|p1a: Melmetal|Melmetal|67/100|[from]move: Volt Switch
|-damage|p1a: Melmetal|50/100|[from] Spikes
|
|upkeep
|turn|35
|
|t:|1606358418
|switch|p2a: Buzzwole|Buzzwole|100/100
|-damage|p2a: Buzzwole|88/100|[from] Stealth Rock
|move|p1a: Melmetal|Earthquake|p2a: Buzzwole
|-resisted|p2a: Buzzwole
|-damage|p2a: Buzzwole|74/100
|
|upkeep
|turn|36
|
|t:|1606358429
|switch|p1a: Magearna|Magearna|92/100
|-damage|p1a: Magearna|75/100|[from] Spikes
|move|p2a: Buzzwole|Drain Punch|p1a: Magearna
|-damage|p1a: Magearna|48/100
|-heal|p2a: Buzzwole|86/100|[from] drain|[of] p1a: Magearna
|
|-heal|p1a: Magearna|54/100|[from] item: Leftovers
|upkeep
|turn|37
|
|t:|1606358433
|move|p2a: Buzzwole|Protect|p2a: Buzzwole
|-singleturn|p2a: Buzzwole|Protect
|move|p1a: Magearna|Volt Switch|p2a: Buzzwole
|-activate|p2a: Buzzwole|move: Protect
|
|-heal|p1a: Magearna|60/100|[from] item: Leftovers
|upkeep
|turn|38
|
|t:|1606358440
|switch|p2a: Blissey|Blissey, F|73/100
|move|p1a: Magearna|Volt Switch|p2a: Blissey
|-damage|p2a: Blissey|64/100
|
|t:|1606358444
|switch|p1a: Melmetal|Melmetal|50/100|[from]move: Volt Switch
|-damage|p1a: Melmetal|34/100|[from] Spikes
|
|upkeep
|turn|39
|
|t:|1606358450
|switch|p2a: Toxapex|Toxapex, M|100/100
|-damage|p2a: Toxapex|88/100|[from] Stealth Rock
|move|p1a: Melmetal|Double Iron Bash|p2a: Toxapex
|-resisted|p2a: Toxapex
|-damage|p2a: Toxapex|67/100
|-resisted|p2a: Toxapex
|-damage|p2a: Toxapex|46/100
|-hitcount|p2a: Toxapex|2
|
|upkeep
|turn|40
|
|t:|1606358458
|move|p2a: Toxapex|Recover|p2a: Toxapex
|-heal|p2a: Toxapex|96/100
|move|p1a: Melmetal|Double Iron Bash|p2a: Toxapex
|-resisted|p2a: Toxapex
|-damage|p2a: Toxapex|76/100
|-resisted|p2a: Toxapex
|-damage|p2a: Toxapex|55/100
|-hitcount|p2a: Toxapex|2
|
|upkeep
|turn|41
|-message|EG Starwind forfeited.
|
|win|I'M AT MY LIMIT!
|l|☆EG Starwind
|l| Xuxa vegana
|l| SemiProHawk707
|c|☆I'M AT MY LIMIT!|Ok
|l| Vessev
|raw|EG Starwind's rating: 1680 &rarr; <strong>1662</strong><br />(-18 for losing)
|raw|I&apos;M AT MY LIMIT!'s rating: 1714 &rarr; <strong>1732</strong><br />(+18 for winning)
