|j|☆badalakazam
|j|☆ldailey19
|t:|1667595260
|gametype|singles
|player|p1|badalakazam|gentleman|1731
|player|p2|ldailey19|lance|1627
|teamsize|p1|6
|teamsize|p2|6
|gen|8
|tier|[Gen 8] OU
|rated|
|rule|Sleep Clause Mod: Limit one foe put to sleep
|rule|Species Clause: Limit one of each Pokémon
|rule|OHKO Clause: OHKO moves are banned
|rule|Evasion Items Clause: Evasion items are banned
|rule|Evasion Moves Clause: Evasion moves are banned
|rule|Endless Battle Clause: Forcing endless battles is banned
|rule|HP Percentage Mod: HP is shown in percentages
|rule|Dynamax Clause: You cannot dynamax
|clearpoke
|poke|p1|Drifblim, M|
|poke|p1|Tapu Koko|
|poke|p1|Hawlucha, M|
|poke|p1|Raichu-Alola, F|
|poke|p1|Melmetal|
|poke|p1|Landorus-Therian, M|
|poke|p2|Magnezone|
|poke|p2|Weavile, M|
|poke|p2|Urshifu-*, F|
|poke|p2|Heatran, F|
|poke|p2|Landorus-Therian, M|
|poke|p2|Dragapult, M|
|teampreview
|inactive|Battle timer is ON: inactive players will automatically lose when time's up. (requested by ldailey19)
|
|t:|1667595270
|start
|switch|p1a: Landorus|Landorus-Therian, M|100/100
|switch|p2a: Landorus|Landorus-Therian, M|100/100
|-ability|p2a: Landorus|Intimidate|boost
|-unboost|p1a: Landorus|atk|1
|-ability|p1a: Landorus|Intimidate|boost
|-unboost|p2a: Landorus|atk|1
|turn|1
|
|t:|1667595273
|move|p2a: Landorus|Knock Off|p1a: Landorus
|-damage|p1a: Landorus|79/100
|-enditem|p1a: Landorus|Leftovers|[from] move: Knock Off|[of] p2a: Landorus
|move|p1a: Landorus|Stealth Rock|p2a: Landorus
|-sidestart|p2: ldailey19|move: Stealth Rock
|
|upkeep
|turn|2
|
|t:|1667595287
|move|p2a: Landorus|Knock Off|p1a: Landorus
|-crit|p1a: Landorus
|-damage|p1a: Landorus|47/100
|move|p1a: Landorus|U-turn|p2a: Landorus
|-resisted|p2a: Landorus
|-damage|p2a: Landorus|95/100
|-damage|p1a: Landorus|30/100|[from] item: Rocky Helmet|[of] p2a: Landorus
|
|t:|1667595304
|switch|p1a: Tapu Koko|Tapu Koko|100/100|[from]move: U-turn
|-fieldstart|move: Electric Terrain|[from] ability: Electric Surge|[of] p1a: Tapu Koko
|
|upkeep
|turn|3
|
|t:|1667595312
|switch|p1a: Landorus|Landorus-Therian, M|30/100
|-ability|p1a: Landorus|Intimidate|boost
|-unboost|p2a: Landorus|atk|1
|move|p2a: Landorus|Earthquake|p1a: Landorus
|-immune|p1a: Landorus
|
|upkeep
|turn|4
|
|t:|1667595315
|move|p2a: Landorus|Defog|p1a: Landorus
|-unboost|p1a: Landorus|evasion|1
|-sideend|p2: ldailey19|Stealth Rock|[from] move: Defog|[of] p2a: Landorus
|-fieldend|move: Electric Terrain
|move|p1a: Landorus|U-turn|p2a: Landorus
|-resisted|p2a: Landorus
|-crit|p2a: Landorus
|-damage|p2a: Landorus|84/100
|-damage|p1a: Landorus|14/100|[from] item: Rocky Helmet|[of] p2a: Landorus
|
|t:|1667595334
|switch|p1a: Tapu Koko|Tapu Koko|100/100|[from]move: U-turn
|-fieldstart|move: Electric Terrain|[from] ability: Electric Surge|[of] p1a: Tapu Koko
|
|upkeep
|turn|5
|
|t:|1667595344
|switch|p1a: Landorus|Landorus-Therian, M|14/100
|-ability|p1a: Landorus|Intimidate|boost
|-unboost|p2a: Landorus|atk|1
|move|p2a: Landorus|Stealth Rock|p1a: Landorus
|-sidestart|p1: badalakazam|move: Stealth Rock
|
|upkeep
|turn|6
|
|t:|1667595350
|move|p2a: Landorus|Knock Off|p1a: Landorus
|-damage|p1a: Landorus|5/100
|move|p1a: Landorus|Stealth Rock|p2a: Landorus
|-sidestart|p2: ldailey19|move: Stealth Rock
|
|upkeep
|turn|7
|
|t:|1667595357
|switch|p1a: Drifblim|Drifblim, M, shiny|100/100
|-damage|p1a: Drifblim|75/100|[from] Stealth Rock
|-enditem|p1a: Drifblim|Electric Seed
|-boost|p1a: Drifblim|def|1|[from] item: Electric Seed
|move|p2a: Landorus|Knock Off|p1a: Drifblim
|-supereffective|p1a: Drifblim
|-damage|p1a: Drifblim|64/100
|
|upkeep
|turn|8
|
|t:|1667595366
|move|p1a: Drifblim|Substitute|p1a: Drifblim
|-start|p1a: Drifblim|Substitute
|-damage|p1a: Drifblim|39/100
|move|p2a: Landorus|Defog|p1a: Drifblim
|-sideend|p1: badalakazam|Stealth Rock|[from] move: Defog|[of] p2a: Landorus
|-sideend|p2: ldailey19|Stealth Rock|[from] move: Defog|[of] p2a: Landorus
|-fieldend|move: Electric Terrain
|
|upkeep
|turn|9
|
|t:|1667595371
|move|p1a: Drifblim|Calm Mind|p1a: Drifblim
|-boost|p1a: Drifblim|spa|1
|-boost|p1a: Drifblim|spd|1
|move|p2a: Landorus|Stealth Rock|p1a: Drifblim
|-sidestart|p1: badalakazam|move: Stealth Rock
|
|upkeep
|turn|10
|
|t:|1667595383
|switch|p2a: Dragapult|Dragapult, M, shiny|100/100
|move|p1a: Drifblim|Calm Mind|p1a: Drifblim
|-boost|p1a: Drifblim|spa|1
|-boost|p1a: Drifblim|spd|1
|
|upkeep
|turn|11
|
|t:|1667595389
|move|p1a: Drifblim|Shadow Ball|p2a: Dragapult
|-supereffective|p2a: Dragapult
|-enditem|p2a: Dragapult|Focus Sash
|-damage|p2a: Dragapult|1/100
|move|p2a: Dragapult|Dragon Darts|p1a: Drifblim
|-damage|p1a: Drifblim|21/100
|-anim|p2a: Dragapult|Dragon Darts|p1a: Drifblim
|-damage|p1a: Drifblim|5/100
|
|upkeep
|turn|12
|inactive|ldailey19 has 120 seconds left.
|
|t:|1667595423
|move|p1a: Drifblim|Shadow Ball|p2a: Dragapult
|-supereffective|p2a: Dragapult
|-damage|p2a: Dragapult|0 fnt
|faint|p2a: Dragapult
|
|upkeep
|inactive|ldailey19 has 120 seconds left.
|
|t:|1667595430
|switch|p2a: Urshifu|Urshifu-Rapid-Strike, F|100/100
|turn|13
|
|t:|1667595439
|move|p1a: Drifblim|Strength Sap|p2a: Urshifu
|-unboost|p2a: Urshifu|atk|1
|-heal|p1a: Drifblim|81/100
|move|p2a: Urshifu|Surging Strikes|p1a: Drifblim
|-crit|p1a: Drifblim
|-activate|p1a: Drifblim|move: Substitute|[damage]
|-crit|p1a: Drifblim
|-end|p1a: Drifblim|Substitute
|-crit|p1a: Drifblim
|-damage|p1a: Drifblim|60/100
|-hitcount|p1a: Drifblim|3
|
|upkeep
|turn|14
|
|t:|1667595457
|move|p1a: Drifblim|Shadow Ball|p2a: Urshifu
|-crit|p2a: Urshifu
|-enditem|p2a: Urshifu|Focus Sash
|-damage|p2a: Urshifu|1/100
|move|p2a: Urshifu|Surging Strikes|p1a: Drifblim
|-crit|p1a: Drifblim
|-damage|p1a: Drifblim|40/100
|-crit|p1a: Drifblim
|-damage|p1a: Drifblim|20/100
|-crit|p1a: Drifblim
|-damage|p1a: Drifblim|0 fnt
|faint|p1a: Drifblim
|-hitcount|p1: Drifblim|3
|
|upkeep
|c|☆ldailey19|how are you faster
|inactive|badalakazam has 120 seconds left.
|
|t:|1667595478
|switch|p1a: Tapu Koko|Tapu Koko|100/100
|-damage|p1a: Tapu Koko|88/100|[from] Stealth Rock
|-fieldstart|move: Electric Terrain|[from] ability: Electric Surge|[of] p1a: Tapu Koko
|turn|15
|
|t:|1667595484
|move|p2a: Urshifu|Aqua Jet|p1a: Tapu Koko
|-damage|p1a: Tapu Koko|70/100
|move|p1a: Tapu Koko|U-turn|p2a: Urshifu
|-resisted|p2a: Urshifu
|-damage|p2a: Urshifu|0 fnt
|faint|p2a: Urshifu
|
|t:|1667595491
|switch|p1a: Hawlucha|Hawlucha, M|100/100|[from]move: U-turn
|-damage|p1a: Hawlucha|88/100|[from] Stealth Rock
|-enditem|p1a: Hawlucha|Electric Seed
|-boost|p1a: Hawlucha|def|1|[from] item: Electric Seed
|
|upkeep
|
|t:|1667595497
|switch|p2a: Landorus|Landorus-Therian, M|84/100
|-ability|p2a: Landorus|Intimidate|boost
|-unboost|p1a: Hawlucha|atk|1
|turn|16
|
|t:|1667595501
|move|p1a: Hawlucha|Swords Dance|p1a: Hawlucha
|-boost|p1a: Hawlucha|atk|2
|move|p2a: Landorus|Knock Off|p1a: Hawlucha
|-resisted|p1a: Hawlucha
|-damage|p1a: Hawlucha|79/100
|
|upkeep
|turn|17
|
|t:|1667595513
|move|p1a: Hawlucha|Swords Dance|p1a: Hawlucha
|-boost|p1a: Hawlucha|atk|2
|move|p2a: Landorus|Knock Off|p1a: Hawlucha
|-resisted|p1a: Hawlucha
|-crit|p1a: Hawlucha
|-damage|p1a: Hawlucha|56/100
|
|upkeep
|turn|18
|
|t:|1667595520
|move|p1a: Hawlucha|Acrobatics|p2a: Landorus
|-damage|p2a: Landorus|0 fnt
|-damage|p1a: Hawlucha|40/100|[from] item: Rocky Helmet|[of] p2a: Landorus
|faint|p2a: Landorus
|
|upkeep
|
|t:|1667595527
|switch|p2a: Weavile|Weavile, M|100/100
|-ability|p2a: Weavile|Pressure
|turn|19
|
|t:|1667595530
|move|p2a: Weavile|Ice Shard|p1a: Hawlucha
|-supereffective|p1a: Hawlucha
|-damage|p1a: Hawlucha|0 fnt
|faint|p1a: Hawlucha
|
|upkeep
|
|t:|1667595534
|switch|p1a: Melmetal|Melmetal|100/100
|-damage|p1a: Melmetal|94/100|[from] Stealth Rock
|turn|20
|
|t:|1667595546
|switch|p2a: Heatran|Heatran, F, shiny|100/100
|-item|p2a: Heatran|Air Balloon
|move|p1a: Melmetal|Earthquake|p2a: Heatran
|-immune|p2a: Heatran
|
|upkeep
|turn|21
|
|t:|1667595556
|switch|p1a: Landorus|Landorus-Therian, M|5/100
|-damage|p1a: Landorus|0 fnt|[from] Stealth Rock
|faint|p1a: Landorus
|move|p2a: Heatran|Flamethrower|p1: Landorus|[notarget]
|-fail|p2a: Heatran
|
|upkeep
|
|t:|1667595563
|switch|p1a: Raichu|Raichu-Alola, F|100/100
|-damage|p1a: Raichu|88/100|[from] Stealth Rock
|turn|22
|
|t:|1667595569
|move|p1a: Raichu|Surf|p2a: Heatran
|-supereffective|p2a: Heatran
|-damage|p2a: Heatran|51/100
|-enditem|p2a: Heatran|Air Balloon
|-damage|p1a: Raichu|78/100|[from] item: Life Orb
|move|p2a: Heatran|Earth Power|p1a: Raichu
|-supereffective|p1a: Raichu
|-damage|p1a: Raichu|4/100
|
|-fieldend|move: Electric Terrain
|upkeep
|turn|23
|
|t:|1667595584
|switch|p2a: Magnezone|Magnezone, shiny|100/100
|move|p1a: Raichu|Focus Blast|p2a: Magnezone
|-supereffective|p2a: Magnezone
|-damage|p2a: Magnezone|35/100
|-damage|p1a: Raichu|0 fnt|[from] item: Life Orb
|faint|p1a: Raichu
|
|upkeep
|
|t:|1667595601
|switch|p1a: Melmetal|Melmetal|94/100
|-damage|p1a: Melmetal|88/100|[from] Stealth Rock
|turn|24
|
|t:|1667595611
|move|p2a: Magnezone|Thunderbolt|p1a: Melmetal
|-damage|p1a: Melmetal|63/100
|move|p1a: Melmetal|Earthquake|p2a: Magnezone
|-supereffective|p2a: Magnezone
|-damage|p2a: Magnezone|0 fnt
|faint|p2a: Magnezone
|
|upkeep
|
|t:|1667595618
|switch|p2a: Weavile|Weavile, M|100/100
|-ability|p2a: Weavile|Pressure
|turn|25
|
|t:|1667595625
|move|p2a: Weavile|Low Kick|p1a: Melmetal
|-supereffective|p1a: Melmetal
|-crit|p1a: Melmetal
|-damage|p1a: Melmetal|0 fnt
|faint|p1a: Melmetal
|
|upkeep
|
|t:|1667595628
|switch|p1a: Tapu Koko|Tapu Koko|70/100
|-damage|p1a: Tapu Koko|57/100|[from] Stealth Rock
|-fieldstart|move: Electric Terrain|[from] ability: Electric Surge|[of] p1a: Tapu Koko
|turn|26
|
|t:|1667595638
|move|p1a: Tapu Koko|Roost|p1a: Tapu Koko
|-heal|p1a: Tapu Koko|100/100
|-singleturn|p1a: Tapu Koko|move: Roost
|move|p2a: Weavile|Low Kick|p1a: Tapu Koko
|-resisted|p1a: Tapu Koko
|-damage|p1a: Tapu Koko|87/100
|
|upkeep
|turn|27
|
|t:|1667595646
|move|p1a: Tapu Koko|Thunderbolt|p2a: Weavile
|-damage|p2a: Weavile|28/100
|move|p2a: Weavile|Low Kick|p1a: Tapu Koko
|-resisted|p1a: Tapu Koko
|-damage|p1a: Tapu Koko|73/100
|
|upkeep
|turn|28
|
|t:|1667595653
|move|p1a: Tapu Koko|Roost|p1a: Tapu Koko
|-heal|p1a: Tapu Koko|100/100
|-singleturn|p1a: Tapu Koko|move: Roost
|move|p2a: Weavile|Low Kick|p1a: Tapu Koko
|-resisted|p1a: Tapu Koko
|-damage|p1a: Tapu Koko|87/100
|
|upkeep
|turn|29
|
|t:|1667595658
|move|p1a: Tapu Koko|Thunderbolt|p2a: Weavile
|-damage|p2a: Weavile|0 fnt
|faint|p2a: Weavile
|
|upkeep
|
|t:|1667595660
|switch|p2a: Heatran|Heatran, F, shiny|51/100
|turn|30
|
|t:|1667595663
|move|p1a: Tapu Koko|Thunderbolt|p2a: Heatran
|-damage|p2a: Heatran|14/100
|move|p2a: Heatran|Earth Power|p1a: Tapu Koko
|-supereffective|p1a: Tapu Koko
|-damage|p1a: Tapu Koko|10/100
|
|upkeep
|turn|31
|
|t:|1667595670
|move|p1a: Tapu Koko|Thunderbolt|p2a: Heatran
|-damage|p2a: Heatran|0 fnt
|faint|p2a: Heatran
|
|win|badalakazam
|raw|badalakazam's rating: 1731 &rarr; <strong>1745</strong><br />(+14 for winning)
|raw|ldailey19's rating: 1627 &rarr; <strong>1613</strong><br />(-14 for losing)
|l|☆ldailey19
||Ladder isn't responding, score probably updated but might not have (Request timeout).
