|j|☆Thedebatablereaper
|j|☆The RealAndrash
|t:|1631856297
|gametype|singles
|player|p1|Thedebatablereaper|265|1450
|player|p2|The RealAndrash|guzma|1417
|teamsize|p1|6
|teamsize|p2|6
|gen|8
|tier|[Gen 8] OU
|rated|
|rule|Sleep Clause Mod: Limit one foe put to sleep
|rule|Species Clause: Limit one of each Pokémon
|rule|OHKO Clause: OHKO moves are banned
|rule|Evasion Moves Clause: Evasion moves are banned
|rule|Endless Battle Clause: Forcing endless battles is banned
|rule|HP Percentage Mod: HP is shown in percentages
|rule|Dynamax Clause: You cannot dynamax
|clearpoke
|poke|p1|Regieleki|
|poke|p1|Tapu Koko|
|poke|p1|Swampert, F|
|poke|p1|Heatran, F|
|poke|p1|Kartana|
|poke|p1|Mandibuzz, F|
|poke|p2|Slowking, M|
|poke|p2|Weavile, F|
|poke|p2|Corviknight, F|
|poke|p2|Zeraora|
|poke|p2|Zapdos-Galar|
|poke|p2|Landorus-Therian, M|
|teampreview
|c|☆The RealAndrash|good luck
|c|☆Thedebatablereaper|thx u too
|
|t:|1631856319
|start
|switch|p1a: Swampert|Swampert, F|100/100
|switch|p2a: Zapdos|Zapdos-Galar|100/100
|turn|1
|inactive|Battle timer is ON: inactive players will automatically lose when time's up. (requested by The RealAndrash)
|
|t:|1631856327
|move|p2a: Zapdos|Bulk Up|p2a: Zapdos
|-boost|p2a: Zapdos|atk|1
|-boost|p2a: Zapdos|def|1
|move|p1a: Swampert|Stealth Rock|p2a: Zapdos
|-sidestart|p2: The RealAndrash|move: Stealth Rock
|
|upkeep
|turn|2
|
|t:|1631856333
|move|p2a: Zapdos|Brave Bird|p1a: Swampert
|-damage|p1a: Swampert|42/100
|-damage|p2a: Zapdos|76/100|[from] Recoil
|move|p1a: Swampert|Toxic|p2a: Zapdos
|-status|p2a: Zapdos|tox
|
|-heal|p1a: Swampert|48/100|[from] item: Leftovers
|-damage|p2a: Zapdos|70/100 tox|[from] psn
|upkeep
|turn|3
|
|t:|1631856343
|switch|p1a: Tapu Koko|Tapu Koko|100/100
|-fieldstart|move: Electric Terrain|[from] ability: Electric Surge|[of] p1a: Tapu Koko
|move|p2a: Zapdos|Close Combat|p1a: Tapu Koko
|-resisted|p1a: Tapu Koko
|-damage|p1a: Tapu Koko|39/100
|-unboost|p2a: Zapdos|def|1
|-unboost|p2a: Zapdos|spd|1
|
|-damage|p2a: Zapdos|58/100 tox|[from] psn
|upkeep
|turn|4
|
|t:|1631856353
|switch|p2a: Landorus|Landorus-Therian, M|100/100
|-damage|p2a: Landorus|88/100|[from] Stealth Rock
|-ability|p2a: Landorus|Intimidate|boost
|-unboost|p1a: Tapu Koko|atk|1
|move|p1a: Tapu Koko|Dazzling Gleam|p2a: Landorus
|-damage|p2a: Landorus|47/100
|-damage|p1a: Tapu Koko|29/100|[from] item: Life Orb
|
|upkeep
|turn|5
|
|t:|1631856364
|move|p1a: Tapu Koko|Dazzling Gleam|p2a: Landorus
|-damage|p2a: Landorus|9/100
|-damage|p1a: Tapu Koko|19/100|[from] item: Life Orb
|move|p2a: Landorus|Stealth Rock|p1a: Tapu Koko
|-sidestart|p1: Thedebatablereaper|move: Stealth Rock
|
|upkeep
|turn|6
|
|t:|1631856370
|move|p1a: Tapu Koko|Dazzling Gleam|p2a: Landorus
|-damage|p2a: Landorus|0 fnt
|faint|p2a: Landorus
|-damage|p1a: Tapu Koko|9/100|[from] item: Life Orb
|
|upkeep
|
|t:|1631856379
|switch|p2a: Weavile|Weavile, F|100/100
|-damage|p2a: Weavile|76/100|[from] Stealth Rock
|-ability|p2a: Weavile|Pressure
|turn|7
|
|t:|1631856386
|move|p2a: Weavile|Ice Shard|p1a: Tapu Koko
|-damage|p1a: Tapu Koko|0 fnt
|faint|p1a: Tapu Koko
|
|-fieldend|move: Electric Terrain
|upkeep
|
|t:|1631856398
|switch|p1a: Kartana|Kartana|100/100
|-damage|p1a: Kartana|94/100|[from] Stealth Rock
|turn|8
|
|t:|1631856402
|switch|p2a: Corviknight|Corviknight, F|100/100
|-damage|p2a: Corviknight|88/100|[from] Stealth Rock
|-ability|p2a: Corviknight|Pressure
|move|p1a: Kartana|Knock Off|p2a: Corviknight
|-damage|p2a: Corviknight|61/100
|-enditem|p2a: Corviknight|Leftovers|[from] move: Knock Off|[of] p1a: Kartana
|
|upkeep
|turn|9
|
|t:|1631856411
|switch|p1a: Heatran|Heatran, F|100/100
|-damage|p1a: Heatran|88/100|[from] Stealth Rock
|move|p2a: Corviknight|Roost|p2a: Corviknight
|-heal|p2a: Corviknight|100/100
|-singleturn|p2a: Corviknight|move: Roost
|
|-heal|p1a: Heatran|94/100|[from] item: Leftovers
|upkeep
|turn|10
|
|t:|1631856421
|switch|p2a: Slowking|Slowking, M|100/100
|move|p1a: Heatran|Magma Storm|p2a: Slowking|[miss]
|-miss|p1a: Heatran|p2a: Slowking
|
|-heal|p1a: Heatran|100/100|[from] item: Leftovers
|upkeep
|turn|11
|
|t:|1631856430
|switch|p1a: Swampert|Swampert, F|48/100
|-damage|p1a: Swampert|42/100|[from] Stealth Rock
|move|p2a: Slowking|Teleport|p2a: Slowking
|
|t:|1631856442
|switch|p2a: Weavile|Weavile, F|76/100|[from]move: Teleport
|-damage|p2a: Weavile|51/100|[from] Stealth Rock
|-ability|p2a: Weavile|Pressure
|
|-heal|p1a: Swampert|48/100|[from] item: Leftovers
|upkeep
|turn|12
|
|t:|1631856453
|move|p2a: Weavile|Triple Axel|p1a: Swampert
|-damage|p1a: Swampert|37/100
|-damage|p1a: Swampert|13/100
|-damage|p1a: Swampert|0 fnt
|faint|p1a: Swampert
|-hitcount|p1: Swampert|3
|
|upkeep
|
|t:|1631856463
|switch|p1a: Regieleki|Regieleki|100/100
|-damage|p1a: Regieleki|88/100|[from] Stealth Rock
|turn|13
|
|t:|1631856467
|switch|p2a: Zeraora|Zeraora|100/100
|-damage|p2a: Zeraora|88/100|[from] Stealth Rock
|move|p1a: Regieleki|Ancient Power|p2a: Zeraora
|-damage|p2a: Zeraora|53/100
|
|upkeep
|turn|14
|
|t:|1631856477
|switch|p1a: Kartana|Kartana|94/100
|-damage|p1a: Kartana|88/100|[from] Stealth Rock
|move|p2a: Zeraora|Volt Switch|p1a: Kartana
|-resisted|p1a: Kartana
|-damage|p1a: Kartana|45/100
|-damage|p2a: Zeraora|43/100|[from] item: Life Orb
|
|t:|1631856482
|switch|p2a: Corviknight|Corviknight, F|100/100|[from]move: Volt Switch
|-damage|p2a: Corviknight|88/100|[from] Stealth Rock
|-ability|p2a: Corviknight|Pressure
|
|upkeep
|turn|15
|
|t:|1631856494
|switch|p1a: Mandibuzz|Mandibuzz, F|100/100
|-damage|p1a: Mandibuzz|75/100|[from] Stealth Rock
|move|p2a: Corviknight|Defog|p1a: Mandibuzz
|-unboost|p1a: Mandibuzz|evasion|1
|-sideend|p1: Thedebatablereaper|Stealth Rock|[from] move: Defog|[of] p2a: Corviknight
|-sideend|p2: The RealAndrash|Stealth Rock|[from] move: Defog|[of] p2a: Corviknight
|
|-heal|p1a: Mandibuzz|82/100|[from] item: Leftovers
|upkeep
|turn|16
|
|t:|1631856503
|move|p1a: Mandibuzz|U-turn|p2a: Corviknight
|-resisted|p2a: Corviknight
|-damage|p2a: Corviknight|86/100
|
|t:|1631856508
|switch|p1a: Heatran|Heatran, F|100/100|[from]move: U-turn
|move|p2a: Corviknight|U-turn|p1a: Heatran
|-resisted|p1a: Heatran
|-damage|p1a: Heatran|98/100
|
|t:|1631856513
|switch|p2a: Zapdos|Zapdos-Galar|58/100 tox|[from]move: U-turn
|
|-heal|p1a: Heatran|100/100|[from] item: Leftovers
|-damage|p2a: Zapdos|51/100 tox|[from] psn
|upkeep
|turn|17
|
|t:|1631856521
|switch|p1a: Mandibuzz|Mandibuzz, F|82/100
|move|p2a: Zapdos|Close Combat|p1a: Mandibuzz
|-crit|p1a: Mandibuzz
|-damage|p1a: Mandibuzz|35/100
|-unboost|p2a: Zapdos|def|1
|-unboost|p2a: Zapdos|spd|1
|
|-heal|p1a: Mandibuzz|41/100|[from] item: Leftovers
|-damage|p2a: Zapdos|39/100 tox|[from] psn
|upkeep
|turn|18
|
|t:|1631856530
|move|p2a: Zapdos|U-turn|p1a: Mandibuzz
|-damage|p1a: Mandibuzz|28/100
|
|t:|1631856534
|switch|p2a: Weavile|Weavile, F|51/100|[from]move: U-turn
|-ability|p2a: Weavile|Pressure
|move|p1a: Mandibuzz|Roost|p1a: Mandibuzz
|-heal|p1a: Mandibuzz|78/100
|-singleturn|p1a: Mandibuzz|move: Roost
|
|-heal|p1a: Mandibuzz|84/100|[from] item: Leftovers
|upkeep
|turn|19
|
|t:|1631856543
|move|p2a: Weavile|Triple Axel|p1a: Mandibuzz
|-supereffective|p1a: Mandibuzz
|-damage|p1a: Mandibuzz|66/100
|-supereffective|p1a: Mandibuzz
|-damage|p1a: Mandibuzz|32/100
|-supereffective|p1a: Mandibuzz
|-crit|p1a: Mandibuzz
|-damage|p1a: Mandibuzz|0 fnt
|faint|p1a: Mandibuzz
|-hitcount|p1: Mandibuzz|3
|
|upkeep
|
|t:|1631856552
|switch|p1a: Regieleki|Regieleki|88/100
|turn|20
|
|t:|1631856567
|switch|p2a: Zapdos|Zapdos-Galar|39/100 tox
|move|p1a: Regieleki|Ancient Power|p2a: Zapdos
|-damage|p2a: Zapdos|7/100 tox
|
|-damage|p2a: Zapdos|0 fnt|[from] psn
|faint|p2a: Zapdos
|upkeep
|
|t:|1631856570
|switch|p2a: Zeraora|Zeraora|43/100
|turn|21
|
|t:|1631856576
|move|p1a: Regieleki|Ancient Power|p2a: Zeraora
|-damage|p2a: Zeraora|8/100
|move|p2a: Zeraora|Close Combat|p1a: Regieleki
|-damage|p1a: Regieleki|0 fnt
|-unboost|p2a: Zeraora|def|1
|-unboost|p2a: Zeraora|spd|1
|faint|p1a: Regieleki
|-damage|p2a: Zeraora|0 fnt|[from] item: Life Orb
|faint|p2a: Zeraora
|
|upkeep
|
|t:|1631856587
|switch|p1a: Kartana|Kartana|45/100
|switch|p2a: Corviknight|Corviknight, F|86/100
|-ability|p2a: Corviknight|Pressure
|turn|22
|
|t:|1631856593
|switch|p1a: Heatran|Heatran, F|100/100
|move|p2a: Corviknight|Body Press|p1a: Heatran
|-supereffective|p1a: Heatran
|-damage|p1a: Heatran|56/100
|
|-heal|p1a: Heatran|63/100|[from] item: Leftovers
|upkeep
|turn|23
|
|t:|1631856604
|switch|p2a: Slowking|Slowking, M|100/100
|move|p1a: Heatran|Stealth Rock|p2a: Slowking
|-sidestart|p2: The RealAndrash|move: Stealth Rock
|
|-heal|p1a: Heatran|69/100|[from] item: Leftovers
|upkeep
|turn|24
|
|t:|1631856610
|move|p1a: Heatran|Magma Storm|p2a: Slowking
|-resisted|p2a: Slowking
|-damage|p2a: Slowking|87/100
|-activate|p2a: Slowking|move: Magma Storm|[of] p1a: Heatran
|move|p2a: Slowking|Scald|p1a: Heatran
|-supereffective|p1a: Heatran
|-damage|p1a: Heatran|33/100
|
|-heal|p1a: Heatran|39/100|[from] item: Leftovers
|-damage|p2a: Slowking|74/100|[from] move: Magma Storm|[partiallytrapped]
|upkeep
|turn|25
|
|t:|1631856625
|move|p1a: Heatran|Earth Power|p2a: Slowking
|-damage|p2a: Slowking|59/100
|move|p2a: Slowking|Scald|p1a: Heatran
|-supereffective|p1a: Heatran
|-damage|p1a: Heatran|4/100
|
|-heal|p1a: Heatran|10/100|[from] item: Leftovers
|-damage|p2a: Slowking|47/100|[from] move: Magma Storm|[partiallytrapped]
|upkeep
|turn|26
|
|t:|1631856636
|move|p1a: Heatran|Earth Power|p2a: Slowking
|-damage|p2a: Slowking|32/100
|move|p2a: Slowking|Future Sight|p1a: Heatran
|-start|p2a: Slowking|move: Future Sight
|
|-heal|p1a: Heatran|17/100|[from] item: Leftovers
|-damage|p2a: Slowking|20/100|[from] move: Magma Storm|[partiallytrapped]
|upkeep
|turn|27
|
|t:|1631856643
|move|p1a: Heatran|Earth Power|p2a: Slowking
|-damage|p2a: Slowking|4/100
|move|p2a: Slowking|Scald|p1a: Heatran
|-supereffective|p1a: Heatran
|-damage|p1a: Heatran|0 fnt
|faint|p1a: Heatran
|
|-end|p2a: Slowking|Magma Storm|[partiallytrapped]|[silent]
|upkeep
|-message|Thedebatablereaper forfeited.
|
|win|The RealAndrash
|raw|Thedebatablereaper's rating: 1450 &rarr; <strong>1428</strong><br />(-22 for losing)
|raw|The RealAndrash's rating: 1417 &rarr; <strong>1439</strong><br />(+22 for winning)
|l|☆Thedebatablereaper
|c|☆The RealAndrash|gg
