|j|☆ttv SerenadeSZ
|j|☆ty-tyui↻
|t:|1667498269
|gametype|singles
|player|p1|ttv SerenadeSZ|guzma|1589
|player|p2|ty-tyui↻|surfer|1603
|teamsize|p1|6
|teamsize|p2|6
|gen|8
|tier|[Gen 8] OU
|rated|
|rule|Sleep Clause Mod: Limit one foe put to sleep
|rule|Species Clause: Limit one of each Pokémon
|rule|OHKO Clause: OHKO moves are banned
|rule|Evasion Items Clause: Evasion items are banned
|rule|Evasion Moves Clause: Evasion moves are banned
|rule|Endless Battle Clause: Forcing endless battles is banned
|rule|HP Percentage Mod: HP is shown in percentages
|rule|Dynamax Clause: You cannot dynamax
|clearpoke
|poke|p1|Weavile, F|
|poke|p1|Garchomp, M|
|poke|p1|Kartana|
|poke|p1|Dragapult, F|
|poke|p1|Landorus-Therian, M|
|poke|p1|Melmetal|
|poke|p2|Rillaboom, F|
|poke|p2|Zeraora|
|poke|p2|Slowbro, M|
|poke|p2|Landorus-Therian, M|
|poke|p2|Weavile, M|
|poke|p2|Heatran, M|
|teampreview
|
|t:|1667498276
|start
|switch|p1a: Shelby|Weavile, F|100/100
|switch|p2a: Weavile|Weavile, M|100/100
|-ability|p2a: Weavile|Pressure
|-ability|p1a: Shelby|Pressure
|turn|1
|
|t:|1667498281
|switch|p2a: Heatran|Heatran, M|100/100
|move|p1a: Shelby|Beat Up|p2a: Heatran
|-damage|p2a: Heatran|92/100
|-damage|p2a: Heatran|84/100
|-damage|p2a: Heatran|73/100
|-damage|p2a: Heatran|64/100
|-damage|p2a: Heatran|54/100
|-damage|p2a: Heatran|45/100
|-hitcount|p2a: Heatran|6
|
|-heal|p2a: Heatran|51/100|[from] item: Leftovers
|upkeep
|turn|2
|
|t:|1667498288
|move|p1a: Shelby|Beat Up|p2a: Heatran
|-damage|p2a: Heatran|42/100
|-damage|p2a: Heatran|33/100
|-damage|p2a: Heatran|21/100
|-damage|p2a: Heatran|13/100
|-crit|p2a: Heatran
|-damage|p2a: Heatran|0 fnt
|faint|p2a: Heatran
|-hitcount|p2: Heatran|5
|
|upkeep
|
|t:|1667498293
|switch|p2a: Zeraora|Zeraora, shiny|100/100
|turn|3
|
|t:|1667498297
|switch|p2a: Landorus|Landorus-Therian, M|100/100
|-ability|p2a: Landorus|Intimidate|boost
|-unboost|p1a: Shelby|atk|1
|switch|p1a: El Professor|Landorus-Therian, M|100/100
|-ability|p1a: El Professor|Intimidate|boost
|-unboost|p2a: Landorus|atk|1
|
|upkeep
|turn|4
|
|t:|1667498300
|move|p2a: Landorus|Toxic|p1a: El Professor
|-status|p1a: El Professor|tox
|move|p1a: El Professor|Stealth Rock|p2a: Landorus
|-sidestart|p2: ty-tyui↻|move: Stealth Rock
|
|-damage|p1a: El Professor|94/100 tox|[from] psn
|upkeep
|turn|5
|
|t:|1667498303
|move|p2a: Landorus|Defog|p1a: El Professor
|-unboost|p1a: El Professor|evasion|1
|-sideend|p2: ty-tyui↻|Stealth Rock|[from] move: Defog|[of] p2a: Landorus
|move|p1a: El Professor|U-turn|p2a: Landorus
|-resisted|p2a: Landorus
|-damage|p2a: Landorus|91/100
|
|t:|1667498305
|switch|p1a: Shelby|Weavile, F|100/100|[from]move: U-turn
|-ability|p1a: Shelby|Pressure
|
|-heal|p2a: Landorus|97/100|[from] item: Leftovers
|upkeep
|turn|6
|
|t:|1667498311
|move|p1a: Shelby|Knock Off|p2a: Landorus
|-damage|p2a: Landorus|24/100
|-enditem|p2a: Landorus|Leftovers|[from] move: Knock Off|[of] p1a: Shelby
|move|p2a: Landorus|U-turn|p1a: Shelby
|-supereffective|p1a: Shelby
|-damage|p1a: Shelby|49/100
|
|t:|1667498316
|switch|p2a: Rillaboom|Rillaboom, F|100/100|[from]move: U-turn
|-fieldstart|move: Grassy Terrain|[from] ability: Grassy Surge|[of] p2a: Rillaboom
|
|-heal|p1a: Shelby|55/100|[from] Grassy Terrain
|upkeep
|turn|7
|
|t:|1667498320
|switch|p1a: El Professor|Landorus-Therian, M|94/100 tox
|-ability|p1a: El Professor|Intimidate|boost
|-unboost|p2a: Rillaboom|atk|1
|move|p2a: Rillaboom|Wood Hammer|p1a: El Professor
|-damage|p1a: El Professor|32/100 tox
|-damage|p2a: Rillaboom|84/100|[from] item: Rocky Helmet|[of] p1a: El Professor
|-damage|p2a: Rillaboom|61/100|[from] Recoil
|
|-heal|p2a: Rillaboom|67/100|[from] Grassy Terrain
|-damage|p1a: El Professor|26/100 tox|[from] psn
|upkeep
|turn|8
|
|t:|1667498326
|switch|p1a: Terminator|Melmetal|100/100
|move|p2a: Rillaboom|Wood Hammer|p1a: Terminator
|-resisted|p1a: Terminator
|-damage|p1a: Terminator|75/100
|-damage|p2a: Rillaboom|57/100|[from] Recoil
|
|-heal|p2a: Rillaboom|63/100|[from] Grassy Terrain
|-heal|p1a: Terminator|81/100|[from] Grassy Terrain
|upkeep
|turn|9
|
|t:|1667498329
|switch|p2a: Slowbro|Slowbro, M|100/100
|move|p1a: Terminator|Double Iron Bash|p2a: Slowbro
|-resisted|p2a: Slowbro
|-damage|p2a: Slowbro|89/100
|-resisted|p2a: Slowbro
|-damage|p2a: Slowbro|75/100
|-hitcount|p2a: Slowbro|2
|
|-heal|p1a: Terminator|87/100|[from] Grassy Terrain
|-heal|p2a: Slowbro|81/100|[from] Grassy Terrain
|upkeep
|turn|10
|
|t:|1667498333
|move|p1a: Terminator|Thunder Punch|p2a: Slowbro
|-supereffective|p2a: Slowbro
|-damage|p2a: Slowbro|40/100
|move|p2a: Slowbro|Scald|p1a: Terminator
|-damage|p1a: Terminator|71/100
|
|-heal|p1a: Terminator|77/100|[from] Grassy Terrain
|-heal|p2a: Slowbro|46/100|[from] Grassy Terrain
|-fieldend|move: Grassy Terrain
|upkeep
|turn|11
|
|t:|1667498338
|move|p1a: Terminator|Earthquake|p2a: Slowbro
|-damage|p2a: Slowbro|23/100
|move|p2a: Slowbro|Teleport|p2a: Slowbro
|
|t:|1667498342
|switch|p2a: Landorus|Landorus-Therian, M|24/100|[from]move: Teleport
|-ability|p2a: Landorus|Intimidate|boost
|-unboost|p1a: Terminator|atk|1
|
|upkeep
|turn|12
|
|t:|1667498347
|switch|p1a: Shelby|Weavile, F|55/100
|-ability|p1a: Shelby|Pressure
|move|p2a: Landorus|U-turn|p1a: Shelby
|-supereffective|p1a: Shelby
|-damage|p1a: Shelby|0 fnt
|faint|p1a: Shelby
|
|t:|1667498361
|switch|p2a: Zeraora|Zeraora, shiny|100/100|[from]move: U-turn
|
|upkeep
|
|t:|1667498371
|switch|p1a: El Professor|Landorus-Therian, M|26/100 tox
|-ability|p1a: El Professor|Intimidate|boost
|-unboost|p2a: Zeraora|atk|1
|turn|13
|
|t:|1667498374
|switch|p2a: Landorus|Landorus-Therian, M|24/100
|-ability|p2a: Landorus|Intimidate|boost
|-unboost|p1a: El Professor|atk|1
|move|p1a: El Professor|U-turn|p2a: Landorus
|-resisted|p2a: Landorus
|-damage|p2a: Landorus|17/100
|
|t:|1667498379
|switch|p1a: Reddington|Dragapult, F|100/100|[from]move: U-turn
|
|upkeep
|turn|14
|
|t:|1667498389
|move|p1a: Reddington|Shadow Ball|p2a: Landorus
|-damage|p2a: Landorus|0 fnt
|faint|p2a: Landorus
|
|upkeep
|
|t:|1667498392
|switch|p2a: Weavile|Weavile, M|100/100
|-ability|p2a: Weavile|Pressure
|turn|15
|
|t:|1667498399
|switch|p1a: Terminator|Melmetal|77/100
|move|p2a: Weavile|Knock Off|p1a: Terminator
|-damage|p1a: Terminator|45/100
|-enditem|p1a: Terminator|Assault Vest|[from] move: Knock Off|[of] p2a: Weavile
|
|upkeep
|turn|16
|
|t:|1667498403
|switch|p2a: Slowbro|Slowbro, M|56/100
|move|p1a: Terminator|Earthquake|p2a: Slowbro
|-damage|p2a: Slowbro|34/100
|
|upkeep
|turn|17
|
|t:|1667498407
|switch|p2a: Zeraora|Zeraora, shiny|100/100
|move|p1a: Terminator|Thunder Punch|p2a: Zeraora
|-immune|p2a: Zeraora|[from] ability: Volt Absorb
|
|upkeep
|turn|18
|
|t:|1667498413
|switch|p2a: Rillaboom|Rillaboom, F|63/100
|-fieldstart|move: Grassy Terrain|[from] ability: Grassy Surge|[of] p2a: Rillaboom
|switch|p1a: El Professor|Landorus-Therian, M|26/100 tox
|-ability|p1a: El Professor|Intimidate|boost
|-unboost|p2a: Rillaboom|atk|1
|
|-heal|p2a: Rillaboom|69/100|[from] Grassy Terrain
|-damage|p1a: El Professor|20/100 tox|[from] psn
|upkeep
|turn|19
|
|t:|1667498425
|switch|p1a: Terminator|Melmetal|45/100
|move|p2a: Rillaboom|Wood Hammer|p1a: Terminator
|-resisted|p1a: Terminator
|-crit|p1a: Terminator
|-damage|p1a: Terminator|0 fnt
|faint|p1a: Terminator
|-damage|p2a: Rillaboom|52/100|[from] Recoil
|
|-heal|p2a: Rillaboom|58/100|[from] Grassy Terrain
|upkeep
|
|t:|1667498432
|switch|p1a: Reddington|Dragapult, F|100/100
|turn|20
|
|t:|1667498439
|switch|p2a: Slowbro|Slowbro, M|67/100
|move|p1a: Reddington|Draco Meteor|p2a: Slowbro
|-damage|p2a: Slowbro|0 fnt
|-unboost|p1a: Reddington|spa|2
|faint|p2a: Slowbro
|
|upkeep
|
|t:|1667498453
|switch|p2a: Zeraora|Zeraora, shiny|100/100
|-enditem|p2a: Zeraora|Grassy Seed
|-boost|p2a: Zeraora|def|1|[from] item: Grassy Seed
|turn|21
|
|t:|1667498455
|switch|p1a: El Professor|Landorus-Therian, M|20/100 tox
|-ability|p1a: El Professor|Intimidate|boost
|-unboost|p2a: Zeraora|atk|1
|move|p2a: Zeraora|Bulk Up|p2a: Zeraora
|-boost|p2a: Zeraora|atk|1
|-boost|p2a: Zeraora|def|1
|
|-damage|p1a: El Professor|14/100 tox|[from] psn
|upkeep
|turn|22
|
|t:|1667498467
|move|p2a: Zeraora|Bulk Up|p2a: Zeraora
|-boost|p2a: Zeraora|atk|1
|-boost|p2a: Zeraora|def|1
|move|p1a: El Professor|Toxic|p2a: Zeraora
|-status|p2a: Zeraora|tox
|
|-damage|p2a: Zeraora|95/100 tox|[from] psn
|-damage|p1a: El Professor|2/100 tox|[from] psn
|-fieldend|move: Grassy Terrain
|upkeep
|turn|23
|
|t:|1667498475
|move|p2a: Zeraora|Bulk Up|p2a: Zeraora
|-boost|p2a: Zeraora|atk|1
|-boost|p2a: Zeraora|def|1
|move|p1a: El Professor|Earthquake|p2a: Zeraora
|-supereffective|p2a: Zeraora
|-damage|p2a: Zeraora|52/100 tox
|
|-damage|p2a: Zeraora|40/100 tox|[from] psn
|-damage|p1a: El Professor|0 fnt|[from] psn
|faint|p1a: El Professor
|upkeep
|
|t:|1667498488
|switch|p1a: Escobar|Kartana|100/100
|turn|24
|
|t:|1667498490
|move|p1a: Escobar|Leaf Blade|p2a: Zeraora
|-damage|p2a: Zeraora|13/100 tox
|move|p2a: Zeraora|Drain Punch|p1a: Escobar
|-supereffective|p1a: Escobar
|-damage|p1a: Escobar|0 fnt
|-heal|p2a: Zeraora|54/100 tox|[from] drain|[of] p1a: Escobar
|faint|p1a: Escobar
|
|-damage|p2a: Zeraora|36/100 tox|[from] psn
|upkeep
|
|t:|1667498497
|switch|p1a: Lucifer|Garchomp, M|100/100
|turn|25
|
|t:|1667498502
|move|p2a: Zeraora|Play Rough|p1a: Lucifer
|-supereffective|p1a: Lucifer
|-damage|p1a: Lucifer|0 fnt
|-damage|p2a: Zeraora|24/100 tox|[from] ability: Rough Skin|[of] p1a: Lucifer
|faint|p1a: Lucifer
|
|-damage|p2a: Zeraora|0 fnt|[from] psn
|faint|p2a: Zeraora
|upkeep
|
|t:|1667498511
|switch|p2a: Rillaboom|Rillaboom, F|58/100
|switch|p1a: Reddington|Dragapult, F|100/100
|-fieldstart|move: Grassy Terrain|[from] ability: Grassy Surge|[of] p2a: Rillaboom
|turn|26
|
|t:|1667498515
|move|p2a: Rillaboom|Grassy Glide|p1a: Reddington
|-resisted|p1a: Reddington
|-damage|p1a: Reddington|48/100
|move|p1a: Reddington|Draco Meteor|p2a: Rillaboom
|-damage|p2a: Rillaboom|0 fnt
|-unboost|p1a: Reddington|spa|2
|faint|p2a: Rillaboom
|
|-heal|p1a: Reddington|54/100|[from] Grassy Terrain
|upkeep
|
|t:|1667498518
|switch|p2a: Weavile|Weavile, M|100/100
|-ability|p2a: Weavile|Pressure
|turn|27
|
|t:|1667498520
|move|p2a: Weavile|Ice Shard|p1a: Reddington
|-supereffective|p1a: Reddington
|-damage|p1a: Reddington|0 fnt
|faint|p1a: Reddington
|
|win|ty-tyui↻
|raw|ttv SerenadeSZ's rating: 1589 &rarr; <strong>1570</strong><br />(-19 for losing)
|raw|ty-tyui↻'s rating: 1603 &rarr; <strong>1622</strong><br />(+19 for winning)
|l|☆ttv SerenadeSZ
||Ladder isn't responding, score probably updated but might not have (Request timeout).
