|j|☆baresnuk
|j|☆IMSOMALD
|t:|1667767490
|gametype|singles
|player|p1|baresnuk|bugsy|1634
|player|p2|IMSOMALD|ethan-masters|1684
|teamsize|p1|6
|teamsize|p2|6
|gen|8
|tier|[Gen 8] OU
|rated|
|rule|Sleep Clause Mod: Limit one foe put to sleep
|rule|Species Clause: Limit one of each Pokémon
|rule|OHKO Clause: OHKO moves are banned
|rule|Evasion Items Clause: Evasion items are banned
|rule|Evasion Moves Clause: Evasion moves are banned
|rule|Endless Battle Clause: Forcing endless battles is banned
|rule|HP Percentage Mod: HP is shown in percentages
|rule|Dynamax Clause: You cannot dynamax
|clearpoke
|poke|p1|Scizor, F|
|poke|p1|Corviknight, M|
|poke|p1|Tapu Koko|
|poke|p1|Tyranitar, M|
|poke|p1|Krookodile, F|
|poke|p1|Magnezone|
|poke|p2|Pincurchin, M|
|poke|p2|Slowbro, F|
|poke|p2|Excadrill, F|
|poke|p2|Tyranitar, F|
|poke|p2|Amoonguss, F|
|poke|p2|Clefable, F|
|teampreview
|inactive|Battle timer is ON: inactive players will automatically lose when time's up. (requested by baresnuk)
|
|t:|1667767509
|start
|switch|p1a: Krookodile|Krookodile, F|100/100
|switch|p2a: Clefable|Clefable, F|100/100
|turn|1
|
|t:|1667767520
|switch|p1a: Magnezone|Magnezone|100/100
|move|p2a: Clefable|Moonblast|p1a: Magnezone
|-resisted|p1a: Magnezone
|-damage|p1a: Magnezone|81/100
|
|upkeep
|turn|2
|
|t:|1667767530
|switch|p2a: Amoonguss|Amoonguss, F|100/100
|move|p1a: Magnezone|Flash Cannon|p2a: Amoonguss
|-damage|p2a: Amoonguss|29/100
|
|upkeep
|turn|3
|
|t:|1667767533
|switch|p2a: Slowbro|Slowbro, F|100/100
|move|p1a: Magnezone|Flash Cannon|p2a: Slowbro
|-resisted|p2a: Slowbro
|-damage|p2a: Slowbro|70/100
|
|upkeep
|turn|4
|
|t:|1667767539
|switch|p1a: Tapu Koko|Tapu Koko|100/100
|-fieldstart|move: Electric Terrain|[from] ability: Electric Surge|[of] p1a: Tapu Koko
|move|p2a: Slowbro|Teleport|p2a: Slowbro
|
|t:|1667767547
|switch|p2a: Clefable|Clefable, F|100/100|[from]move: Teleport
|
|upkeep
|turn|5
|
|t:|1667767550
|move|p1a: Tapu Koko|Thunderbolt|p2a: Clefable
|-crit|p2a: Clefable
|-damage|p2a: Clefable|32/100
|move|p2a: Clefable|Trick|p1a: Tapu Koko
|-activate|p2a: Clefable|move: Trick|[of] p1a: Tapu Koko
|-item|p1a: Tapu Koko|Sticky Barb|[from] move: Trick
|-item|p2a: Clefable|Heavy-Duty Boots|[from] move: Trick
|
|-damage|p1a: Tapu Koko|88/100|[from] item: Sticky Barb
|upkeep
|turn|6
|
|t:|1667767559
|switch|p2a: Amoonguss|Amoonguss, F|62/100
|move|p1a: Tapu Koko|U-turn|p2a: Amoonguss
|-damage|p2a: Amoonguss|48/100
|-damage|p1a: Tapu Koko|72/100|[from] item: Rocky Helmet|[of] p2a: Amoonguss
|
|t:|1667767563
|switch|p1a: Magnezone|Magnezone|81/100|[from]move: U-turn
|
|upkeep
|turn|7
|
|t:|1667767582
|switch|p2a: Pincurchin|Pincurchin, M|100/100
|move|p1a: Magnezone|Flash Cannon|p2a: Pincurchin
|-resisted|p2a: Pincurchin
|-damage|p2a: Pincurchin|50/100
|
|upkeep
|turn|8
|
|t:|1667767591
|switch|p1a: Krookodile|Krookodile, F|100/100
|move|p2a: Pincurchin|Hydro Pump|p1a: Krookodile
|-supereffective|p1a: Krookodile
|-damage|p1a: Krookodile|0 fnt
|faint|p1a: Krookodile
|-damage|p2a: Pincurchin|40/100|[from] item: Life Orb
|
|-fieldend|move: Electric Terrain
|upkeep
|
|t:|1667767604
|switch|p1a: Tyranitar|Tyranitar, M|100/100
|-weather|Sandstorm|[from] ability: Sand Stream|[of] p1a: Tyranitar
|turn|9
|
|t:|1667767616
|move|p1a: Tyranitar|Stealth Rock|p2a: Pincurchin
|-sidestart|p2: IMSOMALD|move: Stealth Rock
|move|p2a: Pincurchin|Spikes|p1a: Tyranitar
|-sidestart|p1: baresnuk|Spikes
|
|-weather|Sandstorm|[upkeep]
|-damage|p2a: Pincurchin|34/100|[from] Sandstorm
|upkeep
|turn|10
|
|t:|1667767623
|move|p1a: Tyranitar|Earthquake|p2a: Pincurchin
|-supereffective|p2a: Pincurchin
|-damage|p2a: Pincurchin|0 fnt
|faint|p2a: Pincurchin
|
|-weather|Sandstorm|[upkeep]
|upkeep
|
|t:|1667767636
|switch|p2a: Tyranitar|Tyranitar, F|100/100
|-damage|p2a: Tyranitar|88/100|[from] Stealth Rock
|turn|11
|
|t:|1667767643
|switch|p1a: Corviknight|Corviknight, M|100/100
|-ability|p1a: Corviknight|Pressure
|move|p2a: Tyranitar|Stone Edge|p1a: Corviknight
|-damage|p1a: Corviknight|46/100
|
|-weather|Sandstorm|[upkeep]
|upkeep
|turn|12
|
|t:|1667767650
|switch|p1a: Scizor|Scizor, F|100/100
|-damage|p1a: Scizor|88/100|[from] Spikes
|move|p2a: Tyranitar|Stone Edge|p1a: Scizor
|-damage|p1a: Scizor|0 fnt
|faint|p1a: Scizor
|
|-weather|Sandstorm|[upkeep]
|upkeep
|
|t:|1667767664
|switch|p1a: Magnezone|Magnezone|81/100
|-damage|p1a: Magnezone|69/100|[from] Spikes
|turn|13
|
|t:|1667767676
|switch|p2a: Clefable|Clefable, F|32/100
|move|p1a: Magnezone|Flash Cannon|p2a: Clefable
|-supereffective|p2a: Clefable
|-damage|p2a: Clefable|0 fnt
|faint|p2a: Clefable
|
|-weather|none
|upkeep
|
|t:|1667767699
|switch|p2a: Slowbro|Slowbro, F|100/100
|turn|14
|
|t:|1667767707
|switch|p1a: Corviknight|Corviknight, M|46/100
|-ability|p1a: Corviknight|Pressure
|move|p2a: Slowbro|Teleport|p2a: Slowbro
|
|t:|1667767712
|switch|p2a: Tyranitar|Tyranitar, F|88/100|[from]move: Teleport
|-damage|p2a: Tyranitar|76/100|[from] Stealth Rock
|-weather|Sandstorm|[from] ability: Sand Stream|[of] p2a: Tyranitar
|
|-weather|Sandstorm|[upkeep]
|upkeep
|turn|15
|
|t:|1667767728
|switch|p1a: Tapu Koko|Tapu Koko|72/100
|-damage|p1a: Tapu Koko|59/100|[from] Spikes
|-fieldstart|move: Electric Terrain|[from] ability: Electric Surge|[of] p1a: Tapu Koko
|move|p2a: Tyranitar|Crunch|p1a: Tapu Koko
|-resisted|p1a: Tapu Koko
|-damage|p1a: Tapu Koko|12/100
|
|-weather|Sandstorm|[upkeep]
|-damage|p1a: Tapu Koko|6/100|[from] Sandstorm
|-damage|p1a: Tapu Koko|0 fnt|[from] item: Sticky Barb
|faint|p1a: Tapu Koko
|upkeep
|
|t:|1667767732
|switch|p1a: Tyranitar|Tyranitar, M|100/100
|-damage|p1a: Tyranitar|88/100|[from] Spikes
|turn|16
|
|t:|1667767741
|switch|p2a: Amoonguss|Amoonguss, F|82/100
|-damage|p2a: Amoonguss|69/100|[from] Stealth Rock
|move|p1a: Tyranitar|Earthquake|p2a: Amoonguss
|-damage|p2a: Amoonguss|46/100
|
|-weather|Sandstorm|[upkeep]
|-damage|p2a: Amoonguss|40/100|[from] Sandstorm
|-heal|p1a: Tyranitar|94/100|[from] item: Leftovers
|upkeep
|turn|17
|
|t:|1667767751
|move|p1a: Tyranitar|Thunder Wave|p2a: Amoonguss
|-status|p2a: Amoonguss|par
|move|p2a: Amoonguss|Giga Drain|p1a: Tyranitar
|-supereffective|p1a: Tyranitar
|-damage|p1a: Tyranitar|75/100
|-heal|p2a: Amoonguss|49/100 par|[from] drain|[of] p1a: Tyranitar
|
|-weather|Sandstorm|[upkeep]
|-damage|p2a: Amoonguss|43/100 par|[from] Sandstorm
|-heal|p1a: Tyranitar|81/100|[from] item: Leftovers
|upkeep
|turn|18
|
|t:|1667767758
|move|p1a: Tyranitar|Earthquake|p2a: Amoonguss
|-damage|p2a: Amoonguss|19/100 par
|move|p2a: Amoonguss|Giga Drain|p1a: Tyranitar
|-supereffective|p1a: Tyranitar
|-damage|p1a: Tyranitar|61/100
|-heal|p2a: Amoonguss|28/100 par|[from] drain|[of] p1a: Tyranitar
|
|-weather|none
|-heal|p1a: Tyranitar|68/100|[from] item: Leftovers
|upkeep
|turn|19
|
|t:|1667767771
|switch|p2a: Slowbro|Slowbro, F|100/100
|move|p1a: Tyranitar|Earthquake|p2a: Slowbro
|-damage|p2a: Slowbro|77/100
|
|-heal|p1a: Tyranitar|74/100|[from] item: Leftovers
|-fieldend|move: Electric Terrain
|upkeep
|turn|20
|inactive|baresnuk has 120 seconds left.
|
|t:|1667767817
|move|p1a: Tyranitar|Thunder Wave|p2a: Slowbro
|-status|p2a: Slowbro|par
|cant|p2a: Slowbro|par
|
|-heal|p1a: Tyranitar|80/100|[from] item: Leftovers
|upkeep
|turn|21
|
|t:|1667767822
|switch|p1a: Corviknight|Corviknight, M|46/100
|-ability|p1a: Corviknight|Pressure
|move|p2a: Slowbro|Scald|p1a: Corviknight
|-damage|p1a: Corviknight|23/100
|
|upkeep
|turn|22
|
|t:|1667767830
|move|p1a: Corviknight|Roost|p1a: Corviknight
|-heal|p1a: Corviknight|73/100
|-singleturn|p1a: Corviknight|move: Roost
|cant|p2a: Slowbro|par
|
|upkeep
|turn|23
|
|t:|1667767839
|switch|p2a: Amoonguss|Amoonguss, F|61/100 par
|-damage|p2a: Amoonguss|48/100 par|[from] Stealth Rock
|move|p1a: Corviknight|Defog|p2a: Amoonguss
|-unboost|p2a: Amoonguss|evasion|1
|-sideend|p2: IMSOMALD|Stealth Rock|[from] move: Defog|[of] p1a: Corviknight
|-sideend|p1: baresnuk|Spikes|[from] move: Defog|[of] p1a: Corviknight
|
|upkeep
|turn|24
|
|t:|1667767841
|move|p1a: Corviknight|Brave Bird|p2a: Amoonguss
|-supereffective|p2a: Amoonguss
|-damage|p2a: Amoonguss|0 fnt
|-damage|p1a: Corviknight|56/100|[from] item: Rocky Helmet|[of] p2a: Amoonguss
|faint|p2a: Amoonguss
|-damage|p1a: Corviknight|39/100|[from] Recoil
|
|upkeep
|
|t:|1667767844
|switch|p2a: Tyranitar|Tyranitar, F|76/100
|-weather|Sandstorm|[from] ability: Sand Stream|[of] p2a: Tyranitar
|turn|25
|inactive|baresnuk has 120 seconds left.
|
|t:|1667767881
|switch|p1a: Magnezone|Magnezone|69/100
|move|p2a: Tyranitar|Superpower|p1a: Magnezone
|-supereffective|p1a: Magnezone
|-damage|p1a: Magnezone|0 fnt
|-unboost|p2a: Tyranitar|atk|1
|-unboost|p2a: Tyranitar|def|1
|faint|p1a: Magnezone
|
|-weather|Sandstorm|[upkeep]
|upkeep
|
|t:|1667767886
|switch|p1a: Corviknight|Corviknight, M|39/100
|-ability|p1a: Corviknight|Pressure
|turn|26
|
|t:|1667767890
|move|p2a: Tyranitar|Superpower|p1a: Corviknight
|-damage|p1a: Corviknight|7/100
|-unboost|p2a: Tyranitar|atk|1
|-unboost|p2a: Tyranitar|def|1
|-damage|p2a: Tyranitar|59/100|[from] item: Rocky Helmet|[of] p1a: Corviknight
|move|p1a: Corviknight|Roost|p1a: Corviknight
|-heal|p1a: Corviknight|57/100
|-singleturn|p1a: Corviknight|move: Roost
|
|-weather|Sandstorm|[upkeep]
|upkeep
|turn|27
|
|t:|1667767899
|switch|p2a: Slowbro|Slowbro, F|100/100 par
|move|p1a: Corviknight|U-turn|p2a: Slowbro
|-supereffective|p2a: Slowbro
|-damage|p2a: Slowbro|75/100 par
|
|t:|1667767903
|switch|p1a: Tyranitar|Tyranitar, M|80/100|[from]move: U-turn
|
|-weather|Sandstorm|[upkeep]
|-damage|p2a: Slowbro|69/100 par|[from] Sandstorm
|-heal|p1a: Tyranitar|86/100|[from] item: Leftovers
|upkeep
|turn|28
|
|t:|1667767917
|move|p1a: Tyranitar|Earthquake|p2a: Slowbro
|-damage|p2a: Slowbro|44/100 par
|move|p2a: Slowbro|Teleport|p2a: Slowbro
|
|t:|1667767919
|switch|p2a: Tyranitar|Tyranitar, F|59/100|[from]move: Teleport
|
|-weather|Sandstorm|[upkeep]
|-heal|p1a: Tyranitar|92/100|[from] item: Leftovers
|upkeep
|turn|29
|
|t:|1667767938
|switch|p1a: Corviknight|Corviknight, M|57/100
|-ability|p1a: Corviknight|Pressure
|move|p2a: Tyranitar|Superpower|p1a: Corviknight
|-damage|p1a: Corviknight|10/100
|-unboost|p2a: Tyranitar|atk|1
|-unboost|p2a: Tyranitar|def|1
|-damage|p2a: Tyranitar|43/100|[from] item: Rocky Helmet|[of] p1a: Corviknight
|
|-weather|none
|upkeep
|turn|30
|
|t:|1667767941
|move|p2a: Tyranitar|Superpower|p1a: Corviknight
|-damage|p1a: Corviknight|0 fnt
|-unboost|p2a: Tyranitar|atk|1
|-unboost|p2a: Tyranitar|def|1
|-damage|p2a: Tyranitar|27/100|[from] item: Rocky Helmet|[of] p1a: Corviknight
|faint|p1a: Corviknight
|
|upkeep
|
|t:|1667767944
|switch|p1a: Tyranitar|Tyranitar, M|92/100
|-weather|Sandstorm|[from] ability: Sand Stream|[of] p1a: Tyranitar
|turn|31
|
|t:|1667767949
|move|p2a: Tyranitar|Superpower|p1a: Tyranitar
|-supereffective|p1a: Tyranitar
|-damage|p1a: Tyranitar|0 fnt
|-unboost|p2a: Tyranitar|atk|1
|-unboost|p2a: Tyranitar|def|1
|faint|p1a: Tyranitar
|
|win|IMSOMALD
|raw|baresnuk's rating: 1634 &rarr; <strong>1617</strong><br />(-17 for losing)
|raw|IMSOMALD's rating: 1684 &rarr; <strong>1701</strong><br />(+17 for winning)
|l|☆baresnuk
