|html|<div class="broadcast-blue"><strong>[Gen 8] OU is currently suspecting Melmetal! For information on how to participate check out the <a href="https://www.smogon.com/forums/threads/np-ss-ou-suspect-process-round-12-monster-mash.3709234/">suspect thread</a>.</strong></div>
|j|☆Kevinaigrette
|j|‽BLOODCLAT
|t:|1665933901
|gametype|singles
|player|p1|Kevinaigrette|roxie|
|player|p2|BLOODCLAT|hoopster|
|teamsize|p1|6
|teamsize|p2|6
|gen|8
|tier|[Gen 8] OU
|rule|Sleep Clause Mod: Limit one foe put to sleep
|rule|Species Clause: Limit one of each Pokémon
|rule|OHKO Clause: OHKO moves are banned
|rule|Evasion Items Clause: Evasion items are banned
|rule|Evasion Moves Clause: Evasion moves are banned
|rule|Endless Battle Clause: Forcing endless battles is banned
|rule|HP Percentage Mod: HP is shown in percentages
|rule|Dynamax Clause: You cannot dynamax
|clearpoke
|poke|p1|Heracross, M|
|poke|p1|Clefable, M|
|poke|p1|Dragapult, F|
|poke|p1|Landorus-Therian, M|
|poke|p1|Rotom-Wash|
|poke|p1|Ferrothorn, M|
|poke|p2|Mamoswine, M|
|poke|p2|Urshifu-*, M|
|poke|p2|Kartana|
|poke|p2|Dragonite, F|
|poke|p2|Heatran, M|
|poke|p2|Moltres-Galar|
|teampreview
|c|☆Kevinaigrette|Hi. Can you post the link ? I'm on phone i'm struggling. Thanks
|c|☆Kevinaigrette|And gl to you
|j| blarghlfarghl
|j| Leavers
|j| Prof.Maxou
|j| CC BIG MAC
|
|t:|1665933994
|start
|switch|p1a: Rotom|Rotom-Wash|100/100
|switch|p2a: Urshifu|Urshifu-Rapid-Strike, M|100/100
|turn|1
|
|t:|1665934012
|move|p2a: Urshifu|U-turn|p1a: Rotom
|-damage|p1a: Rotom|72/100
|
|t:|1665934015
|switch|p2a: Heatran|Heatran, M|100/100|[from]move: U-turn
|move|p1a: Rotom|Volt Switch|p2a: Heatran
|-damage|p2a: Heatran|84/100
|
|t:|1665934021
|switch|p1a: Heracross|Heracross, M|100/100|[from]move: Volt Switch
|
|-heal|p2a: Heatran|90/100|[from] item: Leftovers
|-status|p1a: Heracross|brn|[from] item: Flame Orb
|upkeep
|turn|2
|j| Lucians Call
|
|t:|1665934043
|switch|p2a: Dragonite|Dragonite, F|100/100
|move|p1a: Heracross|Close Combat|p2a: Dragonite
|-resisted|p2a: Dragonite
|-crit|p2a: Dragonite
|-damage|p2a: Dragonite|61/100
|-unboost|p1a: Heracross|def|1
|-unboost|p1a: Heracross|spd|1
|
|-damage|p1a: Heracross|94/100 brn|[from] brn
|upkeep
|turn|3
|
|t:|1665934058
|switch|p2a: Kartana|Kartana|100/100
|move|p1a: Heracross|Facade|p2a: Kartana
|-resisted|p2a: Kartana
|-damage|p2a: Kartana|56/100
|
|-damage|p1a: Heracross|88/100 brn|[from] brn
|upkeep
|turn|4
|
|t:|1665934067
|switch|p1a: Landorus|Landorus-Therian, M|100/100
|-ability|p1a: Landorus|Intimidate|boost
|-unboost|p2a: Kartana|atk|1
|move|p2a: Kartana|Smart Strike|p1a: Landorus
|-damage|p1a: Landorus|68/100
|
|-heal|p1a: Landorus|74/100|[from] item: Leftovers
|upkeep
|turn|5
|
|t:|1665934107
|switch|p2a: Urshifu|Urshifu-Rapid-Strike, M|100/100
|move|p1a: Landorus|Substitute|p1a: Landorus
|-start|p1a: Landorus|Substitute
|-damage|p1a: Landorus|49/100
|
|-heal|p1a: Landorus|55/100|[from] item: Leftovers
|upkeep
|turn|6
|
|t:|1665934114
|switch|p1a: Clefable|Clefable, M|100/100
|move|p2a: Urshifu|U-turn|p1a: Clefable
|-resisted|p1a: Clefable
|-damage|p1a: Clefable|90/100
|
|t:|1665934118
|switch|p2a: Heatran|Heatran, M|90/100|[from]move: U-turn
|
|-heal|p2a: Heatran|96/100|[from] item: Leftovers
|upkeep
|turn|7
|
|t:|1665934132
|move|p2a: Heatran|Stealth Rock|p1a: Clefable
|-sidestart|p1: Kevinaigrette|move: Stealth Rock
|move|p1a: Clefable|Thunder Wave|p2a: Heatran
|-status|p2a: Heatran|par
|
|-heal|p2a: Heatran|100/100 par|[from] item: Leftovers
|upkeep
|turn|8
|
|t:|1665934143
|switch|p2a: Mamoswine|Mamoswine, M|100/100
|move|p1a: Clefable|Wish|p1a: Clefable
|
|upkeep
|turn|9
|
|t:|1665934169
|switch|p1a: Ferrothorn|Ferrothorn, M|100/100
|-damage|p1a: Ferrothorn|95/100|[from] Stealth Rock
|move|p2a: Mamoswine|Icicle Crash|p1a: Ferrothorn
|-damage|p1a: Ferrothorn|65/100
|
|-heal|p1a: Ferrothorn|100/100|[from] move: Wish|[wisher] Clefable
|upkeep
|turn|10
|
|t:|1665934182
|switch|p2a: Heatran|Heatran, M|100/100 par
|move|p1a: Ferrothorn|Stealth Rock|p2a: Heatran
|-sidestart|p2: BLOODCLAT|move: Stealth Rock
|
|upkeep
|turn|11
|
|t:|1665934192
|switch|p2a: Urshifu|Urshifu-Rapid-Strike, M|100/100
|-damage|p2a: Urshifu|94/100|[from] Stealth Rock
|switch|p1a: Rotom|Rotom-Wash|72/100
|-damage|p1a: Rotom|60/100|[from] Stealth Rock
|
|-heal|p1a: Rotom|66/100|[from] item: Leftovers
|upkeep
|turn|12
|
|t:|1665934236
|switch|p1a: Clefable|Clefable, M|90/100
|move|p2a: Urshifu|Close Combat|p1a: Clefable
|-resisted|p1a: Clefable
|-damage|p1a: Clefable|63/100
|-unboost|p2a: Urshifu|def|1
|-unboost|p2a: Urshifu|spd|1
|
|upkeep
|turn|13
|
|t:|1665934248
|move|p2a: Urshifu|U-turn|p1a: Clefable
|-resisted|p1a: Clefable
|-damage|p1a: Clefable|52/100
|
|t:|1665934251
|switch|p2a: Mamoswine|Mamoswine, M|100/100|[from]move: U-turn
|-damage|p2a: Mamoswine|88/100|[from] Stealth Rock
|move|p1a: Clefable|Soft-Boiled|p1a: Clefable
|-heal|p1a: Clefable|100/100
|
|upkeep
|turn|14
|
|t:|1665934274
|switch|p1a: Ferrothorn|Ferrothorn, M|100/100
|-damage|p1a: Ferrothorn|95/100|[from] Stealth Rock
|move|p2a: Mamoswine|Icicle Crash|p1a: Ferrothorn
|-damage|p1a: Ferrothorn|67/100
|
|-heal|p1a: Ferrothorn|73/100|[from] item: Leftovers
|upkeep
|turn|15
|
|t:|1665934289
|switch|p2a: Heatran|Heatran, M|100/100 par
|-damage|p2a: Heatran|88/100 par|[from] Stealth Rock
|move|p1a: Ferrothorn|Leech Seed|p2a: Heatran
|-start|p2a: Heatran|move: Leech Seed
|
|-heal|p2a: Heatran|94/100 par|[from] item: Leftovers
|-heal|p1a: Ferrothorn|79/100|[from] item: Leftovers
|-damage|p2a: Heatran|82/100 par|[from] Leech Seed|[of] p1a: Ferrothorn
|-heal|p1a: Ferrothorn|93/100|[silent]
|upkeep
|turn|16
|
|t:|1665934331
|switch|p2a: Urshifu|Urshifu-Rapid-Strike, M|94/100
|-damage|p2a: Urshifu|88/100|[from] Stealth Rock
|switch|p1a: Rotom|Rotom-Wash|66/100
|-damage|p1a: Rotom|54/100|[from] Stealth Rock
|
|-heal|p1a: Rotom|60/100|[from] item: Leftovers
|upkeep
|turn|17
|
|t:|1665934360
|move|p2a: Urshifu|Close Combat|p1a: Rotom
|-damage|p1a: Rotom|0 fnt
|-unboost|p2a: Urshifu|def|1
|-unboost|p2a: Urshifu|spd|1
|faint|p1a: Rotom
|
|upkeep
|
|t:|1665934378
|switch|p1a: Clefable|Clefable, M|100/100
|turn|18
|
|t:|1665934386
|switch|p1a: Heracross|Heracross, M|88/100 brn
|-damage|p1a: Heracross|76/100 brn|[from] Stealth Rock
|move|p2a: Urshifu|U-turn|p1a: Heracross
|-resisted|p1a: Heracross
|-damage|p1a: Heracross|60/100 brn
|
|t:|1665934390
|switch|p2a: Kartana|Kartana|56/100|[from]move: U-turn
|-damage|p2a: Kartana|50/100|[from] Stealth Rock
|
|-damage|p1a: Heracross|54/100 brn|[from] brn
|upkeep
|turn|19
|
|t:|1665934414
|move|p2a: Kartana|Smart Strike|p1a: Heracross
|-damage|p1a: Heracross|0 fnt
|faint|p1a: Heracross
|-ability|p2a: Kartana|Beast Boost|boost
|-boost|p2a: Kartana|atk|1
|
|upkeep
|
|t:|1665934418
|switch|p1a: Landorus|Landorus-Therian, M|55/100
|-damage|p1a: Landorus|43/100|[from] Stealth Rock
|-ability|p1a: Landorus|Intimidate|boost
|-unboost|p2a: Kartana|atk|1
|turn|20
|
|t:|1665934430
|switch|p2a: Urshifu|Urshifu-Rapid-Strike, M|88/100
|-damage|p2a: Urshifu|82/100|[from] Stealth Rock
|switch|p1a: Ferrothorn|Ferrothorn, M|93/100
|-damage|p1a: Ferrothorn|87/100|[from] Stealth Rock
|
|-heal|p1a: Ferrothorn|93/100|[from] item: Leftovers
|upkeep
|turn|21
|
|t:|1665934436
|switch|p1a: Clefable|Clefable, M|100/100
|move|p2a: Urshifu|Ice Punch|p1a: Clefable
|-damage|p1a: Clefable|80/100
|
|upkeep
|turn|22
|
|t:|1665934446
|move|p2a: Urshifu|Surging Strikes|p1a: Clefable
|-crit|p1a: Clefable
|-damage|p1a: Clefable|63/100
|-crit|p1a: Clefable
|-damage|p1a: Clefable|46/100
|-crit|p1a: Clefable
|-damage|p1a: Clefable|29/100
|-hitcount|p1a: Clefable|3
|move|p1a: Clefable|Moonblast|p2a: Urshifu
|-supereffective|p2a: Urshifu
|-crit|p2a: Urshifu
|-damage|p2a: Urshifu|0 fnt
|faint|p2a: Urshifu
|
|upkeep
|
|t:|1665934452
|switch|p2a: Mamoswine|Mamoswine, M|88/100
|-damage|p2a: Mamoswine|76/100|[from] Stealth Rock
|turn|23
|j|+ez
|
|t:|1665934492
|switch|p1a: Ferrothorn|Ferrothorn, M|93/100
|-damage|p1a: Ferrothorn|87/100|[from] Stealth Rock
|move|p2a: Mamoswine|Icicle Crash|p1a: Ferrothorn
|-damage|p1a: Ferrothorn|59/100
|
|-heal|p1a: Ferrothorn|65/100|[from] item: Leftovers
|upkeep
|turn|24
|
|t:|1665934512
|move|p2a: Mamoswine|Icicle Crash|p1a: Ferrothorn
|-damage|p1a: Ferrothorn|33/100
|move|p1a: Ferrothorn|Body Press|p2a: Mamoswine
|-supereffective|p2a: Mamoswine
|-damage|p2a: Mamoswine|2/100
|
|-heal|p1a: Ferrothorn|39/100|[from] item: Leftovers
|upkeep
|turn|25
|
|t:|1665934546
|move|p2a: Mamoswine|Icicle Crash|p1a: Ferrothorn
|-damage|p1a: Ferrothorn|0 fnt
|faint|p1a: Ferrothorn
|
|upkeep
|
|t:|1665934559
|switch|p1a: Dragapult|Dragapult, F|100/100
|turn|26
|
|t:|1665934569
|move|p2a: Mamoswine|Ice Shard|p1a: Dragapult
|-supereffective|p1a: Dragapult
|-damage|p1a: Dragapult|41/100
|move|p1a: Dragapult|Flamethrower|p2a: Mamoswine
|-supereffective|p2a: Mamoswine
|-damage|p2a: Mamoswine|0 fnt
|faint|p2a: Mamoswine
|
|upkeep
|
|t:|1665934572
|switch|p2a: Kartana|Kartana|50/100
|-damage|p2a: Kartana|44/100|[from] Stealth Rock
|turn|27
|
|t:|1665934578
|switch|p1a: Landorus|Landorus-Therian, M|43/100
|-damage|p1a: Landorus|30/100|[from] Stealth Rock
|-ability|p1a: Landorus|Intimidate|boost
|-unboost|p2a: Kartana|atk|1
|move|p2a: Kartana|Smart Strike|p1a: Landorus
|-damage|p1a: Landorus|0 fnt
|faint|p1a: Landorus
|-ability|p2a: Kartana|Beast Boost|boost
|-boost|p2a: Kartana|atk|1
|
|upkeep
|
|t:|1665934583
|switch|p1a: Dragapult|Dragapult, F|41/100
|turn|28
|
|t:|1665934588
|move|p2a: Kartana|Smart Strike|p1a: Dragapult
|-damage|p1a: Dragapult|0 fnt
|faint|p1a: Dragapult
|-ability|p2a: Kartana|Beast Boost|boost
|-boost|p2a: Kartana|atk|1
|
|upkeep
|
|t:|1665934590
|switch|p1a: Clefable|Clefable, M|29/100
|turn|29
|
|t:|1665934592
|move|p2a: Kartana|Smart Strike|p1a: Clefable
|-supereffective|p1a: Clefable
|-damage|p1a: Clefable|0 fnt
|-damage|p2a: Kartana|28/100|[from] item: Rocky Helmet|[of] p1a: Clefable
|faint|p1a: Clefable
|
|win|BLOODCLAT
