|j|☆Q114
|j|☆NA Weezing
|player|p1|Q114|101|1785
|player|p2|NA Weezing|unknown|1817
|teamsize|p1|6
|teamsize|p2|6
|gametype|singles
|gen|8
|tier|[Gen 8] OU
|rated|
|clearpoke
|poke|p1|Chansey, F|
|poke|p1|Toxapex, F|
|poke|p1|Clefable, M|
|poke|p1|Corviknight, M|
|poke|p1|Mew|
|poke|p1|Mandibuzz, F|
|poke|p2|Chansey, F|
|poke|p2|Skarmory, M|
|poke|p2|Clefable, F|
|poke|p2|Volcarona, F|
|poke|p2|Toxapex, F|
|poke|p2|Magearna|
|rule|Sleep Clause Mod: Limit one foe put to sleep
|rule|Species Clause: Limit one of each Pokémon
|rule|OHKO Clause: OHKO moves are banned
|rule|Evasion Moves Clause: Evasion moves are banned
|rule|Endless Battle Clause: Forcing endless battles is banned
|rule|HP Percentage Mod: HP is shown in percentages
|rule|Dynamax Clause: You cannot dynamax
|teampreview
|
|start
|switch|p1a: Toxapex|Toxapex, F, shiny|100/100
|switch|p2a: Toxapex|Toxapex, F|100/100
|turn|1
|
|move|p2a: Toxapex|Knock Off|p1a: Toxapex
|-damage|p1a: Toxapex|91/100
|-enditem|p1a: Toxapex|Black Sludge|[from] move: Knock Off|[of] p2a: Toxapex
|move|p1a: Toxapex|Knock Off|p2a: Toxapex
|-damage|p2a: Toxapex|88/100
|-enditem|p2a: Toxapex|Payapa Berry|[from] move: Knock Off|[of] p1a: Toxapex
|
|upkeep
|turn|2
|
|move|p2a: Toxapex|Toxic Spikes|p1a: Toxapex
|-sidestart|p1: Q114|move: Toxic Spikes
|move|p1a: Toxapex|Scald|p2a: Toxapex
|-resisted|p2a: Toxapex
|-damage|p2a: Toxapex|82/100
|
|upkeep
|turn|3
|
|move|p2a: Toxapex|Toxic Spikes|p1a: Toxapex
|-sidestart|p1: Q114|move: Toxic Spikes
|move|p1a: Toxapex|Toxic Spikes|p2a: Toxapex
|-sidestart|p2: NA Weezing|move: Toxic Spikes
|
|upkeep
|turn|4
|
|move|p2a: Toxapex|Knock Off|p1a: Toxapex
|-damage|p1a: Toxapex|84/100
|move|p1a: Toxapex|Scald|p2a: Toxapex
|-resisted|p2a: Toxapex
|-damage|p2a: Toxapex|77/100
|
|upkeep
|turn|5
|j| supahotmeme
|
|switch|p2a: Skarmory|Skarmory, M|100/100
|move|p1a: Toxapex|Scald|p2a: Skarmory
|-damage|p2a: Skarmory|78/100
|
|upkeep
|turn|6
|l| supahotmeme
|
|move|p2a: Skarmory|Spikes|p1a: Toxapex
|-sidestart|p1: Q114|Spikes
|move|p1a: Toxapex|Knock Off|p2a: Skarmory
|-damage|p2a: Skarmory|69/100
|-enditem|p2a: Skarmory|Shed Shell|[from] move: Knock Off|[of] p1a: Toxapex
|
|upkeep
|turn|7
|
|switch|p1a: Corviknight|Corviknight, M|100/100
|-ability|p1a: Corviknight|Pressure
|move|p2a: Skarmory|Spikes|p1a: Corviknight
|-sidestart|p1: Q114|Spikes
|
|upkeep
|turn|8
|
|move|p2a: Skarmory|Body Press|p1a: Corviknight
|-damage|p1a: Corviknight|81/100
|-damage|p2a: Skarmory|52/100|[from] item: Rocky Helmet|[of] p1a: Corviknight
|move|p1a: Corviknight|Defog|p2a: Skarmory
|-unboost|p2a: Skarmory|evasion|1
|-sideend|p2: NA Weezing|Toxic Spikes|[from] move: Defog|[of] p1a: Corviknight
|-sideend|p1: Q114|Spikes|[from] move: Defog|[of] p1a: Corviknight
|-sideend|p1: Q114|Toxic Spikes|[from] move: Defog|[of] p1a: Corviknight
|
|upkeep
|turn|9
|
|switch|p1a: Toxapex|Toxapex, F, shiny|100/100
|move|p2a: Skarmory|Roost|p2a: Skarmory
|-heal|p2a: Skarmory|100/100
|-singleturn|p2a: Skarmory|move: Roost
|
|upkeep
|turn|10
|
|move|p2a: Skarmory|Spikes|p1a: Toxapex
|-sidestart|p1: Q114|Spikes
|move|p1a: Toxapex|Scald|p2a: Skarmory
|-damage|p2a: Skarmory|80/100
|
|upkeep
|turn|11
|
|switch|p2a: Toxapex|Toxapex, F|100/100
|move|p1a: Toxapex|Scald|p2a: Toxapex
|-resisted|p2a: Toxapex
|-damage|p2a: Toxapex|95/100
|
|upkeep
|turn|12
|
|move|p2a: Toxapex|Toxic Spikes|p1a: Toxapex
|-sidestart|p1: Q114|move: Toxic Spikes
|move|p1a: Toxapex|Scald|p2a: Toxapex
|-resisted|p2a: Toxapex
|-damage|p2a: Toxapex|90/100
|
|upkeep
|turn|13
|
|move|p2a: Toxapex|Knock Off|p1a: Toxapex
|-damage|p1a: Toxapex|95/100
|move|p1a: Toxapex|Scald|p2a: Toxapex
|-resisted|p2a: Toxapex
|-damage|p2a: Toxapex|84/100
|
|upkeep
|turn|14
|
|move|p2a: Toxapex|Knock Off|p1a: Toxapex
|-damage|p1a: Toxapex|88/100
|move|p1a: Toxapex|Scald|p2a: Toxapex
|-resisted|p2a: Toxapex
|-damage|p2a: Toxapex|79/100
|
|upkeep
|turn|15
|
|move|p2a: Toxapex|Knock Off|p1a: Toxapex
|-damage|p1a: Toxapex|81/100
|move|p1a: Toxapex|Scald|p2a: Toxapex
|-resisted|p2a: Toxapex
|-damage|p2a: Toxapex|74/100
|
|upkeep
|turn|16
|
|move|p2a: Toxapex|Toxic Spikes|p1a: Toxapex
|-sidestart|p1: Q114|move: Toxic Spikes
|move|p1a: Toxapex|Scald|p2a: Toxapex
|-resisted|p2a: Toxapex
|-damage|p2a: Toxapex|69/100
|-status|p2a: Toxapex|brn
|
|-damage|p2a: Toxapex|63/100 brn|[from] brn
|upkeep
|turn|17
|
|move|p2a: Toxapex|Recover|p2a: Toxapex
|-heal|p2a: Toxapex|100/100 brn
|move|p1a: Toxapex|Toxic Spikes|p2a: Toxapex
|-sidestart|p2: NA Weezing|move: Toxic Spikes
|
|-damage|p2a: Toxapex|94/100 brn|[from] brn
|upkeep
|turn|18
|j| takaaaa
|
|switch|p2a: Skarmory|Skarmory, M|80/100
|switch|p1a: Corviknight|Corviknight, M|81/100
|-ability|p1a: Corviknight|Pressure
|
|upkeep
|turn|19
|
|switch|p1a: Toxapex|Toxapex, F, shiny|100/100
|-sideend|p1: Q114|move: Toxic Spikes|[of] p1a: Toxapex
|-damage|p1a: Toxapex|88/100|[from] Spikes
|move|p2a: Skarmory|Spikes|p1a: Toxapex
|-sidestart|p1: Q114|Spikes
|
|upkeep
|turn|20
|
|switch|p2a: Toxapex|Toxapex, F|100/100 brn
|-sideend|p2: NA Weezing|move: Toxic Spikes|[of] p2a: Toxapex
|move|p1a: Toxapex|Scald|p2a: Toxapex
|-resisted|p2a: Toxapex
|-damage|p2a: Toxapex|95/100 brn
|
|-damage|p2a: Toxapex|89/100 brn|[from] brn
|upkeep
|turn|21
|
|move|p2a: Toxapex|Toxic Spikes|p1a: Toxapex
|-sidestart|p1: Q114|move: Toxic Spikes
|move|p1a: Toxapex|Toxic Spikes|p2a: Toxapex
|-sidestart|p2: NA Weezing|move: Toxic Spikes
|
|-damage|p2a: Toxapex|83/100 brn|[from] brn
|upkeep
|turn|22
|
|switch|p1a: Corviknight|Corviknight, M|81/100
|-ability|p1a: Corviknight|Pressure
|move|p2a: Toxapex|Toxic Spikes|p1a: Corviknight
|-sidestart|p1: Q114|move: Toxic Spikes
|
|-damage|p2a: Toxapex|76/100 brn|[from] brn
|upkeep
|turn|23
|
|move|p1a: Corviknight|Defog|p2a: Toxapex
|-unboost|p2a: Toxapex|evasion|1
|-sideend|p2: NA Weezing|Toxic Spikes|[from] move: Defog|[of] p1a: Corviknight
|-sideend|p1: Q114|Spikes|[from] move: Defog|[of] p1a: Corviknight
|-sideend|p1: Q114|Toxic Spikes|[from] move: Defog|[of] p1a: Corviknight
|move|p2a: Toxapex|Knock Off|p1a: Corviknight
|-damage|p1a: Corviknight|76/100
|-damage|p2a: Toxapex|60/100 brn|[from] item: Rocky Helmet|[of] p1a: Corviknight
|-enditem|p1a: Corviknight|Rocky Helmet|[from] move: Knock Off|[of] p2a: Toxapex
|
|-damage|p2a: Toxapex|54/100 brn|[from] brn
|upkeep
|turn|24
|
|switch|p1a: Toxapex|Toxapex, F, shiny|100/100
|move|p2a: Toxapex|Toxic Spikes|p1a: Toxapex
|-sidestart|p1: Q114|move: Toxic Spikes
|
|-damage|p2a: Toxapex|48/100 brn|[from] brn
|upkeep
|turn|25
|
|switch|p2a: Skarmory|Skarmory, M|80/100
|switch|p1a: Corviknight|Corviknight, M|76/100
|-ability|p1a: Corviknight|Pressure
|
|upkeep
|turn|26
|
|switch|p1a: Toxapex|Toxapex, F, shiny|100/100
|-sideend|p1: Q114|move: Toxic Spikes|[of] p1a: Toxapex
|move|p2a: Skarmory|Spikes|p1a: Toxapex
|-sidestart|p1: Q114|Spikes
|
|upkeep
|turn|27
|
|move|p2a: Skarmory|Spikes|p1a: Toxapex
|-sidestart|p1: Q114|Spikes
|move|p1a: Toxapex|Scald|p2a: Skarmory
|-damage|p2a: Skarmory|56/100
|-status|p2a: Skarmory|brn
|
|-damage|p2a: Skarmory|50/100 brn|[from] brn
|upkeep
|turn|28
|
|switch|p1a: Corviknight|Corviknight, M|76/100
|-ability|p1a: Corviknight|Pressure
|move|p2a: Skarmory|Roost|p2a: Skarmory
|-heal|p2a: Skarmory|99/100 brn
|-singleturn|p2a: Skarmory|move: Roost
|
|-damage|p2a: Skarmory|94/100 brn|[from] brn
|upkeep
|turn|29
|
|switch|p2a: Clefable|Clefable, F|100/100
|move|p1a: Corviknight|Defog|p2a: Clefable
|-unboost|p2a: Clefable|evasion|1
|-sideend|p1: Q114|Spikes|[from] move: Defog|[of] p1a: Corviknight
|
|upkeep
|turn|30
|
|switch|p1a: Toxapex|Toxapex, F, shiny|100/100
|move|p2a: Clefable|Heal Bell|p2a: Clefable
|-activate|p2a: Clefable|move: Heal Bell
|-curestatus|p2: Toxapex|brn|[msg]
|-curestatus|p2: Skarmory|brn|[msg]
|
|upkeep
|turn|31
|
|switch|p2a: Toxapex|Toxapex, F|81/100
|move|p1a: Toxapex|Knock Off|p2a: Toxapex
|-damage|p2a: Toxapex|73/100
|
|upkeep
|turn|32
|
|move|p2a: Toxapex|Toxic Spikes|p1a: Toxapex
|-sidestart|p1: Q114|move: Toxic Spikes
|move|p1a: Toxapex|Scald|p2a: Toxapex
|-resisted|p2a: Toxapex
|-damage|p2a: Toxapex|68/100
|
|upkeep
|turn|33
|
|move|p2a: Toxapex|Toxic Spikes|p1a: Toxapex
|-sidestart|p1: Q114|move: Toxic Spikes
|move|p1a: Toxapex|Scald|p2a: Toxapex
|-resisted|p2a: Toxapex
|-damage|p2a: Toxapex|63/100
|
|upkeep
|turn|34
|
|move|p2a: Toxapex|Recover|p2a: Toxapex
|-heal|p2a: Toxapex|100/100
|move|p1a: Toxapex|Scald|p2a: Toxapex
|-resisted|p2a: Toxapex
|-damage|p2a: Toxapex|95/100
|
|upkeep
|turn|35
|
|move|p2a: Toxapex|Knock Off|p1a: Toxapex
|-damage|p1a: Toxapex|94/100
|move|p1a: Toxapex|Scald|p2a: Toxapex
|-resisted|p2a: Toxapex
|-damage|p2a: Toxapex|90/100
|
|upkeep
|turn|36
|j| HLT1B TUCUNANA
|
|move|p2a: Toxapex|Knock Off|p1a: Toxapex
|-damage|p1a: Toxapex|88/100
|move|p1a: Toxapex|Scald|p2a: Toxapex
|-resisted|p2a: Toxapex
|-damage|p2a: Toxapex|85/100
|-status|p2a: Toxapex|brn
|
|-damage|p2a: Toxapex|79/100 brn|[from] brn
|upkeep
|turn|37
|
|switch|p1a: Corviknight|Corviknight, M|76/100
|-ability|p1a: Corviknight|Pressure
|move|p2a: Toxapex|Knock Off|p1a: Corviknight
|-damage|p1a: Corviknight|73/100
|
|-damage|p2a: Toxapex|73/100 brn|[from] brn
|upkeep
|turn|38
|j| StopBanninmePlease
|
|switch|p1a: Toxapex|Toxapex, F, shiny|100/100
|-sideend|p1: Q114|move: Toxic Spikes|[of] p1a: Toxapex
|move|p2a: Toxapex|Toxic Spikes|p1a: Toxapex
|-sidestart|p1: Q114|move: Toxic Spikes
|
|-damage|p2a: Toxapex|66/100 brn|[from] brn
|upkeep
|turn|39
|
|switch|p2a: Skarmory|Skarmory, M|94/100
|switch|p1a: Corviknight|Corviknight, M|73/100
|-ability|p1a: Corviknight|Pressure
|
|upkeep
|turn|40
|
|switch|p1a: Toxapex|Toxapex, F, shiny|100/100
|-sideend|p1: Q114|move: Toxic Spikes|[of] p1a: Toxapex
|move|p2a: Skarmory|Spikes|p1a: Toxapex
|-sidestart|p1: Q114|Spikes
|
|upkeep
|turn|41
|
|switch|p1a: Corviknight|Corviknight, M|73/100
|-ability|p1a: Corviknight|Pressure
|move|p2a: Skarmory|Spikes|p1a: Corviknight
|-sidestart|p1: Q114|Spikes
|
|upkeep
|turn|42
|l|☆NA Weezing
|player|p2|
|inactive|Battle timer is ON: inactive players will automatically lose when time's up. (requested by Q114)
|j|☆NA Weezing
|inactive|NA Weezing reconnected and has 150 seconds left.
|player|p2|NA Weezing|unknown
|
|switch|p2a: Chansey|Chansey, F|100/100
|move|p1a: Corviknight|Defog|p2a: Chansey
|-unboost|p2a: Chansey|evasion|1
|-sideend|p1: Q114|Spikes|[from] move: Defog|[of] p1a: Corviknight
|
|upkeep
|turn|43
|
|switch|p1a: Toxapex|Toxapex, F, shiny|100/100
|move|p2a: Chansey|Stealth Rock|p1a: Toxapex
|-sidestart|p1: Q114|move: Stealth Rock
|
|upkeep
|turn|44
|
|switch|p2a: Skarmory|Skarmory, M|94/100
|move|p1a: Toxapex|Toxic Spikes|p2a: Skarmory
|-sidestart|p2: NA Weezing|move: Toxic Spikes
|
|upkeep
|turn|45
|c| takaaaa|300 turn game?
|
|switch|p1a: Corviknight|Corviknight, M|73/100
|-damage|p1a: Corviknight|61/100|[from] Stealth Rock
|-ability|p1a: Corviknight|Pressure
|move|p2a: Skarmory|Spikes|p1a: Corviknight
|-sidestart|p1: Q114|Spikes
|
|upkeep
|turn|46
|
|switch|p2a: Chansey|Chansey, F|100/100
|-status|p2a: Chansey|psn
|move|p1a: Corviknight|Defog|p2a: Chansey
|-unboost|p2a: Chansey|evasion|1
|-sideend|p2: NA Weezing|Toxic Spikes|[from] move: Defog|[of] p1a: Corviknight
|-sideend|p1: Q114|Spikes|[from] move: Defog|[of] p1a: Corviknight
|-sideend|p1: Q114|Stealth Rock|[from] move: Defog|[of] p1a: Corviknight
|
|-damage|p2a: Chansey|88/100 psn|[from] psn
|upkeep
|turn|47
|
|switch|p1a: Toxapex|Toxapex, F, shiny|100/100
|move|p2a: Chansey|Thunder Wave|p1a: Toxapex
|-status|p1a: Toxapex|par
|
|-damage|p2a: Chansey|76/100 psn|[from] psn
|upkeep
|turn|48
|c|☆NA Weezing|mayb
|
|switch|p2a: Skarmory|Skarmory, M|94/100
|move|p1a: Toxapex|Knock Off|p2a: Skarmory
|-damage|p2a: Skarmory|88/100
|
|upkeep
|turn|49
|
|switch|p1a: Corviknight|Corviknight, M|61/100
|-ability|p1a: Corviknight|Pressure
|move|p2a: Skarmory|Spikes|p1a: Corviknight
|-sidestart|p1: Q114|Spikes
|
|upkeep
|turn|50
|
|switch|p2a: Chansey|Chansey, F|76/100
|switch|p1a: Toxapex|Toxapex, F, shiny|100/100 par
|-damage|p1a: Toxapex|88/100 par|[from] Spikes
|
|upkeep
|turn|51
|
|switch|p2a: Skarmory|Skarmory, M|88/100
|move|p1a: Toxapex|Knock Off|p2a: Skarmory
|-damage|p2a: Skarmory|82/100
|
|upkeep
|turn|52
|
|switch|p2a: Toxapex|Toxapex, F|99/100 brn
|switch|p1a: Corviknight|Corviknight, M|61/100
|-ability|p1a: Corviknight|Pressure
|
|-damage|p2a: Toxapex|93/100 brn|[from] brn
|upkeep
|turn|53
|j| Commander F
|
|switch|p2a: Chansey|Chansey, F|76/100
|move|p1a: Corviknight|Roost|p1a: Corviknight
|-heal|p1a: Corviknight|100/100
|-singleturn|p1a: Corviknight|move: Roost
|
|upkeep
|turn|54
|
|switch|p1a: Toxapex|Toxapex, F, shiny|100/100 par
|-damage|p1a: Toxapex|88/100 par|[from] Spikes
|move|p2a: Chansey|Seismic Toss|p1a: Toxapex
|-damage|p1a: Toxapex|55/100 par
|
|upkeep
|turn|55
|l| Commander F
|
|switch|p2a: Toxapex|Toxapex, F|100/100 brn
|switch|p1a: Corviknight|Corviknight, M|100/100
|-ability|p1a: Corviknight|Pressure
|
|-damage|p2a: Toxapex|94/100 brn|[from] brn
|upkeep
|turn|56
|
|switch|p1a: Toxapex|Toxapex, F, shiny|89/100 par
|-damage|p1a: Toxapex|76/100 par|[from] Spikes
|switch|p2a: Chansey|Chansey, F|76/100
|
|upkeep
|turn|57
|j| BroYankeeNoBrim
|
|switch|p2a: Toxapex|Toxapex, F|100/100 brn
|switch|p1a: Corviknight|Corviknight, M|100/100
|-ability|p1a: Corviknight|Pressure
|
|-damage|p2a: Toxapex|94/100 brn|[from] brn
|upkeep
|turn|58
|
|switch|p1a: Toxapex|Toxapex, F, shiny|100/100 par
|-damage|p1a: Toxapex|88/100 par|[from] Spikes
|switch|p2a: Chansey|Chansey, F|76/100
|
|upkeep
|turn|59
|
|switch|p2a: Toxapex|Toxapex, F|100/100 brn
|switch|p1a: Corviknight|Corviknight, M|100/100
|-ability|p1a: Corviknight|Pressure
|
|-damage|p2a: Toxapex|94/100 brn|[from] brn
|upkeep
|turn|60
|
|switch|p1a: Toxapex|Toxapex, F, shiny|100/100 par
|-damage|p1a: Toxapex|88/100 par|[from] Spikes
|switch|p2a: Chansey|Chansey, F|76/100
|
|upkeep
|turn|61
|
|switch|p1a: Corviknight|Corviknight, M|100/100
|-ability|p1a: Corviknight|Pressure
|move|p2a: Chansey|Thunder Wave|p1a: Corviknight
|-status|p1a: Corviknight|par
|
|upkeep
|turn|62
|
|switch|p1a: Toxapex|Toxapex, F, shiny|100/100 par
|-damage|p1a: Toxapex|88/100 par|[from] Spikes
|move|p2a: Chansey|Seismic Toss|p1a: Toxapex
|-damage|p1a: Toxapex|55/100 par
|
|upkeep
|turn|63
|
|switch|p2a: Toxapex|Toxapex, F|100/100 brn
|switch|p1a: Corviknight|Corviknight, M|100/100 par
|-ability|p1a: Corviknight|Pressure
|
|-damage|p2a: Toxapex|94/100 brn|[from] brn
|upkeep
|turn|64
|
|switch|p2a: Chansey|Chansey, F|76/100
|switch|p1a: Toxapex|Toxapex, F, shiny|89/100 par
|-damage|p1a: Toxapex|76/100 par|[from] Spikes
|
|upkeep
|turn|65
|
|switch|p2a: Toxapex|Toxapex, F|100/100 brn
|switch|p1a: Corviknight|Corviknight, M|100/100 par
|-ability|p1a: Corviknight|Pressure
|
|-damage|p2a: Toxapex|94/100 brn|[from] brn
|upkeep
|turn|66
|
|switch|p2a: Chansey|Chansey, F|76/100
|switch|p1a: Toxapex|Toxapex, F, shiny|100/100 par
|-damage|p1a: Toxapex|88/100 par|[from] Spikes
|
|upkeep
|turn|67
|
|switch|p2a: Toxapex|Toxapex, F|100/100 brn
|switch|p1a: Corviknight|Corviknight, M|100/100 par
|-ability|p1a: Corviknight|Pressure
|
|-damage|p2a: Toxapex|94/100 brn|[from] brn
|upkeep
|turn|68
|
|switch|p2a: Chansey|Chansey, F|76/100
|switch|p1a: Toxapex|Toxapex, F, shiny|100/100 par
|-damage|p1a: Toxapex|88/100 par|[from] Spikes
|
|upkeep
|turn|69
|
|switch|p2a: Toxapex|Toxapex, F|100/100 brn
|switch|p1a: Corviknight|Corviknight, M|100/100 par
|-ability|p1a: Corviknight|Pressure
|
|-damage|p2a: Toxapex|94/100 brn|[from] brn
|upkeep
|turn|70
|
|switch|p2a: Chansey|Chansey, F|76/100
|switch|p1a: Toxapex|Toxapex, F, shiny|100/100 par
|-damage|p1a: Toxapex|88/100 par|[from] Spikes
|
|upkeep
|turn|71
|
|switch|p2a: Toxapex|Toxapex, F|100/100 brn
|switch|p1a: Corviknight|Corviknight, M|100/100 par
|-ability|p1a: Corviknight|Pressure
|
|-damage|p2a: Toxapex|94/100 brn|[from] brn
|upkeep
|turn|72
|
|switch|p2a: Chansey|Chansey, F|76/100
|switch|p1a: Toxapex|Toxapex, F, shiny|100/100 par
|-damage|p1a: Toxapex|88/100 par|[from] Spikes
|
|upkeep
|turn|73
|
|switch|p1a: Corviknight|Corviknight, M|100/100 par
|-ability|p1a: Corviknight|Pressure
|move|p2a: Chansey|Stealth Rock|p1a: Corviknight
|-sidestart|p1: Q114|move: Stealth Rock
|
|upkeep
|turn|74
|j| tyuityuryty
|
|move|p2a: Chansey|Seismic Toss|p1a: Corviknight
|-damage|p1a: Corviknight|75/100 par
|move|p1a: Corviknight|Defog|p2a: Chansey
|-unboost|p2a: Chansey|evasion|1
|-sideend|p1: Q114|Spikes|[from] move: Defog|[of] p1a: Corviknight
|-sideend|p1: Q114|Stealth Rock|[from] move: Defog|[of] p1a: Corviknight
|
|upkeep
|turn|75
|
|switch|p1a: Toxapex|Toxapex, F, shiny|100/100 par
|move|p2a: Chansey|Stealth Rock|p1a: Toxapex
|-sidestart|p1: Q114|move: Stealth Rock
|
|upkeep
|turn|76
|j| Broduen
|
|switch|p2a: Toxapex|Toxapex, F|100/100 brn
|cant|p1a: Toxapex|par
|
|-damage|p2a: Toxapex|94/100 brn|[from] brn
|upkeep
|turn|77
|
|move|p2a: Toxapex|Knock Off|p1a: Toxapex
|-damage|p1a: Toxapex|98/100 par
|move|p1a: Toxapex|Toxic Spikes|p2a: Toxapex
|-sidestart|p2: NA Weezing|move: Toxic Spikes
|
|-damage|p2a: Toxapex|88/100 brn|[from] brn
|upkeep
|turn|78
|
|switch|p2a: Skarmory|Skarmory, M|82/100
|cant|p1a: Toxapex|par
|
|upkeep
|turn|79
|j| Ojcastillo29
|
|switch|p2a: Toxapex|Toxapex, F|100/100 brn
|-sideend|p2: NA Weezing|move: Toxic Spikes|[of] p2a: Toxapex
|switch|p1a: Corviknight|Corviknight, M|75/100 par
|-damage|p1a: Corviknight|63/100 par|[from] Stealth Rock
|-ability|p1a: Corviknight|Pressure
|
|-damage|p2a: Toxapex|94/100 brn|[from] brn
|upkeep
|turn|80
|
|switch|p2a: Skarmory|Skarmory, M|82/100
|switch|p1a: Toxapex|Toxapex, F, shiny|100/100 par
|-damage|p1a: Toxapex|88/100 par|[from] Stealth Rock
|
|upkeep
|turn|81
|l| Ojcastillo29
|
|switch|p2a: Toxapex|Toxapex, F|100/100 brn
|cant|p1a: Toxapex|par
|
|-damage|p2a: Toxapex|94/100 brn|[from] brn
|upkeep
|turn|82
|
|switch|p2a: Skarmory|Skarmory, M|82/100
|cant|p1a: Toxapex|par
|
|upkeep
|turn|83
|
|switch|p2a: Toxapex|Toxapex, F|100/100 brn
|move|p1a: Toxapex|Toxic Spikes|p2a: Toxapex
|-sidestart|p2: NA Weezing|move: Toxic Spikes
|
|-damage|p2a: Toxapex|94/100 brn|[from] brn
|upkeep
|turn|84
|
|switch|p2a: Skarmory|Skarmory, M|82/100
|cant|p1a: Toxapex|par
|
|upkeep
|turn|85
|
|switch|p2a: Toxapex|Toxapex, F|100/100 brn
|-sideend|p2: NA Weezing|move: Toxic Spikes|[of] p2a: Toxapex
|move|p1a: Toxapex|Toxic Spikes|p2a: Toxapex
|-sidestart|p2: NA Weezing|move: Toxic Spikes
|
|-damage|p2a: Toxapex|94/100 brn|[from] brn
|upkeep
|turn|86
|
|switch|p2a: Skarmory|Skarmory, M|82/100
|move|p1a: Toxapex|Scald|p2a: Skarmory
|-damage|p2a: Skarmory|61/100
|-status|p2a: Skarmory|brn
|
|-damage|p2a: Skarmory|55/100 brn|[from] brn
|upkeep
|turn|87
|
|switch|p1a: Mew|Mew|100/100
|-damage|p1a: Mew|88/100|[from] Stealth Rock
|move|p2a: Skarmory|Roost|p2a: Skarmory
|-heal|p2a: Skarmory|100/100 brn
|-singleturn|p2a: Skarmory|move: Roost
|
|-damage|p2a: Skarmory|95/100 brn|[from] brn
|upkeep
|turn|88
|
|switch|p2a: Toxapex|Toxapex, F|100/100 brn
|-sideend|p2: NA Weezing|move: Toxic Spikes|[of] p2a: Toxapex
|move|p1a: Mew|Psychic|p2a: Toxapex
|-supereffective|p2a: Toxapex
|-damage|p2a: Toxapex|60/100 brn
|
|-damage|p2a: Toxapex|54/100 brn|[from] brn
|upkeep
|turn|89
|
|move|p1a: Mew|Psychic|p2a: Toxapex
|-supereffective|p2a: Toxapex
|-damage|p2a: Toxapex|12/100 brn
|move|p2a: Toxapex|Toxic||[still]
|-status|p1a: Mew|tox
|-activate|p1a: Mew|ability: Synchronize
|-fail|p1a: Mew
|
|-damage|p1a: Mew|82/100 tox|[from] psn
|-damage|p2a: Toxapex|6/100 brn|[from] brn
|upkeep
|turn|90
|
|switch|p1a: Chansey|Chansey, F|100/100
|-damage|p1a: Chansey|88/100|[from] Stealth Rock
|switch|p2a: Magearna|Magearna|100/100
|
|upkeep
|turn|91
|
|move|p2a: Magearna|Calm Mind|p2a: Magearna
|-boost|p2a: Magearna|spa|1
|-boost|p2a: Magearna|spd|1
|move|p1a: Chansey|Stealth Rock|p2a: Magearna
|-sidestart|p2: NA Weezing|move: Stealth Rock
|
|upkeep
|turn|92
|l| HLT1B TUCUNANA
|
|move|p2a: Magearna|Calm Mind|p2a: Magearna
|-boost|p2a: Magearna|spa|1
|-boost|p2a: Magearna|spd|1
|move|p1a: Chansey|Seismic Toss|p2a: Magearna
|-damage|p2a: Magearna|73/100
|
|-heal|p2a: Magearna|79/100|[from] item: Leftovers
|upkeep
|turn|93
|l| StopBanninmePlease
|
|move|p2a: Magearna|Calm Mind|p2a: Magearna
|-boost|p2a: Magearna|spa|1
|-boost|p2a: Magearna|spd|1
|move|p1a: Chansey|Seismic Toss|p2a: Magearna
|-damage|p2a: Magearna|52/100
|
|-heal|p2a: Magearna|58/100|[from] item: Leftovers
|upkeep
|turn|94
|j| MenPhiz'♥
|
|move|p2a: Magearna|Draining Kiss|p1a: Chansey
|-damage|p1a: Chansey|72/100
|-heal|p2a: Magearna|81/100|[from] drain|[of] p1a: Chansey
|move|p1a: Chansey|Seismic Toss|p2a: Magearna
|-damage|p2a: Magearna|54/100
|
|-heal|p2a: Magearna|60/100|[from] item: Leftovers
|upkeep
|turn|95
|
|switch|p1a: Clefable|Clefable, M|100/100
|-damage|p1a: Clefable|88/100|[from] Stealth Rock
|move|p2a: Magearna|Calm Mind|p2a: Magearna
|-boost|p2a: Magearna|spa|1
|-boost|p2a: Magearna|spd|1
|
|-heal|p2a: Magearna|66/100|[from] item: Leftovers
|-heal|p1a: Clefable|94/100|[from] item: Leftovers
|upkeep
|turn|96
|
|move|p2a: Magearna|Stored Power|p1a: Clefable
|-damage|p1a: Clefable|49/100
|move|p1a: Clefable|Aromatherapy|p1a: Clefable
|-activate|p1a: Clefable|move: Aromatherapy
|-curestatus|p1: Mew|tox|[msg]
|-curestatus|p1: Corviknight|par|[msg]
|-curestatus|p1: Toxapex|par|[msg]
|
|-heal|p2a: Magearna|72/100|[from] item: Leftovers
|-heal|p1a: Clefable|55/100|[from] item: Leftovers
|upkeep
|turn|97
|
|switch|p1a: Mew|Mew|82/100
|-damage|p1a: Mew|69/100|[from] Stealth Rock
|move|p2a: Magearna|Calm Mind|p2a: Magearna
|-boost|p2a: Magearna|spa|1
|-boost|p2a: Magearna|spd|1
|
|-heal|p2a: Magearna|78/100|[from] item: Leftovers
|upkeep
|turn|98
|
|move|p1a: Mew|Trick|p2a: Magearna
|-activate|p1a: Mew|move: Trick|[of] p2a: Magearna
|-item|p2a: Magearna|Choice Scarf|[from] move: Trick
|-item|p1a: Mew|Leftovers|[from] move: Trick
|move|p2a: Magearna|Stored Power|p1a: Mew
|-resisted|p1a: Mew
|-damage|p1a: Mew|1/100
|
|-heal|p1a: Mew|8/100|[from] item: Leftovers
|upkeep
|turn|99
|
|switch|p1a: Mandibuzz|Mandibuzz, F, shiny|100/100
|move|p2a: Magearna|Stored Power|p1a: Mandibuzz
|-immune|p1a: Mandibuzz
|
|upkeep
|turn|100
|
|switch|p2a: Volcarona|Volcarona, F|100/100
|move|p1a: Mandibuzz|Whirlwind|p2a: Volcarona
|drag|p2a: Skarmory|Skarmory, M|95/100 brn
|-damage|p2a: Skarmory|82/100 brn|[from] Stealth Rock
|
|-damage|p2a: Skarmory|76/100 brn|[from] brn
|upkeep
|turn|101
|j| hyperconjugation
|j| Llqht
|
|move|p1a: Mandibuzz|Defog|p2a: Skarmory
|-unboost|p2a: Skarmory|evasion|1
|-sideend|p2: NA Weezing|Stealth Rock|[from] move: Defog|[of] p1a: Mandibuzz
|-sideend|p1: Q114|Stealth Rock|[from] move: Defog|[of] p1a: Mandibuzz
|move|p2a: Skarmory|Roost|p2a: Skarmory
|-heal|p2a: Skarmory|100/100 brn
|-singleturn|p2a: Skarmory|move: Roost
|
|-damage|p2a: Skarmory|95/100 brn|[from] brn
|upkeep
|turn|102
|inactive|Q114 has 120 seconds left.
|j| nightfall whisper
|
|switch|p1a: Corviknight|Corviknight, M|63/100
|-ability|p1a: Corviknight|Pressure
|switch|p2a: Volcarona|Volcarona, F|100/100
|
|upkeep
|turn|103
|inactive|Q114 has 120 seconds left.
|
|switch|p1a: Chansey|Chansey, F|72/100
|move|p2a: Volcarona|Flamethrower|p1a: Chansey
|-damage|p1a: Chansey|60/100
|
|upkeep
|turn|104
|
|switch|p2a: Toxapex|Toxapex, F|39/100 brn
|move|p1a: Chansey|Soft-Boiled|p1a: Chansey
|-heal|p1a: Chansey|100/100
|
|-damage|p2a: Toxapex|33/100 brn|[from] brn
|upkeep
|turn|105
|
|move|p1a: Chansey|Seismic Toss|p2a: Toxapex
|-damage|p2a: Toxapex|0 fnt
|faint|p2a: Toxapex
|
|upkeep
|-message|NA Weezing forfeited.
|
|win|Q114
|l|☆NA Weezing
|raw|Q114's rating: 1785 &rarr; <strong>1807</strong><br />(+22 for winning)
|raw|NA Weezing's rating: 1829 &rarr; <strong>1806</strong><br />(-23 for losing)
|l| MenPhiz'♥
|l| takaaaa
|l| nightfall whisper
|l| Llqht
