|j|☆CLOYSTERDEEZNUTS
|j|☆Queen of Bean ✿
|inactive|Battle timer is ON: inactive players will automatically lose when time's up.
|t:|1667532571
|gametype|singles
|player|p1|CLOYSTERDEEZNUTS|unknown|
|player|p2|Queen of Bean ✿|hexmaniac-gen6|
|teamsize|p1|6
|teamsize|p2|6
|gen|8
|tier|[Gen 8] OU
|rated|Tournament battle
|rule|Sleep Clause Mod: Limit one foe put to sleep
|rule|Species Clause: Limit one of each Pokémon
|rule|OHKO Clause: OHKO moves are banned
|rule|Evasion Items Clause: Evasion items are banned
|rule|Evasion Moves Clause: Evasion moves are banned
|rule|Endless Battle Clause: Forcing endless battles is banned
|rule|HP Percentage Mod: HP is shown in percentages
|rule|Dynamax Clause: You cannot dynamax
|clearpoke
|poke|p1|Landorus-Therian, M|
|poke|p1|Skarmory, F|
|poke|p1|Toxapex, F|
|poke|p1|Weavile, M|
|poke|p1|Heatran, M|
|poke|p1|Clefable, M|
|poke|p2|Magnezone|
|poke|p2|Tapu Koko|
|poke|p2|Landorus-Therian, M|
|poke|p2|Weavile, M|
|poke|p2|Corviknight, F|
|poke|p2|Slowbro, M|
|teampreview
|inactive|CLOYSTERDEEZNUTS also wants the timer to be on.
|
|t:|1667532595
|start
|switch|p1a: Toxapex|Toxapex, F|100/100
|switch|p2a: Weavile|Weavile, M|100/100
|-ability|p2a: Weavile|Pressure
|turn|1
|
|t:|1667532605
|switch|p2a: Tapu Koko|Tapu Koko|100/100
|-fieldstart|move: Electric Terrain|[from] ability: Electric Surge|[of] p2a: Tapu Koko
|move|p1a: Toxapex|Knock Off|p2a: Tapu Koko
|-resisted|p2a: Tapu Koko
|-damage|p2a: Tapu Koko|90/100
|-enditem|p2a: Tapu Koko|Heavy-Duty Boots|[from] move: Knock Off|[of] p1a: Toxapex
|
|upkeep
|turn|2
|
|t:|1667532611
|move|p2a: Tapu Koko|U-turn|p1a: Toxapex
|-resisted|p1a: Toxapex
|-damage|p1a: Toxapex|94/100
|
|t:|1667532617
|switch|p2a: Magnezone|Magnezone|100/100|[from]move: U-turn
|move|p1a: Toxapex|Scald|p2a: Magnezone
|-damage|p2a: Magnezone|78/100
|
|upkeep
|turn|3
|
|t:|1667532629
|switch|p1a: Landorus|Landorus-Therian, M|100/100
|-ability|p1a: Landorus|Intimidate|boost
|-unboost|p2a: Magnezone|atk|1
|move|p2a: Magnezone|Flash Cannon|p1a: Landorus
|-damage|p1a: Landorus|33/100
|
|-heal|p1a: Landorus|39/100|[from] item: Leftovers
|upkeep
|turn|4
|
|t:|1667532644
|switch|p2a: Corviknight|Corviknight, F|100/100
|-ability|p2a: Corviknight|Pressure
|move|p1a: Landorus|Earthquake|p2a: Corviknight
|-immune|p2a: Corviknight
|
|-heal|p1a: Landorus|45/100|[from] item: Leftovers
|upkeep
|turn|5
|inactive|Queen of Bean ✿ has 120 seconds left.
|
|t:|1667532682
|move|p1a: Landorus|Stealth Rock|p2a: Corviknight
|-sidestart|p2: Queen of Bean ✿|move: Stealth Rock
|move|p2a: Corviknight|U-turn|p1a: Landorus
|-resisted|p1a: Landorus
|-damage|p1a: Landorus|37/100
|j|@Mimikyu Stardust
|
|t:|1667532688
|switch|p2a: Weavile|Weavile, M|100/100|[from]move: U-turn
|-ability|p2a: Weavile|Pressure
|
|-heal|p1a: Landorus|43/100|[from] item: Leftovers
|-fieldend|move: Electric Terrain
|upkeep
|turn|6
|
|t:|1667532698
|switch|p1a: Toxapex|Toxapex, F|100/100
|move|p2a: Weavile|Knock Off|p1a: Toxapex
|-damage|p1a: Toxapex|66/100
|-enditem|p1a: Toxapex|Shed Shell|[from] move: Knock Off|[of] p2a: Weavile
|
|upkeep
|turn|7
|inactive|Queen of Bean ✿ has 120 seconds left.
|
|t:|1667532711
|switch|p2a: Tapu Koko|Tapu Koko|90/100
|-damage|p2a: Tapu Koko|78/100|[from] Stealth Rock
|-fieldstart|move: Electric Terrain|[from] ability: Electric Surge|[of] p2a: Tapu Koko
|move|p1a: Toxapex|Knock Off|p2a: Tapu Koko
|-resisted|p2a: Tapu Koko
|-damage|p2a: Tapu Koko|71/100
|
|upkeep
|turn|8
|
|t:|1667532719
|switch|p1a: Clefable|Clefable, M|100/100
|move|p2a: Tapu Koko|Dazzling Gleam|p1a: Clefable
|-damage|p1a: Clefable|70/100
|
|upkeep
|turn|9
|
|t:|1667532723
|move|p2a: Tapu Koko|Roost|p2a: Tapu Koko
|-heal|p2a: Tapu Koko|100/100
|-singleturn|p2a: Tapu Koko|move: Roost
|move|p1a: Clefable|Soft-Boiled|p1a: Clefable
|-heal|p1a: Clefable|100/100
|
|upkeep
|turn|10
|
|t:|1667532728
|move|p2a: Tapu Koko|Thunderbolt|p1a: Clefable
|-damage|p1a: Clefable|56/100
|move|p1a: Clefable|Moonblast|p2a: Tapu Koko
|-damage|p2a: Tapu Koko|53/100
|
|upkeep
|turn|11
|
|t:|1667532737
|move|p2a: Tapu Koko|Roost|p2a: Tapu Koko
|-heal|p2a: Tapu Koko|100/100
|-singleturn|p2a: Tapu Koko|move: Roost
|move|p1a: Clefable|Soft-Boiled|p1a: Clefable
|-heal|p1a: Clefable|100/100
|
|-fieldend|move: Electric Terrain
|upkeep
|turn|12
|
|t:|1667532740
|move|p2a: Tapu Koko|U-turn|p1a: Clefable
|-resisted|p1a: Clefable
|-damage|p1a: Clefable|95/100
|
|t:|1667532744
|switch|p2a: Magnezone|Magnezone|78/100|[from]move: U-turn
|-damage|p2a: Magnezone|72/100|[from] Stealth Rock
|move|p1a: Clefable|Moonblast|p2a: Magnezone
|-resisted|p2a: Magnezone
|-damage|p2a: Magnezone|51/100
|
|upkeep
|turn|13
|
|t:|1667532751
|switch|p1a: Heatran|Heatran, M|100/100
|move|p2a: Magnezone|Volt Switch|p1a: Heatran
|-damage|p1a: Heatran|36/100
|
|t:|1667532762
|switch|p2a: Tapu Koko|Tapu Koko|100/100|[from]move: Volt Switch
|-damage|p2a: Tapu Koko|88/100|[from] Stealth Rock
|-fieldstart|move: Electric Terrain|[from] ability: Electric Surge|[of] p2a: Tapu Koko
|
|-heal|p1a: Heatran|42/100|[from] item: Leftovers
|-damage|p2a: Tapu Koko|76/100|[from] item: Sticky Barb
|upkeep
|turn|14
|
|t:|1667532766
|switch|p1a: Landorus|Landorus-Therian, M|43/100
|-ability|p1a: Landorus|Intimidate|boost
|-unboost|p2a: Tapu Koko|atk|1
|move|p2a: Tapu Koko|Dazzling Gleam|p1a: Landorus
|-damage|p1a: Landorus|16/100
|
|-heal|p1a: Landorus|22/100|[from] item: Leftovers
|-damage|p2a: Tapu Koko|63/100|[from] item: Sticky Barb
|upkeep
|turn|15
|
|t:|1667532771
|switch|p1a: Heatran|Heatran, M|42/100
|move|p2a: Tapu Koko|Dazzling Gleam|p1a: Heatran
|-resisted|p1a: Heatran
|-damage|p1a: Heatran|35/100
|
|-heal|p1a: Heatran|42/100|[from] item: Leftovers
|-damage|p2a: Tapu Koko|51/100|[from] item: Sticky Barb
|upkeep
|turn|16
|
|t:|1667532774
|switch|p1a: Landorus|Landorus-Therian, M|22/100
|-ability|p1a: Landorus|Intimidate|boost
|-unboost|p2a: Tapu Koko|atk|1
|move|p2a: Tapu Koko|Thunderbolt|p1a: Landorus
|-immune|p1a: Landorus
|
|-heal|p1a: Landorus|28/100|[from] item: Leftovers
|-damage|p2a: Tapu Koko|38/100|[from] item: Sticky Barb
|upkeep
|turn|17
|
|t:|1667532783
|move|p2a: Tapu Koko|U-turn|p1a: Landorus
|-resisted|p1a: Landorus
|-damage|p1a: Landorus|24/100
|
|t:|1667532787
|switch|p2a: Corviknight|Corviknight, F|100/100|[from]move: U-turn
|-damage|p2a: Corviknight|88/100|[from] Stealth Rock
|-ability|p2a: Corviknight|Pressure
|move|p1a: Landorus|Earthquake|p2a: Corviknight
|-immune|p2a: Corviknight
|
|-heal|p1a: Landorus|30/100|[from] item: Leftovers
|-heal|p2a: Corviknight|94/100|[from] item: Leftovers
|-fieldend|move: Electric Terrain
|upkeep
|turn|18
|
|t:|1667532791
|switch|p1a: Heatran|Heatran, M|42/100
|move|p2a: Corviknight|Defog|p1a: Heatran
|-unboost|p1a: Heatran|evasion|1
|-sideend|p2: Queen of Bean ✿|Stealth Rock|[from] move: Defog|[of] p2a: Corviknight
|
|-heal|p1a: Heatran|48/100|[from] item: Leftovers
|-heal|p2a: Corviknight|100/100|[from] item: Leftovers
|upkeep
|turn|19
|
|t:|1667532795
|switch|p2a: Slowbro|Slowbro, M|100/100
|move|p1a: Heatran|Magma Storm|p2a: Slowbro|[miss]
|-miss|p1a: Heatran|p2a: Slowbro
|
|-heal|p1a: Heatran|54/100|[from] item: Leftovers
|upkeep
|turn|20
|
|t:|1667532802
|move|p1a: Heatran|Toxic|p2a: Slowbro
|-status|p2a: Slowbro|tox
|move|p2a: Slowbro|Teleport|p2a: Slowbro
|
|t:|1667532807
|switch|p2a: Landorus|Landorus-Therian, M|100/100|[from]move: Teleport
|-ability|p2a: Landorus|Intimidate|boost
|-unboost|p1a: Heatran|atk|1
|
|-heal|p1a: Heatran|60/100|[from] item: Leftovers
|upkeep
|turn|21
|
|t:|1667532810
|switch|p1a: Skarmory|Skarmory, F|100/100
|move|p2a: Landorus|Stealth Rock|p1a: Skarmory
|-sidestart|p1: CLOYSTERDEEZNUTS|move: Stealth Rock
|
|upkeep
|turn|22
|
|t:|1667532826
|move|p2a: Landorus|U-turn|p1a: Skarmory
|-resisted|p1a: Skarmory
|-damage|p1a: Skarmory|97/100
|-damage|p2a: Landorus|84/100|[from] item: Rocky Helmet|[of] p1a: Skarmory
|
|t:|1667532830
|switch|p2a: Tapu Koko|Tapu Koko|38/100|[from]move: U-turn
|-fieldstart|move: Electric Terrain|[from] ability: Electric Surge|[of] p2a: Tapu Koko
|move|p1a: Skarmory|Spikes|p2a: Tapu Koko
|-sidestart|p2: Queen of Bean ✿|Spikes
|
|-damage|p2a: Tapu Koko|26/100|[from] item: Sticky Barb
|upkeep
|turn|23
|
|t:|1667532833
|move|p2a: Tapu Koko|Roost|p2a: Tapu Koko
|-heal|p2a: Tapu Koko|76/100
|-singleturn|p2a: Tapu Koko|move: Roost
|move|p1a: Skarmory|Toxic|p2a: Tapu Koko
|-status|p2a: Tapu Koko|tox
|
|-damage|p2a: Tapu Koko|70/100 tox|[from] psn
|-damage|p2a: Tapu Koko|57/100 tox|[from] item: Sticky Barb
|upkeep
|turn|24
|
|t:|1667532844
|switch|p1a: Clefable|Clefable, M|95/100
|move|p2a: Tapu Koko|U-turn|p1a: Clefable
|-resisted|p1a: Clefable
|-crit|p1a: Clefable
|-damage|p1a: Clefable|86/100
|
|t:|1667532850
|switch|p2a: Magnezone|Magnezone|51/100|[from]move: U-turn
|-damage|p2a: Magnezone|39/100|[from] Spikes
|
|upkeep
|turn|25
|
|t:|1667532855
|switch|p1a: Toxapex|Toxapex, F|99/100
|-damage|p1a: Toxapex|87/100|[from] Stealth Rock
|move|p2a: Magnezone|Rising Voltage|p1a: Toxapex
|-hint|Rising Voltage's BP doubled on grounded target.
|-supereffective|p1a: Toxapex
|-damage|p1a: Toxapex|0 fnt
|faint|p1a: Toxapex
|
|upkeep
|
|t:|1667532858
|switch|p1a: Heatran|Heatran, M|60/100
|-damage|p1a: Heatran|48/100|[from] Stealth Rock
|turn|26
|
|t:|1667532885
|switch|p2a: Slowbro|Slowbro, M|100/100 tox
|move|p1a: Heatran|Magma Storm|p2a: Slowbro|[miss]
|-miss|p1a: Heatran|p2a: Slowbro
|
|-heal|p1a: Heatran|54/100|[from] item: Leftovers
|-damage|p2a: Slowbro|94/100 tox|[from] psn
|-fieldend|move: Electric Terrain
|upkeep
|turn|27
|
|t:|1667532894
|switch|p1a: Weavile|Weavile, M|100/100
|-ability|p1a: Weavile|Pressure
|move|p2a: Slowbro|Future Sight|p1a: Weavile
|-start|p2a: Slowbro|move: Future Sight
|
|-damage|p2a: Slowbro|82/100 tox|[from] psn
|upkeep
|turn|28
|
|t:|1667532904
|switch|p2a: Corviknight|Corviknight, F|100/100
|-ability|p2a: Corviknight|Pressure
|move|p1a: Weavile|Knock Off|p2a: Corviknight
|-crit|p2a: Corviknight
|-damage|p2a: Corviknight|58/100
|-enditem|p2a: Corviknight|Leftovers|[from] move: Knock Off|[of] p1a: Weavile
|
|upkeep
|turn|29
|
|t:|1667532908
|move|p1a: Weavile|Triple Axel|p2a: Corviknight
|-damage|p2a: Corviknight|52/100
|-damage|p2a: Corviknight|40/100
|-hitcount|p2a: Corviknight|2
|move|p2a: Corviknight|Roost|p2a: Corviknight
|-heal|p2a: Corviknight|90/100
|-singleturn|p2a: Corviknight|move: Roost
|
|-end|p1a: Weavile|move: Future Sight
|-immune|p1a: Weavile
|upkeep
|turn|30
|
|t:|1667532916
|switch|p1a: Skarmory|Skarmory, F|97/100
|-damage|p1a: Skarmory|85/100|[from] Stealth Rock
|move|p2a: Corviknight|U-turn|p1a: Skarmory
|-resisted|p1a: Skarmory
|-damage|p1a: Skarmory|83/100
|-damage|p2a: Corviknight|73/100|[from] item: Rocky Helmet|[of] p1a: Skarmory
|
|t:|1667532922
|switch|p2a: Magnezone|Magnezone|39/100|[from]move: U-turn
|-damage|p2a: Magnezone|26/100|[from] Spikes
|
|upkeep
|turn|31
|
|t:|1667532934
|switch|p1a: Landorus|Landorus-Therian, M|30/100
|-damage|p1a: Landorus|18/100|[from] Stealth Rock
|-ability|p1a: Landorus|Intimidate|boost
|-unboost|p2a: Magnezone|atk|1
|move|p2a: Magnezone|Rising Voltage|p1a: Landorus
|-immune|p1a: Landorus
|
|-heal|p1a: Landorus|24/100|[from] item: Leftovers
|upkeep
|turn|32
|
|t:|1667532938
|switch|p2a: Weavile|Weavile, M|100/100
|-ability|p2a: Weavile|Pressure
|move|p1a: Landorus|Stealth Rock|p2a: Weavile
|-sidestart|p2: Queen of Bean ✿|move: Stealth Rock
|
|-heal|p1a: Landorus|30/100|[from] item: Leftovers
|upkeep
|turn|33
|
|t:|1667532946
|switch|p1a: Skarmory|Skarmory, F|83/100
|-damage|p1a: Skarmory|71/100|[from] Stealth Rock
|move|p2a: Weavile|Knock Off|p1a: Skarmory
|-damage|p1a: Skarmory|45/100
|-damage|p2a: Weavile|84/100|[from] item: Rocky Helmet|[of] p1a: Skarmory
|-enditem|p1a: Skarmory|Rocky Helmet|[from] move: Knock Off|[of] p2a: Weavile
|
|upkeep
|turn|34
|
|t:|1667532961
|switch|p2a: Corviknight|Corviknight, F|73/100
|-damage|p2a: Corviknight|61/100|[from] Stealth Rock
|-ability|p2a: Corviknight|Pressure
|move|p1a: Skarmory|Roost|p1a: Skarmory
|-heal|p1a: Skarmory|95/100
|-singleturn|p1a: Skarmory|move: Roost
|
|upkeep
|turn|35
|
|t:|1667532968
|switch|p1a: Heatran|Heatran, M|54/100
|-damage|p1a: Heatran|42/100|[from] Stealth Rock
|move|p2a: Corviknight|Defog|p1a: Heatran
|-unboost|p1a: Heatran|evasion|1
|-sideend|p1: CLOYSTERDEEZNUTS|Stealth Rock|[from] move: Defog|[of] p2a: Corviknight
|-sideend|p2: Queen of Bean ✿|Spikes|[from] move: Defog|[of] p2a: Corviknight
|-sideend|p2: Queen of Bean ✿|Stealth Rock|[from] move: Defog|[of] p2a: Corviknight
|
|-heal|p1a: Heatran|48/100|[from] item: Leftovers
|upkeep
|turn|36
|
|t:|1667532986
|switch|p2a: Slowbro|Slowbro, M|100/100 tox
|move|p1a: Heatran|Magma Storm|p2a: Slowbro
|-resisted|p2a: Slowbro
|-damage|p2a: Slowbro|77/100 tox
|-activate|p2a: Slowbro|move: Magma Storm|[of] p1a: Heatran
|
|-heal|p1a: Heatran|54/100|[from] item: Leftovers
|-damage|p2a: Slowbro|71/100 tox|[from] psn
|-damage|p2a: Slowbro|59/100 tox|[from] move: Magma Storm|[partiallytrapped]
|upkeep
|turn|37
|
|t:|1667532998
|move|p1a: Heatran|Taunt|p2a: Slowbro
|-start|p2a: Slowbro|move: Taunt
|move|p2a: Slowbro|Scald|p1a: Heatran
|-supereffective|p1a: Heatran
|-damage|p1a: Heatran|9/100
|
|-heal|p1a: Heatran|15/100|[from] item: Leftovers
|-damage|p2a: Slowbro|47/100 tox|[from] psn
|-damage|p2a: Slowbro|34/100 tox|[from] move: Magma Storm|[partiallytrapped]
|upkeep
|turn|38
|
|t:|1667533010
|switch|p1a: Weavile|Weavile, M|100/100
|-ability|p1a: Weavile|Pressure
|move|p2a: Slowbro|Scald|p1a: Weavile
|-damage|p1a: Weavile|65/100
|-status|p1a: Weavile|brn
|
|-damage|p2a: Slowbro|16/100 tox|[from] psn
|-damage|p1a: Weavile|59/100 brn|[from] brn
|-end|p2a: Slowbro|Magma Storm|[partiallytrapped]|[silent]
|upkeep
|turn|39
|c|☆Queen of Bean ✿|sorryyy
|
|t:|1667533027
|switch|p1a: Heatran|Heatran, M|15/100
|switch|p2a: Corviknight|Corviknight, F|61/100
|-ability|p2a: Corviknight|Pressure
|
|-heal|p1a: Heatran|21/100|[from] item: Leftovers
|upkeep
|turn|40
|
|t:|1667533043
|switch|p2a: Landorus|Landorus-Therian, M|84/100
|-ability|p2a: Landorus|Intimidate|boost
|-unboost|p1a: Heatran|atk|1
|move|p1a: Heatran|Magma Storm|p2a: Landorus
|-damage|p2a: Landorus|48/100
|-activate|p2a: Landorus|move: Magma Storm|[of] p1a: Heatran
|
|-heal|p1a: Heatran|28/100|[from] item: Leftovers
|-heal|p2a: Landorus|54/100|[from] item: Leftovers
|-damage|p2a: Landorus|42/100|[from] move: Magma Storm|[partiallytrapped]
|upkeep
|turn|41
|
|t:|1667533052
|switch|p1a: Skarmory|Skarmory, F|95/100
|move|p2a: Landorus|U-turn|p1a: Skarmory
|-resisted|p1a: Skarmory
|-damage|p1a: Skarmory|92/100
|
|t:|1667533061
|switch|p2a: Magnezone|Magnezone|26/100|[from]move: U-turn
|
|upkeep
|turn|42
|
|t:|1667533066
|move|p2a: Magnezone|Flash Cannon|p1a: Skarmory
|-resisted|p1a: Skarmory
|-damage|p1a: Skarmory|44/100
|move|p1a: Skarmory|Spikes|p2a: Magnezone
|-sidestart|p2: Queen of Bean ✿|Spikes
|
|upkeep
|turn|43
|
|t:|1667533086
|switch|p1a: Heatran|Heatran, M|28/100
|move|p2a: Magnezone|Flash Cannon|p1a: Heatran
|-resisted|p1a: Heatran
|-damage|p1a: Heatran|9/100
|
|-heal|p1a: Heatran|15/100|[from] item: Leftovers
|upkeep
|turn|44
|
|t:|1667533090
|move|p1a: Heatran|Magma Storm|p2a: Magnezone
|-supereffective|p2a: Magnezone
|-damage|p2a: Magnezone|0 fnt
|faint|p2a: Magnezone
|
|-heal|p1a: Heatran|21/100|[from] item: Leftovers
|upkeep
|c|☆Queen of Bean ✿|oh
|c|☆Queen of Bean ✿|i forgot you outspeed
|c|☆Queen of Bean ✿|oopsey daisies
|
|t:|1667533104
|switch|p2a: Weavile|Weavile, M|84/100
|-ability|p2a: Weavile|Pressure
|turn|45
|
|t:|1667533108
|switch|p1a: Clefable|Clefable, M|86/100
|move|p2a: Weavile|Knock Off|p1a: Clefable
|-resisted|p1a: Clefable
|-damage|p1a: Clefable|74/100
|
|upkeep
|turn|46
|
|t:|1667533122
|switch|p2a: Corviknight|Corviknight, F|61/100
|-ability|p2a: Corviknight|Pressure
|move|p1a: Clefable|Moonblast|p2a: Corviknight
|-resisted|p2a: Corviknight
|-damage|p2a: Corviknight|46/100
|
|upkeep
|turn|47
|
|t:|1667533128
|move|p2a: Corviknight|U-turn|p1a: Clefable
|-resisted|p1a: Clefable
|-damage|p1a: Clefable|69/100
|
|t:|1667533132
|switch|p2a: Landorus|Landorus-Therian, M|42/100|[from]move: U-turn
|-ability|p2a: Landorus|Intimidate|boost
|-unboost|p1a: Clefable|atk|1
|move|p1a: Clefable|Thunder Wave|p2a: Landorus
|-immune|p2a: Landorus
|
|-heal|p2a: Landorus|48/100|[from] item: Leftovers
|upkeep
|turn|48
|
|t:|1667533151
|move|p2a: Landorus|Stealth Rock|p1a: Clefable
|-sidestart|p1: CLOYSTERDEEZNUTS|move: Stealth Rock
|move|p1a: Clefable|Soft-Boiled|p1a: Clefable
|-heal|p1a: Clefable|100/100
|
|-heal|p2a: Landorus|54/100|[from] item: Leftovers
|upkeep
|turn|49
|
|t:|1667533158
|move|p2a: Landorus|Earthquake|p1a: Clefable
|-damage|p1a: Clefable|64/100
|move|p1a: Clefable|Knock Off|p2a: Landorus
|-damage|p2a: Landorus|44/100
|-enditem|p2a: Landorus|Leftovers|[from] move: Knock Off|[of] p1a: Clefable
|
|upkeep
|turn|50
|j| FavMon=Garchomp
|
|t:|1667533163
|move|p2a: Landorus|Earthquake|p1a: Clefable
|-damage|p1a: Clefable|28/100
|move|p1a: Clefable|Soft-Boiled|p1a: Clefable
|-heal|p1a: Clefable|78/100
|
|upkeep
|turn|51
|
|t:|1667533167
|move|p2a: Landorus|Earthquake|p1a: Clefable
|-damage|p1a: Clefable|45/100
|move|p1a: Clefable|Soft-Boiled|p1a: Clefable
|-heal|p1a: Clefable|95/100
|
|upkeep
|turn|52
|
|t:|1667533173
|move|p2a: Landorus|Earthquake|p1a: Clefable
|-damage|p1a: Clefable|61/100
|move|p1a: Clefable|Moonblast|p2a: Landorus
|-damage|p2a: Landorus|19/100
|-unboost|p2a: Landorus|spa|1
|
|upkeep
|turn|53
|
|t:|1667533180
|move|p2a: Landorus|U-turn|p1a: Clefable
|-resisted|p1a: Clefable
|-damage|p1a: Clefable|53/100
|
|t:|1667533196
|switch|p2a: Tapu Koko|Tapu Koko|57/100 tox|[from]move: U-turn
|-damage|p2a: Tapu Koko|45/100 tox|[from] Spikes
|-fieldstart|move: Electric Terrain|[from] ability: Electric Surge|[of] p2a: Tapu Koko
|move|p1a: Clefable|Soft-Boiled|p1a: Clefable
|-heal|p1a: Clefable|100/100
|
|-damage|p2a: Tapu Koko|39/100 tox|[from] psn
|-damage|p2a: Tapu Koko|26/100 tox|[from] item: Sticky Barb
|upkeep
|turn|54
|j| Y0nkerz
|l| Y0nkerz
|
|t:|1667533203
|move|p2a: Tapu Koko|Roost|p2a: Tapu Koko
|-heal|p2a: Tapu Koko|77/100 tox
|-singleturn|p2a: Tapu Koko|move: Roost
|move|p1a: Clefable|Moonblast|p2a: Tapu Koko
|-damage|p2a: Tapu Koko|25/100 tox
|-unboost|p2a: Tapu Koko|spa|1
|
|-damage|p2a: Tapu Koko|13/100 tox|[from] psn
|-damage|p2a: Tapu Koko|1/100 tox|[from] item: Sticky Barb
|upkeep
|turn|55
|
|t:|1667533208
|move|p2a: Tapu Koko|Dazzling Gleam|p1a: Clefable
|-damage|p1a: Clefable|81/100
|move|p1a: Clefable|Moonblast|p2a: Tapu Koko
|-damage|p2a: Tapu Koko|0 fnt
|faint|p2a: Tapu Koko
|
|upkeep
|
|t:|1667533215
|switch|p2a: Corviknight|Corviknight, F|46/100
|-ability|p2a: Corviknight|Pressure
|turn|56
|
|t:|1667533219
|move|p2a: Corviknight|Roost|p2a: Corviknight
|-heal|p2a: Corviknight|96/100
|-singleturn|p2a: Corviknight|move: Roost
|move|p1a: Clefable|Thunder Wave|p2a: Corviknight
|-status|p2a: Corviknight|par
|
|upkeep
|turn|57
|
|t:|1667533240
|move|p1a: Clefable|Knock Off|p2a: Corviknight
|-damage|p2a: Corviknight|91/100 par
|move|p2a: Corviknight|Body Press|p1a: Clefable
|-resisted|p1a: Clefable
|-damage|p1a: Clefable|72/100
|
|-fieldend|move: Electric Terrain
|upkeep
|turn|58
|
|t:|1667533258
|move|p1a: Clefable|Soft-Boiled|p1a: Clefable
|-heal|p1a: Clefable|100/100
|move|p2a: Corviknight|U-turn|p1a: Clefable
|-resisted|p1a: Clefable
|-damage|p1a: Clefable|95/100
|
|t:|1667533264
|switch|p2a: Landorus|Landorus-Therian, M|19/100|[from]move: U-turn
|-ability|p2a: Landorus|Intimidate|boost
|-unboost|p1a: Clefable|atk|1
|
|upkeep
|turn|59
|
|t:|1667533269
|move|p2a: Landorus|Earthquake|p1a: Clefable
|-damage|p1a: Clefable|59/100
|move|p1a: Clefable|Moonblast|p2a: Landorus
|-damage|p2a: Landorus|0 fnt
|faint|p2a: Landorus
|
|upkeep
|
|t:|1667533281
|switch|p2a: Weavile|Weavile, M|84/100
|-ability|p2a: Weavile|Pressure
|turn|60
|
|t:|1667533284
|move|p2a: Weavile|Triple Axel|p1a: Clefable
|-damage|p1a: Clefable|52/100
|-damage|p1a: Clefable|37/100
|-damage|p1a: Clefable|13/100
|-hitcount|p1a: Clefable|3
|move|p1a: Clefable|Moonblast|p2a: Weavile
|-supereffective|p2a: Weavile
|-damage|p2a: Weavile|0 fnt
|faint|p2a: Weavile
|
|upkeep
|
|t:|1667533292
|switch|p2a: Slowbro|Slowbro, M|49/100 tox
|turn|61
|c|☆Queen of Bean ✿|gg
|c|☆CLOYSTERDEEZNUTS|gg
|c|☆Queen of Bean ✿|if i didnt sack magenzone lol
|
|t:|1667533306
|switch|p2a: Corviknight|Corviknight, F|91/100 par
|-ability|p2a: Corviknight|Pressure
|move|p1a: Clefable|Soft-Boiled|p1a: Clefable
|-heal|p1a: Clefable|63/100
|
|upkeep
|turn|62
|c|☆Queen of Bean ✿|well played though !!
|c|☆Queen of Bean ✿|good luck!
|
|t:|1667533320
|move|p1a: Clefable|Soft-Boiled|p1a: Clefable
|-heal|p1a: Clefable|100/100
|move|p2a: Corviknight|Body Press|p1a: Clefable
|-resisted|p1a: Clefable
|-damage|p1a: Clefable|91/100
|
|upkeep
|turn|63
|
|t:|1667533326
|move|p1a: Clefable|Knock Off|p2a: Corviknight
|-damage|p2a: Corviknight|88/100 par
|move|p2a: Corviknight|Body Press|p1a: Clefable
|-resisted|p1a: Clefable
|-damage|p1a: Clefable|82/100
|
|upkeep
|turn|64
|
|t:|1667533332
|move|p1a: Clefable|Knock Off|p2a: Corviknight
|-damage|p2a: Corviknight|84/100 par
|move|p2a: Corviknight|Body Press|p1a: Clefable
|-resisted|p1a: Clefable
|-damage|p1a: Clefable|72/100
|
|upkeep
|turn|65
|
|t:|1667533336
|switch|p1a: Skarmory|Skarmory, F|44/100
|-damage|p1a: Skarmory|31/100|[from] Stealth Rock
|move|p2a: Corviknight|Body Press|p1a: Skarmory
|-damage|p1a: Skarmory|16/100
|
|upkeep
|turn|66
|
|t:|1667533340
|move|p1a: Skarmory|Roost|p1a: Skarmory
|-heal|p1a: Skarmory|66/100
|-singleturn|p1a: Skarmory|move: Roost
|cant|p2a: Corviknight|par
|
|upkeep
|turn|67
|
|t:|1667533346
|move|p1a: Skarmory|Roost|p1a: Skarmory
|-heal|p1a: Skarmory|100/100
|-singleturn|p1a: Skarmory|move: Roost
|move|p2a: Corviknight|Body Press|p1a: Skarmory
|-supereffective|p1a: Skarmory
|-damage|p1a: Skarmory|72/100
|
|upkeep
|turn|68
|
|t:|1667533350
|move|p1a: Skarmory|Body Press|p2a: Corviknight
|-damage|p2a: Corviknight|62/100 par
|move|p2a: Corviknight|Body Press|p1a: Skarmory
|-damage|p1a: Skarmory|57/100
|
|upkeep
|turn|69
|
|t:|1667533377
|move|p1a: Skarmory|Body Press|p2a: Corviknight
|-damage|p2a: Corviknight|42/100 par
|move|p2a: Corviknight|Body Press|p1a: Skarmory
|-damage|p1a: Skarmory|44/100
|
|upkeep
|turn|70
|
|t:|1667533382
|move|p1a: Skarmory|Roost|p1a: Skarmory
|-heal|p1a: Skarmory|94/100
|-singleturn|p1a: Skarmory|move: Roost
|move|p2a: Corviknight|Roost|p2a: Corviknight
|-heal|p2a: Corviknight|92/100 par
|-singleturn|p2a: Corviknight|move: Roost
|
|upkeep
|turn|71
|
|t:|1667533386
|move|p1a: Skarmory|Spikes|p2a: Corviknight
|-sidestart|p2: Queen of Bean ✿|Spikes
|cant|p2a: Corviknight|par
|
|upkeep
|turn|72
|
|t:|1667533394
|move|p1a: Skarmory|Spikes|p2a: Corviknight
|-sidestart|p2: Queen of Bean ✿|Spikes
|move|p2a: Corviknight|U-turn|p1a: Skarmory
|-resisted|p1a: Skarmory
|-damage|p1a: Skarmory|92/100
|
|t:|1667533397
|switch|p2a: Slowbro|Slowbro, M|82/100 tox|[from]move: U-turn
|
|-damage|p2a: Slowbro|76/100 tox|[from] psn
|upkeep
|turn|73
|-message|Queen of Bean ✿ forfeited.
|
|win|CLOYSTERDEEZNUTS
|n|☆CLOYSTERDEEZNUTS|cloysterdeeznuts
|n|☆Queen of Bean ✿|queenofbean
|n| Mimikyu Stardust|mimikyustardust
|n| FavMon=Garchomp|favmongarchomp
|l|☆Queen of Bean ✿
|l|☆CLOYSTERDEEZNUTS
|j|☆Queen of Bean ✿
|player|p2|Queen of Bean ✿|hexmaniac-gen6
