|j|☆shiawasenostory
|j|☆brettfavreinnocent
|t:|1663727972
|gametype|singles
|player|p1|shiawasenostory|1|1652
|player|p2|brettfavreinnocent|harlequin|1675
|teamsize|p1|6
|teamsize|p2|6
|gen|8
|tier|[Gen 8] OU
|rated|
|rule|Sleep Clause Mod: Limit one foe put to sleep
|rule|Species Clause: Limit one of each Pokémon
|rule|OHKO Clause: OHKO moves are banned
|rule|Evasion Items Clause: Evasion items are banned
|rule|Evasion Moves Clause: Evasion moves are banned
|rule|Endless Battle Clause: Forcing endless battles is banned
|rule|HP Percentage Mod: HP is shown in percentages
|rule|Dynamax Clause: You cannot dynamax
|clearpoke
|poke|p1|Garchomp, F|
|poke|p1|Tornadus-Therian, M|
|poke|p1|Heatran, M|
|poke|p1|Zeraora|
|poke|p1|Toxapex, F|
|poke|p1|Weavile, F|
|poke|p2|Regice|
|poke|p2|Regidrago|
|poke|p2|Regieleki|
|poke|p2|Regigigas|
|poke|p2|Regirock|
|poke|p2|Registeel|
|teampreview
|inactive|Battle timer is ON: inactive players will automatically lose when time's up. (requested by brettfavreinnocent)
|
|t:|1663727997
|start
|switch|p1a: Garchomp|Garchomp, F|100/100
|switch|p2a: Regirock|Regirock|100/100
|turn|1
|
|t:|1663728005
|move|p1a: Garchomp|Toxic|p2a: Regirock
|-status|p2a: Regirock|tox
|move|p2a: Regirock|Ice Punch|p1a: Garchomp
|-supereffective|p1a: Garchomp
|-damage|p1a: Garchomp|0 fnt
|-damage|p2a: Regirock|88/100 tox|[from] ability: Rough Skin|[of] p1a: Garchomp
|faint|p1a: Garchomp
|
|-damage|p2a: Regirock|82/100 tox|[from] psn
|upkeep
|
|t:|1663728018
|switch|p1a: Toxapex|Toxapex, F|100/100
|turn|2
|
|t:|1663728022
|switch|p2a: Regice|Regice|100/100
|move|p1a: Toxapex|Knock Off|p2a: Regice
|-damage|p2a: Regice|89/100
|-enditem|p2a: Regice|Heavy-Duty Boots|[from] move: Knock Off|[of] p1a: Toxapex
|
|upkeep
|turn|3
|
|t:|1663728047
|move|p2a: Regice|Block|p1a: Toxapex
|-activate|p1a: Toxapex|trapped
|move|p1a: Toxapex|Scald|p2a: Regice
|-damage|p2a: Regice|81/100
|
|upkeep
|turn|4
|
|t:|1663728052
|move|p2a: Regice|Defense Curl|p2a: Regice
|-boost|p2a: Regice|def|1
|move|p1a: Toxapex|Scald|p2a: Regice
|-damage|p2a: Regice|72/100
|
|upkeep
|turn|5
|
|t:|1663728056
|move|p2a: Regice|Defense Curl|p2a: Regice
|-boost|p2a: Regice|def|1
|move|p1a: Toxapex|Scald|p2a: Regice
|-damage|p2a: Regice|64/100
|
|upkeep
|turn|6
|
|t:|1663728058
|move|p2a: Regice|Defense Curl|p2a: Regice
|-boost|p2a: Regice|def|1
|move|p1a: Toxapex|Scald|p2a: Regice
|-damage|p2a: Regice|55/100
|-status|p2a: Regice|brn
|
|-damage|p2a: Regice|49/100 brn|[from] brn
|upkeep
|turn|7
|
|t:|1663728064
|move|p2a: Regice|Rest|p2a: Regice
|-status|p2a: Regice|slp|[from] move: Rest
|-heal|p2a: Regice|100/100 slp|[silent]
|move|p1a: Toxapex|Knock Off|p2a: Regice
|-damage|p2a: Regice|98/100 slp
|
|upkeep
|turn|8
|
|t:|1663728079
|cant|p2a: Regice|slp
|move|p1a: Toxapex|Knock Off|p2a: Regice
|-damage|p2a: Regice|95/100 slp
|
|upkeep
|turn|9
|inactive|brettfavreinnocent has 120 seconds left.
|
|t:|1663728112
|cant|p2a: Regice|slp
|move|p1a: Toxapex|Knock Off|p2a: Regice
|-damage|p2a: Regice|92/100 slp
|
|upkeep
|turn|10
|inactive|brettfavreinnocent has 120 seconds left.
|
|t:|1663728123
|-curestatus|p2a: Regice|slp|[msg]
|move|p2a: Regice|Defense Curl|p2a: Regice
|-boost|p2a: Regice|def|1
|move|p1a: Toxapex|Knock Off|p2a: Regice
|-damage|p2a: Regice|89/100
|
|upkeep
|turn|11
|
|t:|1663728126
|move|p2a: Regice|Defense Curl|p2a: Regice
|-boost|p2a: Regice|def|1
|move|p1a: Toxapex|Scald|p2a: Regice
|-damage|p2a: Regice|81/100
|-status|p2a: Regice|brn
|
|-damage|p2a: Regice|75/100 brn|[from] brn
|upkeep
|turn|12
|
|t:|1663728141
|move|p2a: Regice|Rest|p2a: Regice
|-status|p2a: Regice|slp|[from] move: Rest
|-heal|p2a: Regice|100/100 slp|[silent]
|move|p1a: Toxapex|Scald|p2a: Regice
|-damage|p2a: Regice|91/100 slp
|
|upkeep
|turn|13
|inactive|shiawasenostory has 120 seconds left.
|
|t:|1663728172
|cant|p2a: Regice|slp
|move|p1a: Toxapex|Scald|p2a: Regice
|-damage|p2a: Regice|82/100 slp
|
|upkeep
|turn|14
|inactive|shiawasenostory has 120 seconds left.
|c|☆brettfavreinnocent|please press faster
|inactive|shiawasenostory has 90 seconds left.
|c|☆shiawasenostory|i am having so much fun
|
|t:|1663728230
|cant|p2a: Regice|slp
|move|p1a: Toxapex|Scald|p2a: Regice
|-damage|p2a: Regice|74/100 slp
|
|upkeep
|turn|15
|
|t:|1663728233
|-curestatus|p2a: Regice|slp|[msg]
|move|p2a: Regice|Rollout|p1a: Toxapex
|-damage|p1a: Toxapex|94/100
|move|p1a: Toxapex|Knock Off|p2a: Regice
|-damage|p2a: Regice|72/100
|
|-heal|p1a: Toxapex|99/100|[from] item: Black Sludge
|upkeep
|turn|16
|
|t:|1663728235
|move|p2a: Regice|Rollout|p1a: Toxapex|[from]lockedmove
|-damage|p1a: Toxapex|87/100
|move|p1a: Toxapex|Knock Off|p2a: Regice
|-crit|p2a: Regice
|-damage|p2a: Regice|62/100
|
|-heal|p1a: Toxapex|93/100|[from] item: Black Sludge
|upkeep
|turn|17
|
|t:|1663728241
|move|p2a: Regice|Rollout|p1a: Toxapex|[from]lockedmove
|-damage|p1a: Toxapex|68/100
|move|p1a: Toxapex|Knock Off|p2a: Regice
|-damage|p2a: Regice|60/100
|
|-heal|p1a: Toxapex|74/100|[from] item: Black Sludge
|upkeep
|turn|18
|
|t:|1663728243
|move|p1a: Toxapex|Baneful Bunker|p1a: Toxapex
|-singleturn|p1a: Toxapex|move: Protect
|move|p2a: Regice|Rollout|p1a: Toxapex|[from]lockedmove
|-activate|p1a: Toxapex|move: Protect
|-status|p2a: Regice|psn
|
|-heal|p1a: Toxapex|80/100|[from] item: Black Sludge
|-damage|p2a: Regice|47/100 psn|[from] psn
|upkeep
|turn|19
|
|t:|1663728255
|move|p2a: Regice|Defense Curl|p2a: Regice
|-boost|p2a: Regice|def|1
|move|p1a: Toxapex|Scald|p2a: Regice
|-damage|p2a: Regice|39/100 psn
|
|-heal|p1a: Toxapex|86/100|[from] item: Black Sludge
|-damage|p2a: Regice|27/100 psn|[from] psn
|upkeep
|turn|20
|inactive|shiawasenostory has 120 seconds left.
|
|t:|1663728282
|move|p2a: Regice|Rest|p2a: Regice
|-status|p2a: Regice|slp|[from] move: Rest
|-heal|p2a: Regice|100/100 slp|[silent]
|move|p1a: Toxapex|Knock Off|p2a: Regice
|-damage|p2a: Regice|99/100 slp
|
|-heal|p1a: Toxapex|93/100|[from] item: Black Sludge
|upkeep
|turn|21
|
|t:|1663728303
|cant|p2a: Regice|slp
|move|p1a: Toxapex|Scald|p2a: Regice
|-crit|p2a: Regice
|-damage|p2a: Regice|87/100 slp
|
|-heal|p1a: Toxapex|99/100|[from] item: Black Sludge
|upkeep
|turn|22
|inactive|shiawasenostory has 90 seconds left.
|
|t:|1663728349
|cant|p2a: Regice|slp
|move|p1a: Toxapex|Scald|p2a: Regice
|-damage|p2a: Regice|78/100 slp
|
|-heal|p1a: Toxapex|100/100|[from] item: Black Sludge
|upkeep
|turn|23
|
|t:|1663728360
|-curestatus|p2a: Regice|slp|[msg]
|move|p2a: Regice|Rollout|p1a: Toxapex
|-damage|p1a: Toxapex|94/100
|move|p1a: Toxapex|Scald|p2a: Regice
|-damage|p2a: Regice|70/100
|
|-heal|p1a: Toxapex|99/100|[from] item: Black Sludge
|upkeep
|turn|24
|inactive|shiawasenostory has 90 seconds left.
|
|t:|1663728365
|move|p2a: Regice|Rollout|p1a: Toxapex|[from]lockedmove
|-damage|p1a: Toxapex|87/100
|move|p1a: Toxapex|Scald|p2a: Regice
|-damage|p2a: Regice|61/100
|-status|p2a: Regice|brn
|
|-heal|p1a: Toxapex|93/100|[from] item: Black Sludge
|-damage|p2a: Regice|55/100 brn|[from] brn
|upkeep
|turn|25
|
|t:|1663728368
|move|p2a: Regice|Rollout|p1a: Toxapex|[from]lockedmove
|-damage|p1a: Toxapex|80/100
|move|p1a: Toxapex|Knock Off|p2a: Regice
|-damage|p2a: Regice|53/100 brn
|
|-heal|p1a: Toxapex|87/100|[from] item: Black Sludge
|-damage|p2a: Regice|47/100 brn|[from] brn
|upkeep
|turn|26
|
|t:|1663728376
|move|p2a: Regice|Rollout|p1a: Toxapex|[from]lockedmove
|-damage|p1a: Toxapex|63/100
|move|p1a: Toxapex|Scald|p2a: Regice
|-damage|p2a: Regice|38/100 brn
|
|-heal|p1a: Toxapex|69/100|[from] item: Black Sludge
|-damage|p2a: Regice|32/100 brn|[from] brn
|upkeep
|turn|27
|
|t:|1663728378
|move|p2a: Regice|Rollout|p1a: Toxapex|[from]lockedmove
|-damage|p1a: Toxapex|22/100
|move|p1a: Toxapex|Scald|p2a: Regice
|-damage|p2a: Regice|24/100 brn
|
|-heal|p1a: Toxapex|28/100|[from] item: Black Sludge
|-damage|p2a: Regice|18/100 brn|[from] brn
|upkeep
|turn|28
|
|t:|1663728382
|move|p1a: Toxapex|Baneful Bunker|p1a: Toxapex
|-singleturn|p1a: Toxapex|move: Protect
|move|p2a: Regice|Rest|p2a: Regice
|-status|p2a: Regice|slp|[from] move: Rest
|-heal|p2a: Regice|100/100 slp|[silent]
|
|-heal|p1a: Toxapex|35/100|[from] item: Black Sludge
|upkeep
|turn|29
|
|t:|1663728386
|cant|p2a: Regice|slp
|move|p1a: Toxapex|Recover|p1a: Toxapex
|-heal|p1a: Toxapex|85/100
|
|-heal|p1a: Toxapex|91/100|[from] item: Black Sludge
|upkeep
|turn|30
|
|t:|1663728391
|cant|p2a: Regice|slp
|move|p1a: Toxapex|Knock Off|p2a: Regice
|-damage|p2a: Regice|99/100 slp
|
|-heal|p1a: Toxapex|97/100|[from] item: Black Sludge
|upkeep
|turn|31
|inactive|shiawasenostory has 120 seconds left.
|inactive|shiawasenostory has 90 seconds left.
|inactive|shiawasenostory has 60 seconds left.
|c|☆brettfavreinnocent|mental warfare
|inactive|shiawasenostory has 30 seconds left.
|
|t:|1663728519
|-curestatus|p2a: Regice|slp|[msg]
|move|p2a: Regice|Rollout|p1a: Toxapex
|-damage|p1a: Toxapex|91/100
|move|p1a: Toxapex|Scald|p2a: Regice
|-crit|p2a: Regice
|-damage|p2a: Regice|85/100
|
|-heal|p1a: Toxapex|97/100|[from] item: Black Sludge
|upkeep
|turn|32
|
|t:|1663728522
|move|p2a: Regice|Rollout|p1a: Toxapex|[from]lockedmove
|-damage|p1a: Toxapex|84/100
|move|p1a: Toxapex|Knock Off|p2a: Regice
|-damage|p2a: Regice|83/100
|
|-heal|p1a: Toxapex|90/100|[from] item: Black Sludge
|upkeep
|turn|33
|
|t:|1663728526
|move|p1a: Toxapex|Baneful Bunker|p1a: Toxapex
|-singleturn|p1a: Toxapex|move: Protect
|move|p2a: Regice|Rollout|p1a: Toxapex|[from]lockedmove
|-activate|p1a: Toxapex|move: Protect
|-status|p2a: Regice|psn
|
|-heal|p1a: Toxapex|97/100|[from] item: Black Sludge
|-damage|p2a: Regice|71/100 psn|[from] psn
|upkeep
|turn|34
|
|t:|1663728531
|move|p2a: Regice|Defense Curl|p2a: Regice
|-boost|p2a: Regice|def|0
|move|p1a: Toxapex|Knock Off|p2a: Regice
|-damage|p2a: Regice|69/100 psn
|
|-heal|p1a: Toxapex|100/100|[from] item: Black Sludge
|-damage|p2a: Regice|56/100 psn|[from] psn
|upkeep
|turn|35
|
|t:|1663728533
|move|p2a: Regice|Defense Curl|p2a: Regice
|-boost|p2a: Regice|def|0
|move|p1a: Toxapex|Knock Off|p2a: Regice
|-damage|p2a: Regice|54/100 psn
|
|-damage|p2a: Regice|42/100 psn|[from] psn
|upkeep
|turn|36
|
|t:|1663728536
|move|p2a: Regice|Defense Curl|p2a: Regice
|-boost|p2a: Regice|def|0
|move|p1a: Toxapex|Knock Off|p2a: Regice
|-damage|p2a: Regice|40/100 psn
|
|-damage|p2a: Regice|28/100 psn|[from] psn
|upkeep
|turn|37
|
|t:|1663728538
|move|p2a: Regice|Rest|p2a: Regice
|-status|p2a: Regice|slp|[from] move: Rest
|-heal|p2a: Regice|100/100 slp|[silent]
|move|p1a: Toxapex|Knock Off|p2a: Regice
|-damage|p2a: Regice|99/100 slp
|
|upkeep
|turn|38
|
|t:|1663728541
|cant|p2a: Regice|slp
|move|p1a: Toxapex|Knock Off|p2a: Regice
|-damage|p2a: Regice|97/100 slp
|
|upkeep
|turn|39
|
|t:|1663728546
|cant|p2a: Regice|slp
|move|p1a: Toxapex|Knock Off|p2a: Regice
|-damage|p2a: Regice|95/100 slp
|
|upkeep
|turn|40
|
|t:|1663728548
|-curestatus|p2a: Regice|slp|[msg]
|move|p2a: Regice|Rollout|p1a: Toxapex|[miss]
|-miss|p2a: Regice|p1a: Toxapex
|move|p1a: Toxapex|Scald|p2a: Regice
|-damage|p2a: Regice|86/100
|
|upkeep
|turn|41
|
|t:|1663728551
|move|p2a: Regice|Rollout|p1a: Toxapex
|-damage|p1a: Toxapex|94/100
|move|p1a: Toxapex|Scald|p2a: Regice
|-damage|p2a: Regice|77/100
|
|-heal|p1a: Toxapex|99/100|[from] item: Black Sludge
|upkeep
|turn|42
|
|t:|1663728554
|move|p2a: Regice|Rollout|p1a: Toxapex|[from]lockedmove
|-damage|p1a: Toxapex|88/100
|move|p1a: Toxapex|Scald|p2a: Regice
|-crit|p2a: Regice
|-damage|p2a: Regice|63/100
|
|-heal|p1a: Toxapex|94/100|[from] item: Black Sludge
|upkeep
|turn|43
|
|t:|1663728556
|move|p2a: Regice|Rollout|p1a: Toxapex|[from]lockedmove
|-damage|p1a: Toxapex|70/100
|move|p1a: Toxapex|Scald|p2a: Regice
|-damage|p2a: Regice|55/100
|-status|p2a: Regice|brn
|
|-heal|p1a: Toxapex|76/100|[from] item: Black Sludge
|-damage|p2a: Regice|49/100 brn|[from] brn
|upkeep
|turn|44
|
|t:|1663728559
|move|p2a: Regice|Rollout|p1a: Toxapex|[from]lockedmove
|-damage|p1a: Toxapex|51/100
|move|p1a: Toxapex|Scald|p2a: Regice
|-damage|p2a: Regice|40/100 brn
|
|-heal|p1a: Toxapex|58/100|[from] item: Black Sludge
|-damage|p2a: Regice|34/100 brn|[from] brn
|upkeep
|turn|45
|
|t:|1663728564
|move|p2a: Regice|Rollout|p1a: Toxapex|[from]lockedmove
|-damage|p1a: Toxapex|11/100
|move|p1a: Toxapex|Scald|p2a: Regice
|-damage|p2a: Regice|26/100 brn
|
|-heal|p1a: Toxapex|17/100|[from] item: Black Sludge
|-damage|p2a: Regice|20/100 brn|[from] brn
|upkeep
|turn|46
|
|t:|1663728577
|move|p2a: Regice|Rest|p2a: Regice
|-status|p2a: Regice|slp|[from] move: Rest
|-heal|p2a: Regice|100/100 slp|[silent]
|move|p1a: Toxapex|Scald|p2a: Regice
|-damage|p2a: Regice|92/100 slp
|
|-heal|p1a: Toxapex|24/100|[from] item: Black Sludge
|upkeep
|turn|47
|
|t:|1663728592
|cant|p2a: Regice|slp
|move|p1a: Toxapex|Knock Off|p2a: Regice
|-damage|p2a: Regice|90/100 slp
|
|-heal|p1a: Toxapex|30/100|[from] item: Black Sludge
|upkeep
|turn|48
|
|t:|1663728594
|cant|p2a: Regice|slp
|move|p1a: Toxapex|Scald|p2a: Regice
|-damage|p2a: Regice|81/100 slp
|
|-heal|p1a: Toxapex|36/100|[from] item: Black Sludge
|upkeep
|turn|49
|
|t:|1663728609
|-curestatus|p2a: Regice|slp|[msg]
|move|p2a: Regice|Rollout|p1a: Toxapex
|-damage|p1a: Toxapex|29/100
|move|p1a: Toxapex|Knock Off|p2a: Regice
|-damage|p2a: Regice|78/100
|
|-heal|p1a: Toxapex|36/100|[from] item: Black Sludge
|upkeep
|turn|50
|
|t:|1663728612
|move|p1a: Toxapex|Baneful Bunker|p1a: Toxapex
|-singleturn|p1a: Toxapex|move: Protect
|move|p2a: Regice|Rollout|p1a: Toxapex|[from]lockedmove
|-activate|p1a: Toxapex|move: Protect
|-status|p2a: Regice|psn
|
|-heal|p1a: Toxapex|42/100|[from] item: Black Sludge
|-damage|p2a: Regice|66/100 psn|[from] psn
|upkeep
|turn|51
|j| 0k_rillaboomer
|
|t:|1663728625
|move|p2a: Regice|Defense Curl|p2a: Regice
|-boost|p2a: Regice|def|0
|move|p1a: Toxapex|Knock Off|p2a: Regice
|-damage|p2a: Regice|64/100 psn
|
|-heal|p1a: Toxapex|48/100|[from] item: Black Sludge
|-damage|p2a: Regice|52/100 psn|[from] psn
|upkeep
|turn|52
|
|t:|1663728628
|move|p2a: Regice|Defense Curl|p2a: Regice
|-boost|p2a: Regice|def|0
|move|p1a: Toxapex|Knock Off|p2a: Regice
|-crit|p2a: Regice
|-damage|p2a: Regice|41/100 psn
|
|-heal|p1a: Toxapex|54/100|[from] item: Black Sludge
|-damage|p2a: Regice|29/100 psn|[from] psn
|upkeep
|turn|53
|
|t:|1663728629
|move|p2a: Regice|Rest|p2a: Regice
|-status|p2a: Regice|slp|[from] move: Rest
|-heal|p2a: Regice|100/100 slp|[silent]
|move|p1a: Toxapex|Recover|p1a: Toxapex
|-heal|p1a: Toxapex|100/100
|
|upkeep
|turn|54
|
|t:|1663728649
|cant|p2a: Regice|slp
|move|p1a: Toxapex|Knock Off|p2a: Regice
|-damage|p2a: Regice|99/100 slp
|
|upkeep
|turn|55
|
|t:|1663728671
|cant|p2a: Regice|slp
|move|p1a: Toxapex|Knock Off|p2a: Regice
|-damage|p2a: Regice|97/100 slp
|
|upkeep
|turn|56
|
|t:|1663728698
|-curestatus|p2a: Regice|slp|[msg]
|move|p2a: Regice|Rollout|p1a: Toxapex|[miss]
|-miss|p2a: Regice|p1a: Toxapex
|move|p1a: Toxapex|Knock Off|p2a: Regice
|-damage|p2a: Regice|95/100
|
|upkeep
|turn|57
|
|t:|1663728700
|move|p1a: Toxapex|Baneful Bunker|p1a: Toxapex
|-singleturn|p1a: Toxapex|move: Protect
|move|p2a: Regice|Rollout|p1a: Toxapex
|-activate|p1a: Toxapex|move: Protect
|-status|p2a: Regice|psn
|
|-damage|p2a: Regice|83/100 psn|[from] psn
|upkeep
|turn|58
|
|t:|1663728702
|move|p2a: Regice|Defense Curl|p2a: Regice
|-boost|p2a: Regice|def|0
|move|p1a: Toxapex|Knock Off|p2a: Regice
|-damage|p2a: Regice|81/100 psn
|
|-damage|p2a: Regice|68/100 psn|[from] psn
|upkeep
|turn|59
|
|t:|1663728705
|move|p2a: Regice|Defense Curl|p2a: Regice
|-boost|p2a: Regice|def|0
|move|p1a: Toxapex|Knock Off|p2a: Regice
|-crit|p2a: Regice
|-damage|p2a: Regice|58/100 psn
|
|-damage|p2a: Regice|45/100 psn|[from] psn
|upkeep
|turn|60
|
|t:|1663728707
|move|p2a: Regice|Defense Curl|p2a: Regice
|-boost|p2a: Regice|def|0
|move|p1a: Toxapex|Knock Off|p2a: Regice
|-damage|p2a: Regice|43/100 psn
|
|-damage|p2a: Regice|31/100 psn|[from] psn
|upkeep
|turn|61
|inactive|shiawasenostory has 120 seconds left.
|
|t:|1663728738
|move|p2a: Regice|Defense Curl|p2a: Regice
|-boost|p2a: Regice|def|0
|move|p1a: Toxapex|Knock Off|p2a: Regice
|-damage|p2a: Regice|29/100 psn
|
|-damage|p2a: Regice|17/100 psn|[from] psn
|upkeep
|turn|62
|
|t:|1663728744
|move|p2a: Regice|Rest|p2a: Regice
|-status|p2a: Regice|slp|[from] move: Rest
|-heal|p2a: Regice|100/100 slp|[silent]
|move|p1a: Toxapex|Knock Off|p2a: Regice
|-damage|p2a: Regice|99/100 slp
|
|upkeep
|turn|63
|inactive|shiawasenostory has 120 seconds left.
|inactive|shiawasenostory has 90 seconds left.
|
|t:|1663728802
|cant|p2a: Regice|slp
|move|p1a: Toxapex|Knock Off|p2a: Regice
|-damage|p2a: Regice|97/100 slp
|
|upkeep
|turn|64
|
|t:|1663728808
|cant|p2a: Regice|slp
|move|p1a: Toxapex|Knock Off|p2a: Regice
|-damage|p2a: Regice|96/100 slp
|
|upkeep
|turn|65
|inactive|shiawasenostory has 90 seconds left.
|inactive|shiawasenostory has 60 seconds left.
|
|t:|1663728860
|-curestatus|p2a: Regice|slp|[msg]
|move|p2a: Regice|Defense Curl|p2a: Regice
|-boost|p2a: Regice|def|0
|move|p1a: Toxapex|Recover||[still]
|-fail|p1a: Toxapex|heal
|
|upkeep
|turn|66
|
|t:|1663728863
|move|p1a: Toxapex|Baneful Bunker|p1a: Toxapex
|-singleturn|p1a: Toxapex|move: Protect
|move|p2a: Regice|Defense Curl|p2a: Regice
|-boost|p2a: Regice|def|0
|
|upkeep
|turn|67
|
|t:|1663728872
|move|p2a: Regice|Defense Curl|p2a: Regice
|-boost|p2a: Regice|def|0
|move|p1a: Toxapex|Recover||[still]
|-fail|p1a: Toxapex|heal
|
|upkeep
|turn|68
|
|t:|1663728881
|move|p1a: Toxapex|Baneful Bunker|p1a: Toxapex
|-singleturn|p1a: Toxapex|move: Protect
|move|p2a: Regice|Defense Curl|p2a: Regice
|-boost|p2a: Regice|def|0
|
|upkeep
|turn|69
|
|t:|1663728884
|move|p2a: Regice|Defense Curl|p2a: Regice
|-boost|p2a: Regice|def|0
|move|p1a: Toxapex|Recover||[still]
|-fail|p1a: Toxapex|heal
|
|upkeep
|turn|70
|inactive|shiawasenostory has 90 seconds left.
|inactive|shiawasenostory has 60 seconds left.
|
|t:|1663728926
|move|p1a: Toxapex|Baneful Bunker|p1a: Toxapex
|-singleturn|p1a: Toxapex|move: Protect
|move|p2a: Regice|Rest|p2a: Regice
|-status|p2a: Regice|slp|[from] move: Rest
|-heal|p2a: Regice|100/100 slp|[silent]
|
|upkeep
|turn|71
|
|t:|1663728930
|cant|p2a: Regice|slp
|move|p1a: Toxapex|Recover||[still]
|-fail|p1a: Toxapex|heal
|
|upkeep
|turn|72
|inactive|shiawasenostory has 60 seconds left.
|
|t:|1663728959
|move|p1a: Toxapex|Baneful Bunker|p1a: Toxapex
|-singleturn|p1a: Toxapex|move: Protect
|cant|p2a: Regice|slp
|
|upkeep
|turn|73
|
|t:|1663728962
|-curestatus|p2a: Regice|slp|[msg]
|move|p2a: Regice|Defense Curl|p2a: Regice
|-boost|p2a: Regice|def|0
|move|p1a: Toxapex|Recover||[still]
|-fail|p1a: Toxapex|heal
|
|upkeep
|turn|74
|
|t:|1663728966
|move|p1a: Toxapex|Baneful Bunker|p1a: Toxapex
|-singleturn|p1a: Toxapex|move: Protect
|move|p2a: Regice|Defense Curl|p2a: Regice
|-boost|p2a: Regice|def|0
|
|upkeep
|turn|75
|
|t:|1663728980
|move|p1a: Toxapex|Baneful Bunker||[still]
|-fail|p1a: Toxapex
|move|p2a: Regice|Defense Curl|p2a: Regice
|-boost|p2a: Regice|def|0
|
|upkeep
|turn|76
|inactive|shiawasenostory has 60 seconds left.
|
|t:|1663729003
|move|p1a: Toxapex|Baneful Bunker|p1a: Toxapex
|-singleturn|p1a: Toxapex|move: Protect
|move|p2a: Regice|Defense Curl|p2a: Regice
|-boost|p2a: Regice|def|0
|
|upkeep
|turn|77
|
|t:|1663729007
|move|p1a: Toxapex|Baneful Bunker||[still]
|-fail|p1a: Toxapex
|move|p2a: Regice|Defense Curl|p2a: Regice
|-boost|p2a: Regice|def|0
|
|upkeep
|turn|78
|
|t:|1663729009
|move|p2a: Regice|Defense Curl|p2a: Regice
|-boost|p2a: Regice|def|0
|move|p1a: Toxapex|Recover||[still]
|-fail|p1a: Toxapex|heal
|
|upkeep
|turn|79
|
|t:|1663729012
|move|p2a: Regice|Rollout|p1a: Toxapex
|-crit|p1a: Toxapex
|-damage|p1a: Toxapex|91/100
|move|p1a: Toxapex|Recover|p1a: Toxapex
|-heal|p1a: Toxapex|100/100
|
|upkeep
|turn|80
|inactive|shiawasenostory has 90 seconds left.
|
|t:|1663729026
|move|p1a: Toxapex|Baneful Bunker|p1a: Toxapex
|-singleturn|p1a: Toxapex|move: Protect
|move|p2a: Regice|Rollout|p1a: Toxapex|[from]lockedmove
|-activate|p1a: Toxapex|move: Protect
|-status|p2a: Regice|psn
|
|-damage|p2a: Regice|88/100 psn|[from] psn
|upkeep
|turn|81
|inactive|shiawasenostory has 90 seconds left.
|inactive|shiawasenostory has 60 seconds left.
|
|t:|1663729074
|move|p2a: Regice|Defense Curl|p2a: Regice
|-boost|p2a: Regice|def|0
|move|p1a: Toxapex|Recover||[still]
|-fail|p1a: Toxapex|heal
|
|-damage|p2a: Regice|76/100 psn|[from] psn
|upkeep
|turn|82
|
|t:|1663729083
|move|p2a: Regice|Defense Curl|p2a: Regice
|-boost|p2a: Regice|def|0
|move|p1a: Toxapex|Recover||[still]
|-fail|p1a: Toxapex|heal
|
|-damage|p2a: Regice|63/100 psn|[from] psn
|upkeep
|turn|83
|
|t:|1663729087
|move|p1a: Toxapex|Baneful Bunker|p1a: Toxapex
|-singleturn|p1a: Toxapex|move: Protect
|move|p2a: Regice|Rest|p2a: Regice
|-status|p2a: Regice|slp|[from] move: Rest
|-heal|p2a: Regice|100/100 slp|[silent]
|
|upkeep
|turn|84
|
|t:|1663729092
|cant|p2a: Regice|slp
|move|p1a: Toxapex|Recover||[still]
|-fail|p1a: Toxapex|heal
|
|upkeep
|turn|85
|inactive|shiawasenostory has 90 seconds left.
|inactive|shiawasenostory has 60 seconds left.
|
|t:|1663729131
|cant|p2a: Regice|slp
|move|p1a: Toxapex|Recover||[still]
|-fail|p1a: Toxapex|heal
|
|upkeep
|turn|86
|
|t:|1663729137
|-curestatus|p2a: Regice|slp|[msg]
|move|p2a: Regice|Defense Curl|p2a: Regice
|-boost|p2a: Regice|def|0
|move|p1a: Toxapex|Recover||[still]
|-fail|p1a: Toxapex|heal
|
|upkeep
|turn|87
|
|t:|1663729148
|move|p2a: Regice|Defense Curl|p2a: Regice
|-boost|p2a: Regice|def|0
|move|p1a: Toxapex|Recover||[still]
|-fail|p1a: Toxapex|heal
|
|upkeep
|turn|88
|
|t:|1663729152
|move|p2a: Regice|Defense Curl|p2a: Regice
|-boost|p2a: Regice|def|0
|move|p1a: Toxapex|Recover||[still]
|-fail|p1a: Toxapex|heal
|
|upkeep
|turn|89
|
|t:|1663729175
|move|p1a: Toxapex|Baneful Bunker|p1a: Toxapex
|-singleturn|p1a: Toxapex|move: Protect
|move|p2a: Regice|Defense Curl|p2a: Regice
|-boost|p2a: Regice|def|0
|
|upkeep
|turn|90
|
|t:|1663729177
|move|p2a: Regice|Rollout|p1a: Toxapex
|-damage|p1a: Toxapex|94/100
|-activate|p1a: Toxapex|move: Struggle
|move|p1a: Toxapex|Struggle|p2a: Regice
|-damage|p2a: Regice|99/100
|-damage|p1a: Toxapex|69/100|[from] recoil
|
|-heal|p1a: Toxapex|75/100|[from] item: Black Sludge
|upkeep
|turn|91
|
|t:|1663729185
|move|p2a: Regice|Rollout|p1a: Toxapex|[from]lockedmove
|-damage|p1a: Toxapex|62/100
|-activate|p1a: Toxapex|move: Struggle
|move|p1a: Toxapex|Struggle|p2a: Regice
|-damage|p2a: Regice|97/100
|-damage|p1a: Toxapex|37/100|[from] recoil
|
|-heal|p1a: Toxapex|43/100|[from] item: Black Sludge
|upkeep
|turn|92
|
|t:|1663729189
|move|p2a: Regice|Rollout|p1a: Toxapex|[from]lockedmove
|-damage|p1a: Toxapex|18/100
|-activate|p1a: Toxapex|move: Struggle
|move|p1a: Toxapex|Struggle|p2a: Regice
|-damage|p2a: Regice|96/100
|-damage|p1a: Toxapex|0 fnt|[from] recoil
|faint|p1a: Toxapex
|
|upkeep
|inactive|shiawasenostory has 90 seconds left.
|
|t:|1663729217
|switch|p1a: Heatran|Heatran, M|100/100
|turn|93
|
|t:|1663729218
|move|p1a: Heatran|Eruption|p2a: Regice
|-supereffective|p2a: Regice
|-damage|p2a: Regice|0 fnt
|faint|p2a: Regice
|
|upkeep
|
|t:|1663729234
|switch|p2a: Regirock|Regirock|82/100 tox
|turn|94
|
|t:|1663729243
|move|p1a: Heatran|Eruption|p2a: Regirock
|-resisted|p2a: Regirock
|-damage|p2a: Regirock|18/100 tox
|move|p2a: Regirock|Stone Edge|p1a: Heatran|[miss]
|-miss|p2a: Regirock|p1a: Heatran
|
|-damage|p2a: Regirock|12/100 tox|[from] psn
|upkeep
|turn|95
|
|t:|1663729248
|move|p1a: Heatran|Eruption|p2a: Regirock
|-resisted|p2a: Regirock
|-crit|p2a: Regirock
|-damage|p2a: Regirock|0 fnt
|faint|p2a: Regirock
|
|upkeep
|
|t:|1663729252
|switch|p2a: Regigigas|Regigigas|100/100
|-start|p2a: Regigigas|ability: Slow Start
|turn|96
|
|t:|1663729256
|move|p1a: Heatran|Eruption|p2a: Regigigas
|-damage|p2a: Regigigas|1/100
|move|p2a: Regigigas|Knock Off|p1a: Heatran
|-crit|p1a: Heatran
|-damage|p1a: Heatran|75/100
|-enditem|p1a: Heatran|Choice Specs|[from] move: Knock Off|[of] p2a: Regigigas
|
|-heal|p2a: Regigigas|7/100|[from] item: Leftovers
|upkeep
|turn|97
|
|t:|1663729260
|move|p1a: Heatran|Flamethrower|p2a: Regigigas
|-damage|p2a: Regigigas|0 fnt
|faint|p2a: Regigigas
|-end|p2a: Regigigas|Slow Start|[silent]
|
|upkeep
|
|t:|1663729267
|switch|p2a: Regieleki|Regieleki|100/100
|turn|98
|
|t:|1663729269
|switch|p2a: Registeel|Registeel|100/100
|switch|p1a: Zeraora|Zeraora|100/100
|
|upkeep
|turn|99
|
|t:|1663729276
|move|p1a: Zeraora|Bulk Up|p1a: Zeraora
|-boost|p1a: Zeraora|atk|1
|-boost|p1a: Zeraora|def|1
|move|p2a: Registeel|Iron Defense|p2a: Registeel
|-boost|p2a: Registeel|def|2
|
|upkeep
|turn|100
|
|t:|1663729280
|switch|p1a: Tornadus|Tornadus-Therian, M|100/100
|move|p2a: Registeel|Iron Defense|p2a: Registeel
|-boost|p2a: Registeel|def|2
|
|upkeep
|turn|101
|
|t:|1663729282
|move|p1a: Tornadus|Knock Off|p2a: Registeel
|-damage|p2a: Registeel|96/100
|-enditem|p2a: Registeel|Leftovers|[from] move: Knock Off|[of] p1a: Tornadus
|move|p2a: Registeel|Amnesia|p2a: Registeel
|-boost|p2a: Registeel|spd|2
|
|upkeep
|turn|102
|
|t:|1663729287
|move|p1a: Tornadus|Hurricane|p2a: Registeel|[miss]
|-miss|p1a: Tornadus|p2a: Registeel
|move|p2a: Registeel|Amnesia|p2a: Registeel
|-boost|p2a: Registeel|spd|2
|
|upkeep
|turn|103
|
|t:|1663729289
|move|p1a: Tornadus|Hurricane|p2a: Registeel
|-resisted|p2a: Registeel
|-damage|p2a: Registeel|92/100
|-start|p2a: Registeel|confusion
|-activate|p2a: Registeel|confusion
|move|p2a: Registeel|Body Press|p1a: Tornadus
|-resisted|p1a: Tornadus
|-damage|p1a: Tornadus|43/100
|
|upkeep
|turn|104
|
|t:|1663729291
|switch|p1a: Heatran|Heatran, M|75/100
|-activate|p2a: Registeel|confusion
|move|p2a: Registeel|Body Press|p1a: Heatran
|-supereffective|p1a: Heatran
|-damage|p1a: Heatran|0 fnt
|faint|p1a: Heatran
|
|upkeep
|
|t:|1663729293
|switch|p1a: Zeraora|Zeraora|100/100
|turn|105
|
|t:|1663729295
|move|p1a: Zeraora|Close Combat|p2a: Registeel
|-supereffective|p2a: Registeel
|-damage|p2a: Registeel|79/100
|-unboost|p1a: Zeraora|def|1
|-unboost|p1a: Zeraora|spd|1
|-activate|p2a: Registeel|confusion
|move|p2a: Registeel|Body Press|p1a: Zeraora
|-damage|p1a: Zeraora|0 fnt
|faint|p1a: Zeraora
|
|upkeep
|
|t:|1663729298
|switch|p1a: Weavile|Weavile, F|100/100
|-ability|p1a: Weavile|Pressure
|turn|106
|
|t:|1663729303
|move|p1a: Weavile|Swords Dance|p1a: Weavile
|-boost|p1a: Weavile|atk|2
|-end|p2a: Registeel|confusion
|move|p2a: Registeel|Body Press|p1a: Weavile
|-supereffective|p1a: Weavile
|-damage|p1a: Weavile|0 fnt
|faint|p1a: Weavile
|
|upkeep
|c|☆brettfavreinnocent|gg
|
|t:|1663729307
|switch|p1a: Tornadus|Tornadus-Therian, M|76/100
|turn|107
|
|t:|1663729310
|move|p1a: Tornadus|Hurricane|p2a: Registeel|[miss]
|-miss|p1a: Tornadus|p2a: Registeel
|move|p2a: Registeel|Body Press|p1a: Tornadus
|-resisted|p1a: Tornadus
|-damage|p1a: Tornadus|24/100
|
|upkeep
|turn|108
|
|t:|1663729313
|move|p1a: Tornadus|Hurricane|p2a: Registeel|[miss]
|-miss|p1a: Tornadus|p2a: Registeel
|move|p2a: Registeel|Body Press|p1a: Tornadus
|-resisted|p1a: Tornadus
|-damage|p1a: Tornadus|0 fnt
|faint|p1a: Tornadus
|
|win|brettfavreinnocent
|raw|shiawasenostory's rating: 1654 &rarr; <strong>1635</strong><br />(-19 for losing)
|raw|brettfavreinnocent's rating: 1675 &rarr; <strong>1694</strong><br />(+19 for winning)
|l|☆shiawasenostory
|c|☆brettfavreinnocent|thanks
|c|☆brettfavreinnocent|U suck
|c|☆brettfavreinnocent|for wasting our time
|c|☆brettfavreinnocent|gg
|c| 0k_rillaboomer|gg
|c|☆brettfavreinnocent|get a life
|c|☆brettfavreinnocent|ur a sick freak
||Ladder isn't responding, score probably updated but might not have (Request timeout).
