|j|☆drag me in
|j|☆JooshP
|t:|1657797480
|gametype|singles
|player|p1|drag me in|169|1582
|player|p2|JooshP|red|1740
|teamsize|p1|6
|teamsize|p2|6
|gen|8
|tier|[Gen 8] OU
|rated|
|rule|Sleep Clause Mod: Limit one foe put to sleep
|rule|Species Clause: Limit one of each Pokémon
|rule|OHKO Clause: OHKO moves are banned
|rule|Evasion Moves Clause: Evasion moves are banned
|rule|Endless Battle Clause: Forcing endless battles is banned
|rule|HP Percentage Mod: HP is shown in percentages
|rule|Dynamax Clause: You cannot dynamax
|clearpoke
|poke|p1|Tapu Lele|
|poke|p1|Tyranitar, F|
|poke|p1|Zapdos|
|poke|p1|Buzzwole|
|poke|p1|Ferrothorn, M|
|poke|p1|Seismitoad, F|
|poke|p2|Toxapex, F|
|poke|p2|Zapdos|
|poke|p2|Celesteela|
|poke|p2|Blacephalon|
|poke|p2|Hippowdon, F|
|poke|p2|Garchomp, M|
|teampreview
|j| flachfisch
|inactive|Battle timer is ON: inactive players will automatically lose when time's up. (requested by JooshP)
|
|t:|1657797536
|start
|switch|p1a: Tapu Lele|Tapu Lele|100/100
|switch|p2a: Blacephalon|Blacephalon|100/100
|-fieldstart|move: Psychic Terrain|[from] ability: Psychic Surge|[of] p1a: Tapu Lele
|turn|1
|
|t:|1657797552
|switch|p1a: Tyranitar|Tyranitar, F|100/100
|-weather|Sandstorm|[from] ability: Sand Stream|[of] p1a: Tyranitar
|switch|p2a: Celesteela|Celesteela|100/100
|
|-weather|Sandstorm|[upkeep]
|upkeep
|turn|2
|
|t:|1657797571
|switch|p1a: Zapdos|Zapdos|100/100
|move|p2a: Celesteela|Heavy Slam|p1a: Zapdos
|-resisted|p1a: Zapdos
|-damage|p1a: Zapdos|74/100
|-status|p2a: Celesteela|par|[from] ability: Static|[of] p1a: Zapdos
|
|-weather|Sandstorm|[upkeep]
|-damage|p1a: Zapdos|68/100|[from] Sandstorm
|upkeep
|turn|3
|
|t:|1657797578
|switch|p1a: Seismitoad|Seismitoad, F|100/100
|move|p2a: Celesteela|Stone Edge|p1a: Seismitoad|[miss]
|-miss|p2a: Celesteela|p1a: Seismitoad
|
|-weather|Sandstorm|[upkeep]
|upkeep
|turn|4
|
|t:|1657797582
|switch|p2a: Toxapex|Toxapex, F|100/100
|move|p1a: Seismitoad|Stealth Rock|p2a: Toxapex
|-sidestart|p2: JooshP|move: Stealth Rock
|
|-weather|Sandstorm|[upkeep]
|-damage|p2a: Toxapex|94/100|[from] Sandstorm
|-heal|p2a: Toxapex|100/100|[from] item: Black Sludge
|upkeep
|turn|5
|
|t:|1657797585
|move|p1a: Seismitoad|Earthquake|p2a: Toxapex
|-supereffective|p2a: Toxapex
|-damage|p2a: Toxapex|49/100
|move|p2a: Toxapex|Toxic|p1a: Seismitoad
|-status|p1a: Seismitoad|tox
|
|-weather|none
|-heal|p2a: Toxapex|55/100|[from] item: Black Sludge
|-damage|p1a: Seismitoad|94/100 tox|[from] psn
|-fieldend|move: Psychic Terrain
|upkeep
|turn|6
|
|t:|1657797596
|switch|p2a: Celesteela|Celesteela|100/100 par
|-damage|p2a: Celesteela|88/100 par|[from] Stealth Rock
|move|p1a: Seismitoad|Liquidation|p2a: Celesteela
|-damage|p2a: Celesteela|58/100 par
|-unboost|p2a: Celesteela|def|1
|
|-heal|p1a: Seismitoad|100/100 tox|[from] item: Leftovers
|-damage|p1a: Seismitoad|88/100 tox|[from] psn
|upkeep
|turn|7
|
|t:|1657797605
|switch|p1a: Tapu Lele|Tapu Lele|100/100
|-fieldstart|move: Psychic Terrain|[from] ability: Psychic Surge|[of] p1a: Tapu Lele
|switch|p2a: Toxapex|Toxapex, F|89/100
|-damage|p2a: Toxapex|76/100|[from] Stealth Rock
|
|-heal|p2a: Toxapex|82/100|[from] item: Black Sludge
|upkeep
|turn|8
|
|t:|1657797615
|switch|p2a: Celesteela|Celesteela|58/100 par
|-damage|p2a: Celesteela|45/100 par|[from] Stealth Rock
|move|p1a: Tapu Lele|Psyshock|p2a: Celesteela
|-resisted|p2a: Celesteela
|-damage|p2a: Celesteela|18/100 par
|
|upkeep
|turn|9
|
|t:|1657797619
|move|p1a: Tapu Lele|Psyshock|p2a: Celesteela
|-resisted|p2a: Celesteela
|-damage|p2a: Celesteela|0 fnt
|faint|p2a: Celesteela
|
|upkeep
|
|t:|1657797625
|switch|p2a: Zapdos|Zapdos|100/100
|turn|10
|
|t:|1657797633
|switch|p1a: Seismitoad|Seismitoad, F|88/100 tox
|move|p2a: Zapdos|Discharge|p1a: Seismitoad
|-immune|p1a: Seismitoad
|
|-heal|p1a: Seismitoad|94/100 tox|[from] item: Leftovers
|-damage|p1a: Seismitoad|88/100 tox|[from] psn
|upkeep
|turn|11
|
|t:|1657797640
|switch|p2a: Toxapex|Toxapex, F|100/100
|-damage|p2a: Toxapex|88/100|[from] Stealth Rock
|switch|p1a: Tapu Lele|Tapu Lele|100/100
|
|-heal|p2a: Toxapex|94/100|[from] item: Black Sludge
|-fieldend|move: Psychic Terrain
|upkeep
|turn|12
|
|t:|1657797648
|move|p1a: Tapu Lele|Psyshock|p2a: Toxapex
|-supereffective|p2a: Toxapex
|-damage|p2a: Toxapex|34/100
|move|p2a: Toxapex|Toxic|p1a: Tapu Lele
|-status|p1a: Tapu Lele|tox
|
|-heal|p2a: Toxapex|41/100|[from] item: Black Sludge
|-damage|p1a: Tapu Lele|94/100 tox|[from] psn
|upkeep
|turn|13
|
|t:|1657797655
|switch|p2a: Zapdos|Zapdos|100/100
|move|p1a: Tapu Lele|Psyshock|p2a: Zapdos
|-damage|p2a: Zapdos|64/100
|
|-damage|p1a: Tapu Lele|82/100 tox|[from] psn
|upkeep
|turn|14
|
|t:|1657797663
|move|p1a: Tapu Lele|Moonblast|p2a: Zapdos
|-damage|p2a: Zapdos|14/100
|-unboost|p2a: Zapdos|spa|1
|move|p2a: Zapdos|Roost|p2a: Zapdos
|-heal|p2a: Zapdos|64/100
|-singleturn|p2a: Zapdos|move: Roost
|
|-damage|p1a: Tapu Lele|64/100 tox|[from] psn
|upkeep
|turn|15
|
|t:|1657797671
|switch|p1a: Tyranitar|Tyranitar, F|100/100
|-weather|Sandstorm|[from] ability: Sand Stream|[of] p1a: Tyranitar
|move|p2a: Zapdos|Roost|p2a: Zapdos
|-heal|p2a: Zapdos|100/100
|-singleturn|p2a: Zapdos|move: Roost
|
|-weather|Sandstorm|[upkeep]
|-damage|p2a: Zapdos|94/100|[from] Sandstorm
|upkeep
|turn|16
|
|t:|1657797681
|switch|p2a: Hippowdon|Hippowdon, F|100/100
|-damage|p2a: Hippowdon|94/100|[from] Stealth Rock
|move|p1a: Tyranitar|Crunch|p2a: Hippowdon
|-damage|p2a: Hippowdon|42/100
|-unboost|p2a: Hippowdon|def|1
|
|-weather|Sandstorm|[upkeep]
|-heal|p2a: Hippowdon|48/100|[from] item: Leftovers
|upkeep
|turn|17
|
|t:|1657797686
|move|p1a: Tyranitar|Crunch|p2a: Hippowdon
|-damage|p2a: Hippowdon|0 fnt
|faint|p2a: Hippowdon
|
|-weather|Sandstorm|[upkeep]
|upkeep
|
|t:|1657797690
|switch|p2a: Garchomp|Garchomp, M|100/100
|-damage|p2a: Garchomp|94/100|[from] Stealth Rock
|turn|18
|j| TuereselXokas
|j| simplegent
|
|t:|1657797701
|switch|p2a: Blacephalon|Blacephalon|100/100
|-damage|p2a: Blacephalon|76/100|[from] Stealth Rock
|switch|p1a: Buzzwole|Buzzwole|100/100
|
|-weather|Sandstorm|[upkeep]
|-damage|p2a: Blacephalon|70/100|[from] Sandstorm
|-damage|p1a: Buzzwole|94/100|[from] Sandstorm
|upkeep
|turn|19
|
|t:|1657797708
|switch|p1a: Tyranitar|Tyranitar, F|100/100
|move|p2a: Blacephalon|Flamethrower|p1a: Tyranitar
|-resisted|p1a: Tyranitar
|-damage|p1a: Tyranitar|73/100
|
|-weather|none
|upkeep
|turn|20
|
|t:|1657797719
|move|p2a: Blacephalon|Flamethrower|p1a: Tyranitar
|-resisted|p1a: Tyranitar
|-damage|p1a: Tyranitar|32/100
|move|p1a: Tyranitar|Crunch|p2a: Blacephalon
|-supereffective|p2a: Blacephalon
|-damage|p2a: Blacephalon|0 fnt
|faint|p2a: Blacephalon
|
|upkeep
|
|t:|1657797725
|switch|p2a: Garchomp|Garchomp, M|94/100
|-damage|p2a: Garchomp|88/100|[from] Stealth Rock
|turn|21
|
|t:|1657797732
|switch|p1a: Buzzwole|Buzzwole|94/100
|move|p2a: Garchomp|Earthquake|p1a: Buzzwole
|-resisted|p1a: Buzzwole
|-damage|p1a: Buzzwole|81/100
|
|upkeep
|turn|22
|
|t:|1657797741
|switch|p2a: Toxapex|Toxapex, F|74/100
|-damage|p2a: Toxapex|61/100|[from] Stealth Rock
|move|p1a: Buzzwole|Ice Punch|p2a: Toxapex
|-resisted|p2a: Toxapex
|-damage|p2a: Toxapex|55/100
|
|-heal|p2a: Toxapex|61/100|[from] item: Black Sludge
|upkeep
|turn|23
|
|t:|1657797752
|switch|p1a: Ferrothorn|Ferrothorn, M|100/100
|move|p2a: Toxapex|Knock Off|p1a: Ferrothorn
|-damage|p1a: Ferrothorn|91/100
|-damage|p2a: Toxapex|49/100|[from] ability: Iron Barbs|[of] p1a: Ferrothorn
|-enditem|p1a: Ferrothorn|Leftovers|[from] move: Knock Off|[of] p2a: Toxapex
|
|-heal|p2a: Toxapex|55/100|[from] item: Black Sludge
|upkeep
|turn|24
|
|t:|1657797758
|switch|p2a: Zapdos|Zapdos|94/100
|move|p1a: Ferrothorn|Knock Off|p2a: Zapdos
|-damage|p2a: Zapdos|79/100
|-enditem|p2a: Zapdos|Heavy-Duty Boots|[from] move: Knock Off|[of] p1a: Ferrothorn
|
|upkeep
|turn|25
|
|t:|1657797765
|switch|p1a: Seismitoad|Seismitoad, F|88/100 tox
|move|p2a: Zapdos|Defog|p1a: Seismitoad
|-unboost|p1a: Seismitoad|evasion|1
|-sideend|p2: JooshP|Stealth Rock|[from] move: Defog|[of] p2a: Zapdos
|
|-heal|p1a: Seismitoad|94/100 tox|[from] item: Leftovers
|-damage|p1a: Seismitoad|88/100 tox|[from] psn
|upkeep
|turn|26
|
|t:|1657797773
|move|p2a: Zapdos|Hurricane|p1a: Seismitoad
|-damage|p1a: Seismitoad|37/100 tox
|-start|p1a: Seismitoad|confusion
|-activate|p1a: Seismitoad|confusion
|-damage|p1a: Seismitoad|24/100 tox|[from] confusion
|
|-heal|p1a: Seismitoad|30/100 tox|[from] item: Leftovers
|-damage|p1a: Seismitoad|18/100 tox|[from] psn
|upkeep
|turn|27
|
|t:|1657797783
|switch|p1a: Zapdos|Zapdos|68/100
|move|p2a: Zapdos|Hurricane|p1a: Zapdos
|-resisted|p1a: Zapdos
|-damage|p1a: Zapdos|53/100
|
|upkeep
|turn|28
|
|t:|1657797789
|move|p2a: Zapdos|Discharge|p1a: Zapdos
|-damage|p1a: Zapdos|30/100
|move|p1a: Zapdos|Roost|p1a: Zapdos
|-heal|p1a: Zapdos|80/100
|-singleturn|p1a: Zapdos|move: Roost
|
|upkeep
|turn|29
|
|t:|1657797792
|switch|p2a: Garchomp|Garchomp, M|88/100
|move|p1a: Zapdos|Volt Switch|p2a: Garchomp
|-immune|p2a: Garchomp
|
|upkeep
|turn|30
|
|t:|1657797796
|switch|p1a: Buzzwole|Buzzwole|81/100
|move|p2a: Garchomp|Stone Edge|p1a: Buzzwole|[miss]
|-miss|p2a: Garchomp|p1a: Buzzwole
|
|upkeep
|turn|31
|
|t:|1657797800
|switch|p2a: Toxapex|Toxapex, F|88/100
|switch|p1a: Tapu Lele|Tapu Lele|64/100 tox
|-fieldstart|move: Psychic Terrain|[from] ability: Psychic Surge|[of] p1a: Tapu Lele
|
|-heal|p2a: Toxapex|94/100|[from] item: Black Sludge
|-damage|p1a: Tapu Lele|58/100 tox|[from] psn
|upkeep
|turn|32
|
|t:|1657797803
|switch|p2a: Zapdos|Zapdos|79/100
|move|p1a: Tapu Lele|Psyshock|p2a: Zapdos
|-crit|p2a: Zapdos
|-damage|p2a: Zapdos|5/100
|
|-damage|p1a: Tapu Lele|46/100 tox|[from] psn
|upkeep
|turn|33
|
|t:|1657797809
|move|p1a: Tapu Lele|Psyshock|p2a: Zapdos
|-damage|p2a: Zapdos|0 fnt
|faint|p2a: Zapdos
|
|-damage|p1a: Tapu Lele|28/100 tox|[from] psn
|upkeep
|
|t:|1657797812
|switch|p2a: Garchomp|Garchomp, M|88/100
|turn|34
|
|t:|1657797815
|switch|p1a: Buzzwole|Buzzwole|81/100
|move|p2a: Garchomp|Stone Edge|p1a: Buzzwole
|-damage|p1a: Buzzwole|63/100
|
|upkeep
|turn|35
|
|t:|1657797823
|move|p2a: Garchomp|Stone Edge|p1a: Buzzwole
|-damage|p1a: Buzzwole|46/100
|move|p1a: Buzzwole|Ice Punch|p2a: Garchomp
|-supereffective|p2a: Garchomp
|-crit|p2a: Garchomp
|-damage|p2a: Garchomp|0 fnt
|-damage|p1a: Buzzwole|34/100|[from] ability: Rough Skin|[of] p2a: Garchomp
|faint|p2a: Garchomp
|-ability|p1a: Buzzwole|Beast Boost|boost
|-boost|p1a: Buzzwole|def|1
|
|-fieldend|move: Psychic Terrain
|upkeep
|-message|JooshP forfeited.
|
|win|drag me in
|raw|drag me in's rating: 1582 &rarr; <strong>1611</strong><br />(+29 for winning)
|raw|JooshP's rating: 1740 &rarr; <strong>1711</strong><br />(-29 for losing)
|l|☆JooshP
