|j|☆Kobiisbetterthanu
|j|☆POLYKlNG
|t:|1641253848
|gametype|singles
|player|p1|Kobiisbetterthanu|1|
|player|p2|POLYKlNG|hilbert|
|teamsize|p1|6
|teamsize|p2|6
|gen|8
|tier|[Gen 8] OU
|rule|Sleep Clause Mod: Limit one foe put to sleep
|rule|Species Clause: Limit one of each Pokémon
|rule|OHKO Clause: OHKO moves are banned
|rule|Evasion Moves Clause: Evasion moves are banned
|rule|Endless Battle Clause: Forcing endless battles is banned
|rule|HP Percentage Mod: HP is shown in percentages
|rule|Dynamax Clause: You cannot dynamax
|clearpoke
|poke|p1|Scizor, F|
|poke|p1|Heracross, F|
|poke|p1|Blaziken, F|
|poke|p1|Rotom-Wash|
|poke|p1|Blastoise, M|
|poke|p1|Galvantula, M|
|poke|p2|Golurk|
|poke|p2|Latios, M|
|poke|p2|Volcarona, F|
|poke|p2|Mandibuzz, F|
|poke|p2|Clefable, M|
|poke|p2|Rillaboom, F|
|teampreview
|inactive|Battle timer is ON: inactive players will automatically lose when time's up. (requested by POLYKlNG)
|inactive|Kobiisbetterthanu also wants the timer to be on.
|j| DawnedLatias
|inactive|POLYKlNG has 270 seconds left.
|
|t:|1641253880
|start
|switch|p1a: Rotom|Rotom-Wash|100/100
|switch|p2a: Golurk|Golurk|100/100
|turn|1
|
|t:|1641253888
|move|p1a: Rotom|Hydro Pump|p2a: Golurk
|-supereffective|p2a: Golurk
|-damage|p2a: Golurk|0 fnt
|faint|p2a: Golurk
|
|upkeep
|
|t:|1641253891
|switch|p2a: Rillaboom|Rillaboom, F|100/100
|-fieldstart|move: Grassy Terrain|[from] ability: Grassy Surge|[of] p2a: Rillaboom
|turn|2
|
|t:|1641253895
|switch|p1a: Scizor|Scizor, F|100/100
|move|p2a: Rillaboom|Grassy Glide|p1a: Scizor
|-resisted|p1a: Scizor
|-damage|p1a: Scizor|79/100
|-damage|p2a: Rillaboom|91/100|[from] item: Life Orb
|
|-heal|p2a: Rillaboom|97/100|[from] Grassy Terrain
|-heal|p1a: Scizor|85/100|[from] Grassy Terrain
|upkeep
|turn|3
|
|t:|1641253902
|switch|p2a: Mandibuzz|Mandibuzz, F|100/100
|move|p1a: Scizor|Dual Wingbeat|p2a: Mandibuzz
|-damage|p2a: Mandibuzz|85/100
|-crit|p2a: Mandibuzz
|-damage|p2a: Mandibuzz|62/100
|-hitcount|p2a: Mandibuzz|2
|-damage|p1a: Scizor|75/100|[from] item: Life Orb
|
|-heal|p1a: Scizor|81/100|[from] Grassy Terrain
|upkeep
|turn|4
|
|t:|1641253920
|move|p1a: Scizor|U-turn|p2a: Mandibuzz
|-damage|p2a: Mandibuzz|30/100
|-damage|p1a: Scizor|71/100|[from] item: Life Orb
|
|t:|1641253923
|switch|p1a: Heracross|Heracross, F|100/100|[from]move: U-turn
|move|p2a: Mandibuzz|Roost|p2a: Mandibuzz
|-heal|p2a: Mandibuzz|80/100
|-singleturn|p2a: Mandibuzz|move: Roost
|
|-heal|p2a: Mandibuzz|87/100|[from] Grassy Terrain
|-status|p1a: Heracross|brn|[from] item: Flame Orb
|upkeep
|turn|5
|
|t:|1641253931
|move|p1a: Heracross|Swords Dance|p1a: Heracross
|-boost|p1a: Heracross|atk|2
|move|p2a: Mandibuzz|Foul Play|p1a: Heracross
|-resisted|p1a: Heracross
|-damage|p1a: Heracross|35/100 brn
|
|-heal|p1a: Heracross|41/100 brn|[from] Grassy Terrain
|-damage|p1a: Heracross|35/100 brn|[from] brn
|upkeep
|turn|6
|
|t:|1641253941
|move|p1a: Heracross|Close Combat|p2a: Mandibuzz
|-damage|p2a: Mandibuzz|0 fnt
|-unboost|p1a: Heracross|def|1
|-unboost|p1a: Heracross|spd|1
|faint|p2a: Mandibuzz
|
|-heal|p1a: Heracross|41/100 brn|[from] Grassy Terrain
|-damage|p1a: Heracross|35/100 brn|[from] brn
|-fieldend|move: Grassy Terrain
|upkeep
|
|t:|1641253953
|switch|p2a: Latios|Latios, M|100/100
|turn|7
|
|t:|1641253957
|move|p2a: Latios|Psychic|p1a: Heracross
|-supereffective|p1a: Heracross
|-crit|p1a: Heracross
|-damage|p1a: Heracross|0 fnt
|faint|p1a: Heracross
|
|upkeep
|
|t:|1641253965
|switch|p1a: Scizor|Scizor, F|71/100
|turn|8
|
|t:|1641253972
|switch|p2a: Clefable|Clefable, M|100/100
|move|p1a: Scizor|Dual Wingbeat|p2a: Clefable
|-damage|p2a: Clefable|78/100
|-damage|p2a: Clefable|56/100
|-hitcount|p2a: Clefable|2
|-damage|p1a: Scizor|61/100|[from] item: Life Orb
|
|-heal|p2a: Clefable|62/100|[from] item: Leftovers
|upkeep
|turn|9
|
|t:|1641253976
|switch|p2a: Volcarona|Volcarona, F|100/100
|move|p1a: Scizor|Bullet Punch|p2a: Volcarona
|-resisted|p2a: Volcarona
|-damage|p2a: Volcarona|68/100
|-damage|p1a: Scizor|51/100|[from] item: Life Orb
|
|upkeep
|turn|10
|
|t:|1641253979
|switch|p1a: Rotom|Rotom-Wash|100/100
|move|p2a: Volcarona|Flamethrower|p1a: Rotom
|-resisted|p1a: Rotom
|-damage|p1a: Rotom|74/100
|
|-heal|p1a: Rotom|81/100|[from] item: Leftovers
|upkeep
|turn|11
|
|t:|1641253984
|switch|p2a: Clefable|Clefable, M|62/100
|move|p1a: Rotom|Thunder Wave|p2a: Clefable
|-status|p2a: Clefable|par
|
|-heal|p1a: Rotom|87/100|[from] item: Leftovers
|-heal|p2a: Clefable|69/100 par|[from] item: Leftovers
|upkeep
|turn|12
|
|t:|1641253992
|move|p1a: Rotom|Hydro Pump|p2a: Clefable
|-damage|p2a: Clefable|25/100 par
|cant|p2a: Clefable|par
|
|-heal|p1a: Rotom|93/100|[from] item: Leftovers
|-heal|p2a: Clefable|31/100 par|[from] item: Leftovers
|upkeep
|turn|13
|
|t:|1641253995
|move|p1a: Rotom|Hydro Pump|p2a: Clefable
|-damage|p2a: Clefable|0 fnt
|faint|p2a: Clefable
|
|-heal|p1a: Rotom|99/100|[from] item: Leftovers
|upkeep
|
|t:|1641254000
|switch|p2a: Rillaboom|Rillaboom, F|97/100
|-fieldstart|move: Grassy Terrain|[from] ability: Grassy Surge|[of] p2a: Rillaboom
|turn|14
|
|t:|1641254005
|switch|p1a: Galvantula|Galvantula, M|100/100
|move|p2a: Rillaboom|Knock Off|p1a: Galvantula
|-damage|p1a: Galvantula|20/100
|-enditem|p1a: Galvantula|Focus Sash|[from] move: Knock Off|[of] p2a: Rillaboom
|-damage|p2a: Rillaboom|87/100|[from] item: Life Orb
|
|-heal|p1a: Galvantula|26/100|[from] Grassy Terrain
|-heal|p2a: Rillaboom|93/100|[from] Grassy Terrain
|upkeep
|turn|15
|
|t:|1641254008
|move|p2a: Rillaboom|Grassy Glide|p1a: Galvantula
|-resisted|p1a: Galvantula
|-damage|p1a: Galvantula|0 fnt
|faint|p1a: Galvantula
|-damage|p2a: Rillaboom|83/100|[from] item: Life Orb
|
|-heal|p2a: Rillaboom|89/100|[from] Grassy Terrain
|upkeep
|
|t:|1641254010
|switch|p1a: Scizor|Scizor, F|51/100
|turn|16
|
|t:|1641254018
|switch|p2a: Latios|Latios, M|100/100
|move|p1a: Scizor|U-turn|p2a: Latios
|-supereffective|p2a: Latios
|-damage|p2a: Latios|0 fnt
|faint|p2a: Latios
|-damage|p1a: Scizor|41/100|[from] item: Life Orb
|
|t:|1641254023
|switch|p1a: Blaziken|Blaziken, F|100/100|[from]move: U-turn
|
|upkeep
|
|t:|1641254026
|switch|p2a: Volcarona|Volcarona, F|68/100
|turn|17
|
|t:|1641254028
|move|p1a: Blaziken|Protect|p1a: Blaziken
|-singleturn|p1a: Blaziken|Protect
|move|p2a: Volcarona|Quiver Dance|p2a: Volcarona
|-boost|p2a: Volcarona|spa|1
|-boost|p2a: Volcarona|spd|1
|-boost|p2a: Volcarona|spe|1
|
|-heal|p2a: Volcarona|74/100|[from] Grassy Terrain
|-ability|p1a: Blaziken|Speed Boost|boost
|-boost|p1a: Blaziken|spe|1
|upkeep
|turn|18
|
|t:|1641254029
|move|p2a: Volcarona|Psychic|p1a: Blaziken
|-supereffective|p1a: Blaziken
|-damage|p1a: Blaziken|0 fnt
|faint|p1a: Blaziken
|
|-heal|p2a: Volcarona|81/100|[from] Grassy Terrain
|-fieldend|move: Grassy Terrain
|upkeep
|
|t:|1641254033
|switch|p1a: Blastoise|Blastoise, M|100/100
|turn|19
|
|t:|1641254039
|move|p2a: Volcarona|Quiver Dance|p2a: Volcarona
|-boost|p2a: Volcarona|spa|1
|-boost|p2a: Volcarona|spd|1
|-boost|p2a: Volcarona|spe|1
|move|p1a: Blastoise|Shell Smash|p1a: Blastoise
|-unboost|p1a: Blastoise|def|1
|-unboost|p1a: Blastoise|spd|1
|-boost|p1a: Blastoise|atk|2
|-boost|p1a: Blastoise|spa|2
|-boost|p1a: Blastoise|spe|2
|-enditem|p1a: Blastoise|White Herb
|-clearnegativeboost|p1a: Blastoise|[silent]
|
|upkeep
|turn|20
|l| DawnedLatias
|
|t:|1641254066
|move|p2a: Volcarona|Bug Buzz|p1a: Blastoise
|-damage|p1a: Blastoise|0 fnt
|faint|p1a: Blastoise
|
|upkeep
|
|t:|1641254071
|switch|p1a: Scizor|Scizor, F|41/100
|turn|21
|
|t:|1641254074
|move|p1a: Scizor|Bullet Punch|p2a: Volcarona
|-resisted|p2a: Volcarona
|-damage|p2a: Volcarona|50/100
|-damage|p1a: Scizor|31/100|[from] item: Life Orb
|move|p2a: Volcarona|Flamethrower|p1a: Scizor
|-supereffective|p1a: Scizor
|-damage|p1a: Scizor|0 fnt
|faint|p1a: Scizor
|
|upkeep
|
|t:|1641254077
|switch|p1a: Rotom|Rotom-Wash|99/100
|turn|22
|
|t:|1641254079
|move|p2a: Volcarona|Bug Buzz|p1a: Rotom
|-damage|p1a: Rotom|0 fnt
|faint|p1a: Rotom
|
|win|POLYKlNG
