|j|☆Red rushun
|j|☆TheManiacOfPkmn
|t:|1654518666
|gametype|singles
|player|p1|Red rushun|clair|1377
|player|p2|TheManiacOfPkmn|giovanni|1433
|teamsize|p1|6
|teamsize|p2|6
|gen|8
|tier|[Gen 8] OU
|rated|
|rule|Sleep Clause Mod: Limit one foe put to sleep
|rule|Species Clause: Limit one of each Pokémon
|rule|OHKO Clause: OHKO moves are banned
|rule|Evasion Moves Clause: Evasion moves are banned
|rule|Endless Battle Clause: Forcing endless battles is banned
|rule|HP Percentage Mod: HP is shown in percentages
|rule|Dynamax Clause: You cannot dynamax
|clearpoke
|poke|p1|Dracozolt|
|poke|p1|Corviknight, M|
|poke|p1|Hippowdon, F|
|poke|p1|Gastrodon, F|
|poke|p1|Excadrill, M|
|poke|p1|Tyranitar, M|
|poke|p2|Tyranitar, F|
|poke|p2|Hawlucha, F|
|poke|p2|Tapu Koko|
|poke|p2|Volcanion|
|poke|p2|Weavile, F|
|poke|p2|Garchomp, F|
|teampreview
|inactive|Battle timer is ON: inactive players will automatically lose when time's up. (requested by TheManiacOfPkmn)
|
|t:|1654518698
|start
|switch|p1a: Hippowdon|Hippowdon, F|100/100
|switch|p2a: Hot Cocoa|Tapu Koko|100/100
|-fieldstart|move: Electric Terrain|[from] ability: Electric Surge|[of] p2a: Hot Cocoa
|-weather|Sandstorm|[from] ability: Sand Stream|[of] p1a: Hippowdon
|turn|1
|
|t:|1654518707
|move|p2a: Hot Cocoa|Reflect|p2a: Hot Cocoa
|-sidestart|p2: TheManiacOfPkmn|Reflect
|move|p1a: Hippowdon|Stealth Rock|p2a: Hot Cocoa
|-sidestart|p2: TheManiacOfPkmn|move: Stealth Rock
|
|-weather|Sandstorm|[upkeep]
|-damage|p2a: Hot Cocoa|94/100|[from] Sandstorm
|upkeep
|turn|2
|
|t:|1654518715
|move|p2a: Hot Cocoa|Light Screen|p2a: Hot Cocoa
|-sidestart|p2: TheManiacOfPkmn|move: Light Screen
|move|p1a: Hippowdon|Earthquake|p2a: Hot Cocoa
|-supereffective|p2a: Hot Cocoa
|-damage|p2a: Hot Cocoa|33/100
|
|-weather|Sandstorm|[upkeep]
|-damage|p2a: Hot Cocoa|27/100|[from] Sandstorm
|upkeep
|turn|3
|
|t:|1654518722
|move|p2a: Hot Cocoa|U-turn|p1a: Hippowdon
|-damage|p1a: Hippowdon|86/100
|
|t:|1654518724
|switch|p2a: Praise the Lord|Hawlucha, F|100/100|[from]move: U-turn
|-damage|p2a: Praise the Lord|88/100|[from] Stealth Rock
|-enditem|p2a: Praise the Lord|Electric Seed
|-boost|p2a: Praise the Lord|def|1|[from] item: Electric Seed
|move|p1a: Hippowdon|Ice Fang|p2a: Praise the Lord
|-supereffective|p2a: Praise the Lord
|-damage|p2a: Praise the Lord|64/100
|
|-weather|Sandstorm|[upkeep]
|-damage|p2a: Praise the Lord|58/100|[from] Sandstorm
|-heal|p1a: Hippowdon|92/100|[from] item: Leftovers
|upkeep
|turn|4
|
|t:|1654518754
|move|p2a: Praise the Lord|Swords Dance|p2a: Praise the Lord
|-boost|p2a: Praise the Lord|atk|2
|move|p1a: Hippowdon|Ice Fang|p2a: Praise the Lord
|-supereffective|p2a: Praise the Lord
|-damage|p2a: Praise the Lord|38/100
|-status|p2a: Praise the Lord|frz
|
|-weather|Sandstorm|[upkeep]
|-damage|p2a: Praise the Lord|32/100 frz|[from] Sandstorm
|-heal|p1a: Hippowdon|98/100|[from] item: Leftovers
|upkeep
|turn|5
|c|☆TheManiacOfPkmn|...
|
|t:|1654518772
|cant|p2a: Praise the Lord|frz
|move|p1a: Hippowdon|Ice Fang|p2a: Praise the Lord
|-supereffective|p2a: Praise the Lord
|-damage|p2a: Praise the Lord|11/100 frz
|
|-weather|none
|-heal|p1a: Hippowdon|100/100|[from] item: Leftovers
|-fieldend|move: Electric Terrain
|upkeep
|turn|6
|c|☆TheManiacOfPkmn|are ya kidding me
|
|t:|1654518789
|cant|p2a: Praise the Lord|frz
|move|p1a: Hippowdon|Ice Fang|p2a: Praise the Lord
|-supereffective|p2a: Praise the Lord
|-damage|p2a: Praise the Lord|0 fnt
|faint|p2a: Praise the Lord
|
|upkeep
|
|t:|1654518794
|switch|p2a: Godzilla|Tyranitar, F|100/100
|-damage|p2a: Godzilla|88/100|[from] Stealth Rock
|-weather|Sandstorm|[from] ability: Sand Stream|[of] p2a: Godzilla
|turn|7
|
|t:|1654518800
|move|p2a: Godzilla|Dragon Dance|p2a: Godzilla
|-boost|p2a: Godzilla|atk|1
|-boost|p2a: Godzilla|spe|1
|move|p1a: Hippowdon|Earthquake|p2a: Godzilla
|-supereffective|p2a: Godzilla
|-damage|p2a: Godzilla|41/100
|-enditem|p2a: Godzilla|Weakness Policy
|-boost|p2a: Godzilla|atk|2|[from] item: Weakness Policy
|-boost|p2a: Godzilla|spa|2|[from] item: Weakness Policy
|
|-weather|Sandstorm|[upkeep]
|upkeep
|turn|8
|
|t:|1654518810
|move|p2a: Godzilla|Ice Punch|p1a: Hippowdon
|-supereffective|p1a: Hippowdon
|-damage|p1a: Hippowdon|0 fnt
|faint|p1a: Hippowdon
|
|-weather|Sandstorm|[upkeep]
|-sideend|p2: TheManiacOfPkmn|Reflect
|upkeep
|
|t:|1654518822
|switch|p1a: Dracozolt|Dracozolt, shiny|100/100
|turn|9
|
|t:|1654518833
|move|p1a: Dracozolt|Bolt Beak|p2a: Godzilla
|-damage|p2a: Godzilla|0 fnt
|faint|p2a: Godzilla
|-damage|p1a: Dracozolt|91/100|[from] item: Life Orb
|
|-weather|Sandstorm|[upkeep]
|-sideend|p2: TheManiacOfPkmn|move: Light Screen
|upkeep
|
|t:|1654518837
|switch|p2a: Gigachomp|Garchomp, F|100/100
|-damage|p2a: Gigachomp|94/100|[from] Stealth Rock
|turn|10
|
|t:|1654518841
|move|p2a: Gigachomp|Swords Dance|p2a: Gigachomp
|-boost|p2a: Gigachomp|atk|2
|move|p1a: Dracozolt|Dragon Tail|p2a: Gigachomp
|-supereffective|p2a: Gigachomp
|-damage|p2a: Gigachomp|27/100
|-damage|p1a: Dracozolt|78/100|[from] ability: Rough Skin|[of] p2a: Gigachomp
|-damage|p1a: Dracozolt|68/100|[from] item: Life Orb
|drag|p2a: Hot Cocoa|Tapu Koko|27/100
|-damage|p2a: Hot Cocoa|14/100|[from] Stealth Rock
|-fieldstart|move: Electric Terrain|[from] ability: Electric Surge|[of] p2a: Hot Cocoa
|
|-weather|Sandstorm|[upkeep]
|-damage|p2a: Hot Cocoa|8/100|[from] Sandstorm
|upkeep
|turn|11
|
|t:|1654518857
|move|p1a: Dracozolt|Earthquake|p2a: Hot Cocoa
|-supereffective|p2a: Hot Cocoa
|-damage|p2a: Hot Cocoa|0 fnt
|faint|p2a: Hot Cocoa
|-damage|p1a: Dracozolt|58/100|[from] item: Life Orb
|
|-weather|none
|upkeep
|c|☆TheManiacOfPkmn|fuck this shit
|-message|TheManiacOfPkmn forfeited.
|
|win|Red rushun
|raw|Red rushun's rating: 1377 &rarr; <strong>1400</strong><br />(+23 for winning)
|raw|TheManiacOfPkmn's rating: 1433 &rarr; <strong>1410</strong><br />(-23 for losing)
|l|☆TheManiacOfPkmn
|c|☆Red rushun|you are rude
||Ladder isn't responding, score probably updated but might not have (Request timeout).
