|html|<div class="broadcast-blue"><strong>[Gen 8] OU is currently suspecting Melmetal! For information on how to participate check out the <a href="https://www.smogon.com/forums/threads/np-ss-ou-suspect-process-round-12-monster-mash.3709234/">suspect thread</a>.</strong></div>
|j|☆dunkeykong5
|j|☆i know im horrible
|t:|1666377063
|gametype|singles
|player|p1|dunkeykong5|tuli|1526
|player|p2|i know im horrible|101|1467
|teamsize|p1|6
|teamsize|p2|6
|gen|8
|tier|[Gen 8] OU
|rated|
|rule|Sleep Clause Mod: Limit one foe put to sleep
|rule|Species Clause: Limit one of each Pokémon
|rule|OHKO Clause: OHKO moves are banned
|rule|Evasion Items Clause: Evasion items are banned
|rule|Evasion Moves Clause: Evasion moves are banned
|rule|Endless Battle Clause: Forcing endless battles is banned
|rule|HP Percentage Mod: HP is shown in percentages
|rule|Dynamax Clause: You cannot dynamax
|clearpoke
|poke|p1|Regieleki|
|poke|p1|Melmetal|
|poke|p1|Slowking-Galar, F|
|poke|p1|Buzzwole|
|poke|p1|Mandibuzz, F|
|poke|p1|Mamoswine, F|
|poke|p2|Tapu Koko|
|poke|p2|Hawlucha, M|
|poke|p2|Zeraora|
|poke|p2|Regieleki|
|poke|p2|Melmetal|
|poke|p2|Klefki, F|
|teampreview
|
|t:|1666377071
|start
|switch|p1a: Mamoswine|Mamoswine, F, shiny|100/100
|switch|p2a: Klefki|Klefki, F|100/100
|turn|1
|inactive|Battle timer is ON: inactive players will automatically lose when time's up. (requested by i know im horrible)
|
|t:|1666377078
|switch|p1a: Melmetal|Melmetal, shiny|100/100
|move|p2a: Klefki|Switcheroo|p1a: Melmetal
|-activate|p2a: Klefki|move: Trick|[of] p1a: Melmetal
|-item|p1a: Melmetal|Ring Target|[from] move: Switcheroo
|-item|p2a: Klefki|Protective Pads|[from] move: Switcheroo
|
|upkeep
|turn|2
|
|t:|1666377083
|move|p2a: Klefki|Reflect|p2a: Klefki
|-sidestart|p2: i know im horrible|Reflect
|move|p1a: Melmetal|Double Iron Bash|p2a: Klefki
|-damage|p2a: Klefki|83/100
|-damage|p2a: Klefki|65/100
|-hitcount|p2a: Klefki|2
|
|upkeep
|turn|3
|
|t:|1666377089
|move|p2a: Klefki|Spikes|p1a: Melmetal
|-sidestart|p1: dunkeykong5|Spikes
|move|p1a: Melmetal|Double Iron Bash|p2a: Klefki
|-damage|p2a: Klefki|47/100
|-damage|p2a: Klefki|29/100
|-hitcount|p2a: Klefki|2
|
|upkeep
|turn|4
|
|t:|1666377099
|move|p2a: Klefki|Spikes|p1a: Melmetal
|-sidestart|p1: dunkeykong5|Spikes
|move|p1a: Melmetal|Thunder Wave|p2a: Klefki
|-status|p2a: Klefki|par
|
|upkeep
|turn|5
|
|t:|1666377102
|switch|p1a: Mandibuzz|Mandibuzz, F, shiny|100/100
|move|p2a: Klefki|Spikes|p1a: Mandibuzz
|-sidestart|p1: dunkeykong5|Spikes
|
|upkeep
|turn|6
|
|t:|1666377105
|move|p2a: Klefki|Thunder Wave|p1a: Mandibuzz
|-hint|Since gen 7, Dark is immune to Prankster moves.
|-immune|p1a: Mandibuzz
|move|p1a: Mandibuzz|Defog|p2a: Klefki
|-unboost|p2a: Klefki|evasion|1
|-sideend|p2: i know im horrible|Reflect
|-sideend|p1: dunkeykong5|Spikes|[from] move: Defog|[of] p1a: Mandibuzz
|
|upkeep
|turn|7
|
|t:|1666377112
|move|p2a: Klefki|Spikes|p1a: Mandibuzz
|-sidestart|p1: dunkeykong5|Spikes
|move|p1a: Mandibuzz|U-turn|p2a: Klefki
|-resisted|p2a: Klefki
|-damage|p2a: Klefki|27/100 par
|
|t:|1666377116
|switch|p1a: Regieleki|Regieleki, shiny|100/100|[from]move: U-turn
|-damage|p1a: Regieleki|88/100|[from] Spikes
|
|upkeep
|turn|8
|
|t:|1666377123
|switch|p2a: Zeraora|Zeraora|100/100
|move|p1a: Regieleki|Volt Switch|p2a: Zeraora
|-immune|p2a: Zeraora|[from] ability: Volt Absorb
|
|upkeep
|turn|9
|
|t:|1666377128
|switch|p1a: Buzzwole|Buzzwole, shiny|100/100
|-damage|p1a: Buzzwole|88/100|[from] Spikes
|move|p2a: Zeraora|Knock Off|p1a: Buzzwole
|-resisted|p1a: Buzzwole
|-damage|p1a: Buzzwole|80/100
|-damage|p2a: Zeraora|84/100|[from] item: Rocky Helmet|[of] p1a: Buzzwole
|-enditem|p1a: Buzzwole|Rocky Helmet|[from] move: Knock Off|[of] p2a: Zeraora
|
|upkeep
|turn|10
|
|t:|1666377133
|switch|p2a: Tapu Koko|Tapu Koko|100/100
|-fieldstart|move: Electric Terrain|[from] ability: Electric Surge|[of] p2a: Tapu Koko
|move|p1a: Buzzwole|Toxic|p2a: Tapu Koko
|-status|p2a: Tapu Koko|tox
|
|-damage|p2a: Tapu Koko|94/100 tox|[from] psn
|upkeep
|turn|11
|
|t:|1666377137
|switch|p1a: Slowking|Slowking-Galar, F|100/100
|-damage|p1a: Slowking|88/100|[from] Spikes
|move|p2a: Tapu Koko|Volt Switch|p1a: Slowking
|-damage|p1a: Slowking|70/100
|
|t:|1666377139
|switch|p2a: Zeraora|Zeraora|84/100|[from]move: Volt Switch
|
|upkeep
|turn|12
|
|t:|1666377142
|switch|p1a: Buzzwole|Buzzwole, shiny|80/100
|-damage|p1a: Buzzwole|68/100|[from] Spikes
|move|p2a: Zeraora|Plasma Fists|p1a: Buzzwole
|-damage|p1a: Buzzwole|37/100
|-fieldactivate|move: Ion Deluge
|-hint|Normal-type moves become Electric-type after using Plasma Fists.
|
|upkeep
|turn|13
|
|t:|1666377155
|switch|p2a: Regieleki|Regieleki|100/100
|move|p1a: Buzzwole|Roost|p1a: Buzzwole
|-heal|p1a: Buzzwole|88/100
|-singleturn|p1a: Buzzwole|move: Roost
|
|upkeep
|turn|14
|
|t:|1666377163
|switch|p2a: Melmetal|Melmetal|100/100
|switch|p1a: Mamoswine|Mamoswine, F, shiny|100/100
|-damage|p1a: Mamoswine|88/100|[from] Spikes
|
|-fieldend|move: Electric Terrain
|upkeep
|turn|15
|
|t:|1666377169
|switch|p1a: Buzzwole|Buzzwole, shiny|88/100
|-damage|p1a: Buzzwole|75/100|[from] Spikes
|move|p2a: Melmetal|Double Iron Bash|p1a: Buzzwole
|-damage|p1a: Buzzwole|53/100
|-damage|p1a: Buzzwole|33/100
|-hitcount|p1a: Buzzwole|2
|
|upkeep
|turn|16
|
|t:|1666377175
|switch|p2a: Regieleki|Regieleki|100/100
|move|p1a: Buzzwole|Roost|p1a: Buzzwole
|-heal|p1a: Buzzwole|83/100
|-singleturn|p1a: Buzzwole|move: Roost
|
|upkeep
|turn|17
|
|t:|1666377179
|switch|p2a: Melmetal|Melmetal|100/100
|switch|p1a: Mamoswine|Mamoswine, F, shiny|88/100
|-damage|p1a: Mamoswine|76/100|[from] Spikes
|
|upkeep
|turn|18
|
|t:|1666377182
|switch|p1a: Buzzwole|Buzzwole, shiny|83/100
|-damage|p1a: Buzzwole|71/100|[from] Spikes
|move|p2a: Melmetal|Double Iron Bash|p1a: Buzzwole
|-damage|p1a: Buzzwole|51/100
|-damage|p1a: Buzzwole|30/100
|-hitcount|p1a: Buzzwole|2
|
|upkeep
|turn|19
|
|t:|1666377186
|switch|p2a: Tapu Koko|Tapu Koko|94/100 tox
|-fieldstart|move: Electric Terrain|[from] ability: Electric Surge|[of] p2a: Tapu Koko
|move|p1a: Buzzwole|Roost|p1a: Buzzwole
|-heal|p1a: Buzzwole|80/100
|-singleturn|p1a: Buzzwole|move: Roost
|
|-damage|p2a: Tapu Koko|88/100 tox|[from] psn
|upkeep
|turn|20
|
|t:|1666377190
|switch|p1a: Slowking|Slowking-Galar, F|100/100
|-damage|p1a: Slowking|88/100|[from] Spikes
|move|p2a: Tapu Koko|Dazzling Gleam|p1a: Slowking
|-resisted|p1a: Slowking
|-damage|p1a: Slowking|80/100
|
|-damage|p2a: Tapu Koko|76/100 tox|[from] psn
|upkeep
|turn|21
|
|t:|1666377195
|move|p2a: Tapu Koko|Volt Switch|p1a: Slowking
|-damage|p1a: Slowking|64/100
|
|t:|1666377197
|switch|p2a: Melmetal|Melmetal|100/100|[from]move: Volt Switch
|move|p1a: Slowking|Future Sight|p2a: Melmetal
|-start|p1a: Slowking|move: Future Sight
|
|upkeep
|turn|22
|
|t:|1666377207
|switch|p1a: Buzzwole|Buzzwole, shiny|80/100
|-damage|p1a: Buzzwole|67/100|[from] Spikes
|move|p2a: Melmetal|Double Iron Bash|p1a: Buzzwole
|-damage|p1a: Buzzwole|46/100
|-damage|p1a: Buzzwole|25/100
|-hitcount|p1a: Buzzwole|2
|
|upkeep
|turn|23
|
|t:|1666377211
|move|p1a: Buzzwole|Roost|p1a: Buzzwole
|-heal|p1a: Buzzwole|75/100
|-singleturn|p1a: Buzzwole|move: Roost
|move|p2a: Melmetal|Thunder Punch|p1a: Buzzwole
|-damage|p1a: Buzzwole|54/100
|
|-end|p2a: Melmetal|move: Future Sight
|-resisted|p2a: Melmetal
|-damage|p2a: Melmetal|74/100
|-fieldend|move: Electric Terrain
|upkeep
|turn|24
|
|t:|1666377217
|switch|p2a: Tapu Koko|Tapu Koko|76/100 tox
|-fieldstart|move: Electric Terrain|[from] ability: Electric Surge|[of] p2a: Tapu Koko
|move|p1a: Buzzwole|Roost|p1a: Buzzwole
|-heal|p1a: Buzzwole|100/100
|-singleturn|p1a: Buzzwole|move: Roost
|
|-damage|p2a: Tapu Koko|70/100 tox|[from] psn
|upkeep
|turn|25
|
|t:|1666377220
|switch|p1a: Mamoswine|Mamoswine, F, shiny|76/100
|-damage|p1a: Mamoswine|63/100|[from] Spikes
|move|p2a: Tapu Koko|Volt Switch|p1a: Mamoswine
|-immune|p1a: Mamoswine
|
|-damage|p2a: Tapu Koko|58/100 tox|[from] psn
|upkeep
|turn|26
|
|t:|1666377227
|move|p2a: Tapu Koko|Dazzling Gleam|p1a: Mamoswine
|-damage|p1a: Mamoswine|18/100
|move|p1a: Mamoswine|Earthquake|p2a: Tapu Koko
|-supereffective|p2a: Tapu Koko
|-damage|p2a: Tapu Koko|0 fnt
|faint|p2a: Tapu Koko
|
|upkeep
|
|t:|1666377231
|switch|p2a: Hawlucha|Hawlucha, M|100/100
|-enditem|p2a: Hawlucha|Electric Seed
|-boost|p2a: Hawlucha|def|1|[from] item: Electric Seed
|turn|27
|
|t:|1666377240
|switch|p1a: Mandibuzz|Mandibuzz, F, shiny|100/100
|move|p2a: Hawlucha|Swords Dance|p2a: Hawlucha
|-boost|p2a: Hawlucha|atk|2
|
|upkeep
|turn|28
|
|t:|1666377243
|move|p2a: Hawlucha|Stone Edge|p1a: Mandibuzz|[miss]
|-miss|p2a: Hawlucha|p1a: Mandibuzz
|move|p1a: Mandibuzz|Foul Play|p2a: Hawlucha
|-resisted|p2a: Hawlucha
|-damage|p2a: Hawlucha|67/100
|
|-fieldend|move: Electric Terrain
|upkeep
|turn|29
|
|t:|1666377246
|move|p2a: Hawlucha|Stone Edge|p1a: Mandibuzz
|-supereffective|p1a: Mandibuzz
|-damage|p1a: Mandibuzz|22/100
|move|p1a: Mandibuzz|Foul Play|p2a: Hawlucha
|-resisted|p2a: Hawlucha
|-damage|p2a: Hawlucha|30/100
|
|upkeep
|turn|30
|
|t:|1666377249
|move|p2a: Hawlucha|Acrobatics|p1a: Mandibuzz
|-damage|p1a: Mandibuzz|0 fnt
|faint|p1a: Mandibuzz
|
|upkeep
|
|t:|1666377251
|switch|p1a: Mamoswine|Mamoswine, F, shiny|18/100
|-damage|p1a: Mamoswine|6/100|[from] Spikes
|turn|31
|
|t:|1666377254
|move|p1a: Mamoswine|Ice Shard|p2a: Hawlucha
|-supereffective|p2a: Hawlucha
|-damage|p2a: Hawlucha|0 fnt
|faint|p2a: Hawlucha
|
|upkeep
|
|t:|1666377258
|switch|p2a: Zeraora|Zeraora|84/100
|turn|32
|
|t:|1666377266
|move|p1a: Mamoswine|Ice Shard|p2a: Zeraora
|-damage|p2a: Zeraora|36/100
|move|p2a: Zeraora|Knock Off|p1a: Mamoswine
|-damage|p1a: Mamoswine|0 fnt
|-enditem|p1a: Mamoswine|Choice Band|[from] move: Knock Off|[of] p2a: Zeraora
|faint|p1a: Mamoswine
|
|upkeep
|
|t:|1666377270
|switch|p1a: Buzzwole|Buzzwole, shiny|100/100
|-damage|p1a: Buzzwole|88/100|[from] Spikes
|turn|33
|
|t:|1666377274
|switch|p2a: Klefki|Klefki, F|27/100 par
|move|p1a: Buzzwole|Drain Punch|p2a: Klefki
|-damage|p2a: Klefki|0 fnt
|-heal|p1a: Buzzwole|98/100|[from] drain|[of] p2a: Klefki
|faint|p2a: Klefki
|-ability|p1a: Buzzwole|Beast Boost|boost
|-boost|p1a: Buzzwole|def|1
|
|upkeep
|
|t:|1666377277
|switch|p2a: Regieleki|Regieleki|100/100
|turn|34
|
|t:|1666377289
|switch|p1a: Slowking|Slowking-Galar, F|98/100
|-damage|p1a: Slowking|85/100|[from] Spikes
|move|p2a: Regieleki|Thunderbolt|p1a: Slowking
|-damage|p1a: Slowking|47/100
|
|upkeep
|turn|35
|
|t:|1666377294
|move|p2a: Regieleki|Thunderbolt|p1a: Slowking
|-damage|p1a: Slowking|7/100
|move|p1a: Slowking|Earthquake|p2a: Regieleki
|-supereffective|p2a: Regieleki
|-damage|p2a: Regieleki|37/100
|
|upkeep
|turn|36
|
|t:|1666377314
|switch|p1a: Melmetal|Melmetal, shiny|100/100
|-damage|p1a: Melmetal|88/100|[from] Spikes
|move|p2a: Regieleki|Thunderbolt|p1a: Melmetal
|-damage|p1a: Melmetal|0 fnt
|faint|p1a: Melmetal
|
|upkeep
|
|t:|1666377317
|switch|p1a: Regieleki|Regieleki, shiny|88/100
|-damage|p1a: Regieleki|76/100|[from] Spikes
|turn|37
|
|t:|1666377321
|switch|p2a: Zeraora|Zeraora|36/100
|move|p1a: Regieleki|Rapid Spin|p2a: Zeraora
|-damage|p2a: Zeraora|21/100
|-boost|p1a: Regieleki|spe|1
|-sideend|p1: dunkeykong5|Spikes|[from] move: Rapid Spin|[of] p1a: Regieleki
|
|upkeep
|turn|38
|
|t:|1666377329
|switch|p1a: Buzzwole|Buzzwole, shiny|98/100
|move|p2a: Zeraora|Knock Off|p1a: Buzzwole
|-resisted|p1a: Buzzwole
|-damage|p1a: Buzzwole|94/100
|
|upkeep
|turn|39
|
|t:|1666377333
|switch|p2a: Melmetal|Melmetal|74/100
|move|p1a: Buzzwole|Drain Punch|p2a: Melmetal
|-supereffective|p2a: Melmetal
|-enditem|p2a: Melmetal|Chople Berry|[eat]
|-enditem|p2a: Melmetal|Chople Berry|[weaken]
|-damage|p2a: Melmetal|55/100
|-heal|p1a: Buzzwole|100/100|[from] drain|[of] p2a: Melmetal
|
|upkeep
|turn|40
|
|t:|1666377343
|move|p1a: Buzzwole|Drain Punch|p2a: Melmetal
|-supereffective|p2a: Melmetal
|-damage|p2a: Melmetal|19/100
|move|p2a: Melmetal|Thunder Punch|p1a: Buzzwole
|-damage|p1a: Buzzwole|83/100
|-status|p1a: Buzzwole|par
|
|upkeep
|turn|41
|
|t:|1666377346
|move|p2a: Melmetal|Double Iron Bash|p1a: Buzzwole
|-damage|p1a: Buzzwole|63/100 par
|-damage|p1a: Buzzwole|41/100 par
|-hitcount|p1a: Buzzwole|2
|cant|p1a: Buzzwole|flinch
|
|upkeep
|turn|42
|
|t:|1666377350
|move|p2a: Melmetal|Double Iron Bash|p1a: Buzzwole
|-damage|p1a: Buzzwole|21/100 par
|-damage|p1a: Buzzwole|1/100 par
|-hitcount|p1a: Buzzwole|2
|cant|p1a: Buzzwole|flinch
|
|upkeep
|turn|43
|
|t:|1666377356
|move|p2a: Melmetal|Double Iron Bash|p1a: Buzzwole
|-damage|p1a: Buzzwole|0 fnt
|faint|p1a: Buzzwole
|-hitcount|p1: Buzzwole|1
|
|upkeep
|
|t:|1666377359
|switch|p1a: Regieleki|Regieleki, shiny|76/100
|turn|44
|
|t:|1666377363
|move|p1a: Regieleki|Volt Switch|p2a: Melmetal
|-damage|p2a: Melmetal|0 fnt
|faint|p2a: Melmetal
|
|t:|1666377364
|switch|p1a: Slowking|Slowking-Galar, F|40/100|[from]move: Volt Switch
|
|upkeep
|
|t:|1666377367
|switch|p2a: Zeraora|Zeraora|21/100
|turn|45
|
|t:|1666377370
|move|p2a: Zeraora|Knock Off|p1a: Slowking
|-supereffective|p1a: Slowking
|-damage|p1a: Slowking|0 fnt
|-enditem|p1a: Slowking|Assault Vest|[from] move: Knock Off|[of] p2a: Zeraora
|faint|p1a: Slowking
|
|upkeep
|
|t:|1666377372
|switch|p1a: Regieleki|Regieleki, shiny|76/100
|turn|46
|
|t:|1666377375
|move|p1a: Regieleki|Ancient Power|p2a: Zeraora
|-damage|p2a: Zeraora|0 fnt
|-boost|p1a: Regieleki|atk|1
|-boost|p1a: Regieleki|def|1
|-boost|p1a: Regieleki|spa|1
|-boost|p1a: Regieleki|spd|1
|-boost|p1a: Regieleki|spe|1
|faint|p2a: Zeraora
|
|upkeep
|
|t:|1666377379
|switch|p2a: Regieleki|Regieleki|37/100
|turn|47
|
|t:|1666377380
|move|p1a: Regieleki|Ancient Power|p2a: Regieleki
|-damage|p2a: Regieleki|0 fnt
|faint|p2a: Regieleki
|
|win|dunkeykong5
|raw|dunkeykong5's rating: 1526 &rarr; <strong>1543</strong><br />(+17 for winning)
|raw|i know im horrible's rating: 1467 &rarr; <strong>1450</strong><br />(-17 for losing)
|l|☆i know im horrible
