|raw|<div class="broadcast-blue"><strong>This battle is required to be public due to a player having a name starting with 'lt91bb'.</div>
|j|☆antarctozolt
|j|☆LT91BB PDC
|t:|1659158062
|gametype|singles
|player|p1|antarctozolt|skier|1936
|player|p2|LT91BB PDC|ethan|1878
|teamsize|p1|6
|teamsize|p2|6
|gen|8
|tier|[Gen 8] OU
|rated|
|rule|Sleep Clause Mod: Limit one foe put to sleep
|rule|Species Clause: Limit one of each Pokémon
|rule|OHKO Clause: OHKO moves are banned
|rule|Evasion Moves Clause: Evasion moves are banned
|rule|Endless Battle Clause: Forcing endless battles is banned
|rule|HP Percentage Mod: HP is shown in percentages
|rule|Dynamax Clause: You cannot dynamax
|clearpoke
|poke|p1|Cresselia, F|
|poke|p1|Clefable, F|
|poke|p1|Quagsire, F|
|poke|p1|Skarmory, F|
|poke|p1|Zapdos|
|poke|p1|Toxapex, M|
|poke|p2|Garchomp, F|
|poke|p2|Dragapult, F|
|poke|p2|Heatran, F|
|poke|p2|Scizor, M|
|poke|p2|Weavile, M|
|poke|p2|Zapdos|
|teampreview
|j| Mimikyu Stardust
|j| Barracades
|inactive|Battle timer is ON: inactive players will automatically lose when time's up. (requested by antarctozolt)
|j| Aurella
|j| lt91bb star
|j| Aurora
|inactive|LT91BB PDC has 120 seconds left.
|j|+spoo
|j| LT91BB Tace
|j| tsnsj
|j| lt91bb aqua
|j| LT91BB ScarW
|
|t:|1659158152
|start
|switch|p1a: Toxapex|Toxapex, M|100/100
|switch|p2a: Heatran|Heatran, F|100/100
|-item|p2a: Heatran|Air Balloon
|turn|1
|l|+spoo
|j| pop smoke
|j| reymaki
|inactive|LT91BB PDC has 120 seconds left.
|
|t:|1659158183
|switch|p2a: Zapdos|Zapdos|100/100
|move|p1a: Toxapex|Toxic Spikes|p2a: Zapdos
|-sidestart|p2: LT91BB PDC|move: Toxic Spikes
|
|upkeep
|turn|2
|j| stenrn
|
|t:|1659158188
|move|p2a: Zapdos|Discharge|p1a: Toxapex
|-supereffective|p1a: Toxapex
|-damage|p1a: Toxapex|53/100
|move|p1a: Toxapex|Toxic|p2a: Zapdos
|-status|p2a: Zapdos|tox
|
|-damage|p2a: Zapdos|94/100 tox|[from] psn
|upkeep
|turn|3
|
|t:|1659158195
|switch|p1a: Clefable|Clefable, F|100/100
|move|p2a: Zapdos|Volt Switch|p1a: Clefable
|-damage|p1a: Clefable|72/100
|j| Moonprinsec
|
|t:|1659158202
|switch|p2a: Heatran|Heatran, F|100/100|[from]move: Volt Switch
|-item|p2a: Heatran|Air Balloon
|
|upkeep
|turn|4
|
|t:|1659158205
|switch|p1a: Quagsire|Quagsire, F|100/100
|move|p2a: Heatran|Magma Storm|p1a: Quagsire
|-resisted|p1a: Quagsire
|-damage|p1a: Quagsire|75/100
|-activate|p1a: Quagsire|move: Magma Storm|[of] p2a: Heatran
|
|-heal|p1a: Quagsire|81/100|[from] item: Leftovers
|-damage|p1a: Quagsire|69/100|[from] move: Magma Storm|[partiallytrapped]
|upkeep
|turn|5
|j| Euquerotchu
|
|t:|1659158212
|move|p2a: Heatran|Earth Power|p1a: Quagsire
|-damage|p1a: Quagsire|38/100
|move|p1a: Quagsire|Scald|p2a: Heatran
|-supereffective|p2a: Heatran
|-damage|p2a: Heatran|71/100
|-enditem|p2a: Heatran|Air Balloon
|
|-heal|p1a: Quagsire|45/100|[from] item: Leftovers
|-damage|p1a: Quagsire|32/100|[from] move: Magma Storm|[partiallytrapped]
|upkeep
|turn|6
|j| Iamextremelyboring
|inactive|LT91BB PDC has 120 seconds left.
|inactive|antarctozolt has 120 seconds left.
|
|t:|1659158268
|move|p2a: Heatran|Earth Power|p1a: Quagsire
|-damage|p1a: Quagsire|4/100
|move|p1a: Quagsire|Recover|p1a: Quagsire
|-heal|p1a: Quagsire|54/100
|
|-heal|p1a: Quagsire|60/100|[from] item: Leftovers
|-damage|p1a: Quagsire|48/100|[from] move: Magma Storm|[partiallytrapped]
|upkeep
|turn|7
|
|t:|1659158273
|move|p2a: Heatran|Stealth Rock|p1a: Quagsire
|-sidestart|p1: antarctozolt|move: Stealth Rock
|move|p1a: Quagsire|Earthquake|p2a: Heatran
|-supereffective|p2a: Heatran
|-damage|p2a: Heatran|0 fnt
|faint|p2a: Heatran
|
|-heal|p1a: Quagsire|54/100|[from] item: Leftovers
|-end|p1a: Quagsire|Magma Storm|[partiallytrapped]|[silent]
|upkeep
|
|t:|1659158279
|switch|p2a: Weavile|Weavile, M|100/100
|-ability|p2a: Weavile|Pressure
|turn|8
|
|t:|1659158301
|move|p2a: Weavile|Triple Axel|p1a: Quagsire
|-damage|p1a: Quagsire|45/100
|-damage|p1a: Quagsire|32/100
|-damage|p1a: Quagsire|8/100
|-hitcount|p1a: Quagsire|3
|move|p1a: Quagsire|Recover|p1a: Quagsire
|-heal|p1a: Quagsire|58/100
|
|-heal|p1a: Quagsire|65/100|[from] item: Leftovers
|upkeep
|turn|9
|
|t:|1659158306
|move|p2a: Weavile|Knock Off|p1a: Quagsire
|-damage|p1a: Quagsire|30/100
|-enditem|p1a: Quagsire|Leftovers|[from] move: Knock Off|[of] p2a: Weavile
|move|p1a: Quagsire|Recover|p1a: Quagsire
|-heal|p1a: Quagsire|80/100
|
|upkeep
|turn|10
|inactive|LT91BB PDC has 120 seconds left.
|l| LT91BB Tace
|
|t:|1659158329
|switch|p2a: Zapdos|Zapdos|94/100 tox
|move|p1a: Quagsire|Recover|p1a: Quagsire
|-heal|p1a: Quagsire|100/100
|
|-damage|p2a: Zapdos|88/100 tox|[from] psn
|upkeep
|turn|11
|
|t:|1659158333
|switch|p1a: Zapdos|Zapdos|100/100
|-ability|p1a: Zapdos|Pressure
|move|p2a: Zapdos|Hurricane|p1a: Zapdos
|-resisted|p1a: Zapdos
|-damage|p1a: Zapdos|80/100
|
|-damage|p2a: Zapdos|76/100 tox|[from] psn
|upkeep
|turn|12
|
|t:|1659158337
|move|p2a: Zapdos|Volt Switch|p1a: Zapdos
|-damage|p1a: Zapdos|51/100
|
|t:|1659158340
|switch|p2a: Scizor|Scizor, M|100/100|[from]move: Volt Switch
|move|p1a: Zapdos|Volt Switch|p2a: Scizor
|-damage|p2a: Scizor|68/100
|
|t:|1659158348
|switch|p1a: Skarmory|Skarmory, F|100/100|[from]move: Volt Switch
|-damage|p1a: Skarmory|88/100|[from] Stealth Rock
|
|-heal|p2a: Scizor|75/100|[from] item: Leftovers
|upkeep
|turn|13
|
|t:|1659158354
|move|p1a: Skarmory|Spikes|p2a: Scizor
|-sidestart|p2: LT91BB PDC|Spikes
|move|p2a: Scizor|Swords Dance|p2a: Scizor
|-boost|p2a: Scizor|atk|2
|
|-heal|p2a: Scizor|81/100|[from] item: Leftovers
|upkeep
|turn|14
|
|t:|1659158360
|switch|p1a: Quagsire|Quagsire, F|100/100
|-damage|p1a: Quagsire|94/100|[from] Stealth Rock
|move|p2a: Scizor|Knock Off|p1a: Quagsire
|-damage|p1a: Quagsire|76/100
|
|-heal|p2a: Scizor|87/100|[from] item: Leftovers
|upkeep
|turn|15
|-message|LT91BB PDC forfeited.
|
|win|antarctozolt
|raw|antarctozolt's rating: 1936 &rarr; <strong>1953</strong><br />(+17 for winning)
|raw|LT91BB PDC's rating: 1878 &rarr; <strong>1861</strong><br />(-17 for losing)
|j| Luthier
|c|☆antarctozolt|gg
|c|☆LT91BB PDC|gg
