|raw|<div class="broadcast-blue"><strong>This battle is required to be public due to a player having a name prefixed by 'LT72MS'.</div>
|j|☆The Last Hero
|j|☆LT72MS Finch
|t:|1597417909
|player|p1|The Last Hero|acetrainersnow|1931
|player|p2|LT72MS Finch|infielder|1813
|teamsize|p1|6
|teamsize|p2|6
|gametype|singles
|gen|8
|tier|[Gen 8] OU
|rated|
|clearpoke
|poke|p1|Scolipede, M|
|poke|p1|Magnezone|
|poke|p1|Pelipper, M|
|poke|p1|Excadrill, M|
|poke|p1|Kingdra, F|
|poke|p1|Azumarill, M|
|poke|p2|Urshifu-*, M|
|poke|p2|Hawlucha, F|
|poke|p2|Rillaboom, F|
|poke|p2|Necrozma|
|poke|p2|Excadrill, F|
|poke|p2|Dragapult, F|
|rule|Sleep Clause Mod: Limit one foe put to sleep
|rule|Species Clause: Limit one of each Pokémon
|rule|OHKO Clause: OHKO moves are banned
|rule|Evasion Moves Clause: Evasion moves are banned
|rule|Endless Battle Clause: Forcing endless battles is banned
|rule|HP Percentage Mod: HP is shown in percentages
|rule|Dynamax Clause: You cannot dynamax
|teampreview
|j| LT72MS Ayk
|j| LT72MS Lucki
|j| LT72MS Flow2Bro
|j| KUZAKllh
|j| Federico Valverde
|c|☆LT72MS Finch|god
|j| the little hamster
|j| TheOnlyGhads
|j| faunazon
|c|☆The Last Hero|lmao
|j| lt72ms IPL
|j| Morris_Pepijn
|c|☆LT72MS Finch|we need more people on the ladder
|c| KUZAKllh|here we go again
|c|☆LT72MS Finch|i lost to the same dude thrice last night
|c|☆The Last Hero|indeed
|j| CreditKarma
|c|☆LT72MS Finch|now imma lose to you again
|j| LT72MS Stareal
|j| LT72MS ade50
|c|☆LT72MS Finch|legit the only way im losing is repeats lmao
|j| chef sosa
|inactive|Battle timer is ON: inactive players will automatically lose when time's up. (requested by LT72MS Finch)
|j| Lt72ms hunter
|j| LT72MS Sirop
|c| TheOnlyGhads|sniped
|j| stfu itz a cartoon
|j| horadobos
|j| LT72MS Dank
|
|t:|1597417945
|start
|switch|p1a: Pelicano|Pelipper, M|100/100
|switch|p2a: Urshifu|Urshifu, M|100/100
|-weather|RainDance|[from] ability: Drizzle|[of] p1a: Pelicano
|turn|1
|j| good things come
|j| AwesomeAdams
|j| ottototoro
|
|t:|1597417952
|move|p2a: Urshifu|Wicked Blow|p1a: Pelicano
|-crit|p1a: Pelicano
|-damage|p1a: Pelicano|30/100
|-damage|p2a: Urshifu|91/100|[from] item: Life Orb
|move|p1a: Pelicano|Hurricane|p2a: Urshifu
|-supereffective|p2a: Urshifu
|-damage|p2a: Urshifu|0 fnt
|faint|p2a: Urshifu
|
|-weather|RainDance|[upkeep]
|upkeep
|j| LT72MS avarexeva
|c| LT72MS ade50|rip
|
|t:|1597417961
|switch|p2a: Rillaboom|Rillaboom, F|100/100
|-fieldstart|move: Grassy Terrain|[from] ability: Grassy Surge|[of] p2a: Rillaboom
|turn|2
|j| Zaettsu
|
|t:|1597417965
|switch|p1a: Magnetroll|Magnezone|100/100
|move|p2a: Rillaboom|U-turn|p1a: Magnetroll
|-resisted|p1a: Magnetroll
|-damage|p1a: Magnetroll|81/100
|-damage|p2a: Rillaboom|91/100|[from] item: Life Orb
|j| LT72MS Ash
|j| Xurkitree Autista
|
|t:|1597417990
|switch|p2a: Excadrill|Excadrill, F|100/100|[from]move: U-turn
|-ability|p2a: Excadrill|Mold Breaker
|
|-weather|RainDance|[upkeep]
|-heal|p1a: Magnetroll|87/100|[from] Grassy Terrain
|upkeep
|turn|3
|
|t:|1597417993
|switch|p1a: Horsi|Kingdra, F|100/100
|move|p2a: Excadrill|Stealth Rock|p1a: Horsi
|-sidestart|p1: The Last Hero|move: Stealth Rock
|
|-weather|RainDance|[upkeep]
|upkeep
|turn|4
|j|+icemaster523
|j| macho asdfqwert
|
|t:|1597417997
|move|p1a: Horsi|Surf|p2a: Excadrill
|-supereffective|p2a: Excadrill
|-damage|p2a: Excadrill|0 fnt
|faint|p2a: Excadrill
|
|-weather|RainDance|[upkeep]
|upkeep
|j| ranitidine
|j|+playerW17
|
|t:|1597418002
|switch|p2a: Rillaboom|Rillaboom, F|91/100
|turn|5
|j| Lt72ms win
|
|t:|1597418006
|switch|p1a: Magnetroll|Magnezone|87/100
|-damage|p1a: Magnetroll|81/100|[from] Stealth Rock
|move|p2a: Rillaboom|U-turn|p1a: Magnetroll
|-resisted|p1a: Magnetroll
|-damage|p1a: Magnetroll|64/100
|-damage|p2a: Rillaboom|81/100|[from] item: Life Orb
|
|t:|1597418009
|switch|p2a: Hawlucha|Hawlucha, F|100/100|[from]move: U-turn
|-enditem|p2a: Hawlucha|Grassy Seed
|-boost|p2a: Hawlucha|def|1|[from] item: Grassy Seed
|
|-weather|RainDance|[upkeep]
|-heal|p1a: Magnetroll|70/100|[from] Grassy Terrain
|upkeep
|turn|6
|j| B4tt1enet
|j| spreadfire
|j| Beraldinhoo
|
|t:|1597418014
|move|p2a: Hawlucha|Substitute|p2a: Hawlucha
|-start|p2a: Hawlucha|Substitute
|-damage|p2a: Hawlucha|75/100
|move|p1a: Magnetroll|Volt Switch|p2a: Hawlucha
|-supereffective|p2a: Hawlucha
|-end|p2a: Hawlucha|Substitute
|
|t:|1597418018
|switch|p1a: Azul Marino|Azumarill, M|100/100|[from]move: Volt Switch
|-damage|p1a: Azul Marino|88/100|[from] Stealth Rock
|
|-weather|RainDance|[upkeep]
|-heal|p1a: Azul Marino|94/100|[from] Grassy Terrain
|-fieldend|move: Grassy Terrain
|upkeep
|turn|7
|j| water immunity
|j| xtra
|
|t:|1597418024
|move|p2a: Hawlucha|Acrobatics|p1a: Azul Marino
|-damage|p1a: Azul Marino|34/100
|-enditem|p1a: Azul Marino|Sitrus Berry|[eat]
|-heal|p1a: Azul Marino|59/100|[from] item: Sitrus Berry
|move|p1a: Azul Marino|Play Rough|p2a: Hawlucha
|-supereffective|p2a: Hawlucha
|-damage|p2a: Hawlucha|0 fnt
|faint|p2a: Hawlucha
|
|-weather|RainDance|[upkeep]
|upkeep
|j| Mannat
|
|t:|1597418030
|switch|p2a: Necrozma|Necrozma|100/100
|turn|8
|j| jujumaster4
|
|t:|1597418036
|move|p2a: Necrozma|Meteor Beam||[still]
|-prepare|p2a: Necrozma|Meteor Beam
|-boost|p2a: Necrozma|spa|1
|-enditem|p2a: Necrozma|Power Herb
|-anim|p2a: Necrozma|Meteor Beam|p1a: Azul Marino
|-damage|p1a: Azul Marino|0 fnt
|faint|p1a: Azul Marino
|
|-weather|none
|upkeep
|l| jujumaster4
|j| Dolphin S2
|
|t:|1597418060
|switch|p1a: Pelicano|Pelipper, M|30/100
|-damage|p1a: Pelicano|5/100|[from] Stealth Rock
|-weather|RainDance|[from] ability: Drizzle|[of] p1a: Pelicano
|turn|9
|l| AwesomeAdams
|j| C bals
|j| lt72ms fendi
|
|t:|1597418065
|switch|p1a: Sexcadrill|Excadrill, M|100/100
|-damage|p1a: Sexcadrill|97/100|[from] Stealth Rock
|-ability|p1a: Sexcadrill|Mold Breaker
|move|p2a: Necrozma|Photon Geyser|p1a: Sexcadrill
|-resisted|p1a: Sexcadrill
|-damage|p1a: Sexcadrill|58/100
|
|-weather|RainDance|[upkeep]
|-heal|p1a: Sexcadrill|64/100|[from] item: Leftovers
|upkeep
|turn|10
|
|t:|1597418069
|move|p1a: Sexcadrill|Rapid Spin|p2a: Necrozma
|-damage|p2a: Necrozma|85/100
|-boost|p1a: Sexcadrill|spe|1
|-sideend|p1: The Last Hero|Stealth Rock|[from] move: Rapid Spin|[of] p1a: Sexcadrill
|move|p2a: Necrozma|Rock Polish|p2a: Necrozma
|-boost|p2a: Necrozma|spe|2
|
|-weather|RainDance|[upkeep]
|-heal|p1a: Sexcadrill|70/100|[from] item: Leftovers
|upkeep
|turn|11
|
|t:|1597418072
|move|p2a: Necrozma|Rock Polish|p2a: Necrozma
|-boost|p2a: Necrozma|spe|2
|move|p1a: Sexcadrill|Earthquake|p2a: Necrozma
|-damage|p2a: Necrozma|40/100
|
|-weather|RainDance|[upkeep]
|-heal|p1a: Sexcadrill|76/100|[from] item: Leftovers
|upkeep
|turn|12
|l| Lt72ms hunter
|
|t:|1597418077
|move|p2a: Necrozma|Heat Wave|p1a: Sexcadrill
|-supereffective|p1a: Sexcadrill
|-damage|p1a: Sexcadrill|20/100
|move|p1a: Sexcadrill|Earthquake|p2a: Necrozma
|-damage|p2a: Necrozma|0 fnt
|faint|p2a: Necrozma
|
|-weather|RainDance|[upkeep]
|-heal|p1a: Sexcadrill|26/100|[from] item: Leftovers
|upkeep
|l| the little hamster
|
|t:|1597418089
|switch|p2a: Dragapult|Dragapult, F|100/100
|turn|13
|
|t:|1597418090
|move|p1a: Sexcadrill|Earthquake|p2a: Dragapult
|-damage|p2a: Dragapult|44/100
|move|p2a: Dragapult|Dragon Dance|p2a: Dragapult
|-boost|p2a: Dragapult|atk|1
|-boost|p2a: Dragapult|spe|1
|
|-weather|RainDance|[upkeep]
|-heal|p1a: Sexcadrill|32/100|[from] item: Leftovers
|upkeep
|turn|14
|
|t:|1597418093
|move|p2a: Dragapult|Dragon Darts|p1a: Sexcadrill
|-resisted|p1a: Sexcadrill
|-damage|p1a: Sexcadrill|0 fnt
|-damage|p2a: Dragapult|35/100|[from] item: Life Orb
|faint|p1a: Sexcadrill
|
|-weather|RainDance|[upkeep]
|upkeep
|
|t:|1597418096
|switch|p1a: Horsi|Kingdra, F|100/100
|turn|15
|j| wildworld
|
|t:|1597418099
|move|p2a: Dragapult|Dragon Darts|p1a: Horsi
|-supereffective|p1a: Horsi
|-damage|p1a: Horsi|0 fnt
|-damage|p2a: Dragapult|25/100|[from] item: Life Orb
|faint|p1a: Horsi
|
|-weather|RainDance|[upkeep]
|upkeep
|c|☆The Last Hero|fuck
|j| LT72MS True Love
|c|☆LT72MS Finch|this is why i subbed
|j| bdlc
|c|☆LT72MS Finch|didnt think youd let zone die
|c|☆LT72MS Finch|but u still win now
|
|t:|1597418120
|switch|p1a: Magnetroll|Magnezone|70/100
|turn|16
|
|t:|1597418123
|move|p2a: Dragapult|Fire Blast|p1a: Magnetroll
|-supereffective|p1a: Magnetroll
|-damage|p1a: Magnetroll|23/100
|-damage|p2a: Dragapult|15/100|[from] item: Life Orb
|move|p1a: Magnetroll|Flash Cannon|p2a: Dragapult
|-damage|p2a: Dragapult|0 fnt
|faint|p2a: Dragapult
|
|-weather|none
|upkeep
|j| LT72MS life
|
|t:|1597418126
|switch|p2a: Rillaboom|Rillaboom, F|81/100
|-fieldstart|move: Grassy Terrain|[from] ability: Grassy Surge|[of] p2a: Rillaboom
|turn|17
|
|t:|1597418129
|move|p2a: Rillaboom|Swords Dance|p2a: Rillaboom
|-boost|p2a: Rillaboom|atk|2
|move|p1a: Magnetroll|Flash Cannon|p2a: Rillaboom
|-damage|p2a: Rillaboom|0 fnt
|faint|p2a: Rillaboom
|
|win|The Last Hero
|c| Mannat|subscribe to finchinator on youtube for more awesome pokemon plays
|l| water immunity
|c|☆LT72MS Finch|you're one to talk
|c|☆LT72MS Finch|gg
