|j|☆not mb
|j|☆ilikemos
|t:|1652295341
|gametype|singles
|player|p1|not mb|1|1733
|player|p2|ilikemos|2|1722
|teamsize|p1|6
|teamsize|p2|6
|gen|8
|tier|[Gen 8] OU
|rated|
|rule|Sleep Clause Mod: Limit one foe put to sleep
|rule|Species Clause: Limit one of each Pokémon
|rule|OHKO Clause: OHKO moves are banned
|rule|Evasion Moves Clause: Evasion moves are banned
|rule|Endless Battle Clause: Forcing endless battles is banned
|rule|HP Percentage Mod: HP is shown in percentages
|rule|Dynamax Clause: You cannot dynamax
|clearpoke
|poke|p1|Nihilego|
|poke|p1|Zapdos-Galar|
|poke|p1|Kartana|
|poke|p1|Celesteela|
|poke|p1|Garchomp, M|
|poke|p1|Tapu Fini|
|poke|p2|Landorus-Therian, M|
|poke|p2|Tapu Fini|
|poke|p2|Ferrothorn, M|
|poke|p2|Tapu Koko|
|poke|p2|Hawlucha, M|
|poke|p2|Heatran, M|
|teampreview
|j| portmonteau
|
|t:|1652295356
|start
|switch|p1a: Garchomp|Garchomp, M|100/100
|switch|p2a: Landorus|Landorus-Therian, M|100/100
|-ability|p2a: Landorus|Intimidate|boost
|-unboost|p1a: Garchomp|atk|1
|turn|1
|inactive|Battle timer is ON: inactive players will automatically lose when time's up. (requested by ilikemos)
|j| gdfghghfghfgh
|
|t:|1652295372
|move|p2a: Landorus|Earthquake|p1a: Garchomp
|-damage|p1a: Garchomp|45/100
|move|p1a: Garchomp|Toxic|p2a: Landorus
|-status|p2a: Landorus|tox
|
|-damage|p2a: Landorus|95/100 tox|[from] psn
|upkeep
|turn|2
|
|t:|1652295380
|switch|p2a: Tapu Koko|Tapu Koko|100/100
|-fieldstart|move: Electric Terrain|[from] ability: Electric Surge|[of] p2a: Tapu Koko
|move|p1a: Garchomp|Stealth Rock|p2a: Tapu Koko
|-sidestart|p2: ilikemos|move: Stealth Rock
|
|upkeep
|turn|3
|
|t:|1652295387
|switch|p1a: Nihilego|Nihilego|100/100
|move|p2a: Tapu Koko|Dazzling Gleam|p1a: Nihilego
|-resisted|p1a: Nihilego
|-damage|p1a: Nihilego|89/100
|
|upkeep
|turn|4
|
|t:|1652295394
|switch|p1a: Zapdos|Zapdos-Galar|100/100
|move|p2a: Tapu Koko|U-turn|p1a: Zapdos
|-resisted|p1a: Zapdos
|-damage|p1a: Zapdos|96/100
|
|t:|1652295402
|switch|p2a: Hawlucha|Hawlucha, M|100/100|[from]move: U-turn
|-damage|p2a: Hawlucha|88/100|[from] Stealth Rock
|-enditem|p2a: Hawlucha|Electric Seed
|-boost|p2a: Hawlucha|def|1|[from] item: Electric Seed
|
|upkeep
|turn|5
|
|t:|1652295408
|switch|p1a: Garchomp|Garchomp, M|45/100
|move|p2a: Hawlucha|Acrobatics|p1a: Garchomp
|-crit|p1a: Garchomp
|-damage|p1a: Garchomp|0 fnt
|-damage|p2a: Hawlucha|76/100|[from] ability: Rough Skin|[of] p1a: Garchomp
|-damage|p2a: Hawlucha|59/100|[from] item: Rocky Helmet|[of] p1a: Garchomp
|faint|p1a: Garchomp
|
|upkeep
|
|t:|1652295419
|switch|p1a: Celesteela|Celesteela|100/100
|turn|6
|j| Ru CD thvf
|inactive|ilikemos has 120 seconds left.
|inactive|ilikemos has 90 seconds left.
|
|t:|1652295489
|move|p2a: Hawlucha|Close Combat|p1a: Celesteela
|-damage|p1a: Celesteela|50/100
|-unboost|p2a: Hawlucha|def|1
|-unboost|p2a: Hawlucha|spd|1
|move|p1a: Celesteela|Meteor Beam||[still]
|-prepare|p1a: Celesteela|Meteor Beam
|-boost|p1a: Celesteela|spa|1
|-enditem|p1a: Celesteela|Power Herb
|-anim|p1a: Celesteela|Meteor Beam|p2a: Hawlucha|[miss]
|-miss|p1a: Celesteela|p2a: Hawlucha
|
|-fieldend|move: Electric Terrain
|upkeep
|turn|7
|inactive|ilikemos has 90 seconds left.
|
|t:|1652295494
|move|p2a: Hawlucha|Close Combat|p1a: Celesteela
|-damage|p1a: Celesteela|0 fnt
|-unboost|p2a: Hawlucha|def|1
|-unboost|p2a: Hawlucha|spd|1
|faint|p1a: Celesteela
|
|upkeep
|c|☆not mb|gg
|
|t:|1652295499
|switch|p1a: Tapu Fini|Tapu Fini|100/100
|-fieldstart|move: Misty Terrain|[from] ability: Misty Surge|[of] p1a: Tapu Fini
|turn|8
|
|t:|1652295508
|move|p2a: Hawlucha|Acrobatics|p1a: Tapu Fini
|-damage|p1a: Tapu Fini|61/100
|move|p1a: Tapu Fini|Draining Kiss|p2a: Hawlucha
|-supereffective|p2a: Hawlucha
|-damage|p2a: Hawlucha|0 fnt
|-heal|p1a: Tapu Fini|99/100|[from] drain|[of] p2a: Hawlucha
|faint|p2a: Hawlucha
|
|-heal|p1a: Tapu Fini|100/100|[from] item: Leftovers
|upkeep
|
|t:|1652295512
|switch|p2a: Tapu Koko|Tapu Koko|100/100
|-damage|p2a: Tapu Koko|88/100|[from] Stealth Rock
|-fieldstart|move: Electric Terrain|[from] ability: Electric Surge|[of] p2a: Tapu Koko
|turn|9
|
|t:|1652295526
|switch|p1a: Kartana|Kartana|100/100
|move|p2a: Tapu Koko|Thunderbolt|p1a: Kartana
|-resisted|p1a: Kartana
|-damage|p1a: Kartana|17/100
|-status|p1a: Kartana|par
|
|upkeep
|turn|10
|c|☆not mb|LOL!!!
|l| gdfghghfghfgh
|
|t:|1652295535
|move|p2a: Tapu Koko|Thunderbolt|p1a: Kartana
|-resisted|p1a: Kartana
|-damage|p1a: Kartana|0 fnt
|faint|p1a: Kartana
|
|upkeep
|c|☆not mb|dont be mad alvin
|c|☆not mb|LOL!!!!!
|c|☆not mb|stop using this team shithead
|
|t:|1652295542
|switch|p1a: Nihilego|Nihilego|89/100
|turn|11
|
|t:|1652295548
|switch|p2a: Ferrothorn|Ferrothorn, M|100/100
|-damage|p2a: Ferrothorn|94/100|[from] Stealth Rock
|move|p1a: Nihilego|Meteor Beam||[still]
|-prepare|p1a: Nihilego|Meteor Beam
|-boost|p1a: Nihilego|spa|1
|-enditem|p1a: Nihilego|Power Herb
|-anim|p1a: Nihilego|Meteor Beam|p2a: Ferrothorn
|-resisted|p2a: Ferrothorn
|-damage|p2a: Ferrothorn|54/100
|
|-heal|p2a: Ferrothorn|60/100|[from] item: Leftovers
|upkeep
|turn|12
|c|☆not mb|do u need me to send u one
|c|☆not mb|dogboy
|c|☆not mb|it literally one fuckface
|c|☆not mb|if i didnt get haxed 80 times
|c|☆not mb|one
|c|☆not mb|LOL
|
|t:|1652295560
|switch|p1a: Zapdos|Zapdos-Galar|96/100
|move|p2a: Ferrothorn|Gyro Ball|p1a: Zapdos
|-damage|p1a: Zapdos|43/100
|
|-heal|p2a: Ferrothorn|67/100|[from] item: Leftovers
|upkeep
|turn|13
|c|☆not mb|700 sat english
|c|☆not mb|won
|c|☆not mb|one
|c|☆not mb|eat penis plz
|c|☆not mb|nty
|
|t:|1652295580
|move|p1a: Zapdos|Close Combat|p2a: Ferrothorn
|-supereffective|p2a: Ferrothorn
|-damage|p2a: Ferrothorn|0 fnt
|-unboost|p1a: Zapdos|def|1
|-unboost|p1a: Zapdos|spd|1
|-damage|p1a: Zapdos|30/100|[from] ability: Iron Barbs|[of] p2a: Ferrothorn
|faint|p2a: Ferrothorn
|
|-fieldend|move: Electric Terrain
|upkeep
|
|t:|1652295587
|switch|p2a: Tapu Koko|Tapu Koko|88/100
|-damage|p2a: Tapu Koko|76/100|[from] Stealth Rock
|-fieldstart|move: Electric Terrain|[from] ability: Electric Surge|[of] p2a: Tapu Koko
|turn|14
|c|☆not mb|jk
|c|☆not mb|just for u
|c|☆not mb|god this guys ass
|c|☆not mb|keeek
|c|☆not mb|he owned u
|c|☆not mb|does koko live 2
|c|☆not mb|2 what
|
|t:|1652295611
|switch|p1a: Nihilego|Nihilego|89/100
|move|p2a: Tapu Koko|Thunderbolt|p1a: Nihilego
|-damage|p1a: Nihilego|51/100
|-status|p1a: Nihilego|par
|
|upkeep
|turn|15
|c|☆not mb|dogkid
|c|☆not mb|kke
|c|☆not mb|thanks
|c|☆not mb|ARE YOU FUCKING KIDDING ME
|c|☆not mb|gg
|c|☆not mb|there is no way man
|
|t:|1652295626
|move|p2a: Tapu Koko|U-turn|p1a: Nihilego
|-resisted|p1a: Nihilego
|-damage|p1a: Nihilego|38/100 par
|
|t:|1652295630
|switch|p2a: Heatran|Heatran, M|100/100|[from]move: U-turn
|-damage|p2a: Heatran|88/100|[from] Stealth Rock
|move|p1a: Nihilego|Power Gem|p2a: Heatran
|-crit|p2a: Heatran
|-damage|p2a: Heatran|52/100
|
|upkeep
|turn|16
|c|☆not mb|did u see this game rek
|
|t:|1652295634
|switch|p1a: Zapdos|Zapdos-Galar|30/100
|move|p2a: Heatran|Flash Cannon|p1a: Zapdos
|-damage|p1a: Zapdos|0 fnt
|faint|p1a: Zapdos
|
|upkeep
|
|t:|1652295636
|switch|p1a: Tapu Fini|Tapu Fini|100/100
|-fieldstart|move: Misty Terrain|[from] ability: Misty Surge|[of] p1a: Tapu Fini
|turn|17
|
|t:|1652295640
|move|p1a: Tapu Fini|Calm Mind|p1a: Tapu Fini
|-boost|p1a: Tapu Fini|spa|1
|-boost|p1a: Tapu Fini|spd|1
|move|p2a: Heatran|Flash Cannon|p1a: Tapu Fini
|-damage|p1a: Tapu Fini|76/100
|
|-heal|p1a: Tapu Fini|82/100|[from] item: Leftovers
|upkeep
|turn|18
|c|☆not mb|kek what
|c|☆not mb|hes av tran dude
|c|☆not mb|why are people runinng that
|
|t:|1652295650
|switch|p2a: Tapu Koko|Tapu Koko|76/100
|-damage|p2a: Tapu Koko|63/100|[from] Stealth Rock
|-fieldstart|move: Electric Terrain|[from] ability: Electric Surge|[of] p2a: Tapu Koko
|move|p1a: Tapu Fini|Calm Mind|p1a: Tapu Fini
|-boost|p1a: Tapu Fini|spa|1
|-boost|p1a: Tapu Fini|spd|1
|
|-heal|p1a: Tapu Fini|88/100|[from] item: Leftovers
|upkeep
|turn|19
|c|☆not mb|wait
|c|☆not mb|do we just win
|c|☆not mb|doubtful
|c|☆not mb|no
|c|☆not mb|we just win
|c|☆not mb|man
|c|☆not mb|k go
|c|☆not mb|surely scald kills
|inactive|not mb has 120 seconds left.
|
|t:|1652295698
|move|p2a: Tapu Koko|Thunderbolt|p1a: Tapu Fini
|-supereffective|p1a: Tapu Fini
|-damage|p1a: Tapu Fini|44/100
|move|p1a: Tapu Fini|Scald|p2a: Tapu Koko
|-crit|p2a: Tapu Koko
|-damage|p2a: Tapu Koko|0 fnt
|faint|p2a: Tapu Koko
|
|-heal|p1a: Tapu Fini|50/100|[from] item: Leftovers
|upkeep
|j| Hifughftxhc
|c|☆not mb|kek
|c|☆not mb|do we training the lando
|c|☆not mb|draning
|
|t:|1652295724
|switch|p2a: Heatran|Heatran, M|52/100
|-damage|p2a: Heatran|39/100|[from] Stealth Rock
|turn|20
|c|☆not mb|i see
|c|☆not mb|thats questionable
|
|t:|1652295732
|move|p1a: Tapu Fini|Scald|p2a: Heatran
|-supereffective|p2a: Heatran
|-crit|p2a: Heatran
|-damage|p2a: Heatran|0 fnt
|faint|p2a: Heatran
|
|-heal|p1a: Tapu Fini|56/100|[from] item: Leftovers
|upkeep
|
|t:|1652295736
|switch|p2a: Landorus|Landorus-Therian, M|95/100 tox
|-damage|p2a: Landorus|82/100 tox|[from] Stealth Rock
|-ability|p2a: Landorus|Intimidate|boost
|-unboost|p1a: Tapu Fini|atk|1
|turn|21
|c|☆not mb|kek rek
|c|☆not mb|we did it
|j| DivineRuinz
|c|☆not mb|ok.
|inactive|not mb has 120 seconds left.
|c|☆not mb|what do we do here
|
|t:|1652295749
|move|p2a: Landorus|Earthquake|p1a: Tapu Fini
|-damage|p1a: Tapu Fini|9/100
|move|p1a: Tapu Fini|Scald|p2a: Landorus
|-supereffective|p2a: Landorus
|-damage|p2a: Landorus|0 fnt
|faint|p2a: Landorus
|
|-heal|p1a: Tapu Fini|15/100|[from] item: Leftovers
|upkeep
|c|☆not mb|draining or scald
|c|☆not mb|k
|c|☆not mb|that did so much
|
|t:|1652295757
|switch|p2a: Tapu Fini|Tapu Fini|100/100
|-damage|p2a: Tapu Fini|88/100|[from] Stealth Rock
|-fieldstart|move: Misty Terrain|[from] ability: Misty Surge|[of] p2a: Tapu Fini
|turn|22
|c|☆not mb|wtf
|
|t:|1652295759
|move|p1a: Tapu Fini|Draining Kiss|p2a: Tapu Fini
|-damage|p2a: Tapu Fini|67/100
|-heal|p1a: Tapu Fini|31/100|[from] drain|[of] p2a: Tapu Fini
|move|p2a: Tapu Fini|Moonblast|p1a: Tapu Fini
|-damage|p1a: Tapu Fini|19/100
|-unboost|p1a: Tapu Fini|spa|1
|
|-heal|p1a: Tapu Fini|26/100|[from] item: Leftovers
|-heal|p2a: Tapu Fini|73/100|[from] item: Leftovers
|upkeep
|turn|23
|c|☆not mb|smart
|c|☆not mb|do we lose
|
|t:|1652295773
|move|p1a: Tapu Fini|Calm Mind|p1a: Tapu Fini
|-boost|p1a: Tapu Fini|spa|1
|-boost|p1a: Tapu Fini|spd|1
|move|p2a: Tapu Fini|Moonblast|p1a: Tapu Fini
|-damage|p1a: Tapu Fini|15/100
|
|-heal|p1a: Tapu Fini|21/100|[from] item: Leftovers
|-heal|p2a: Tapu Fini|79/100|[from] item: Leftovers
|upkeep
|turn|24
|c|☆not mb|if he crits us im done
|
|t:|1652295780
|move|p1a: Tapu Fini|Calm Mind|p1a: Tapu Fini
|-boost|p1a: Tapu Fini|spa|1
|-boost|p1a: Tapu Fini|spd|1
|move|p2a: Tapu Fini|Moonblast|p1a: Tapu Fini
|-damage|p1a: Tapu Fini|12/100
|-unboost|p1a: Tapu Fini|spa|1
|
|-heal|p1a: Tapu Fini|19/100|[from] item: Leftovers
|-heal|p2a: Tapu Fini|85/100|[from] item: Leftovers
|upkeep
|turn|25
|c|☆not mb|DUDE
|c|☆not mb|chill
|c|☆not mb|thats crazy
|
|t:|1652295789
|move|p1a: Tapu Fini|Draining Kiss|p2a: Tapu Fini
|-damage|p2a: Tapu Fini|66/100
|-heal|p1a: Tapu Fini|33/100|[from] drain|[of] p2a: Tapu Fini
|move|p2a: Tapu Fini|Moonblast|p1a: Tapu Fini
|-damage|p1a: Tapu Fini|24/100
|
|-heal|p1a: Tapu Fini|30/100|[from] item: Leftovers
|-heal|p2a: Tapu Fini|72/100|[from] item: Leftovers
|upkeep
|turn|26
|c|☆not mb|dude drain it
|c|☆not mb|so were out of crit range
|j|%Chunko! ツ@!
|c|%Chunko! ツ|/log not mb was warned by Chunko! ツ. (Stop being so toxic)
|hidelines|unlink|notmb
|c|&|/raw If you have questions about this action, please contact staff by making a <a href="view-help-request" class="button">help ticket</a>
|l|%Chunko! ツ@!
|l|☆ilikemos
|inactive|ilikemos disconnected and has a minute to reconnect!
|player|p2|
|c|☆not mb|alvin..
|c| DivineRuinz|rekt
|inactive|ilikemos has 30 seconds to reconnect!
|c|☆not mb|how was i toxic
|inactive|ilikemos has 20 seconds to reconnect!
|c|☆not mb|was only talking to myself
|inactive|ilikemos has 15 seconds to reconnect!
|inactive|ilikemos has 10 seconds to reconnect!
|inactive|ilikemos has 5 seconds to reconnect!
|-message|ilikemos lost due to inactivity.
|
|win|not mb
|raw|not mb's rating: 1733 &rarr; <strong>1752</strong><br />(+19 for winning)
|raw|ilikemos's rating: 1722 &rarr; <strong>1703</strong><br />(-19 for losing)
|c|☆not mb|yep
|c|☆not mb|5-0
|l| Hifughftxhc
|c|☆not mb|@derek
|l| Ru CD thvf
|l| portmonteau
||Ladder isn't responding, score probably updated but might not have (Request timeout).
