|j|☆d18l
|j|☆Fishdive
|t:|1661911292
|gametype|singles
|player|p1|d18l|backpacker|1718
|player|p2|Fishdive|2|1731
|teamsize|p1|6
|teamsize|p2|6
|gen|8
|tier|[Gen 8] OU
|rated|
|rule|Sleep Clause Mod: Limit one foe put to sleep
|rule|Species Clause: Limit one of each Pokémon
|rule|OHKO Clause: OHKO moves are banned
|rule|Evasion Items Clause: Evasion items are banned
|rule|Evasion Moves Clause: Evasion moves are banned
|rule|Endless Battle Clause: Forcing endless battles is banned
|rule|HP Percentage Mod: HP is shown in percentages
|rule|Dynamax Clause: You cannot dynamax
|clearpoke
|poke|p1|Tapu Koko|
|poke|p1|Victini|
|poke|p1|Landorus-Therian, M|
|poke|p1|Tornadus-Therian, M|
|poke|p1|Rotom-Wash|
|poke|p1|Ferrothorn, F|
|poke|p2|Blissey, F|
|poke|p2|Slowking-Galar, M|
|poke|p2|Corviknight, F|
|poke|p2|Toxapex, M|
|poke|p2|Clefable, F|
|poke|p2|Hippowdon, M|
|teampreview
|inactive|Battle timer is ON: inactive players will automatically lose when time's up. (requested by Fishdive)
|
|t:|1661911310
|start
|switch|p1a: Landorus|Landorus-Therian, M|100/100
|switch|p2a: Slowking|Slowking-Galar, M, shiny|100/100
|-ability|p1a: Landorus|Intimidate|boost
|-unboost|p2a: Slowking|atk|1
|turn|1
|
|t:|1661911330
|switch|p2a: Corviknight|Corviknight, F|100/100
|-ability|p2a: Corviknight|Pressure
|move|p1a: Landorus|U-turn|p2a: Corviknight
|-resisted|p2a: Corviknight
|-damage|p2a: Corviknight|97/100
|
|t:|1661911336
|switch|p1a: Tapu Koko|Tapu Koko|100/100|[from]move: U-turn
|-fieldstart|move: Electric Terrain|[from] ability: Electric Surge|[of] p1a: Tapu Koko
|
|-heal|p2a: Corviknight|100/100|[from] item: Leftovers
|upkeep
|turn|2
|
|t:|1661911343
|switch|p2a: Slowking|Slowking-Galar, M, shiny|100/100
|move|p1a: Tapu Koko|Volt Switch|p2a: Slowking
|-damage|p2a: Slowking|73/100
|
|t:|1661911345
|switch|p1a: Victini|Victini|100/100|[from]move: Volt Switch
|
|upkeep
|turn|3
|
|t:|1661911355
|switch|p2a: Hippowdon|Hippowdon, M, shiny|100/100
|-weather|Sandstorm|[from] ability: Sand Stream|[of] p2a: Hippowdon
|move|p1a: Victini|V-create|p2a: Hippowdon
|-damage|p2a: Hippowdon|60/100
|-unboost|p1a: Victini|spe|1
|-unboost|p1a: Victini|def|1
|-unboost|p1a: Victini|spd|1
|
|-weather|Sandstorm|[upkeep]
|-damage|p1a: Victini|94/100|[from] Sandstorm
|-heal|p2a: Hippowdon|66/100|[from] item: Leftovers
|upkeep
|turn|4
|
|t:|1661911363
|move|p1a: Victini|U-turn|p2a: Hippowdon
|-damage|p2a: Hippowdon|55/100
|
|t:|1661911367
|switch|p1a: Ferrothorn|Ferrothorn, F|100/100|[from]move: U-turn
|move|p2a: Hippowdon|Slack Off|p2a: Hippowdon
|-heal|p2a: Hippowdon|100/100
|
|-weather|Sandstorm|[upkeep]
|upkeep
|turn|5
|
|t:|1661911371
|switch|p2a: Corviknight|Corviknight, F|100/100
|-ability|p2a: Corviknight|Pressure
|move|p1a: Ferrothorn|Stealth Rock|p2a: Corviknight
|-sidestart|p2: Fishdive|move: Stealth Rock
|
|-weather|Sandstorm|[upkeep]
|-fieldend|move: Electric Terrain
|upkeep
|turn|6
|
|t:|1661911375
|switch|p1a: Rotom|Rotom-Wash|100/100
|move|p2a: Corviknight|Defog|p1a: Rotom
|-unboost|p1a: Rotom|evasion|1
|-sideend|p2: Fishdive|Stealth Rock|[from] move: Defog|[of] p2a: Corviknight
|
|-weather|Sandstorm|[upkeep]
|-damage|p1a: Rotom|95/100|[from] Sandstorm
|upkeep
|turn|7
|
|t:|1661911381
|switch|p2a: Slowking|Slowking-Galar, M, shiny|100/100
|move|p1a: Rotom|Volt Switch|p2a: Slowking
|-damage|p2a: Slowking|90/100
|
|t:|1661911385
|switch|p1a: Tornadus|Tornadus-Therian, M|100/100|[from]move: Volt Switch
|
|-weather|none
|upkeep
|turn|8
|
|t:|1661911398
|switch|p2a: EEJIT|Clefable, F|100/100
|move|p1a: Tornadus|Knock Off|p2a: EEJIT
|-resisted|p2a: EEJIT
|-damage|p2a: EEJIT|93/100
|-enditem|p2a: EEJIT|Leftovers|[from] move: Knock Off|[of] p1a: Tornadus
|
|upkeep
|turn|9
|
|t:|1661911405
|move|p1a: Tornadus|U-turn|p2a: EEJIT
|-resisted|p2a: EEJIT
|-damage|p2a: EEJIT|87/100
|
|t:|1661911411
|switch|p1a: Rotom|Rotom-Wash|95/100|[from]move: U-turn
|move|p2a: EEJIT|Wish|p2a: EEJIT
|
|upkeep
|turn|10
|
|t:|1661911418
|move|p1a: Rotom|Volt Switch|p2a: EEJIT
|-damage|p2a: EEJIT|63/100
|
|t:|1661911422
|switch|p1a: Tornadus|Tornadus-Therian, M|100/100|[from]move: Volt Switch
|move|p2a: EEJIT|Moonblast|p1a: Tornadus
|-damage|p1a: Tornadus|79/100
|
|-heal|p2a: EEJIT|100/100|[from] move: Wish|[wisher] EEJIT
|upkeep
|turn|11
|j| Blixus
|l| Blixus
|
|t:|1661911430
|move|p2a: EEJIT|Protect|p2a: EEJIT
|-singleturn|p2a: EEJIT|Protect
|move|p1a: Tornadus|U-turn|p2a: EEJIT
|-activate|p2a: EEJIT|move: Protect
|
|upkeep
|turn|12
|j| Nikon1
|
|t:|1661911438
|move|p1a: Tornadus|U-turn|p2a: EEJIT
|-resisted|p2a: EEJIT
|-damage|p2a: EEJIT|95/100
|
|t:|1661911440
|switch|p1a: Victini|Victini|94/100|[from]move: U-turn
|move|p2a: EEJIT|Wish|p2a: EEJIT
|
|upkeep
|turn|13
|
|t:|1661911444
|switch|p1a: Tornadus|Tornadus-Therian, M|100/100
|switch|p2a: Hippowdon|Hippowdon, M, shiny|100/100
|-weather|Sandstorm|[from] ability: Sand Stream|[of] p2a: Hippowdon
|
|-weather|Sandstorm|[upkeep]
|-damage|p1a: Tornadus|94/100|[from] Sandstorm
|upkeep
|turn|14
|
|t:|1661911448
|switch|p2a: EEJIT|Clefable, F|95/100
|move|p1a: Tornadus|Knock Off|p2a: EEJIT
|-resisted|p2a: EEJIT
|-damage|p2a: EEJIT|90/100
|
|-weather|Sandstorm|[upkeep]
|-damage|p1a: Tornadus|88/100|[from] Sandstorm
|-damage|p2a: EEJIT|84/100|[from] Sandstorm
|upkeep
|turn|15
|
|t:|1661911453
|switch|p1a: Ferrothorn|Ferrothorn, F|100/100
|move|p2a: EEJIT|Wish|p2a: EEJIT
|
|-weather|Sandstorm|[upkeep]
|-damage|p2a: EEJIT|78/100|[from] Sandstorm
|upkeep
|turn|16
|j| Blixus
|
|t:|1661911458
|switch|p2a: Corviknight|Corviknight, F|100/100
|-ability|p2a: Corviknight|Pressure
|switch|p1a: Tapu Koko|Tapu Koko|100/100
|-fieldstart|move: Electric Terrain|[from] ability: Electric Surge|[of] p1a: Tapu Koko
|
|-weather|Sandstorm|[upkeep]
|-damage|p1a: Tapu Koko|94/100|[from] Sandstorm
|upkeep
|turn|17
|
|t:|1661911469
|switch|p2a: Slowking|Slowking-Galar, M, shiny|100/100
|move|p1a: Tapu Koko|Grass Knot|p2a: Slowking
|-resisted|p2a: Slowking
|-damage|p2a: Slowking|92/100
|
|-weather|none
|upkeep
|turn|18
|
|t:|1661911475
|switch|p1a: Tornadus|Tornadus-Therian, M|100/100
|move|p2a: Slowking|Future Sight|p1a: Tornadus
|-start|p2a: Slowking|move: Future Sight
|
|upkeep
|turn|19
|j| Pokemon Hates Me
|
|t:|1661911481
|switch|p2a: EEJIT|Clefable, F|78/100
|move|p1a: Tornadus|U-turn|p2a: EEJIT
|-resisted|p2a: EEJIT
|-crit|p2a: EEJIT
|-damage|p2a: EEJIT|70/100
|
|t:|1661911483
|switch|p1a: Victini|Victini|94/100|[from]move: U-turn
|
|upkeep
|turn|20
|
|t:|1661911490
|move|p1a: Victini|U-turn|p2a: EEJIT
|-resisted|p2a: EEJIT
|-damage|p2a: EEJIT|61/100
|
|t:|1661911496
|switch|p1a: Tornadus|Tornadus-Therian, M|100/100|[from]move: U-turn
|move|p2a: EEJIT|Wish|p2a: EEJIT
|
|-end|p1a: Tornadus|move: Future Sight
|-damage|p1a: Tornadus|67/100
|-fieldend|move: Electric Terrain
|upkeep
|turn|21
|
|t:|1661911500
|move|p1a: Tornadus|Knock Off|p2a: EEJIT
|-resisted|p2a: EEJIT
|-damage|p2a: EEJIT|57/100
|move|p2a: EEJIT|Moonblast|p1a: Tornadus
|-damage|p1a: Tornadus|46/100
|-unboost|p1a: Tornadus|spa|1
|
|-heal|p2a: EEJIT|100/100|[from] move: Wish|[wisher] EEJIT
|upkeep
|turn|22
|
|t:|1661911504
|move|p1a: Tornadus|U-turn|p2a: EEJIT
|-resisted|p2a: EEJIT
|-damage|p2a: EEJIT|95/100
|l| Blixus
|
|t:|1661911509
|switch|p1a: Landorus|Landorus-Therian, M|100/100|[from]move: U-turn
|-ability|p1a: Landorus|Intimidate|boost
|-unboost|p2a: EEJIT|atk|1
|move|p2a: EEJIT|Moonblast|p1a: Landorus
|-damage|p1a: Landorus|75/100
|
|-heal|p1a: Landorus|81/100|[from] item: Leftovers
|upkeep
|turn|23
|
|t:|1661911514
|switch|p2a: Corviknight|Corviknight, F|100/100
|-ability|p2a: Corviknight|Pressure
|move|p1a: Landorus|U-turn|p2a: Corviknight
|-resisted|p2a: Corviknight
|-damage|p2a: Corviknight|97/100
|
|t:|1661911520
|switch|p1a: Tapu Koko|Tapu Koko|94/100|[from]move: U-turn
|-fieldstart|move: Electric Terrain|[from] ability: Electric Surge|[of] p1a: Tapu Koko
|
|-heal|p2a: Corviknight|100/100|[from] item: Leftovers
|upkeep
|turn|24
|
|t:|1661911529
|switch|p2a: Slowking|Slowking-Galar, M, shiny|100/100
|move|p1a: Tapu Koko|Volt Switch|p2a: Slowking
|-damage|p2a: Slowking|72/100
|j| Texsc
|
|t:|1661911534
|switch|p1a: Victini|Victini|94/100|[from]move: Volt Switch
|
|upkeep
|turn|25
|
|t:|1661911547
|switch|p2a: Hippowdon|Hippowdon, M, shiny|100/100
|-weather|Sandstorm|[from] ability: Sand Stream|[of] p2a: Hippowdon
|move|p1a: Victini|V-create|p2a: Hippowdon
|-damage|p2a: Hippowdon|57/100
|-unboost|p1a: Victini|spe|1
|-unboost|p1a: Victini|def|1
|-unboost|p1a: Victini|spd|1
|
|-weather|Sandstorm|[upkeep]
|-damage|p1a: Victini|88/100|[from] Sandstorm
|-heal|p2a: Hippowdon|63/100|[from] item: Leftovers
|upkeep
|turn|26
|
|t:|1661911553
|move|p1a: Victini|Taunt|p2a: Hippowdon
|-start|p2a: Hippowdon|move: Taunt
|cant|p2a: Hippowdon|move: Taunt|Slack Off
|
|-weather|Sandstorm|[upkeep]
|-damage|p1a: Victini|82/100|[from] Sandstorm
|-heal|p2a: Hippowdon|69/100|[from] item: Leftovers
|upkeep
|turn|27
|
|t:|1661911556
|move|p1a: Victini|U-turn|p2a: Hippowdon
|-damage|p2a: Hippowdon|59/100
|
|t:|1661911566
|switch|p1a: Tornadus|Tornadus-Therian, M|80/100|[from]move: U-turn
|move|p2a: Hippowdon|Earthquake|p1a: Tornadus
|-immune|p1a: Tornadus
|
|-weather|Sandstorm|[upkeep]
|-damage|p1a: Tornadus|73/100|[from] Sandstorm
|-heal|p2a: Hippowdon|65/100|[from] item: Leftovers
|-fieldend|move: Electric Terrain
|upkeep
|turn|28
|
|t:|1661911573
|switch|p2a: Toxapex|Toxapex, M|100/100
|move|p1a: Tornadus|U-turn|p2a: Toxapex
|-resisted|p2a: Toxapex
|-damage|p2a: Toxapex|96/100
|-damage|p1a: Tornadus|57/100|[from] item: Rocky Helmet|[of] p2a: Toxapex
|
|t:|1661911576
|switch|p1a: Tapu Koko|Tapu Koko|94/100|[from]move: U-turn
|-fieldstart|move: Electric Terrain|[from] ability: Electric Surge|[of] p1a: Tapu Koko
|
|-weather|Sandstorm|[upkeep]
|-damage|p1a: Tapu Koko|88/100|[from] Sandstorm
|-damage|p2a: Toxapex|90/100|[from] Sandstorm
|upkeep
|turn|29
|j| Rodrigogtz
|
|t:|1661911586
|switch|p2a: Slowking|Slowking-Galar, M, shiny|100/100
|move|p1a: Tapu Koko|Volt Switch|p2a: Slowking
|-damage|p2a: Slowking|72/100
|
|t:|1661911588
|switch|p1a: Victini|Victini|82/100|[from]move: Volt Switch
|
|-weather|none
|upkeep
|turn|30
|
|t:|1661911597
|switch|p2a: Toxapex|Toxapex, M|100/100
|move|p1a: Victini|Bolt Strike|p2a: Toxapex|[miss]
|-miss|p1a: Victini|p2a: Toxapex
|
|upkeep
|turn|31
|
|t:|1661911609
|switch|p1a: Rotom|Rotom-Wash|95/100
|switch|p2a: EEJIT|Clefable, F|95/100
|
|upkeep
|turn|32
|
|t:|1661911619
|move|p1a: Rotom|Will-O-Wisp|p2a: EEJIT
|-status|p2a: EEJIT|brn
|move|p2a: EEJIT|Wish|p2a: EEJIT
|
|-damage|p2a: EEJIT|89/100 brn|[from] brn
|-fieldend|move: Electric Terrain
|upkeep
|turn|33
|
|t:|1661911625
|move|p1a: Rotom|Hydro Pump|p2a: EEJIT|[miss]
|-miss|p1a: Rotom|p2a: EEJIT
|move|p2a: EEJIT|Moonblast|p1a: Rotom
|-damage|p1a: Rotom|65/100
|-unboost|p1a: Rotom|spa|1
|
|-heal|p2a: EEJIT|100/100 brn|[from] move: Wish|[wisher] EEJIT
|-damage|p2a: EEJIT|94/100 brn|[from] brn
|upkeep
|turn|34
|
|t:|1661911630
|switch|p2a: Slowking|Slowking-Galar, M, shiny|100/100
|move|p1a: Rotom|Volt Switch|p2a: Slowking
|-damage|p2a: Slowking|93/100
|
|t:|1661911635
|switch|p1a: Tornadus|Tornadus-Therian, M|90/100|[from]move: Volt Switch
|
|upkeep
|turn|35
|
|t:|1661911643
|switch|p2a: Toxapex|Toxapex, M|100/100
|move|p1a: Tornadus|Knock Off|p2a: Toxapex
|-damage|p2a: Toxapex|88/100
|-damage|p1a: Tornadus|73/100|[from] item: Rocky Helmet|[of] p2a: Toxapex
|-enditem|p2a: Toxapex|Rocky Helmet|[from] move: Knock Off|[of] p1a: Tornadus
|
|upkeep
|turn|36
|
|t:|1661911649
|move|p1a: Tornadus|Hurricane|p2a: Toxapex
|-damage|p2a: Toxapex|53/100
|-start|p2a: Toxapex|confusion
|-activate|p2a: Toxapex|confusion
|move|p2a: Toxapex|Toxic Spikes|p1a: Tornadus
|-sidestart|p1: d18l|move: Toxic Spikes
|
|upkeep
|turn|37
|
|t:|1661911658
|move|p1a: Tornadus|U-turn|p2a: Toxapex
|-resisted|p2a: Toxapex
|-damage|p2a: Toxapex|49/100
|
|t:|1661911664
|switch|p1a: Landorus|Landorus-Therian, M|81/100|[from]move: U-turn
|-ability|p1a: Landorus|Intimidate|boost
|-unboost|p2a: Toxapex|atk|1
|-activate|p2a: Toxapex|confusion
|move|p2a: Toxapex|Knock Off|p1a: Landorus
|-damage|p1a: Landorus|71/100
|-enditem|p1a: Landorus|Leftovers|[from] move: Knock Off|[of] p2a: Toxapex
|
|upkeep
|turn|38
|
|t:|1661911671
|switch|p2a: Hippowdon|Hippowdon, M, shiny|65/100
|-weather|Sandstorm|[from] ability: Sand Stream|[of] p2a: Hippowdon
|move|p1a: Landorus|Defog|p2a: Hippowdon
|-unboost|p2a: Hippowdon|evasion|1
|-sideend|p1: d18l|Toxic Spikes|[from] move: Defog|[of] p1a: Landorus
|
|-weather|Sandstorm|[upkeep]
|-heal|p2a: Hippowdon|71/100|[from] item: Leftovers
|upkeep
|turn|39
|
|t:|1661911673
|move|p1a: Landorus|Toxic|p2a: Hippowdon
|-status|p2a: Hippowdon|tox
|move|p2a: Hippowdon|Stealth Rock|p1a: Landorus
|-sidestart|p1: d18l|move: Stealth Rock
|
|-weather|Sandstorm|[upkeep]
|-heal|p2a: Hippowdon|78/100 tox|[from] item: Leftovers
|-damage|p2a: Hippowdon|71/100 tox|[from] psn
|upkeep
|turn|40
|
|t:|1661911684
|switch|p1a: Ferrothorn|Ferrothorn, F|100/100
|-damage|p1a: Ferrothorn|95/100|[from] Stealth Rock
|switch|p2a: Corviknight|Corviknight, F|100/100
|-ability|p2a: Corviknight|Pressure
|
|-weather|Sandstorm|[upkeep]
|upkeep
|turn|41
|
|t:|1661911699
|move|p2a: Corviknight|Iron Defense|p2a: Corviknight
|-boost|p2a: Corviknight|def|2
|move|p1a: Ferrothorn|Stealth Rock|p2a: Corviknight
|-sidestart|p2: Fishdive|move: Stealth Rock
|
|-weather|Sandstorm|[upkeep]
|upkeep
|turn|42
|
|t:|1661911703
|switch|p1a: Tornadus|Tornadus-Therian, M|100/100
|-damage|p1a: Tornadus|76/100|[from] Stealth Rock
|move|p2a: Corviknight|Defog|p1a: Tornadus
|-unboost|p1a: Tornadus|evasion|1
|-sideend|p1: d18l|Stealth Rock|[from] move: Defog|[of] p2a: Corviknight
|-sideend|p2: Fishdive|Stealth Rock|[from] move: Defog|[of] p2a: Corviknight
|
|-weather|none
|upkeep
|turn|43
|
|t:|1661911708
|switch|p2a: EEJIT|Clefable, F|94/100 brn
|move|p1a: Tornadus|Knock Off|p2a: EEJIT
|-resisted|p2a: EEJIT
|-damage|p2a: EEJIT|89/100 brn
|
|-damage|p2a: EEJIT|83/100 brn|[from] brn
|upkeep
|turn|44
|
|t:|1661911711
|move|p1a: Tornadus|Hurricane|p2a: EEJIT
|-damage|p2a: EEJIT|46/100 brn
|-start|p2a: EEJIT|confusion
|-activate|p2a: EEJIT|confusion
|move|p2a: EEJIT|Heal Bell|p2a: EEJIT
|-activate|p2a: EEJIT|move: Heal Bell
|-curestatus|p2a: EEJIT|brn|[msg]
|-curestatus|p2: Hippowdon|tox|[msg]
|
|upkeep
|turn|45
|
|t:|1661911721
|switch|p2a: Toxapex|Toxapex, M|82/100
|move|p1a: Tornadus|Hurricane|p2a: Toxapex
|-damage|p2a: Toxapex|48/100
|
|upkeep
|turn|46
|
|t:|1661911725
|move|p1a: Tornadus|U-turn|p2a: Toxapex
|-resisted|p2a: Toxapex
|-damage|p2a: Toxapex|44/100
|
|t:|1661911728
|switch|p1a: Tapu Koko|Tapu Koko|88/100|[from]move: U-turn
|-fieldstart|move: Electric Terrain|[from] ability: Electric Surge|[of] p1a: Tapu Koko
|move|p2a: Toxapex|Knock Off|p1a: Tapu Koko
|-resisted|p1a: Tapu Koko
|-damage|p1a: Tapu Koko|77/100
|-enditem|p1a: Tapu Koko|Choice Specs|[from] move: Knock Off|[of] p2a: Toxapex
|
|upkeep
|turn|47
|inactive|Fishdive has 120 seconds left.
|
|t:|1661911762
|switch|p2a: Slowking|Slowking-Galar, M, shiny|100/100
|move|p1a: Tapu Koko|Grass Knot|p2a: Slowking
|-resisted|p2a: Slowking
|-damage|p2a: Slowking|96/100
|
|upkeep
|turn|48
|l| Rodrigogtz
|
|t:|1661911770
|move|p1a: Tapu Koko|Volt Switch|p2a: Slowking
|-damage|p2a: Slowking|77/100
|
|t:|1661911774
|switch|p1a: Tornadus|Tornadus-Therian, M|100/100|[from]move: Volt Switch
|move|p2a: Slowking|Sludge Bomb|p1a: Tornadus
|-crit|p1a: Tornadus
|-damage|p1a: Tornadus|60/100
|
|upkeep
|turn|49
|
|t:|1661911782
|switch|p2a: Blissey|Blissey, F|100/100
|move|p1a: Tornadus|U-turn|p2a: Blissey
|-damage|p2a: Blissey|87/100
|j| Rodrigogtz
|
|t:|1661911797
|switch|p1a: Victini|Victini|82/100|[from]move: U-turn
|
|upkeep
|turn|50
|
|t:|1661911812
|switch|p2a: Hippowdon|Hippowdon, M, shiny|71/100
|-weather|Sandstorm|[from] ability: Sand Stream|[of] p2a: Hippowdon
|move|p1a: Victini|Taunt|p2a: Hippowdon
|-start|p2a: Hippowdon|move: Taunt
|
|-weather|Sandstorm|[upkeep]
|-damage|p1a: Victini|76/100|[from] Sandstorm
|-heal|p2a: Hippowdon|78/100|[from] item: Leftovers
|-fieldend|move: Electric Terrain
|upkeep
|turn|51
|
|t:|1661911815
|move|p1a: Victini|U-turn|p2a: Hippowdon
|-damage|p2a: Hippowdon|67/100
|
|t:|1661911821
|switch|p1a: Tornadus|Tornadus-Therian, M|93/100|[from]move: U-turn
|move|p2a: Hippowdon|Earthquake|p1a: Tornadus
|-immune|p1a: Tornadus
|
|-weather|Sandstorm|[upkeep]
|-damage|p1a: Tornadus|87/100|[from] Sandstorm
|-heal|p2a: Hippowdon|73/100|[from] item: Leftovers
|upkeep
|turn|52
|
|t:|1661911829
|switch|p2a: Toxapex|Toxapex, M|77/100
|move|p1a: Tornadus|U-turn|p2a: Toxapex
|-resisted|p2a: Toxapex
|-damage|p2a: Toxapex|73/100
|
|t:|1661911834
|switch|p1a: Tapu Koko|Tapu Koko|77/100|[from]move: U-turn
|-fieldstart|move: Electric Terrain|[from] ability: Electric Surge|[of] p1a: Tapu Koko
|
|-weather|Sandstorm|[upkeep]
|-damage|p1a: Tapu Koko|71/100|[from] Sandstorm
|-damage|p2a: Toxapex|67/100|[from] Sandstorm
|upkeep
|turn|53
|
|t:|1661911854
|switch|p2a: Hippowdon|Hippowdon, M, shiny|73/100
|move|p1a: Tapu Koko|Volt Switch|p2a: Hippowdon
|-immune|p2a: Hippowdon
|
|-weather|Sandstorm|[upkeep]
|-damage|p1a: Tapu Koko|65/100|[from] Sandstorm
|-heal|p2a: Hippowdon|79/100|[from] item: Leftovers
|upkeep
|turn|54
|
|t:|1661911862
|switch|p1a: Ferrothorn|Ferrothorn, F|95/100
|switch|p2a: Slowking|Slowking-Galar, M, shiny|100/100
|
|-weather|none
|upkeep
|turn|55
|j| 10 Misery nights
|
|t:|1661911865
|switch|p1a: Tornadus|Tornadus-Therian, M|100/100
|move|p2a: Slowking|Flamethrower|p1a: Tornadus
|-damage|p1a: Tornadus|84/100
|
|upkeep
|turn|56
|l| Rodrigogtz
|
|t:|1661911879
|move|p1a: Tornadus|U-turn|p2a: Slowking
|-damage|p2a: Slowking|86/100
|
|t:|1661911886
|switch|p1a: Landorus|Landorus-Therian, M|71/100|[from]move: U-turn
|-ability|p1a: Landorus|Intimidate|boost
|-unboost|p2a: Slowking|atk|1
|move|p2a: Slowking|Future Sight|p1a: Landorus
|-start|p2a: Slowking|move: Future Sight
|
|-fieldend|move: Electric Terrain
|upkeep
|turn|57
|
|t:|1661911898
|switch|p2a: Hippowdon|Hippowdon, M, shiny|79/100
|-weather|Sandstorm|[from] ability: Sand Stream|[of] p2a: Hippowdon
|move|p1a: Landorus|Earthquake|p2a: Hippowdon
|-damage|p2a: Hippowdon|54/100
|
|-weather|Sandstorm|[upkeep]
|-heal|p2a: Hippowdon|60/100|[from] item: Leftovers
|upkeep
|turn|58
|
|t:|1661911903
|move|p1a: Landorus|U-turn|p2a: Hippowdon
|-damage|p2a: Hippowdon|47/100
|j| I'll forfite
|
|t:|1661911916
|switch|p1a: Tornadus|Tornadus-Therian, M|100/100|[from]move: U-turn
|move|p2a: Hippowdon|Whirlwind|p1a: Tornadus
|drag|p1a: Landorus|Landorus-Therian, M|71/100
|-ability|p1a: Landorus|Intimidate|boost
|-unboost|p2a: Hippowdon|atk|1
|
|-weather|Sandstorm|[upkeep]
|-end|p1a: Landorus|move: Future Sight
|-damage|p1a: Landorus|27/100
|-heal|p2a: Hippowdon|54/100|[from] item: Leftovers
|upkeep
|turn|59
|
|t:|1661911923
|move|p1a: Landorus|U-turn|p2a: Hippowdon
|-damage|p2a: Hippowdon|41/100
|
|t:|1661911927
|switch|p1a: Rotom|Rotom-Wash|65/100|[from]move: U-turn
|move|p2a: Hippowdon|Slack Off|p2a: Hippowdon
|-heal|p2a: Hippowdon|91/100
|
|-weather|Sandstorm|[upkeep]
|-damage|p1a: Rotom|59/100|[from] Sandstorm
|-heal|p2a: Hippowdon|97/100|[from] item: Leftovers
|upkeep
|turn|60
|
|t:|1661911931
|switch|p2a: Slowking|Slowking-Galar, M, shiny|100/100
|move|p1a: Rotom|Pain Split|p2a: Slowking
|-sethp|p2a: Slowking|73/100|[from] move: Pain Split|[silent]
|-sethp|p1a: Rotom|95/100|[from] move: Pain Split
|
|-weather|Sandstorm|[upkeep]
|-damage|p1a: Rotom|89/100|[from] Sandstorm
|-damage|p2a: Slowking|67/100|[from] Sandstorm
|upkeep
|turn|61
|
|t:|1661911937
|move|p1a: Rotom|Volt Switch|p2a: Slowking
|-damage|p2a: Slowking|55/100
|
|t:|1661911941
|switch|p1a: Tornadus|Tornadus-Therian, M|100/100|[from]move: Volt Switch
|move|p2a: Slowking|Future Sight|p1a: Tornadus
|-start|p2a: Slowking|move: Future Sight
|
|-weather|none
|upkeep
|turn|62
|
|t:|1661911956
|switch|p2a: Toxapex|Toxapex, M|99/100
|move|p1a: Tornadus|Knock Off|p2a: Toxapex
|-damage|p2a: Toxapex|92/100
|
|upkeep
|turn|63
|
|t:|1661911965
|move|p1a: Tornadus|U-turn|p2a: Toxapex
|-resisted|p2a: Toxapex
|-damage|p2a: Toxapex|87/100
|
|t:|1661911967
|switch|p1a: Ferrothorn|Ferrothorn, F|95/100|[from]move: U-turn
|move|p2a: Toxapex|Knock Off|p1a: Ferrothorn
|-damage|p1a: Ferrothorn|85/100
|-damage|p2a: Toxapex|75/100|[from] ability: Iron Barbs|[of] p1a: Ferrothorn
|-damage|p2a: Toxapex|58/100|[from] item: Rocky Helmet|[of] p1a: Ferrothorn
|-enditem|p1a: Ferrothorn|Rocky Helmet|[from] move: Knock Off|[of] p2a: Toxapex
|
|-end|p1a: Ferrothorn|move: Future Sight
|-resisted|p1a: Ferrothorn
|-damage|p1a: Ferrothorn|63/100
|upkeep
|turn|64
|
|t:|1661911972
|switch|p2a: Corviknight|Corviknight, F|100/100
|-ability|p2a: Corviknight|Pressure
|switch|p1a: Tapu Koko|Tapu Koko|65/100
|-fieldstart|move: Electric Terrain|[from] ability: Electric Surge|[of] p1a: Tapu Koko
|
|upkeep
|turn|65
|
|t:|1661911979
|switch|p2a: Slowking|Slowking-Galar, M, shiny|89/100
|move|p1a: Tapu Koko|Volt Switch|p2a: Slowking
|-damage|p2a: Slowking|70/100
|
|t:|1661911981
|switch|p1a: Victini|Victini|76/100|[from]move: Volt Switch
|
|upkeep
|turn|66
|j| cityfolk
|
|t:|1661911988
|switch|p2a: Hippowdon|Hippowdon, M, shiny|97/100
|-weather|Sandstorm|[from] ability: Sand Stream|[of] p2a: Hippowdon
|move|p1a: Victini|V-create|p2a: Hippowdon
|-damage|p2a: Hippowdon|55/100
|-unboost|p1a: Victini|spe|1
|-unboost|p1a: Victini|def|1
|-unboost|p1a: Victini|spd|1
|
|-weather|Sandstorm|[upkeep]
|-damage|p1a: Victini|70/100|[from] Sandstorm
|-heal|p2a: Hippowdon|61/100|[from] item: Leftovers
|upkeep
|turn|67
|
|t:|1661911995
|move|p1a: Victini|U-turn|p2a: Hippowdon
|-damage|p2a: Hippowdon|51/100
|
|t:|1661911998
|switch|p1a: Rotom|Rotom-Wash|89/100|[from]move: U-turn
|move|p2a: Hippowdon|Stealth Rock|p1a: Rotom
|-sidestart|p1: d18l|move: Stealth Rock
|
|-weather|Sandstorm|[upkeep]
|-damage|p1a: Rotom|83/100|[from] Sandstorm
|-heal|p2a: Hippowdon|57/100|[from] item: Leftovers
|upkeep
|turn|68
|
|t:|1661912004
|switch|p2a: Slowking|Slowking-Galar, M, shiny|100/100
|move|p1a: Rotom|Hydro Pump|p2a: Slowking|[miss]
|-miss|p1a: Rotom|p2a: Slowking
|
|-weather|Sandstorm|[upkeep]
|-damage|p1a: Rotom|77/100|[from] Sandstorm
|-damage|p2a: Slowking|94/100|[from] Sandstorm
|-fieldend|move: Electric Terrain
|upkeep
|turn|69
|
|t:|1661912009
|move|p1a: Rotom|Volt Switch|p2a: Slowking
|-damage|p2a: Slowking|83/100
|j| Blixus
|
|t:|1661912014
|switch|p1a: Tornadus|Tornadus-Therian, M|100/100|[from]move: Volt Switch
|-damage|p1a: Tornadus|76/100|[from] Stealth Rock
|move|p2a: Slowking|Sludge Bomb|p1a: Tornadus
|-damage|p1a: Tornadus|50/100
|
|-weather|Sandstorm|[upkeep]
|-damage|p1a: Tornadus|44/100|[from] Sandstorm
|-damage|p2a: Slowking|77/100|[from] Sandstorm
|upkeep
|turn|70
|l| 10 Misery nights
|
|t:|1661912023
|move|p1a: Tornadus|U-turn|p2a: Slowking
|-damage|p2a: Slowking|63/100
|
|t:|1661912035
|switch|p1a: Ferrothorn|Ferrothorn, F|63/100|[from]move: U-turn
|-damage|p1a: Ferrothorn|57/100|[from] Stealth Rock
|move|p2a: Slowking|Sludge Bomb|p1a: Ferrothorn
|-immune|p1a: Ferrothorn
|
|-weather|none
|upkeep
|turn|71
|
|t:|1661912041
|switch|p1a: Victini|Victini|70/100
|move|p2a: Slowking|Future Sight|p1a: Victini
|-start|p2a: Slowking|move: Future Sight
|
|upkeep
|turn|72
|
|t:|1661912048
|switch|p2a: Toxapex|Toxapex, M|92/100
|move|p1a: Victini|Bolt Strike|p2a: Toxapex
|-supereffective|p2a: Toxapex
|-damage|p2a: Toxapex|49/100
|-status|p2a: Toxapex|par
|
|upkeep
|turn|73
|
|t:|1661912057
|move|p1a: Victini|U-turn|p2a: Toxapex
|-resisted|p2a: Toxapex
|-damage|p2a: Toxapex|43/100 par
|j| htcl (>◡<)
|inactive|d18l has 120 seconds left.
|
|t:|1661912092
|switch|p1a: Ferrothorn|Ferrothorn, F|57/100|[from]move: U-turn
|-damage|p1a: Ferrothorn|51/100|[from] Stealth Rock
|move|p2a: Toxapex|Knock Off|p1a: Ferrothorn
|-damage|p1a: Ferrothorn|45/100
|-damage|p2a: Toxapex|30/100 par|[from] ability: Iron Barbs|[of] p1a: Ferrothorn
|
|-end|p1a: Ferrothorn|move: Future Sight
|-resisted|p1a: Ferrothorn
|-damage|p1a: Ferrothorn|23/100
|upkeep
|turn|74
|inactive|d18l has 120 seconds left.
|
|t:|1661912116
|switch|p2a: EEJIT|Clefable, F|46/100
|move|p1a: Ferrothorn|Stealth Rock|p2a: EEJIT
|-sidestart|p2: Fishdive|move: Stealth Rock
|
|upkeep
|turn|75
|j| SubparSD
|l| Texsc
|j| Texsc
|
|t:|1661912130
|move|p2a: EEJIT|Protect|p2a: EEJIT
|-singleturn|p2a: EEJIT|Protect
|move|p1a: Ferrothorn|Gyro Ball|p2a: EEJIT
|-activate|p2a: EEJIT|move: Protect
|
|upkeep
|turn|76
|
|t:|1661912139
|move|p2a: EEJIT|Wish|p2a: EEJIT
|move|p1a: Ferrothorn|Leech Seed|p2a: EEJIT|[miss]
|-miss|p1a: Ferrothorn|p2a: EEJIT
|
|upkeep
|turn|77
|inactive|d18l has 90 seconds left.
|
|t:|1661912164
|move|p2a: EEJIT|Protect|p2a: EEJIT
|-singleturn|p2a: EEJIT|Protect
|move|p1a: Ferrothorn|Leech Seed|p2a: EEJIT
|-activate|p2a: EEJIT|move: Protect
|
|-heal|p2a: EEJIT|96/100|[from] move: Wish|[wisher] EEJIT
|upkeep
|turn|78
|
|t:|1661912176
|switch|p2a: Corviknight|Corviknight, F|100/100
|-damage|p2a: Corviknight|88/100|[from] Stealth Rock
|-ability|p2a: Corviknight|Pressure
|move|p1a: Ferrothorn|Leech Seed|p2a: Corviknight
|-start|p2a: Corviknight|move: Leech Seed
|
|-heal|p2a: Corviknight|94/100|[from] item: Leftovers
|-damage|p2a: Corviknight|82/100|[from] Leech Seed|[of] p1a: Ferrothorn
|-heal|p1a: Ferrothorn|38/100|[silent]
|upkeep
|turn|79
|l| Nikon1
|j| Nikon1
|inactive|d18l has 90 seconds left.
|
|t:|1661912187
|switch|p1a: Victini|Victini|70/100
|move|p2a: Corviknight|Defog|p1a: Victini
|-unboost|p1a: Victini|evasion|1
|-sideend|p1: d18l|Stealth Rock|[from] move: Defog|[of] p2a: Corviknight
|-sideend|p2: Fishdive|Stealth Rock|[from] move: Defog|[of] p2a: Corviknight
|
|-heal|p2a: Corviknight|88/100|[from] item: Leftovers
|-damage|p2a: Corviknight|75/100|[from] Leech Seed|[of] p1a: Victini
|-heal|p1a: Victini|84/100|[silent]
|upkeep
|turn|80
|j| Tobeyourzoro
|l| Nikon1
|inactive|d18l has 90 seconds left.
|l| cityfolk
|
|t:|1661912196
|switch|p2a: EEJIT|Clefable, F|96/100
|move|p1a: Victini|V-create|p2a: EEJIT
|-damage|p2a: EEJIT|35/100
|-unboost|p1a: Victini|spe|1
|-unboost|p1a: Victini|def|1
|-unboost|p1a: Victini|spd|1
|
|upkeep
|turn|81
|
|t:|1661912198
|move|p2a: EEJIT|Protect|p2a: EEJIT
|-singleturn|p2a: EEJIT|Protect
|move|p1a: Victini|V-create|p2a: EEJIT
|-activate|p2a: EEJIT|move: Protect
|
|upkeep
|turn|82
|l| SubparSD
|
|t:|1661912205
|switch|p2a: Hippowdon|Hippowdon, M, shiny|57/100
|-weather|Sandstorm|[from] ability: Sand Stream|[of] p2a: Hippowdon
|move|p1a: Victini|Bolt Strike|p2a: Hippowdon
|-immune|p2a: Hippowdon
|
|-weather|Sandstorm|[upkeep]
|-damage|p1a: Victini|78/100|[from] Sandstorm
|-heal|p2a: Hippowdon|63/100|[from] item: Leftovers
|upkeep
|turn|83
|
|t:|1661912209
|move|p1a: Victini|U-turn|p2a: Hippowdon
|-damage|p2a: Hippowdon|53/100
|
|t:|1661912211
|switch|p1a: Rotom|Rotom-Wash|77/100|[from]move: U-turn
|move|p2a: Hippowdon|Earthquake|p1a: Rotom
|-immune|p1a: Rotom|[from] ability: Levitate
|
|-weather|Sandstorm|[upkeep]
|-damage|p1a: Rotom|71/100|[from] Sandstorm
|-heal|p2a: Hippowdon|60/100|[from] item: Leftovers
|upkeep
|turn|84
|
|t:|1661912217
|switch|p2a: Slowking|Slowking-Galar, M, shiny|97/100
|move|p1a: Rotom|Hydro Pump|p2a: Slowking
|-damage|p2a: Slowking|78/100
|
|-weather|Sandstorm|[upkeep]
|-damage|p1a: Rotom|65/100|[from] Sandstorm
|-damage|p2a: Slowking|72/100|[from] Sandstorm
|upkeep
|turn|85
|
|t:|1661912219
|move|p1a: Rotom|Volt Switch|p2a: Slowking
|-damage|p2a: Slowking|60/100
|
|t:|1661912224
|switch|p1a: Tornadus|Tornadus-Therian, M|77/100|[from]move: Volt Switch
|move|p2a: Slowking|Future Sight|p1a: Tornadus
|-start|p2a: Slowking|move: Future Sight
|
|-weather|Sandstorm|[upkeep]
|-damage|p1a: Tornadus|71/100|[from] Sandstorm
|-damage|p2a: Slowking|54/100|[from] Sandstorm
|upkeep
|turn|86
|
|t:|1661912238
|move|p1a: Tornadus|U-turn|p2a: Slowking
|-damage|p2a: Slowking|39/100
|
|t:|1661912248
|switch|p1a: Landorus|Landorus-Therian, M|27/100|[from]move: U-turn
|-ability|p1a: Landorus|Intimidate|boost
|-unboost|p2a: Slowking|atk|1
|move|p2a: Slowking|Flamethrower|p1a: Landorus
|-damage|p1a: Landorus|5/100
|
|-weather|none
|upkeep
|turn|87
|
|t:|1661912256
|switch|p2a: Corviknight|Corviknight, F|75/100
|-ability|p2a: Corviknight|Pressure
|move|p1a: Landorus|U-turn|p2a: Corviknight
|-resisted|p2a: Corviknight
|-damage|p2a: Corviknight|72/100
|
|t:|1661912261
|switch|p1a: Tornadus|Tornadus-Therian, M|100/100|[from]move: U-turn
|
|-end|p1a: Tornadus|move: Future Sight
|-damage|p1a: Tornadus|66/100
|-heal|p2a: Corviknight|78/100|[from] item: Leftovers
|upkeep
|turn|88
|
|t:|1661912270
|switch|p2a: Toxapex|Toxapex, M|63/100 par
|move|p1a: Tornadus|U-turn|p2a: Toxapex
|-resisted|p2a: Toxapex
|-damage|p2a: Toxapex|59/100 par
|
|t:|1661912272
|switch|p1a: Tapu Koko|Tapu Koko|65/100|[from]move: U-turn
|-fieldstart|move: Electric Terrain|[from] ability: Electric Surge|[of] p1a: Tapu Koko
|
|upkeep
|turn|89
|
|t:|1661912275
|switch|p2a: Hippowdon|Hippowdon, M, shiny|60/100
|-weather|Sandstorm|[from] ability: Sand Stream|[of] p2a: Hippowdon
|move|p1a: Tapu Koko|Volt Switch|p2a: Hippowdon
|-immune|p2a: Hippowdon
|
|-weather|Sandstorm|[upkeep]
|-damage|p1a: Tapu Koko|59/100|[from] Sandstorm
|-heal|p2a: Hippowdon|66/100|[from] item: Leftovers
|upkeep
|turn|90
|
|t:|1661912282
|switch|p1a: Landorus|Landorus-Therian, M|5/100
|-ability|p1a: Landorus|Intimidate|boost
|-unboost|p2a: Hippowdon|atk|1
|switch|p2a: Blissey|Blissey, F|87/100
|
|-weather|Sandstorm|[upkeep]
|-damage|p2a: Blissey|80/100|[from] Sandstorm
|upkeep
|turn|91
|
|t:|1661912290
|move|p1a: Landorus|U-turn|p2a: Blissey
|-damage|p2a: Blissey|61/100
|
|t:|1661912293
|switch|p1a: Ferrothorn|Ferrothorn, F|38/100|[from]move: U-turn
|move|p2a: Blissey|Soft-Boiled|p2a: Blissey
|-heal|p2a: Blissey|100/100
|
|-weather|Sandstorm|[upkeep]
|-damage|p2a: Blissey|94/100|[from] Sandstorm
|upkeep
|turn|92
|
|t:|1661912298
|switch|p1a: Rotom|Rotom-Wash|65/100
|move|p2a: Blissey|Thunder Wave|p1a: Rotom
|-immune|p1a: Rotom
|
|-weather|Sandstorm|[upkeep]
|-damage|p1a: Rotom|59/100|[from] Sandstorm
|-damage|p2a: Blissey|88/100|[from] Sandstorm
|-fieldend|move: Electric Terrain
|upkeep
|turn|93
|
|t:|1661912305
|move|p1a: Rotom|Volt Switch|p2a: Blissey
|-damage|p2a: Blissey|79/100
|j| Araquaknight
|l| Tobeyourzoro
|j| Felix ACC 8
|
|t:|1661912320
|switch|p1a: Landorus|Landorus-Therian, M|5/100|[from]move: Volt Switch
|-ability|p1a: Landorus|Intimidate|boost
|-unboost|p2a: Blissey|atk|1
|move|p2a: Blissey|Teleport|p2a: Blissey
|c| Felix ACC 8|jeez
|c| Felix ACC 8|91
|c| Felix ACC 8|turns
|l| Araquaknight
|
|t:|1661912337
|switch|p2a: Hippowdon|Hippowdon, M, shiny|66/100|[from]move: Teleport
|
|-weather|none
|-heal|p2a: Hippowdon|72/100|[from] item: Leftovers
|upkeep
|turn|94
|
|t:|1661912356
|move|p1a: Landorus|Toxic|p2a: Hippowdon
|-status|p2a: Hippowdon|tox
|move|p2a: Hippowdon|Stealth Rock|p1a: Landorus
|-sidestart|p1: d18l|move: Stealth Rock
|
|-heal|p2a: Hippowdon|78/100 tox|[from] item: Leftovers
|-damage|p2a: Hippowdon|72/100 tox|[from] psn
|upkeep
|turn|95
|
|t:|1661912364
|move|p1a: Landorus|Defog|p2a: Hippowdon
|-unboost|p2a: Hippowdon|evasion|1
|-sideend|p1: d18l|Stealth Rock|[from] move: Defog|[of] p1a: Landorus
|move|p2a: Hippowdon|Slack Off|p2a: Hippowdon
|-heal|p2a: Hippowdon|100/100 tox
|
|-damage|p2a: Hippowdon|88/100 tox|[from] psn
|upkeep
|turn|96
|
|t:|1661912368
|switch|p2a: Corviknight|Corviknight, F|78/100
|-ability|p2a: Corviknight|Pressure
|move|p1a: Landorus|Earthquake|p2a: Corviknight
|-immune|p2a: Corviknight
|
|-heal|p2a: Corviknight|84/100|[from] item: Leftovers
|upkeep
|turn|97
|
|t:|1661912372
|move|p1a: Landorus|U-turn|p2a: Corviknight
|-resisted|p2a: Corviknight
|-damage|p2a: Corviknight|81/100
|
|t:|1661912379
|switch|p1a: Rotom|Rotom-Wash|59/100|[from]move: U-turn
|move|p2a: Corviknight|Iron Defense|p2a: Corviknight
|-boost|p2a: Corviknight|def|2
|
|-heal|p2a: Corviknight|87/100|[from] item: Leftovers
|upkeep
|turn|98
|
|t:|1661912383
|switch|p2a: Blissey|Blissey, F|79/100
|move|p1a: Rotom|Volt Switch|p2a: Blissey
|-damage|p2a: Blissey|71/100
|
|t:|1661912386
|switch|p1a: Victini|Victini|78/100|[from]move: Volt Switch
|
|upkeep
|turn|99
|j| Toxic Facade
|
|t:|1661912396
|move|p1a: Victini|U-turn|p2a: Blissey
|-damage|p2a: Blissey|50/100
|inactive|d18l has 120 seconds left.
|l| Toxic Facade
|inactive|d18l has 90 seconds left.
|
|t:|1661912451
|switch|p1a: Ferrothorn|Ferrothorn, F|38/100|[from]move: U-turn
|move|p2a: Blissey|Thunder Wave|p1a: Ferrothorn
|-status|p1a: Ferrothorn|par
|
|upkeep
|turn|100
|
|t:|1661912460
|move|p2a: Blissey|Soft-Boiled|p2a: Blissey
|-heal|p2a: Blissey|100/100
|move|p1a: Ferrothorn|Leech Seed|p2a: Blissey
|-start|p2a: Blissey|move: Leech Seed
|
|-damage|p2a: Blissey|88/100|[from] Leech Seed|[of] p1a: Ferrothorn
|-heal|p1a: Ferrothorn|63/100 par|[silent]
|upkeep
|turn|101
|
|t:|1661912463
|switch|p2a: Corviknight|Corviknight, F|87/100
|-ability|p2a: Corviknight|Pressure
|move|p1a: Ferrothorn|Stealth Rock|p2a: Corviknight
|-sidestart|p2: Fishdive|move: Stealth Rock
|
|-heal|p2a: Corviknight|93/100|[from] item: Leftovers
|upkeep
|turn|102
|
|t:|1661912475
|switch|p1a: Rotom|Rotom-Wash|59/100
|move|p2a: Corviknight|Defog|p1a: Rotom
|-unboost|p1a: Rotom|evasion|1
|-sideend|p2: Fishdive|Stealth Rock|[from] move: Defog|[of] p2a: Corviknight
|
|-heal|p2a: Corviknight|99/100|[from] item: Leftovers
|upkeep
|turn|103
|j| MisterGuirus
|c| Felix ACC 8|fishdive
|inactive|d18l has 90 seconds left.
|
|t:|1661912490
|switch|p2a: Slowking|Slowking-Galar, M, shiny|72/100
|move|p1a: Rotom|Will-O-Wisp|p2a: Slowking
|-status|p2a: Slowking|brn
|
|-damage|p2a: Slowking|66/100 brn|[from] brn
|upkeep
|turn|104
|
|t:|1661912495
|move|p1a: Rotom|Volt Switch|p2a: Slowking
|-damage|p2a: Slowking|56/100 brn
|
|t:|1661912499
|switch|p1a: Tornadus|Tornadus-Therian, M|99/100|[from]move: Volt Switch
|move|p2a: Slowking|Future Sight|p1a: Tornadus
|-start|p2a: Slowking|move: Future Sight
|
|-damage|p2a: Slowking|49/100 brn|[from] brn
|upkeep
|turn|105
|
|t:|1661912512
|switch|p2a: EEJIT|Clefable, F|35/100
|move|p1a: Tornadus|Knock Off|p2a: EEJIT
|-resisted|p2a: EEJIT
|-damage|p2a: EEJIT|29/100
|
|upkeep
|turn|106
|
|t:|1661912515
|move|p1a: Tornadus|Hurricane|p2a: EEJIT
|-damage|p2a: EEJIT|0 fnt
|faint|p2a: EEJIT
|
|-end|p1a: Tornadus|move: Future Sight
|-damage|p1a: Tornadus|66/100
|upkeep
|
|t:|1661912522
|switch|p2a: Corviknight|Corviknight, F|99/100
|-ability|p2a: Corviknight|Pressure
|turn|107
|
|t:|1661912528
|move|p1a: Tornadus|Knock Off|p2a: Corviknight
|-damage|p2a: Corviknight|86/100
|-enditem|p2a: Corviknight|Leftovers|[from] move: Knock Off|[of] p1a: Tornadus
|move|p2a: Corviknight|Iron Defense|p2a: Corviknight
|-boost|p2a: Corviknight|def|2
|
|upkeep
|turn|108
|
|t:|1661912533
|move|p1a: Tornadus|Heat Wave|p2a: Corviknight
|-supereffective|p2a: Corviknight
|-damage|p2a: Corviknight|42/100
|move|p2a: Corviknight|Body Press|p1a: Tornadus
|-resisted|p1a: Tornadus
|-damage|p1a: Tornadus|41/100
|
|upkeep
|turn|109
|
|t:|1661912539
|switch|p2a: Blissey|Blissey, F|88/100
|move|p1a: Tornadus|Heat Wave|p2a: Blissey|[miss]
|-miss|p1a: Tornadus|p2a: Blissey
|
|upkeep
|turn|110
|
|t:|1661912547
|move|p1a: Tornadus|U-turn|p2a: Blissey
|-damage|p2a: Blissey|75/100
|
|t:|1661912550
|switch|p1a: Ferrothorn|Ferrothorn, F|63/100 par|[from]move: U-turn
|move|p2a: Blissey|Seismic Toss|p1a: Ferrothorn
|-damage|p1a: Ferrothorn|34/100 par
|-damage|p2a: Blissey|63/100|[from] ability: Iron Barbs|[of] p1a: Ferrothorn
|
|upkeep
|turn|111
|j| Ladder Alt 2004
|
|t:|1661912557
|move|p2a: Blissey|Seismic Toss|p1a: Ferrothorn
|-damage|p1a: Ferrothorn|6/100 par
|-damage|p2a: Blissey|50/100|[from] ability: Iron Barbs|[of] p1a: Ferrothorn
|move|p1a: Ferrothorn|Body Press|p2a: Blissey
|-supereffective|p2a: Blissey
|-damage|p2a: Blissey|0 fnt
|faint|p2a: Blissey
|
|upkeep
|
|t:|1661912563
|switch|p2a: Slowking|Slowking-Galar, M, shiny|83/100 brn
|turn|112
|j| OnePunchMachamp
|inactive|d18l has 120 seconds left.
|l| Ladder Alt 2004
|j| Ladder Alt 2004
|l| htcl (>◡<)
|
|t:|1661912606
|switch|p1a: Tornadus|Tornadus-Therian, M|75/100
|move|p2a: Slowking|Sludge Bomb|p1a: Tornadus
|-damage|p1a: Tornadus|49/100
|-status|p1a: Tornadus|psn
|
|-damage|p1a: Tornadus|36/100 psn|[from] psn
|-damage|p2a: Slowking|77/100 brn|[from] brn
|upkeep
|turn|113
|j| htcl (>◡<)
|inactive|d18l has 90 seconds left.
|
|t:|1661912629
|move|p1a: Tornadus|Knock Off|p2a: Slowking
|-supereffective|p2a: Slowking
|-damage|p2a: Slowking|35/100 brn
|-enditem|p2a: Slowking|Assault Vest|[from] move: Knock Off|[of] p1a: Tornadus
|move|p2a: Slowking|Future Sight|p1a: Tornadus
|-start|p2a: Slowking|move: Future Sight
|
|-damage|p1a: Tornadus|24/100 psn|[from] psn
|-damage|p2a: Slowking|29/100 brn|[from] brn
|upkeep
|turn|114
|inactive|d18l has 90 seconds left.
|
|t:|1661912635
|switch|p2a: Toxapex|Toxapex, M|92/100 par
|move|p1a: Tornadus|U-turn|p2a: Toxapex
|-resisted|p2a: Toxapex
|-damage|p2a: Toxapex|88/100 par
|inactive|d18l has 90 seconds left.
|inactive|d18l has 60 seconds left.
|
|t:|1661912681
|switch|p1a: Landorus|Landorus-Therian, M|5/100|[from]move: U-turn
|-ability|p1a: Landorus|Intimidate|boost
|-unboost|p2a: Toxapex|atk|1
|
|upkeep
|turn|115
|inactive|Fishdive has 120 seconds left.
|
|t:|1661912714
|move|p1a: Landorus|Earthquake|p2a: Toxapex
|-supereffective|p2a: Toxapex
|-damage|p2a: Toxapex|28/100 par
|cant|p2a: Toxapex|par
|
|-end|p1a: Landorus|move: Future Sight
|-damage|p1a: Landorus|0 fnt
|faint|p1a: Landorus
|upkeep
|inactive|d18l has 30 seconds left.
|
|t:|1661912737
|switch|p1a: Rotom|Rotom-Wash|59/100
|turn|116
|inactive|Fishdive has 120 seconds left.
|
|t:|1661912753
|switch|p2a: Hippowdon|Hippowdon, M, shiny|88/100 tox
|-weather|Sandstorm|[from] ability: Sand Stream|[of] p2a: Hippowdon
|move|p1a: Rotom|Volt Switch|p2a: Hippowdon
|-immune|p2a: Hippowdon
|
|-weather|Sandstorm|[upkeep]
|-damage|p1a: Rotom|53/100|[from] Sandstorm
|-heal|p2a: Hippowdon|94/100 tox|[from] item: Leftovers
|-damage|p2a: Hippowdon|88/100 tox|[from] psn
|upkeep
|turn|117
|
|t:|1661912758
|switch|p2a: Toxapex|Toxapex, M|61/100 par
|move|p1a: Rotom|Hydro Pump|p2a: Toxapex|[miss]
|-miss|p1a: Rotom|p2a: Toxapex
|
|-weather|Sandstorm|[upkeep]
|-damage|p1a: Rotom|47/100|[from] Sandstorm
|-damage|p2a: Toxapex|55/100 par|[from] Sandstorm
|upkeep
|turn|118
|
|t:|1661912765
|switch|p2a: Slowking|Slowking-Galar, M, shiny|62/100 brn
|move|p1a: Rotom|Volt Switch|p2a: Slowking
|-damage|p2a: Slowking|46/100 brn
|
|t:|1661912767
|switch|p1a: Victini|Victini|78/100|[from]move: Volt Switch
|
|-weather|Sandstorm|[upkeep]
|-damage|p1a: Victini|72/100|[from] Sandstorm
|-damage|p2a: Slowking|40/100 brn|[from] Sandstorm
|-damage|p2a: Slowking|34/100 brn|[from] brn
|upkeep
|turn|119
|inactive|Fishdive has 120 seconds left.
|j| Christmas Criminal
|
|t:|1661912781
|switch|p2a: Hippowdon|Hippowdon, M, shiny|88/100 tox
|move|p1a: Victini|U-turn|p2a: Hippowdon
|-damage|p2a: Hippowdon|78/100 tox
|
|t:|1661912783
|switch|p1a: Rotom|Rotom-Wash|47/100|[from]move: U-turn
|
|-weather|Sandstorm|[upkeep]
|-damage|p1a: Rotom|41/100|[from] Sandstorm
|-heal|p2a: Hippowdon|84/100 tox|[from] item: Leftovers
|-damage|p2a: Hippowdon|78/100 tox|[from] psn
|upkeep
|turn|120
|inactive|Fishdive has 120 seconds left.
|
|t:|1661912799
|switch|p2a: Toxapex|Toxapex, M|88/100 par
|move|p1a: Rotom|Volt Switch|p2a: Toxapex
|-supereffective|p2a: Toxapex
|-damage|p2a: Toxapex|49/100 par
|
|t:|1661912807
|switch|p1a: Tapu Koko|Tapu Koko|59/100|[from]move: Volt Switch
|-fieldstart|move: Electric Terrain|[from] ability: Electric Surge|[of] p1a: Tapu Koko
|
|-weather|none
|upkeep
|turn|121
|
|t:|1661912817
|switch|p2a: Slowking|Slowking-Galar, M, shiny|67/100 brn
|move|p1a: Tapu Koko|Grass Knot|p2a: Slowking
|-resisted|p2a: Slowking
|-damage|p2a: Slowking|60/100 brn
|
|-damage|p2a: Slowking|54/100 brn|[from] brn
|upkeep
|turn|122
|
|t:|1661912824
|move|p1a: Tapu Koko|Volt Switch|p2a: Slowking
|-damage|p2a: Slowking|27/100 brn
|
|t:|1661912830
|switch|p1a: Tornadus|Tornadus-Therian, M|57/100 psn|[from]move: Volt Switch
|move|p2a: Slowking|Sludge Bomb|p1a: Tornadus
|-damage|p1a: Tornadus|32/100 psn
|
|-damage|p1a: Tornadus|20/100 psn|[from] psn
|-damage|p2a: Slowking|21/100 brn|[from] brn
|upkeep
|turn|123
|inactive|Fishdive has 120 seconds left.
|
|t:|1661912840
|switch|p2a: Hippowdon|Hippowdon, M, shiny|78/100 tox
|-weather|Sandstorm|[from] ability: Sand Stream|[of] p2a: Hippowdon
|move|p1a: Tornadus|U-turn|p2a: Hippowdon
|-damage|p2a: Hippowdon|70/100 tox
|
|t:|1661912848
|switch|p1a: Rotom|Rotom-Wash|41/100|[from]move: U-turn
|
|-weather|Sandstorm|[upkeep]
|-damage|p1a: Rotom|35/100|[from] Sandstorm
|-heal|p2a: Hippowdon|77/100 tox|[from] item: Leftovers
|-damage|p2a: Hippowdon|70/100 tox|[from] psn
|upkeep
|turn|124
|
|t:|1661912857
|switch|p2a: Slowking|Slowking-Galar, M, shiny|54/100 brn
|move|p1a: Rotom|Volt Switch|p2a: Slowking
|-damage|p2a: Slowking|36/100 brn
|
|t:|1661912860
|switch|p1a: Victini|Victini|72/100|[from]move: Volt Switch
|
|-weather|Sandstorm|[upkeep]
|-damage|p1a: Victini|66/100|[from] Sandstorm
|-damage|p2a: Slowking|30/100 brn|[from] Sandstorm
|-damage|p2a: Slowking|24/100 brn|[from] brn
|-fieldend|move: Electric Terrain
|upkeep
|turn|125
|
|t:|1661912864
|switch|p2a: Toxapex|Toxapex, M|82/100 par
|move|p1a: Victini|Bolt Strike|p2a: Toxapex
|-supereffective|p2a: Toxapex
|-damage|p2a: Toxapex|38/100 par
|
|-weather|Sandstorm|[upkeep]
|-damage|p1a: Victini|60/100|[from] Sandstorm
|-damage|p2a: Toxapex|31/100 par|[from] Sandstorm
|upkeep
|turn|126
|
|t:|1661912876
|move|p1a: Victini|Taunt|p2a: Toxapex
|-start|p2a: Toxapex|move: Taunt
|move|p2a: Toxapex|Knock Off|p1a: Victini
|-supereffective|p1a: Victini
|-damage|p1a: Victini|29/100
|-enditem|p1a: Victini|Heavy-Duty Boots|[from] move: Knock Off|[of] p2a: Toxapex
|
|-weather|Sandstorm|[upkeep]
|-damage|p1a: Victini|22/100|[from] Sandstorm
|-damage|p2a: Toxapex|25/100 par|[from] Sandstorm
|upkeep
|turn|127
|
|t:|1661912885
|switch|p2a: Hippowdon|Hippowdon, M, shiny|70/100 tox
|move|p1a: Victini|U-turn|p2a: Hippowdon
|-damage|p2a: Hippowdon|60/100 tox
|
|t:|1661912898
|switch|p1a: Rotom|Rotom-Wash|35/100|[from]move: U-turn
|
|-weather|none
|-heal|p2a: Hippowdon|66/100 tox|[from] item: Leftovers
|-damage|p2a: Hippowdon|60/100 tox|[from] psn
|upkeep
|turn|128
|
|t:|1661912906
|switch|p2a: Corviknight|Corviknight, F|42/100
|-ability|p2a: Corviknight|Pressure
|move|p1a: Rotom|Hydro Pump|p2a: Corviknight
|-damage|p2a: Corviknight|7/100
|
|upkeep
|turn|129
|
|t:|1661912911
|move|p1a: Rotom|Volt Switch|p2a: Corviknight
|-supereffective|p2a: Corviknight
|-damage|p2a: Corviknight|0 fnt
|faint|p2a: Corviknight
|-message|Fishdive forfeited.
|
|win|d18l
|raw|d18l's rating: 1718 &rarr; <strong>1739</strong><br />(+21 for winning)
|raw|Fishdive's rating: 1731 &rarr; <strong>1710</strong><br />(-21 for losing)
|l|☆Fishdive
|l| Pokemon Hates Me
