|j|☆Pok et glace
|j|☆craltash
|inactive|Battle timer is ON: inactive players will automatically lose when time's up.
|t:|1663493432
|gametype|singles
|player|p1|Pok et glace|cynthia-masters|
|player|p2|craltash|pokemonranger-gen6|
|teamsize|p1|5
|teamsize|p2|5
|gen|8
|tier|[Gen 8] OU
|rated|Tournament battle
|rule|Sleep Clause Mod: Limit one foe put to sleep
|rule|Species Clause: Limit one of each Pokémon
|rule|OHKO Clause: OHKO moves are banned
|rule|Evasion Items Clause: Evasion items are banned
|rule|Evasion Moves Clause: Evasion moves are banned
|rule|Endless Battle Clause: Forcing endless battles is banned
|rule|HP Percentage Mod: HP is shown in percentages
|rule|Dynamax Clause: You cannot dynamax
|clearpoke
|poke|p1|Barraskewda, M|
|poke|p1|Alakazam, M|
|poke|p1|Altaria, F|
|poke|p1|Grimmsnarl, M|
|poke|p1|Blaziken, M|
|poke|p2|Persian-Alola, M|
|poke|p2|Primarina, F|
|poke|p2|Crawdaunt, F|
|poke|p2|Wailord, M|
|poke|p2|Cloyster, M|
|teampreview
|j|*Lady Monita
|c|☆Pok et glace|hf
|c|☆craltash|have fun
|
|t:|1663493446
|start
|switch|p1a: Grimmsnarl|Grimmsnarl, M|100/100
|switch|p2a: Primarina|Primarina, F|100/100
|turn|1
|c|☆Pok et glace|no you have fun
|
|t:|1663493452
|move|p1a: Grimmsnarl|Light Screen|p1a: Grimmsnarl
|-sidestart|p1: Pok et glace|move: Light Screen
|move|p2a: Primarina|Moonblast|p1a: Grimmsnarl
|-supereffective|p1a: Grimmsnarl
|-damage|p1a: Grimmsnarl|66/100
|
|upkeep
|turn|2
|c|☆craltash|nah, you do
|j| MetalReferencesMan
|
|t:|1663493464
|move|p1a: Grimmsnarl|Thunder Wave|p2a: Primarina
|-status|p2a: Primarina|par
|move|p2a: Primarina|Moonblast|p1a: Grimmsnarl
|-supereffective|p1a: Grimmsnarl
|-damage|p1a: Grimmsnarl|34/100
|
|upkeep
|turn|3
|
|t:|1663493469
|move|p1a: Grimmsnarl|Spirit Break|p2a: Primarina
|-damage|p2a: Primarina|69/100 par
|-unboost|p2a: Primarina|spa|1
|cant|p2a: Primarina|par
|
|upkeep
|turn|4
|j| Killitsu
|
|t:|1663493476
|move|p1a: Grimmsnarl|Spirit Break|p2a: Primarina
|-damage|p2a: Primarina|40/100 par
|-unboost|p2a: Primarina|spa|1
|move|p2a: Primarina|Moonblast|p1a: Grimmsnarl
|-supereffective|p1a: Grimmsnarl
|-damage|p1a: Grimmsnarl|15/100
|-unboost|p1a: Grimmsnarl|spa|1
|
|upkeep
|turn|5
|
|t:|1663493483
|move|p1a: Grimmsnarl|Reflect|p1a: Grimmsnarl
|-sidestart|p1: Pok et glace|Reflect
|move|p2a: Primarina|Aqua Jet|p1a: Grimmsnarl
|-damage|p1a: Grimmsnarl|9/100
|
|upkeep
|turn|6
|
|t:|1663493487
|move|p1a: Grimmsnarl|Spirit Break|p2a: Primarina
|-damage|p2a: Primarina|7/100 par
|-unboost|p2a: Primarina|spa|1
|move|p2a: Primarina|Moonblast|p1a: Grimmsnarl
|-supereffective|p1a: Grimmsnarl
|-damage|p1a: Grimmsnarl|0 fnt
|faint|p1a: Grimmsnarl
|
|upkeep
|j| Thebiggestfatnoob
|
|t:|1663493501
|switch|p1a: Blaziken|Blaziken, M|100/100
|turn|7
|
|t:|1663493510
|move|p1a: Blaziken|Thunder Punch|p2a: Primarina
|-supereffective|p2a: Primarina
|-damage|p2a: Primarina|0 fnt
|faint|p2a: Primarina
|-damage|p1a: Blaziken|91/100|[from] item: Life Orb
|
|-ability|p1a: Blaziken|Speed Boost|boost
|-boost|p1a: Blaziken|spe|1
|upkeep
|
|t:|1663493524
|switch|p2a: Wailord|Wailord, M|100/100
|turn|8
|l| Killitsu
|j| Heatmost
|
|t:|1663493531
|switch|p1a: Barraskewda|Barraskewda, M|100/100
|move|p2a: Wailord|Curse|p2a: Wailord
|-unboost|p2a: Wailord|spe|1
|-boost|p2a: Wailord|atk|1
|-boost|p2a: Wailord|def|1
|
|-sideend|p1: Pok et glace|move: Light Screen
|upkeep
|turn|9
|
|t:|1663493536
|move|p1a: Barraskewda|Close Combat|p2a: Wailord
|-damage|p2a: Wailord|63/100
|-unboost|p1a: Barraskewda|def|1
|-unboost|p1a: Barraskewda|spd|1
|move|p2a: Wailord|Curse|p2a: Wailord
|-unboost|p2a: Wailord|spe|1
|-boost|p2a: Wailord|atk|1
|-boost|p2a: Wailord|def|1
|
|-heal|p2a: Wailord|69/100|[from] item: Leftovers
|upkeep
|turn|10
|
|t:|1663493543
|move|p1a: Barraskewda|Close Combat|p2a: Wailord
|-damage|p2a: Wailord|43/100
|-unboost|p1a: Barraskewda|def|1
|-unboost|p1a: Barraskewda|spd|1
|move|p2a: Wailord|Body Press|p1a: Barraskewda
|-damage|p1a: Barraskewda|36/100
|
|-heal|p2a: Wailord|49/100|[from] item: Leftovers
|upkeep
|turn|11
|
|t:|1663493546
|move|p1a: Barraskewda|Close Combat|p2a: Wailord
|-damage|p2a: Wailord|24/100
|-unboost|p1a: Barraskewda|def|1
|-unboost|p1a: Barraskewda|spd|1
|move|p2a: Wailord|Body Press|p1a: Barraskewda
|-damage|p1a: Barraskewda|0 fnt
|faint|p1a: Barraskewda
|
|-heal|p2a: Wailord|30/100|[from] item: Leftovers
|upkeep
|
|t:|1663493549
|switch|p1a: Alakazam|Alakazam, M|100/100
|turn|12
|
|t:|1663493551
|move|p1a: Alakazam|Psychic|p2a: Wailord
|-damage|p2a: Wailord|0 fnt
|faint|p2a: Wailord
|
|-sideend|p1: Pok et glace|Reflect
|upkeep
|
|t:|1663493555
|switch|p2a: Persian|Persian-Alola, M|100/100
|turn|13
|
|t:|1663493558
|switch|p1a: Blaziken|Blaziken, M|91/100
|move|p2a: Persian|Knock Off|p1a: Blaziken
|-resisted|p1a: Blaziken
|-damage|p1a: Blaziken|73/100
|-enditem|p1a: Blaziken|Life Orb|[from] move: Knock Off|[of] p2a: Persian
|
|upkeep
|turn|14
|
|t:|1663493566
|move|p2a: Persian|Toxic|p1a: Blaziken
|-status|p1a: Blaziken|tox
|move|p1a: Blaziken|Close Combat|p2a: Persian
|-supereffective|p2a: Persian
|-damage|p2a: Persian|0 fnt
|-unboost|p1a: Blaziken|def|1
|-unboost|p1a: Blaziken|spd|1
|faint|p2a: Persian
|
|-damage|p1a: Blaziken|67/100 tox|[from] psn
|-ability|p1a: Blaziken|Speed Boost|boost
|-boost|p1a: Blaziken|spe|1
|upkeep
|l| Thebiggestfatnoob
|
|t:|1663493571
|switch|p2a: Crawdaunt|Crawdaunt, F|100/100
|turn|15
|
|t:|1663493574
|move|p2a: Crawdaunt|Aqua Jet|p1a: Blaziken
|-supereffective|p1a: Blaziken
|-damage|p1a: Blaziken|0 fnt
|faint|p1a: Blaziken
|
|upkeep
|
|t:|1663493577
|switch|p1a: Alakazam|Alakazam, M|100/100
|turn|16
|
|t:|1663493580
|move|p2a: Crawdaunt|Aqua Jet|p1a: Alakazam
|-damage|p1a: Alakazam|0 fnt
|faint|p1a: Alakazam
|
|upkeep
|c|☆Pok et glace|wow insane
|
|t:|1663493587
|switch|p1a: Altaria|Altaria, F|100/100
|turn|17
|c|☆Pok et glace|gg
|c|☆Pok et glace|did not expect to just die
|
|t:|1663493596
|move|p2a: Crawdaunt|Aqua Jet|p1a: Altaria
|-resisted|p1a: Altaria
|-damage|p1a: Altaria|71/100
|move|p1a: Altaria|Dragon Dance|p1a: Altaria
|-boost|p1a: Altaria|atk|1
|-boost|p1a: Altaria|spe|1
|
|-heal|p1a: Altaria|77/100|[from] item: Leftovers
|upkeep
|turn|18
|j| MustardNischal
|
|t:|1663493603
|move|p2a: Crawdaunt|Aqua Jet|p1a: Altaria
|-resisted|p1a: Altaria
|-damage|p1a: Altaria|47/100
|move|p1a: Altaria|Dual Wingbeat|p2a: Crawdaunt
|-damage|p2a: Crawdaunt|68/100
|-damage|p2a: Crawdaunt|32/100
|-hitcount|p2a: Crawdaunt|2
|
|-heal|p1a: Altaria|53/100|[from] item: Leftovers
|upkeep
|turn|19
|j| Crazy Pokeking qt
|
|t:|1663493606
|move|p2a: Crawdaunt|Aqua Jet|p1a: Altaria
|-resisted|p1a: Altaria
|-damage|p1a: Altaria|25/100
|move|p1a: Altaria|Dragon Dance|p1a: Altaria
|-boost|p1a: Altaria|atk|1
|-boost|p1a: Altaria|spe|1
|
|-heal|p1a: Altaria|31/100|[from] item: Leftovers
|upkeep
|turn|20
|j| Cupcake♢collector
|c| Crazy Pokeking qt|mm
|c|☆craltash|the aqua was indeed jetting
|
|t:|1663493618
|move|p2a: Crawdaunt|Aqua Jet|p1a: Altaria
|-resisted|p1a: Altaria
|-damage|p1a: Altaria|6/100
|move|p1a: Altaria|Roost|p1a: Altaria
|-heal|p1a: Altaria|56/100
|-singleturn|p1a: Altaria|move: Roost
|
|-heal|p1a: Altaria|62/100|[from] item: Leftovers
|upkeep
|turn|21
|j| dimcalyx
|
|t:|1663493622
|move|p2a: Crawdaunt|Aqua Jet|p1a: Altaria
|-resisted|p1a: Altaria
|-damage|p1a: Altaria|33/100
|move|p1a: Altaria|Dragon Dance|p1a: Altaria
|-boost|p1a: Altaria|atk|1
|-boost|p1a: Altaria|spe|1
|
|-heal|p1a: Altaria|39/100|[from] item: Leftovers
|upkeep
|turn|22
|c| Crazy Pokeking qt|crab vs birb
|c| MustardNischal|wait oh?
|
|t:|1663493626
|switch|p2a: Cloyster|Cloyster, M|100/100
|move|p1a: Altaria|Roost|p1a: Altaria
|-heal|p1a: Altaria|89/100
|-singleturn|p1a: Altaria|move: Roost
|
|-heal|p1a: Altaria|95/100|[from] item: Leftovers
|upkeep
|turn|23
|c| MustardNischal|clutch?
|
|t:|1663493632
|move|p1a: Altaria|Dual Wingbeat|p2a: Cloyster
|-damage|p2a: Cloyster|67/100
|-damage|p2a: Cloyster|36/100
|-hitcount|p2a: Cloyster|2
|move|p2a: Cloyster|Icicle Spear|p1a: Altaria
|-supereffective|p1a: Altaria
|-damage|p1a: Altaria|42/100
|-supereffective|p1a: Altaria
|-damage|p1a: Altaria|0 fnt
|faint|p1a: Altaria
|-hitcount|p1: Altaria|2
|
|win|craltash
|n|☆Pok et glace|poketglace
|n|☆craltash|craltash
|n|*Lady Monita|ladymonita
|n| MetalReferencesMan|metalreferencesman
|n| Heatmost|heatmost
|n| MustardNischal|mustardnischal
|n| Crazy Pokeking qt|crazypokekingqt
|n| Cupcake♢collector|cupcakecollector
|n| dimcalyx|dimcalyx
