|html|<div class="broadcast-blue"><strong>[Gen 8] OU is currently suspecting Melmetal! For information on how to participate check out the <a href="https://www.smogon.com/forums/threads/np-ss-ou-suspect-process-round-12-monster-mash.3709234/">suspect thread</a>.</strong></div>
|j|☆Gen1Elite4Champion
|j|☆Draco09876
|t:|1666134001
|gametype|singles
|player|p1|Gen1Elite4Champion|blaine|1701
|player|p2|Draco09876|102|1700
|teamsize|p1|6
|teamsize|p2|6
|gen|8
|tier|[Gen 8] OU
|rated|
|rule|Sleep Clause Mod: Limit one foe put to sleep
|rule|Species Clause: Limit one of each Pokémon
|rule|OHKO Clause: OHKO moves are banned
|rule|Evasion Items Clause: Evasion items are banned
|rule|Evasion Moves Clause: Evasion moves are banned
|rule|Endless Battle Clause: Forcing endless battles is banned
|rule|HP Percentage Mod: HP is shown in percentages
|rule|Dynamax Clause: You cannot dynamax
|clearpoke
|poke|p1|Ninetales-Alola, F|
|poke|p1|Klefki, F|
|poke|p1|Scolipede, F|
|poke|p1|Blissey, F|
|poke|p1|Gyarados, M|
|poke|p1|Volcarona, F|
|poke|p2|Garchomp, F|
|poke|p2|Pelipper, F|
|poke|p2|Ferrothorn, M|
|poke|p2|Barraskewda, M|
|poke|p2|Tornadus-Therian, M|
|poke|p2|Slowking-Galar, F|
|teampreview
|inactive|Battle timer is ON: inactive players will automatically lose when time's up. (requested by Gen1Elite4Champion)
|
|t:|1666134007
|start
|switch|p1a: Klefki|Klefki, F|100/100
|switch|p2a: Slowking|Slowking-Galar, F|100/100
|turn|1
|j| darkcloud1986
|j| Jongruenwald
|j| Viredagod
|
|t:|1666134011
|switch|p2a: Garchomp|Garchomp, F|100/100
|move|p1a: Klefki|Thunder Wave|p2a: Garchomp
|-immune|p2a: Garchomp
|
|upkeep
|turn|2
|l| Viredagod
|
|t:|1666134016
|switch|p1a: Ninetales|Ninetales-Alola, F|100/100
|-weather|Hail|[from] ability: Snow Warning|[of] p1a: Ninetales
|move|p2a: Garchomp|Earthquake|p1a: Ninetales
|-damage|p1a: Ninetales|54/100
|
|-weather|Hail|[upkeep]
|-damage|p2a: Garchomp|94/100|[from] Hail
|-heal|p2a: Garchomp|100/100|[from] item: Leftovers
|upkeep
|turn|3
|j| Le Herbo
|j| Viredagod
|l| Viredagod
|
|t:|1666134028
|switch|p2a: Slowking|Slowking-Galar, F|100/100
|move|p1a: Ninetales|Aurora Veil|p1a: Ninetales
|-sidestart|p1: Gen1Elite4Champion|move: Aurora Veil
|
|-weather|Hail|[upkeep]
|-damage|p2a: Slowking|94/100|[from] Hail
|upkeep
|turn|4
|
|t:|1666134034
|switch|p1a: Blissey|Blissey, F|100/100
|move|p2a: Slowking|Flamethrower|p1a: Blissey
|-damage|p1a: Blissey|94/100
|
|-weather|Hail|[upkeep]
|-damage|p1a: Blissey|88/100|[from] Hail
|-damage|p2a: Slowking|88/100|[from] Hail
|-heal|p1a: Blissey|94/100|[from] item: Leftovers
|upkeep
|turn|5
|
|t:|1666134043
|switch|p2a: Garchomp|Garchomp, F|100/100
|move|p1a: Blissey|Stealth Rock|p2a: Garchomp
|-sidestart|p2: Draco09876|move: Stealth Rock
|
|-weather|Hail|[upkeep]
|-damage|p2a: Garchomp|94/100|[from] Hail
|-damage|p1a: Blissey|88/100|[from] Hail
|-heal|p2a: Garchomp|100/100|[from] item: Leftovers
|-heal|p1a: Blissey|94/100|[from] item: Leftovers
|upkeep
|turn|6
|
|t:|1666134051
|move|p2a: Garchomp|Stealth Rock|p1a: Blissey
|-sidestart|p1: Gen1Elite4Champion|move: Stealth Rock
|move|p1a: Blissey|Toxic|p2a: Garchomp
|-status|p2a: Garchomp|tox
|
|-weather|none
|-heal|p1a: Blissey|100/100|[from] item: Leftovers
|-damage|p2a: Garchomp|94/100 tox|[from] psn
|upkeep
|turn|7
|
|t:|1666134058
|switch|p2a: Slowking|Slowking-Galar, F|100/100
|-damage|p2a: Slowking|88/100|[from] Stealth Rock
|move|p1a: Blissey|Seismic Toss|p2a: Slowking
|-damage|p2a: Slowking|63/100
|
|upkeep
|turn|8
|
|t:|1666134064
|move|p1a: Blissey|Seismic Toss|p2a: Slowking
|-damage|p2a: Slowking|37/100
|move|p2a: Slowking|Future Sight|p1a: Blissey
|-start|p2a: Slowking|move: Future Sight
|
|upkeep
|turn|9
|l| Le Herbo
|
|t:|1666134070
|switch|p2a: Ferrothorn|Ferrothorn, M|100/100
|-damage|p2a: Ferrothorn|94/100|[from] Stealth Rock
|move|p1a: Blissey|Seismic Toss|p2a: Ferrothorn
|-damage|p2a: Ferrothorn|66/100
|-damage|p1a: Blissey|88/100|[from] ability: Iron Barbs|[of] p2a: Ferrothorn
|
|-heal|p1a: Blissey|94/100|[from] item: Leftovers
|-heal|p2a: Ferrothorn|72/100|[from] item: Leftovers
|upkeep
|turn|10
|j| tapu moxo
|
|t:|1666134080
|move|p1a: Blissey|Seismic Toss|p2a: Ferrothorn
|-damage|p2a: Ferrothorn|44/100
|-damage|p1a: Blissey|82/100|[from] ability: Iron Barbs|[of] p2a: Ferrothorn
|move|p2a: Ferrothorn|Leech Seed|p1a: Blissey
|-start|p1a: Blissey|move: Leech Seed
|
|-end|p1a: Blissey|move: Future Sight
|-damage|p1a: Blissey|71/100
|-heal|p1a: Blissey|77/100|[from] item: Leftovers
|-heal|p2a: Ferrothorn|50/100|[from] item: Leftovers
|-damage|p1a: Blissey|64/100|[from] Leech Seed|[of] p2a: Ferrothorn
|-heal|p2a: Ferrothorn|75/100|[silent]
|-sideend|p1: Gen1Elite4Champion|move: Aurora Veil
|upkeep
|turn|11
|
|t:|1666134092
|switch|p1a: Volcarona|Volcarona, F|100/100
|move|p2a: Ferrothorn|Knock Off|p1a: Volcarona
|-damage|p1a: Volcarona|73/100
|-status|p2a: Ferrothorn|brn|[from] ability: Flame Body|[of] p1a: Volcarona
|-enditem|p1a: Volcarona|Heavy-Duty Boots|[from] move: Knock Off|[of] p2a: Ferrothorn
|
|-heal|p2a: Ferrothorn|81/100 brn|[from] item: Leftovers
|-damage|p2a: Ferrothorn|75/100 brn|[from] brn
|upkeep
|turn|12
|
|t:|1666134101
|switch|p2a: Pelipper|Pelipper, F|100/100
|-damage|p2a: Pelipper|76/100|[from] Stealth Rock
|-weather|RainDance|[from] ability: Drizzle|[of] p2a: Pelipper
|move|p1a: Volcarona|Quiver Dance|p1a: Volcarona
|-boost|p1a: Volcarona|spa|1
|-boost|p1a: Volcarona|spd|1
|-boost|p1a: Volcarona|spe|1
|
|-weather|RainDance|[upkeep]
|upkeep
|turn|13
|
|t:|1666134109
|move|p1a: Volcarona|Psychic|p2a: Pelipper
|-damage|p2a: Pelipper|3/100
|move|p2a: Pelipper|Scald|p1a: Volcarona
|-supereffective|p1a: Volcarona
|-damage|p1a: Volcarona|13/100
|
|-weather|RainDance|[upkeep]
|upkeep
|turn|14
|
|t:|1666134123
|move|p1a: Volcarona|Giga Drain|p2a: Pelipper
|-damage|p2a: Pelipper|0 fnt
|-heal|p1a: Volcarona|14/100|[from] drain|[of] p2a: Pelipper
|faint|p2a: Pelipper
|
|-weather|RainDance|[upkeep]
|upkeep
|
|t:|1666134132
|switch|p2a: Barraskewda|Barraskewda, M|100/100
|-damage|p2a: Barraskewda|88/100|[from] Stealth Rock
|turn|15
|
|t:|1666134136
|move|p2a: Barraskewda|Flip Turn|p1a: Volcarona
|-supereffective|p1a: Volcarona
|-damage|p1a: Volcarona|0 fnt
|faint|p1a: Volcarona
|
|t:|1666134140
|switch|p2a: Slowking|Slowking-Galar, F|71/100|[from]move: Flip Turn
|-damage|p2a: Slowking|58/100|[from] Stealth Rock
|
|-weather|RainDance|[upkeep]
|upkeep
|
|t:|1666134149
|switch|p1a: Ninetales|Ninetales-Alola, F|54/100
|-damage|p1a: Ninetales|29/100|[from] Stealth Rock
|-weather|Hail|[from] ability: Snow Warning|[of] p1a: Ninetales
|turn|16
|
|t:|1666134154
|move|p1a: Ninetales|Aurora Veil|p1a: Ninetales
|-sidestart|p1: Gen1Elite4Champion|move: Aurora Veil
|move|p2a: Slowking|Future Sight|p1a: Ninetales
|-start|p2a: Slowking|move: Future Sight
|
|-weather|Hail|[upkeep]
|-damage|p2a: Slowking|52/100|[from] Hail
|upkeep
|turn|17
|
|t:|1666134159
|move|p1a: Ninetales|Encore|p2a: Slowking
|-start|p2a: Slowking|Encore
|move|p2a: Slowking|Future Sight||[still]
|-fail|p2a: Slowking
|
|-weather|Hail|[upkeep]
|-damage|p2a: Slowking|46/100|[from] Hail
|upkeep
|turn|18
|
|t:|1666134175
|switch|p1a: Klefki|Klefki, F|100/100
|-damage|p1a: Klefki|94/100|[from] Stealth Rock
|switch|p2a: Ferrothorn|Ferrothorn, M|75/100 brn
|-damage|p2a: Ferrothorn|69/100 brn|[from] Stealth Rock
|
|-weather|Hail|[upkeep]
|-damage|p1a: Klefki|88/100|[from] Hail
|-damage|p2a: Ferrothorn|63/100 brn|[from] Hail
|-end|p1a: Klefki|move: Future Sight
|-resisted|p1a: Klefki
|-damage|p1a: Klefki|70/100
|-heal|p2a: Ferrothorn|69/100 brn|[from] item: Leftovers
|-damage|p2a: Ferrothorn|63/100 brn|[from] brn
|upkeep
|turn|19
|
|t:|1666134187
|move|p1a: Klefki|Defog|p2a: Ferrothorn
|-unboost|p2a: Ferrothorn|evasion|1
|-sideend|p2: Draco09876|Stealth Rock|[from] move: Defog|[of] p1a: Klefki
|-sideend|p1: Gen1Elite4Champion|Stealth Rock|[from] move: Defog|[of] p1a: Klefki
|move|p2a: Ferrothorn|Leech Seed|p1a: Klefki
|-start|p1a: Klefki|move: Leech Seed
|
|-weather|Hail|[upkeep]
|-damage|p1a: Klefki|64/100|[from] Hail
|-damage|p2a: Ferrothorn|56/100 brn|[from] Hail
|-heal|p2a: Ferrothorn|63/100 brn|[from] item: Leftovers
|-damage|p1a: Klefki|52/100|[from] Leech Seed|[of] p2a: Ferrothorn
|-heal|p2a: Ferrothorn|72/100 brn|[silent]
|-damage|p2a: Ferrothorn|66/100 brn|[from] brn
|upkeep
|turn|20
|
|t:|1666134198
|switch|p1a: Scolipede|Scolipede, F|100/100
|move|p2a: Ferrothorn|Spikes|p1a: Scolipede
|-sidestart|p1: Gen1Elite4Champion|Spikes
|
|-weather|none
|-heal|p2a: Ferrothorn|72/100 brn|[from] item: Leftovers
|-damage|p2a: Ferrothorn|66/100 brn|[from] brn
|upkeep
|turn|21
|
|t:|1666134205
|move|p1a: Scolipede|Swords Dance|p1a: Scolipede
|-boost|p1a: Scolipede|atk|2
|move|p2a: Ferrothorn|Leech Seed|p1a: Scolipede
|-start|p1a: Scolipede|move: Leech Seed
|
|-heal|p2a: Ferrothorn|72/100 brn|[from] item: Leftovers
|-damage|p1a: Scolipede|88/100|[from] Leech Seed|[of] p2a: Ferrothorn
|-heal|p2a: Ferrothorn|81/100 brn|[silent]
|-damage|p2a: Ferrothorn|75/100 brn|[from] brn
|-ability|p1a: Scolipede|Speed Boost|boost
|-boost|p1a: Scolipede|spe|1
|upkeep
|turn|22
|j|+Dragonillis
|
|t:|1666134214
|move|p1a: Scolipede|Swords Dance|p1a: Scolipede
|-boost|p1a: Scolipede|atk|2
|move|p2a: Ferrothorn|Knock Off|p1a: Scolipede
|-damage|p1a: Scolipede|82/100
|-enditem|p1a: Scolipede|Life Orb|[from] move: Knock Off|[of] p2a: Ferrothorn
|
|-heal|p2a: Ferrothorn|81/100 brn|[from] item: Leftovers
|-damage|p1a: Scolipede|70/100|[from] Leech Seed|[of] p2a: Ferrothorn
|-heal|p2a: Ferrothorn|90/100 brn|[silent]
|-damage|p2a: Ferrothorn|84/100 brn|[from] brn
|-ability|p1a: Scolipede|Speed Boost|boost
|-boost|p1a: Scolipede|spe|1
|upkeep
|turn|23
|
|t:|1666134225
|move|p1a: Scolipede|Earthquake|p2a: Ferrothorn
|-damage|p2a: Ferrothorn|31/100 brn
|move|p2a: Ferrothorn|Spikes|p1a: Scolipede
|-sidestart|p1: Gen1Elite4Champion|Spikes
|
|-heal|p2a: Ferrothorn|37/100 brn|[from] item: Leftovers
|-damage|p1a: Scolipede|58/100|[from] Leech Seed|[of] p2a: Ferrothorn
|-heal|p2a: Ferrothorn|46/100 brn|[silent]
|-damage|p2a: Ferrothorn|40/100 brn|[from] brn
|-sideend|p1: Gen1Elite4Champion|move: Aurora Veil
|-ability|p1a: Scolipede|Speed Boost|boost
|-boost|p1a: Scolipede|spe|1
|upkeep
|turn|24
|
|t:|1666134237
|switch|p2a: Tornadus|Tornadus-Therian, M|100/100
|move|p1a: Scolipede|Earthquake|p2a: Tornadus
|-immune|p2a: Tornadus
|
|-damage|p1a: Scolipede|45/100|[from] Leech Seed|[of] p2a: Tornadus
|-ability|p1a: Scolipede|Speed Boost|boost
|-boost|p1a: Scolipede|spe|1
|upkeep
|turn|25
|
|t:|1666134249
|switch|p2a: Ferrothorn|Ferrothorn, M|40/100 brn
|move|p1a: Scolipede|Poison Jab|p2a: Ferrothorn
|-immune|p2a: Ferrothorn
|
|-heal|p2a: Ferrothorn|46/100 brn|[from] item: Leftovers
|-damage|p1a: Scolipede|33/100|[from] Leech Seed|[of] p2a: Ferrothorn
|-heal|p2a: Ferrothorn|55/100 brn|[silent]
|-damage|p2a: Ferrothorn|49/100 brn|[from] brn
|-ability|p1a: Scolipede|Speed Boost|boost
|-boost|p1a: Scolipede|spe|1
|upkeep
|turn|26
|
|t:|1666134259
|switch|p2a: Tornadus|Tornadus-Therian, M|100/100
|move|p1a: Scolipede|Earthquake|p2a: Tornadus
|-immune|p2a: Tornadus
|
|-damage|p1a: Scolipede|21/100|[from] Leech Seed|[of] p2a: Tornadus
|-ability|p1a: Scolipede|Speed Boost|boost
|-boost|p1a: Scolipede|spe|1
|upkeep
|turn|27
|j| jiohiuviyfviyigb
|
|t:|1666134269
|switch|p2a: Ferrothorn|Ferrothorn, M|49/100 brn
|move|p1a: Scolipede|Poison Jab|p2a: Ferrothorn
|-immune|p2a: Ferrothorn
|
|-heal|p2a: Ferrothorn|55/100 brn|[from] item: Leftovers
|-damage|p1a: Scolipede|9/100|[from] Leech Seed|[of] p2a: Ferrothorn
|-heal|p2a: Ferrothorn|64/100 brn|[silent]
|-damage|p2a: Ferrothorn|58/100 brn|[from] brn
|upkeep
|turn|28
|
|t:|1666134293
|move|p1a: Scolipede|Earthquake|p2a: Ferrothorn
|-damage|p2a: Ferrothorn|8/100 brn
|move|p2a: Ferrothorn|Spikes|p1a: Scolipede
|-sidestart|p1: Gen1Elite4Champion|Spikes
|
|-heal|p2a: Ferrothorn|14/100 brn|[from] item: Leftovers
|-damage|p1a: Scolipede|0 fnt|[from] Leech Seed|[of] p2a: Ferrothorn
|-heal|p2a: Ferrothorn|20/100 brn|[silent]
|faint|p1a: Scolipede
|-damage|p2a: Ferrothorn|14/100 brn|[from] brn
|upkeep
|
|t:|1666134307
|switch|p1a: Gyarados|Gyarados, M, shiny|100/100
|turn|29
|
|t:|1666134314
|switch|p2a: Tornadus|Tornadus-Therian, M|100/100
|move|p1a: Gyarados|Earthquake|p2a: Tornadus
|-immune|p2a: Tornadus
|
|upkeep
|turn|30
|c|☆Gen1Elite4Champion|wow
|
|t:|1666134323
|switch|p1a: Klefki|Klefki, F|52/100
|-damage|p1a: Klefki|27/100|[from] Spikes
|move|p2a: Tornadus|Knock Off|p1a: Klefki
|-resisted|p1a: Klefki
|-damage|p1a: Klefki|16/100
|-enditem|p1a: Klefki|Light Clay|[from] move: Knock Off|[of] p2a: Tornadus
|
|upkeep
|turn|31
|
|t:|1666134330
|switch|p2a: Ferrothorn|Ferrothorn, M|14/100 brn
|move|p1a: Klefki|Defog|p2a: Ferrothorn
|-unboost|p2a: Ferrothorn|evasion|1
|-sideend|p1: Gen1Elite4Champion|Spikes|[from] move: Defog|[of] p1a: Klefki
|
|-heal|p2a: Ferrothorn|20/100 brn|[from] item: Leftovers
|-damage|p2a: Ferrothorn|14/100 brn|[from] brn
|upkeep
|turn|32
|
|t:|1666134338
|switch|p1a: Ninetales|Ninetales-Alola, F|29/100
|-weather|Hail|[from] ability: Snow Warning|[of] p1a: Ninetales
|move|p2a: Ferrothorn|Leech Seed|p1a: Ninetales
|-start|p1a: Ninetales|move: Leech Seed
|
|-weather|Hail|[upkeep]
|-damage|p2a: Ferrothorn|7/100 brn|[from] Hail
|-heal|p2a: Ferrothorn|14/100 brn|[from] item: Leftovers
|-damage|p1a: Ninetales|17/100|[from] Leech Seed|[of] p2a: Ferrothorn
|-heal|p2a: Ferrothorn|24/100 brn|[silent]
|-damage|p2a: Ferrothorn|17/100 brn|[from] brn
|upkeep
|turn|33
|
|t:|1666134349
|move|p1a: Ninetales|Freeze-Dry|p2a: Ferrothorn
|-damage|p2a: Ferrothorn|0 fnt
|faint|p2a: Ferrothorn
|
|-weather|Hail|[upkeep]
|upkeep
|
|t:|1666134352
|switch|p2a: Barraskewda|Barraskewda, M|88/100
|turn|34
|
|t:|1666134357
|move|p2a: Barraskewda|Flip Turn|p1a: Ninetales
|-damage|p1a: Ninetales|0 fnt
|faint|p1a: Ninetales
|
|t:|1666134365
|switch|p2a: Slowking|Slowking-Galar, F|79/100|[from]move: Flip Turn
|
|-weather|Hail|[upkeep]
|-damage|p2a: Slowking|73/100|[from] Hail
|upkeep
|
|t:|1666134371
|switch|p1a: Klefki|Klefki, F|16/100
|turn|35
|
|t:|1666134375
|switch|p2a: Garchomp|Garchomp, F|94/100 tox
|move|p1a: Klefki|Reflect|p1a: Klefki
|-sidestart|p1: Gen1Elite4Champion|Reflect
|
|-weather|Hail|[upkeep]
|-damage|p2a: Garchomp|88/100 tox|[from] Hail
|-damage|p1a: Klefki|10/100|[from] Hail
|-heal|p2a: Garchomp|94/100 tox|[from] item: Leftovers
|-damage|p2a: Garchomp|88/100 tox|[from] psn
|upkeep
|turn|36
|
|t:|1666134384
|switch|p1a: Gyarados|Gyarados, M, shiny|100/100
|move|p2a: Garchomp|Stealth Rock|p1a: Gyarados
|-sidestart|p1: Gen1Elite4Champion|move: Stealth Rock
|
|-weather|none
|-heal|p2a: Garchomp|94/100 tox|[from] item: Leftovers
|-damage|p2a: Garchomp|82/100 tox|[from] psn
|upkeep
|turn|37
|
|t:|1666134391
|move|p1a: Gyarados|Dragon Dance|p1a: Gyarados
|-boost|p1a: Gyarados|atk|1
|-boost|p1a: Gyarados|spe|1
|move|p2a: Garchomp|Toxic|p1a: Gyarados
|-status|p1a: Gyarados|tox
|
|-heal|p2a: Garchomp|88/100 tox|[from] item: Leftovers
|-damage|p1a: Gyarados|94/100 tox|[from] psn
|-damage|p2a: Garchomp|70/100 tox|[from] psn
|upkeep
|turn|38
|
|t:|1666134399
|switch|p2a: Tornadus|Tornadus-Therian, M|100/100
|move|p1a: Gyarados|Dragon Dance|p1a: Gyarados
|-boost|p1a: Gyarados|atk|1
|-boost|p1a: Gyarados|spe|1
|
|-heal|p1a: Gyarados|100/100 tox|[from] item: Leftovers
|-damage|p1a: Gyarados|88/100 tox|[from] psn
|upkeep
|turn|39
|
|t:|1666134406
|move|p1a: Gyarados|Waterfall|p2a: Tornadus
|-damage|p2a: Tornadus|4/100
|move|p2a: Tornadus|Knock Off|p1a: Gyarados
|-damage|p1a: Gyarados|76/100 tox
|-enditem|p1a: Gyarados|Leftovers|[from] move: Knock Off|[of] p2a: Tornadus
|
|-damage|p1a: Gyarados|58/100 tox|[from] psn
|-sideend|p1: Gen1Elite4Champion|Reflect
|upkeep
|turn|40
|
|t:|1666134418
|move|p1a: Gyarados|Waterfall|p2a: Tornadus
|-damage|p2a: Tornadus|0 fnt
|faint|p2a: Tornadus
|-ability|p1a: Gyarados|Moxie|boost
|-boost|p1a: Gyarados|atk|1
|
|-damage|p1a: Gyarados|33/100 tox|[from] psn
|upkeep
|
|t:|1666134429
|switch|p2a: Garchomp|Garchomp, F|70/100 tox
|turn|41
|
|t:|1666134431
|move|p2a: Garchomp|Protect|p2a: Garchomp
|-singleturn|p2a: Garchomp|Protect
|move|p1a: Gyarados|Earthquake|p2a: Garchomp
|-activate|p2a: Garchomp|move: Protect
|
|-heal|p2a: Garchomp|76/100 tox|[from] item: Leftovers
|-damage|p1a: Gyarados|3/100 tox|[from] psn
|-damage|p2a: Garchomp|70/100 tox|[from] psn
|upkeep
|turn|42
|
|t:|1666134439
|move|p2a: Garchomp|Protect||[still]
|-fail|p2a: Garchomp
|move|p1a: Gyarados|Earthquake|p2a: Garchomp
|-damage|p2a: Garchomp|12/100 tox
|
|-heal|p2a: Garchomp|18/100 tox|[from] item: Leftovers
|-damage|p1a: Gyarados|0 fnt|[from] psn
|faint|p1a: Gyarados
|-damage|p2a: Garchomp|6/100 tox|[from] psn
|upkeep
|l| Jongruenwald
|
|t:|1666134463
|switch|p1a: Blissey|Blissey, F|64/100
|-damage|p1a: Blissey|52/100|[from] Stealth Rock
|turn|43
|
|t:|1666134469
|move|p2a: Garchomp|Earthquake|p1a: Blissey
|-damage|p1a: Blissey|17/100
|move|p1a: Blissey|Soft-Boiled|p1a: Blissey
|-heal|p1a: Blissey|67/100
|
|-heal|p2a: Garchomp|12/100 tox|[from] item: Leftovers
|-heal|p1a: Blissey|73/100|[from] item: Leftovers
|-damage|p2a: Garchomp|0 fnt|[from] psn
|faint|p2a: Garchomp
|upkeep
|
|t:|1666134473
|switch|p2a: Barraskewda|Barraskewda, M|88/100
|turn|44
|l| tapu moxo
|c|☆Draco09876|gg
|
|t:|1666134484
|move|p2a: Barraskewda|Close Combat|p1a: Blissey
|-supereffective|p1a: Blissey
|-damage|p1a: Blissey|0 fnt
|-unboost|p2a: Barraskewda|def|1
|-unboost|p2a: Barraskewda|spd|1
|faint|p1a: Blissey
|
|upkeep
|c|☆Gen1Elite4Champion|gg loser
|c|☆Draco09876|lol
|c|☆Gen1Elite4Champion|des
|c|☆Gen1Elite4Champion|and pathetic
|-message|Gen1Elite4Champion forfeited.
|
|win|Draco09876
|raw|Gen1Elite4Champion's rating: 1701 &rarr; <strong>1681</strong><br />(-20 for losing)
|raw|Draco09876's rating: 1700 &rarr; <strong>1720</strong><br />(+20 for winning)
|l|☆Gen1Elite4Champion
|l| darkcloud1986
|c| jiohiuviyfviyigb|he mad
|c|☆Draco09876|right
|l| jiohiuviyfviyigb
|c|☆Draco09876|i just outplayed him
||Ladder isn't responding, score probably updated but might not have (Request timeout).
