|raw|<div class="broadcast-blue"><strong>This battle is required to be public due to a player having a name starting with 'lt81yl'.</div>
|j|☆LT81YL crying
|j|‽not mb
|t:|1625624426
|gametype|singles
|player|p1|LT81YL crying|lass-gen4dp|1859
|player|p2|not mb|#splxiclassiest|1869
|teamsize|p1|6
|teamsize|p2|6
|gen|8
|tier|[Gen 8] OU
|rated|
|rule|Sleep Clause Mod: Limit one foe put to sleep
|rule|Species Clause: Limit one of each Pokémon
|rule|OHKO Clause: OHKO moves are banned
|rule|Evasion Moves Clause: Evasion moves are banned
|rule|Endless Battle Clause: Forcing endless battles is banned
|rule|HP Percentage Mod: HP is shown in percentages
|rule|Dynamax Clause: You cannot dynamax
|clearpoke
|poke|p1|Pelipper, F|
|poke|p1|Ferrothorn, M|
|poke|p1|Barraskewda, F|
|poke|p1|Tornadus-Therian, M|
|poke|p1|Kyurem|
|poke|p1|Mew|
|poke|p2|Tapu Lele|
|poke|p2|Landorus-Therian, M|
|poke|p2|Zapdos|
|poke|p2|Volcanion|
|poke|p2|Dragapult, F|
|poke|p2|Melmetal|
|teampreview
|inactive|Battle timer is ON: inactive players will automatically lose when time's up. (requested by LT81YL crying)
|j| OnGroveStreet
|inactive|LT81YL crying has 120 seconds left.
|
|t:|1625624460
|start
|switch|p1a: Ferrothorn|Ferrothorn, M|100/100
|switch|p2a: Zapdos|Zapdos|100/100
|turn|1
|
|t:|1625624464
|move|p2a: Zapdos|Volt Switch|p1a: Ferrothorn
|-resisted|p1a: Ferrothorn
|-damage|p1a: Ferrothorn|92/100
|
|t:|1625624466
|switch|p2a: Landorus|Landorus-Therian, M|100/100|[from]move: Volt Switch
|-ability|p2a: Landorus|Intimidate|boost
|-unboost|p1a: Ferrothorn|atk|1
|move|p1a: Ferrothorn|Spikes|p2a: Landorus
|-sidestart|p2: not mb|Spikes
|
|-heal|p1a: Ferrothorn|98/100|[from] item: Leftovers
|upkeep
|turn|2
|
|t:|1625624471
|move|p2a: Landorus|Stealth Rock|p1a: Ferrothorn
|-sidestart|p1: LT81YL crying|move: Stealth Rock
|move|p1a: Ferrothorn|Knock Off|p2a: Landorus
|-damage|p2a: Landorus|87/100
|-enditem|p2a: Landorus|Leftovers|[from] move: Knock Off|[of] p1a: Ferrothorn
|
|-heal|p1a: Ferrothorn|100/100|[from] item: Leftovers
|upkeep
|turn|3
|
|t:|1625624475
|move|p2a: Landorus|Knock Off|p1a: Ferrothorn
|-damage|p1a: Ferrothorn|76/100
|-damage|p2a: Landorus|75/100|[from] ability: Iron Barbs|[of] p1a: Ferrothorn
|-enditem|p1a: Ferrothorn|Leftovers|[from] move: Knock Off|[of] p2a: Landorus
|move|p1a: Ferrothorn|Leech Seed|p2a: Landorus
|-start|p2a: Landorus|move: Leech Seed
|
|-damage|p2a: Landorus|62/100|[from] Leech Seed|[of] p1a: Ferrothorn
|-heal|p1a: Ferrothorn|90/100|[silent]
|upkeep
|turn|4
|
|t:|1625624484
|switch|p2a: Volcanion|Volcanion|100/100
|move|p1a: Ferrothorn|Leech Seed|p2a: Volcanion
|-start|p2a: Volcanion|move: Leech Seed
|
|-damage|p2a: Volcanion|88/100|[from] Leech Seed|[of] p1a: Ferrothorn
|-heal|p1a: Ferrothorn|99/100|[silent]
|upkeep
|turn|5
|j| lt81yl xkh
|j| Kamisato
|
|t:|1625624496
|switch|p2a: Zapdos|Zapdos|100/100
|switch|p1a: Pelipper|Pelipper, F|100/100
|-damage|p1a: Pelipper|76/100|[from] Stealth Rock
|-weather|RainDance|[from] ability: Drizzle|[of] p1a: Pelipper
|
|-weather|RainDance|[upkeep]
|upkeep
|turn|6
|
|t:|1625624501
|switch|p1a: Ferrothorn|Ferrothorn, M|99/100
|-damage|p1a: Ferrothorn|94/100|[from] Stealth Rock
|move|p2a: Zapdos|Volt Switch|p1a: Ferrothorn
|-resisted|p1a: Ferrothorn
|-damage|p1a: Ferrothorn|84/100
|
|t:|1625624503
|switch|p2a: Volcanion|Volcanion|88/100|[from]move: Volt Switch
|
|-weather|RainDance|[upkeep]
|upkeep
|turn|7
|
|t:|1625624520
|move|p2a: Volcanion|Steam Eruption|p1a: Ferrothorn
|-resisted|p1a: Ferrothorn
|-damage|p1a: Ferrothorn|57/100
|move|p1a: Ferrothorn|Leech Seed|p2a: Volcanion
|-start|p2a: Volcanion|move: Leech Seed
|
|-weather|RainDance|[upkeep]
|-damage|p2a: Volcanion|76/100|[from] Leech Seed|[of] p1a: Ferrothorn
|-heal|p1a: Ferrothorn|68/100|[silent]
|upkeep
|turn|8
|
|t:|1625624530
|move|p2a: Volcanion|Flamethrower|p1a: Ferrothorn
|-supereffective|p1a: Ferrothorn
|-damage|p1a: Ferrothorn|12/100
|move|p1a: Ferrothorn|Knock Off|p2a: Volcanion
|-damage|p2a: Volcanion|53/100
|-enditem|p2a: Volcanion|Heavy-Duty Boots|[from] move: Knock Off|[of] p1a: Ferrothorn
|
|-weather|RainDance|[upkeep]
|-damage|p2a: Volcanion|41/100|[from] Leech Seed|[of] p1a: Ferrothorn
|-heal|p1a: Ferrothorn|22/100|[silent]
|upkeep
|turn|9
|
|t:|1625624546
|switch|p1a: Tornadus|Tornadus-Therian, M|100/100
|move|p2a: Volcanion|Steam Eruption|p1a: Tornadus
|-damage|p1a: Tornadus|0 fnt
|faint|p1a: Tornadus
|
|-weather|RainDance|[upkeep]
|upkeep
|inactive|LT81YL crying has 120 seconds left.
|
|t:|1625624569
|switch|p1a: Mew|Mew|100/100
|-damage|p1a: Mew|88/100|[from] Stealth Rock
|turn|10
|
|t:|1625624576
|move|p1a: Mew|Cosmic Power|p1a: Mew
|-boost|p1a: Mew|def|1
|-boost|p1a: Mew|spd|1
|move|p2a: Volcanion|Steam Eruption|p1a: Mew
|-damage|p1a: Mew|35/100
|
|-weather|RainDance|[upkeep]
|-damage|p2a: Volcanion|29/100|[from] Leech Seed|[of] p1a: Mew
|-heal|p1a: Mew|45/100|[silent]
|upkeep
|turn|11
|
|t:|1625624583
|switch|p2a: Melmetal|Melmetal|100/100
|-damage|p2a: Melmetal|88/100|[from] Spikes
|move|p1a: Mew|Roost|p1a: Mew
|-heal|p1a: Mew|95/100
|-singleturn|p1a: Mew|move: Roost
|
|-weather|RainDance|[upkeep]
|-heal|p2a: Melmetal|94/100|[from] item: Leftovers
|upkeep
|turn|12
|
|t:|1625624586
|move|p1a: Mew|Taunt|p2a: Melmetal
|-start|p2a: Melmetal|move: Taunt
|cant|p2a: Melmetal|move: Taunt|Toxic
|
|-weather|none
|-heal|p2a: Melmetal|99/100|[from] item: Leftovers
|upkeep
|turn|13
|
|t:|1625624591
|move|p1a: Mew|Cosmic Power|p1a: Mew
|-boost|p1a: Mew|def|1
|-boost|p1a: Mew|spd|1
|move|p2a: Melmetal|Double Iron Bash|p1a: Mew
|-damage|p1a: Mew|75/100
|-damage|p1a: Mew|56/100
|-hitcount|p1a: Mew|2
|
|-heal|p2a: Melmetal|100/100|[from] item: Leftovers
|upkeep
|turn|14
|
|t:|1625624597
|move|p1a: Mew|Roost|p1a: Mew
|-heal|p1a: Mew|100/100
|-singleturn|p1a: Mew|move: Roost
|move|p2a: Melmetal|Double Iron Bash|p1a: Mew
|-damage|p1a: Mew|83/100
|-damage|p1a: Mew|66/100
|-hitcount|p1a: Mew|2
|
|-end|p2a: Melmetal|move: Taunt
|upkeep
|turn|15
|
|t:|1625624623
|move|p1a: Mew|Taunt|p2a: Melmetal
|-start|p2a: Melmetal|move: Taunt
|move|p2a: Melmetal|Double Iron Bash|p1a: Mew
|-damage|p1a: Mew|47/100
|-crit|p1a: Mew
|-damage|p1a: Mew|0 fnt
|faint|p1a: Mew
|-hitcount|p1: Mew|2
|
|upkeep
|
|t:|1625624639
|switch|p1a: Barraskewda|Barraskewda, F|100/100
|-damage|p1a: Barraskewda|88/100|[from] Stealth Rock
|turn|16
|
|t:|1625624645
|switch|p2a: Volcanion|Volcanion|29/100
|-damage|p2a: Volcanion|16/100|[from] Spikes
|move|p1a: Barraskewda|Liquidation|p2a: Volcanion
|-heal|p2a: Volcanion|41/100|[from] ability: Water Absorb|[of] p1a: Barraskewda
|
|upkeep
|turn|17
|-message|LT81YL crying forfeited.
|
|win|not mb
|raw|LT81YL crying's rating: 1859 &rarr; <strong>1840</strong><br />(-19 for losing)
|raw|not mb's rating: 1869 &rarr; <strong>1888</strong><br />(+19 for winning)
|l|☆LT81YL crying
|l| lt81yl xkh
