|j|☆alvar03
|j|☆Delibird Heart
|t:|1667920253
|gametype|singles
|player|p1|alvar03|alder|1810
|player|p2|Delibird Heart|guitarist-gen4|1815
|teamsize|p1|6
|teamsize|p2|6
|gen|8
|tier|[Gen 8] OU
|rated|
|rule|Sleep Clause Mod: Limit one foe put to sleep
|rule|Species Clause: Limit one of each Pokémon
|rule|OHKO Clause: OHKO moves are banned
|rule|Evasion Items Clause: Evasion items are banned
|rule|Evasion Moves Clause: Evasion moves are banned
|rule|Endless Battle Clause: Forcing endless battles is banned
|rule|HP Percentage Mod: HP is shown in percentages
|rule|Dynamax Clause: You cannot dynamax
|clearpoke
|poke|p1|Latias, F|
|poke|p1|Heatran, F|
|poke|p1|Buzzwole|
|poke|p1|Slowking, M|
|poke|p1|Landorus-Therian, M|
|poke|p1|Dragapult, F|
|poke|p2|Slowbro-Galar, M|
|poke|p2|Togekiss, F|
|poke|p2|Jirachi|
|poke|p2|Corviknight, F|
|poke|p2|Sandaconda, M|
|poke|p2|Melmetal|
|teampreview
|inactive|Battle timer is ON: inactive players will automatically lose when time's up. (requested by Delibird Heart)
|j| alfredodbz
|
|t:|1667920270
|start
|switch|p1a: Slowking|Slowking, M|100/100
|switch|p2a: Mr. Sandman|Sandaconda, M|100/100
|turn|1
|
|t:|1667920274
|move|p2a: Mr. Sandman|Glare|p1a: Slowking
|-status|p1a: Slowking|par
|move|p1a: Slowking|Future Sight|p2a: Mr. Sandman
|-start|p1a: Slowking|move: Future Sight
|
|upkeep
|turn|2
|
|t:|1667920278
|move|p2a: Mr. Sandman|Stealth Rock|p1a: Slowking
|-sidestart|p1: alvar03|move: Stealth Rock
|cant|p1a: Slowking|par
|
|upkeep
|turn|3
|
|t:|1667920283
|switch|p2a: Polaris|Jirachi|100/100
|move|p1a: Slowking|Scald|p2a: Polaris
|-damage|p2a: Polaris|75/100
|
|-end|p2a: Polaris|move: Future Sight
|-resisted|p2a: Polaris
|-damage|p2a: Polaris|66/100
|upkeep
|turn|4
|
|t:|1667920295
|move|p2a: Polaris|Wish|p2a: Polaris
|cant|p1a: Slowking|par
|
|upkeep
|turn|5
|
|t:|1667920297
|move|p2a: Polaris|Iron Head|p1a: Slowking
|-resisted|p1a: Slowking
|-damage|p1a: Slowking|83/100 par
|cant|p1a: Slowking|flinch
|
|-heal|p2a: Polaris|100/100|[from] move: Wish|[wisher] Polaris
|upkeep
|turn|6
|
|t:|1667920300
|move|p2a: Polaris|Iron Head|p1a: Slowking
|-resisted|p1a: Slowking
|-damage|p1a: Slowking|64/100 par
|cant|p1a: Slowking|flinch
|
|upkeep
|turn|7
|
|t:|1667920302
|switch|p1a: Heatran|Heatran, F|100/100
|-damage|p1a: Heatran|88/100|[from] Stealth Rock
|move|p2a: Polaris|Iron Head|p1a: Heatran
|-resisted|p1a: Heatran
|-damage|p1a: Heatran|78/100
|
|-heal|p1a: Heatran|84/100|[from] item: Leftovers
|upkeep
|turn|8
|
|t:|1667920310
|switch|p2a: Mr. Sandman|Sandaconda, M|100/100
|move|p1a: Heatran|Stealth Rock|p2a: Mr. Sandman
|-sidestart|p2: Delibird Heart|move: Stealth Rock
|
|-heal|p1a: Heatran|90/100|[from] item: Leftovers
|upkeep
|turn|9
|
|t:|1667920318
|switch|p1a: Landorus|Landorus-Therian, M|100/100
|-damage|p1a: Landorus|88/100|[from] Stealth Rock
|-ability|p1a: Landorus|Intimidate|boost
|-unboost|p2a: Mr. Sandman|atk|1
|move|p2a: Mr. Sandman|Glare|p1a: Landorus
|-status|p1a: Landorus|par
|
|-heal|p1a: Landorus|94/100 par|[from] item: Leftovers
|upkeep
|turn|10
|
|t:|1667920321
|switch|p2a: Emo Dove|Corviknight, F|100/100
|-damage|p2a: Emo Dove|88/100|[from] Stealth Rock
|-ability|p2a: Emo Dove|Pressure
|cant|p1a: Landorus|par
|
|-heal|p2a: Emo Dove|94/100|[from] item: Leftovers
|-heal|p1a: Landorus|99/100 par|[from] item: Leftovers
|upkeep
|turn|11
|
|t:|1667920325
|move|p2a: Emo Dove|Iron Head|p1a: Landorus
|-damage|p1a: Landorus|76/100 par
|cant|p1a: Landorus|par
|
|-heal|p2a: Emo Dove|100/100|[from] item: Leftovers
|-heal|p1a: Landorus|82/100 par|[from] item: Leftovers
|upkeep
|turn|12
|
|t:|1667920331
|move|p2a: Emo Dove|Body Slam|p1a: Landorus
|-damage|p1a: Landorus|65/100 par
|cant|p1a: Landorus|par
|
|-heal|p1a: Landorus|71/100 par|[from] item: Leftovers
|upkeep
|turn|13
|
|t:|1667920335
|switch|p1a: Heatran|Heatran, F|90/100
|-damage|p1a: Heatran|78/100|[from] Stealth Rock
|move|p2a: Emo Dove|Iron Head|p1a: Heatran
|-resisted|p1a: Heatran
|-damage|p1a: Heatran|71/100
|
|-heal|p1a: Heatran|78/100|[from] item: Leftovers
|upkeep
|turn|14
|
|t:|1667920342
|switch|p2a: Mr. Sandman|Sandaconda, M|100/100
|-damage|p2a: Mr. Sandman|94/100|[from] Stealth Rock
|move|p1a: Heatran|Lava Plume|p2a: Mr. Sandman
|-damage|p2a: Mr. Sandman|56/100
|
|-heal|p1a: Heatran|84/100|[from] item: Leftovers
|-heal|p2a: Mr. Sandman|62/100|[from] item: Leftovers
|upkeep
|turn|15
|
|t:|1667920349
|switch|p1a: Slowking|Slowking, M|97/100 par
|move|p2a: Mr. Sandman|Rest|p2a: Mr. Sandman
|-status|p2a: Mr. Sandman|slp|[from] move: Rest
|-heal|p2a: Mr. Sandman|100/100 slp|[silent]
|
|-activate|p2a: Mr. Sandman|ability: Shed Skin
|-curestatus|p2a: Mr. Sandman|slp|[msg]
|upkeep
|turn|16
|
|t:|1667920358
|switch|p2a: Lucky Luke|Slowbro-Galar, M, shiny|100/100
|-damage|p2a: Lucky Luke|88/100|[from] Stealth Rock
|cant|p1a: Slowking|par
|
|upkeep
|turn|17
|
|t:|1667920364
|move|p2a: Lucky Luke|Nasty Plot|p2a: Lucky Luke
|-boost|p2a: Lucky Luke|spa|2
|move|p1a: Slowking|Teleport|p1a: Slowking
|
|t:|1667920370
|switch|p1a: Landorus|Landorus-Therian, M|71/100 par|[from]move: Teleport
|-damage|p1a: Landorus|58/100 par|[from] Stealth Rock
|-ability|p1a: Landorus|Intimidate|boost
|-unboost|p2a: Lucky Luke|atk|1
|
|-heal|p1a: Landorus|64/100 par|[from] item: Leftovers
|upkeep
|turn|18
|-activate|p2a: Lucky Luke|ability: Quick Draw
|
|t:|1667920373
|move|p2a: Lucky Luke|Ice Beam|p1a: Landorus
|-supereffective|p1a: Landorus
|-damage|p1a: Landorus|0 fnt
|faint|p1a: Landorus
|
|upkeep
|
|t:|1667920379
|switch|p1a: Heatran|Heatran, F|84/100
|-damage|p1a: Heatran|71/100|[from] Stealth Rock
|turn|19
|-activate|p2a: Lucky Luke|ability: Quick Draw
|
|t:|1667920381
|move|p2a: Lucky Luke|Focus Blast|p1a: Heatran
|-supereffective|p1a: Heatran
|-damage|p1a: Heatran|0 fnt
|faint|p1a: Heatran
|
|upkeep
|j| M0rD3uR test
|l| M0rD3uR test
|c|☆alvar03|my god dude
|j| M0rD3uR test
|
|t:|1667920398
|switch|p1a: Latias|Latias, F|100/100
|turn|20
|-activate|p2a: Lucky Luke|ability: Quick Draw
|
|t:|1667920401
|move|p2a: Lucky Luke|Ice Beam|p1a: Latias
|-supereffective|p1a: Latias
|-damage|p1a: Latias|0 fnt
|faint|p1a: Latias
|
|upkeep
|j| sufys12
|c|☆Delibird Heart|its over i gave him the 100% activation nickname
|c|☆alvar03|man
|c|☆alvar03|0 skill in ur team
|inactive|alvar03 has 120 seconds left.
|j| Magikarp Soup
|c|☆Delibird Heart|wym
|c|☆Delibird Heart|all skill baby
|j| g2 fyssure
|c|☆alvar03|and i mean seriously
|
|t:|1667920453
|switch|p1a: Dragapult|Dragapult, F|100/100
|-damage|p1a: Dragapult|88/100|[from] Stealth Rock
|turn|21
|-activate|p2a: Lucky Luke|ability: Quick Draw
|
|t:|1667920456
|move|p2a: Lucky Luke|Ice Beam|p1a: Dragapult
|-supereffective|p1a: Dragapult
|-damage|p1a: Dragapult|0 fnt
|faint|p1a: Dragapult
|
|upkeep
|c|☆Delibird Heart|im just too good
|c| sufys12|w
|c|☆Delibird Heart|thats that
|-message|alvar03 forfeited.
|
|win|Delibird Heart
|raw|alvar03's rating: 1810 &rarr; <strong>1790</strong><br />(-20 for losing)
|raw|Delibird Heart's rating: 1815 &rarr; <strong>1835</strong><br />(+20 for winning)
|l|☆alvar03
|c|☆Delibird Heart|gg
