|html|<div class="broadcast-blue"><strong>[Gen 8] OU is currently suspecting Melmetal! For information on how to participate check out the <a href="https://www.smogon.com/forums/threads/np-ss-ou-suspect-process-round-12-monster-mash.3709234/">suspect thread</a>.</strong></div>
|j|☆HQSFun
|j|☆Colonel Rivai
|t:|1666261991
|gametype|singles
|player|p1|HQSFun|veteranf|1733
|player|p2|Colonel Rivai|102|1732
|teamsize|p1|6
|teamsize|p2|6
|gen|8
|tier|[Gen 8] OU
|rated|
|rule|Sleep Clause Mod: Limit one foe put to sleep
|rule|Species Clause: Limit one of each Pokémon
|rule|OHKO Clause: OHKO moves are banned
|rule|Evasion Items Clause: Evasion items are banned
|rule|Evasion Moves Clause: Evasion moves are banned
|rule|Endless Battle Clause: Forcing endless battles is banned
|rule|HP Percentage Mod: HP is shown in percentages
|rule|Dynamax Clause: You cannot dynamax
|clearpoke
|poke|p1|Dragapult, F|
|poke|p1|Weavile, M|
|poke|p1|Rillaboom, M|
|poke|p1|Nihilego|
|poke|p1|Garchomp, M|
|poke|p1|Celesteela|
|poke|p2|Tapu Lele|
|poke|p2|Magnezone|
|poke|p2|Landorus-Therian, M|
|poke|p2|Weavile, M|
|poke|p2|Toxapex, F|
|poke|p2|Kartana|
|teampreview
|inactive|Battle timer is ON: inactive players will automatically lose when time's up. (requested by HQSFun)
|
|t:|1666262013
|start
|switch|p1a: Garchomp|Garchomp, M|100/100
|switch|p2a: Weavile|Weavile, M|100/100
|-ability|p2a: Weavile|Pressure
|turn|1
|
|t:|1666262018
|move|p2a: Weavile|Triple Axel|p1a: Garchomp
|-supereffective|p1a: Garchomp
|-damage|p1a: Garchomp|60/100
|-damage|p2a: Weavile|88/100|[from] ability: Rough Skin|[of] p1a: Garchomp
|-supereffective|p1a: Garchomp
|-damage|p1a: Garchomp|0 fnt
|-damage|p2a: Weavile|76/100|[from] ability: Rough Skin|[of] p1a: Garchomp
|faint|p1a: Garchomp
|-hitcount|p1: Garchomp|2
|
|upkeep
|
|t:|1666262024
|switch|p1a: Weavile|Weavile, M|100/100
|-ability|p1a: Weavile|Pressure
|turn|2
|j| Sober umbreon
|
|t:|1666262039
|switch|p2a: Toxapex|Toxapex, F|100/100
|move|p1a: Weavile|Swords Dance|p1a: Weavile
|-boost|p1a: Weavile|atk|2
|
|upkeep
|turn|3
|
|t:|1666262043
|move|p1a: Weavile|Knock Off|p2a: Toxapex
|-damage|p2a: Toxapex|26/100
|-enditem|p2a: Toxapex|Eject Button|[from] move: Knock Off|[of] p1a: Weavile
|-damage|p1a: Weavile|91/100|[from] item: Life Orb
|move|p2a: Toxapex|Haze|p2a: Toxapex
|-clearallboost
|
|upkeep
|turn|4
|
|t:|1666262048
|switch|p2a: Kartana|Kartana|100/100
|move|p1a: Weavile|Knock Off|p2a: Kartana
|-damage|p2a: Kartana|31/100
|-enditem|p2a: Kartana|Choice Scarf|[from] move: Knock Off|[of] p1a: Weavile
|-damage|p1a: Weavile|81/100|[from] item: Life Orb
|
|upkeep
|turn|5
|
|t:|1666262054
|switch|p2a: Toxapex|Toxapex, F|59/100
|move|p1a: Weavile|Ice Shard|p2a: Toxapex
|-resisted|p2a: Toxapex
|-damage|p2a: Toxapex|50/100
|-damage|p1a: Weavile|71/100|[from] item: Life Orb
|
|upkeep
|turn|6
|
|t:|1666262061
|move|p1a: Weavile|Swords Dance|p1a: Weavile
|-boost|p1a: Weavile|atk|2
|move|p2a: Toxapex|Knock Off|p1a: Weavile
|-resisted|p1a: Weavile
|-damage|p1a: Weavile|59/100
|-enditem|p1a: Weavile|Life Orb|[from] move: Knock Off|[of] p2a: Toxapex
|
|upkeep
|turn|7
|
|t:|1666262064
|move|p1a: Weavile|Knock Off|p2a: Toxapex
|-damage|p2a: Toxapex|7/100
|move|p2a: Toxapex|Recover|p2a: Toxapex
|-heal|p2a: Toxapex|57/100
|
|upkeep
|turn|8
|
|t:|1666262067
|move|p1a: Weavile|Knock Off|p2a: Toxapex
|-damage|p2a: Toxapex|12/100
|move|p2a: Toxapex|Recover|p2a: Toxapex
|-heal|p2a: Toxapex|62/100
|
|upkeep
|turn|9
|
|t:|1666262069
|move|p1a: Weavile|Knock Off|p2a: Toxapex
|-damage|p2a: Toxapex|22/100
|move|p2a: Toxapex|Recover|p2a: Toxapex
|-heal|p2a: Toxapex|72/100
|
|upkeep
|turn|10
|
|t:|1666262071
|move|p1a: Weavile|Knock Off|p2a: Toxapex
|-damage|p2a: Toxapex|26/100
|move|p2a: Toxapex|Recover|p2a: Toxapex
|-heal|p2a: Toxapex|76/100
|
|upkeep
|turn|11
|
|t:|1666262073
|move|p1a: Weavile|Knock Off|p2a: Toxapex
|-damage|p2a: Toxapex|37/100
|move|p2a: Toxapex|Haze|p2a: Toxapex
|-clearallboost
|
|upkeep
|turn|12
|
|t:|1666262080
|move|p1a: Weavile|Swords Dance|p1a: Weavile
|-boost|p1a: Weavile|atk|2
|move|p2a: Toxapex|Recover|p2a: Toxapex
|-heal|p2a: Toxapex|87/100
|
|upkeep
|turn|13
|
|t:|1666262083
|move|p1a: Weavile|Knock Off|p2a: Toxapex
|-damage|p2a: Toxapex|45/100
|move|p2a: Toxapex|Knock Off|p1a: Weavile
|-resisted|p1a: Weavile
|-damage|p1a: Weavile|51/100
|
|upkeep
|turn|14
|
|t:|1666262087
|move|p1a: Weavile|Knock Off|p2a: Toxapex
|-damage|p2a: Toxapex|1/100
|move|p2a: Toxapex|Haze|p2a: Toxapex
|-clearallboost
|
|upkeep
|turn|15
|
|t:|1666262092
|switch|p2a: Weavile|Weavile, M|76/100
|-ability|p2a: Weavile|Pressure
|move|p1a: Weavile|Swords Dance|p1a: Weavile
|-boost|p1a: Weavile|atk|2
|
|upkeep
|turn|16
|
|t:|1666262096
|move|p1a: Weavile|Ice Shard|p2a: Weavile
|-resisted|p2a: Weavile
|-damage|p2a: Weavile|41/100
|move|p2a: Weavile|Triple Axel|p1a: Weavile
|-resisted|p1a: Weavile
|-damage|p1a: Weavile|43/100
|-resisted|p1a: Weavile
|-damage|p1a: Weavile|27/100
|-hitcount|p1a: Weavile|2
|
|upkeep
|turn|17
|
|t:|1666262105
|move|p1a: Weavile|Ice Shard|p2a: Weavile
|-resisted|p2a: Weavile
|-damage|p2a: Weavile|5/100
|move|p2a: Weavile|Triple Axel|p1a: Weavile|[miss]
|-miss|p2a: Weavile|p1a: Weavile
|
|upkeep
|turn|18
|
|t:|1666262113
|switch|p2a: Tapu Lele|Tapu Lele|100/100
|-fieldstart|move: Psychic Terrain|[from] ability: Psychic Surge|[of] p2a: Tapu Lele
|move|p1a: Weavile|Ice Shard|p2a: Tapu Lele
|-activate|p2a: Tapu Lele|move: Psychic Terrain
|
|upkeep
|turn|19
|
|t:|1666262118
|switch|p2a: Kartana|Kartana|31/100
|move|p1a: Weavile|Knock Off|p2a: Kartana
|-crit|p2a: Kartana
|-damage|p2a: Kartana|0 fnt
|faint|p2a: Kartana
|
|upkeep
|
|t:|1666262124
|switch|p2a: Weavile|Weavile, M|5/100
|-ability|p2a: Weavile|Pressure
|turn|20
|
|t:|1666262127
|move|p2a: Weavile|Triple Axel|p1a: Weavile
|-resisted|p1a: Weavile
|-damage|p1a: Weavile|19/100
|-resisted|p1a: Weavile
|-damage|p1a: Weavile|3/100
|-resisted|p1a: Weavile
|-damage|p1a: Weavile|0 fnt
|faint|p1a: Weavile
|-hitcount|p1: Weavile|3
|
|upkeep
|l| Sober umbreon
|
|t:|1666262142
|switch|p1a: Celesteela|Celesteela|100/100
|turn|21
|
|t:|1666262148
|move|p2a: Weavile|Knock Off|p1a: Celesteela
|-damage|p1a: Celesteela|49/100
|-enditem|p1a: Celesteela|Power Herb|[from] move: Knock Off|[of] p2a: Weavile
|move|p1a: Celesteela|Flamethrower|p2a: Weavile
|-supereffective|p2a: Weavile
|-damage|p2a: Weavile|0 fnt
|faint|p2a: Weavile
|-ability|p1a: Celesteela|Beast Boost|boost
|-boost|p1a: Celesteela|spa|1
|
|upkeep
|
|t:|1666262152
|switch|p2a: Magnezone|Magnezone|100/100
|turn|22
|
|t:|1666262155
|move|p2a: Magnezone|Thunderbolt|p1a: Celesteela
|-supereffective|p1a: Celesteela
|-damage|p1a: Celesteela|0 fnt
|faint|p1a: Celesteela
|
|-fieldend|move: Psychic Terrain
|upkeep
|j| rsykvjhpp
|
|t:|1666262163
|switch|p1a: Dragapult|Dragapult, F|100/100
|turn|23
|
|t:|1666262167
|switch|p2a: Toxapex|Toxapex, F|34/100
|move|p1a: Dragapult|Dragon Dance|p1a: Dragapult
|-boost|p1a: Dragapult|atk|1
|-boost|p1a: Dragapult|spe|1
|
|upkeep
|turn|24
|
|t:|1666262170
|move|p1a: Dragapult|Dragon Darts|p2a: Toxapex
|-damage|p2a: Toxapex|10/100
|-anim|p1a: Dragapult|Dragon Darts|p2a: Toxapex
|-damage|p2a: Toxapex|0 fnt
|faint|p2a: Toxapex
|
|upkeep
|
|t:|1666262173
|switch|p2a: Landorus|Landorus-Therian, M|100/100
|-ability|p2a: Landorus|Intimidate|boost
|-fail|p1a: Dragapult|unboost|[from] ability: Clear Body|[of] p1a: Dragapult
|turn|25
|
|t:|1666262180
|move|p1a: Dragapult|Substitute|p1a: Dragapult
|-start|p1a: Dragapult|Substitute
|-damage|p1a: Dragapult|76/100
|move|p2a: Landorus|Earthquake|p1a: Dragapult
|-end|p1a: Dragapult|Substitute
|
|-heal|p1a: Dragapult|82/100|[from] item: Leftovers
|upkeep
|turn|26
|
|t:|1666262183
|move|p1a: Dragapult|Dragon Darts|p2a: Landorus
|-damage|p2a: Landorus|59/100
|-anim|p1a: Dragapult|Dragon Darts|p2a: Landorus
|-damage|p2a: Landorus|22/100
|move|p2a: Landorus|Earthquake|p1a: Dragapult
|-damage|p1a: Dragapult|17/100
|
|-heal|p1a: Dragapult|23/100|[from] item: Leftovers
|-heal|p2a: Landorus|28/100|[from] item: Leftovers
|upkeep
|turn|27
|
|t:|1666262187
|switch|p2a: Tapu Lele|Tapu Lele|100/100
|-fieldstart|move: Psychic Terrain|[from] ability: Psychic Surge|[of] p2a: Tapu Lele
|move|p1a: Dragapult|Dragon Darts|p2a: Tapu Lele
|-immune|p2a: Tapu Lele
|
|-heal|p1a: Dragapult|29/100|[from] item: Leftovers
|upkeep
|turn|28
|
|t:|1666262190
|move|p1a: Dragapult|Phantom Force||[still]
|-prepare|p1a: Dragapult|Phantom Force
|move|p2a: Tapu Lele|Psyshock|p1a: Dragapult|[miss]
|-miss|p2a: Tapu Lele|p1a: Dragapult
|
|-heal|p1a: Dragapult|35/100|[from] item: Leftovers
|upkeep
|turn|29
|
|t:|1666262194
|switch|p2a: Landorus|Landorus-Therian, M|28/100
|-ability|p2a: Landorus|Intimidate|boost
|-fail|p1a: Dragapult|unboost|[from] ability: Clear Body|[of] p1a: Dragapult
|move|p1a: Dragapult|Phantom Force|p2a: Landorus|[from]lockedmove
|-damage|p2a: Landorus|0 fnt
|faint|p2a: Landorus
|
|-heal|p1a: Dragapult|41/100|[from] item: Leftovers
|upkeep
|
|t:|1666262195
|switch|p2a: Magnezone|Magnezone|100/100
|turn|30
|
|t:|1666262206
|move|p1a: Dragapult|Phantom Force||[still]
|-prepare|p1a: Dragapult|Phantom Force
|move|p2a: Magnezone|Iron Defense|p2a: Magnezone
|-boost|p2a: Magnezone|def|2
|
|-heal|p1a: Dragapult|48/100|[from] item: Leftovers
|upkeep
|turn|31
|
|t:|1666262210
|move|p1a: Dragapult|Phantom Force|p2a: Magnezone|[from]lockedmove
|-crit|p2a: Magnezone
|-damage|p2a: Magnezone|12/100
|move|p2a: Magnezone|Iron Defense|p2a: Magnezone
|-boost|p2a: Magnezone|def|2
|
|-heal|p1a: Dragapult|54/100|[from] item: Leftovers
|-heal|p2a: Magnezone|18/100|[from] item: Leftovers
|-fieldend|move: Psychic Terrain
|upkeep
|turn|32
|
|t:|1666262214
|move|p1a: Dragapult|Substitute|p1a: Dragapult
|-start|p1a: Dragapult|Substitute
|-damage|p1a: Dragapult|29/100
|move|p2a: Magnezone|Flash Cannon|p1a: Dragapult
|-end|p1a: Dragapult|Substitute
|
|-heal|p1a: Dragapult|35/100|[from] item: Leftovers
|-heal|p2a: Magnezone|24/100|[from] item: Leftovers
|upkeep
|turn|33
|c|☆Colonel Rivai|ofc
|
|t:|1666262220
|move|p1a: Dragapult|Phantom Force||[still]
|-prepare|p1a: Dragapult|Phantom Force
|move|p2a: Magnezone|Flash Cannon|p1a: Dragapult|[miss]
|-miss|p2a: Magnezone|p1a: Dragapult
|
|-heal|p1a: Dragapult|41/100|[from] item: Leftovers
|-heal|p2a: Magnezone|30/100|[from] item: Leftovers
|upkeep
|turn|34
|
|t:|1666262222
|move|p1a: Dragapult|Phantom Force|p2a: Magnezone|[from]lockedmove
|-damage|p2a: Magnezone|8/100
|move|p2a: Magnezone|Flash Cannon|p1a: Dragapult
|-damage|p1a: Dragapult|3/100
|
|-heal|p1a: Dragapult|9/100|[from] item: Leftovers
|-heal|p2a: Magnezone|14/100|[from] item: Leftovers
|upkeep
|turn|35
|
|t:|1666262228
|move|p1a: Dragapult|Phantom Force||[still]
|-prepare|p1a: Dragapult|Phantom Force
|move|p2a: Magnezone|Iron Defense|p2a: Magnezone
|-boost|p2a: Magnezone|def|2
|
|-heal|p1a: Dragapult|16/100|[from] item: Leftovers
|-heal|p2a: Magnezone|20/100|[from] item: Leftovers
|upkeep
|turn|36
|
|t:|1666262231
|move|p1a: Dragapult|Phantom Force|p2a: Magnezone|[from]lockedmove
|-damage|p2a: Magnezone|4/100
|move|p2a: Magnezone|Flash Cannon|p1a: Dragapult
|-damage|p1a: Dragapult|0 fnt
|faint|p1a: Dragapult
|
|-heal|p2a: Magnezone|10/100|[from] item: Leftovers
|upkeep
|
|t:|1666262235
|switch|p1a: Nihilego|Nihilego|100/100
|turn|37
|
|t:|1666262237
|move|p1a: Nihilego|Meteor Beam||[still]
|-prepare|p1a: Nihilego|Meteor Beam
|-boost|p1a: Nihilego|spa|1
|-enditem|p1a: Nihilego|Power Herb
|-anim|p1a: Nihilego|Meteor Beam|p2a: Magnezone
|-resisted|p2a: Magnezone
|-damage|p2a: Magnezone|0 fnt
|faint|p2a: Magnezone
|-ability|p1a: Nihilego|Beast Boost|boost
|-boost|p1a: Nihilego|spe|1
|
|upkeep
|
|t:|1666262238
|switch|p2a: Tapu Lele|Tapu Lele|100/100
|-fieldstart|move: Psychic Terrain|[from] ability: Psychic Surge|[of] p2a: Tapu Lele
|turn|38
|
|t:|1666262241
|move|p1a: Nihilego|Sludge Wave|p2a: Tapu Lele
|-supereffective|p2a: Tapu Lele
|-damage|p2a: Tapu Lele|0 fnt
|faint|p2a: Tapu Lele
|
|win|HQSFun
|raw|HQSFun's rating: 1733 &rarr; <strong>1753</strong><br />(+20 for winning)
|raw|Colonel Rivai's rating: 1732 &rarr; <strong>1712</strong><br />(-20 for losing)
