|raw|<div class="broadcast-blue"><strong>This battle is required to be public due to a player having a name starting with 'lt93oq'.</div>
|j|☆royal hogs
|j|☆LT93OQ im garbage
|t:|1660582686
|gametype|singles
|player|p1|royal hogs|ballguy|1820
|player|p2|LT93OQ im garbage|266|1863
|teamsize|p1|6
|teamsize|p2|6
|gen|8
|tier|[Gen 8] OU
|rated|
|rule|Sleep Clause Mod: Limit one foe put to sleep
|rule|Species Clause: Limit one of each Pokémon
|rule|OHKO Clause: OHKO moves are banned
|rule|Evasion Items Clause: Evasion items are banned
|rule|Evasion Moves Clause: Evasion moves are banned
|rule|Endless Battle Clause: Forcing endless battles is banned
|rule|HP Percentage Mod: HP is shown in percentages
|rule|Dynamax Clause: You cannot dynamax
|clearpoke
|poke|p1|Bisharp, F|
|poke|p1|Dragapult, M|
|poke|p1|Rillaboom, M|
|poke|p1|Garchomp, M|
|poke|p1|Mamoswine, M|
|poke|p1|Skarmory, F|
|poke|p2|Mandibuzz, F|
|poke|p2|Buzzwole|
|poke|p2|Quagsire, F|
|poke|p2|Cresselia, F|
|poke|p2|Clefable, F|
|poke|p2|Toxapex, M|
|teampreview
|inactive|Battle timer is ON: inactive players will automatically lose when time's up. (requested by LT93OQ im garbage)
|j| Qwert1randomUs3r
|
|t:|1660582709
|start
|switch|p1a: dababy money|Skarmory, F|100/100
|switch|p2a: Clefable|Clefable, F|100/100
|turn|1
|j| Trannos
|j| Geysers
|n|☆royal hogs|royalhogs
|j|@ironwater
|
|t:|1660582726
|move|p1a: dababy money|Stealth Rock|p2a: Clefable
|-sidestart|p2: LT93OQ im garbage|move: Stealth Rock
|move|p2a: Clefable|Stealth Rock|p1a: dababy money
|-sidestart|p1: royal hogs|move: Stealth Rock
|
|upkeep
|turn|2
|
|t:|1660582737
|move|p1a: dababy money|Spikes|p2a: Clefable
|-sidestart|p2: LT93OQ im garbage|Spikes
|move|p2a: Clefable|Moonblast|p1a: dababy money
|-resisted|p1a: dababy money
|-damage|p1a: dababy money|74/100
|
|upkeep
|turn|3
|l| Trannos
|l| Qwert1randomUs3r
|j| LT92PF 729
|j| Neverladding
|j| Volcaronium
|inactive|royal hogs has 120 seconds left.
|
|t:|1660582770
|move|p1a: dababy money|Brave Bird|p2a: Clefable
|-damage|p2a: Clefable|62/100
|-damage|p1a: dababy money|55/100|[from] Recoil
|move|p2a: Clefable|Moonblast|p1a: dababy money
|-resisted|p1a: dababy money
|-damage|p1a: dababy money|29/100
|
|upkeep
|turn|4
|l| Volcaronium
|j| xray
|
|t:|1660582776
|move|p1a: dababy money|Taunt|p2a: Clefable
|-start|p2a: Clefable|move: Taunt
|move|p2a: Clefable|Moonblast|p1a: dababy money
|-resisted|p1a: dababy money
|-damage|p1a: dababy money|1/100
|
|upkeep
|turn|5
|j| LT93OQ RL
|-enditem|p1a: dababy money|Custap Berry|[eat]
|-activate|p1a: dababy money|item: Custap Berry|[consumed]
|
|t:|1660582781
|switch|p2a: Toxapex|Toxapex, M|100/100
|move|p1a: dababy money|Spikes|p2a: Toxapex
|-sidestart|p2: LT93OQ im garbage|Spikes
|
|upkeep
|turn|6
|
|t:|1660582789
|move|p1a: dababy money|Taunt|p2a: Toxapex
|-start|p2a: Toxapex|move: Taunt
|move|p2a: Toxapex|Knock Off|p1a: dababy money
|-damage|p1a: dababy money|0 fnt
|faint|p1a: dababy money
|
|upkeep
|j| sook9
|l| LT93OQ RL
|inactive|royal hogs has 120 seconds left.
|
|t:|1660582821
|switch|p1a: SUN BLEACHED|Garchomp, M, shiny|100/100
|-damage|p1a: SUN BLEACHED|94/100|[from] Stealth Rock
|turn|7
|
|t:|1660582823
|switch|p2a: Cresselia|Cresselia, F|100/100
|-damage|p2a: Cresselia|88/100|[from] Stealth Rock
|move|p1a: SUN BLEACHED|Earthquake|p2a: Cresselia
|-immune|p2a: Cresselia|[from] ability: Levitate
|
|-heal|p2a: Cresselia|94/100|[from] item: Leftovers
|upkeep
|turn|8
|
|t:|1660582830
|switch|p1a: BLACKTAR|Bisharp, F, shiny|100/100
|-damage|p1a: BLACKTAR|95/100|[from] Stealth Rock
|switch|p2a: Mandibuzz|Mandibuzz, F|100/100
|
|upkeep
|turn|9
|
|t:|1660582836
|move|p1a: BLACKTAR|Knock Off|p2a: Mandibuzz
|-resisted|p2a: Mandibuzz
|-damage|p2a: Mandibuzz|76/100
|-enditem|p2a: Mandibuzz|Heavy-Duty Boots|[from] move: Knock Off|[of] p1a: BLACKTAR
|-damage|p1a: BLACKTAR|85/100|[from] item: Life Orb
|move|p2a: Mandibuzz|Foul Play|p1a: BLACKTAR
|-resisted|p1a: BLACKTAR
|-damage|p1a: BLACKTAR|54/100
|
|upkeep
|turn|10
|
|t:|1660582848
|move|p1a: BLACKTAR|Iron Head|p2a: Mandibuzz
|-damage|p2a: Mandibuzz|30/100
|-damage|p1a: BLACKTAR|44/100|[from] item: Life Orb
|cant|p2a: Mandibuzz|flinch
|
|upkeep
|turn|11
|
|t:|1660582860
|move|p1a: BLACKTAR|Iron Head|p2a: Mandibuzz
|-damage|p2a: Mandibuzz|0 fnt
|faint|p2a: Mandibuzz
|-damage|p1a: BLACKTAR|34/100|[from] item: Life Orb
|
|upkeep
|j| LT93OQ Fa
|l| LT93OQ Fa
|
|t:|1660582882
|switch|p2a: Quagsire|Quagsire, F|100/100
|-damage|p2a: Quagsire|94/100|[from] Stealth Rock
|-damage|p2a: Quagsire|78/100|[from] Spikes
|turn|12
|
|t:|1660582888
|switch|p1a: SUN BLEACHED|Garchomp, M, shiny|94/100
|-damage|p1a: SUN BLEACHED|88/100|[from] Stealth Rock
|move|p2a: Quagsire|Protect||[still]
|-fail|p2a: Quagsire
|
|-heal|p2a: Quagsire|84/100|[from] item: Leftovers
|upkeep
|turn|13
|l| sook9
|
|t:|1660582892
|move|p2a: Quagsire|Protect|p2a: Quagsire
|-singleturn|p2a: Quagsire|Protect
|move|p1a: SUN BLEACHED|Draco Meteor|p2a: Quagsire
|-activate|p2a: Quagsire|move: Protect
|
|-heal|p2a: Quagsire|90/100|[from] item: Leftovers
|upkeep
|turn|14
|
|t:|1660582896
|switch|p1a: BLACKTAR|Bisharp, F, shiny|34/100
|-damage|p1a: BLACKTAR|28/100|[from] Stealth Rock
|switch|p2a: Cresselia|Cresselia, F|94/100
|-damage|p2a: Cresselia|82/100|[from] Stealth Rock
|
|-heal|p2a: Cresselia|88/100|[from] item: Leftovers
|upkeep
|turn|15
|
|t:|1660582900
|move|p2a: Cresselia|Protect|p2a: Cresselia
|-singleturn|p2a: Cresselia|Protect
|move|p1a: BLACKTAR|Knock Off|p2a: Cresselia
|-activate|p2a: Cresselia|move: Protect
|
|-heal|p2a: Cresselia|94/100|[from] item: Leftovers
|upkeep
|turn|16
|j| Pokemh
|
|t:|1660582921
|switch|p2a: Clefable|Clefable, F|62/100
|move|p1a: BLACKTAR|Knock Off|p2a: Clefable
|-resisted|p2a: Clefable
|-damage|p2a: Clefable|34/100
|-enditem|p2a: Clefable|Sticky Barb|[from] move: Knock Off|[of] p1a: BLACKTAR
|-damage|p1a: BLACKTAR|18/100|[from] item: Life Orb
|
|upkeep
|turn|17
|j| EL NANA SHOW
|
|t:|1660582928
|switch|p2a: Toxapex|Toxapex, M|100/100
|move|p1a: BLACKTAR|Iron Head|p2a: Toxapex
|-resisted|p2a: Toxapex
|-damage|p2a: Toxapex|76/100
|-damage|p1a: BLACKTAR|8/100|[from] item: Life Orb
|
|upkeep
|turn|18
|inactive|royal hogs has 120 seconds left.
|j| Skip The Drip
|
|t:|1660582974
|switch|p2a: Clefable|Clefable, F|34/100
|move|p1a: BLACKTAR|Knock Off|p2a: Clefable
|-resisted|p2a: Clefable
|-damage|p2a: Clefable|14/100
|-damage|p1a: BLACKTAR|0 fnt|[from] item: Life Orb
|faint|p1a: BLACKTAR
|
|upkeep
|
|t:|1660582979
|switch|p1a: Mamoswine|Mamoswine, M|100/100
|-damage|p1a: Mamoswine|88/100|[from] Stealth Rock
|turn|19
|
|t:|1660582982
|switch|p2a: Buzzwole|Buzzwole|100/100
|move|p1a: Mamoswine|Icicle Crash|p2a: Buzzwole
|-crit|p2a: Buzzwole
|-damage|p2a: Buzzwole|51/100
|-damage|p1a: Mamoswine|78/100|[from] item: Life Orb
|
|upkeep
|turn|20
|l| Skip The Drip
|inactive|royal hogs has 120 seconds left.
|
|t:|1660582988
|move|p1a: Mamoswine|Icicle Crash|p2a: Buzzwole
|-damage|p2a: Buzzwole|17/100
|-damage|p1a: Mamoswine|68/100|[from] item: Life Orb
|move|p2a: Buzzwole|Roost|p2a: Buzzwole
|-heal|p2a: Buzzwole|67/100
|-singleturn|p2a: Buzzwole|move: Roost
|
|upkeep
|turn|21
|
|t:|1660582991
|move|p1a: Mamoswine|Icicle Crash|p2a: Buzzwole
|-damage|p2a: Buzzwole|31/100
|-damage|p1a: Mamoswine|58/100|[from] item: Life Orb
|cant|p2a: Buzzwole|flinch
|
|upkeep
|turn|22
|
|t:|1660583000
|switch|p2a: Clefable|Clefable, F|14/100
|move|p1a: Mamoswine|Icicle Crash|p2a: Clefable
|-damage|p2a: Clefable|0 fnt
|faint|p2a: Clefable
|-damage|p1a: Mamoswine|48/100|[from] item: Life Orb
|
|upkeep
|
|t:|1660583002
|switch|p2a: Cresselia|Cresselia, F|94/100
|-damage|p2a: Cresselia|82/100|[from] Stealth Rock
|turn|23
|
|t:|1660583014
|move|p2a: Cresselia|Protect|p2a: Cresselia
|-singleturn|p2a: Cresselia|Protect
|move|p1a: Mamoswine|Icicle Crash|p2a: Cresselia
|-activate|p2a: Cresselia|move: Protect
|
|-heal|p2a: Cresselia|88/100|[from] item: Leftovers
|upkeep
|turn|24
|
|t:|1660583017
|move|p1a: Mamoswine|Icicle Crash|p2a: Cresselia
|-damage|p2a: Cresselia|45/100
|-damage|p1a: Mamoswine|38/100|[from] item: Life Orb
|cant|p2a: Cresselia|flinch
|
|-heal|p2a: Cresselia|51/100|[from] item: Leftovers
|upkeep
|turn|25
|j| Dzhugashvili
|
|t:|1660583021
|switch|p1a: Rillaboom|Rillaboom, M, shiny|100/100
|-damage|p1a: Rillaboom|88/100|[from] Stealth Rock
|-fieldstart|move: Grassy Terrain|[from] ability: Grassy Surge|[of] p1a: Rillaboom
|move|p2a: Cresselia|Protect||[still]
|-fail|p2a: Cresselia
|
|-heal|p1a: Rillaboom|94/100|[from] Grassy Terrain
|-heal|p2a: Cresselia|58/100|[from] item: Leftovers
|upkeep
|turn|26
|
|t:|1660583026
|switch|p2a: Buzzwole|Buzzwole|31/100
|move|p1a: Rillaboom|Swords Dance|p1a: Rillaboom
|-boost|p1a: Rillaboom|atk|2
|
|-heal|p1a: Rillaboom|100/100|[from] Grassy Terrain
|-heal|p2a: Buzzwole|37/100|[from] Grassy Terrain
|upkeep
|turn|27
|
|t:|1660583029
|move|p1a: Rillaboom|Grassy Glide|p2a: Buzzwole
|-resisted|p2a: Buzzwole
|-damage|p2a: Buzzwole|6/100
|-damage|p1a: Rillaboom|91/100|[from] item: Life Orb
|move|p2a: Buzzwole|Roost|p2a: Buzzwole
|-heal|p2a: Buzzwole|56/100
|-singleturn|p2a: Buzzwole|move: Roost
|
|-heal|p1a: Rillaboom|97/100|[from] Grassy Terrain
|-heal|p2a: Buzzwole|62/100|[from] Grassy Terrain
|upkeep
|turn|28
|
|t:|1660583034
|move|p1a: Rillaboom|Knock Off|p2a: Buzzwole
|-resisted|p2a: Buzzwole
|-damage|p2a: Buzzwole|39/100
|-enditem|p2a: Buzzwole|Heavy-Duty Boots|[from] move: Knock Off|[of] p1a: Rillaboom
|-damage|p1a: Rillaboom|87/100|[from] item: Life Orb
|move|p2a: Buzzwole|Toxic|p1a: Rillaboom
|-status|p1a: Rillaboom|tox
|
|-heal|p1a: Rillaboom|93/100 tox|[from] Grassy Terrain
|-heal|p2a: Buzzwole|45/100|[from] Grassy Terrain
|-damage|p1a: Rillaboom|87/100 tox|[from] psn
|upkeep
|turn|29
|
|t:|1660583037
|switch|p1a: SUN BLEACHED|Garchomp, M, shiny|88/100
|-damage|p1a: SUN BLEACHED|82/100|[from] Stealth Rock
|move|p2a: Buzzwole|Roost|p2a: Buzzwole
|-heal|p2a: Buzzwole|95/100
|-singleturn|p2a: Buzzwole|move: Roost
|
|-heal|p1a: SUN BLEACHED|88/100|[from] Grassy Terrain
|-heal|p2a: Buzzwole|100/100|[from] Grassy Terrain
|-fieldend|move: Grassy Terrain
|upkeep
|turn|30
|
|t:|1660583043
|switch|p2a: Toxapex|Toxapex, M|100/100
|move|p1a: SUN BLEACHED|Fire Blast|p2a: Toxapex
|-resisted|p2a: Toxapex
|-damage|p2a: Toxapex|89/100
|-damage|p1a: SUN BLEACHED|78/100|[from] item: Life Orb
|
|upkeep
|turn|31
|
|t:|1660583049
|switch|p2a: Cresselia|Cresselia, F|58/100
|-damage|p2a: Cresselia|45/100|[from] Stealth Rock
|move|p1a: SUN BLEACHED|Draco Meteor|p2a: Cresselia
|-damage|p2a: Cresselia|15/100
|-unboost|p1a: SUN BLEACHED|spa|2
|-damage|p1a: SUN BLEACHED|69/100|[from] item: Life Orb
|
|-heal|p2a: Cresselia|21/100|[from] item: Leftovers
|upkeep
|turn|32
|
|t:|1660583054
|move|p1a: SUN BLEACHED|Stone Edge|p2a: Cresselia
|-damage|p2a: Cresselia|0 fnt
|faint|p2a: Cresselia
|-damage|p1a: SUN BLEACHED|59/100|[from] item: Life Orb
|
|upkeep
|j| Beka ❤
|
|t:|1660583062
|switch|p2a: Buzzwole|Buzzwole|100/100
|-damage|p2a: Buzzwole|88/100|[from] Stealth Rock
|-damage|p2a: Buzzwole|72/100|[from] Spikes
|turn|33
|
|t:|1660583083
|switch|p1a: Mamoswine|Mamoswine, M|38/100
|-damage|p1a: Mamoswine|26/100|[from] Stealth Rock
|move|p2a: Buzzwole|Roost|p2a: Buzzwole
|-heal|p2a: Buzzwole|100/100
|-singleturn|p2a: Buzzwole|move: Roost
|
|upkeep
|turn|34
|
|t:|1660583088
|move|p1a: Mamoswine|Icicle Crash|p2a: Buzzwole
|-damage|p2a: Buzzwole|70/100
|-damage|p1a: Mamoswine|16/100|[from] item: Life Orb
|move|p2a: Buzzwole|Roost|p2a: Buzzwole
|-heal|p2a: Buzzwole|100/100
|-singleturn|p2a: Buzzwole|move: Roost
|
|upkeep
|turn|35
|
|t:|1660583098
|move|p1a: Mamoswine|Icicle Crash|p2a: Buzzwole
|-damage|p2a: Buzzwole|69/100
|-damage|p1a: Mamoswine|6/100|[from] item: Life Orb
|move|p2a: Buzzwole|Roost|p2a: Buzzwole
|-heal|p2a: Buzzwole|100/100
|-singleturn|p2a: Buzzwole|move: Roost
|
|upkeep
|turn|36
|
|t:|1660583101
|move|p1a: Mamoswine|Icicle Crash|p2a: Buzzwole|[miss]
|-miss|p1a: Mamoswine|p2a: Buzzwole
|move|p2a: Buzzwole|Roost||[still]
|-fail|p2a: Buzzwole|heal
|
|upkeep
|turn|37
|
|t:|1660583109
|move|p1a: Mamoswine|Icicle Crash|p2a: Buzzwole
|-damage|p2a: Buzzwole|70/100
|-damage|p1a: Mamoswine|0 fnt|[from] item: Life Orb
|faint|p1a: Mamoswine
|move|p2a: Buzzwole|Roost|p2a: Buzzwole
|-heal|p2a: Buzzwole|100/100
|-singleturn|p2a: Buzzwole|move: Roost
|
|upkeep
|
|t:|1660583111
|switch|p1a: SUN BLEACHED|Garchomp, M, shiny|59/100
|-damage|p1a: SUN BLEACHED|53/100|[from] Stealth Rock
|turn|38
|
|t:|1660583117
|switch|p2a: Toxapex|Toxapex, M|100/100
|move|p1a: SUN BLEACHED|Fire Blast|p2a: Toxapex
|-resisted|p2a: Toxapex
|-crit|p2a: Toxapex
|-damage|p2a: Toxapex|81/100
|-damage|p1a: SUN BLEACHED|43/100|[from] item: Life Orb
|
|upkeep
|turn|39
|
|t:|1660583121
|move|p1a: SUN BLEACHED|Earthquake|p2a: Toxapex
|-supereffective|p2a: Toxapex
|-damage|p2a: Toxapex|0 fnt
|faint|p2a: Toxapex
|-damage|p1a: SUN BLEACHED|33/100|[from] item: Life Orb
|
|upkeep
|
|t:|1660583122
|switch|p2a: Quagsire|Quagsire, F|90/100
|-damage|p2a: Quagsire|84/100|[from] Stealth Rock
|-damage|p2a: Quagsire|67/100|[from] Spikes
|turn|40
|
|t:|1660583130
|move|p2a: Quagsire|Protect|p2a: Quagsire
|-singleturn|p2a: Quagsire|Protect
|move|p1a: SUN BLEACHED|Draco Meteor|p2a: Quagsire
|-activate|p2a: Quagsire|move: Protect
|
|-heal|p2a: Quagsire|73/100|[from] item: Leftovers
|upkeep
|turn|41
|
|t:|1660583133
|move|p1a: SUN BLEACHED|Draco Meteor|p2a: Quagsire
|-damage|p2a: Quagsire|7/100
|-unboost|p1a: SUN BLEACHED|spa|2
|-damage|p1a: SUN BLEACHED|23/100|[from] item: Life Orb
|move|p2a: Quagsire|Recover|p2a: Quagsire
|-heal|p2a: Quagsire|57/100
|
|-heal|p2a: Quagsire|64/100|[from] item: Leftovers
|upkeep
|turn|42
|
|t:|1660583137
|move|p2a: Quagsire|Protect|p2a: Quagsire
|-singleturn|p2a: Quagsire|Protect
|move|p1a: SUN BLEACHED|Draco Meteor|p2a: Quagsire
|-activate|p2a: Quagsire|move: Protect
|
|-heal|p2a: Quagsire|70/100|[from] item: Leftovers
|upkeep
|turn|43
|
|t:|1660583145
|move|p1a: SUN BLEACHED|Draco Meteor|p2a: Quagsire
|-damage|p2a: Quagsire|8/100
|-unboost|p1a: SUN BLEACHED|spa|2
|-damage|p1a: SUN BLEACHED|13/100|[from] item: Life Orb
|move|p2a: Quagsire|Earthquake|p1a: SUN BLEACHED
|-damage|p1a: SUN BLEACHED|0 fnt
|faint|p1a: SUN BLEACHED
|
|-heal|p2a: Quagsire|14/100|[from] item: Leftovers
|upkeep
|
|t:|1660583171
|switch|p1a: dababy|Dragapult, M, shiny|100/100
|-damage|p1a: dababy|88/100|[from] Stealth Rock
|turn|44
|
|t:|1660583176
|move|p2a: Quagsire|Protect|p2a: Quagsire
|-singleturn|p2a: Quagsire|Protect
|move|p1a: dababy|Dragon Dance|p1a: dababy
|-boost|p1a: dababy|atk|1
|-boost|p1a: dababy|spe|1
|
|-heal|p2a: Quagsire|20/100|[from] item: Leftovers
|upkeep
|turn|45
|c|☆LT93OQ im garbage|[Invalid choice] Sorry, too late to make a different move; the next turn has already started[Invalid choice] Sorry, too late to make a different move; the next turn has already started
|c|☆LT93OQ im garbage|[Invalid choice] Sorry, too late to make a different move; the next turn has already started
|c|☆LT93OQ im garbage|i recovered cause
|c|☆LT93OQ im garbage|i figuered u would choke
|c|☆LT93OQ im garbage|and dd LOL
|c|☆LT93OQ im garbage|god
|inactive|LT93OQ im garbage has 120 seconds left.
|c|☆LT93OQ im garbage|ps hasnt been kind to me today
|
|t:|1660583217
|move|p1a: dababy|Dragon Darts|p2a: Quagsire
|-damage|p2a: Quagsire|0 fnt
|faint|p2a: Quagsire
|-damage|p1a: dababy|78/100|[from] item: Life Orb
|
|upkeep
|
|t:|1660583219
|switch|p2a: Buzzwole|Buzzwole|100/100
|-damage|p2a: Buzzwole|88/100|[from] Stealth Rock
|-damage|p2a: Buzzwole|72/100|[from] Spikes
|turn|46
|j| zodivk
|
|t:|1660583225
|move|p1a: dababy|Dragon Darts|p2a: Buzzwole
|-damage|p2a: Buzzwole|46/100
|-anim|p1a: dababy|Dragon Darts|p2a: Buzzwole
|-damage|p2a: Buzzwole|21/100
|-damage|p1a: dababy|69/100|[from] item: Life Orb
|move|p2a: Buzzwole|Ice Punch|p1a: dababy
|-supereffective|p1a: dababy
|-damage|p1a: dababy|3/100
|
|upkeep
|turn|47
|
|t:|1660583231
|move|p1a: dababy|Dragon Darts|p2a: Buzzwole
|-damage|p2a: Buzzwole|0 fnt
|faint|p2a: Buzzwole
|-damage|p1a: dababy|0 fnt|[from] item: Life Orb
|faint|p1a: dababy
|
|win|royal hogs
|raw|royal hogs's rating: 1828 &rarr; <strong>1850</strong><br />(+22 for winning)
|raw|LT93OQ im garbage's rating: 1863 &rarr; <strong>1841</strong><br />(-22 for losing)
|l|☆LT93OQ im garbage
|l| Geysers
|c| xray|if he is sucker dd isnt a choke tho
|l| Beka ❤
|j| LT93OQ Bee
|l| Neverladding
|l| LT92PF 729
||Ladder isn't responding, score probably updated but might not have (Request timeout).
