|j|☆Fancy Beast
|j|☆Buhrito
|t:|1645849755
|gametype|singles
|player|p1|Fancy Beast|boarder|
|player|p2|Buhrito|1|
|teamsize|p1|6
|teamsize|p2|6
|gen|8
|tier|[Gen 8] OU
|rule|Sleep Clause Mod: Limit one foe put to sleep
|rule|Species Clause: Limit one of each Pokémon
|rule|OHKO Clause: OHKO moves are banned
|rule|Evasion Moves Clause: Evasion moves are banned
|rule|Endless Battle Clause: Forcing endless battles is banned
|rule|HP Percentage Mod: HP is shown in percentages
|rule|Dynamax Clause: You cannot dynamax
|clearpoke
|poke|p1|Tapu Koko|
|poke|p1|Urshifu-*, F|
|poke|p1|Melmetal|
|poke|p1|Heatran, M|
|poke|p1|Landorus-Therian, M|
|poke|p1|Tornadus-Therian, M|
|poke|p2|Cloyster, M|
|poke|p2|Torkoal, F|
|poke|p2|Corviknight, F|
|poke|p2|Chansey, F|
|poke|p2|Venusaur, M|
|poke|p2|Garchomp, F|
|teampreview
|
|t:|1645849776
|start
|switch|p1a: Heatran|Heatran, M|100/100
|switch|p2a: Chansey|Chansey, F|100/100
|-item|p1a: Heatran|Air Balloon
|turn|1
|
|t:|1645849786
|switch|p1a: Melmetal|Melmetal|100/100
|move|p2a: Chansey|Seismic Toss|p1a: Melmetal
|-damage|p1a: Melmetal|76/100
|
|-heal|p1a: Melmetal|82/100|[from] item: Leftovers
|upkeep
|turn|2
|
|t:|1645849789
|switch|p2a: Corviknight|Corviknight, F|100/100
|-ability|p2a: Corviknight|Pressure
|switch|p1a: Heatran|Heatran, M|100/100
|-item|p1a: Heatran|Air Balloon
|
|upkeep
|turn|3
|
|t:|1645849792
|switch|p2a: Chansey|Chansey, F|100/100
|move|p1a: Heatran|Stealth Rock|p2a: Chansey
|-sidestart|p2: Buhrito|move: Stealth Rock
|
|upkeep
|turn|4
|
|t:|1645849795
|switch|p1a: Urshifu|Urshifu-Rapid-Strike, F|100/100
|move|p2a: Chansey|Stealth Rock|p1a: Urshifu
|-sidestart|p1: Fancy Beast|move: Stealth Rock
|
|upkeep
|turn|5
|
|t:|1645849809
|move|p1a: Urshifu|Close Combat|p2a: Chansey
|-supereffective|p2a: Chansey
|-damage|p2a: Chansey|22/100
|-unboost|p1a: Urshifu|def|1
|-unboost|p1a: Urshifu|spd|1
|move|p2a: Chansey|Seismic Toss|p1a: Urshifu
|-damage|p1a: Urshifu|71/100
|
|upkeep
|turn|6
|
|t:|1645849817
|switch|p2a: Corviknight|Corviknight, F|100/100
|-damage|p2a: Corviknight|88/100|[from] Stealth Rock
|-ability|p2a: Corviknight|Pressure
|move|p1a: Urshifu|Close Combat|p2a: Corviknight
|-damage|p2a: Corviknight|48/100
|-unboost|p1a: Urshifu|def|1
|-unboost|p1a: Urshifu|spd|1
|
|upkeep
|turn|7
|
|t:|1645849822
|move|p1a: Urshifu|U-turn|p2a: Corviknight
|-resisted|p2a: Corviknight
|-damage|p2a: Corviknight|44/100
|
|t:|1645849825
|switch|p1a: Tapu Koko|Tapu Koko|100/100|[from]move: U-turn
|-fieldstart|move: Electric Terrain|[from] ability: Electric Surge|[of] p1a: Tapu Koko
|move|p2a: Corviknight|Roost|p2a: Corviknight
|-heal|p2a: Corviknight|94/100
|-singleturn|p2a: Corviknight|move: Roost
|
|upkeep
|turn|8
|
|t:|1645849832
|switch|p2a: Garchomp|Garchomp, F|100/100
|-damage|p2a: Garchomp|94/100|[from] Stealth Rock
|move|p1a: Tapu Koko|Thunderbolt|p2a: Garchomp
|-immune|p2a: Garchomp
|
|-heal|p2a: Garchomp|100/100|[from] item: Leftovers
|upkeep
|turn|9
|
|t:|1645849838
|move|p1a: Tapu Koko|Dazzling Gleam|p2a: Garchomp
|-supereffective|p2a: Garchomp
|-damage|p2a: Garchomp|32/100
|move|p2a: Garchomp|Scale Shot|p1a: Tapu Koko
|-immune|p1a: Tapu Koko
|
|-heal|p2a: Garchomp|38/100|[from] item: Leftovers
|upkeep
|turn|10
|
|t:|1645849846
|switch|p2a: Venusaur|Venusaur, M|100/100
|-damage|p2a: Venusaur|88/100|[from] Stealth Rock
|move|p1a: Tapu Koko|Dazzling Gleam|p2a: Venusaur
|-resisted|p2a: Venusaur
|-damage|p2a: Venusaur|68/100
|
|upkeep
|turn|11
|
|t:|1645849853
|move|p1a: Tapu Koko|U-turn|p2a: Venusaur
|-damage|p2a: Venusaur|44/100
|
|t:|1645849856
|switch|p1a: Tornadus|Tornadus-Therian, M|100/100|[from]move: U-turn
|-damage|p1a: Tornadus|76/100|[from] Stealth Rock
|move|p2a: Venusaur|Giga Drain|p1a: Tornadus
|-resisted|p1a: Tornadus
|-damage|p1a: Tornadus|60/100
|-heal|p2a: Venusaur|54/100|[from] drain|[of] p1a: Tornadus
|-damage|p2a: Venusaur|44/100|[from] item: Life Orb
|
|-fieldend|move: Electric Terrain
|upkeep
|turn|12
|
|t:|1645849862
|switch|p2a: Corviknight|Corviknight, F|94/100
|-damage|p2a: Corviknight|82/100|[from] Stealth Rock
|-ability|p2a: Corviknight|Pressure
|move|p1a: Tornadus|Knock Off|p2a: Corviknight
|-damage|p2a: Corviknight|70/100
|-damage|p1a: Tornadus|43/100|[from] item: Rocky Helmet|[of] p2a: Corviknight
|-enditem|p2a: Corviknight|Rocky Helmet|[from] move: Knock Off|[of] p1a: Tornadus
|
|upkeep
|turn|13
|
|t:|1645849867
|move|p1a: Tornadus|Heat Wave|p2a: Corviknight
|-supereffective|p2a: Corviknight
|-damage|p2a: Corviknight|26/100
|move|p2a: Corviknight|U-turn|p1a: Tornadus
|-resisted|p1a: Tornadus
|-damage|p1a: Tornadus|36/100
|
|t:|1645849875
|switch|p2a: Torkoal|Torkoal, F|100/100|[from]move: U-turn
|-damage|p2a: Torkoal|76/100|[from] Stealth Rock
|-weather|SunnyDay|[from] ability: Drought|[of] p2a: Torkoal
|
|-weather|SunnyDay|[upkeep]
|upkeep
|turn|14
|
|t:|1645849878
|move|p1a: Tornadus|U-turn|p2a: Torkoal
|-resisted|p2a: Torkoal
|-damage|p2a: Torkoal|71/100
|
|t:|1645849881
|switch|p1a: Heatran|Heatran, M|100/100|[from]move: U-turn
|-damage|p1a: Heatran|88/100|[from] Stealth Rock
|-item|p1a: Heatran|Air Balloon
|move|p2a: Torkoal|Rapid Spin|p1a: Heatran
|-resisted|p1a: Heatran
|-damage|p1a: Heatran|83/100
|-boost|p2a: Torkoal|spe|1
|-enditem|p1a: Heatran|Air Balloon
|-sideend|p2: Buhrito|Stealth Rock|[from] move: Rapid Spin|[of] p2a: Torkoal
|
|-weather|SunnyDay|[upkeep]
|upkeep
|turn|15
|
|t:|1645849889
|move|p1a: Heatran|Stealth Rock|p2a: Torkoal
|-sidestart|p2: Buhrito|move: Stealth Rock
|move|p2a: Torkoal|Body Press|p1a: Heatran
|-supereffective|p1a: Heatran
|-damage|p1a: Heatran|25/100
|
|-weather|SunnyDay|[upkeep]
|upkeep
|turn|16
|
|t:|1645849894
|move|p1a: Heatran|Earth Power|p2a: Torkoal
|-supereffective|p2a: Torkoal
|-damage|p2a: Torkoal|0 fnt
|faint|p2a: Torkoal
|
|-weather|SunnyDay|[upkeep]
|upkeep
|
|t:|1645849902
|switch|p2a: Venusaur|Venusaur, M|44/100
|-damage|p2a: Venusaur|32/100|[from] Stealth Rock
|turn|17
|
|t:|1645849909
|move|p2a: Venusaur|Earth Power|p1a: Heatran
|-supereffective|p1a: Heatran
|-damage|p1a: Heatran|0 fnt
|faint|p1a: Heatran
|-damage|p2a: Venusaur|22/100|[from] item: Life Orb
|
|-weather|SunnyDay|[upkeep]
|upkeep
|
|t:|1645849919
|switch|p1a: Tornadus|Tornadus-Therian, M|69/100
|-damage|p1a: Tornadus|44/100|[from] Stealth Rock
|turn|18
|
|t:|1645849922
|move|p2a: Venusaur|Weather Ball|p1a: Tornadus
|-damage|p1a: Tornadus|4/100
|-damage|p2a: Venusaur|12/100|[from] item: Life Orb
|move|p1a: Tornadus|Heat Wave|p2a: Venusaur
|-supereffective|p2a: Venusaur
|-damage|p2a: Venusaur|0 fnt
|faint|p2a: Venusaur
|
|-weather|SunnyDay|[upkeep]
|upkeep
|
|t:|1645849932
|switch|p2a: Garchomp|Garchomp, F|38/100
|-damage|p2a: Garchomp|32/100|[from] Stealth Rock
|turn|19
|
|t:|1645849951
|switch|p1a: Landorus|Landorus-Therian, M|100/100
|-damage|p1a: Landorus|88/100|[from] Stealth Rock
|-ability|p1a: Landorus|Intimidate|boost
|-unboost|p2a: Garchomp|atk|1
|switch|p2a: Cloyster|Cloyster, M|100/100
|-damage|p2a: Cloyster|76/100|[from] Stealth Rock
|
|-weather|SunnyDay|[upkeep]
|-heal|p1a: Landorus|94/100|[from] item: Leftovers
|upkeep
|turn|20
|
|t:|1645849956
|move|p2a: Cloyster|Shell Smash|p2a: Cloyster
|-unboost|p2a: Cloyster|def|1
|-unboost|p2a: Cloyster|spd|1
|-boost|p2a: Cloyster|atk|2
|-boost|p2a: Cloyster|spa|2
|-boost|p2a: Cloyster|spe|2
|move|p1a: Landorus|U-turn|p2a: Cloyster
|-damage|p2a: Cloyster|46/100
|
|t:|1645849958
|switch|p1a: Melmetal|Melmetal|82/100|[from]move: U-turn
|-damage|p1a: Melmetal|76/100|[from] Stealth Rock
|
|-weather|none
|-heal|p1a: Melmetal|82/100|[from] item: Leftovers
|upkeep
|turn|21
|
|t:|1645849971
|move|p2a: Cloyster|Icicle Spear|p1a: Melmetal
|-resisted|p1a: Melmetal
|-damage|p1a: Melmetal|76/100
|-resisted|p1a: Melmetal
|-crit|p1a: Melmetal
|-damage|p1a: Melmetal|68/100
|-resisted|p1a: Melmetal
|-damage|p1a: Melmetal|62/100
|-resisted|p1a: Melmetal
|-damage|p1a: Melmetal|56/100
|-resisted|p1a: Melmetal
|-damage|p1a: Melmetal|49/100
|-hitcount|p1a: Melmetal|5
|move|p1a: Melmetal|Double Iron Bash|p2a: Cloyster
|-damage|p2a: Cloyster|0 fnt
|faint|p2a: Cloyster
|-hitcount|p2: Cloyster|1
|
|-heal|p1a: Melmetal|55/100|[from] item: Leftovers
|upkeep
|
|t:|1645849973
|switch|p2a: Garchomp|Garchomp, F|32/100
|-damage|p2a: Garchomp|25/100|[from] Stealth Rock
|turn|22
|
|t:|1645849988
|switch|p1a: Landorus|Landorus-Therian, M|94/100
|-damage|p1a: Landorus|82/100|[from] Stealth Rock
|-ability|p1a: Landorus|Intimidate|boost
|-unboost|p2a: Garchomp|atk|1
|move|p2a: Garchomp|Swords Dance|p2a: Garchomp
|-boost|p2a: Garchomp|atk|2
|
|-heal|p2a: Garchomp|32/100|[from] item: Leftovers
|-heal|p1a: Landorus|88/100|[from] item: Leftovers
|upkeep
|turn|23
|
|t:|1645850000
|switch|p1a: Tapu Koko|Tapu Koko|100/100
|-fieldstart|move: Electric Terrain|[from] ability: Electric Surge|[of] p1a: Tapu Koko
|move|p2a: Garchomp|Scale Shot|p1a: Tapu Koko
|-immune|p1a: Tapu Koko
|
|-heal|p2a: Garchomp|38/100|[from] item: Leftovers
|upkeep
|turn|24
|
|t:|1645850022
|move|p1a: Tapu Koko|Dazzling Gleam|p2a: Garchomp
|-supereffective|p2a: Garchomp
|-damage|p2a: Garchomp|0 fnt
|faint|p2a: Garchomp
|
|upkeep
|
|t:|1645850027
|switch|p2a: Chansey|Chansey, F|22/100
|-damage|p2a: Chansey|9/100|[from] Stealth Rock
|turn|25
|
|t:|1645850032
|move|p1a: Tapu Koko|Thunderbolt|p2a: Chansey
|-damage|p2a: Chansey|0 fnt
|faint|p2a: Chansey
|
|upkeep
|
|t:|1645850033
|switch|p2a: Corviknight|Corviknight, F|26/100
|-damage|p2a: Corviknight|14/100|[from] Stealth Rock
|-ability|p2a: Corviknight|Pressure
|turn|26
|
|t:|1645850035
|move|p1a: Tapu Koko|Thunderbolt|p2a: Corviknight
|-supereffective|p2a: Corviknight
|-damage|p2a: Corviknight|0 fnt
|faint|p2a: Corviknight
|
|win|Fancy Beast
