|j|☆rickylafleur420
|j|☆Kaleor
|t:|1651844778
|gametype|singles
|player|p1|rickylafleur420|beauty-gen4dp|1694
|player|p2|Kaleor|swimmer-gen4dp|1748
|teamsize|p1|6
|teamsize|p2|6
|gen|8
|tier|[Gen 8] OU
|rated|
|rule|Sleep Clause Mod: Limit one foe put to sleep
|rule|Species Clause: Limit one of each Pokémon
|rule|OHKO Clause: OHKO moves are banned
|rule|Evasion Moves Clause: Evasion moves are banned
|rule|Endless Battle Clause: Forcing endless battles is banned
|rule|HP Percentage Mod: HP is shown in percentages
|rule|Dynamax Clause: You cannot dynamax
|clearpoke
|poke|p1|Mew|
|poke|p1|Cloyster, F|
|poke|p1|Gengar, F|
|poke|p1|Bisharp, F|
|poke|p1|Rillaboom, M|
|poke|p1|Hawlucha, M|
|poke|p2|Zapdos-Galar|
|poke|p2|Volcanion|
|poke|p2|Landorus-Therian, M|
|poke|p2|Kartana|
|poke|p2|Ninetales-Alola, M|
|poke|p2|Aegislash, M|
|teampreview
|inactive|Battle timer is ON: inactive players will automatically lose when time's up. (requested by rickylafleur420)
|inactive|Kaleor has 120 seconds left.
|inactive|Kaleor has 90 seconds left.
|
|t:|1651844866
|start
|switch|p1a: DK did it first|Rillaboom, M|100/100
|switch|p2a: Ninetales|Ninetales-Alola, M|100/100
|-weather|Hail|[from] ability: Snow Warning|[of] p2a: Ninetales
|-fieldstart|move: Grassy Terrain|[from] ability: Grassy Surge|[of] p1a: DK did it first
|turn|1
|
|t:|1651844884
|switch|p2a: Aegislash|Aegislash, M|100/100
|move|p1a: DK did it first|Grassy Glide|p2a: Aegislash
|-resisted|p2a: Aegislash
|-damage|p2a: Aegislash|66/100
|-damage|p1a: DK did it first|91/100|[from] item: Life Orb
|
|-weather|Hail|[upkeep]
|-damage|p1a: DK did it first|84/100|[from] Hail
|-damage|p2a: Aegislash|60/100|[from] Hail
|-heal|p1a: DK did it first|91/100|[from] Grassy Terrain
|-heal|p2a: Aegislash|66/100|[from] Grassy Terrain
|upkeep
|turn|2
|
|t:|1651844889
|move|p1a: DK did it first|Knock Off|p2a: Aegislash
|-supereffective|p2a: Aegislash
|-damage|p2a: Aegislash|0 fnt
|-enditem|p2a: Aegislash|Life Orb|[from] move: Knock Off|[of] p1a: DK did it first
|faint|p2a: Aegislash
|-damage|p1a: DK did it first|81/100|[from] item: Life Orb
|
|-weather|Hail|[upkeep]
|-damage|p1a: DK did it first|74/100|[from] Hail
|-heal|p1a: DK did it first|81/100|[from] Grassy Terrain
|upkeep
|
|t:|1651844895
|switch|p2a: Kartana|Kartana|100/100
|turn|3
|
|t:|1651844907
|switch|p1a: Mew|Mew, shiny|100/100
|move|p2a: Kartana|Knock Off|p1a: Mew
|-supereffective|p1a: Mew
|-damage|p1a: Mew|0 fnt
|-enditem|p1a: Mew|Red Card|[from] move: Knock Off|[of] p2a: Kartana
|faint|p1a: Mew
|-ability|p2a: Kartana|Beast Boost|boost
|-boost|p2a: Kartana|atk|1
|-damage|p2a: Kartana|91/100|[from] item: Life Orb
|
|-weather|Hail|[upkeep]
|-damage|p2a: Kartana|85/100|[from] Hail
|-heal|p2a: Kartana|91/100|[from] Grassy Terrain
|upkeep
|
|t:|1651844925
|switch|p1a: Adam West|Hawlucha, M|100/100
|-enditem|p1a: Adam West|Grassy Seed
|-boost|p1a: Adam West|def|1|[from] item: Grassy Seed
|turn|4
|
|t:|1651844932
|switch|p2a: Landorus|Landorus-Therian, M|100/100
|-ability|p2a: Landorus|Intimidate|boost
|-unboost|p1a: Adam West|atk|1
|move|p1a: Adam West|Swords Dance|p1a: Adam West
|-boost|p1a: Adam West|atk|2
|
|-weather|Hail|[upkeep]
|-damage|p1a: Adam West|94/100|[from] Hail
|-damage|p2a: Landorus|94/100|[from] Hail
|-heal|p2a: Landorus|100/100|[from] item: Leftovers
|upkeep
|turn|5
|
|t:|1651844936
|move|p1a: Adam West|Swords Dance|p1a: Adam West
|-boost|p1a: Adam West|atk|2
|move|p2a: Landorus|Toxic|p1a: Adam West
|-status|p1a: Adam West|tox
|
|-weather|none
|-damage|p1a: Adam West|88/100 tox|[from] psn
|-fieldend|move: Grassy Terrain
|upkeep
|turn|6
|
|t:|1651844943
|move|p1a: Adam West|Acrobatics|p2a: Landorus
|-damage|p2a: Landorus|17/100
|move|p2a: Landorus|U-turn|p1a: Adam West
|-resisted|p1a: Adam West
|-damage|p1a: Adam West|84/100 tox
|
|t:|1651844946
|switch|p2a: Ninetales|Ninetales-Alola, M|100/100|[from]move: U-turn
|-weather|Hail|[from] ability: Snow Warning|[of] p2a: Ninetales
|
|-weather|Hail|[upkeep]
|-damage|p1a: Adam West|78/100 tox|[from] Hail
|-damage|p1a: Adam West|66/100 tox|[from] psn
|upkeep
|turn|7
|
|t:|1651844973
|switch|p2a: Landorus|Landorus-Therian, M|17/100
|-ability|p2a: Landorus|Intimidate|boost
|-unboost|p1a: Adam West|atk|1
|move|p1a: Adam West|Acrobatics|p2a: Landorus
|-damage|p2a: Landorus|0 fnt
|faint|p2a: Landorus
|
|-weather|Hail|[upkeep]
|-damage|p1a: Adam West|60/100 tox|[from] Hail
|-damage|p1a: Adam West|41/100 tox|[from] psn
|upkeep
|
|t:|1651844989
|switch|p2a: Ninetales|Ninetales-Alola, M|100/100
|turn|8
|
|t:|1651844995
|move|p1a: Adam West|Acrobatics|p2a: Ninetales
|-damage|p2a: Ninetales|0 fnt
|faint|p2a: Ninetales
|
|-weather|Hail|[upkeep]
|-damage|p1a: Adam West|35/100 tox|[from] Hail
|-damage|p1a: Adam West|11/100 tox|[from] psn
|upkeep
|c|☆rickylafleur420|suprised lando lived that first from plus 3
|
|t:|1651845019
|switch|p2a: Kartana|Kartana|91/100
|turn|9
|
|t:|1651845029
|move|p1a: Adam West|Close Combat|p2a: Kartana
|-supereffective|p2a: Kartana
|-damage|p2a: Kartana|0 fnt
|-unboost|p1a: Adam West|def|1
|-unboost|p1a: Adam West|spd|1
|faint|p2a: Kartana
|
|-weather|Hail|[upkeep]
|-damage|p1a: Adam West|5/100 tox|[from] Hail
|-damage|p1a: Adam West|0 fnt|[from] psn
|faint|p1a: Adam West
|upkeep
|
|t:|1651845034
|switch|p2a: Volcanion|Volcanion|100/100
|switch|p1a: MagicConch|Cloyster, F|100/100
|turn|10
|
|t:|1651845038
|move|p2a: Volcanion|Steam Eruption|p1a: MagicConch
|-resisted|p1a: MagicConch
|-enditem|p1a: MagicConch|Focus Sash
|-damage|p1a: MagicConch|1/100
|move|p1a: MagicConch|Shell Smash|p1a: MagicConch
|-unboost|p1a: MagicConch|def|1
|-unboost|p1a: MagicConch|spd|1
|-boost|p1a: MagicConch|atk|2
|-boost|p1a: MagicConch|spa|2
|-boost|p1a: MagicConch|spe|2
|
|-weather|none
|upkeep
|turn|11
|
|t:|1651845042
|move|p1a: MagicConch|Rock Blast|p2a: Volcanion
|-supereffective|p2a: Volcanion
|-damage|p2a: Volcanion|71/100
|-supereffective|p2a: Volcanion
|-damage|p2a: Volcanion|43/100
|-supereffective|p2a: Volcanion
|-damage|p2a: Volcanion|15/100
|-supereffective|p2a: Volcanion
|-damage|p2a: Volcanion|0 fnt
|faint|p2a: Volcanion
|-hitcount|p2: Volcanion|4
|
|upkeep
|
|t:|1651845045
|switch|p2a: Zapdos|Zapdos-Galar|100/100
|turn|12
|
|t:|1651845050
|move|p1a: MagicConch|Ice Shard|p2a: Zapdos
|-supereffective|p2a: Zapdos
|-damage|p2a: Zapdos|14/100
|move|p2a: Zapdos|Brave Bird|p1a: MagicConch
|-damage|p1a: MagicConch|0 fnt
|faint|p1a: MagicConch
|-damage|p2a: Zapdos|14/100|[from] Recoil
|
|upkeep
|
|t:|1651845054
|switch|p1a: Okage|Gengar, F|100/100
|turn|13
|
|t:|1651845055
|move|p2a: Zapdos|Brave Bird|p1a: Okage
|-enditem|p1a: Okage|Focus Sash
|-damage|p1a: Okage|1/100
|-start|p2a: Zapdos|Disable|Brave Bird|[from] ability: Cursed Body|[of] p1a: Okage
|-damage|p2a: Zapdos|0 fnt|[from] Recoil
|faint|p2a: Zapdos
|
|win|rickylafleur420
|raw|rickylafleur420's rating: 1694 &rarr; <strong>1717</strong><br />(+23 for winning)
|raw|Kaleor's rating: 1748 &rarr; <strong>1725</strong><br />(-23 for losing)
||Ladder isn't responding, score probably updated but might not have (Request timeout).
