|raw|<div class="broadcast-blue"><strong>This battle is required to be public due to a player having a name starting with 'lt94je'.</div>
|j|☆LT94JE Dasmer
|j|☆Meracx
|t:|1661710512
|gametype|singles
|player|p1|LT94JE Dasmer|rei|1965
|player|p2|Meracx|thorton|1821
|teamsize|p1|6
|teamsize|p2|6
|gen|8
|tier|[Gen 8] OU
|rated|
|rule|Sleep Clause Mod: Limit one foe put to sleep
|rule|Species Clause: Limit one of each Pokémon
|rule|OHKO Clause: OHKO moves are banned
|rule|Evasion Items Clause: Evasion items are banned
|rule|Evasion Moves Clause: Evasion moves are banned
|rule|Endless Battle Clause: Forcing endless battles is banned
|rule|HP Percentage Mod: HP is shown in percentages
|rule|Dynamax Clause: You cannot dynamax
|clearpoke
|poke|p1|Garchomp, M|
|poke|p1|Kartana|
|poke|p1|Slowbro, M|
|poke|p1|Weavile, M|
|poke|p1|Heatran, F|
|poke|p1|Zapdos|
|poke|p2|Blaziken, F|
|poke|p2|Moltres-Galar|
|poke|p2|Dragapult, M|
|poke|p2|Volcarona, F|
|poke|p2|Ninetales-Alola, M|
|poke|p2|Rillaboom, M|
|teampreview
|j| BabyPigsAreLaughin
|
|t:|1661710531
|start
|switch|p1a: Kartana|Kartana|100/100
|switch|p2a: Dragapult|Dragapult, M|100/100
|turn|1
|
|t:|1661710535
|switch|p1a: Heatran|Heatran, F|100/100
|move|p2a: Dragapult|Shadow Ball|p1a: Heatran
|-damage|p1a: Heatran|73/100
|-damage|p2a: Dragapult|91/100|[from] item: Life Orb
|
|-heal|p1a: Heatran|79/100|[from] item: Leftovers
|upkeep
|turn|2
|
|t:|1661710538
|move|p2a: Dragapult|Hydro Pump|p1a: Heatran|[miss]
|-miss|p2a: Dragapult|p1a: Heatran
|move|p1a: Heatran|Heavy Slam|p2a: Dragapult
|-damage|p2a: Dragapult|40/100
|
|-heal|p1a: Heatran|85/100|[from] item: Leftovers
|upkeep
|turn|3
|
|t:|1661710542
|move|p2a: Dragapult|Hydro Pump|p1a: Heatran
|-supereffective|p1a: Heatran
|-damage|p1a: Heatran|29/100
|-damage|p2a: Dragapult|30/100|[from] item: Life Orb
|move|p1a: Heatran|Heavy Slam|p2a: Dragapult
|-damage|p2a: Dragapult|0 fnt
|faint|p2a: Dragapult
|
|-heal|p1a: Heatran|35/100|[from] item: Leftovers
|upkeep
|
|t:|1661710546
|switch|p2a: Blaziken|Blaziken, F|100/100
|-item|p2a: Blaziken|Air Balloon
|turn|4
|
|t:|1661710548
|switch|p1a: Slowbro|Slowbro, M|100/100
|move|p2a: Blaziken|Swords Dance|p2a: Blaziken
|-boost|p2a: Blaziken|atk|2
|
|-ability|p2a: Blaziken|Speed Boost|boost
|-boost|p2a: Blaziken|spe|1
|upkeep
|turn|5
|
|t:|1661710550
|move|p2a: Blaziken|Knock Off|p1a: Slowbro
|-supereffective|p1a: Slowbro
|-enditem|p1a: Slowbro|Colbur Berry|[eat]
|-enditem|p1a: Slowbro|Colbur Berry|[weaken]
|-damage|p1a: Slowbro|62/100
|move|p1a: Slowbro|Future Sight|p2a: Blaziken
|-start|p1a: Slowbro|move: Future Sight
|
|-ability|p2a: Blaziken|Speed Boost|boost
|-boost|p2a: Blaziken|spe|1
|upkeep
|turn|6
|j| BeastyJ157
|
|t:|1661710603
|move|p2a: Blaziken|Knock Off|p1a: Slowbro
|-supereffective|p1a: Slowbro
|-damage|p1a: Slowbro|11/100
|move|p1a: Slowbro|Slack Off|p1a: Slowbro
|-heal|p1a: Slowbro|61/100
|
|-ability|p2a: Blaziken|Speed Boost|boost
|-boost|p2a: Blaziken|spe|1
|upkeep
|turn|7
|j| lt94je Kaneki
|
|t:|1661710609
|switch|p2a: Moltres|Moltres-Galar|100/100
|move|p1a: Slowbro|Teleport|p1a: Slowbro
|j| Buhrito
|
|t:|1661710618
|switch|p1a: Zapdos|Zapdos|100/100|[from]move: Teleport
|
|-end|p2a: Moltres|move: Future Sight
|-immune|p2a: Moltres
|upkeep
|turn|8
|j|+Amasaki ☆
|j| Neverladding
|
|t:|1661710641
|move|p2a: Moltres|Fiery Wrath|p1a: Zapdos
|-damage|p1a: Zapdos|56/100
|move|p1a: Zapdos|Discharge|p2a: Moltres
|-supereffective|p2a: Moltres
|-damage|p2a: Moltres|46/100
|-enditem|p2a: Moltres|Weakness Policy
|-boost|p2a: Moltres|atk|2|[from] item: Weakness Policy
|-boost|p2a: Moltres|spa|2|[from] item: Weakness Policy
|-ability|p2a: Moltres|Berserk|boost
|-boost|p2a: Moltres|spa|1
|
|upkeep
|turn|9
|
|t:|1661710647
|switch|p1a: Heatran|Heatran, F|35/100
|move|p2a: Moltres|Fiery Wrath|p1a: Heatran
|-damage|p1a: Heatran|0 fnt
|faint|p1a: Heatran
|
|upkeep
|
|t:|1661710650
|switch|p1a: Weavile|Weavile, M|100/100
|-ability|p1a: Weavile|Pressure
|turn|10
|j| Cosmo'Stars
|
|t:|1661710668
|move|p1a: Weavile|Triple Axel|p2a: Moltres
|-supereffective|p2a: Moltres
|-damage|p2a: Moltres|21/100
|-supereffective|p2a: Moltres
|-damage|p2a: Moltres|0 fnt
|faint|p2a: Moltres
|-hitcount|p2: Moltres|2
|
|upkeep
|
|t:|1661710671
|switch|p2a: Blaziken|Blaziken, F|100/100
|-item|p2a: Blaziken|Air Balloon
|turn|11
|j| LT94JE Starmind
|
|t:|1661710675
|switch|p1a: Slowbro|Slowbro, M|94/100
|move|p2a: Blaziken|Swords Dance|p2a: Blaziken
|-boost|p2a: Blaziken|atk|2
|
|-ability|p2a: Blaziken|Speed Boost|boost
|-boost|p2a: Blaziken|spe|1
|upkeep
|turn|12
|
|t:|1661710677
|move|p2a: Blaziken|Knock Off|p1a: Slowbro
|-supereffective|p1a: Slowbro
|-damage|p1a: Slowbro|44/100
|move|p1a: Slowbro|Future Sight|p2a: Blaziken
|-start|p1a: Slowbro|move: Future Sight
|
|-ability|p2a: Blaziken|Speed Boost|boost
|-boost|p2a: Blaziken|spe|1
|upkeep
|turn|13
|
|t:|1661710682
|switch|p1a: Kartana|Kartana|100/100
|move|p2a: Blaziken|Knock Off|p1a: Kartana
|-damage|p1a: Kartana|36/100
|-enditem|p1a: Kartana|Muscle Band|[from] move: Knock Off|[of] p2a: Blaziken
|
|-ability|p2a: Blaziken|Speed Boost|boost
|-boost|p2a: Blaziken|spe|1
|upkeep
|turn|14
|j| LT94JE Minerva
|
|t:|1661710695
|switch|p2a: Rillaboom|Rillaboom, M|100/100
|-fieldstart|move: Grassy Terrain|[from] ability: Grassy Surge|[of] p2a: Rillaboom
|move|p1a: Kartana|Leaf Blade|p2a: Rillaboom
|-resisted|p2a: Rillaboom
|-crit|p2a: Rillaboom
|-damage|p2a: Rillaboom|40/100
|
|-end|p2a: Rillaboom|move: Future Sight
|-damage|p2a: Rillaboom|0 fnt
|faint|p2a: Rillaboom
|-heal|p1a: Kartana|43/100|[from] Grassy Terrain
|upkeep
|
|t:|1661710702
|switch|p2a: Volcarona|Volcarona, F|100/100
|turn|15
|
|t:|1661710704
|switch|p1a: Garchomp|Garchomp, M|100/100
|move|p2a: Volcarona|Quiver Dance|p2a: Volcarona
|-boost|p2a: Volcarona|spa|1
|-boost|p2a: Volcarona|spd|1
|-boost|p2a: Volcarona|spe|1
|
|upkeep
|turn|16
|
|t:|1661710706
|move|p2a: Volcarona|Quiver Dance|p2a: Volcarona
|-boost|p2a: Volcarona|spa|1
|-boost|p2a: Volcarona|spd|1
|-boost|p2a: Volcarona|spe|1
|move|p1a: Garchomp|Toxic|p2a: Volcarona
|-status|p2a: Volcarona|tox
|
|-damage|p2a: Volcarona|94/100 tox|[from] psn
|upkeep
|turn|17
|
|t:|1661710710
|move|p2a: Volcarona|Bug Buzz|p1a: Garchomp
|-damage|p1a: Garchomp|36/100
|move|p1a: Garchomp|Stealth Rock|p2a: Volcarona
|-sidestart|p2: Meracx|move: Stealth Rock
|
|-heal|p2a: Volcarona|100/100 tox|[from] Grassy Terrain
|-heal|p1a: Garchomp|42/100|[from] Grassy Terrain
|-heal|p1a: Garchomp|49/100|[from] item: Leftovers
|-damage|p2a: Volcarona|88/100 tox|[from] psn
|upkeep
|turn|18
|
|t:|1661710716
|move|p1a: Garchomp|Protect|p1a: Garchomp
|-singleturn|p1a: Garchomp|Protect
|move|p2a: Volcarona|Bug Buzz|p1a: Garchomp
|-activate|p1a: Garchomp|move: Protect
|
|-heal|p2a: Volcarona|94/100 tox|[from] Grassy Terrain
|-heal|p1a: Garchomp|55/100|[from] Grassy Terrain
|-heal|p1a: Garchomp|61/100|[from] item: Leftovers
|-damage|p2a: Volcarona|76/100 tox|[from] psn
|-fieldend|move: Grassy Terrain
|upkeep
|turn|19
|l| lt94je Kaneki
|
|t:|1661710725
|switch|p1a: Zapdos|Zapdos|56/100
|move|p2a: Volcarona|Bug Buzz|p1a: Zapdos
|-resisted|p1a: Zapdos
|-damage|p1a: Zapdos|12/100
|
|-damage|p2a: Volcarona|52/100 tox|[from] psn
|upkeep
|turn|20
|
|t:|1661710729
|move|p2a: Volcarona|Bug Buzz|p1a: Zapdos
|-resisted|p1a: Zapdos
|-damage|p1a: Zapdos|0 fnt
|faint|p1a: Zapdos
|
|-damage|p2a: Volcarona|21/100 tox|[from] psn
|upkeep
|
|t:|1661710735
|switch|p1a: Garchomp|Garchomp, M|61/100
|turn|21
|
|t:|1661710741
|switch|p2a: Ninetales|Ninetales-Alola, M|100/100
|-damage|p2a: Ninetales|76/100|[from] Stealth Rock
|-weather|Hail|[from] ability: Snow Warning|[of] p2a: Ninetales
|move|p1a: Garchomp|Protect||[still]
|-fail|p1a: Garchomp
|
|-weather|Hail|[upkeep]
|-damage|p1a: Garchomp|55/100|[from] Hail
|-heal|p1a: Garchomp|61/100|[from] item: Leftovers
|upkeep
|turn|22
|
|t:|1661710743
|move|p2a: Ninetales|Aurora Veil|p2a: Ninetales
|-sidestart|p2: Meracx|move: Aurora Veil
|move|p1a: Garchomp|Toxic|p2a: Ninetales|[miss]
|-miss|p1a: Garchomp|p2a: Ninetales
|
|-weather|Hail|[upkeep]
|-damage|p1a: Garchomp|55/100|[from] Hail
|-heal|p1a: Garchomp|61/100|[from] item: Leftovers
|upkeep
|turn|23
|
|t:|1661710748
|move|p1a: Garchomp|Protect|p1a: Garchomp
|-singleturn|p1a: Garchomp|Protect
|move|p2a: Ninetales|Freeze-Dry|p1a: Garchomp
|-activate|p1a: Garchomp|move: Protect
|
|-weather|Hail|[upkeep]
|-damage|p1a: Garchomp|55/100|[from] Hail
|-heal|p1a: Garchomp|61/100|[from] item: Leftovers
|upkeep
|turn|24
|
|t:|1661710750
|move|p2a: Ninetales|Freeze-Dry|p1a: Garchomp
|-supereffective|p1a: Garchomp
|-damage|p1a: Garchomp|4/100
|move|p1a: Garchomp|Toxic|p2a: Ninetales
|-status|p2a: Ninetales|tox
|
|-weather|Hail|[upkeep]
|-damage|p1a: Garchomp|0 fnt|[from] Hail
|faint|p1a: Garchomp
|-damage|p2a: Ninetales|70/100 tox|[from] psn
|upkeep
|
|t:|1661710758
|switch|p1a: Slowbro|Slowbro, M|77/100
|turn|25
|
|t:|1661710761
|switch|p1a: Weavile|Weavile, M|100/100
|-ability|p1a: Weavile|Pressure
|move|p2a: Ninetales|Freeze-Dry|p1a: Weavile
|-resisted|p1a: Weavile
|-damage|p1a: Weavile|86/100
|
|-weather|none
|-damage|p2a: Ninetales|58/100 tox|[from] psn
|upkeep
|turn|26
|
|t:|1661710767
|switch|p1a: Slowbro|Slowbro, M|100/100
|move|p2a: Ninetales|Moonblast|p1a: Slowbro
|-damage|p1a: Slowbro|73/100
|
|-damage|p2a: Ninetales|40/100 tox|[from] psn
|upkeep
|turn|27
|l| Neverladding
|
|t:|1661710776
|switch|p1a: Weavile|Weavile, M|86/100
|-ability|p1a: Weavile|Pressure
|move|p2a: Ninetales|Freeze-Dry|p1a: Weavile
|-resisted|p1a: Weavile
|-damage|p1a: Weavile|71/100
|
|-damage|p2a: Ninetales|16/100 tox|[from] psn
|upkeep
|turn|28
|
|t:|1661710780
|move|p1a: Weavile|Knock Off|p2a: Ninetales
|-resisted|p2a: Ninetales
|-damage|p2a: Ninetales|2/100 tox
|-enditem|p2a: Ninetales|Light Clay|[from] move: Knock Off|[of] p1a: Weavile
|move|p2a: Ninetales|Freeze-Dry|p1a: Weavile
|-resisted|p1a: Weavile
|-damage|p1a: Weavile|56/100
|
|-damage|p2a: Ninetales|0 fnt|[from] psn
|faint|p2a: Ninetales
|upkeep
|
|t:|1661710783
|switch|p2a: Blaziken|Blaziken, F|100/100
|-damage|p2a: Blaziken|88/100|[from] Stealth Rock
|-item|p2a: Blaziken|Air Balloon
|turn|29
|
|t:|1661710785
|switch|p1a: Slowbro|Slowbro, M|100/100
|move|p2a: Blaziken|Swords Dance|p2a: Blaziken
|-boost|p2a: Blaziken|atk|2
|
|-sideend|p2: Meracx|move: Aurora Veil
|-ability|p2a: Blaziken|Speed Boost|boost
|-boost|p2a: Blaziken|spe|1
|upkeep
|turn|30
|j| leona misa
|
|t:|1661710789
|move|p2a: Blaziken|Swords Dance|p2a: Blaziken
|-boost|p2a: Blaziken|atk|2
|move|p1a: Slowbro|Future Sight|p2a: Blaziken
|-start|p1a: Slowbro|move: Future Sight
|
|-ability|p2a: Blaziken|Speed Boost|boost
|-boost|p2a: Blaziken|spe|1
|upkeep
|turn|31
|
|t:|1661710791
|move|p2a: Blaziken|Knock Off|p1a: Slowbro
|-supereffective|p1a: Slowbro
|-damage|p1a: Slowbro|23/100
|move|p1a: Slowbro|Body Press|p2a: Blaziken
|-damage|p2a: Blaziken|47/100
|-enditem|p2a: Blaziken|Air Balloon
|
|-ability|p2a: Blaziken|Speed Boost|boost
|-boost|p2a: Blaziken|spe|1
|upkeep
|turn|32
|-message|Meracx forfeited.
|
|win|LT94JE Dasmer
|raw|LT94JE Dasmer's rating: 1965 &rarr; <strong>1977</strong><br />(+12 for winning)
|raw|Meracx's rating: 1821 &rarr; <strong>1809</strong><br />(-12 for losing)
|l|☆Meracx
|j| ilcavalierebianco
|l| leona misa
||Ladder isn't responding, score probably updated but might not have (Request timeout).
