|j|☆legitteambuilder
|j|☆Batsumi
|t:|1616411634
|player|p1|legitteambuilder|lance|1773
|player|p2|Batsumi|skier|1672
|teamsize|p1|6
|teamsize|p2|6
|gametype|singles
|gen|8
|tier|[Gen 8] OU
|rated|
|clearpoke
|poke|p1|Heatran, M|
|poke|p1|Dragapult, M|
|poke|p1|Corviknight, M|
|poke|p1|Tapu Lele|
|poke|p1|Garchomp, F|
|poke|p1|Ferrothorn, F|
|poke|p2|Ferrothorn, M|
|poke|p2|Zapdos|
|poke|p2|Blacephalon|
|poke|p2|Clefable, F|
|poke|p2|Urshifu-*, M|
|poke|p2|Landorus-Therian, M|
|rule|Sleep Clause Mod: Limit one foe put to sleep
|rule|Species Clause: Limit one of each Pokémon
|rule|OHKO Clause: OHKO moves are banned
|rule|Evasion Moves Clause: Evasion moves are banned
|rule|Endless Battle Clause: Forcing endless battles is banned
|rule|HP Percentage Mod: HP is shown in percentages
|rule|Dynamax Clause: You cannot dynamax
|teampreview
|
|t:|1616411667
|start
|switch|p1a: phrog|Heatran, M, shiny|100/100
|switch|p2a: Ferrothorn|Ferrothorn, M|100/100
|turn|1
|
|t:|1616411679
|move|p2a: Ferrothorn|Protect|p2a: Ferrothorn
|-singleturn|p2a: Ferrothorn|Protect
|move|p1a: phrog|Stealth Rock|p2a: Ferrothorn
|-sidestart|p2: Batsumi|move: Stealth Rock
|
|upkeep
|turn|2
|
|t:|1616411684
|switch|p2a: Clefable|Clefable, F|100/100
|move|p1a: phrog|Magma Storm|p2a: Clefable|[miss]
|-miss|p1a: phrog|p2a: Clefable
|
|upkeep
|turn|3
|
|t:|1616411706
|switch|p1a: Tapu Lele|Tapu Lele|100/100
|-fieldstart|move: Psychic Terrain|[from] ability: Psychic Surge|[of] p1a: Tapu Lele
|move|p2a: Clefable|Teleport|p2a: Clefable
|
|t:|1616411723
|switch|p2a: Ferrothorn|Ferrothorn, M|100/100|[from]move: Teleport
|-damage|p2a: Ferrothorn|94/100|[from] Stealth Rock
|
|-heal|p2a: Ferrothorn|100/100|[from] item: Leftovers
|upkeep
|turn|4
|
|t:|1616411730
|switch|p1a: phrog|Heatran, M, shiny|100/100
|move|p2a: Ferrothorn|Protect||[still]
|-fail|p2a: Ferrothorn
|
|upkeep
|turn|5
|
|t:|1616411735
|move|p2a: Ferrothorn|Protect|p2a: Ferrothorn
|-singleturn|p2a: Ferrothorn|Protect
|move|p1a: phrog|Magma Storm|p2a: Ferrothorn
|-activate|p2a: Ferrothorn|move: Protect
|
|upkeep
|turn|6
|
|t:|1616411741
|switch|p2a: Clefable|Clefable, F|100/100
|move|p1a: phrog|Magma Storm|p2a: Clefable
|-damage|p2a: Clefable|59/100
|-activate|p2a: Clefable|move: Magma Storm|[of] p1a: phrog
|
|-heal|p2a: Clefable|65/100|[from] item: Leftovers
|upkeep
|turn|7
|
|t:|1616411764
|switch|p1a: Ferrothorn|Ferrothorn, F|100/100
|move|p2a: Clefable|Protect||[still]
|-fail|p2a: Clefable
|
|-heal|p2a: Clefable|72/100|[from] item: Leftovers
|-end|p2a: Clefable|Magma Storm|[partiallytrapped]|[silent]
|-fieldend|move: Psychic Terrain
|upkeep
|turn|8
|
|t:|1616411777
|switch|p2a: Ferrothorn|Ferrothorn, M|100/100
|-damage|p2a: Ferrothorn|94/100|[from] Stealth Rock
|move|p1a: Ferrothorn|Knock Off|p2a: Ferrothorn
|-damage|p2a: Ferrothorn|81/100
|-damage|p1a: Ferrothorn|88/100|[from] ability: Iron Barbs|[of] p2a: Ferrothorn
|-enditem|p2a: Ferrothorn|Leftovers|[from] move: Knock Off|[of] p1a: Ferrothorn
|
|-heal|p1a: Ferrothorn|94/100|[from] item: Leftovers
|upkeep
|turn|9
|
|t:|1616411787
|move|p1a: Ferrothorn|Spikes|p2a: Ferrothorn
|-sidestart|p2: Batsumi|Spikes
|move|p2a: Ferrothorn|Stealth Rock|p1a: Ferrothorn
|-sidestart|p1: legitteambuilder|move: Stealth Rock
|
|-heal|p1a: Ferrothorn|100/100|[from] item: Leftovers
|upkeep
|turn|10
|
|t:|1616411792
|move|p1a: Ferrothorn|Spikes|p2a: Ferrothorn
|-sidestart|p2: Batsumi|Spikes
|move|p2a: Ferrothorn|Knock Off|p1a: Ferrothorn
|-damage|p1a: Ferrothorn|88/100
|-damage|p2a: Ferrothorn|68/100|[from] ability: Iron Barbs|[of] p1a: Ferrothorn
|-enditem|p1a: Ferrothorn|Leftovers|[from] move: Knock Off|[of] p2a: Ferrothorn
|
|upkeep
|turn|11
|j| BabyPigsAreLaughin
|
|t:|1616411801
|switch|p2a: Zapdos|Zapdos|100/100
|move|p1a: Ferrothorn|Toxic|p2a: Zapdos
|-status|p2a: Zapdos|tox
|
|-damage|p2a: Zapdos|94/100 tox|[from] psn
|upkeep
|turn|12
|j| eggbome3
|
|t:|1616411808
|move|p2a: Zapdos|Heat Wave|p1a: Ferrothorn
|-supereffective|p1a: Ferrothorn
|-damage|p1a: Ferrothorn|0 fnt
|faint|p1a: Ferrothorn
|
|-damage|p2a: Zapdos|82/100 tox|[from] psn
|upkeep
|
|t:|1616411810
|switch|p1a: Garchomp|Garchomp, F|100/100
|-damage|p1a: Garchomp|94/100|[from] Stealth Rock
|turn|13
|
|t:|1616411816
|move|p1a: Garchomp|Swords Dance|p1a: Garchomp
|-boost|p1a: Garchomp|atk|2
|move|p2a: Zapdos|Toxic|p1a: Garchomp
|-status|p1a: Garchomp|tox
|
|-damage|p1a: Garchomp|88/100 tox|[from] psn
|-damage|p2a: Zapdos|64/100 tox|[from] psn
|upkeep
|turn|14
|j| angrrry
|
|t:|1616411854
|move|p1a: Garchomp|Stone Edge|p2a: Zapdos|[miss]
|-miss|p1a: Garchomp|p2a: Zapdos
|move|p2a: Zapdos|Heat Wave|p1a: Garchomp
|-resisted|p1a: Garchomp
|-damage|p1a: Garchomp|70/100 tox
|
|-damage|p1a: Garchomp|58/100 tox|[from] psn
|-damage|p2a: Zapdos|40/100 tox|[from] psn
|upkeep
|turn|15
|
|t:|1616411867
|move|p1a: Garchomp|Scale Shot|p2a: Zapdos
|-crit|p2a: Zapdos
|-damage|p2a: Zapdos|0 fnt
|-hitcount|p2a: Zapdos|1
|-unboost|p1a: Garchomp|def|1
|-boost|p1a: Garchomp|spe|1
|-damage|p1a: Garchomp|48/100 tox|[from] item: Life Orb
|faint|p2a: Zapdos
|
|-damage|p1a: Garchomp|30/100 tox|[from] psn
|upkeep
|
|t:|1616411907
|switch|p2a: Ferrothorn|Ferrothorn, M|68/100
|-damage|p2a: Ferrothorn|52/100|[from] Spikes
|-damage|p2a: Ferrothorn|45/100|[from] Stealth Rock
|turn|16
|
|t:|1616411912
|move|p2a: Ferrothorn|Protect|p2a: Ferrothorn
|-singleturn|p2a: Ferrothorn|Protect
|move|p1a: Garchomp|Stone Edge|p2a: Ferrothorn
|-activate|p2a: Ferrothorn|move: Protect
|
|-damage|p1a: Garchomp|5/100 tox|[from] psn
|upkeep
|turn|17
|
|t:|1616411919
|switch|p2a: Landorus|Landorus-Therian, M|100/100
|-damage|p2a: Landorus|88/100|[from] Stealth Rock
|-ability|p2a: Landorus|Intimidate|boost
|-unboost|p1a: Garchomp|atk|1
|move|p1a: Garchomp|Stone Edge|p2a: Landorus
|-damage|p2a: Landorus|31/100
|-damage|p1a: Garchomp|0 fnt|[from] item: Life Orb
|faint|p1a: Garchomp
|
|-heal|p2a: Landorus|37/100|[from] item: Leftovers
|upkeep
|j| Beat Beat Blunder
|
|t:|1616411933
|switch|p1a: Tapu Lele|Tapu Lele|100/100
|-damage|p1a: Tapu Lele|88/100|[from] Stealth Rock
|-fieldstart|move: Psychic Terrain|[from] ability: Psychic Surge|[of] p1a: Tapu Lele
|turn|18
|
|t:|1616411943
|switch|p2a: Ferrothorn|Ferrothorn, M|45/100
|-damage|p2a: Ferrothorn|39/100|[from] Stealth Rock
|-damage|p2a: Ferrothorn|23/100|[from] Spikes
|move|p1a: Tapu Lele|Psychic|p2a: Ferrothorn
|-resisted|p2a: Ferrothorn
|-damage|p2a: Ferrothorn|0 fnt
|faint|p2a: Ferrothorn
|
|upkeep
|j| stanforkyogre
|c| stanforkyogre|e
|
|t:|1616411954
|switch|p2a: Urshifu|Urshifu-Rapid-Strike, M|100/100
|-damage|p2a: Urshifu|84/100|[from] Spikes
|-damage|p2a: Urshifu|78/100|[from] Stealth Rock
|turn|19
|c| stanforkyogre|stan for kyogre
|c| stanforkyogre|hmm
|c|☆legitteambuilder|e
|c| stanforkyogre|chip
|c| Beat Beat Blunder|e
|c| stanforkyogre|damage
|
|t:|1616411982
|switch|p1a: no zone pls :(|Corviknight, M, shiny|100/100
|-damage|p1a: no zone pls :(|88/100|[from] Stealth Rock
|-ability|p1a: no zone pls :(|Pressure
|move|p2a: Urshifu|Surging Strikes|p1a: no zone pls :(
|-crit|p1a: no zone pls :(
|-damage|p1a: no zone pls :(|69/100
|-crit|p1a: no zone pls :(
|-damage|p1a: no zone pls :(|50/100
|-crit|p1a: no zone pls :(
|-damage|p1a: no zone pls :(|30/100
|-hitcount|p1a: no zone pls :(|3
|
|-heal|p1a: no zone pls :(|36/100|[from] item: Leftovers
|upkeep
|turn|20
|c| eggbome3|i'm your fan leget
|c| stanforkyogre|hmm
|c| stanforkyogre|'
|
|t:|1616411994
|move|p2a: Urshifu|Surging Strikes|p1a: no zone pls :(
|-crit|p1a: no zone pls :(
|-damage|p1a: no zone pls :(|17/100
|-crit|p1a: no zone pls :(
|-damage|p1a: no zone pls :(|0 fnt
|-hitcount|p1a: no zone pls :(|2
|faint|p1a: no zone pls :(
|
|upkeep
|c| stanforkyogre|sack
|
|t:|1616411997
|switch|p1a: draga deez nuts|Dragapult, M, shiny|100/100
|-damage|p1a: draga deez nuts|88/100|[from] Stealth Rock
|turn|21
|c| stanforkyogre|F
|
|t:|1616412005
|switch|p2a: Clefable|Clefable, F|72/100
|move|p1a: draga deez nuts|U-turn|p2a: Clefable
|-resisted|p2a: Clefable
|-crit|p2a: Clefable
|-damage|p2a: Clefable|56/100
|c| stanforkyogre|lmao
|
|t:|1616412009
|switch|p1a: Tapu Lele|Tapu Lele|88/100|[from]move: U-turn
|-damage|p1a: Tapu Lele|76/100|[from] Stealth Rock
|
|-heal|p2a: Clefable|62/100|[from] item: Leftovers
|upkeep
|turn|22
|c| stanforkyogre|draga deez nuts
|
|t:|1616412015
|move|p2a: Clefable|Protect|p2a: Clefable
|-singleturn|p2a: Clefable|Protect
|move|p1a: Tapu Lele|Psychic|p2a: Clefable
|-activate|p2a: Clefable|move: Protect
|
|-heal|p2a: Clefable|69/100|[from] item: Leftovers
|-fieldend|move: Psychic Terrain
|upkeep
|turn|23
|
|t:|1616412023
|move|p1a: Tapu Lele|Psychic|p2a: Clefable
|-damage|p2a: Clefable|22/100
|move|p2a: Clefable|Wish|p2a: Clefable
|
|-heal|p2a: Clefable|28/100|[from] item: Leftovers
|upkeep
|turn|24
|c| stanforkyogre|yikes
|
|t:|1616412036
|switch|p1a: phrog|Heatran, M, shiny|100/100
|-damage|p1a: phrog|88/100|[from] Stealth Rock
|move|p2a: Clefable|Protect||[still]
|-fail|p2a: Clefable
|
|-heal|p2a: Clefable|78/100|[from] move: Wish|[wisher] Clefable
|-heal|p1a: phrog|94/100|[from] item: Leftovers
|-heal|p2a: Clefable|84/100|[from] item: Leftovers
|upkeep
|turn|25
|
|t:|1616412049
|switch|p1a: draga deez nuts|Dragapult, M, shiny|88/100
|-damage|p1a: draga deez nuts|76/100|[from] Stealth Rock
|move|p2a: Clefable|Moonblast|p1a: draga deez nuts
|-supereffective|p1a: draga deez nuts
|-damage|p1a: draga deez nuts|0 fnt
|faint|p1a: draga deez nuts
|
|-heal|p2a: Clefable|90/100|[from] item: Leftovers
|upkeep
|c|☆legitteambuilder|huh
|c|☆legitteambuilder|gg tho
|-message|legitteambuilder forfeited.
|
|win|Batsumi
|raw|legitteambuilder's rating: 1773 &rarr; <strong>1747</strong><br />(-26 for losing)
|raw|Batsumi's rating: 1672 &rarr; <strong>1698</strong><br />(+26 for winning)
|l|☆legitteambuilder
