|html|<div class="broadcast-blue"><strong>[Gen 8] OU is currently suspecting Melmetal! For information on how to participate check out the <a href="https://www.smogon.com/forums/threads/np-ss-ou-suspect-process-round-12-monster-mash.3709234/">suspect thread</a>.</strong></div>
|j|☆OUTD RubenPaCe
|j|☆HQSNonsense
|t:|1666445310
|gametype|singles
|player|p1|OUTD RubenPaCe|n|1644
|player|p2|HQSNonsense|veteranf|1667
|teamsize|p1|6
|teamsize|p2|6
|gen|8
|tier|[Gen 8] OU
|rated|
|rule|Sleep Clause Mod: Limit one foe put to sleep
|rule|Species Clause: Limit one of each Pokémon
|rule|OHKO Clause: OHKO moves are banned
|rule|Evasion Items Clause: Evasion items are banned
|rule|Evasion Moves Clause: Evasion moves are banned
|rule|Endless Battle Clause: Forcing endless battles is banned
|rule|HP Percentage Mod: HP is shown in percentages
|rule|Dynamax Clause: You cannot dynamax
|clearpoke
|poke|p1|Tyranitar, M|
|poke|p1|Excadrill, F|
|poke|p1|Tornadus-Therian, M|
|poke|p1|Ditto|
|poke|p1|Gastrodon-East, M|
|poke|p1|Melmetal|
|poke|p2|Melmetal|
|poke|p2|Urshifu-*, M|
|poke|p2|Tapu Lele|
|poke|p2|Landorus-Therian, M|
|poke|p2|Zapdos|
|poke|p2|Volcanion|
|teampreview
|j| RazorForce21
|inactive|Battle timer is ON: inactive players will automatically lose when time's up. (requested by HQSNonsense)
|
|t:|1666445325
|start
|switch|p1a: Tornadus|Tornadus-Therian, M|100/100
|switch|p2a: Urshifu|Urshifu-Rapid-Strike, M|100/100
|turn|1
|
|t:|1666445330
|switch|p2a: Zapdos|Zapdos|100/100
|move|p1a: Tornadus|Hurricane|p2a: Zapdos|[miss]
|-miss|p1a: Tornadus|p2a: Zapdos
|
|upkeep
|turn|2
|
|t:|1666445336
|switch|p1a: Tyranitar|Tyranitar, M|100/100
|-weather|Sandstorm|[from] ability: Sand Stream|[of] p1a: Tyranitar
|move|p2a: Zapdos|Hurricane|p1a: Tyranitar
|-resisted|p1a: Tyranitar
|-damage|p1a: Tyranitar|86/100
|
|-weather|Sandstorm|[upkeep]
|-damage|p2a: Zapdos|94/100|[from] Sandstorm
|upkeep
|turn|3
|
|t:|1666445342
|switch|p2a: Landorus|Landorus-Therian, M|100/100
|-ability|p2a: Landorus|Intimidate|boost
|-unboost|p1a: Tyranitar|atk|1
|move|p1a: Tyranitar|Ice Punch|p2a: Landorus
|-supereffective|p2a: Landorus
|-damage|p2a: Landorus|27/100
|
|-weather|Sandstorm|[upkeep]
|-heal|p2a: Landorus|33/100|[from] item: Leftovers
|upkeep
|turn|4
|j| zhuzi
|
|t:|1666445366
|move|p1a: Tyranitar|Ice Punch|p2a: Landorus
|-supereffective|p2a: Landorus
|-damage|p2a: Landorus|0 fnt
|faint|p2a: Landorus
|
|-weather|Sandstorm|[upkeep]
|upkeep
|
|t:|1666445372
|switch|p2a: Urshifu|Urshifu-Rapid-Strike, M|100/100
|turn|5
|
|t:|1666445378
|switch|p1a: Gastrodon|Gastrodon-East, M|100/100
|move|p2a: Urshifu|Surging Strikes|p1a: Gastrodon
|-ability|p1a: Gastrodon|Storm Drain|boost
|-boost|p1a: Gastrodon|spa|1
|
|-weather|Sandstorm|[upkeep]
|-damage|p2a: Urshifu|94/100|[from] Sandstorm
|upkeep
|turn|6
|
|t:|1666445386
|switch|p2a: Tapu Lele|Tapu Lele|100/100
|-fieldstart|move: Psychic Terrain|[from] ability: Psychic Surge|[of] p2a: Tapu Lele
|move|p1a: Gastrodon|Toxic|p2a: Tapu Lele
|-status|p2a: Tapu Lele|tox
|
|-weather|none
|-damage|p2a: Tapu Lele|94/100 tox|[from] psn
|upkeep
|turn|7
|
|t:|1666445404
|move|p2a: Tapu Lele|Future Sight|p1a: Gastrodon
|-start|p2a: Tapu Lele|move: Future Sight
|move|p1a: Gastrodon|Scald|p2a: Tapu Lele
|-damage|p2a: Tapu Lele|49/100 tox
|
|-damage|p2a: Tapu Lele|37/100 tox|[from] psn
|upkeep
|turn|8
|
|t:|1666445410
|switch|p2a: Urshifu|Urshifu-Rapid-Strike, M|94/100
|move|p1a: Gastrodon|Earth Power|p2a: Urshifu
|-damage|p2a: Urshifu|27/100
|
|upkeep
|turn|9
|
|t:|1666445420
|switch|p1a: Tornadus|Tornadus-Therian, M|100/100
|move|p2a: Urshifu|Close Combat|p1a: Tornadus
|-resisted|p1a: Tornadus
|-damage|p1a: Tornadus|43/100
|-unboost|p2a: Urshifu|def|1
|-unboost|p2a: Urshifu|spd|1
|
|-end|p1a: Tornadus|move: Future Sight
|-damage|p1a: Tornadus|0 fnt
|faint|p1a: Tornadus
|upkeep
|
|t:|1666445425
|switch|p1a: Ditto|Ditto, shiny|100/100
|-transform|p1a: Ditto|p2a: Urshifu|[from] ability: Imposter
|turn|10
|
|t:|1666445432
|switch|p1a: Gastrodon|Gastrodon-East, M|100/100
|switch|p2a: Zapdos|Zapdos|94/100
|
|-fieldend|move: Psychic Terrain
|upkeep
|turn|11
|
|t:|1666445446
|switch|p2a: Urshifu|Urshifu-Rapid-Strike, M|27/100
|move|p1a: Gastrodon|Toxic|p2a: Urshifu
|-status|p2a: Urshifu|tox
|
|-damage|p2a: Urshifu|20/100 tox|[from] psn
|upkeep
|turn|12
|
|t:|1666445451
|move|p2a: Urshifu|Close Combat|p1a: Gastrodon
|-damage|p1a: Gastrodon|24/100
|-unboost|p2a: Urshifu|def|1
|-unboost|p2a: Urshifu|spd|1
|-damage|p2a: Urshifu|4/100 tox|[from] item: Rocky Helmet|[of] p1a: Gastrodon
|move|p1a: Gastrodon|Recover|p1a: Gastrodon
|-heal|p1a: Gastrodon|74/100
|
|-damage|p2a: Urshifu|0 fnt|[from] psn
|faint|p2a: Urshifu
|upkeep
|
|t:|1666445462
|switch|p2a: Tapu Lele|Tapu Lele|37/100 tox
|-fieldstart|move: Psychic Terrain|[from] ability: Psychic Surge|[of] p2a: Tapu Lele
|turn|13
|
|t:|1666445466
|switch|p1a: Tyranitar|Tyranitar, M|86/100
|-weather|Sandstorm|[from] ability: Sand Stream|[of] p1a: Tyranitar
|move|p2a: Tapu Lele|Psyshock|p1a: Tyranitar
|-immune|p1a: Tyranitar
|
|-weather|Sandstorm|[upkeep]
|-damage|p2a: Tapu Lele|31/100 tox|[from] Sandstorm
|-damage|p2a: Tapu Lele|25/100 tox|[from] psn
|upkeep
|turn|14
|j| gerald.jones061
|
|t:|1666445472
|switch|p2a: Melmetal|Melmetal|100/100
|move|p1a: Tyranitar|Earthquake|p2a: Melmetal
|-supereffective|p2a: Melmetal
|-damage|p2a: Melmetal|56/100
|
|-weather|Sandstorm|[upkeep]
|-heal|p2a: Melmetal|62/100|[from] item: Leftovers
|upkeep
|turn|15
|
|t:|1666445482
|switch|p1a: Excadrill|Excadrill, F|100/100
|-item|p1a: Excadrill|Air Balloon
|move|p2a: Melmetal|Toxic|p1a: Excadrill
|-immune|p1a: Excadrill
|
|-weather|Sandstorm|[upkeep]
|-heal|p2a: Melmetal|68/100|[from] item: Leftovers
|upkeep
|turn|16
|
|t:|1666445487
|move|p1a: Excadrill|Swords Dance|p1a: Excadrill
|-boost|p1a: Excadrill|atk|2
|move|p2a: Melmetal|Double Iron Bash|p1a: Excadrill
|-resisted|p1a: Excadrill
|-damage|p1a: Excadrill|69/100
|-enditem|p1a: Excadrill|Air Balloon
|-resisted|p1a: Excadrill
|-damage|p1a: Excadrill|37/100
|-hitcount|p1a: Excadrill|2
|
|-weather|Sandstorm|[upkeep]
|-heal|p2a: Melmetal|75/100|[from] item: Leftovers
|upkeep
|turn|17
|
|t:|1666445496
|switch|p2a: Zapdos|Zapdos|94/100
|move|p1a: Excadrill|Iron Head|p2a: Zapdos
|-resisted|p2a: Zapdos
|-damage|p2a: Zapdos|66/100
|-status|p1a: Excadrill|par|[from] ability: Static|[of] p2a: Zapdos
|
|-weather|none
|-fieldend|move: Psychic Terrain
|upkeep
|turn|18
|
|t:|1666445503
|move|p2a: Zapdos|Roost|p2a: Zapdos
|-heal|p2a: Zapdos|100/100
|-singleturn|p2a: Zapdos|move: Roost
|cant|p1a: Excadrill|par
|
|upkeep
|turn|19
|
|t:|1666445510
|move|p2a: Zapdos|Hurricane|p1a: Excadrill
|-resisted|p1a: Excadrill
|-damage|p1a: Excadrill|4/100 par
|move|p1a: Excadrill|Rapid Spin|p2a: Zapdos
|-damage|p2a: Zapdos|72/100
|-boost|p1a: Excadrill|spe|1
|
|upkeep
|turn|20
|
|t:|1666445515
|move|p2a: Zapdos|Hurricane|p1a: Excadrill
|-resisted|p1a: Excadrill
|-damage|p1a: Excadrill|0 fnt
|faint|p1a: Excadrill
|
|upkeep
|
|t:|1666445518
|switch|p1a: Ditto|Ditto, shiny|100/100
|-transform|p1a: Ditto|p2a: Zapdos|[from] ability: Imposter
|turn|21
|
|t:|1666445522
|move|p1a: Ditto|Discharge|p2a: Zapdos
|-damage|p2a: Zapdos|41/100
|move|p2a: Zapdos|Roost|p2a: Zapdos
|-heal|p2a: Zapdos|92/100
|-singleturn|p2a: Zapdos|move: Roost
|
|upkeep
|turn|22
|
|t:|1666445526
|switch|p1a: Gastrodon|Gastrodon-East, M|74/100
|move|p2a: Zapdos|Hurricane|p1a: Gastrodon
|-damage|p1a: Gastrodon|34/100
|-start|p1a: Gastrodon|confusion
|
|upkeep
|turn|23
|
|t:|1666445531
|switch|p1a: Tyranitar|Tyranitar, M|86/100
|-weather|Sandstorm|[from] ability: Sand Stream|[of] p1a: Tyranitar
|move|p2a: Zapdos|Hurricane|p1a: Tyranitar
|-resisted|p1a: Tyranitar
|-damage|p1a: Tyranitar|70/100
|-start|p1a: Tyranitar|confusion
|
|-weather|Sandstorm|[upkeep]
|-damage|p2a: Zapdos|86/100|[from] Sandstorm
|upkeep
|turn|24
|
|t:|1666445538
|switch|p2a: Melmetal|Melmetal|75/100
|-activate|p1a: Tyranitar|confusion
|-damage|p1a: Tyranitar|56/100|[from] confusion
|
|-weather|Sandstorm|[upkeep]
|-heal|p2a: Melmetal|81/100|[from] item: Leftovers
|upkeep
|turn|25
|
|t:|1666445551
|-activate|p1a: Tyranitar|confusion
|move|p1a: Tyranitar|Earthquake|p2a: Melmetal
|-supereffective|p2a: Melmetal
|-damage|p2a: Melmetal|37/100
|move|p2a: Melmetal|Earthquake|p1a: Tyranitar
|-supereffective|p1a: Tyranitar
|-damage|p1a: Tyranitar|0 fnt
|faint|p1a: Tyranitar
|
|-weather|Sandstorm|[upkeep]
|-heal|p2a: Melmetal|43/100|[from] item: Leftovers
|upkeep
|
|t:|1666445555
|switch|p1a: Ditto|Ditto, shiny|100/100
|-transform|p1a: Ditto|p2a: Melmetal|[from] ability: Imposter
|turn|26
|
|t:|1666445561
|switch|p2a: Zapdos|Zapdos|86/100
|move|p1a: Ditto|Earthquake|p2a: Zapdos
|-immune|p2a: Zapdos
|
|-weather|Sandstorm|[upkeep]
|-damage|p2a: Zapdos|80/100|[from] Sandstorm
|upkeep
|turn|27
|
|t:|1666445569
|switch|p2a: Volcanion|Volcanion|100/100
|switch|p1a: Melmetal|Melmetal|100/100
|
|-weather|none
|upkeep
|turn|28
|
|t:|1666445577
|move|p2a: Volcanion|Flamethrower|p1a: Melmetal
|-supereffective|p1a: Melmetal
|-damage|p1a: Melmetal|20/100
|move|p1a: Melmetal|Earthquake|p2a: Volcanion
|-supereffective|p2a: Volcanion
|-damage|p2a: Volcanion|22/100
|
|-heal|p1a: Melmetal|26/100|[from] item: Leftovers
|upkeep
|turn|29
|
|t:|1666445580
|move|p1a: Melmetal|Protect|p1a: Melmetal
|-singleturn|p1a: Melmetal|Protect
|move|p2a: Volcanion|Earth Power|p1a: Melmetal
|-activate|p1a: Melmetal|move: Protect
|
|-heal|p1a: Melmetal|33/100|[from] item: Leftovers
|upkeep
|turn|30
|
|t:|1666445584
|move|p2a: Volcanion|Earth Power|p1a: Melmetal
|-supereffective|p1a: Melmetal
|-damage|p1a: Melmetal|0 fnt
|faint|p1a: Melmetal
|
|upkeep
|
|t:|1666445588
|switch|p1a: Ditto|Ditto, shiny|100/100
|-transform|p1a: Ditto|p2a: Volcanion|[from] ability: Imposter
|turn|31
|
|t:|1666445619
|switch|p2a: Melmetal|Melmetal|43/100
|move|p1a: Ditto|Flamethrower|p2a: Melmetal
|-supereffective|p2a: Melmetal
|-damage|p2a: Melmetal|0 fnt
|faint|p2a: Melmetal
|
|upkeep
|
|t:|1666445627
|switch|p2a: Volcanion|Volcanion|22/100
|turn|32
|
|t:|1666445630
|switch|p1a: Gastrodon|Gastrodon-East, M|34/100
|move|p2a: Volcanion|Earth Power|p1a: Gastrodon
|-damage|p1a: Gastrodon|6/100
|
|upkeep
|turn|33
|
|t:|1666445632
|move|p2a: Volcanion|Earth Power|p1a: Gastrodon
|-damage|p1a: Gastrodon|0 fnt
|faint|p1a: Gastrodon
|
|upkeep
|
|t:|1666445634
|switch|p1a: Ditto|Ditto, shiny|100/100
|-transform|p1a: Ditto|p2a: Volcanion|[from] ability: Imposter
|turn|34
|
|t:|1666445643
|move|p1a: Ditto|Sludge Wave|p2a: Volcanion
|-damage|p2a: Volcanion|0 fnt
|faint|p2a: Volcanion
|
|upkeep
|
|t:|1666445647
|switch|p2a: Zapdos|Zapdos|80/100
|turn|35
|
|t:|1666445649
|move|p1a: Ditto|Sludge Wave|p2a: Zapdos
|-damage|p2a: Zapdos|49/100
|move|p2a: Zapdos|Roost|p2a: Zapdos
|-heal|p2a: Zapdos|99/100
|-singleturn|p2a: Zapdos|move: Roost
|
|upkeep
|turn|36
|
|t:|1666445653
|move|p1a: Ditto|Sludge Wave|p2a: Zapdos
|-damage|p2a: Zapdos|67/100
|move|p2a: Zapdos|Roost|p2a: Zapdos
|-heal|p2a: Zapdos|100/100
|-singleturn|p2a: Zapdos|move: Roost
|
|upkeep
|turn|37
|
|t:|1666445660
|move|p1a: Ditto|Sludge Wave|p2a: Zapdos
|-damage|p2a: Zapdos|66/100
|move|p2a: Zapdos|Roost|p2a: Zapdos
|-heal|p2a: Zapdos|100/100
|-singleturn|p2a: Zapdos|move: Roost
|
|upkeep
|turn|38
|
|t:|1666445663
|move|p1a: Ditto|Sludge Wave|p2a: Zapdos
|-damage|p2a: Zapdos|69/100
|move|p2a: Zapdos|Roost|p2a: Zapdos
|-heal|p2a: Zapdos|100/100
|-singleturn|p2a: Zapdos|move: Roost
|
|upkeep
|turn|39
|
|t:|1666445665
|-activate|p1a: Ditto|move: Struggle
|move|p1a: Ditto|Struggle|p2a: Zapdos
|-damage|p2a: Zapdos|93/100
|-status|p1a: Ditto|par|[from] ability: Static|[of] p2a: Zapdos
|-damage|p1a: Ditto|75/100 par|[from] recoil
|move|p2a: Zapdos|Roost|p2a: Zapdos
|-heal|p2a: Zapdos|100/100
|-singleturn|p2a: Zapdos|move: Roost
|
|upkeep
|turn|40
|-message|OUTD RubenPaCe forfeited.
|
|win|HQSNonsense
|raw|OUTD RubenPaCe's rating: 1644 &rarr; <strong>1625</strong><br />(-19 for losing)
|raw|HQSNonsense's rating: 1667 &rarr; <strong>1686</strong><br />(+19 for winning)
|j| CanUrepeat
|l|☆OUTD RubenPaCe
