|j|☆lt91bb FJ2K
|j|☆user1_ou
|t:|1659285481
|gametype|singles
|player|p1|lt91bb FJ2K|2|1728
|player|p2|user1_ou|eusine|1760
|teamsize|p1|6
|teamsize|p2|6
|gen|8
|tier|[Gen 8] OU
|rated|
|rule|Sleep Clause Mod: Limit one foe put to sleep
|rule|Species Clause: Limit one of each Pokémon
|rule|OHKO Clause: OHKO moves are banned
|rule|Evasion Moves Clause: Evasion moves are banned
|rule|Endless Battle Clause: Forcing endless battles is banned
|rule|HP Percentage Mod: HP is shown in percentages
|rule|Dynamax Clause: You cannot dynamax
|clearpoke
|poke|p1|Tyranitar, M|
|poke|p1|Rotom-Wash|
|poke|p1|Ferrothorn, F|
|poke|p1|Excadrill, M|
|poke|p1|Dragapult, F|
|poke|p1|Clefable, F|
|poke|p2|Venusaur, F|
|poke|p2|Torkoal, F|
|poke|p2|Victini|
|poke|p2|Heatran, M|
|poke|p2|Landorus-Therian, M|
|poke|p2|Toxapex, M|
|teampreview
|inactive|Battle timer is ON: inactive players will automatically lose when time's up. (requested by lt91bb FJ2K)
|
|t:|1659285493
|start
|switch|p1a: Clefable|Clefable, F|100/100
|switch|p2a: Victini|Victini|100/100
|turn|1
|
|t:|1659285500
|move|p2a: Victini|U-turn|p1a: Clefable
|-resisted|p1a: Clefable
|-damage|p1a: Clefable|92/100
|-damage|p2a: Victini|84/100|[from] item: Rocky Helmet|[of] p1a: Clefable
|
|t:|1659285503
|switch|p2a: Landorus|Landorus-Therian, M|100/100|[from]move: U-turn
|-ability|p2a: Landorus|Intimidate|boost
|-unboost|p1a: Clefable|atk|1
|move|p1a: Clefable|Stealth Rock|p2a: Landorus
|-sidestart|p2: user1_ou|move: Stealth Rock
|
|upkeep
|turn|2
|
|t:|1659285506
|move|p2a: Landorus|Defog|p1a: Clefable
|-unboost|p1a: Clefable|evasion|1
|-sideend|p2: user1_ou|Stealth Rock|[from] move: Defog|[of] p2a: Landorus
|move|p1a: Clefable|Moonblast|p2a: Landorus
|-damage|p2a: Landorus|75/100
|
|-heal|p2a: Landorus|81/100|[from] item: Leftovers
|upkeep
|turn|3
|
|t:|1659285508
|move|p2a: Landorus|Earthquake|p1a: Clefable
|-crit|p1a: Clefable
|-damage|p1a: Clefable|38/100
|move|p1a: Clefable|Stealth Rock|p2a: Landorus
|-sidestart|p2: user1_ou|move: Stealth Rock
|
|-heal|p2a: Landorus|87/100|[from] item: Leftovers
|upkeep
|turn|4
|
|t:|1659285512
|move|p2a: Landorus|Defog|p1a: Clefable
|-unboost|p1a: Clefable|evasion|1
|-sideend|p2: user1_ou|Stealth Rock|[from] move: Defog|[of] p2a: Landorus
|move|p1a: Clefable|Soft-Boiled|p1a: Clefable
|-heal|p1a: Clefable|88/100
|
|-heal|p2a: Landorus|93/100|[from] item: Leftovers
|upkeep
|turn|5
|
|t:|1659285515
|move|p2a: Landorus|Earthquake|p1a: Clefable
|-damage|p1a: Clefable|52/100
|move|p1a: Clefable|Stealth Rock|p2a: Landorus
|-sidestart|p2: user1_ou|move: Stealth Rock
|
|-heal|p2a: Landorus|99/100|[from] item: Leftovers
|upkeep
|turn|6
|
|t:|1659285518
|move|p2a: Landorus|Defog|p1a: Clefable
|-unboost|p1a: Clefable|evasion|1
|-sideend|p2: user1_ou|Stealth Rock|[from] move: Defog|[of] p2a: Landorus
|move|p1a: Clefable|Soft-Boiled|p1a: Clefable
|-heal|p1a: Clefable|100/100
|
|-heal|p2a: Landorus|100/100|[from] item: Leftovers
|upkeep
|turn|7
|
|t:|1659285523
|switch|p2a: Torkoal|Torkoal, F|100/100
|-weather|SunnyDay|[from] ability: Drought|[of] p2a: Torkoal
|move|p1a: Clefable|Stealth Rock|p2a: Torkoal
|-sidestart|p2: user1_ou|move: Stealth Rock
|
|-weather|SunnyDay|[upkeep]
|upkeep
|turn|8
|
|t:|1659285526
|move|p1a: Clefable|Thunder Wave|p2a: Torkoal
|-status|p2a: Torkoal|par
|move|p2a: Torkoal|Rapid Spin|p1a: Clefable
|-damage|p1a: Clefable|93/100
|-boost|p2a: Torkoal|spe|1
|-damage|p2a: Torkoal|84/100 par|[from] item: Rocky Helmet|[of] p1a: Clefable
|-sideend|p2: user1_ou|Stealth Rock|[from] move: Rapid Spin|[of] p2a: Torkoal
|
|-weather|SunnyDay|[upkeep]
|upkeep
|turn|9
|
|t:|1659285529
|switch|p2a: Heatran|Heatran, M|100/100
|-item|p2a: Heatran|Air Balloon
|move|p1a: Clefable|Stealth Rock|p2a: Heatran
|-sidestart|p2: user1_ou|move: Stealth Rock
|
|-weather|SunnyDay|[upkeep]
|upkeep
|turn|10
|
|t:|1659285532
|move|p2a: Heatran|Eruption|p1a: Clefable
|-damage|p1a: Clefable|0 fnt
|faint|p1a: Clefable
|
|-weather|SunnyDay|[upkeep]
|upkeep
|
|t:|1659285539
|switch|p1a: Tyranitar|Tyranitar, M|100/100
|-weather|Sandstorm|[from] ability: Sand Stream|[of] p1a: Tyranitar
|turn|11
|
|t:|1659285543
|switch|p2a: Toxapex|Toxapex, M|100/100
|-damage|p2a: Toxapex|88/100|[from] Stealth Rock
|move|p1a: Tyranitar|Crunch|p2a: Toxapex
|-damage|p2a: Toxapex|47/100
|-enditem|p2a: Toxapex|Eject Button
|
|t:|1659285546
|switch|p2a: Landorus|Landorus-Therian, M|100/100
|-damage|p2a: Landorus|88/100|[from] Stealth Rock
|-ability|p2a: Landorus|Intimidate|boost
|-unboost|p1a: Tyranitar|atk|1
|
|-weather|Sandstorm|[upkeep]
|-heal|p2a: Landorus|94/100|[from] item: Leftovers
|upkeep
|turn|12
|
|t:|1659285549
|switch|p1a: Rotom|Rotom-Wash|100/100
|move|p2a: Landorus|Defog|p1a: Rotom
|-unboost|p1a: Rotom|evasion|1
|-sideend|p2: user1_ou|Stealth Rock|[from] move: Defog|[of] p2a: Landorus
|
|-weather|Sandstorm|[upkeep]
|-damage|p1a: Rotom|94/100|[from] Sandstorm
|-heal|p1a: Rotom|100/100|[from] item: Leftovers
|-heal|p2a: Landorus|99/100|[from] item: Leftovers
|upkeep
|turn|13
|
|t:|1659285555
|switch|p2a: Venusaur|Venusaur, F|100/100
|move|p1a: Rotom|Hydro Pump|p2a: Venusaur
|-resisted|p2a: Venusaur
|-damage|p2a: Venusaur|79/100
|
|-weather|Sandstorm|[upkeep]
|-damage|p1a: Rotom|94/100|[from] Sandstorm
|-damage|p2a: Venusaur|73/100|[from] Sandstorm
|-heal|p1a: Rotom|100/100|[from] item: Leftovers
|upkeep
|turn|14
|
|t:|1659285561
|switch|p2a: Torkoal|Torkoal, F|84/100 par
|-weather|SunnyDay|[from] ability: Drought|[of] p2a: Torkoal
|move|p1a: Rotom|Volt Switch|p2a: Torkoal
|-damage|p2a: Torkoal|49/100 par
|
|t:|1659285564
|switch|p1a: Tyranitar|Tyranitar, M|100/100|[from]move: Volt Switch
|-weather|Sandstorm|[from] ability: Sand Stream|[of] p1a: Tyranitar
|
|-weather|Sandstorm|[upkeep]
|-damage|p2a: Torkoal|43/100 par|[from] Sandstorm
|upkeep
|turn|15
|
|t:|1659285569
|switch|p2a: Landorus|Landorus-Therian, M|99/100
|-ability|p2a: Landorus|Intimidate|boost
|-unboost|p1a: Tyranitar|atk|1
|move|p1a: Tyranitar|Stone Edge|p2a: Landorus
|-damage|p2a: Landorus|42/100
|
|-weather|Sandstorm|[upkeep]
|-heal|p2a: Landorus|48/100|[from] item: Leftovers
|upkeep
|turn|16
|
|t:|1659285572
|switch|p2a: Toxapex|Toxapex, M|80/100
|move|p1a: Tyranitar|Stone Edge|p2a: Toxapex
|-damage|p2a: Toxapex|46/100
|
|-weather|Sandstorm|[upkeep]
|-damage|p2a: Toxapex|40/100|[from] Sandstorm
|upkeep
|turn|17
|
|t:|1659285575
|switch|p1a: Ferrothorn|Ferrothorn, F|100/100
|move|p2a: Toxapex|Recover|p2a: Toxapex
|-heal|p2a: Toxapex|90/100
|
|-weather|Sandstorm|[upkeep]
|-damage|p2a: Toxapex|84/100|[from] Sandstorm
|upkeep
|turn|18
|
|t:|1659285580
|switch|p2a: Torkoal|Torkoal, F|43/100 par
|-weather|SunnyDay|[from] ability: Drought|[of] p2a: Torkoal
|move|p1a: Ferrothorn|Leech Seed|p2a: Torkoal
|-start|p2a: Torkoal|move: Leech Seed
|
|-weather|SunnyDay|[upkeep]
|-damage|p2a: Torkoal|31/100 par|[from] Leech Seed|[of] p1a: Ferrothorn
|upkeep
|turn|19
|
|t:|1659285583
|switch|p1a: Dragapult|Dragapult, F|100/100
|move|p2a: Torkoal|Body Press|p1a: Dragapult
|-immune|p1a: Dragapult
|
|-weather|SunnyDay|[upkeep]
|-damage|p2a: Torkoal|18/100 par|[from] Leech Seed|[of] p1a: Dragapult
|upkeep
|turn|20
|
|t:|1659285592
|switch|p2a: Toxapex|Toxapex, M|100/100
|move|p1a: Dragapult|Shadow Ball|p2a: Toxapex
|-damage|p2a: Toxapex|57/100
|
|-weather|SunnyDay|[upkeep]
|upkeep
|turn|21
|
|t:|1659285597
|switch|p1a: Ferrothorn|Ferrothorn, F|100/100
|move|p2a: Toxapex|Knock Off|p1a: Ferrothorn
|-damage|p1a: Ferrothorn|89/100
|-damage|p2a: Toxapex|44/100|[from] ability: Iron Barbs|[of] p1a: Ferrothorn
|-enditem|p1a: Ferrothorn|Leftovers|[from] move: Knock Off|[of] p2a: Toxapex
|
|-weather|SunnyDay|[upkeep]
|upkeep
|turn|22
|
|t:|1659285602
|move|p2a: Toxapex|Recover|p2a: Toxapex
|-heal|p2a: Toxapex|95/100
|move|p1a: Ferrothorn|Knock Off|p2a: Toxapex
|-crit|p2a: Toxapex
|-damage|p2a: Toxapex|83/100
|
|-weather|SunnyDay|[upkeep]
|upkeep
|turn|23
|
|t:|1659285606
|switch|p2a: Heatran|Heatran, M|100/100
|-item|p2a: Heatran|Air Balloon
|move|p1a: Ferrothorn|Knock Off|p2a: Heatran
|-damage|p2a: Heatran|80/100
|-enditem|p2a: Heatran|Air Balloon
|
|-weather|SunnyDay|[upkeep]
|upkeep
|turn|24
|
|t:|1659285613
|switch|p1a: Rotom|Rotom-Wash|100/100
|move|p2a: Heatran|Magma Storm|p1a: Rotom|[miss]
|-miss|p2a: Heatran|p1a: Rotom
|
|-weather|SunnyDay|[upkeep]
|upkeep
|turn|25
|
|t:|1659285622
|switch|p2a: Landorus|Landorus-Therian, M|48/100
|-ability|p2a: Landorus|Intimidate|boost
|-unboost|p1a: Rotom|atk|1
|move|p1a: Rotom|Hydro Pump|p2a: Landorus|[miss]
|-miss|p1a: Rotom|p2a: Landorus
|
|-weather|none
|-heal|p2a: Landorus|54/100|[from] item: Leftovers
|upkeep
|turn|26
|
|t:|1659285625
|move|p1a: Rotom|Hydro Pump|p2a: Landorus|[miss]
|-miss|p1a: Rotom|p2a: Landorus
|move|p2a: Landorus|Toxic|p1a: Rotom
|-status|p1a: Rotom|tox
|
|-heal|p2a: Landorus|60/100|[from] item: Leftovers
|-damage|p1a: Rotom|94/100 tox|[from] psn
|upkeep
|turn|27
|
|t:|1659285629
|move|p1a: Rotom|Hydro Pump|p2a: Landorus
|-supereffective|p2a: Landorus
|-damage|p2a: Landorus|1/100
|move|p2a: Landorus|U-turn|p1a: Rotom
|-damage|p1a: Rotom|72/100 tox
|
|t:|1659285632
|switch|p2a: Torkoal|Torkoal, F|18/100 par|[from]move: U-turn
|-weather|SunnyDay|[from] ability: Drought|[of] p2a: Torkoal
|
|-weather|SunnyDay|[upkeep]
|-heal|p1a: Rotom|78/100 tox|[from] item: Leftovers
|-damage|p1a: Rotom|66/100 tox|[from] psn
|upkeep
|turn|28
|
|t:|1659285634
|switch|p2a: Landorus|Landorus-Therian, M|1/100
|-ability|p2a: Landorus|Intimidate|boost
|-unboost|p1a: Rotom|atk|1
|move|p1a: Rotom|Volt Switch|p2a: Landorus
|-immune|p2a: Landorus
|
|-weather|SunnyDay|[upkeep]
|-heal|p1a: Rotom|72/100 tox|[from] item: Leftovers
|-heal|p2a: Landorus|7/100|[from] item: Leftovers
|-damage|p1a: Rotom|53/100 tox|[from] psn
|upkeep
|turn|29
|
|t:|1659285637
|move|p1a: Rotom|Hydro Pump|p2a: Landorus|[miss]
|-miss|p1a: Rotom|p2a: Landorus
|move|p2a: Landorus|U-turn|p1a: Rotom
|-damage|p1a: Rotom|30/100 tox
|
|t:|1659285643
|switch|p2a: Venusaur|Venusaur, F|73/100|[from]move: U-turn
|
|-weather|SunnyDay|[upkeep]
|-heal|p1a: Rotom|36/100 tox|[from] item: Leftovers
|-damage|p1a: Rotom|11/100 tox|[from] psn
|upkeep
|turn|30
|
|t:|1659285648
|move|p2a: Venusaur|Growth|p2a: Venusaur
|-boost|p2a: Venusaur|atk|2
|-boost|p2a: Venusaur|spa|2
|move|p1a: Rotom|Volt Switch|p2a: Venusaur
|-resisted|p2a: Venusaur
|-damage|p2a: Venusaur|59/100
|
|t:|1659285650
|switch|p1a: Tyranitar|Tyranitar, M|100/100|[from]move: Volt Switch
|-weather|Sandstorm|[from] ability: Sand Stream|[of] p1a: Tyranitar
|
|-weather|Sandstorm|[upkeep]
|-damage|p2a: Venusaur|53/100|[from] Sandstorm
|upkeep
|turn|31
|
|t:|1659285653
|switch|p1a: Ferrothorn|Ferrothorn, F|89/100
|move|p2a: Venusaur|Earth Power|p1a: Ferrothorn
|-damage|p1a: Ferrothorn|37/100
|-damage|p2a: Venusaur|43/100|[from] item: Life Orb
|
|-weather|Sandstorm|[upkeep]
|-damage|p2a: Venusaur|37/100|[from] Sandstorm
|upkeep
|turn|32
|
|t:|1659285658
|move|p2a: Venusaur|Earth Power|p1a: Ferrothorn
|-damage|p1a: Ferrothorn|0 fnt
|faint|p1a: Ferrothorn
|-damage|p2a: Venusaur|27/100|[from] item: Life Orb
|
|-weather|Sandstorm|[upkeep]
|-damage|p2a: Venusaur|21/100|[from] Sandstorm
|upkeep
|
|t:|1659285662
|switch|p1a: Dragapult|Dragapult, F|100/100
|turn|33
|
|t:|1659285669
|switch|p2a: Landorus|Landorus-Therian, M|7/100
|-ability|p2a: Landorus|Intimidate|boost
|-unboost|p1a: Dragapult|atk|1
|move|p1a: Dragapult|Shadow Ball|p2a: Landorus
|-crit|p2a: Landorus
|-damage|p2a: Landorus|0 fnt
|faint|p2a: Landorus
|
|-weather|Sandstorm|[upkeep]
|-damage|p1a: Dragapult|95/100|[from] Sandstorm
|upkeep
|
|t:|1659285671
|switch|p2a: Toxapex|Toxapex, M|100/100
|turn|34
|
|t:|1659285675
|switch|p1a: Rotom|Rotom-Wash|11/100 tox
|move|p2a: Toxapex|Knock Off|p1a: Rotom
|-damage|p1a: Rotom|0 fnt
|-enditem|p1a: Rotom|Leftovers|[from] move: Knock Off|[of] p2a: Toxapex
|faint|p1a: Rotom
|
|-weather|none
|upkeep
|
|t:|1659285681
|switch|p1a: Tyranitar|Tyranitar, M|100/100
|-weather|Sandstorm|[from] ability: Sand Stream|[of] p1a: Tyranitar
|turn|35
|
|t:|1659285684
|move|p1a: Tyranitar|Earthquake|p2a: Toxapex
|-supereffective|p2a: Toxapex
|-damage|p2a: Toxapex|33/100
|move|p2a: Toxapex|Knock Off|p1a: Tyranitar
|-resisted|p1a: Tyranitar
|-damage|p1a: Tyranitar|94/100
|-enditem|p1a: Tyranitar|Choice Band|[from] move: Knock Off|[of] p2a: Toxapex
|
|-weather|Sandstorm|[upkeep]
|-damage|p2a: Toxapex|27/100|[from] Sandstorm
|upkeep
|turn|36
|
|t:|1659285700
|switch|p2a: Venusaur|Venusaur, F|21/100
|move|p1a: Tyranitar|Earthquake|p2a: Venusaur
|-damage|p2a: Venusaur|0 fnt
|faint|p2a: Venusaur
|
|-weather|Sandstorm|[upkeep]
|upkeep
|
|t:|1659285703
|switch|p2a: Torkoal|Torkoal, F|18/100 par
|-weather|SunnyDay|[from] ability: Drought|[of] p2a: Torkoal
|turn|37
|
|t:|1659285722
|switch|p2a: Heatran|Heatran, M|80/100
|move|p1a: Tyranitar|Earthquake|p2a: Heatran
|-supereffective|p2a: Heatran
|-crit|p2a: Heatran
|-damage|p2a: Heatran|0 fnt
|faint|p2a: Heatran
|
|-weather|SunnyDay|[upkeep]
|upkeep
|
|t:|1659285723
|switch|p2a: Victini|Victini|84/100
|turn|38
|
|t:|1659285727
|switch|p1a: Dragapult|Dragapult, F|95/100
|move|p2a: Victini|U-turn|p1a: Dragapult
|-resisted|p1a: Dragapult
|-damage|p1a: Dragapult|81/100
|
|t:|1659285730
|switch|p2a: Toxapex|Toxapex, M|60/100|[from]move: U-turn
|
|-weather|SunnyDay|[upkeep]
|upkeep
|turn|39
|
|t:|1659285735
|move|p1a: Dragapult|U-turn|p2a: Toxapex
|-resisted|p2a: Toxapex
|-damage|p2a: Toxapex|55/100
|
|t:|1659285736
|switch|p1a: Tyranitar|Tyranitar, M|94/100|[from]move: U-turn
|-weather|Sandstorm|[from] ability: Sand Stream|[of] p1a: Tyranitar
|move|p2a: Toxapex|Recover|p2a: Toxapex
|-heal|p2a: Toxapex|100/100
|
|-weather|Sandstorm|[upkeep]
|-damage|p2a: Toxapex|95/100|[from] Sandstorm
|upkeep
|turn|40
|
|t:|1659285739
|move|p1a: Tyranitar|Earthquake|p2a: Toxapex
|-supereffective|p2a: Toxapex
|-damage|p2a: Toxapex|51/100
|move|p2a: Toxapex|Toxic|p1a: Tyranitar
|-status|p1a: Tyranitar|tox
|
|-weather|Sandstorm|[upkeep]
|-damage|p2a: Toxapex|45/100|[from] Sandstorm
|-damage|p1a: Tyranitar|88/100 tox|[from] psn
|upkeep
|turn|41
|
|t:|1659285745
|move|p1a: Tyranitar|Earthquake|p2a: Toxapex
|-supereffective|p2a: Toxapex
|-damage|p2a: Toxapex|0 fnt
|faint|p2a: Toxapex
|
|-weather|Sandstorm|[upkeep]
|-damage|p1a: Tyranitar|76/100 tox|[from] psn
|upkeep
|
|t:|1659285747
|switch|p2a: Victini|Victini|84/100
|turn|42
|
|t:|1659285749
|switch|p1a: Dragapult|Dragapult, F|81/100
|move|p2a: Victini|U-turn|p1a: Dragapult
|-resisted|p1a: Dragapult
|-damage|p1a: Dragapult|67/100
|
|t:|1659285751
|switch|p2a: Torkoal|Torkoal, F|18/100 par|[from]move: U-turn
|-weather|SunnyDay|[from] ability: Drought|[of] p2a: Torkoal
|
|-weather|SunnyDay|[upkeep]
|upkeep
|turn|43
|
|t:|1659285754
|move|p1a: Dragapult|Shadow Ball|p2a: Torkoal
|-damage|p2a: Torkoal|0 fnt
|faint|p2a: Torkoal
|
|-weather|SunnyDay|[upkeep]
|upkeep
|
|t:|1659285756
|switch|p2a: Victini|Victini|84/100
|turn|44
|
|t:|1659285758
|switch|p1a: Tyranitar|Tyranitar, M|76/100 tox
|-weather|Sandstorm|[from] ability: Sand Stream|[of] p1a: Tyranitar
|move|p2a: Victini|V-create|p1a: Tyranitar
|-resisted|p1a: Tyranitar
|-crit|p1a: Tyranitar
|-damage|p1a: Tyranitar|26/100 tox
|-unboost|p2a: Victini|spe|1
|-unboost|p2a: Victini|def|1
|-unboost|p2a: Victini|spd|1
|
|-weather|Sandstorm|[upkeep]
|-damage|p2a: Victini|78/100|[from] Sandstorm
|-damage|p1a: Tyranitar|20/100 tox|[from] psn
|upkeep
|turn|45
|
|t:|1659285760
|move|p2a: Victini|V-create|p1a: Tyranitar
|-resisted|p1a: Tyranitar
|-damage|p1a: Tyranitar|0 fnt
|-unboost|p2a: Victini|spe|1
|-unboost|p2a: Victini|def|1
|-unboost|p2a: Victini|spd|1
|faint|p1a: Tyranitar
|
|-weather|Sandstorm|[upkeep]
|-damage|p2a: Victini|72/100|[from] Sandstorm
|upkeep
|
|t:|1659285763
|switch|p1a: Excadrill|Excadrill, M|100/100
|turn|46
|
|t:|1659285765
|move|p1a: Excadrill|Earthquake|p2a: Victini
|-supereffective|p2a: Victini
|-damage|p2a: Victini|0 fnt
|faint|p2a: Victini
|
|win|lt91bb FJ2K
|raw|lt91bb FJ2K's rating: 1728 &rarr; <strong>1750</strong><br />(+22 for winning)
|raw|user1_ou's rating: 1760 &rarr; <strong>1738</strong><br />(-22 for losing)
|l|☆user1_ou
||Ladder isn't responding, score probably updated but might not have (Request timeout).
