|j|☆ChiefGreenLeaf3
|j|‽not mb
|t:|1624382316
|gametype|singles
|player|p1|ChiefGreenLeaf3|giovanni-gen1|1833
|player|p2|not mb|#wcop2020uswest|1999
|teamsize|p1|6
|teamsize|p2|6
|gen|8
|tier|[Gen 8] OU
|rated|
|rule|Sleep Clause Mod: Limit one foe put to sleep
|rule|Species Clause: Limit one of each Pokémon
|rule|OHKO Clause: OHKO moves are banned
|rule|Evasion Moves Clause: Evasion moves are banned
|rule|Endless Battle Clause: Forcing endless battles is banned
|rule|HP Percentage Mod: HP is shown in percentages
|rule|Dynamax Clause: You cannot dynamax
|clearpoke
|poke|p1|Ninetales-Alola, F|
|poke|p1|Latios, M|
|poke|p1|Blacephalon|
|poke|p1|Bisharp, F|
|poke|p1|Garchomp, M|
|poke|p1|Kartana|
|poke|p2|Skarmory, M|
|poke|p2|Tapu Koko|
|poke|p2|Kyurem|
|poke|p2|Hippowdon, F|
|poke|p2|Reuniclus, M|
|poke|p2|Toxapex, F|
|teampreview
|c|☆ChiefGreenLeaf3|Dope avi boss
|j| bpewn
|c|☆ChiefGreenLeaf3|How tf u got a custom avi but muted lol
|inactive|Battle timer is ON: inactive players will automatically lose when time's up. (requested by not mb)
|l| bpewn
|j| bestleekever
|inactive|ChiefGreenLeaf3 has 120 seconds left.
|l| bestleekever
|inactive|ChiefGreenLeaf3 has 90 seconds left.
|j| Trap do Rodo
|j| AdamPi
|j| OnixBlade
|inactive|ChiefGreenLeaf3 has 60 seconds left.
|j| LengMuking
|
|t:|1624382464
|start
|switch|p1a: Blacephalon|Blacephalon, shiny|100/100
|switch|p2a: Toxapex|Toxapex, F|100/100
|turn|1
|
|t:|1624382477
|move|p1a: Blacephalon|Trick|p2a: Toxapex
|-activate|p1a: Blacephalon|move: Trick|[of] p2a: Toxapex
|-item|p2a: Toxapex|Choice Scarf|[from] move: Trick
|-item|p1a: Blacephalon|Shed Shell|[from] move: Trick
|move|p2a: Toxapex|Knock Off|p1a: Blacephalon
|-supereffective|p1a: Blacephalon
|-damage|p1a: Blacephalon|33/100
|-enditem|p1a: Blacephalon|Shed Shell|[from] move: Knock Off|[of] p2a: Toxapex
|
|upkeep
|turn|2
|
|t:|1624382485
|move|p1a: Blacephalon|Shadow Ball|p2a: Toxapex
|-damage|p2a: Toxapex|73/100
|move|p2a: Toxapex|Knock Off|p1a: Blacephalon
|-supereffective|p1a: Blacephalon
|-damage|p1a: Blacephalon|0 fnt
|faint|p1a: Blacephalon
|
|upkeep
|inactive|ChiefGreenLeaf3 has 120 seconds left.
|inactive|ChiefGreenLeaf3 has 90 seconds left.
|c| LengMuking|gl hf
|j| Ladder clip
|j| Bunny Girl Mai
|inactive|ChiefGreenLeaf3 has 60 seconds left.
|l| AdamPi
|c| Bunny Girl Mai|Not mb would like you to go faster thank you
|
|t:|1624382578
|switch|p1a: Latios|Latios, M|100/100
|turn|3
|j| AdamPi
|
|t:|1624382593
|switch|p2a: Hippowdon|Hippowdon, F|100/100
|-weather|Sandstorm|[from] ability: Sand Stream|[of] p2a: Hippowdon
|move|p1a: Latios|Agility|p1a: Latios
|-boost|p1a: Latios|spe|2
|
|-weather|Sandstorm|[upkeep]
|-damage|p1a: Latios|95/100|[from] Sandstorm
|upkeep
|turn|4
|j| Farlen
|j| devin
|j| ppev
|l| OnixBlade
|c|☆ChiefGreenLeaf3|My bad work call
|inactive|not mb has 120 seconds left.
|
|t:|1624382623
|switch|p1a: Ninetales|Ninetales-Alola, F|100/100
|-weather|Hail|[from] ability: Snow Warning|[of] p1a: Ninetales
|move|p2a: Hippowdon|Toxic|p1a: Ninetales
|-status|p1a: Ninetales|tox
|
|-weather|Hail|[upkeep]
|-damage|p2a: Hippowdon|94/100|[from] Hail
|-damage|p1a: Ninetales|94/100 tox|[from] psn
|upkeep
|turn|5
|
|t:|1624382627
|move|p1a: Ninetales|Encore|p2a: Hippowdon
|-start|p2a: Hippowdon|Encore
|move|p2a: Hippowdon|Toxic|p1a: Ninetales
|-fail|p1a: Ninetales|tox
|
|-weather|Hail|[upkeep]
|-damage|p2a: Hippowdon|88/100|[from] Hail
|-damage|p1a: Ninetales|82/100 tox|[from] psn
|upkeep
|turn|6
|j| Drago9
|
|t:|1624382634
|switch|p2a: Toxapex|Toxapex, F|100/100
|move|p1a: Ninetales|Aurora Veil|p1a: Ninetales
|-sidestart|p1: ChiefGreenLeaf3|move: Aurora Veil
|
|-weather|Hail|[upkeep]
|-damage|p2a: Toxapex|94/100|[from] Hail
|-damage|p1a: Ninetales|64/100 tox|[from] psn
|upkeep
|turn|7
|l| Ladder clip
|
|t:|1624382650
|switch|p1a: Latios|Latios, M|95/100
|switch|p2a: Hippowdon|Hippowdon, F|88/100
|-weather|Sandstorm|[from] ability: Sand Stream|[of] p2a: Hippowdon
|
|-weather|Sandstorm|[upkeep]
|-damage|p1a: Latios|89/100|[from] Sandstorm
|upkeep
|turn|8
|inactive|ChiefGreenLeaf3 has 90 seconds left.
|
|t:|1624382660
|switch|p1a: Kartana|Kartana|100/100
|move|p2a: Hippowdon|Stealth Rock|p1a: Kartana
|-sidestart|p1: ChiefGreenLeaf3|move: Stealth Rock
|
|-weather|Sandstorm|[upkeep]
|upkeep
|turn|9
|j| Ladder clip
|j| Luigi over mario
|
|t:|1624382670
|switch|p2a: Toxapex|Toxapex, F|100/100
|move|p1a: Kartana|Swords Dance|p1a: Kartana
|-boost|p1a: Kartana|atk|2
|
|-weather|Sandstorm|[upkeep]
|-damage|p2a: Toxapex|94/100|[from] Sandstorm
|upkeep
|turn|10
|j| OnixBlade
|
|t:|1624382678
|move|p1a: Kartana|Swords Dance|p1a: Kartana
|-boost|p1a: Kartana|atk|2
|move|p2a: Toxapex|Haze|p2a: Toxapex
|-clearallboost
|
|-weather|Sandstorm|[upkeep]
|-damage|p2a: Toxapex|88/100|[from] Sandstorm
|upkeep
|turn|11
|j| i gonna die young
|
|t:|1624382694
|move|p1a: Kartana|Swords Dance|p1a: Kartana
|-boost|p1a: Kartana|atk|2
|move|p2a: Toxapex|Haze|p2a: Toxapex
|-clearallboost
|
|-weather|none
|upkeep
|turn|12
|l| i gonna die young
|j| Cachou10
|
|t:|1624382709
|move|p1a: Kartana|Swords Dance|p1a: Kartana
|-boost|p1a: Kartana|atk|2
|move|p2a: Toxapex|Haze|p2a: Toxapex
|-clearallboost
|
|upkeep
|turn|13
|
|t:|1624382726
|switch|p2a: Skarmory|Skarmory, M|100/100
|move|p1a: Kartana|Leaf Blade|p2a: Skarmory
|-resisted|p2a: Skarmory
|-damage|p2a: Skarmory|90/100
|-damage|p1a: Kartana|84/100|[from] item: Rocky Helmet|[of] p2a: Skarmory
|
|-sideend|p1: ChiefGreenLeaf3|move: Aurora Veil
|upkeep
|turn|14
|
|t:|1624382730
|move|p1a: Kartana|Leaf Blade|p2a: Skarmory
|-resisted|p2a: Skarmory
|-damage|p2a: Skarmory|80/100
|-damage|p1a: Kartana|67/100|[from] item: Rocky Helmet|[of] p2a: Skarmory
|move|p2a: Skarmory|Spikes|p1a: Kartana
|-sidestart|p1: ChiefGreenLeaf3|Spikes
|
|upkeep
|turn|15
|
|t:|1624382750
|move|p1a: Kartana|Swords Dance|p1a: Kartana
|-boost|p1a: Kartana|atk|2
|move|p2a: Skarmory|Iron Defense|p2a: Skarmory
|-boost|p2a: Skarmory|def|2
|
|upkeep
|turn|16
|
|t:|1624382758
|switch|p1a: Ninetales|Ninetales-Alola, F|64/100 tox
|-damage|p1a: Ninetales|40/100 tox|[from] Stealth Rock
|-damage|p1a: Ninetales|27/100 tox|[from] Spikes
|-weather|Hail|[from] ability: Snow Warning|[of] p1a: Ninetales
|move|p2a: Skarmory|Spikes|p1a: Ninetales
|-sidestart|p1: ChiefGreenLeaf3|Spikes
|
|-weather|Hail|[upkeep]
|-damage|p2a: Skarmory|73/100|[from] Hail
|-damage|p1a: Ninetales|21/100 tox|[from] psn
|upkeep
|turn|17
|
|t:|1624382764
|switch|p2a: Hippowdon|Hippowdon, F|88/100
|-weather|Sandstorm|[from] ability: Sand Stream|[of] p2a: Hippowdon
|move|p1a: Ninetales|Encore||[still]
|-fail|p1a: Ninetales
|
|-weather|Sandstorm|[upkeep]
|-damage|p1a: Ninetales|15/100 tox|[from] Sandstorm
|-damage|p1a: Ninetales|3/100 tox|[from] psn
|upkeep
|turn|18
|
|t:|1624382777
|move|p1a: Ninetales|Freeze-Dry|p2a: Hippowdon
|-supereffective|p2a: Hippowdon
|-damage|p2a: Hippowdon|57/100
|move|p2a: Hippowdon|Slack Off|p2a: Hippowdon
|-heal|p2a: Hippowdon|100/100
|
|-weather|Sandstorm|[upkeep]
|-damage|p1a: Ninetales|0 fnt|[from] Sandstorm
|faint|p1a: Ninetales
|upkeep
|j| Methoprene
|inactive|ChiefGreenLeaf3 has 120 seconds left.
|l| OnixBlade
|j| Shsjsj
|
|t:|1624382814
|switch|p1a: Bisharp|Bisharp, F|100/100
|-damage|p1a: Bisharp|84/100|[from] Spikes
|-damage|p1a: Bisharp|78/100|[from] Stealth Rock
|turn|19
|
|t:|1624382820
|move|p1a: Bisharp|Knock Off|p2a: Hippowdon
|-damage|p2a: Hippowdon|54/100
|-enditem|p2a: Hippowdon|Heavy-Duty Boots|[from] move: Knock Off|[of] p1a: Bisharp
|-damage|p1a: Bisharp|68/100|[from] item: Life Orb
|move|p2a: Hippowdon|Earthquake|p1a: Bisharp
|-supereffective|p1a: Bisharp
|-damage|p1a: Bisharp|0 fnt
|faint|p1a: Bisharp
|
|-weather|Sandstorm|[upkeep]
|upkeep
|
|t:|1624382824
|switch|p1a: Garchomp|Garchomp, M|100/100
|-damage|p1a: Garchomp|94/100|[from] Stealth Rock
|-damage|p1a: Garchomp|78/100|[from] Spikes
|turn|20
|
|t:|1624382828
|move|p1a: Garchomp|Swords Dance|p1a: Garchomp
|-boost|p1a: Garchomp|atk|2
|move|p2a: Hippowdon|Toxic|p1a: Garchomp
|-status|p1a: Garchomp|tox
|-enditem|p1a: Garchomp|Lum Berry|[eat]
|-curestatus|p1a: Garchomp|tox|[msg]
|
|-weather|Sandstorm|[upkeep]
|upkeep
|turn|21
|inactive|not mb has 120 seconds left.
|inactive|not mb has 90 seconds left.
|l| Ladder clip
|l| ppev
|inactive|not mb has 60 seconds left.
|l| Shsjsj
|inactive|not mb has 30 seconds left.
|
|t:|1624382953
|move|p1a: Garchomp|Scale Shot|p2a: Hippowdon
|-damage|p2a: Hippowdon|33/100
|-damage|p2a: Hippowdon|13/100
|-damage|p2a: Hippowdon|0 fnt
|faint|p2a: Hippowdon
|-hitcount|p2: Hippowdon|3
|-unboost|p1a: Garchomp|def|1
|-boost|p1a: Garchomp|spe|1
|
|-weather|none
|upkeep
|inactive|not mb has 30 seconds left.
|c|☆ChiefGreenLeaf3|Whew
|c|☆ChiefGreenLeaf3|Won the 5050
|inactive|not mb has 20 seconds left.
|
|t:|1624382970
|switch|p2a: Kyurem|Kyurem|100/100
|-ability|p2a: Kyurem|Pressure
|turn|22
|inactive|not mb has 30 seconds left this turn.
|c|☆ChiefGreenLeaf3|Clicked eq like 3 times ngl
|
|t:|1624382976
|switch|p2a: Reuniclus|Reuniclus, M|100/100
|move|p1a: Garchomp|Scale Shot|p2a: Reuniclus|[miss]
|-miss|p1a: Garchomp|p2a: Reuniclus
|
|upkeep
|turn|23
|inactive|not mb has 30 seconds left.
|j| skylink42 ❤
|
|t:|1624382987
|switch|p2a: Skarmory|Skarmory, M|73/100
|move|p1a: Garchomp|Earthquake|p2a: Skarmory
|-immune|p2a: Skarmory
|
|upkeep
|turn|24
|inactive|not mb has 30 seconds left.
|inactive|not mb has 20 seconds left.
|inactive|not mb has 15 seconds left.
|inactive|not mb has 10 seconds left.
|
|t:|1624383018
|switch|p2a: Toxapex|Toxapex, F|100/100
|move|p1a: Garchomp|Fire Fang|p2a: Toxapex
|-resisted|p2a: Toxapex
|-damage|p2a: Toxapex|81/100
|
|upkeep
|turn|25
|inactive|not mb has 20 seconds left this turn.
|j| Sebas99sevilla
|inactive|not mb has 15 seconds left.
|
|t:|1624383026
|move|p1a: Garchomp|Earthquake|p2a: Toxapex
|-supereffective|p2a: Toxapex
|-damage|p2a: Toxapex|0 fnt
|faint|p2a: Toxapex
|
|upkeep
|inactive|not mb has 20 seconds left this turn.
|
|t:|1624383029
|switch|p2a: Kyurem|Kyurem|100/100
|-ability|p2a: Kyurem|Pressure
|turn|26
|inactive|not mb has 30 seconds left this turn.
|inactive|not mb has 20 seconds left.
|inactive|not mb has 15 seconds left.
|
|t:|1624383047
|switch|p2a: Reuniclus|Reuniclus, M|100/100
|move|p1a: Garchomp|Scale Shot|p2a: Reuniclus
|-damage|p2a: Reuniclus|71/100
|-damage|p2a: Reuniclus|42/100
|-hitcount|p2a: Reuniclus|2
|-unboost|p1a: Garchomp|def|1
|-boost|p1a: Garchomp|spe|1
|
|upkeep
|turn|27
|inactive|not mb has 25 seconds left this turn.
|l| Trap do Rodo
|
|t:|1624383054
|move|p1a: Garchomp|Swords Dance|p1a: Garchomp
|-boost|p1a: Garchomp|atk|2
|move|p2a: Reuniclus|Stored Power|p1a: Garchomp
|-damage|p1a: Garchomp|66/100
|
|upkeep
|turn|28
|inactive|not mb has 30 seconds left.
|l| LengMuking
|
|t:|1624383065
|switch|p2a: Skarmory|Skarmory, M|73/100
|move|p1a: Garchomp|Earthquake|p2a: Skarmory
|-immune|p2a: Skarmory
|
|upkeep
|turn|29
|l| Sebas99sevilla
|j| Jalapeno Bottom
|inactive|not mb has 30 seconds left.
|j| Trap do Rodo
|c|☆ChiefGreenLeaf3|Gg boss
|
|t:|1624383083
|move|p1a: Garchomp|Fire Fang|p2a: Skarmory
|-supereffective|p2a: Skarmory
|-damage|p2a: Skarmory|0 fnt
|-damage|p1a: Garchomp|49/100|[from] item: Rocky Helmet|[of] p2a: Skarmory
|faint|p2a: Skarmory
|
|upkeep
|inactive|not mb has 30 seconds left this turn.
|l| Trap do Rodo
|inactive|not mb has 20 seconds left.
|
|t:|1624383093
|switch|p2a: Kyurem|Kyurem|100/100
|-ability|p2a: Kyurem|Pressure
|turn|30
|inactive|not mb has 30 seconds left this turn.
|j| ppev
|
|t:|1624383097
|move|p1a: Garchomp|Earthquake|p2a: Kyurem
|-damage|p2a: Kyurem|0 fnt
|faint|p2a: Kyurem
|
|upkeep
|inactive|not mb has 30 seconds left.
|l| skylink42 ❤
|l| Luigi over mario
|-message|not mb forfeited.
|
|win|ChiefGreenLeaf3
|inactive|not mb has 30 seconds left this turn.
|raw|ChiefGreenLeaf3's rating: 1833 &rarr; <strong>1862</strong><br />(+29 for winning)
|raw|not mb's rating: 1999 &rarr; <strong>1970</strong><br />(-29 for losing)
|l|‽not mb
|j| Luigi over mario
|l| Luigi over mario
|l| Drago9
|c|☆ChiefGreenLeaf3|Ayyy
|l| devin
|j| Skip The Drip
|j| guho
||Ladder isn't responding, score probably updated but might not have (Request timeout).
|j| Pansage 2006
|l| Cachou10
|l| ppev
|l| Bunny Girl Mai
|l| guho
|l| Skip The Drip
|j| isheavydead
|l| isheavydead
|j| Ladder clip
|l|☆ChiefGreenLeaf3
|l| Ladder clip
|j| Nerf fairy please
|l| Methoprene
|l| Nerf fairy please
|j| Nerf fairy please
|l| Pansage 2006
|j|☆ChiefGreenLeaf3
|player|p1|ChiefGreenLeaf3|giovanni-gen1
