|j|☆chibachikage
|j|☆Enma Crysalis
|t:|1662237312
|gametype|singles
|player|p1|chibachikage|cynthia|1296
|player|p2|Enma Crysalis|janine|1320
|teamsize|p1|6
|teamsize|p2|6
|gen|8
|tier|[Gen 8] OU
|rated|
|rule|Sleep Clause Mod: Limit one foe put to sleep
|rule|Species Clause: Limit one of each Pokémon
|rule|OHKO Clause: OHKO moves are banned
|rule|Evasion Items Clause: Evasion items are banned
|rule|Evasion Moves Clause: Evasion moves are banned
|rule|Endless Battle Clause: Forcing endless battles is banned
|rule|HP Percentage Mod: HP is shown in percentages
|rule|Dynamax Clause: You cannot dynamax
|clearpoke
|poke|p1|Landorus-Therian, M|
|poke|p1|Volcanion|
|poke|p1|Pelipper, F|
|poke|p1|Barraskewda, M|
|poke|p1|Slowking-Galar, M|
|poke|p1|Ferrothorn, M|
|poke|p2|Diancie|
|poke|p2|Zapdos|
|poke|p2|Seismitoad, M|
|poke|p2|Moltres-Galar|
|poke|p2|Ferrothorn, M|
|poke|p2|Regieleki|
|teampreview
|
|t:|1662237337
|start
|switch|p1a: Barraskewda|Barraskewda, M|100/100
|switch|p2a: Zapdos|Zapdos|100/100
|turn|1
|
|t:|1662237351
|switch|p1a: Landorus|Landorus-Therian, M|100/100
|-ability|p1a: Landorus|Intimidate|boost
|-unboost|p2a: Zapdos|atk|1
|switch|p2a: Seismitoad|Seismitoad, M|100/100
|
|upkeep
|turn|2
|
|t:|1662237359
|move|p1a: Landorus|Toxic|p2a: Seismitoad|[miss]
|-miss|p1a: Landorus|p2a: Seismitoad
|move|p2a: Seismitoad|Scald|p1a: Landorus
|-supereffective|p1a: Landorus
|-damage|p1a: Landorus|64/100
|-status|p1a: Landorus|brn
|
|-heal|p1a: Landorus|70/100 brn|[from] item: Leftovers
|-damage|p1a: Landorus|64/100 brn|[from] brn
|upkeep
|turn|3
|
|t:|1662237371
|switch|p2a: Ferrothorn|Ferrothorn, M, shiny|100/100
|move|p1a: Landorus|Toxic|p2a: Ferrothorn
|-immune|p2a: Ferrothorn
|
|-heal|p1a: Landorus|70/100 brn|[from] item: Leftovers
|-damage|p1a: Landorus|64/100 brn|[from] brn
|upkeep
|turn|4
|
|t:|1662237384
|switch|p1a: Ferrothorn|Ferrothorn, M|100/100
|move|p2a: Ferrothorn|Knock Off|p1a: Ferrothorn
|-damage|p1a: Ferrothorn|85/100
|-damage|p2a: Ferrothorn|88/100|[from] ability: Iron Barbs|[of] p1a: Ferrothorn
|-enditem|p1a: Ferrothorn|Leftovers|[from] move: Knock Off|[of] p2a: Ferrothorn
|
|-heal|p2a: Ferrothorn|94/100|[from] item: Leftovers
|upkeep
|turn|5
|
|t:|1662237411
|switch|p2a: Moltres|Moltres-Galar|100/100
|move|p1a: Ferrothorn|Stealth Rock|p2a: Moltres
|-sidestart|p2: Enma Crysalis|move: Stealth Rock
|
|upkeep
|turn|6
|
|t:|1662237420
|move|p2a: Moltres|Nasty Plot|p2a: Moltres
|-boost|p2a: Moltres|spa|2
|move|p1a: Ferrothorn|Thunder Wave|p2a: Moltres
|-status|p2a: Moltres|par
|
|upkeep
|turn|7
|
|t:|1662237428
|cant|p2a: Moltres|par
|move|p1a: Ferrothorn|Knock Off|p2a: Moltres
|-resisted|p2a: Moltres
|-damage|p2a: Moltres|89/100 par
|-enditem|p2a: Moltres|Weakness Policy|[from] move: Knock Off|[of] p1a: Ferrothorn
|
|upkeep
|turn|8
|
|t:|1662237440
|switch|p1a: Landorus|Landorus-Therian, M|64/100 brn
|-ability|p1a: Landorus|Intimidate|boost
|-unboost|p2a: Moltres|atk|1
|move|p2a: Moltres|Fiery Wrath|p1a: Landorus
|-damage|p1a: Landorus|5/100 brn
|
|-heal|p1a: Landorus|11/100 brn|[from] item: Leftovers
|-damage|p1a: Landorus|5/100 brn|[from] brn
|upkeep
|turn|9
|
|t:|1662237460
|switch|p2a: Ferrothorn|Ferrothorn, M, shiny|94/100
|-damage|p2a: Ferrothorn|88/100|[from] Stealth Rock
|move|p1a: Landorus|U-turn|p2a: Ferrothorn
|-damage|p2a: Ferrothorn|80/100
|-damage|p1a: Landorus|0 fnt|[from] ability: Iron Barbs|[of] p2a: Ferrothorn
|faint|p1a: Landorus
|
|-heal|p2a: Ferrothorn|86/100|[from] item: Leftovers
|upkeep
|
|t:|1662237463
|switch|p1a: Volcanion|Volcanion|100/100
|turn|10
|
|t:|1662237478
|switch|p2a: Seismitoad|Seismitoad, M|100/100
|-damage|p2a: Seismitoad|94/100|[from] Stealth Rock
|move|p1a: Volcanion|Fire Blast|p2a: Seismitoad
|-resisted|p2a: Seismitoad
|-damage|p2a: Seismitoad|48/100
|
|-heal|p2a: Seismitoad|54/100|[from] item: Leftovers
|upkeep
|turn|11
|
|t:|1662237493
|switch|p1a: Ferrothorn|Ferrothorn, M|85/100
|move|p2a: Seismitoad|Earth Power|p1a: Ferrothorn
|-damage|p1a: Ferrothorn|66/100
|
|-heal|p2a: Seismitoad|60/100|[from] item: Leftovers
|upkeep
|turn|12
|
|t:|1662237529
|switch|p2a: Ferrothorn|Ferrothorn, M, shiny|86/100
|-damage|p2a: Ferrothorn|80/100|[from] Stealth Rock
|move|p1a: Ferrothorn|Knock Off|p2a: Ferrothorn
|-damage|p2a: Ferrothorn|65/100
|-damage|p1a: Ferrothorn|53/100|[from] ability: Iron Barbs|[of] p2a: Ferrothorn
|-enditem|p2a: Ferrothorn|Leftovers|[from] move: Knock Off|[of] p1a: Ferrothorn
|
|upkeep
|turn|13
|
|t:|1662237539
|switch|p1a: Volcanion|Volcanion|100/100
|move|p2a: Ferrothorn|Spikes|p1a: Volcanion
|-sidestart|p1: chibachikage|Spikes
|
|upkeep
|turn|14
|
|t:|1662237554
|move|p1a: Volcanion|Fire Blast|p2a: Ferrothorn
|-supereffective|p2a: Ferrothorn
|-damage|p2a: Ferrothorn|0 fnt
|faint|p2a: Ferrothorn
|
|upkeep
|
|t:|1662237564
|switch|p2a: Diancie|Diancie|100/100
|-damage|p2a: Diancie|88/100|[from] Stealth Rock
|turn|15
|
|t:|1662237569
|switch|p1a: Pelipper|Pelipper, F|100/100
|-weather|RainDance|[from] ability: Drizzle|[of] p1a: Pelipper
|move|p2a: Diancie|Diamond Storm|p1a: Pelipper|[miss]
|-miss|p2a: Diancie|p1a: Pelipper
|
|-weather|RainDance|[upkeep]
|upkeep
|turn|16
|
|t:|1662237581
|switch|p2a: Seismitoad|Seismitoad, M|60/100
|-damage|p2a: Seismitoad|54/100|[from] Stealth Rock
|switch|p1a: Ferrothorn|Ferrothorn, M|53/100
|-damage|p1a: Ferrothorn|41/100|[from] Spikes
|
|-weather|RainDance|[upkeep]
|-heal|p2a: Seismitoad|60/100|[from] item: Leftovers
|upkeep
|turn|17
|
|t:|1662237620
|switch|p2a: Zapdos|Zapdos|100/100
|move|p1a: Ferrothorn|Power Whip|p2a: Zapdos
|-resisted|p2a: Zapdos
|-damage|p2a: Zapdos|87/100
|-status|p1a: Ferrothorn|par|[from] ability: Static|[of] p2a: Zapdos
|
|-weather|RainDance|[upkeep]
|upkeep
|turn|18
|
|t:|1662237630
|move|p2a: Zapdos|Hurricane|p1a: Ferrothorn
|-damage|p1a: Ferrothorn|8/100 par
|move|p1a: Ferrothorn|Knock Off|p2a: Zapdos
|-damage|p2a: Zapdos|71/100
|-enditem|p2a: Zapdos|Heavy-Duty Boots|[from] move: Knock Off|[of] p1a: Ferrothorn
|
|-weather|RainDance|[upkeep]
|upkeep
|turn|19
|
|t:|1662237639
|move|p2a: Zapdos|Hurricane|p1a: Ferrothorn
|-damage|p1a: Ferrothorn|0 fnt
|faint|p1a: Ferrothorn
|
|-weather|RainDance|[upkeep]
|upkeep
|
|t:|1662237642
|switch|p1a: Volcanion|Volcanion|100/100
|-damage|p1a: Volcanion|88/100|[from] Spikes
|turn|20
|
|t:|1662237653
|switch|p2a: Seismitoad|Seismitoad, M|60/100
|-damage|p2a: Seismitoad|54/100|[from] Stealth Rock
|move|p1a: Volcanion|Sludge Wave|p2a: Seismitoad
|-resisted|p2a: Seismitoad
|-damage|p2a: Seismitoad|26/100
|
|-weather|RainDance|[upkeep]
|-heal|p2a: Seismitoad|32/100|[from] item: Leftovers
|upkeep
|turn|21
|
|t:|1662237663
|switch|p1a: Pelipper|Pelipper, F|100/100
|move|p2a: Seismitoad|Stealth Rock|p1a: Pelipper
|-sidestart|p1: chibachikage|move: Stealth Rock
|
|-weather|RainDance|[upkeep]
|-heal|p2a: Seismitoad|38/100|[from] item: Leftovers
|upkeep
|turn|22
|
|t:|1662237674
|switch|p2a: Regieleki|Regieleki|100/100
|move|p1a: Pelipper|Hurricane|p2a: Regieleki
|-resisted|p2a: Regieleki
|-damage|p2a: Regieleki|64/100
|
|-weather|none
|upkeep
|turn|23
|
|t:|1662237687
|switch|p1a: Slowking|Slowking-Galar, M|100/100
|-damage|p1a: Slowking|88/100|[from] Spikes
|-damage|p1a: Slowking|76/100|[from] Stealth Rock
|move|p2a: Regieleki|Rapid Spin|p1a: Slowking
|-damage|p1a: Slowking|68/100
|-boost|p2a: Regieleki|spe|1
|-sideend|p2: Enma Crysalis|Stealth Rock|[from] move: Rapid Spin|[of] p2a: Regieleki
|
|upkeep
|turn|24
|
|t:|1662237698
|move|p2a: Regieleki|Volt Switch|p1a: Slowking
|-damage|p1a: Slowking|43/100
|
|t:|1662237706
|switch|p2a: Moltres|Moltres-Galar|89/100 par|[from]move: Volt Switch
|move|p1a: Slowking|Future Sight|p2a: Moltres
|-start|p1a: Slowking|move: Future Sight
|
|upkeep
|turn|25
|
|t:|1662237717
|move|p2a: Moltres|Fiery Wrath|p1a: Slowking
|-supereffective|p1a: Slowking
|-damage|p1a: Slowking|2/100
|cant|p1a: Slowking|flinch
|
|upkeep
|turn|26
|
|t:|1662237725
|switch|p1a: Pelipper|Pelipper, F|100/100
|-damage|p1a: Pelipper|75/100|[from] Stealth Rock
|-weather|RainDance|[from] ability: Drizzle|[of] p1a: Pelipper
|cant|p2a: Moltres|par
|
|-weather|RainDance|[upkeep]
|-end|p2a: Moltres|move: Future Sight
|-immune|p2a: Moltres
|upkeep
|turn|27
|
|t:|1662237738
|move|p1a: Pelipper|Hurricane|p2a: Moltres
|-damage|p2a: Moltres|57/100 par
|-start|p2a: Moltres|confusion
|-activate|p2a: Moltres|confusion
|move|p2a: Moltres|Hurricane|p1a: Pelipper
|-damage|p1a: Pelipper|31/100
|
|-weather|RainDance|[upkeep]
|upkeep
|turn|28
|
|t:|1662237748
|move|p1a: Pelipper|Hurricane|p2a: Moltres
|-damage|p2a: Moltres|25/100 par
|-ability|p2a: Moltres|Berserk|boost
|-boost|p2a: Moltres|spa|1
|-activate|p2a: Moltres|confusion
|move|p2a: Moltres|Hurricane|p1a: Pelipper
|-damage|p1a: Pelipper|0 fnt
|faint|p1a: Pelipper
|
|-weather|RainDance|[upkeep]
|upkeep
|
|t:|1662237750
|switch|p1a: Barraskewda|Barraskewda, M|100/100
|-damage|p1a: Barraskewda|88/100|[from] Spikes
|-damage|p1a: Barraskewda|76/100|[from] Stealth Rock
|turn|29
|
|t:|1662237767
|switch|p2a: Seismitoad|Seismitoad, M|38/100
|move|p1a: Barraskewda|Close Combat|p2a: Seismitoad
|-damage|p2a: Seismitoad|0 fnt
|-unboost|p1a: Barraskewda|def|1
|-unboost|p1a: Barraskewda|spd|1
|faint|p2a: Seismitoad
|
|-weather|RainDance|[upkeep]
|upkeep
|
|t:|1662237779
|switch|p2a: Zapdos|Zapdos|71/100
|turn|30
|
|t:|1662237783
|switch|p1a: Slowking|Slowking-Galar, M|36/100
|-damage|p1a: Slowking|23/100|[from] Spikes
|-damage|p1a: Slowking|11/100|[from] Stealth Rock
|move|p2a: Zapdos|Hurricane|p1a: Slowking
|-damage|p1a: Slowking|0 fnt
|faint|p1a: Slowking
|
|-weather|RainDance|[upkeep]
|upkeep
|
|t:|1662237784
|switch|p1a: Barraskewda|Barraskewda, M|76/100
|-damage|p1a: Barraskewda|64/100|[from] Spikes
|-damage|p1a: Barraskewda|52/100|[from] Stealth Rock
|turn|31
|
|t:|1662237801
|move|p1a: Barraskewda|Liquidation|p2a: Zapdos
|-damage|p2a: Zapdos|0 fnt
|-status|p1a: Barraskewda|par|[from] ability: Static|[of] p2a: Zapdos
|faint|p2a: Zapdos
|
|-weather|RainDance|[upkeep]
|upkeep
|c|☆chibachikage|fuck
|
|t:|1662237810
|switch|p2a: Regieleki|Regieleki|64/100
|turn|32
|
|t:|1662237815
|move|p2a: Regieleki|Volt Switch|p1a: Barraskewda
|-supereffective|p1a: Barraskewda
|-damage|p1a: Barraskewda|0 fnt
|faint|p1a: Barraskewda
|
|t:|1662237821
|switch|p2a: Moltres|Moltres-Galar|25/100 par|[from]move: Volt Switch
|
|-weather|RainDance|[upkeep]
|upkeep
|
|t:|1662237823
|switch|p1a: Volcanion|Volcanion|88/100
|-damage|p1a: Volcanion|76/100|[from] Spikes
|-damage|p1a: Volcanion|51/100|[from] Stealth Rock
|turn|33
|
|t:|1662237834
|move|p1a: Volcanion|Steam Eruption|p2a: Moltres
|-damage|p2a: Moltres|0 fnt
|faint|p2a: Moltres
|
|-weather|none
|upkeep
|
|t:|1662237841
|switch|p2a: Regieleki|Regieleki|64/100
|turn|34
|
|t:|1662237844
|move|p2a: Regieleki|Thunderbolt|p1a: Volcanion
|-supereffective|p1a: Volcanion
|-damage|p1a: Volcanion|0 fnt
|faint|p1a: Volcanion
|
|win|Enma Crysalis
|raw|chibachikage's rating: 1296 &rarr; <strong>1273</strong><br />(-23 for losing)
|raw|Enma Crysalis's rating: 1320 &rarr; <strong>1339</strong><br />(+19 for winning)
|l|☆chibachikage
||Ladder isn't responding, score probably updated but might not have (Request timeout).
