|raw|<div class="broadcast-blue"><strong>This battle is required to be public due to a player having a name prefixed by 'LT71LX'.</div>
|j|☆LT71LX Luthier
|j|☆LT71LX BFL
|t:|1597266055
|player|p1|LT71LX Luthier|170|2135
|player|p2|LT71LX BFL|102|2060
|teamsize|p1|6
|teamsize|p2|6
|gametype|singles
|gen|8
|tier|[Gen 8] OU
|rated|
|clearpoke
|poke|p1|Ferrothorn, F|
|poke|p1|Clefable, F|
|poke|p1|Ditto|
|poke|p1|Hippowdon, M|
|poke|p1|Blissey, F|
|poke|p1|Xatu, F|
|poke|p2|Scizor, F|
|poke|p2|Rillaboom, M|
|poke|p2|Crawdaunt, M|
|poke|p2|Togekiss, M|
|poke|p2|Zeraora|
|poke|p2|Necrozma|
|rule|Sleep Clause Mod: Limit one foe put to sleep
|rule|Species Clause: Limit one of each Pokémon
|rule|OHKO Clause: OHKO moves are banned
|rule|Evasion Moves Clause: Evasion moves are banned
|rule|Endless Battle Clause: Forcing endless battles is banned
|rule|HP Percentage Mod: HP is shown in percentages
|rule|Dynamax Clause: You cannot dynamax
|teampreview
|j| Destro16
|j| lt71lx qze
|j| LT71LX SW
|j| ez
|j| ostia el teclado
|j| n0tmichae\l/
|j| Mannat
|j| Uncool_loser
|j| lt71lx sanj
|j| OUTU Neymar
|j| LT71LX Storm
|l| LT71LX SW
|j| HiroZ
|c| Mannat|oh hell nah
|inactive|Battle timer is ON: inactive players will automatically lose when time's up. (requested by LT71LX Luthier)
|j| outz u
|c| lt71lx qze|the mannuth
|j| LT71LX Kappucci
|j| met gala
|l| HiroZ
|inactive|LT71LX Luthier has 120 seconds left.
|
|t:|1597266108
|start
|switch|p1a: Clefable|Clefable, F|100/100
|switch|p2a: Necrozma|Necrozma|100/100
|turn|1
|
|t:|1597266115
|move|p2a: Necrozma|Meteor Beam||[still]
|-prepare|p2a: Necrozma|Meteor Beam
|-boost|p2a: Necrozma|spa|1
|-enditem|p2a: Necrozma|Power Herb
|-anim|p2a: Necrozma|Meteor Beam|p1a: Clefable
|-damage|p1a: Clefable|58/100
|move|p1a: Clefable|Calm Mind|p1a: Clefable
|-boost|p1a: Clefable|spa|1
|-boost|p1a: Clefable|spd|1
|
|-heal|p1a: Clefable|64/100|[from] item: Leftovers
|upkeep
|turn|2
|
|t:|1597266123
|move|p2a: Necrozma|Stealth Rock|p1a: Clefable
|-sidestart|p1: LT71LX Luthier|move: Stealth Rock
|move|p1a: Clefable|Moonblast|p2a: Necrozma
|-damage|p2a: Necrozma|53/100
|
|-heal|p1a: Clefable|71/100|[from] item: Leftovers
|upkeep
|turn|3
|
|t:|1597266127
|move|p2a: Necrozma|Psyshock|p1a: Clefable
|-damage|p1a: Clefable|37/100
|move|p1a: Clefable|Wish|p1a: Clefable
|
|-heal|p1a: Clefable|43/100|[from] item: Leftovers
|upkeep
|turn|4
|
|t:|1597266131
|switch|p2a: Scizor|Scizor, F|100/100
|move|p1a: Clefable|Moonblast|p2a: Scizor
|-resisted|p2a: Scizor
|-damage|p2a: Scizor|68/100
|
|-heal|p1a: Clefable|93/100|[from] move: Wish|[wisher] Clefable
|-heal|p1a: Clefable|99/100|[from] item: Leftovers
|upkeep
|turn|5
|j| heavens melody
|
|t:|1597266141
|switch|p1a: Hippowdon|Hippowdon, M|100/100
|-damage|p1a: Hippowdon|94/100|[from] Stealth Rock
|-weather|Sandstorm|[from] ability: Sand Stream|[of] p1a: Hippowdon
|move|p2a: Scizor|Roost|p2a: Scizor
|-heal|p2a: Scizor|100/100
|-singleturn|p2a: Scizor|move: Roost
|
|-weather|Sandstorm|[upkeep]
|upkeep
|turn|6
|j| keberhart123
|j| outu why
|
|t:|1597266151
|switch|p2a: Crawdaunt|Crawdaunt, M|100/100
|move|p1a: Hippowdon|Earthquake|p2a: Crawdaunt
|-damage|p2a: Crawdaunt|46/100
|
|-weather|Sandstorm|[upkeep]
|-damage|p2a: Crawdaunt|40/100|[from] Sandstorm
|upkeep
|turn|7
|j| Zaettsu
|
|t:|1597266171
|move|p2a: Crawdaunt|Crabhammer|p1a: Hippowdon
|-supereffective|p1a: Hippowdon
|-damage|p1a: Hippowdon|0 fnt
|-damage|p2a: Crawdaunt|24/100|[from] item: Rocky Helmet|[of] p1a: Hippowdon
|-damage|p2a: Crawdaunt|14/100|[from] item: Life Orb
|faint|p1a: Hippowdon
|
|-weather|Sandstorm|[upkeep]
|-damage|p2a: Crawdaunt|8/100|[from] Sandstorm
|upkeep
|
|t:|1597266183
|switch|p1a: Xatu|Xatu, F|100/100
|-damage|p1a: Xatu|76/100|[from] Stealth Rock
|turn|8
|
|t:|1597266187
|switch|p2a: Necrozma|Necrozma|53/100
|move|p1a: Xatu|Night Shade|p2a: Necrozma
|-damage|p2a: Necrozma|25/100
|
|-weather|Sandstorm|[upkeep]
|-damage|p2a: Necrozma|19/100|[from] Sandstorm
|-damage|p1a: Xatu|70/100|[from] Sandstorm
|upkeep
|turn|9
|
|t:|1597266192
|switch|p1a: Blissey|Blissey, F|100/100
|move|p2a: Necrozma|Meteor Beam||[still]
|-prepare|p2a: Necrozma|Meteor Beam
|-boost|p2a: Necrozma|spa|1
|
|-weather|none
|upkeep
|turn|10
|
|t:|1597266198
|move|p2a: Necrozma|Meteor Beam|p1a: Blissey|[from]lockedmove|[miss]
|-miss|p2a: Necrozma|p1a: Blissey
|move|p1a: Blissey|Seismic Toss|p2a: Necrozma
|-damage|p2a: Necrozma|0 fnt
|faint|p2a: Necrozma
|
|upkeep
|j| lt71lx georgie
|
|t:|1597266203
|switch|p2a: Zeraora|Zeraora|100/100
|turn|11
|l| lt71lx georgie
|j| tau solarin
|j| dvaru
|
|t:|1597266221
|switch|p1a: Xatu|Xatu, F|70/100
|-damage|p1a: Xatu|45/100|[from] Stealth Rock
|move|p2a: Zeraora|Close Combat|p1a: Xatu
|-resisted|p1a: Xatu
|-damage|p1a: Xatu|32/100
|-unboost|p2a: Zeraora|def|1
|-unboost|p2a: Zeraora|spd|1
|-damage|p2a: Zeraora|84/100|[from] item: Rocky Helmet|[of] p1a: Xatu
|-damage|p2a: Zeraora|74/100|[from] item: Life Orb
|
|upkeep
|turn|12
|j| LT71LX LYSTER 123
|l| dvaru
|
|t:|1597266237
|move|p2a: Zeraora|Knock Off|p1a: Xatu
|-supereffective|p1a: Xatu
|-damage|p1a: Xatu|0 fnt
|-damage|p2a: Zeraora|58/100|[from] item: Rocky Helmet|[of] p1a: Xatu
|-enditem|p1a: Xatu|Rocky Helmet|[from] move: Knock Off|[of] p2a: Zeraora
|-damage|p2a: Zeraora|48/100|[from] item: Life Orb
|faint|p1a: Xatu
|
|upkeep
|j| Perc 30
|
|t:|1597266241
|switch|p1a: Ditto|Ditto|100/100
|-damage|p1a: Ditto|88/100|[from] Stealth Rock
|-transform|p1a: Ditto|p2a: Zeraora|[from] ability: Imposter
|turn|13
|j| Piblou
|j| VCS ASIANCY
|j| WaleTheTop-Notch
|
|t:|1597266256
|switch|p2a: Togekiss|Togekiss, M|100/100
|move|p1a: Ditto|Knock Off|p2a: Togekiss
|-resisted|p2a: Togekiss
|-damage|p2a: Togekiss|82/100
|-enditem|p2a: Togekiss|Choice Scarf|[from] move: Knock Off|[of] p1a: Ditto
|
|upkeep
|turn|14
|j| Waylaid
|
|t:|1597266269
|move|p1a: Ditto|Knock Off|p2a: Togekiss
|-resisted|p2a: Togekiss
|-damage|p2a: Togekiss|70/100
|move|p2a: Togekiss|Air Slash|p1a: Ditto|[miss]
|-miss|p2a: Togekiss|p1a: Ditto
|
|upkeep
|turn|15
|
|t:|1597266274
|switch|p1a: Blissey|Blissey, F|100/100
|switch|p2a: Crawdaunt|Crawdaunt, M|8/100
|
|upkeep
|turn|16
|j| LT71LX IV
|l| heavens melody
|j| Leo
|c|☆LT71LX BFL|fuck toge
|
|t:|1597266292
|move|p2a: Crawdaunt|Knock Off|p1a: Blissey
|-damage|p1a: Blissey|19/100
|-enditem|p1a: Blissey|Heavy-Duty Boots|[from] move: Knock Off|[of] p2a: Crawdaunt
|-damage|p2a: Crawdaunt|0 fnt|[from] item: Life Orb
|faint|p2a: Crawdaunt
|move|p1a: Blissey|Seismic Toss|p2: Crawdaunt|[notarget]
|-fail|p1a: Blissey
|
|upkeep
|j| cleann
|
|t:|1597266298
|switch|p2a: Rillaboom|Rillaboom, M|100/100
|-fieldstart|move: Grassy Terrain|[from] ability: Grassy Surge|[of] p2a: Rillaboom
|turn|17
|
|t:|1597266302
|move|p2a: Rillaboom|U-turn|p1a: Blissey
|-damage|p1a: Blissey|0 fnt
|faint|p1a: Blissey
|
|t:|1597266306
|switch|p2a: Zeraora|Zeraora|48/100|[from]move: U-turn
|
|-heal|p2a: Zeraora|54/100|[from] Grassy Terrain
|upkeep
|l| OUTU Neymar
|j| RedBeaver540
|
|t:|1597266322
|switch|p1a: Ditto|Ditto|88/100
|-damage|p1a: Ditto|76/100|[from] Stealth Rock
|-transform|p1a: Ditto|p2a: Zeraora|[from] ability: Imposter
|turn|18
|
|t:|1597266329
|switch|p2a: Rillaboom|Rillaboom, M|100/100
|move|p1a: Ditto|Plasma Fists|p2a: Rillaboom
|-resisted|p2a: Rillaboom
|-damage|p2a: Rillaboom|72/100
|-fieldactivate|move: Ion Deluge
|
|-heal|p1a: Ditto|82/100|[from] Grassy Terrain
|-heal|p2a: Rillaboom|79/100|[from] Grassy Terrain
|upkeep
|turn|19
|
|t:|1597266342
|switch|p1a: Clefable|Clefable, F|99/100
|-damage|p1a: Clefable|87/100|[from] Stealth Rock
|move|p2a: Rillaboom|Wood Hammer|p1a: Clefable
|-damage|p1a: Clefable|0 fnt
|-damage|p2a: Rillaboom|46/100|[from] Recoil
|faint|p1a: Clefable
|
|-heal|p2a: Rillaboom|52/100|[from] Grassy Terrain
|upkeep
|j| Infe
|
|t:|1597266348
|switch|p1a: Ferrothorn|Ferrothorn, F|100/100
|-damage|p1a: Ferrothorn|94/100|[from] Stealth Rock
|turn|20
|
|t:|1597266358
|switch|p2a: Zeraora|Zeraora|54/100
|move|p1a: Ferrothorn|Leech Seed|p2a: Zeraora
|-start|p2a: Zeraora|move: Leech Seed
|
|-heal|p2a: Zeraora|60/100|[from] Grassy Terrain
|-heal|p1a: Ferrothorn|100/100|[from] item: Leftovers
|-damage|p2a: Zeraora|48/100|[from] Leech Seed|[of] p1a: Ferrothorn
|upkeep
|turn|21
|
|t:|1597266364
|move|p2a: Zeraora|Close Combat|p1a: Ferrothorn
|-supereffective|p1a: Ferrothorn
|-damage|p1a: Ferrothorn|38/100
|-unboost|p2a: Zeraora|def|1
|-unboost|p2a: Zeraora|spd|1
|-damage|p2a: Zeraora|36/100|[from] ability: Iron Barbs|[of] p1a: Ferrothorn
|-damage|p2a: Zeraora|26/100|[from] item: Life Orb
|move|p1a: Ferrothorn|Spikes|p2a: Zeraora
|-sidestart|p2: LT71LX BFL|Spikes
|
|-heal|p2a: Zeraora|32/100|[from] Grassy Terrain
|-heal|p1a: Ferrothorn|44/100|[from] item: Leftovers
|-heal|p1a: Ferrothorn|50/100|[from] Grassy Terrain
|-fieldend|move: Grassy Terrain
|-damage|p2a: Zeraora|19/100|[from] Leech Seed|[of] p1a: Ferrothorn
|-heal|p1a: Ferrothorn|61/100|[silent]
|upkeep
|turn|22
|
|t:|1597266369
|switch|p1a: Ditto|Ditto|82/100
|-damage|p1a: Ditto|69/100|[from] Stealth Rock
|-transform|p1a: Ditto|p2a: Zeraora|[from] ability: Imposter
|move|p2a: Zeraora|Close Combat|p1a: Ditto
|-damage|p1a: Ditto|0 fnt
|-unboost|p2a: Zeraora|def|1
|-unboost|p2a: Zeraora|spd|1
|-damage|p2a: Zeraora|10/100|[from] item: Life Orb
|faint|p1a: Ditto
|
|upkeep
|
|t:|1597266370
|switch|p1a: Ferrothorn|Ferrothorn, F|61/100
|-damage|p1a: Ferrothorn|55/100|[from] Stealth Rock
|turn|23
|-message|LT71LX Luthier forfeited.
|
|win|LT71LX BFL
|c|☆LT71LX BFL|gg
|j| King Kdot
|c|☆LT71LX Luthier|gg
|j| Stamatis
|l| Perc 30
|l| met gala
|l| lt71lx sanj
|l| Waylaid
|l| LT71LX Kappucci
|l|☆LT71LX Luthier
|l| LT71LX LYSTER 123
|l| outu why
|l| WaleTheTop-Notch
|l| keberhart123
|l| LT71LX IV
|l| ez
|raw|LT71LX Luthier's rating: 2135 &rarr; <strong>2111</strong><br />(-24 for losing)
|raw|LT71LX BFL's rating: 2060 &rarr; <strong>2085</strong><br />(+25 for winning)
