|inactive|Battle timer is ON: inactive players will automatically lose when time's up.
|j|☆ezwz
|j|☆sufys12
|t:|1603824433
|player|p1|ezwz|youngster-gen4|
|player|p2|sufys12|2|
|teamsize|p1|6
|teamsize|p2|6
|gametype|singles
|gen|8
|tier|[Gen 8] OU
|rated|Tournament battle
|clearpoke
|poke|p1|Landorus-Therian, M|
|poke|p1|Heatran, M|
|poke|p1|Ferrothorn, M|
|poke|p1|Tapu Fini|
|poke|p1|Urshifu-*, F|
|poke|p1|Zapdos|
|poke|p2|Excadrill, F|
|poke|p2|Hippowdon, F|
|poke|p2|Dragapult, M|
|poke|p2|Clefable, F|
|poke|p2|Toxapex, F|
|poke|p2|Mandibuzz, F|
|rule|Sleep Clause Mod: Limit one foe put to sleep
|rule|Species Clause: Limit one of each Pokémon
|rule|OHKO Clause: OHKO moves are banned
|rule|Evasion Moves Clause: Evasion moves are banned
|rule|Endless Battle Clause: Forcing endless battles is banned
|rule|HP Percentage Mod: HP is shown in percentages
|rule|Dynamax Clause: You cannot dynamax
|rule|Blitz: Super-fast timer
|teampreview
|j| Vz Moses
|j| Sopmod II
|c|☆sufys12|gg.
|inactive|ezwz has 30 seconds left.
|j| fr-espyy
|j| Fin8192
|j| ttqm
|inactive|ezwz has 20 seconds left.
|inactive|ezwz has 15 seconds left.
|c| fr-espyy|isle of armor vs heatran
|inactive|ezwz has 10 seconds left.
|
|t:|1603824463
|start
|switch|p1a: Heatran|Heatran, M|100/100
|switch|p2a: Dragapult|Dragapult, M|100/100
|turn|1
|c| ttqm|this wont end well
|inactive|ezwz has 10 seconds left.
|c| ttqm|for sufys
|c|☆sufys12|LOL
|inactive|ezwz has 5 seconds left.
|
|t:|1603824474
|switch|p2a: Hippowdon|Hippowdon, F|100/100
|-weather|Sandstorm|[from] ability: Sand Stream|[of] p2a: Hippowdon
|move|p1a: Heatran|Magma Storm|p2a: Hippowdon|[miss]
|-miss|p1a: Heatran|p2a: Hippowdon
|
|-weather|Sandstorm|[upkeep]
|upkeep
|turn|2
|inactive|ezwz has 10 seconds left this turn.
|
|t:|1603824477
|switch|p1a: Ferrothorn|Ferrothorn, M|100/100
|move|p2a: Hippowdon|Stealth Rock|p1a: Ferrothorn
|-sidestart|p1: ezwz|move: Stealth Rock
|
|-weather|Sandstorm|[upkeep]
|upkeep
|turn|3
|j| osaosaods
|
|t:|1603824479
|switch|p2a: Clefable|Clefable, F|100/100
|move|p1a: Ferrothorn|Knock Off|p2a: Clefable
|-resisted|p2a: Clefable
|-damage|p2a: Clefable|92/100
|-enditem|p2a: Clefable|Life Orb|[from] move: Knock Off|[of] p1a: Ferrothorn
|
|-weather|Sandstorm|[upkeep]
|upkeep
|turn|4
|inactive|ezwz has 10 seconds left.
|
|t:|1603824486
|switch|p1a: Tapu Fini|Tapu Fini|100/100
|-damage|p1a: Tapu Fini|88/100|[from] Stealth Rock
|-fieldstart|move: Misty Terrain|[from] ability: Misty Surge|[of] p1a: Tapu Fini
|move|p2a: Clefable|Calm Mind|p2a: Clefable
|-boost|p2a: Clefable|spa|1
|-boost|p2a: Clefable|spd|1
|
|-weather|Sandstorm|[upkeep]
|-damage|p1a: Tapu Fini|82/100|[from] Sandstorm
|-heal|p1a: Tapu Fini|88/100|[from] item: Leftovers
|upkeep
|turn|5
|
|t:|1603824489
|move|p1a: Tapu Fini|Calm Mind|p1a: Tapu Fini
|-boost|p1a: Tapu Fini|spa|1
|-boost|p1a: Tapu Fini|spd|1
|move|p2a: Clefable|Thunder|p1a: Tapu Fini
|-supereffective|p1a: Tapu Fini
|-damage|p1a: Tapu Fini|50/100
|
|-weather|none
|-heal|p1a: Tapu Fini|56/100|[from] item: Leftovers
|upkeep
|turn|6
|c| ttqm|hold on this clef wins
|j| itzb
|
|t:|1603824493
|move|p1a: Tapu Fini|Draining Kiss|p2a: Clefable
|-damage|p2a: Clefable|72/100
|-heal|p1a: Tapu Fini|74/100|[from] drain|[of] p2a: Clefable
|move|p2a: Clefable|Calm Mind|p2a: Clefable
|-boost|p2a: Clefable|spa|1
|-boost|p2a: Clefable|spd|1
|
|-heal|p1a: Tapu Fini|80/100|[from] item: Leftovers
|upkeep
|turn|7
|j|@Primal Unova
|c|☆ezwz|tbh this clef 6-0s me ol
|inactive|ezwz has 10 seconds left.
|
|t:|1603824499
|move|p1a: Tapu Fini|Calm Mind|p1a: Tapu Fini
|-boost|p1a: Tapu Fini|spa|1
|-boost|p1a: Tapu Fini|spd|1
|move|p2a: Clefable|Soft-Boiled|p2a: Clefable
|-heal|p2a: Clefable|100/100
|
|-heal|p1a: Tapu Fini|86/100|[from] item: Leftovers
|upkeep
|turn|8
|
|t:|1603824503
|move|p1a: Tapu Fini|Substitute|p1a: Tapu Fini
|-start|p1a: Tapu Fini|Substitute
|-damage|p1a: Tapu Fini|61/100
|move|p2a: Clefable|Calm Mind|p2a: Clefable
|-boost|p2a: Clefable|spa|1
|-boost|p2a: Clefable|spd|1
|
|-heal|p1a: Tapu Fini|67/100|[from] item: Leftovers
|-fieldend|Misty Terrain
|upkeep
|turn|9
|
|t:|1603824505
|move|p1a: Tapu Fini|Calm Mind|p1a: Tapu Fini
|-boost|p1a: Tapu Fini|spa|1
|-boost|p1a: Tapu Fini|spd|1
|move|p2a: Clefable|Calm Mind|p2a: Clefable
|-boost|p2a: Clefable|spa|1
|-boost|p2a: Clefable|spd|1
|
|-heal|p1a: Tapu Fini|73/100|[from] item: Leftovers
|upkeep
|turn|10
|j| Mr. Minerva
|
|t:|1603824507
|move|p1a: Tapu Fini|Calm Mind|p1a: Tapu Fini
|-boost|p1a: Tapu Fini|spa|1
|-boost|p1a: Tapu Fini|spd|1
|move|p2a: Clefable|Calm Mind|p2a: Clefable
|-boost|p2a: Clefable|spa|1
|-boost|p2a: Clefable|spd|1
|
|-heal|p1a: Tapu Fini|80/100|[from] item: Leftovers
|upkeep
|turn|11
|c| itzb|this clef about to be unaware
|
|t:|1603824509
|move|p1a: Tapu Fini|Calm Mind|p1a: Tapu Fini
|-boost|p1a: Tapu Fini|spa|1
|-boost|p1a: Tapu Fini|spd|1
|move|p2a: Clefable|Calm Mind|p2a: Clefable
|-boost|p2a: Clefable|spa|1
|-boost|p2a: Clefable|spd|1
|
|-heal|p1a: Tapu Fini|86/100|[from] item: Leftovers
|upkeep
|turn|12
|c|@Primal Unova|is this the chad unaware
|
|t:|1603824513
|move|p1a: Tapu Fini|Calm Mind|p1a: Tapu Fini
|-boost|p1a: Tapu Fini|spa|1
|-boost|p1a: Tapu Fini|spd|1
|move|p2a: Clefable|Moonblast|p1a: Tapu Fini
|-crit|p1a: Tapu Fini
|-end|p1a: Tapu Fini|Substitute
|
|-heal|p1a: Tapu Fini|92/100|[from] item: Leftovers
|upkeep
|turn|13
|c|@Primal Unova|softboiled
|
|t:|1603824516
|move|p1a: Tapu Fini|Substitute|p1a: Tapu Fini
|-start|p1a: Tapu Fini|Substitute
|-damage|p1a: Tapu Fini|67/100
|move|p2a: Clefable|Thunder|p1a: Tapu Fini
|-supereffective|p1a: Tapu Fini
|-end|p1a: Tapu Fini|Substitute
|
|-heal|p1a: Tapu Fini|73/100|[from] item: Leftovers
|upkeep
|turn|14
|j| supah buu
|
|t:|1603824520
|move|p1a: Tapu Fini|Substitute|p1a: Tapu Fini
|-start|p1a: Tapu Fini|Substitute
|-damage|p1a: Tapu Fini|48/100
|move|p2a: Clefable|Moonblast|p1a: Tapu Fini
|-activate|p1a: Tapu Fini|move: Substitute|[damage]
|
|-heal|p1a: Tapu Fini|54/100|[from] item: Leftovers
|upkeep
|turn|15
|
|t:|1603824522
|move|p1a: Tapu Fini|Draining Kiss|p2a: Clefable
|-damage|p2a: Clefable|81/100
|-heal|p1a: Tapu Fini|71/100|[from] drain|[of] p2a: Clefable
|move|p2a: Clefable|Moonblast|p1a: Tapu Fini
|-end|p1a: Tapu Fini|Substitute
|
|-heal|p1a: Tapu Fini|77/100|[from] item: Leftovers
|upkeep
|turn|16
|inactive|ezwz has 10 seconds left.
|
|t:|1603824528
|move|p1a: Tapu Fini|Substitute|p1a: Tapu Fini
|-start|p1a: Tapu Fini|Substitute
|-damage|p1a: Tapu Fini|52/100
|move|p2a: Clefable|Moonblast|p1a: Tapu Fini
|-activate|p1a: Tapu Fini|move: Substitute|[damage]
|
|-heal|p1a: Tapu Fini|58/100|[from] item: Leftovers
|upkeep
|turn|17
|
|t:|1603824531
|move|p1a: Tapu Fini|Draining Kiss|p2a: Clefable
|-damage|p2a: Clefable|60/100
|-heal|p1a: Tapu Fini|76/100|[from] drain|[of] p2a: Clefable
|move|p2a: Clefable|Soft-Boiled|p2a: Clefable
|-heal|p2a: Clefable|100/100
|
|-heal|p1a: Tapu Fini|82/100|[from] item: Leftovers
|upkeep
|turn|18
|
|t:|1603824534
|move|p1a: Tapu Fini|Scald|p2a: Clefable
|-damage|p2a: Clefable|67/100
|move|p2a: Clefable|Moonblast|p1a: Tapu Fini
|-end|p1a: Tapu Fini|Substitute
|
|-heal|p1a: Tapu Fini|89/100|[from] item: Leftovers
|upkeep
|turn|19
|j| Doctor IR.
|
|t:|1603824538
|move|p1a: Tapu Fini|Substitute|p1a: Tapu Fini
|-start|p1a: Tapu Fini|Substitute
|-damage|p1a: Tapu Fini|64/100
|move|p2a: Clefable|Soft-Boiled|p2a: Clefable
|-heal|p2a: Clefable|100/100
|
|-heal|p1a: Tapu Fini|70/100|[from] item: Leftovers
|upkeep
|turn|20
|
|t:|1603824542
|move|p1a: Tapu Fini|Draining Kiss|p2a: Clefable
|-damage|p2a: Clefable|80/100
|-heal|p1a: Tapu Fini|87/100|[from] drain|[of] p2a: Clefable
|move|p2a: Clefable|Moonblast|p1a: Tapu Fini
|-activate|p1a: Tapu Fini|move: Substitute|[damage]
|
|-heal|p1a: Tapu Fini|94/100|[from] item: Leftovers
|upkeep
|turn|21
|
|t:|1603824546
|move|p1a: Tapu Fini|Scald|p2a: Clefable
|-damage|p2a: Clefable|49/100
|move|p2a: Clefable|Moonblast|p1a: Tapu Fini
|-end|p1a: Tapu Fini|Substitute
|
|-heal|p1a: Tapu Fini|99/100|[from] item: Leftovers
|upkeep
|turn|22
|j| sugarhigh
|inactive|ezwz has 10 seconds left.
|c|☆sufys12|F
|c|☆sufys12|wth
|
|t:|1603824554
|move|p1a: Tapu Fini|Scald|p2a: Clefable
|-crit|p2a: Clefable
|-damage|p2a: Clefable|0 fnt
|faint|p2a: Clefable
|
|-heal|p1a: Tapu Fini|100/100|[from] item: Leftovers
|upkeep
|c| fr-espyy|;ooo
|c| Vz Moses|lol
|
|t:|1603824557
|switch|p2a: Toxapex|Toxapex, F|100/100
|turn|23
|c| sugarhigh|rippers
|c|☆ezwz|suuuiiii
|c| itzb|oh shoot
|c|☆sufys12|LOL
|j| Qsxaz
|c| ttqm|he was favored
|
|t:|1603824562
|move|p1a: Tapu Fini|Scald|p2a: Toxapex
|-resisted|p2a: Toxapex
|-damage|p2a: Toxapex|47/100
|move|p2a: Toxapex|Haze|p2a: Toxapex
|-clearallboost
|
|-heal|p2a: Toxapex|53/100|[from] item: Black Sludge
|upkeep
|turn|24
|c| ttqm|lol
|c|☆sufys12|gg.
|c| fr-espyy|tapu fini said fuck cled
|
|t:|1603824565
|move|p1a: Tapu Fini|Substitute|p1a: Tapu Fini
|-start|p1a: Tapu Fini|Substitute
|-damage|p1a: Tapu Fini|75/100
|move|p2a: Toxapex|Recover|p2a: Toxapex
|-heal|p2a: Toxapex|100/100
|
|-heal|p1a: Tapu Fini|82/100|[from] item: Leftovers
|upkeep
|turn|25
|c| ttqm|like ezwz had 50 chances
|
|t:|1603824569
|switch|p2a: Hippowdon|Hippowdon, F|100/100
|-weather|Sandstorm|[from] ability: Sand Stream|[of] p2a: Hippowdon
|move|p1a: Tapu Fini|Scald|p2a: Hippowdon
|-supereffective|p2a: Hippowdon
|-damage|p2a: Hippowdon|53/100
|-status|p2a: Hippowdon|brn
|
|-weather|Sandstorm|[upkeep]
|-damage|p1a: Tapu Fini|75/100|[from] Sandstorm
|-heal|p1a: Tapu Fini|82/100|[from] item: Leftovers
|-heal|p2a: Hippowdon|60/100 brn|[from] item: Leftovers
|-damage|p2a: Hippowdon|53/100 brn|[from] brn
|upkeep
|turn|26
|c| ttqm|to get a crit
|
|t:|1603824572
|move|p1a: Tapu Fini|Scald|p2a: Hippowdon
|-supereffective|p2a: Hippowdon
|-damage|p2a: Hippowdon|0 fnt
|faint|p2a: Hippowdon
|
|-weather|Sandstorm|[upkeep]
|-damage|p1a: Tapu Fini|75/100|[from] Sandstorm
|-heal|p1a: Tapu Fini|82/100|[from] item: Leftovers
|upkeep
|
|t:|1603824576
|switch|p2a: Excadrill|Excadrill, F|100/100
|turn|27
|c| itzb|haze is a l
|c| sugarhigh|dam yo
|c| sugarhigh|its primarina
|c| sugarhigh|on steroids
|c| sugarhigh|LOL
|
|t:|1603824580
|move|p2a: Excadrill|Earthquake|p1a: Tapu Fini
|-end|p1a: Tapu Fini|Substitute
|move|p1a: Tapu Fini|Scald|p2a: Excadrill
|-supereffective|p2a: Excadrill
|-damage|p2a: Excadrill|10/100
|
|-weather|Sandstorm|[upkeep]
|-damage|p1a: Tapu Fini|75/100|[from] Sandstorm
|-heal|p2a: Excadrill|16/100|[from] item: Leftovers
|-heal|p1a: Tapu Fini|82/100|[from] item: Leftovers
|upkeep
|turn|28
|c|☆sufys12|LOL
|
|t:|1603824585
|switch|p1a: Landorus|Landorus-Therian, M|100/100
|-damage|p1a: Landorus|88/100|[from] Stealth Rock
|-ability|p1a: Landorus|Intimidate|boost
|-unboost|p2a: Excadrill|atk|1
|move|p2a: Excadrill|Earthquake|p1a: Landorus
|-immune|p1a: Landorus
|
|-weather|Sandstorm|[upkeep]
|-heal|p2a: Excadrill|22/100|[from] item: Leftovers
|upkeep
|turn|29
|j| 30GXENOOB
|
|t:|1603824589
|move|p2a: Excadrill|Iron Head|p1a: Landorus
|-damage|p1a: Landorus|67/100
|-damage|p2a: Excadrill|6/100|[from] item: Rocky Helmet|[of] p1a: Landorus
|move|p1a: Landorus|Defog|p2a: Excadrill
|-unboost|p2a: Excadrill|evasion|1
|-sideend|p1: ezwz|Stealth Rock|[from] move: Defog|[of] p1a: Landorus
|
|-weather|none
|-heal|p2a: Excadrill|12/100|[from] item: Leftovers
|upkeep
|turn|30
|
|t:|1603824592
|switch|p2a: Mandibuzz|Mandibuzz, F|100/100
|move|p1a: Landorus|U-turn|p2a: Mandibuzz
|-damage|p2a: Mandibuzz|86/100
|
|t:|1603824595
|switch|p1a: Ferrothorn|Ferrothorn, M|100/100|[from]move: U-turn
|
|upkeep
|turn|31
|
|t:|1603824598
|switch|p2a: Dragapult|Dragapult, M|100/100
|move|p1a: Ferrothorn|Knock Off|p2a: Dragapult
|-supereffective|p2a: Dragapult
|-damage|p2a: Dragapult|40/100
|-enditem|p2a: Dragapult|Choice Scarf|[from] move: Knock Off|[of] p1a: Ferrothorn
|
|upkeep
|turn|32
|c| 30GXENOOB|yo ezwz u dont got stored power?
|
|t:|1603824601
|switch|p1a: Heatran|Heatran, M|100/100
|move|p2a: Dragapult|Flamethrower|p1a: Heatran
|-start|p1a: Heatran|ability: Flash Fire
|
|upkeep
|turn|33
|
|t:|1603824604
|move|p2a: Dragapult|U-turn|p1a: Heatran
|-resisted|p1a: Heatran
|-damage|p1a: Heatran|97/100
|
|t:|1603824605
|switch|p2a: Toxapex|Toxapex, F|100/100|[from]move: U-turn
|move|p1a: Heatran|Magma Storm|p2a: Toxapex
|-resisted|p2a: Toxapex
|-damage|p2a: Toxapex|75/100
|-activate|p2a: Toxapex|move: Magma Storm|[of] p1a: Heatran
|
|-heal|p1a: Heatran|100/100|[from] item: Leftovers
|-heal|p2a: Toxapex|81/100|[from] item: Black Sludge
|-damage|p2a: Toxapex|69/100|[from] move: Magma Storm|[partiallytrapped]
|upkeep
|turn|34
|
|t:|1603824609
|move|p1a: Heatran|Earth Power|p2a: Toxapex
|-supereffective|p2a: Toxapex
|-damage|p2a: Toxapex|27/100
|move|p2a: Toxapex|Scald|p1a: Heatran
|-supereffective|p1a: Heatran
|-damage|p1a: Heatran|79/100
|
|-heal|p1a: Heatran|85/100|[from] item: Leftovers
|-heal|p2a: Toxapex|33/100|[from] item: Black Sludge
|-damage|p2a: Toxapex|21/100|[from] move: Magma Storm|[partiallytrapped]
|upkeep
|turn|35
|j|+r u b y
|
|t:|1603824613
|move|p1a: Heatran|Earth Power|p2a: Toxapex
|-supereffective|p2a: Toxapex
|-damage|p2a: Toxapex|0 fnt
|faint|p2a: Toxapex
|
|-heal|p1a: Heatran|91/100|[from] item: Leftovers
|upkeep
|n| itzv|itzb
|c|☆sufys12|gg bro
|
|t:|1603824616
|switch|p2a: Excadrill|Excadrill, F|12/100
|turn|36
|c|☆ezwz|gg
|
|t:|1603824618
|-end|p1a: Heatran|ability: Flash Fire|[silent]
|switch|p1a: Landorus|Landorus-Therian, M|67/100
|-ability|p1a: Landorus|Intimidate|boost
|-unboost|p2a: Excadrill|atk|1
|move|p2a: Excadrill|Earthquake|p1a: Landorus
|-immune|p1a: Landorus
|
|-heal|p2a: Excadrill|18/100|[from] item: Leftovers
|upkeep
|turn|37
|
|t:|1603824622
|move|p2a: Excadrill|Iron Head|p1a: Landorus
|-damage|p1a: Landorus|49/100
|-damage|p2a: Excadrill|1/100|[from] item: Rocky Helmet|[of] p1a: Landorus
|move|p1a: Landorus|Toxic|p2a: Excadrill
|-immune|p2a: Excadrill
|
|-heal|p2a: Excadrill|7/100|[from] item: Leftovers
|upkeep
|turn|38
|
|t:|1603824625
|move|p2a: Excadrill|Iron Head|p1a: Landorus
|-damage|p1a: Landorus|28/100
|-damage|p2a: Excadrill|0 fnt|[from] item: Rocky Helmet|[of] p1a: Landorus
|faint|p2a: Excadrill
|move|p1a: Landorus|U-turn|p2: Excadrill|[notarget]
|-fail|p1a: Landorus
|
|upkeep
|
|t:|1603824627
|switch|p2a: Dragapult|Dragapult, M|40/100
|turn|39
|
|t:|1603824631
|switch|p1a: Heatran|Heatran, M|91/100
|move|p2a: Dragapult|Shadow Ball|p1a: Heatran
|-damage|p1a: Heatran|69/100
|
|-heal|p1a: Heatran|76/100|[from] item: Leftovers
|upkeep
|turn|40
|
|t:|1603824635
|move|p2a: Dragapult|Shadow Ball|p1a: Heatran
|-damage|p1a: Heatran|55/100
|move|p1a: Heatran|Earth Power|p2a: Dragapult
|-damage|p2a: Dragapult|4/100
|
|-heal|p1a: Heatran|61/100|[from] item: Leftovers
|upkeep
|turn|41
|
|t:|1603824637
|move|p2a: Dragapult|Shadow Ball|p1a: Heatran
|-damage|p1a: Heatran|39/100
|-unboost|p1a: Heatran|spd|1
|move|p1a: Heatran|Earth Power|p2a: Dragapult
|-damage|p2a: Dragapult|0 fnt
|faint|p2a: Dragapult
|
|-heal|p1a: Heatran|45/100|[from] item: Leftovers
|upkeep
|
|t:|1603824640
|switch|p2a: Mandibuzz|Mandibuzz, F|86/100
|turn|42
|
|t:|1603824641
|move|p2a: Mandibuzz|Foul Play|p1a: Heatran
|-damage|p1a: Heatran|25/100
|move|p1a: Heatran|Magma Storm|p2a: Mandibuzz
|-damage|p2a: Mandibuzz|51/100
|-activate|p2a: Mandibuzz|move: Magma Storm|[of] p1a: Heatran
|
|-heal|p1a: Heatran|31/100|[from] item: Leftovers
|-damage|p2a: Mandibuzz|39/100|[from] move: Magma Storm|[partiallytrapped]
|upkeep
|turn|43
|c|☆sufys12|6-0
|
|t:|1603824645
|move|p2a: Mandibuzz|Foul Play|p1a: Heatran
|-damage|p1a: Heatran|12/100
|move|p1a: Heatran|Magma Storm|p2a: Mandibuzz
|-damage|p2a: Mandibuzz|7/100
|
|-heal|p1a: Heatran|18/100|[from] item: Leftovers
|-damage|p2a: Mandibuzz|0 fnt|[from] move: Magma Storm|[partiallytrapped]
|faint|p2a: Mandibuzz
|
|win|ezwz
|upkeep
|l| 30GXENOOB
|l| ttqm
|l|☆ezwz
|l| Mr. Minerva
|l|+r u b y
|l|☆sufys12
|l| Vz Moses
