|j|☆FreshLsOffThePress
|j|☆enpathy
|t:|1645356327
|gametype|singles
|player|p1|FreshLsOffThePress|170|1662
|player|p2|enpathy|265|1649
|teamsize|p1|6
|teamsize|p2|6
|gen|8
|tier|[Gen 8] OU
|rated|
|rule|Sleep Clause Mod: Limit one foe put to sleep
|rule|Species Clause: Limit one of each Pokémon
|rule|OHKO Clause: OHKO moves are banned
|rule|Evasion Moves Clause: Evasion moves are banned
|rule|Endless Battle Clause: Forcing endless battles is banned
|rule|HP Percentage Mod: HP is shown in percentages
|rule|Dynamax Clause: You cannot dynamax
|clearpoke
|poke|p1|Melmetal|
|poke|p1|Slowking, F|
|poke|p1|Arctozolt|
|poke|p1|Ninetales-Alola, F|
|poke|p1|Landorus-Therian, M|
|poke|p1|Kommo-o, M|
|poke|p2|Heatran, M|
|poke|p2|Tapu Koko|
|poke|p2|Slowking, M|
|poke|p2|Landorus-Therian, M|
|poke|p2|Blacephalon|
|poke|p2|Weavile, M|
|teampreview
|inactive|Battle timer is ON: inactive players will automatically lose when time's up. (requested by FreshLsOffThePress)
|
|t:|1645356348
|start
|switch|p1a: Landorus|Landorus-Therian, M|100/100
|switch|p2a: Tapu Koko|Tapu Koko|100/100
|-fieldstart|move: Electric Terrain|[from] ability: Electric Surge|[of] p2a: Tapu Koko
|-ability|p1a: Landorus|Intimidate|boost
|-unboost|p2a: Tapu Koko|atk|1
|turn|1
|j| Alex1900
|
|t:|1645356356
|move|p2a: Tapu Koko|Toxic|p1a: Landorus
|-status|p1a: Landorus|tox
|move|p1a: Landorus|Knock Off|p2a: Tapu Koko
|-resisted|p2a: Tapu Koko
|-damage|p2a: Tapu Koko|84/100
|-damage|p1a: Landorus|84/100 tox|[from] item: Rocky Helmet|[of] p2a: Tapu Koko
|-enditem|p2a: Tapu Koko|Rocky Helmet|[from] move: Knock Off|[of] p1a: Landorus
|
|-damage|p1a: Landorus|78/100 tox|[from] psn
|upkeep
|turn|2
|j| Kalandrone
|
|t:|1645356375
|switch|p2a: Landorus|Landorus-Therian, M|100/100
|-ability|p2a: Landorus|Intimidate|boost
|-unboost|p1a: Landorus|atk|1
|move|p1a: Landorus|U-turn|p2a: Landorus
|-resisted|p2a: Landorus
|-damage|p2a: Landorus|92/100
|
|t:|1645356385
|switch|p1a: Ninetales|Ninetales-Alola, F|100/100|[from]move: U-turn
|-weather|Hail|[from] ability: Snow Warning|[of] p1a: Ninetales
|
|-weather|Hail|[upkeep]
|-damage|p2a: Landorus|86/100|[from] Hail
|-heal|p2a: Landorus|92/100|[from] item: Leftovers
|upkeep
|turn|3
|
|t:|1645356399
|switch|p2a: Slowking|Slowking, M|100/100
|move|p1a: Ninetales|Aurora Veil|p1a: Ninetales
|-sidestart|p1: FreshLsOffThePress|move: Aurora Veil
|
|-weather|Hail|[upkeep]
|-damage|p2a: Slowking|94/100|[from] Hail
|upkeep
|turn|4
|
|t:|1645356404
|move|p1a: Ninetales|Hypnosis|p2a: Slowking|[miss]
|-miss|p1a: Ninetales|p2a: Slowking
|move|p2a: Slowking|Teleport|p2a: Slowking
|
|t:|1645356409
|switch|p2a: Blacephalon|Blacephalon|100/100|[from]move: Teleport
|
|-weather|Hail|[upkeep]
|-damage|p2a: Blacephalon|94/100|[from] Hail
|upkeep
|turn|5
|
|t:|1645356413
|switch|p1a: Kommo-o|Kommo-o, M|100/100
|move|p2a: Blacephalon|Trick|p1a: Kommo-o
|-activate|p2a: Blacephalon|move: Trick|[of] p1a: Kommo-o
|-item|p1a: Kommo-o|Choice Specs|[from] move: Trick
|-item|p2a: Blacephalon|Rocky Helmet|[from] move: Trick
|
|-weather|Hail|[upkeep]
|-damage|p2a: Blacephalon|88/100|[from] Hail
|-damage|p1a: Kommo-o|94/100|[from] Hail
|-fieldend|move: Electric Terrain
|upkeep
|turn|6
|
|t:|1645356431
|switch|p2a: Slowking|Slowking, M|100/100
|move|p1a: Kommo-o|Stealth Rock|p2a: Slowking
|-sidestart|p2: enpathy|move: Stealth Rock
|
|-weather|Hail|[upkeep]
|-damage|p1a: Kommo-o|88/100|[from] Hail
|-damage|p2a: Slowking|94/100|[from] Hail
|upkeep
|turn|7
|j| Marquesa-10%
|
|t:|1645356438
|switch|p1a: Arctozolt|Arctozolt|100/100
|move|p2a: Slowking|Teleport|p2a: Slowking
|
|t:|1645356440
|switch|p2a: Heatran|Heatran, M|100/100|[from]move: Teleport
|-damage|p2a: Heatran|88/100|[from] Stealth Rock
|
|-weather|Hail|[upkeep]
|-damage|p2a: Heatran|82/100|[from] Hail
|-heal|p2a: Heatran|88/100|[from] item: Leftovers
|-sideend|p1: FreshLsOffThePress|move: Aurora Veil
|upkeep
|turn|8
|
|t:|1645356451
|switch|p1a: Kommo-o|Kommo-o, M|88/100
|move|p2a: Heatran|Toxic|p1a: Kommo-o
|-status|p1a: Kommo-o|tox
|
|-weather|Hail|[upkeep]
|-damage|p1a: Kommo-o|82/100 tox|[from] Hail
|-damage|p2a: Heatran|82/100|[from] Hail
|-heal|p2a: Heatran|88/100|[from] item: Leftovers
|-damage|p1a: Kommo-o|76/100 tox|[from] psn
|upkeep
|turn|9
|
|t:|1645356460
|switch|p2a: Landorus|Landorus-Therian, M|92/100
|-damage|p2a: Landorus|80/100|[from] Stealth Rock
|-ability|p2a: Landorus|Intimidate|boost
|-unboost|p1a: Kommo-o|atk|1
|move|p1a: Kommo-o|Thunder Punch|p2a: Landorus
|-immune|p2a: Landorus
|
|-weather|none
|-heal|p2a: Landorus|86/100|[from] item: Leftovers
|-damage|p1a: Kommo-o|63/100 tox|[from] psn
|upkeep
|turn|10
|
|t:|1645356464
|switch|p1a: Ninetales|Ninetales-Alola, F|100/100
|-weather|Hail|[from] ability: Snow Warning|[of] p1a: Ninetales
|move|p2a: Landorus|Defog|p1a: Ninetales
|-unboost|p1a: Ninetales|evasion|1
|-sideend|p2: enpathy|Stealth Rock|[from] move: Defog|[of] p2a: Landorus
|
|-weather|Hail|[upkeep]
|-damage|p2a: Landorus|80/100|[from] Hail
|-heal|p2a: Landorus|86/100|[from] item: Leftovers
|upkeep
|turn|11
|
|t:|1645356477
|move|p1a: Ninetales|Freeze-Dry|p2a: Landorus
|-supereffective|p2a: Landorus
|-damage|p2a: Landorus|4/100
|move|p2a: Landorus|U-turn|p1a: Ninetales
|-resisted|p1a: Ninetales
|-damage|p1a: Ninetales|83/100
|
|t:|1645356482
|switch|p2a: Weavile|Weavile, M|100/100|[from]move: U-turn
|
|-weather|Hail|[upkeep]
|upkeep
|turn|12
|
|t:|1645356489
|move|p2a: Weavile|Beat Up|p1a: Ninetales
|-resisted|p1a: Ninetales
|-damage|p1a: Ninetales|73/100
|-resisted|p1a: Ninetales
|-damage|p1a: Ninetales|66/100
|-resisted|p1a: Ninetales
|-damage|p1a: Ninetales|57/100
|-resisted|p1a: Ninetales
|-damage|p1a: Ninetales|47/100
|-resisted|p1a: Ninetales
|-damage|p1a: Ninetales|36/100
|-resisted|p1a: Ninetales
|-damage|p1a: Ninetales|25/100
|-hitcount|p1a: Ninetales|6
|move|p1a: Ninetales|Moonblast|p2a: Weavile
|-supereffective|p2a: Weavile
|-damage|p2a: Weavile|0 fnt
|faint|p2a: Weavile
|
|-weather|Hail|[upkeep]
|upkeep
|l| Kalandrone
|
|t:|1645356493
|switch|p2a: Tapu Koko|Tapu Koko|84/100
|-fieldstart|move: Electric Terrain|[from] ability: Electric Surge|[of] p2a: Tapu Koko
|turn|13
|
|t:|1645356502
|switch|p1a: Landorus|Landorus-Therian, M|78/100 tox
|-ability|p1a: Landorus|Intimidate|boost
|-unboost|p2a: Tapu Koko|atk|1
|move|p2a: Tapu Koko|U-turn|p1a: Landorus
|-resisted|p1a: Landorus
|-damage|p1a: Landorus|72/100 tox
|
|t:|1645356505
|switch|p2a: Blacephalon|Blacephalon|88/100|[from]move: U-turn
|
|-weather|Hail|[upkeep]
|-damage|p2a: Blacephalon|82/100|[from] Hail
|-damage|p1a: Landorus|66/100 tox|[from] Hail
|-damage|p1a: Landorus|60/100 tox|[from] psn
|upkeep
|turn|14
|
|t:|1645356514
|move|p2a: Blacephalon|Overheat|p1a: Landorus
|-damage|p1a: Landorus|5/100 tox
|-unboost|p2a: Blacephalon|spa|2
|move|p1a: Landorus|Knock Off|p2a: Blacephalon
|-supereffective|p2a: Blacephalon
|-damage|p2a: Blacephalon|0 fnt
|-damage|p1a: Landorus|0 fnt|[from] item: Rocky Helmet|[of] p2a: Blacephalon
|faint|p2a: Blacephalon
|faint|p1a: Landorus
|
|-weather|Hail|[upkeep]
|upkeep
|inactive|FreshLsOffThePress has 120 seconds left.
|
|t:|1645356546
|switch|p2a: Tapu Koko|Tapu Koko|84/100
|switch|p1a: Kommo-o|Kommo-o, M|63/100 tox
|turn|15
|inactive|FreshLsOffThePress has 120 seconds left.
|
|t:|1645356558
|move|p2a: Tapu Koko|U-turn|p1a: Kommo-o
|-resisted|p1a: Kommo-o
|-damage|p1a: Kommo-o|58/100 tox
|
|t:|1645356560
|switch|p2a: Slowking|Slowking, M|100/100|[from]move: U-turn
|move|p1a: Kommo-o|Body Press|p2a: Slowking
|-resisted|p2a: Slowking
|-damage|p2a: Slowking|83/100
|
|-weather|Hail|[upkeep]
|-damage|p1a: Kommo-o|52/100 tox|[from] Hail
|-damage|p2a: Slowking|77/100|[from] Hail
|-damage|p1a: Kommo-o|46/100 tox|[from] psn
|upkeep
|turn|16
|
|t:|1645356568
|switch|p1a: Slowking|Slowking, F|100/100
|move|p2a: Slowking|Teleport|p2a: Slowking
|
|t:|1645356571
|switch|p2a: Tapu Koko|Tapu Koko|84/100|[from]move: Teleport
|
|-weather|Hail|[upkeep]
|-damage|p2a: Tapu Koko|78/100|[from] Hail
|-damage|p1a: Slowking|94/100|[from] Hail
|upkeep
|turn|17
|
|t:|1645356576
|switch|p1a: Kommo-o|Kommo-o, M|46/100 tox
|move|p2a: Tapu Koko|Thunderbolt|p1a: Kommo-o
|-resisted|p1a: Kommo-o
|-damage|p1a: Kommo-o|28/100 tox
|
|-weather|none
|-damage|p1a: Kommo-o|22/100 tox|[from] psn
|-fieldend|move: Electric Terrain
|upkeep
|turn|18
|
|t:|1645356582
|move|p2a: Tapu Koko|U-turn|p1a: Kommo-o
|-resisted|p1a: Kommo-o
|-damage|p1a: Kommo-o|17/100 tox
|
|t:|1645356584
|switch|p2a: Slowking|Slowking, M|100/100|[from]move: U-turn
|move|p1a: Kommo-o|Taunt|p2a: Slowking
|-start|p2a: Slowking|move: Taunt
|
|-damage|p1a: Kommo-o|4/100 tox|[from] psn
|upkeep
|turn|19
|
|t:|1645356590
|switch|p1a: Ninetales|Ninetales-Alola, F|25/100
|-weather|Hail|[from] ability: Snow Warning|[of] p1a: Ninetales
|switch|p2a: Tapu Koko|Tapu Koko|78/100
|-fieldstart|move: Electric Terrain|[from] ability: Electric Surge|[of] p2a: Tapu Koko
|
|-weather|Hail|[upkeep]
|-damage|p2a: Tapu Koko|72/100|[from] Hail
|upkeep
|turn|20
|
|t:|1645356598
|switch|p1a: Kommo-o|Kommo-o, M|4/100 tox
|move|p2a: Tapu Koko|Roost|p2a: Tapu Koko
|-heal|p2a: Tapu Koko|100/100
|-singleturn|p2a: Tapu Koko|move: Roost
|
|-weather|Hail|[upkeep]
|-damage|p2a: Tapu Koko|95/100|[from] Hail
|-damage|p1a: Kommo-o|0 fnt|[from] Hail
|faint|p1a: Kommo-o
|upkeep
|
|t:|1645356611
|switch|p1a: Arctozolt|Arctozolt|100/100
|turn|21
|
|t:|1645356618
|move|p1a: Arctozolt|Icicle Crash|p2a: Tapu Koko
|-damage|p2a: Tapu Koko|53/100
|move|p2a: Tapu Koko|Toxic|p1a: Arctozolt
|-status|p1a: Arctozolt|tox
|
|-weather|Hail|[upkeep]
|-damage|p2a: Tapu Koko|47/100|[from] Hail
|-damage|p1a: Arctozolt|94/100 tox|[from] psn
|upkeep
|turn|22
|
|t:|1645356625
|switch|p2a: Heatran|Heatran, M|88/100
|move|p1a: Arctozolt|Bolt Beak|p2a: Heatran
|-damage|p2a: Heatran|30/100
|
|-weather|Hail|[upkeep]
|-damage|p2a: Heatran|23/100|[from] Hail
|-heal|p2a: Heatran|30/100|[from] item: Leftovers
|-damage|p1a: Arctozolt|82/100 tox|[from] psn
|upkeep
|turn|23
|
|t:|1645356630
|switch|p2a: Landorus|Landorus-Therian, M|4/100
|-ability|p2a: Landorus|Intimidate|boost
|-unboost|p1a: Arctozolt|atk|1
|move|p1a: Arctozolt|Low Kick|p2a: Landorus
|-resisted|p2a: Landorus
|-damage|p2a: Landorus|0 fnt
|faint|p2a: Landorus
|
|-weather|Hail|[upkeep]
|-damage|p1a: Arctozolt|63/100 tox|[from] psn
|-fieldend|move: Electric Terrain
|upkeep
|
|t:|1645356633
|switch|p2a: Tapu Koko|Tapu Koko|47/100
|-fieldstart|move: Electric Terrain|[from] ability: Electric Surge|[of] p2a: Tapu Koko
|turn|24
|
|t:|1645356637
|move|p1a: Arctozolt|Bolt Beak|p2a: Tapu Koko
|-resisted|p2a: Tapu Koko
|-damage|p2a: Tapu Koko|16/100
|move|p2a: Tapu Koko|Roost|p2a: Tapu Koko
|-heal|p2a: Tapu Koko|67/100
|-singleturn|p2a: Tapu Koko|move: Roost
|
|-weather|Hail|[upkeep]
|-damage|p2a: Tapu Koko|61/100|[from] Hail
|-damage|p1a: Arctozolt|38/100 tox|[from] psn
|upkeep
|turn|25
|j| Kalandrone
|
|t:|1645356650
|switch|p1a: Slowking|Slowking, F|100/100
|switch|p2a: Slowking|Slowking, M|100/100
|
|-weather|Hail|[upkeep]
|-damage|p1a: Slowking|94/100|[from] Hail
|-damage|p2a: Slowking|94/100|[from] Hail
|upkeep
|turn|26
|l| Kalandrone
|
|t:|1645356660
|move|p1a: Slowking|Scald|p2a: Slowking
|-resisted|p2a: Slowking
|-damage|p2a: Slowking|84/100
|-status|p2a: Slowking|brn
|move|p2a: Slowking|Teleport|p2a: Slowking
|
|t:|1645356663
|switch|p2a: Tapu Koko|Tapu Koko|61/100|[from]move: Teleport
|
|-weather|none
|upkeep
|turn|27
|
|t:|1645356667
|switch|p1a: Ninetales|Ninetales-Alola, F|25/100
|-weather|Hail|[from] ability: Snow Warning|[of] p1a: Ninetales
|move|p2a: Tapu Koko|Thunderbolt|p1a: Ninetales
|-damage|p1a: Ninetales|0 fnt
|faint|p1a: Ninetales
|
|-weather|Hail|[upkeep]
|-damage|p2a: Tapu Koko|55/100|[from] Hail
|upkeep
|
|t:|1645356671
|switch|p1a: Arctozolt|Arctozolt|38/100 tox
|turn|28
|
|t:|1645356676
|move|p1a: Arctozolt|Bolt Beak|p2a: Tapu Koko
|-resisted|p2a: Tapu Koko
|-damage|p2a: Tapu Koko|6/100
|move|p2a: Tapu Koko|U-turn|p1a: Arctozolt
|-damage|p1a: Arctozolt|18/100 tox
|
|t:|1645356682
|switch|p2a: Slowking|Slowking, M|100/100 brn|[from]move: U-turn
|
|-weather|Hail|[upkeep]
|-damage|p2a: Slowking|94/100 brn|[from] Hail
|-damage|p1a: Arctozolt|12/100 tox|[from] psn
|-damage|p2a: Slowking|88/100 brn|[from] brn
|-fieldend|move: Electric Terrain
|upkeep
|turn|29
|
|t:|1645356703
|switch|p2a: Tapu Koko|Tapu Koko|6/100
|-fieldstart|move: Electric Terrain|[from] ability: Electric Surge|[of] p2a: Tapu Koko
|move|p1a: Arctozolt|Bolt Beak|p2a: Tapu Koko
|-resisted|p2a: Tapu Koko
|-damage|p2a: Tapu Koko|0 fnt
|faint|p2a: Tapu Koko
|
|-weather|Hail|[upkeep]
|-damage|p1a: Arctozolt|0 fnt|[from] psn
|faint|p1a: Arctozolt
|upkeep
|
|t:|1645356726
|switch|p2a: Slowking|Slowking, M|100/100 brn
|switch|p1a: Melmetal|Melmetal|100/100
|turn|30
|
|t:|1645356738
|move|p1a: Melmetal|Double Iron Bash|p2a: Slowking
|-resisted|p2a: Slowking
|-crit|p2a: Slowking
|-damage|p2a: Slowking|73/100 brn
|-resisted|p2a: Slowking
|-damage|p2a: Slowking|55/100 brn
|-hitcount|p2a: Slowking|2
|cant|p2a: Slowking|flinch
|
|-weather|Hail|[upkeep]
|-damage|p1a: Melmetal|94/100|[from] Hail
|-damage|p2a: Slowking|49/100 brn|[from] Hail
|-damage|p2a: Slowking|43/100 brn|[from] brn
|upkeep
|turn|31
|
|t:|1645356746
|move|p1a: Melmetal|Thunder Punch|p2a: Slowking
|-supereffective|p2a: Slowking
|-damage|p2a: Slowking|0 fnt
|faint|p2a: Slowking
|
|-weather|Hail|[upkeep]
|-damage|p1a: Melmetal|88/100|[from] Hail
|upkeep
|
|t:|1645356748
|switch|p2a: Heatran|Heatran, M|30/100
|turn|32
|
|t:|1645356754
|switch|p1a: Slowking|Slowking, F|100/100
|move|p2a: Heatran|Magma Storm|p1a: Slowking
|-resisted|p1a: Slowking
|-damage|p1a: Slowking|83/100
|-activate|p1a: Slowking|move: Magma Storm|[of] p2a: Heatran
|
|-weather|Hail|[upkeep]
|-damage|p2a: Heatran|23/100|[from] Hail
|-damage|p1a: Slowking|77/100|[from] Hail
|-heal|p2a: Heatran|30/100|[from] item: Leftovers
|-damage|p1a: Slowking|65/100|[from] move: Magma Storm|[partiallytrapped]
|upkeep
|turn|33
|
|t:|1645356758
|move|p2a: Heatran|Taunt|p1a: Slowking
|-start|p1a: Slowking|move: Taunt
|move|p1a: Slowking|Scald|p2a: Heatran
|-supereffective|p2a: Heatran
|-damage|p2a: Heatran|0 fnt
|faint|p2a: Heatran
|
|win|FreshLsOffThePress
|raw|FreshLsOffThePress's rating: 1662 &rarr; <strong>1681</strong><br />(+19 for winning)
|raw|enpathy's rating: 1649 &rarr; <strong>1630</strong><br />(-19 for losing)
|l|☆enpathy
|l|☆FreshLsOffThePress
|l| Marquesa-10%
