|j|☆Geenobe
|j|☆Demon Damo
|t:|1636402622
|gametype|singles
|player|p1|Geenobe|guzma|1679
|player|p2|Demon Damo|lance|1741
|teamsize|p1|6
|teamsize|p2|6
|gen|8
|tier|[Gen 8] OU
|rated|
|rule|Sleep Clause Mod: Limit one foe put to sleep
|rule|Species Clause: Limit one of each Pokémon
|rule|OHKO Clause: OHKO moves are banned
|rule|Evasion Moves Clause: Evasion moves are banned
|rule|Endless Battle Clause: Forcing endless battles is banned
|rule|HP Percentage Mod: HP is shown in percentages
|rule|Dynamax Clause: You cannot dynamax
|clearpoke
|poke|p1|Tyranitar, M|
|poke|p1|Garchomp, F|
|poke|p1|Corviknight, M|
|poke|p1|Scizor, F|
|poke|p1|Tapu Fini|
|poke|p1|Blacephalon|
|poke|p2|Kartana|
|poke|p2|Crawdaunt, F|
|poke|p2|Garchomp, M|
|poke|p2|Tornadus-Therian, M|
|poke|p2|Melmetal|
|poke|p2|Tapu Koko|
|teampreview
|
|t:|1636402644
|start
|switch|p1a: Entire Circus|Blacephalon, shiny|100/100
|switch|p2a: Crawdaunt|Crawdaunt, F|100/100
|turn|1
|
|t:|1636402654
|switch|p1a: Tap Water|Tapu Fini|100/100
|-fieldstart|move: Misty Terrain|[from] ability: Misty Surge|[of] p1a: Tap Water
|move|p2a: Crawdaunt|Knock Off|p1a: Tap Water
|-resisted|p1a: Tap Water
|-damage|p1a: Tap Water|56/100
|-enditem|p1a: Tap Water|Choice Scarf|[from] move: Knock Off|[of] p2a: Crawdaunt
|
|upkeep
|turn|2
|j| BIG GUY BATTLE
|
|t:|1636402669
|switch|p2a: Melmetal|Melmetal|100/100
|move|p1a: Tap Water|Trick|p2a: Melmetal
|-activate|p1a: Tap Water|move: Trick|[of] p2a: Melmetal
|-enditem|p2a: Melmetal|Assault Vest|[silent]|[from] move: Trick
|-item|p1a: Tap Water|Assault Vest|[from] move: Trick
|
|upkeep
|turn|3
|
|t:|1636402689
|switch|p1a: Goro|Corviknight, M|100/100
|-ability|p1a: Goro|Pressure
|move|p2a: Melmetal|Double Iron Bash|p1a: Goro
|-resisted|p1a: Goro
|-damage|p1a: Goro|89/100
|-damage|p2a: Melmetal|84/100|[from] item: Rocky Helmet|[of] p1a: Goro
|-resisted|p1a: Goro
|-damage|p1a: Goro|78/100
|-damage|p2a: Melmetal|68/100|[from] item: Rocky Helmet|[of] p1a: Goro
|-hitcount|p1a: Goro|2
|
|upkeep
|turn|4
|j| Kyerndo
|
|t:|1636402708
|switch|p2a: Tornadus|Tornadus-Therian, M|100/100
|move|p1a: Goro|U-turn|p2a: Tornadus
|-resisted|p2a: Tornadus
|-damage|p2a: Tornadus|92/100
|
|t:|1636402713
|switch|p1a: 呉爾羅|Tyranitar, M|100/100|[from]move: U-turn
|-weather|Sandstorm|[from] ability: Sand Stream|[of] p1a: 呉爾羅
|
|-weather|Sandstorm|[upkeep]
|-damage|p2a: Tornadus|86/100|[from] Sandstorm
|upkeep
|turn|5
|
|t:|1636402717
|move|p2a: Tornadus|U-turn|p1a: 呉爾羅
|-supereffective|p1a: 呉爾羅
|-damage|p1a: 呉爾羅|73/100
|
|t:|1636402747
|switch|p2a: Garchomp|Garchomp, M|100/100|[from]move: U-turn
|move|p1a: 呉爾羅|Crunch|p2a: Garchomp
|-damage|p2a: Garchomp|28/100
|-unboost|p2a: Garchomp|def|1
|-damage|p1a: 呉爾羅|61/100|[from] ability: Rough Skin|[of] p2a: Garchomp
|
|-weather|Sandstorm|[upkeep]
|-fieldend|Misty Terrain
|upkeep
|turn|6
|
|t:|1636402765
|switch|p1a: Goro|Corviknight, M|78/100
|-ability|p1a: Goro|Pressure
|move|p2a: Garchomp|Stealth Rock|p1a: Goro
|-sidestart|p1: Geenobe|move: Stealth Rock
|
|-weather|Sandstorm|[upkeep]
|upkeep
|turn|7
|
|t:|1636402812
|switch|p2a: Tapu Koko|Tapu Koko|100/100
|-fieldstart|move: Electric Terrain|[from] ability: Electric Surge|[of] p2a: Tapu Koko
|move|p1a: Goro|Defog|p2a: Tapu Koko
|-unboost|p2a: Tapu Koko|evasion|1
|-sideend|p1: Geenobe|Stealth Rock|[from] move: Defog|[of] p1a: Goro
|-fieldend|move: Electric Terrain
|
|-weather|Sandstorm|[upkeep]
|-damage|p2a: Tapu Koko|94/100|[from] Sandstorm
|upkeep
|turn|8
|
|t:|1636402834
|switch|p1a: Caesar|Scizor, F|100/100
|move|p2a: Tapu Koko|Dazzling Gleam|p1a: Caesar
|-resisted|p1a: Caesar
|-damage|p1a: Caesar|79/100
|
|-weather|none
|upkeep
|turn|9
|
|t:|1636402853
|switch|p2a: Tornadus|Tornadus-Therian, M|100/100
|move|p1a: Caesar|Knock Off|p2a: Tornadus
|-damage|p2a: Tornadus|71/100
|-enditem|p2a: Tornadus|Heavy-Duty Boots|[from] move: Knock Off|[of] p1a: Caesar
|
|upkeep
|turn|10
|
|t:|1636402861
|switch|p1a: Tap Water|Tapu Fini|56/100
|-fieldstart|move: Misty Terrain|[from] ability: Misty Surge|[of] p1a: Tap Water
|move|p2a: Tornadus|U-turn|p1a: Tap Water
|-resisted|p1a: Tap Water
|-damage|p1a: Tap Water|50/100
|
|t:|1636402872
|switch|p2a: Tapu Koko|Tapu Koko|94/100|[from]move: U-turn
|-fieldstart|move: Electric Terrain|[from] ability: Electric Surge|[of] p2a: Tapu Koko
|
|upkeep
|turn|11
|
|t:|1636402885
|switch|p1a: Ultra Instinct|Garchomp, F|100/100
|move|p2a: Tapu Koko|U-turn|p1a: Ultra Instinct
|-damage|p1a: Ultra Instinct|85/100
|inactive|Battle timer is ON: inactive players will automatically lose when time's up. (requested by Geenobe)
|inactive|Demon Damo has 120 seconds left.
|l| BIG GUY BATTLE
|j| Low_Ladder_Newb1e
|l| Low_Ladder_Newb1e
|inactive|Demon Damo has 90 seconds left.
|
|t:|1636403027
|switch|p2a: Tornadus|Tornadus-Therian, M|100/100|[from]move: U-turn
|
|upkeep
|turn|12
|
|t:|1636403033
|switch|p1a: 呉爾羅|Tyranitar, M|61/100
|-weather|Sandstorm|[from] ability: Sand Stream|[of] p1a: 呉爾羅
|move|p2a: Tornadus|Hurricane|p1a: 呉爾羅|[miss]
|-miss|p2a: Tornadus|p1a: 呉爾羅
|
|-weather|Sandstorm|[upkeep]
|-damage|p2a: Tornadus|94/100|[from] Sandstorm
|upkeep
|turn|13
|inactive|Demon Damo has 120 seconds left.
|
|t:|1636403082
|switch|p1a: Ultra Instinct|Garchomp, F|85/100
|move|p2a: Tornadus|U-turn|p1a: Ultra Instinct
|-damage|p1a: Ultra Instinct|70/100
|
|t:|1636403085
|switch|p2a: Tapu Koko|Tapu Koko|94/100|[from]move: U-turn
|
|-weather|Sandstorm|[upkeep]
|-damage|p2a: Tapu Koko|88/100|[from] Sandstorm
|upkeep
|turn|14
|
|t:|1636403089
|move|p2a: Tapu Koko|Dazzling Gleam|p1a: Ultra Instinct
|-supereffective|p1a: Ultra Instinct
|-damage|p1a: Ultra Instinct|0 fnt
|faint|p1a: Ultra Instinct
|
|-weather|Sandstorm|[upkeep]
|-damage|p2a: Tapu Koko|82/100|[from] Sandstorm
|-fieldend|move: Electric Terrain
|upkeep
|
|t:|1636403096
|switch|p1a: Entire Circus|Blacephalon, shiny|100/100
|turn|15
|
|t:|1636403104
|switch|p2a: Melmetal|Melmetal|68/100
|move|p1a: Entire Circus|Overheat|p2a: Melmetal
|-supereffective|p2a: Melmetal
|-damage|p2a: Melmetal|0 fnt
|-unboost|p1a: Entire Circus|spa|2
|faint|p2a: Melmetal
|-ability|p1a: Entire Circus|Beast Boost|boost
|-boost|p1a: Entire Circus|spa|1
|
|-weather|Sandstorm|[upkeep]
|-damage|p1a: Entire Circus|94/100|[from] Sandstorm
|upkeep
|
|t:|1636403107
|switch|p2a: Crawdaunt|Crawdaunt, F|100/100
|turn|16
|
|t:|1636403116
|switch|p1a: Tap Water|Tapu Fini|50/100
|-fieldstart|move: Misty Terrain|[from] ability: Misty Surge|[of] p1a: Tap Water
|move|p2a: Crawdaunt|Liquidation|p1a: Tap Water
|-resisted|p1a: Tap Water
|-damage|p1a: Tap Water|10/100
|
|-weather|none
|upkeep
|turn|17
|
|t:|1636403126
|switch|p2a: Tornadus|Tornadus-Therian, M|100/100
|move|p1a: Tap Water|Moonblast|p2a: Tornadus
|-damage|p2a: Tornadus|69/100
|-unboost|p2a: Tornadus|spa|1
|
|upkeep
|turn|18
|j| UnzipsCrogre
|l| UnzipsCrogre
|
|t:|1636403138
|switch|p1a: Caesar|Scizor, F|79/100
|move|p2a: Tornadus|Hurricane|p1a: Caesar
|-damage|p1a: Caesar|55/100
|
|upkeep
|turn|19
|
|t:|1636403144
|switch|p1a: 呉爾羅|Tyranitar, M|61/100
|-weather|Sandstorm|[from] ability: Sand Stream|[of] p1a: 呉爾羅
|move|p2a: Tornadus|Heat Wave|p1a: 呉爾羅
|-resisted|p1a: 呉爾羅
|-damage|p1a: 呉爾羅|55/100
|
|-weather|Sandstorm|[upkeep]
|-damage|p2a: Tornadus|63/100|[from] Sandstorm
|upkeep
|turn|20
|
|t:|1636403157
|move|p2a: Tornadus|U-turn|p1a: 呉爾羅
|-supereffective|p1a: 呉爾羅
|-damage|p1a: 呉爾羅|27/100
|
|t:|1636403182
|switch|p2a: Kartana|Kartana|100/100|[from]move: U-turn
|move|p1a: 呉爾羅|Rock Blast|p2a: Kartana
|-resisted|p2a: Kartana
|-damage|p2a: Kartana|91/100
|-resisted|p2a: Kartana
|-damage|p2a: Kartana|81/100
|-hitcount|p2a: Kartana|2
|
|-weather|Sandstorm|[upkeep]
|-fieldend|Misty Terrain
|upkeep
|turn|21
|
|t:|1636403197
|switch|p2a: Tapu Koko|Tapu Koko|82/100
|-fieldstart|move: Electric Terrain|[from] ability: Electric Surge|[of] p2a: Tapu Koko
|switch|p1a: Goro|Corviknight, M|78/100
|-ability|p1a: Goro|Pressure
|
|-weather|Sandstorm|[upkeep]
|-damage|p2a: Tapu Koko|76/100|[from] Sandstorm
|upkeep
|turn|22
|
|t:|1636403210
|switch|p1a: Tap Water|Tapu Fini|10/100
|-fieldstart|move: Misty Terrain|[from] ability: Misty Surge|[of] p1a: Tap Water
|move|p2a: Tapu Koko|Thunderbolt|p1a: Tap Water
|-supereffective|p1a: Tap Water
|-damage|p1a: Tap Water|0 fnt
|faint|p1a: Tap Water
|
|-weather|Sandstorm|[upkeep]
|-damage|p2a: Tapu Koko|70/100|[from] Sandstorm
|upkeep
|
|t:|1636403216
|switch|p1a: Caesar|Scizor, F|55/100
|turn|23
|
|t:|1636403218
|move|p2a: Tapu Koko|Thunderbolt|p1a: Caesar
|-damage|p1a: Caesar|8/100
|move|p1a: Caesar|Roost|p1a: Caesar
|-heal|p1a: Caesar|58/100
|-singleturn|p1a: Caesar|move: Roost
|
|-weather|none
|upkeep
|turn|24
|
|t:|1636403223
|switch|p2a: Tornadus|Tornadus-Therian, M|96/100
|move|p1a: Caesar|Roost|p1a: Caesar
|-heal|p1a: Caesar|100/100
|-singleturn|p1a: Caesar|move: Roost
|
|upkeep
|turn|25
|
|t:|1636403235
|switch|p1a: Entire Circus|Blacephalon, shiny|94/100
|move|p2a: Tornadus|Heat Wave|p1a: Entire Circus
|-resisted|p1a: Entire Circus
|-damage|p1a: Entire Circus|75/100
|
|upkeep
|turn|26
|
|t:|1636403248
|switch|p2a: Garchomp|Garchomp, M|28/100
|move|p1a: Entire Circus|Flamethrower|p2a: Garchomp
|-resisted|p2a: Garchomp
|-damage|p2a: Garchomp|0 fnt
|faint|p2a: Garchomp
|-ability|p1a: Entire Circus|Beast Boost|boost
|-boost|p1a: Entire Circus|spa|1
|
|-fieldend|Misty Terrain
|upkeep
|
|t:|1636403252
|switch|p2a: Crawdaunt|Crawdaunt, F|100/100
|turn|27
|
|t:|1636403272
|switch|p1a: Goro|Corviknight, M|78/100
|-ability|p1a: Goro|Pressure
|move|p2a: Crawdaunt|Aqua Jet|p1a: Goro
|-damage|p1a: Goro|52/100
|-damage|p2a: Crawdaunt|84/100|[from] item: Rocky Helmet|[of] p1a: Goro
|
|upkeep
|turn|28
|
|t:|1636403278
|switch|p2a: Tapu Koko|Tapu Koko|70/100
|-fieldstart|move: Electric Terrain|[from] ability: Electric Surge|[of] p2a: Tapu Koko
|move|p1a: Goro|Roost|p1a: Goro
|-heal|p1a: Goro|100/100
|-singleturn|p1a: Goro|move: Roost
|
|upkeep
|turn|29
|
|t:|1636403284
|switch|p1a: Caesar|Scizor, F|100/100
|move|p2a: Tapu Koko|Thunderbolt|p1a: Caesar
|-crit|p1a: Caesar
|-damage|p1a: Caesar|6/100
|
|upkeep
|turn|30
|
|t:|1636403288
|move|p1a: Caesar|Bullet Punch|p2a: Tapu Koko
|-damage|p2a: Tapu Koko|34/100
|move|p2a: Tapu Koko|Thunderbolt|p1a: Caesar
|-damage|p1a: Caesar|0 fnt
|faint|p1a: Caesar
|
|upkeep
|
|t:|1636403296
|switch|p1a: 呉爾羅|Tyranitar, M|27/100
|-weather|Sandstorm|[from] ability: Sand Stream|[of] p1a: 呉爾羅
|turn|31
|
|t:|1636403314
|move|p2a: Tapu Koko|Thunderbolt|p1a: 呉爾羅
|-damage|p1a: 呉爾羅|0 fnt
|faint|p1a: 呉爾羅
|
|-weather|Sandstorm|[upkeep]
|-damage|p2a: Tapu Koko|28/100|[from] Sandstorm
|upkeep
|
|t:|1636403318
|switch|p1a: Entire Circus|Blacephalon, shiny|75/100
|turn|32
|
|t:|1636403321
|switch|p2a: Tornadus|Tornadus-Therian, M|100/100
|move|p1a: Entire Circus|Flamethrower|p2a: Tornadus
|-damage|p2a: Tornadus|15/100
|
|-weather|Sandstorm|[upkeep]
|-damage|p2a: Tornadus|9/100|[from] Sandstorm
|-damage|p1a: Entire Circus|69/100|[from] Sandstorm
|-fieldend|move: Electric Terrain
|upkeep
|turn|33
|
|t:|1636403324
|move|p2a: Tornadus|Hurricane|p1a: Entire Circus
|-damage|p1a: Entire Circus|5/100
|move|p1a: Entire Circus|Flamethrower|p2a: Tornadus
|-damage|p2a: Tornadus|0 fnt
|faint|p2a: Tornadus
|-ability|p1a: Entire Circus|Beast Boost|boost
|-boost|p1a: Entire Circus|spa|1
|
|-weather|Sandstorm|[upkeep]
|-damage|p1a: Entire Circus|0 fnt|[from] Sandstorm
|faint|p1a: Entire Circus
|upkeep
|-message|Geenobe forfeited.
|
|win|Demon Damo
|raw|Geenobe's rating: 1679 &rarr; <strong>1663</strong><br />(-16 for losing)
|raw|Demon Damo's rating: 1741 &rarr; <strong>1757</strong><br />(+16 for winning)
|l|☆Geenobe
||Ladder isn't responding, score probably updated but might not have (Request timeout).
