|raw|<div class="broadcast-blue"><strong>This battle is required to be public due to a player having a name starting with 'lt91bb'.</div>
|j|☆LT91BB Mimi
|j|‽I am zero hero
|t:|1659512712
|gametype|singles
|player|p1|LT91BB Mimi|dawn-masters2|1869
|player|p2|I am zero hero|unknown|1850
|teamsize|p1|6
|teamsize|p2|6
|gen|8
|tier|[Gen 8] OU
|rated|
|rule|Sleep Clause Mod: Limit one foe put to sleep
|rule|Species Clause: Limit one of each Pokémon
|rule|OHKO Clause: OHKO moves are banned
|rule|Evasion Moves Clause: Evasion moves are banned
|rule|Endless Battle Clause: Forcing endless battles is banned
|rule|HP Percentage Mod: HP is shown in percentages
|rule|Dynamax Clause: You cannot dynamax
|clearpoke
|poke|p1|Pelipper, M|
|poke|p1|Barraskewda, M|
|poke|p1|Regieleki|
|poke|p1|Tapu Lele|
|poke|p1|Landorus-Therian, M|
|poke|p1|Ferrothorn, M|
|poke|p2|Mew|
|poke|p2|Tapu Fini|
|poke|p2|Necrozma|
|poke|p2|Landorus-Therian, M|
|poke|p2|Bisharp, M|
|poke|p2|Hawlucha, F|
|teampreview
|inactive|Battle timer is ON: inactive players will automatically lose when time's up. (requested by I am zero hero)
|
|t:|1659512723
|start
|switch|p1a: Lando Calrissian|Landorus-Therian, M|100/100
|switch|p2a: Landorus|Landorus-Therian, M|100/100
|-ability|p2a: Landorus|Intimidate|boost
|-unboost|p1a: Lando Calrissian|atk|1
|-ability|p1a: Lando Calrissian|Intimidate|boost
|-unboost|p2a: Landorus|atk|1
|turn|1
|
|t:|1659512728
|move|p2a: Landorus|Swords Dance|p2a: Landorus
|-boost|p2a: Landorus|atk|2
|move|p1a: Lando Calrissian|Stealth Rock|p2a: Landorus
|-sidestart|p2: I am zero hero|move: Stealth Rock
|
|upkeep
|turn|2
|
|t:|1659512732
|move|p2a: Landorus|Stealth Rock|p1a: Lando Calrissian
|-sidestart|p1: LT91BB Mimi|move: Stealth Rock
|move|p1a: Lando Calrissian|U-turn|p2a: Landorus
|-resisted|p2a: Landorus
|-damage|p2a: Landorus|93/100
|
|t:|1659512734
|switch|p1a: Barrack Obama|Barraskewda, M|100/100|[from]move: U-turn
|-damage|p1a: Barrack Obama|88/100|[from] Stealth Rock
|
|upkeep
|turn|3
|
|t:|1659512742
|switch|p2a: Tapu Fini|Tapu Fini|100/100
|-damage|p2a: Tapu Fini|88/100|[from] Stealth Rock
|-fieldstart|move: Misty Terrain|[from] ability: Misty Surge|[of] p2a: Tapu Fini
|move|p1a: Barrack Obama|Flip Turn|p2a: Tapu Fini
|-resisted|p2a: Tapu Fini
|-damage|p2a: Tapu Fini|60/100
|
|t:|1659512745
|switch|p1a: Regieleki|Regieleki|100/100|[from]move: Flip Turn
|
|upkeep
|turn|4
|
|t:|1659512758
|switch|p2a: Landorus|Landorus-Therian, M|93/100
|-damage|p2a: Landorus|80/100|[from] Stealth Rock
|-ability|p2a: Landorus|Intimidate|boost
|-unboost|p1a: Regieleki|atk|1
|move|p1a: Regieleki|Volt Switch|p2a: Landorus
|-immune|p2a: Landorus
|
|upkeep
|turn|5
|
|t:|1659512763
|move|p1a: Regieleki|Rapid Spin|p2a: Landorus
|-damage|p2a: Landorus|73/100
|-boost|p1a: Regieleki|spe|1
|-sideend|p1: LT91BB Mimi|Stealth Rock|[from] move: Rapid Spin|[of] p1a: Regieleki
|move|p2a: Landorus|Knock Off|p1a: Regieleki
|-damage|p1a: Regieleki|36/100
|-enditem|p1a: Regieleki|Heavy-Duty Boots|[from] move: Knock Off|[of] p2a: Landorus
|
|upkeep
|turn|6
|
|t:|1659512768
|switch|p1a: Lando Calrissian|Landorus-Therian, M|100/100
|-ability|p1a: Lando Calrissian|Intimidate|boost
|-unboost|p2a: Landorus|atk|1
|move|p2a: Landorus|Stealth Rock|p1a: Lando Calrissian
|-sidestart|p1: LT91BB Mimi|move: Stealth Rock
|
|upkeep
|turn|7
|
|t:|1659512772
|move|p2a: Landorus|Explosion|p1a: Lando Calrissian
|-damage|p1a: Lando Calrissian|42/100
|faint|p2a: Landorus
|move|p1a: Lando Calrissian|U-turn|p2: Landorus|[notarget]
|-fail|p1a: Lando Calrissian
|
|-heal|p1a: Lando Calrissian|49/100|[from] item: Leftovers
|-fieldend|Misty Terrain
|upkeep
|
|t:|1659512787
|switch|p2a: Mew|Mew|100/100
|-damage|p2a: Mew|88/100|[from] Stealth Rock
|turn|8
|
|t:|1659512790
|move|p2a: Mew|Cosmic Power|p2a: Mew
|-boost|p2a: Mew|def|1
|-boost|p2a: Mew|spd|1
|move|p1a: Lando Calrissian|U-turn|p2a: Mew
|-supereffective|p2a: Mew
|-damage|p2a: Mew|64/100
|-enditem|p2a: Mew|Weakness Policy
|-boost|p2a: Mew|atk|2|[from] item: Weakness Policy
|-boost|p2a: Mew|spa|2|[from] item: Weakness Policy
|
|t:|1659512795
|switch|p1a: Pelipprime|Pelipper, M|100/100|[from]move: U-turn
|-damage|p1a: Pelipprime|76/100|[from] Stealth Rock
|-weather|RainDance|[from] ability: Drizzle|[of] p1a: Pelipprime
|
|-weather|RainDance|[upkeep]
|upkeep
|turn|9
|
|t:|1659512798
|move|p2a: Mew|Cosmic Power|p2a: Mew
|-boost|p2a: Mew|def|1
|-boost|p2a: Mew|spd|1
|move|p1a: Pelipprime|Surf|p2a: Mew
|-damage|p2a: Mew|26/100
|
|-weather|RainDance|[upkeep]
|upkeep
|turn|10
|
|t:|1659512805
|move|p2a: Mew|Roost|p2a: Mew
|-heal|p2a: Mew|76/100
|-singleturn|p2a: Mew|move: Roost
|move|p1a: Pelipprime|Surf|p2a: Mew
|-damage|p2a: Mew|35/100
|
|-weather|RainDance|[upkeep]
|upkeep
|turn|11
|
|t:|1659512807
|switch|p1a: Ferro Thornberry|Ferrothorn, M|100/100
|-damage|p1a: Ferro Thornberry|94/100|[from] Stealth Rock
|move|p2a: Mew|Roost|p2a: Mew
|-heal|p2a: Mew|85/100
|-singleturn|p2a: Mew|move: Roost
|
|-weather|RainDance|[upkeep]
|-heal|p1a: Ferro Thornberry|100/100|[from] item: Leftovers
|upkeep
|turn|12
|
|t:|1659512810
|move|p2a: Mew|Cosmic Power|p2a: Mew
|-boost|p2a: Mew|def|1
|-boost|p2a: Mew|spd|1
|move|p1a: Ferro Thornberry|Leech Seed|p2a: Mew
|-start|p2a: Mew|move: Leech Seed
|
|-weather|none
|-damage|p2a: Mew|73/100|[from] Leech Seed|[of] p1a: Ferro Thornberry
|upkeep
|turn|13
|
|t:|1659512813
|switch|p1a: Lando Calrissian|Landorus-Therian, M|49/100
|-damage|p1a: Lando Calrissian|36/100|[from] Stealth Rock
|-ability|p1a: Lando Calrissian|Intimidate|boost
|-unboost|p2a: Mew|atk|1
|move|p2a: Mew|Cosmic Power|p2a: Mew
|-boost|p2a: Mew|def|1
|-boost|p2a: Mew|spd|1
|
|-heal|p1a: Lando Calrissian|42/100|[from] item: Leftovers
|-damage|p2a: Mew|60/100|[from] Leech Seed|[of] p1a: Lando Calrissian
|-heal|p1a: Lando Calrissian|55/100|[silent]
|upkeep
|turn|14
|
|t:|1659512815
|move|p2a: Mew|Stored Power|p1a: Lando Calrissian
|-damage|p1a: Lando Calrissian|0 fnt
|faint|p1a: Lando Calrissian
|
|upkeep
|
|t:|1659512818
|switch|p1a: Regieleki|Regieleki|36/100
|-damage|p1a: Regieleki|24/100|[from] Stealth Rock
|turn|15
|
|t:|1659512821
|move|p1a: Regieleki|Rapid Spin|p2a: Mew
|-crit|p2a: Mew
|-damage|p2a: Mew|48/100
|-boost|p1a: Regieleki|spe|1
|-sideend|p1: LT91BB Mimi|Stealth Rock|[from] move: Rapid Spin|[of] p1a: Regieleki
|move|p2a: Mew|Stored Power|p1a: Regieleki
|-damage|p1a: Regieleki|0 fnt
|faint|p1a: Regieleki
|
|upkeep
|
|t:|1659512829
|switch|p1a: Pelipprime|Pelipper, M|76/100
|-weather|RainDance|[from] ability: Drizzle|[of] p1a: Pelipprime
|turn|16
|
|t:|1659512833
|move|p2a: Mew|Stored Power|p1a: Pelipprime
|-damage|p1a: Pelipprime|0 fnt
|faint|p1a: Pelipprime
|
|-weather|RainDance|[upkeep]
|upkeep
|j| gerald.jones061
|
|t:|1659512835
|switch|p1a: Barrack Obama|Barraskewda, M|88/100
|turn|17
|
|t:|1659512840
|move|p1a: Barrack Obama|Liquidation|p2a: Mew
|-damage|p2a: Mew|18/100
|move|p2a: Mew|Stored Power|p1a: Barrack Obama
|-damage|p1a: Barrack Obama|0 fnt
|faint|p1a: Barrack Obama
|
|-weather|RainDance|[upkeep]
|upkeep
|
|t:|1659512846
|switch|p1a: Tapu Lele Pons|Tapu Lele|100/100
|-fieldstart|move: Psychic Terrain|[from] ability: Psychic Surge|[of] p1a: Tapu Lele Pons
|turn|18
|
|t:|1659512849
|move|p1a: Tapu Lele Pons|Moonblast|p2a: Mew
|-damage|p2a: Mew|1/100
|move|p2a: Mew|Roost|p2a: Mew
|-heal|p2a: Mew|51/100
|-singleturn|p2a: Mew|move: Roost
|
|-weather|RainDance|[upkeep]
|-damage|p2a: Mew|39/100|[from] Leech Seed|[of] p1a: Tapu Lele Pons
|upkeep
|turn|19
|-message|LT91BB Mimi forfeited.
|
|win|I am zero hero
|raw|LT91BB Mimi's rating: 1869 &rarr; <strong>1848</strong><br />(-21 for losing)
|raw|I am zero hero's rating: 1850 &rarr; <strong>1871</strong><br />(+21 for winning)
|l|☆LT91BB Mimi
