|j|☆Sww-Suwa
|j|☆Down$hift
|inactive|Battle timer is ON: inactive players will automatically lose when time's up.
|t:|1657395224
|gametype|singles
|player|p1|Sww-Suwa|lisia|
|player|p2|Down$hift|teamrocket|
|teamsize|p1|6
|teamsize|p2|6
|gen|8
|tier|[Gen 8] OU
|rated|Tournament battle
|rule|Sleep Clause Mod: Limit one foe put to sleep
|rule|OHKO Clause: OHKO moves are banned
|rule|Evasion Moves Clause: Evasion moves are banned
|rule|Endless Battle Clause: Forcing endless battles is banned
|rule|HP Percentage Mod: HP is shown in percentages
|rule|Dynamax Clause: You cannot dynamax
|clearpoke
|poke|p1|Tapu Koko|
|poke|p1|Tapu Lele|
|poke|p1|Slurpuff, F|
|poke|p1|Togekiss, F|
|poke|p1|Clefable, M|
|poke|p1|Tapu Bulu|
|poke|p2|Clefable, M|
|poke|p2|Klefki, M|
|poke|p2|Grimmsnarl, M|
|poke|p2|Silvally-*|
|poke|p2|Azumarill, M|
|poke|p2|Tapu Bulu|
|teampreview
|c|☆Down$hift|hf
|j| ripreckful
|c|☆Sww-Suwa|hf
|j| prof dankness
|
|t:|1657395231
|start
|switch|p1a: Slurpuff|Slurpuff, F|100/100
|switch|p2a: Pink Menace|Clefable, M|100/100
|turn|1
|j| nxvnt
|l| nxvnt
|
|t:|1657395238
|move|p1a: Slurpuff|Sticky Web|p2a: Pink Menace
|-sidestart|p2: Down$hift|move: Sticky Web
|move|p2a: Pink Menace|Stealth Rock|p1a: Slurpuff
|-sidestart|p1: Sww-Suwa|move: Stealth Rock
|
|upkeep
|turn|2
|
|t:|1657395242
|move|p1a: Slurpuff|Yawn|p2a: Pink Menace
|-start|p2a: Pink Menace|move: Yawn|[of] p1a: Slurpuff
|move|p2a: Pink Menace|Encore|p1a: Slurpuff
|-start|p1a: Slurpuff|Encore
|
|upkeep
|turn|3
|
|t:|1657395248
|switch|p2a: Imp possible|Grimmsnarl, M|100/100
|-activate|p2a: Imp possible|move: Sticky Web
|-unboost|p2a: Imp possible|spe|1
|move|p1a: Slurpuff|Yawn|p2a: Imp possible
|-start|p2a: Imp possible|move: Yawn|[of] p1a: Slurpuff
|
|upkeep
|turn|4
|j| Serp IV
|
|t:|1657395257
|switch|p1a: Tapu Bulu|Tapu Bulu, shiny|100/100
|-damage|p1a: Tapu Bulu|88/100|[from] Stealth Rock
|-fieldstart|move: Grassy Terrain|[from] ability: Grassy Surge|[of] p1a: Tapu Bulu
|switch|p2a: Pink Menace|Clefable, M|100/100
|-activate|p2a: Pink Menace|move: Sticky Web
|-unboost|p2a: Pink Menace|spe|1
|
|-heal|p1a: Tapu Bulu|94/100|[from] Grassy Terrain
|upkeep
|turn|5
|
|t:|1657395261
|move|p1a: Tapu Bulu|Wood Hammer|p2a: Pink Menace
|-enditem|p2a: Pink Menace|Focus Sash
|-damage|p2a: Pink Menace|1/100
|-damage|p1a: Tapu Bulu|48/100|[from] Recoil
|move|p2a: Pink Menace|Thunder Wave|p1a: Tapu Bulu
|-status|p1a: Tapu Bulu|par
|
|-heal|p2a: Pink Menace|7/100|[from] Grassy Terrain
|-heal|p1a: Tapu Bulu|54/100 par|[from] Grassy Terrain
|upkeep
|turn|6
|
|t:|1657395266
|move|p2a: Pink Menace|Healing Wish|p2a: Pink Menace
|faint|p2a: Pink Menace
|cant|p1a: Tapu Bulu|par
|
|-heal|p1a: Tapu Bulu|60/100 par|[from] Grassy Terrain
|upkeep
|
|t:|1657395272
|switch|p2a: Arceus Stats!|Silvally-Fairy|100/100
|-activate|p2a: Arceus Stats!|move: Sticky Web
|-unboost|p2a: Arceus Stats!|spe|1
|turn|7
|c|☆Down$hift|misclick
|c|☆Down$hift|oh well
|
|t:|1657395282
|move|p2a: Arceus Stats!|Multi-Attack|p1a: Tapu Bulu
|-damage|p1a: Tapu Bulu|5/100 par
|move|p1a: Tapu Bulu|Wood Hammer|p2a: Arceus Stats!
|-damage|p2a: Arceus Stats!|0 fnt
|faint|p2a: Arceus Stats!
|-damage|p1a: Tapu Bulu|0 fnt|[from] Recoil
|faint|p1a: Tapu Bulu
|
|upkeep
|j| AmygdalanResponse
|c|☆Down$hift|my fingers are so fat today
|
|t:|1657395301
|switch|p2a: Imp possible|Grimmsnarl, M|100/100
|switch|p1a: Tapu Koko|Tapu Koko, shiny|100/100
|-damage|p1a: Tapu Koko|88/100|[from] Stealth Rock
|-fieldstart|move: Electric Terrain|[from] ability: Electric Surge|[of] p1a: Tapu Koko
|-activate|p2a: Imp possible|move: Sticky Web
|-unboost|p2a: Imp possible|spe|1
|turn|8
|
|t:|1657395308
|move|p2a: Imp possible|Light Screen|p2a: Imp possible
|-sidestart|p2: Down$hift|move: Light Screen
|move|p1a: Tapu Koko|Volt Switch|p2a: Imp possible
|-damage|p2a: Imp possible|77/100
|
|t:|1657395314
|switch|p1a: Clefable|Clefable, M|100/100|[from]move: Volt Switch
|-damage|p1a: Clefable|88/100|[from] Stealth Rock
|-enditem|p1a: Clefable|Electric Seed
|-boost|p1a: Clefable|def|1|[from] item: Electric Seed
|
|upkeep
|turn|9
|
|t:|1657395318
|move|p2a: Imp possible|Taunt|p1a: Clefable
|-start|p1a: Clefable|move: Taunt
|move|p1a: Clefable|Moonblast|p2a: Imp possible
|-supereffective|p2a: Imp possible
|-damage|p2a: Imp possible|49/100
|
|upkeep
|turn|10
|
|t:|1657395321
|move|p1a: Clefable|Moonblast|p2a: Imp possible
|-supereffective|p2a: Imp possible
|-damage|p2a: Imp possible|21/100
|-unboost|p2a: Imp possible|spa|1
|move|p2a: Imp possible|Spirit Break|p1a: Clefable
|-damage|p1a: Clefable|71/100
|-unboost|p1a: Clefable|spa|1
|
|upkeep
|turn|11
|
|t:|1657395324
|move|p2a: Imp possible|Reflect|p2a: Imp possible
|-sidestart|p2: Down$hift|Reflect
|move|p1a: Clefable|Moonblast|p2a: Imp possible
|-supereffective|p2a: Imp possible
|-damage|p2a: Imp possible|1/100
|
|-end|p1a: Clefable|move: Taunt
|upkeep
|turn|12
|
|t:|1657395327
|move|p2a: Imp possible|Taunt|p1a: Clefable
|-start|p1a: Clefable|move: Taunt
|move|p1a: Clefable|Moonblast|p2a: Imp possible
|-supereffective|p2a: Imp possible
|-damage|p2a: Imp possible|0 fnt
|faint|p2a: Imp possible
|
|-fieldend|move: Electric Terrain
|upkeep
|inactive|Down$hift has 120 seconds left.
|
|t:|1657395375
|switch|p2a: GrassFedAlolaBred|Tapu Bulu|100/100
|-activate|p2a: GrassFedAlolaBred|move: Sticky Web
|-unboost|p2a: GrassFedAlolaBred|spe|1
|-fieldstart|move: Grassy Terrain|[from] ability: Grassy Surge|[of] p2a: GrassFedAlolaBred
|turn|13
|
|t:|1657395381
|switch|p1a: Slurpuff|Slurpuff, F|100/100
|-damage|p1a: Slurpuff|88/100|[from] Stealth Rock
|move|p2a: GrassFedAlolaBred|Horn Leech|p1a: Slurpuff
|-damage|p1a: Slurpuff|2/100
|-damage|p2a: GrassFedAlolaBred|91/100|[from] item: Life Orb
|
|-heal|p1a: Slurpuff|8/100|[from] Grassy Terrain
|-heal|p2a: GrassFedAlolaBred|97/100|[from] Grassy Terrain
|upkeep
|turn|14
|inactive|Down$hift has 120 seconds left.
|
|t:|1657395395
|move|p1a: Slurpuff|Yawn|p2a: GrassFedAlolaBred
|-start|p2a: GrassFedAlolaBred|move: Yawn|[of] p1a: Slurpuff
|move|p2a: GrassFedAlolaBred|Horn Leech|p1a: Slurpuff
|-damage|p1a: Slurpuff|0 fnt
|-heal|p2a: GrassFedAlolaBred|100/100|[from] drain|[of] p1a: Slurpuff
|faint|p1a: Slurpuff
|-damage|p2a: GrassFedAlolaBred|91/100|[from] item: Life Orb
|
|-heal|p2a: GrassFedAlolaBred|97/100|[from] Grassy Terrain
|upkeep
|
|t:|1657395400
|switch|p1a: Tapu Lele|Tapu Lele|100/100
|-damage|p1a: Tapu Lele|88/100|[from] Stealth Rock
|-fieldstart|move: Psychic Terrain|[from] ability: Psychic Surge|[of] p1a: Tapu Lele
|turn|15
|
|t:|1657395410
|switch|p2a: Kinder|Azumarill, M|100/100
|-activate|p2a: Kinder|move: Sticky Web
|-unboost|p2a: Kinder|spe|1
|move|p1a: Tapu Lele|Iron Defense|p1a: Tapu Lele
|-boost|p1a: Tapu Lele|def|2
|
|-heal|p1a: Tapu Lele|94/100|[from] item: Leftovers
|-sideend|p2: Down$hift|move: Light Screen
|upkeep
|turn|16
|
|t:|1657395419
|move|p1a: Tapu Lele|Calm Mind|p1a: Tapu Lele
|-boost|p1a: Tapu Lele|spa|1
|-boost|p1a: Tapu Lele|spd|1
|move|p2a: Kinder|Belly Drum|p2a: Kinder
|-damage|p2a: Kinder|50/100
|-setboost|p2a: Kinder|atk|6|[from] move: Belly Drum
|-enditem|p2a: Kinder|Sitrus Berry|[eat]
|-heal|p2a: Kinder|75/100|[from] item: Sitrus Berry
|
|-heal|p1a: Tapu Lele|99/100|[from] item: Leftovers
|upkeep
|turn|17
|
|t:|1657395424
|move|p1a: Tapu Lele|Stored Power|p2a: Kinder
|-damage|p2a: Kinder|0 fnt
|faint|p2a: Kinder
|
|-heal|p1a: Tapu Lele|100/100|[from] item: Leftovers
|upkeep
|
|t:|1657395426
|switch|p2a: BooBooKeys|Klefki, M|100/100
|-activate|p2a: BooBooKeys|move: Sticky Web
|-unboost|p2a: BooBooKeys|spe|1
|turn|18
|
|t:|1657395432
|move|p2a: BooBooKeys|Calm Mind|p2a: BooBooKeys
|-boost|p2a: BooBooKeys|spa|1
|-boost|p2a: BooBooKeys|spd|1
|move|p1a: Tapu Lele|Iron Defense|p1a: Tapu Lele
|-boost|p1a: Tapu Lele|def|2
|
|-sideend|p2: Down$hift|Reflect
|upkeep
|turn|19
|
|t:|1657395436
|switch|p1a: Togekiss|Togekiss, F|100/100
|-damage|p1a: Togekiss|76/100|[from] Stealth Rock
|move|p2a: BooBooKeys|Calm Mind|p2a: BooBooKeys
|-boost|p2a: BooBooKeys|spa|1
|-boost|p2a: BooBooKeys|spd|1
|
|-fieldend|move: Psychic Terrain
|upkeep
|turn|20
|
|t:|1657395439
|switch|p2a: GrassFedAlolaBred|Tapu Bulu|97/100
|-heal|p2a: GrassFedAlolaBred|100/100|[from] move: Healing Wish
|-activate|p2a: GrassFedAlolaBred|move: Sticky Web
|-unboost|p2a: GrassFedAlolaBred|spe|1
|-fieldstart|move: Grassy Terrain|[from] ability: Grassy Surge|[of] p2a: GrassFedAlolaBred
|move|p1a: Togekiss|Trick|p2a: GrassFedAlolaBred
|-activate|p1a: Togekiss|move: Trick|[of] p2a: GrassFedAlolaBred
|-item|p2a: GrassFedAlolaBred|Choice Specs|[from] move: Trick
|-item|p1a: Togekiss|Life Orb|[from] move: Trick
|
|upkeep
|turn|21
|
|t:|1657395446
|move|p1a: Togekiss|Air Slash|p2a: GrassFedAlolaBred
|-supereffective|p2a: GrassFedAlolaBred
|-damage|p2a: GrassFedAlolaBred|0 fnt
|faint|p2a: GrassFedAlolaBred
|-damage|p1a: Togekiss|66/100|[from] item: Life Orb
|
|upkeep
|
|t:|1657395449
|switch|p2a: BooBooKeys|Klefki, M|100/100
|-activate|p2a: BooBooKeys|move: Sticky Web
|-unboost|p2a: BooBooKeys|spe|1
|turn|22
|
|t:|1657395451
|switch|p1a: Clefable|Clefable, M|71/100
|-damage|p1a: Clefable|59/100|[from] Stealth Rock
|move|p2a: BooBooKeys|Calm Mind|p2a: BooBooKeys
|-boost|p2a: BooBooKeys|spa|1
|-boost|p2a: BooBooKeys|spd|1
|
|-heal|p1a: Clefable|65/100|[from] Grassy Terrain
|upkeep
|turn|23
|
|t:|1657395457
|move|p2a: BooBooKeys|Calm Mind|p2a: BooBooKeys
|-boost|p2a: BooBooKeys|spa|1
|-boost|p2a: BooBooKeys|spd|1
|move|p1a: Clefable|Thunder Wave|p2a: BooBooKeys
|-status|p2a: BooBooKeys|par
|
|-heal|p1a: Clefable|71/100|[from] Grassy Terrain
|upkeep
|turn|24
|
|t:|1657395460
|move|p2a: BooBooKeys|Calm Mind|p2a: BooBooKeys
|-boost|p2a: BooBooKeys|spa|1
|-boost|p2a: BooBooKeys|spd|1
|move|p1a: Clefable|Calm Mind|p1a: Clefable
|-boost|p1a: Clefable|spa|1
|-boost|p1a: Clefable|spd|1
|
|-heal|p1a: Clefable|77/100|[from] Grassy Terrain
|-fieldend|move: Grassy Terrain
|upkeep
|turn|25
|
|t:|1657395462
|move|p2a: BooBooKeys|Calm Mind|p2a: BooBooKeys
|-boost|p2a: BooBooKeys|spa|1
|-boost|p2a: BooBooKeys|spd|1
|move|p1a: Clefable|Calm Mind|p1a: Clefable
|-boost|p1a: Clefable|spa|1
|-boost|p1a: Clefable|spd|1
|
|upkeep
|turn|26
|
|t:|1657395464
|cant|p2a: BooBooKeys|par
|move|p1a: Clefable|Calm Mind|p1a: Clefable
|-boost|p1a: Clefable|spa|1
|-boost|p1a: Clefable|spd|1
|
|upkeep
|turn|27
|
|t:|1657395466
|cant|p2a: BooBooKeys|par
|move|p1a: Clefable|Moonblast|p2a: BooBooKeys
|-resisted|p2a: BooBooKeys
|-damage|p2a: BooBooKeys|68/100 par
|
|-heal|p2a: BooBooKeys|74/100 par|[from] item: Leftovers
|upkeep
|turn|28
|
|t:|1657395469
|cant|p2a: BooBooKeys|par
|move|p1a: Clefable|Moonblast|p2a: BooBooKeys
|-resisted|p2a: BooBooKeys
|-damage|p2a: BooBooKeys|44/100 par
|
|-heal|p2a: BooBooKeys|50/100 par|[from] item: Leftovers
|upkeep
|turn|29
|
|t:|1657395472
|move|p1a: Clefable|Moonblast|p2a: BooBooKeys
|-resisted|p2a: BooBooKeys
|-damage|p2a: BooBooKeys|17/100 par
|cant|p2a: BooBooKeys|par
|
|-heal|p2a: BooBooKeys|23/100 par|[from] item: Leftovers
|upkeep
|turn|30
|c|☆Down$hift|gg
|c|☆Sww-Suwa|gg
|c|☆Down$hift|i needed silvally
|c|☆Down$hift|ugh
|c|☆Down$hift|i hate my fingers
|j| RUMYMOME
|c|☆Down$hift|sd flame charge won
|-message|Down$hift forfeited.
|
|win|Sww-Suwa
|n|☆Sww-Suwa|swwsuwa
|n|☆Down$hift|downhift
|n| ripreckful|ripreckful
|n| prof dankness|profdankness
|n| Serp IV|serpiv
|n| AmygdalanResponse|amygdalanresponse
|n| RUMYMOME|rumymome
