|raw|<div class="broadcast-blue"><strong>This battle is required to be public due to a player having a name starting with 'lt94je'.</div>
|j|☆lt94jecindylaregia
|j|‽BLOODCLAT
|t:|1661301048
|gametype|singles
|player|p1|lt94jecindylaregia|unknownf|1912
|player|p2|BLOODCLAT|hoopster|1877
|teamsize|p1|6
|teamsize|p2|6
|gen|8
|tier|[Gen 8] OU
|rated|
|rule|Sleep Clause Mod: Limit one foe put to sleep
|rule|Species Clause: Limit one of each Pokémon
|rule|OHKO Clause: OHKO moves are banned
|rule|Evasion Items Clause: Evasion items are banned
|rule|Evasion Moves Clause: Evasion moves are banned
|rule|Endless Battle Clause: Forcing endless battles is banned
|rule|HP Percentage Mod: HP is shown in percentages
|rule|Dynamax Clause: You cannot dynamax
|clearpoke
|poke|p1|Tapu Lele|
|poke|p1|Heatran, F|
|poke|p1|Urshifu-*, F|
|poke|p1|Rotom-Wash|
|poke|p1|Landorus-Therian, M|
|poke|p1|Kartana|
|poke|p2|Slowking-Galar, M|
|poke|p2|Rotom-Wash|
|poke|p2|Garchomp, M|
|poke|p2|Tornadus-Therian, M|
|poke|p2|Ferrothorn, F|
|poke|p2|Weavile, M|
|teampreview
|
|t:|1661301058
|start
|switch|p1a: Tapu Lele|Tapu Lele|100/100
|switch|p2a: Slowking|Slowking-Galar, M|100/100
|-fieldstart|move: Psychic Terrain|[from] ability: Psychic Surge|[of] p1a: Tapu Lele
|turn|1
|
|t:|1661301066
|switch|p1a: Landorus|Landorus-Therian, M|100/100
|-ability|p1a: Landorus|Intimidate|boost
|-unboost|p2a: Slowking|atk|1
|move|p2a: Slowking|Trick|p1a: Landorus
|-activate|p2a: Slowking|move: Trick|[of] p1a: Landorus
|-item|p1a: Landorus|Black Sludge|[from] move: Trick
|-item|p2a: Slowking|Leftovers|[from] move: Trick
|
|-damage|p1a: Landorus|88/100|[from] item: Black Sludge
|upkeep
|turn|2
|j| Tobeyourzoro
|
|t:|1661301072
|move|p1a: Landorus|Knock Off|p2a: Slowking
|-supereffective|p2a: Slowking
|-damage|p2a: Slowking|52/100
|-enditem|p2a: Slowking|Leftovers|[from] move: Knock Off|[of] p1a: Landorus
|move|p2a: Slowking|Psychic|p1a: Landorus
|-damage|p1a: Landorus|53/100
|
|-damage|p1a: Landorus|41/100|[from] item: Black Sludge
|upkeep
|turn|3
|
|t:|1661301078
|move|p1a: Landorus|U-turn|p2a: Slowking
|-damage|p2a: Slowking|36/100
|
|t:|1661301082
|switch|p1a: Rotom|Rotom-Wash|100/100|[from]move: U-turn
|move|p2a: Slowking|Psychic|p1a: Rotom
|-damage|p1a: Rotom|64/100
|
|-heal|p1a: Rotom|70/100|[from] item: Leftovers
|upkeep
|turn|4
|j| LT94JenPlsComeBack
|
|t:|1661301088
|switch|p2a: Ferrothorn|Ferrothorn, F|100/100
|move|p1a: Rotom|Thunder Wave|p2a: Ferrothorn
|-status|p2a: Ferrothorn|par
|
|-heal|p1a: Rotom|76/100|[from] item: Leftovers
|upkeep
|turn|5
|
|t:|1661301092
|move|p1a: Rotom|Volt Switch|p2a: Ferrothorn
|-resisted|p2a: Ferrothorn
|-damage|p2a: Ferrothorn|91/100 par
|j| Deoxys cure for OU
|
|t:|1661301095
|switch|p1a: Heatran|Heatran, F|100/100|[from]move: Volt Switch
|-item|p1a: Heatran|Air Balloon
|cant|p2a: Ferrothorn|par
|
|-fieldend|move: Psychic Terrain
|upkeep
|turn|6
|j| sendpais
|j| 542odtpjt
|
|t:|1661301100
|switch|p2a: Rotom|Rotom-Wash|100/100
|move|p1a: Heatran|Stealth Rock|p2a: Rotom
|-sidestart|p2: BLOODCLAT|move: Stealth Rock
|
|upkeep
|turn|7
|
|t:|1661301106
|switch|p1a: Rotom|Rotom-Wash|76/100
|move|p2a: Rotom|Hydro Pump|p1a: Rotom
|-resisted|p1a: Rotom
|-crit|p1a: Rotom
|-damage|p1a: Rotom|53/100
|
|-heal|p1a: Rotom|59/100|[from] item: Leftovers
|upkeep
|turn|8
|l| sendpais
|
|t:|1661301133
|move|p2a: Rotom|Volt Switch|p1a: Rotom
|-damage|p1a: Rotom|40/100
|
|t:|1661301137
|switch|p2a: Ferrothorn|Ferrothorn, F|91/100 par|[from]move: Volt Switch
|-damage|p2a: Ferrothorn|85/100 par|[from] Stealth Rock
|move|p1a: Rotom|Volt Switch|p2a: Ferrothorn
|-resisted|p2a: Ferrothorn
|-damage|p2a: Ferrothorn|76/100 par
|
|t:|1661301140
|switch|p1a: Heatran|Heatran, F|100/100|[from]move: Volt Switch
|-item|p1a: Heatran|Air Balloon
|
|upkeep
|turn|9
|
|t:|1661301143
|switch|p2a: Rotom|Rotom-Wash|100/100
|-damage|p2a: Rotom|88/100|[from] Stealth Rock
|move|p1a: Heatran|Eruption|p2a: Rotom
|-resisted|p2a: Rotom
|-damage|p2a: Rotom|52/100
|
|-heal|p2a: Rotom|58/100|[from] item: Leftovers
|upkeep
|turn|10
|inactive|Battle timer is ON: inactive players will automatically lose when time's up. (requested by BLOODCLAT)
|
|t:|1661301153
|switch|p1a: Rotom|Rotom-Wash|40/100
|move|p2a: Rotom|Volt Switch|p1a: Rotom
|-damage|p1a: Rotom|20/100
|
|t:|1661301155
|switch|p2a: Weavile|Weavile, M|100/100|[from]move: Volt Switch
|-ability|p2a: Weavile|Pressure
|
|-heal|p1a: Rotom|26/100|[from] item: Leftovers
|upkeep
|turn|11
|
|t:|1661301160
|switch|p1a: Urshifu|Urshifu-Rapid-Strike, F|100/100
|move|p2a: Weavile|Knock Off|p1a: Urshifu
|-resisted|p1a: Urshifu
|-damage|p1a: Urshifu|76/100
|-enditem|p1a: Urshifu|Choice Band|[from] move: Knock Off|[of] p2a: Weavile
|
|upkeep
|turn|12
|j| CutePokesOnly
|
|t:|1661301168
|switch|p2a: Tornadus|Tornadus-Therian, M|100/100
|move|p1a: Urshifu|U-turn|p2a: Tornadus
|-resisted|p2a: Tornadus
|-damage|p2a: Tornadus|87/100
|
|t:|1661301173
|switch|p1a: Rotom|Rotom-Wash|26/100|[from]move: U-turn
|
|-heal|p1a: Rotom|32/100|[from] item: Leftovers
|upkeep
|turn|13
|
|t:|1661301177
|move|p2a: Tornadus|Defog|p1a: Rotom
|-unboost|p1a: Rotom|evasion|1
|-sideend|p2: BLOODCLAT|Stealth Rock|[from] move: Defog|[of] p2a: Tornadus
|move|p1a: Rotom|Volt Switch|p2a: Tornadus
|-supereffective|p2a: Tornadus
|-damage|p2a: Tornadus|36/100
|j| KFC Chizza
|
|t:|1661301180
|switch|p1a: Tapu Lele|Tapu Lele|100/100|[from]move: Volt Switch
|-fieldstart|move: Psychic Terrain|[from] ability: Psychic Surge|[of] p1a: Tapu Lele
|
|upkeep
|turn|14
|
|t:|1661301184
|switch|p2a: Slowking|Slowking-Galar, M|70/100
|move|p1a: Tapu Lele|Future Sight|p2a: Slowking
|-start|p1a: Tapu Lele|move: Future Sight
|
|upkeep
|turn|15
|l| KFC Chizza
|l| LT94JenPlsComeBack
|
|t:|1661301204
|switch|p1a: Heatran|Heatran, F|100/100
|-item|p1a: Heatran|Air Balloon
|switch|p2a: Garchomp|Garchomp, M|100/100
|
|upkeep
|turn|16
|
|t:|1661301211
|move|p2a: Garchomp|Scale Shot|p1a: Heatran
|-resisted|p1a: Heatran
|-damage|p1a: Heatran|94/100
|-enditem|p1a: Heatran|Air Balloon
|-resisted|p1a: Heatran
|-damage|p1a: Heatran|87/100
|-hitcount|p1a: Heatran|2
|-unboost|p2a: Garchomp|def|1
|-boost|p2a: Garchomp|spe|1
|move|p1a: Heatran|Stealth Rock|p2a: Garchomp
|-sidestart|p2: BLOODCLAT|move: Stealth Rock
|
|-end|p2a: Garchomp|move: Future Sight
|-damage|p2a: Garchomp|0 fnt
|faint|p2a: Garchomp
|upkeep
|
|t:|1661301220
|switch|p2a: Rotom|Rotom-Wash|58/100
|-damage|p2a: Rotom|46/100|[from] Stealth Rock
|turn|17
|
|t:|1661301231
|move|p1a: Heatran|Magma Storm|p2a: Rotom
|-resisted|p2a: Rotom
|-damage|p2a: Rotom|19/100
|-activate|p2a: Rotom|move: Magma Storm|[of] p1a: Heatran
|move|p2a: Rotom|Volt Switch|p1a: Heatran
|-damage|p1a: Heatran|62/100
|
|t:|1661301236
|switch|p2a: Tornadus|Tornadus-Therian, M|70/100|[from]move: Volt Switch
|
|-fieldend|move: Psychic Terrain
|upkeep
|turn|18
|
|t:|1661301241
|move|p2a: Tornadus|Defog|p1a: Heatran
|-unboost|p1a: Heatran|evasion|1
|-sideend|p2: BLOODCLAT|Stealth Rock|[from] move: Defog|[of] p2a: Tornadus
|move|p1a: Heatran|Magma Storm|p2a: Tornadus
|-damage|p2a: Tornadus|23/100
|-activate|p2a: Tornadus|move: Magma Storm|[of] p1a: Heatran
|
|-damage|p2a: Tornadus|10/100|[from] move: Magma Storm|[partiallytrapped]
|upkeep
|turn|19
|
|t:|1661301246
|move|p2a: Tornadus|U-turn|p1a: Heatran
|-resisted|p1a: Heatran
|-damage|p1a: Heatran|58/100
|l| Deoxys cure for OU
|
|t:|1661301248
|switch|p2a: Rotom|Rotom-Wash|19/100|[from]move: U-turn
|move|p1a: Heatran|Stealth Rock|p2a: Rotom
|-sidestart|p2: BLOODCLAT|move: Stealth Rock
|
|-heal|p2a: Rotom|25/100|[from] item: Leftovers
|upkeep
|turn|20
|
|t:|1661301251
|move|p1a: Heatran|Magma Storm|p2a: Rotom
|-resisted|p2a: Rotom
|-damage|p2a: Rotom|1/100
|-activate|p2a: Rotom|move: Magma Storm|[of] p1a: Heatran
|move|p2a: Rotom|Hydro Pump|p1a: Heatran
|-supereffective|p1a: Heatran
|-damage|p1a: Heatran|0 fnt
|faint|p1a: Heatran
|
|-heal|p2a: Rotom|7/100|[from] item: Leftovers
|-end|p2a: Rotom|Magma Storm|[partiallytrapped]|[silent]
|upkeep
|
|t:|1661301257
|switch|p1a: Kartana|Kartana|100/100
|turn|21
|
|t:|1661301267
|switch|p2a: Ferrothorn|Ferrothorn, F|76/100 par
|-damage|p2a: Ferrothorn|70/100 par|[from] Stealth Rock
|move|p1a: Kartana|Knock Off|p2a: Ferrothorn
|-damage|p2a: Ferrothorn|44/100 par
|-activate|p2a: Ferrothorn|ability: Iron Barbs
|-activate|p1a: Kartana|item: Protective Pads
|-enditem|p2a: Ferrothorn|Rocky Helmet|[from] move: Knock Off|[of] p1a: Kartana
|
|upkeep
|turn|22
|
|t:|1661301273
|move|p1a: Kartana|Knock Off|p2a: Ferrothorn
|-damage|p2a: Ferrothorn|25/100 par
|-activate|p2a: Ferrothorn|ability: Iron Barbs
|-activate|p1a: Kartana|item: Protective Pads
|move|p2a: Ferrothorn|Stealth Rock|p1a: Kartana
|-sidestart|p1: lt94jecindylaregia|move: Stealth Rock
|
|upkeep
|turn|23
|
|t:|1661301276
|move|p1a: Kartana|Knock Off|p2a: Ferrothorn
|-damage|p2a: Ferrothorn|8/100 par
|-activate|p2a: Ferrothorn|ability: Iron Barbs
|-activate|p1a: Kartana|item: Protective Pads
|cant|p2a: Ferrothorn|par
|
|upkeep
|turn|24
|
|t:|1661301279
|move|p1a: Kartana|Knock Off|p2a: Ferrothorn
|-damage|p2a: Ferrothorn|0 fnt
|-activate|p2a: Ferrothorn|ability: Iron Barbs
|-activate|p1a: Kartana|item: Protective Pads
|faint|p2a: Ferrothorn
|-ability|p1a: Kartana|Beast Boost|boost
|-boost|p1a: Kartana|atk|1
|
|upkeep
|
|t:|1661301282
|switch|p2a: Tornadus|Tornadus-Therian, M|44/100
|turn|25
|
|t:|1661301293
|move|p2a: Tornadus|Hurricane|p1a: Kartana
|-damage|p1a: Kartana|0 fnt
|faint|p1a: Kartana
|
|upkeep
|
|t:|1661301295
|switch|p1a: Tapu Lele|Tapu Lele|100/100
|-damage|p1a: Tapu Lele|88/100|[from] Stealth Rock
|-fieldstart|move: Psychic Terrain|[from] ability: Psychic Surge|[of] p1a: Tapu Lele
|turn|26
|
|t:|1661301312
|move|p1a: Tapu Lele|Psyshock|p2a: Tornadus
|-damage|p2a: Tornadus|0 fnt
|faint|p2a: Tornadus
|
|upkeep
|
|t:|1661301315
|switch|p2a: Slowking|Slowking-Galar, M|100/100
|-damage|p2a: Slowking|88/100|[from] Stealth Rock
|turn|27
|
|t:|1661301324
|switch|p1a: Rotom|Rotom-Wash|32/100
|-damage|p1a: Rotom|20/100|[from] Stealth Rock
|move|p2a: Slowking|Sludge Bomb|p1a: Rotom
|-damage|p1a: Rotom|0 fnt
|faint|p1a: Rotom
|
|upkeep
|
|t:|1661301332
|switch|p1a: Landorus|Landorus-Therian, M|41/100
|-damage|p1a: Landorus|29/100|[from] Stealth Rock
|-ability|p1a: Landorus|Intimidate|boost
|-unboost|p2a: Slowking|atk|1
|turn|28
|
|t:|1661301339
|switch|p2a: Weavile|Weavile, M|100/100
|-ability|p2a: Weavile|Pressure
|move|p1a: Landorus|Earthquake|p2a: Weavile
|-damage|p2a: Weavile|21/100
|
|-damage|p1a: Landorus|16/100|[from] item: Black Sludge
|upkeep
|turn|29
|
|t:|1661301348
|switch|p2a: Slowking|Slowking-Galar, M|100/100
|-damage|p2a: Slowking|88/100|[from] Stealth Rock
|switch|p1a: Urshifu|Urshifu-Rapid-Strike, F|76/100
|-damage|p1a: Urshifu|70/100|[from] Stealth Rock
|
|upkeep
|turn|30
|
|t:|1661301359
|move|p1a: Urshifu|U-turn|p2a: Slowking
|-damage|p2a: Slowking|70/100
|
|t:|1661301361
|switch|p1a: Tapu Lele|Tapu Lele|88/100|[from]move: U-turn
|-damage|p1a: Tapu Lele|76/100|[from] Stealth Rock
|move|p2a: Slowking|Psychic|p1a: Tapu Lele
|-resisted|p1a: Tapu Lele
|-damage|p1a: Tapu Lele|54/100
|
|-fieldend|move: Psychic Terrain
|upkeep
|turn|31
|
|t:|1661301369
|move|p1a: Tapu Lele|Psyshock|p2a: Slowking
|-damage|p2a: Slowking|37/100
|move|p2a: Slowking|Sludge Bomb|p1a: Tapu Lele
|-supereffective|p1a: Tapu Lele
|-damage|p1a: Tapu Lele|0 fnt
|faint|p1a: Tapu Lele
|
|upkeep
|
|t:|1661301371
|switch|p1a: Urshifu|Urshifu-Rapid-Strike, F|70/100
|-damage|p1a: Urshifu|64/100|[from] Stealth Rock
|turn|32
|
|t:|1661301376
|switch|p2a: Rotom|Rotom-Wash|7/100
|-damage|p2a: Rotom|0 fnt|[from] Stealth Rock
|faint|p2a: Rotom
|move|p1a: Urshifu|Surging Strikes|p2: Rotom|[notarget]
|-fail|p1a: Urshifu
|
|upkeep
|j| Jaberjaw777
|inactive|BLOODCLAT has 120 seconds left.
|j| RealmOfMind
|
|t:|1661301434
|switch|p2a: Slowking|Slowking-Galar, M|70/100
|-damage|p2a: Slowking|58/100|[from] Stealth Rock
|turn|33
|
|t:|1661301439
|move|p1a: Urshifu|Surging Strikes|p2a: Slowking
|-crit|p2a: Slowking
|-damage|p2a: Slowking|43/100
|-crit|p2a: Slowking
|-damage|p2a: Slowking|28/100
|-crit|p2a: Slowking
|-damage|p2a: Slowking|14/100
|-hitcount|p2a: Slowking|3
|move|p2a: Slowking|Psychic|p1a: Urshifu
|-supereffective|p1a: Urshifu
|-damage|p1a: Urshifu|0 fnt
|faint|p1a: Urshifu
|
|upkeep
|-message|lt94jecindylaregia forfeited.
|
|win|BLOODCLAT
|raw|lt94jecindylaregia's rating: 1912 &rarr; <strong>1890</strong><br />(-22 for losing)
|raw|BLOODCLAT's rating: 1877 &rarr; <strong>1899</strong><br />(+22 for winning)
|l|☆lt94jecindylaregia
|l| 542odtpjt
|l|‽BLOODCLAT
|l| Jaberjaw777
||Ladder isn't responding, score probably updated but might not have (Request timeout).
|l| CutePokesOnly
