|j|☆joey milktank
|j|☆ripreckful
|inactive|Battle timer is ON: inactive players will automatically lose when time's up.
|t:|1650091920
|gametype|singles
|player|p1|joey milktank|whitney-gen2|
|player|p2|ripreckful|hilbert|
|teamsize|p1|6
|teamsize|p2|6
|gen|8
|tier|[Gen 8] OU
|rated|Tournament battle
|rule|Sleep Clause Mod: Limit one foe put to sleep
|rule|Species Clause: Limit one of each Pokémon
|rule|OHKO Clause: OHKO moves are banned
|rule|Evasion Moves Clause: Evasion moves are banned
|rule|Endless Battle Clause: Forcing endless battles is banned
|rule|HP Percentage Mod: HP is shown in percentages
|rule|Dynamax Clause: You cannot dynamax
|clearpoke
|poke|p1|Zygarde-10%|
|poke|p1|Tapu Lele|
|poke|p1|Toxapex, F|
|poke|p1|Hawlucha, M|
|poke|p1|Magnezone|
|poke|p1|Blissey, F|
|poke|p2|Grimmsnarl, M|
|poke|p2|Zarude|
|poke|p2|Necrozma|
|poke|p2|Moltres-Galar|
|poke|p2|Urshifu-*, F|
|poke|p2|Corviknight, F|
|teampreview
|inactive|ripreckful also wants the timer to be on.
|j| a wing fighter
|j| 3d ◉︵◉
|c|☆ripreckful|cool team
|c|☆joey milktank|ty
|c| 3d ◉︵◉|hail is so
|c| 3d ◉︵◉|annoying
|c| 3d ◉︵◉|how do u beat hail
|
|t:|1650091948
|start
|switch|p1a: ignorance is|Blissey, F|100/100
|switch|p2a: Grimmsnarl|Grimmsnarl, M|100/100
|turn|1
|c| a wing fighter|u click x
|c| 3d ◉︵◉|is keeping ferro healthy
|c| 3d ◉︵◉|enough
|c|☆ripreckful|when they have sub i just x out
|
|t:|1650091975
|move|p2a: Grimmsnarl|Taunt|p1a: ignorance is
|-start|p1a: ignorance is|move: Taunt
|cant|p1a: ignorance is|move: Taunt|Stealth Rock
|
|upkeep
|turn|2
|c| a wing fighter|where r u seeing a ferro
|
|t:|1650091984
|switch|p1a: new chain|Magnezone, shiny|100/100
|move|p2a: Grimmsnarl|Reflect|p2a: Grimmsnarl
|-sidestart|p2: ripreckful|Reflect
|
|upkeep
|turn|3
|
|t:|1650091993
|move|p2a: Grimmsnarl|Light Screen|p2a: Grimmsnarl
|-sidestart|p2: ripreckful|move: Light Screen
|move|p1a: new chain|Thunderbolt|p2a: Grimmsnarl
|-damage|p2a: Grimmsnarl|85/100
|
|upkeep
|turn|4
|c| 3d ◉︵◉|i dont mean
|c| 3d ◉︵◉|on this team
|
|t:|1650092005
|switch|p2a: Zarude|Zarude|100/100
|move|p1a: new chain|Body Press|p2a: Zarude
|-supereffective|p2a: Zarude
|-damage|p2a: Zarude|75/100
|
|-heal|p2a: Zarude|81/100|[from] item: Leftovers
|upkeep
|turn|5
|c| 3d ◉︵◉|i mean in general
|
|t:|1650092025
|move|p2a: Zarude|Bulk Up|p2a: Zarude
|-boost|p2a: Zarude|atk|1
|-boost|p2a: Zarude|def|1
|move|p1a: new chain|Toxic|p2a: Zarude
|-status|p2a: Zarude|tox
|
|-heal|p2a: Zarude|87/100 tox|[from] item: Leftovers
|-damage|p2a: Zarude|81/100 tox|[from] psn
|upkeep
|turn|6
|
|t:|1650092038
|switch|p1a: Riley Reid|Toxapex, F, shiny|100/100
|move|p2a: Zarude|Darkest Lariat|p1a: Riley Reid
|-damage|p1a: Riley Reid|62/100
|
|-heal|p2a: Zarude|87/100 tox|[from] item: Leftovers
|-damage|p2a: Zarude|75/100 tox|[from] psn
|upkeep
|turn|7
|
|t:|1650092046
|move|p2a: Zarude|Power Whip|p1a: Riley Reid
|-damage|p1a: Riley Reid|4/100
|move|p1a: Riley Reid|Haze|p1a: Riley Reid
|-clearallboost
|
|-heal|p2a: Zarude|81/100 tox|[from] item: Leftovers
|-damage|p2a: Zarude|63/100 tox|[from] psn
|upkeep
|turn|8
|c| 3d ◉︵◉|bro
|c| 3d ◉︵◉|arcotzolt
|c| 3d ◉︵◉|is literally broken
|
|t:|1650092058
|switch|p1a: Strawberry|Tapu Lele|100/100
|-fieldstart|move: Psychic Terrain|[from] ability: Psychic Surge|[of] p1a: Strawberry
|move|p2a: Zarude|Jungle Healing|p2a: Zarude
|-heal|p2a: Zarude|88/100 tox
|-curestatus|p2a: Zarude|tox|[msg]
|
|-heal|p2a: Zarude|94/100|[from] item: Leftovers
|upkeep
|turn|9
|c| a wing fighter|nah cuz they could bring volcanion
|
|t:|1650092069
|switch|p2a: Corviknight|Corviknight, F|100/100
|-ability|p2a: Corviknight|Pressure
|move|p1a: Strawberry|Moonblast|p2a: Corviknight
|-resisted|p2a: Corviknight
|-damage|p2a: Corviknight|83/100
|
|-sideend|p2: ripreckful|Reflect
|upkeep
|turn|10
|
|t:|1650092082
|switch|p1a: new chain|Magnezone, shiny|100/100
|move|p2a: Corviknight|Bulk Up|p2a: Corviknight
|-boost|p2a: Corviknight|atk|1
|-boost|p2a: Corviknight|def|1
|
|-sideend|p2: ripreckful|move: Light Screen
|upkeep
|turn|11
|
|t:|1650092091
|move|p2a: Corviknight|Agility|p2a: Corviknight
|-boost|p2a: Corviknight|spe|2
|move|p1a: new chain|Iron Defense|p1a: new chain
|-boost|p1a: new chain|def|2
|
|upkeep
|turn|12
|
|t:|1650092098
|move|p2a: Corviknight|Bulk Up|p2a: Corviknight
|-boost|p2a: Corviknight|atk|1
|-boost|p2a: Corviknight|def|1
|move|p1a: new chain|Thunderbolt|p2a: Corviknight
|-supereffective|p2a: Corviknight
|-damage|p2a: Corviknight|13/100
|-enditem|p2a: Corviknight|Weakness Policy
|-boost|p2a: Corviknight|atk|2|[from] item: Weakness Policy
|-boost|p2a: Corviknight|spa|2|[from] item: Weakness Policy
|
|-fieldend|move: Psychic Terrain
|upkeep
|turn|13
|
|t:|1650092108
|move|p2a: Corviknight|Power Trip|p1a: new chain
|-damage|p1a: new chain|50/100
|-damage|p2a: Corviknight|0 fnt|[from] item: Rocky Helmet|[of] p1a: new chain
|faint|p2a: Corviknight
|move|p1a: new chain|Thunderbolt|p2: Corviknight|[notarget]
|-fail|p1a: new chain
|
|upkeep
|c|☆ripreckful|i thought it would do more tbh
|inactive|ripreckful has 120 seconds left.
|
|t:|1650092142
|switch|p2a: Necrozma|Necrozma|100/100
|turn|14
|c| 3d ◉︵◉|why does dd 6-0
|
|t:|1650092164
|switch|p1a: ignorance is|Blissey, F|100/100
|move|p2a: Necrozma|Heat Wave|p1a: ignorance is
|-damage|p1a: ignorance is|87/100
|
|upkeep
|turn|15
|
|t:|1650092175
|switch|p2a: Grimmsnarl|Grimmsnarl, M|85/100
|move|p1a: ignorance is|Toxic|p2a: Grimmsnarl
|-status|p2a: Grimmsnarl|tox
|
|-damage|p2a: Grimmsnarl|79/100 tox|[from] psn
|upkeep
|turn|16
|
|t:|1650092187
|switch|p1a: Riley Reid|Toxapex, F, shiny|37/100
|move|p2a: Grimmsnarl|Taunt|p1a: Riley Reid
|-start|p1a: Riley Reid|move: Taunt
|
|-damage|p2a: Grimmsnarl|67/100 tox|[from] psn
|upkeep
|turn|17
|
|t:|1650092195
|switch|p1a: Strawberry|Tapu Lele|100/100
|-fieldstart|move: Psychic Terrain|[from] ability: Psychic Surge|[of] p1a: Strawberry
|move|p2a: Grimmsnarl|Light Screen|p2a: Grimmsnarl
|-sidestart|p2: ripreckful|move: Light Screen
|
|-damage|p2a: Grimmsnarl|49/100 tox|[from] psn
|upkeep
|turn|18
|
|t:|1650092204
|move|p2a: Grimmsnarl|Reflect|p2a: Grimmsnarl
|-sidestart|p2: ripreckful|Reflect
|move|p1a: Strawberry|Moonblast|p2a: Grimmsnarl
|-supereffective|p2a: Grimmsnarl
|-damage|p2a: Grimmsnarl|0 fnt
|faint|p2a: Grimmsnarl
|
|upkeep
|j| NIGHTCORE DRAKE
|
|t:|1650092219
|switch|p2a: Moltres|Moltres-Galar|100/100
|turn|19
|j| rip whitebeard
|c| NIGHTCORE DRAKE|bofa these teams r
|j| I Have A Plan
|c| NIGHTCORE DRAKE|based
|
|t:|1650092237
|switch|p1a: ignorance is|Blissey, F|87/100
|move|p2a: Moltres|Nasty Plot|p2a: Moltres
|-boost|p2a: Moltres|spa|2
|
|upkeep
|turn|20
|j| Anonymous43567
|c| 3d ◉︵◉|they both lose to arctozolt
|
|t:|1650092258
|move|p2a: Moltres|Nasty Plot|p2a: Moltres
|-boost|p2a: Moltres|spa|2
|move|p1a: ignorance is|Toxic|p2a: Moltres
|-status|p2a: Moltres|tox
|
|-damage|p2a: Moltres|94/100 tox|[from] psn
|upkeep
|turn|21
|
|t:|1650092276
|move|p2a: Moltres|Fiery Wrath|p1a: ignorance is
|-damage|p1a: ignorance is|41/100
|move|p1a: ignorance is|Seismic Toss|p2a: Moltres
|-damage|p2a: Moltres|63/100 tox
|
|-damage|p2a: Moltres|51/100 tox|[from] psn
|-fieldend|move: Psychic Terrain
|upkeep
|turn|22
|c|☆ripreckful|just run double steal or some bullshit
|
|t:|1650092291
|move|p2a: Moltres|Fiery Wrath|p1a: ignorance is
|-damage|p1a: ignorance is|0 fnt
|faint|p1a: ignorance is
|
|-damage|p2a: Moltres|32/100 tox|[from] psn
|upkeep
|
|t:|1650092305
|switch|p1a: Strawberry|Tapu Lele|100/100
|-fieldstart|move: Psychic Terrain|[from] ability: Psychic Surge|[of] p1a: Strawberry
|turn|23
|
|t:|1650092311
|move|p1a: Strawberry|Moonblast|p2a: Moltres
|-supereffective|p2a: Moltres
|-damage|p2a: Moltres|0 fnt
|faint|p2a: Moltres
|
|upkeep
|
|t:|1650092314
|switch|p2a: Necrozma|Necrozma|100/100
|turn|24
|
|t:|1650092321
|move|p1a: Strawberry|Moonblast|p2a: Necrozma
|-crit|p2a: Necrozma
|-damage|p2a: Necrozma|0 fnt
|faint|p2a: Necrozma
|
|-sideend|p2: ripreckful|move: Light Screen
|upkeep
|
|t:|1650092343
|switch|p2a: Zarude|Zarude|94/100
|turn|25
|c|☆ripreckful|gg
|
|t:|1650092356
|move|p2a: Zarude|Power Whip|p1a: Strawberry
|-damage|p1a: Strawberry|12/100
|move|p1a: Strawberry|Moonblast|p2a: Zarude
|-supereffective|p2a: Zarude
|-damage|p2a: Zarude|0 fnt
|faint|p2a: Zarude
|
|-sideend|p2: ripreckful|Reflect
|upkeep
|
|t:|1650092360
|switch|p2a: Urshifu|Urshifu-Rapid-Strike, F|100/100
|turn|26
|c|☆joey milktank|gg
|
|t:|1650092367
|switch|p1a: Riley Reid|Toxapex, F, shiny|71/100
|move|p2a: Urshifu|Surging Strikes|p1a: Riley Reid
|-resisted|p1a: Riley Reid
|-crit|p1a: Riley Reid
|-damage|p1a: Riley Reid|60/100
|-resisted|p1a: Riley Reid
|-crit|p1a: Riley Reid
|-damage|p1a: Riley Reid|49/100
|-resisted|p1a: Riley Reid
|-crit|p1a: Riley Reid
|-damage|p1a: Riley Reid|40/100
|-hitcount|p1a: Riley Reid|3
|
|upkeep
|turn|27
|
|t:|1650092381
|switch|p1a: new chain|Magnezone, shiny|50/100
|move|p2a: Urshifu|Surging Strikes|p1a: new chain
|-crit|p1a: new chain
|-damage|p1a: new chain|30/100
|-damage|p2a: Urshifu|84/100|[from] item: Rocky Helmet|[of] p1a: new chain
|-crit|p1a: new chain
|-damage|p1a: new chain|8/100
|-damage|p2a: Urshifu|68/100|[from] item: Rocky Helmet|[of] p1a: new chain
|-crit|p1a: new chain
|-damage|p1a: new chain|0 fnt
|-damage|p2a: Urshifu|51/100|[from] item: Rocky Helmet|[of] p1a: new chain
|faint|p1a: new chain
|-hitcount|p1: new chain|3
|
|-fieldend|move: Psychic Terrain
|upkeep
|
|t:|1650092397
|switch|p1a: Strawberry|Tapu Lele|12/100
|-fieldstart|move: Psychic Terrain|[from] ability: Psychic Surge|[of] p1a: Strawberry
|turn|28
|
|t:|1650092403
|move|p2a: Urshifu|Surging Strikes|p1a: Strawberry
|-crit|p1a: Strawberry
|-damage|p1a: Strawberry|0 fnt
|faint|p1a: Strawberry
|-hitcount|p1: Strawberry|1
|
|upkeep
|
|t:|1650092410
|switch|p1a: BLOOD LUST|Hawlucha, M, shiny|100/100
|-enditem|p1a: BLOOD LUST|Psychic Seed
|-boost|p1a: BLOOD LUST|spd|1|[from] item: Psychic Seed
|turn|29
|
|t:|1650092415
|move|p1a: BLOOD LUST|Acrobatics|p2a: Urshifu
|-supereffective|p2a: Urshifu
|-damage|p2a: Urshifu|0 fnt
|faint|p2a: Urshifu
|
|win|joey milktank
|n|☆joey milktank|joeymilktank
|n|☆ripreckful|ripreckful
|n| a wing fighter|awingfighter
|n| 3d ◉︵◉|3d
|n| NIGHTCORE DRAKE|nightcoredrake
|n| rip whitebeard|ripwhitebeard
|n| I Have A Plan|ihaveaplan
|n| Anonymous43567|anonymous43567
|l|☆ripreckful
|l|☆joey milktank
|j|☆joey milktank
|player|p1|joey milktank|whitney-gen2
|l| I Have A Plan
