|html|<div class="broadcast-blue"><strong>[Gen 8] OU is currently suspecting Melmetal! For information on how to participate check out the <a href="https://www.smogon.com/forums/threads/np-ss-ou-suspect-process-round-12-monster-mash.3709234/">suspect thread</a>.</strong></div>
|j|☆Pokelolww
|j|☆Elite4donovan
|t:|1666824512
|gametype|singles
|player|p1|Pokelolww|cynthia|1631
|player|p2|Elite4donovan|lucas|1624
|teamsize|p1|6
|teamsize|p2|6
|gen|8
|tier|[Gen 8] OU
|rated|
|rule|Sleep Clause Mod: Limit one foe put to sleep
|rule|Species Clause: Limit one of each Pokémon
|rule|OHKO Clause: OHKO moves are banned
|rule|Evasion Items Clause: Evasion items are banned
|rule|Evasion Moves Clause: Evasion moves are banned
|rule|Endless Battle Clause: Forcing endless battles is banned
|rule|HP Percentage Mod: HP is shown in percentages
|rule|Dynamax Clause: You cannot dynamax
|clearpoke
|poke|p1|Galvantula, F|
|poke|p1|Kartana|
|poke|p1|Volcarona, M|
|poke|p1|Keldeo|
|poke|p1|Zeraora|
|poke|p1|Excadrill, M|
|poke|p2|Aerodactyl, F|
|poke|p2|Tornadus-Therian, M|
|poke|p2|Scizor, F|
|poke|p2|Garchomp, F|
|poke|p2|Rotom-Wash|
|poke|p2|Dragapult, F|
|teampreview
|inactive|Battle timer is ON: inactive players will automatically lose when time's up. (requested by Pokelolww)
|
|t:|1666824518
|start
|switch|p1a: Galvantula|Galvantula, F, shiny|100/100
|switch|p2a: Aerodactyl|Aerodactyl, F|100/100
|-ability|p2a: Aerodactyl|Pressure
|turn|1
|
|t:|1666824520
|move|p2a: Aerodactyl|Dual Wingbeat|p1a: Galvantula
|-damage|p1a: Galvantula|49/100
|-damage|p1a: Galvantula|0 fnt
|faint|p1a: Galvantula
|-hitcount|p1: Galvantula|2
|
|upkeep
|
|t:|1666824526
|switch|p1a: Zeraora|Zeraora|100/100
|turn|2
|
|t:|1666824544
|switch|p2a: Scizor|Scizor, F|100/100
|switch|p1a: Keldeo|Keldeo|100/100
|
|upkeep
|turn|3
|
|t:|1666824553
|switch|p2a: Tornadus|Tornadus-Therian, M|100/100
|move|p1a: Keldeo|Scald|p2a: Tornadus
|-damage|p2a: Tornadus|74/100
|-status|p2a: Tornadus|brn
|
|-damage|p2a: Tornadus|68/100 brn|[from] brn
|upkeep
|turn|4
|
|t:|1666824557
|move|p2a: Tornadus|Knock Off|p1a: Keldeo
|-resisted|p1a: Keldeo
|-damage|p1a: Keldeo|95/100
|-ability|p1a: Keldeo|Justified|boost
|-boost|p1a: Keldeo|atk|1
|-enditem|p1a: Keldeo|Sitrus Berry|[from] move: Knock Off|[of] p2a: Tornadus
|move|p1a: Keldeo|Icy Wind|p2a: Tornadus
|-supereffective|p2a: Tornadus
|-damage|p2a: Tornadus|39/100 brn
|-unboost|p2a: Tornadus|spe|1
|
|-damage|p2a: Tornadus|33/100 brn|[from] brn
|upkeep
|turn|5
|j| monkaSaur
|
|t:|1666824562
|move|p1a: Keldeo|Calm Mind|p1a: Keldeo
|-boost|p1a: Keldeo|spa|1
|-boost|p1a: Keldeo|spd|1
|move|p2a: Tornadus|U-turn|p1a: Keldeo
|-resisted|p1a: Keldeo
|-damage|p1a: Keldeo|90/100
|
|t:|1666824565
|switch|p2a: Aerodactyl|Aerodactyl, F|100/100|[from]move: U-turn
|-ability|p2a: Aerodactyl|Pressure
|
|upkeep
|turn|6
|
|t:|1666824567
|move|p2a: Aerodactyl|Dual Wingbeat|p1a: Keldeo
|-supereffective|p1a: Keldeo
|-damage|p1a: Keldeo|32/100
|-supereffective|p1a: Keldeo
|-damage|p1a: Keldeo|0 fnt
|faint|p1a: Keldeo
|-hitcount|p1: Keldeo|2
|
|upkeep
|
|t:|1666824570
|switch|p1a: Zeraora|Zeraora|100/100
|turn|7
|
|t:|1666824572
|switch|p2a: Scizor|Scizor, F|100/100
|move|p1a: Zeraora|Bulk Up|p1a: Zeraora
|-boost|p1a: Zeraora|atk|1
|-boost|p1a: Zeraora|def|1
|
|upkeep
|turn|8
|
|t:|1666824575
|move|p1a: Zeraora|Blaze Kick|p2a: Scizor|[miss]
|-miss|p1a: Zeraora|p2a: Scizor
|move|p2a: Scizor|U-turn|p1a: Zeraora
|-damage|p1a: Zeraora|73/100
|
|t:|1666824580
|switch|p2a: Garchomp|Garchomp, F|100/100|[from]move: U-turn
|
|upkeep
|turn|9
|
|t:|1666824584
|switch|p1a: Excadrill|Excadrill, M|100/100
|-ability|p1a: Excadrill|Mold Breaker
|-item|p1a: Excadrill|Air Balloon
|move|p2a: Garchomp|Earthquake|p1a: Excadrill
|-immune|p1a: Excadrill
|
|upkeep
|turn|10
|
|t:|1666824592
|switch|p2a: Dragapult|Dragapult, F|100/100
|move|p1a: Excadrill|Swords Dance|p1a: Excadrill
|-boost|p1a: Excadrill|atk|2
|
|upkeep
|turn|11
|
|t:|1666824597
|move|p2a: Dragapult|Hex|p1a: Excadrill
|-damage|p1a: Excadrill|55/100
|-enditem|p1a: Excadrill|Air Balloon
|move|p1a: Excadrill|Iron Head|p2a: Dragapult
|-damage|p2a: Dragapult|0 fnt
|faint|p2a: Dragapult
|
|upkeep
|
|t:|1666824602
|switch|p2a: Aerodactyl|Aerodactyl, F|100/100
|-ability|p2a: Aerodactyl|Pressure
|turn|12
|
|t:|1666824604
|move|p2a: Aerodactyl|Earthquake|p1a: Excadrill
|-supereffective|p1a: Excadrill
|-damage|p1a: Excadrill|0 fnt
|faint|p1a: Excadrill
|
|upkeep
|
|t:|1666824609
|switch|p1a: Volcarona|Volcarona, M|100/100
|turn|13
|
|t:|1666824611
|move|p2a: Aerodactyl|Earthquake|p1a: Volcarona
|-damage|p1a: Volcarona|25/100
|move|p1a: Volcarona|Quiver Dance|p1a: Volcarona
|-boost|p1a: Volcarona|spa|1
|-boost|p1a: Volcarona|spd|1
|-boost|p1a: Volcarona|spe|1
|
|upkeep
|turn|14
|
|t:|1666824616
|move|p1a: Volcarona|Psychic|p2a: Aerodactyl
|-damage|p2a: Aerodactyl|37/100
|move|p2a: Aerodactyl|Earthquake|p1a: Volcarona
|-damage|p1a: Volcarona|0 fnt
|faint|p1a: Volcarona
|
|upkeep
|
|t:|1666824619
|switch|p1a: Kartana|Kartana, shiny|100/100
|turn|15
|
|t:|1666824622
|switch|p2a: Scizor|Scizor, F|100/100
|move|p1a: Kartana|Leaf Blade|p2a: Scizor
|-resisted|p2a: Scizor
|-damage|p2a: Scizor|89/100
|
|upkeep
|turn|16
|
|t:|1666824625
|move|p1a: Kartana|Swords Dance|p1a: Kartana
|-boost|p1a: Kartana|atk|2
|move|p2a: Scizor|U-turn|p1a: Kartana
|-damage|p1a: Kartana|71/100
|
|t:|1666824627
|switch|p2a: Aerodactyl|Aerodactyl, F|37/100|[from]move: U-turn
|-ability|p2a: Aerodactyl|Pressure
|
|upkeep
|turn|17
|
|t:|1666824630
|move|p2a: Aerodactyl|Fire Fang|p1a: Kartana
|-supereffective|p1a: Kartana
|-damage|p1a: Kartana|0 fnt
|faint|p1a: Kartana
|
|upkeep
|
|t:|1666824632
|switch|p1a: Zeraora|Zeraora|73/100
|turn|18
|
|t:|1666824633
|switch|p2a: Garchomp|Garchomp, F|100/100
|move|p1a: Zeraora|Bulk Up|p1a: Zeraora
|-boost|p1a: Zeraora|atk|1
|-boost|p1a: Zeraora|def|1
|
|upkeep
|turn|19
|
|t:|1666824636
|move|p1a: Zeraora|Close Combat|p2a: Garchomp
|-damage|p2a: Garchomp|55/100
|-unboost|p1a: Zeraora|def|1
|-unboost|p1a: Zeraora|spd|1
|-damage|p1a: Zeraora|61/100|[from] ability: Rough Skin|[of] p2a: Garchomp
|move|p2a: Garchomp|Earthquake|p1a: Zeraora
|-supereffective|p1a: Zeraora
|-damage|p1a: Zeraora|0 fnt
|faint|p1a: Zeraora
|
|win|Elite4donovan
|raw|Pokelolww's rating: 1631 &rarr; <strong>1611</strong><br />(-20 for losing)
|raw|Elite4donovan's rating: 1624 &rarr; <strong>1644</strong><br />(+20 for winning)
||Ladder isn't responding, score probably updated but might not have (Request timeout).
