|j|☆yung_iznamakin
|j|☆hawkize14
|t:|1647827679
|gametype|singles
|player|p1|yung_iznamakin|ninjaboy|1359
|player|p2|hawkize14|falkner|1386
|teamsize|p1|6
|teamsize|p2|6
|gen|8
|tier|[Gen 8] OU
|rated|
|rule|Sleep Clause Mod: Limit one foe put to sleep
|rule|Species Clause: Limit one of each Pokémon
|rule|OHKO Clause: OHKO moves are banned
|rule|Evasion Moves Clause: Evasion moves are banned
|rule|Endless Battle Clause: Forcing endless battles is banned
|rule|HP Percentage Mod: HP is shown in percentages
|rule|Dynamax Clause: You cannot dynamax
|clearpoke
|poke|p1|Conkeldurr, M|
|poke|p1|Slowking-Galar, M|
|poke|p1|Rillaboom, M|
|poke|p1|Corviknight, F|
|poke|p1|Moltres|
|poke|p1|Hydreigon, M|
|poke|p2|Garchomp, F|
|poke|p2|Ferrothorn, F|
|poke|p2|Clefable, F|
|poke|p2|Rotom-Wash|
|poke|p2|Tornadus-Therian, M|
|poke|p2|Weavile, M|
|teampreview
|j| ChocoMocha
|inactive|Battle timer is ON: inactive players will automatically lose when time's up. (requested by hawkize14)
|inactive|yung_iznamakin has 120 seconds left.
|
|t:|1647827738
|start
|switch|p1a: Conkeldurr|Conkeldurr, M|100/100
|switch|p2a: Tornadus|Tornadus-Therian, M|100/100
|turn|1
|
|t:|1647827752
|switch|p1a: Slowking|Slowking-Galar, M|100/100
|move|p2a: Tornadus|Hurricane|p1a: Slowking
|-damage|p1a: Slowking|81/100
|
|upkeep
|turn|2
|
|t:|1647827760
|move|p2a: Tornadus|U-turn|p1a: Slowking
|-damage|p1a: Slowking|66/100
|l| ChocoMocha
|
|t:|1647827768
|switch|p2a: Garchomp|Garchomp, F|100/100|[from]move: U-turn
|move|p1a: Slowking|Future Sight|p2a: Garchomp
|-start|p1a: Slowking|move: Future Sight
|
|upkeep
|turn|3
|
|t:|1647827776
|switch|p1a: Conkeldurr|Conkeldurr, M|100/100
|move|p2a: Garchomp|Stealth Rock|p1a: Conkeldurr
|-sidestart|p1: yung_iznamakin|move: Stealth Rock
|
|-status|p1a: Conkeldurr|brn|[from] item: Flame Orb
|upkeep
|turn|4
|inactive|hawkize14 has 120 seconds left.
|
|t:|1647827822
|switch|p2a: Clefable|Clefable, F, shiny|100/100
|move|p1a: Conkeldurr|Ice Punch|p2a: Clefable
|-damage|p2a: Clefable|66/100
|
|-end|p2a: Clefable|move: Future Sight
|-damage|p2a: Clefable|18/100
|-damage|p1a: Conkeldurr|94/100 brn|[from] brn
|upkeep
|turn|5
|
|t:|1647827841
|switch|p2a: Ferrothorn|Ferrothorn, F|100/100
|switch|p1a: Slowking|Slowking-Galar, M|99/100
|-damage|p1a: Slowking|87/100|[from] Stealth Rock
|
|upkeep
|turn|6
|
|t:|1647827850
|switch|p2a: Clefable|Clefable, F, shiny|18/100
|move|p1a: Slowking|Flamethrower|p2a: Clefable
|-damage|p2a: Clefable|0 fnt
|faint|p2a: Clefable
|
|upkeep
|
|t:|1647827858
|switch|p2a: Garchomp|Garchomp, F|100/100
|turn|7
|
|t:|1647827867
|switch|p2a: Rotom|Rotom-Wash|100/100
|switch|p1a: Conkeldurr|Conkeldurr, M|94/100 brn
|-damage|p1a: Conkeldurr|88/100 brn|[from] Stealth Rock
|
|-damage|p1a: Conkeldurr|82/100 brn|[from] brn
|upkeep
|turn|8
|
|t:|1647827879
|move|p2a: Rotom|Hydro Pump|p1a: Conkeldurr
|-damage|p1a: Conkeldurr|32/100 brn
|move|p1a: Conkeldurr|Drain Punch|p2a: Rotom
|-damage|p2a: Rotom|24/100
|-heal|p1a: Conkeldurr|60/100 brn|[from] drain|[of] p2a: Rotom
|
|-heal|p2a: Rotom|30/100|[from] item: Leftovers
|-damage|p1a: Conkeldurr|54/100 brn|[from] brn
|upkeep
|turn|9
|
|t:|1647827890
|move|p2a: Rotom|Volt Switch|p1a: Conkeldurr
|-damage|p1a: Conkeldurr|26/100 brn
|
|t:|1647827894
|switch|p2a: Tornadus|Tornadus-Therian, M|100/100|[from]move: Volt Switch
|move|p1a: Conkeldurr|Drain Punch|p2a: Tornadus
|-resisted|p2a: Tornadus
|-damage|p2a: Tornadus|61/100
|-heal|p1a: Conkeldurr|43/100 brn|[from] drain|[of] p2a: Tornadus
|
|-damage|p1a: Conkeldurr|37/100 brn|[from] brn
|upkeep
|turn|10
|inactive|hawkize14 has 120 seconds left.
|
|t:|1647827903
|switch|p1a: Slowking|Slowking-Galar, M|100/100
|-damage|p1a: Slowking|88/100|[from] Stealth Rock
|move|p2a: Tornadus|U-turn|p1a: Slowking
|-damage|p1a: Slowking|72/100
|inactive|hawkize14 has 120 seconds left.
|
|t:|1647827915
|switch|p2a: Rotom|Rotom-Wash|30/100|[from]move: U-turn
|
|-heal|p2a: Rotom|36/100|[from] item: Leftovers
|upkeep
|turn|11
|inactive|hawkize14 has 120 seconds left.
|
|t:|1647827941
|move|p2a: Rotom|Thunder Wave|p1a: Slowking
|-status|p1a: Slowking|par
|move|p1a: Slowking|Future Sight|p2a: Rotom
|-start|p1a: Slowking|move: Future Sight
|
|-heal|p2a: Rotom|42/100|[from] item: Leftovers
|upkeep
|turn|12
|
|t:|1647827949
|move|p2a: Rotom|Pain Split|p1a: Slowking
|-sethp|p1a: Slowking|52/100 par|[from] move: Pain Split|[silent]
|-sethp|p2a: Rotom|68/100|[from] move: Pain Split
|move|p1a: Slowking|Sludge Bomb|p2a: Rotom
|-damage|p2a: Rotom|38/100
|
|-heal|p2a: Rotom|44/100|[from] item: Leftovers
|upkeep
|turn|13
|
|t:|1647827960
|switch|p2a: Garchomp|Garchomp, F|100/100
|move|p1a: Slowking|Flamethrower|p2a: Garchomp
|-resisted|p2a: Garchomp
|-damage|p2a: Garchomp|86/100
|
|-end|p2a: Garchomp|move: Future Sight
|-damage|p2a: Garchomp|32/100
|-heal|p2a: Garchomp|39/100|[from] item: Leftovers
|upkeep
|turn|14
|
|t:|1647827973
|switch|p1a: Hydreigon|Hydreigon, M|100/100
|-damage|p1a: Hydreigon|88/100|[from] Stealth Rock
|move|p2a: Garchomp|Earthquake|p1a: Hydreigon
|-immune|p1a: Hydreigon|[from] ability: Levitate
|
|-heal|p2a: Garchomp|45/100|[from] item: Leftovers
|-heal|p1a: Hydreigon|94/100|[from] item: Leftovers
|upkeep
|turn|15
|inactive|hawkize14 has 90 seconds left.
|
|t:|1647827999
|switch|p2a: Tornadus|Tornadus-Therian, M|94/100
|move|p1a: Hydreigon|Substitute|p1a: Hydreigon
|-start|p1a: Hydreigon|Substitute
|-damage|p1a: Hydreigon|69/100
|
|-heal|p1a: Hydreigon|76/100|[from] item: Leftovers
|upkeep
|turn|16
|
|t:|1647828009
|move|p2a: Tornadus|U-turn|p1a: Hydreigon
|-supereffective|p1a: Hydreigon
|-end|p1a: Hydreigon|Substitute
|
|t:|1647828018
|switch|p2a: Weavile|Weavile, M|100/100|[from]move: U-turn
|-ability|p2a: Weavile|Pressure
|move|p1a: Hydreigon|Nasty Plot|p1a: Hydreigon
|-boost|p1a: Hydreigon|spa|2
|
|-heal|p1a: Hydreigon|82/100|[from] item: Leftovers
|upkeep
|turn|17
|
|t:|1647828028
|switch|p1a: Moltres|Moltres|100/100
|move|p2a: Weavile|Triple Axel|p1a: Moltres
|-damage|p1a: Moltres|90/100
|-status|p2a: Weavile|brn|[from] ability: Flame Body|[of] p1a: Moltres
|-hitcount|p1a: Moltres|1
|
|-damage|p2a: Weavile|94/100 brn|[from] brn
|upkeep
|turn|18
|
|t:|1647828044
|switch|p2a: Rotom|Rotom-Wash|44/100
|move|p1a: Moltres|U-turn|p2a: Rotom
|-damage|p2a: Rotom|28/100
|
|t:|1647828050
|switch|p1a: Rillaboom|Rillaboom, M|100/100|[from]move: U-turn
|-damage|p1a: Rillaboom|88/100|[from] Stealth Rock
|-fieldstart|move: Grassy Terrain|[from] ability: Grassy Surge|[of] p1a: Rillaboom
|
|-heal|p1a: Rillaboom|94/100|[from] Grassy Terrain
|-heal|p2a: Rotom|34/100|[from] item: Leftovers
|upkeep
|turn|19
|
|t:|1647828059
|switch|p2a: Ferrothorn|Ferrothorn, F|100/100
|move|p1a: Rillaboom|Knock Off|p2a: Ferrothorn
|-damage|p2a: Ferrothorn|72/100
|-damage|p1a: Rillaboom|82/100|[from] ability: Iron Barbs|[of] p2a: Ferrothorn
|-enditem|p2a: Ferrothorn|Leftovers|[from] move: Knock Off|[of] p1a: Rillaboom
|
|-heal|p1a: Rillaboom|88/100|[from] Grassy Terrain
|-heal|p2a: Ferrothorn|78/100|[from] Grassy Terrain
|upkeep
|turn|20
|
|t:|1647828076
|switch|p1a: Corviknight|Corviknight, F|100/100
|-damage|p1a: Corviknight|88/100|[from] Stealth Rock
|-ability|p1a: Corviknight|Pressure
|move|p2a: Ferrothorn|Knock Off|p1a: Corviknight
|-damage|p1a: Corviknight|73/100
|-damage|p2a: Ferrothorn|62/100|[from] item: Rocky Helmet|[of] p1a: Corviknight
|-enditem|p1a: Corviknight|Rocky Helmet|[from] move: Knock Off|[of] p2a: Ferrothorn
|
|-heal|p2a: Ferrothorn|68/100|[from] Grassy Terrain
|upkeep
|turn|21
|
|t:|1647828088
|move|p1a: Corviknight|Defog|p2a: Ferrothorn
|-unboost|p2a: Ferrothorn|evasion|1
|-sideend|p1: yung_iznamakin|Stealth Rock|[from] move: Defog|[of] p1a: Corviknight
|-fieldend|move: Grassy Terrain
|move|p2a: Ferrothorn|Leech Seed|p1a: Corviknight
|-start|p1a: Corviknight|move: Leech Seed
|
|-damage|p1a: Corviknight|61/100|[from] Leech Seed|[of] p2a: Ferrothorn
|-heal|p2a: Ferrothorn|82/100|[silent]
|upkeep
|turn|22
|
|t:|1647828101
|switch|p2a: Tornadus|Tornadus-Therian, M|100/100
|move|p1a: Corviknight|Body Press|p2a: Tornadus
|-resisted|p2a: Tornadus
|-damage|p2a: Tornadus|86/100
|
|-damage|p1a: Corviknight|48/100|[from] Leech Seed|[of] p2a: Tornadus
|-heal|p2a: Tornadus|99/100|[silent]
|upkeep
|turn|23
|
|t:|1647828115
|switch|p1a: Slowking|Slowking-Galar, M|86/100 par
|move|p2a: Tornadus|Hurricane|p1a: Slowking|[miss]
|-miss|p2a: Tornadus|p1a: Slowking
|
|upkeep
|turn|24
|
|t:|1647828121
|move|p2a: Tornadus|U-turn|p1a: Slowking
|-damage|p1a: Slowking|69/100 par
|
|t:|1647828124
|switch|p2a: Weavile|Weavile, M|94/100 brn|[from]move: U-turn
|-ability|p2a: Weavile|Pressure
|move|p1a: Slowking|Future Sight|p2a: Weavile
|-start|p1a: Slowking|move: Future Sight
|
|-damage|p2a: Weavile|88/100 brn|[from] brn
|upkeep
|turn|25
|
|t:|1647828133
|switch|p1a: Moltres|Moltres|90/100
|move|p2a: Weavile|Knock Off|p1a: Moltres
|-damage|p1a: Moltres|68/100
|-enditem|p1a: Moltres|Heavy-Duty Boots|[from] move: Knock Off|[of] p2a: Weavile
|
|-damage|p2a: Weavile|82/100 brn|[from] brn
|upkeep
|turn|26
|inactive|hawkize14 has 120 seconds left.
|
|t:|1647828144
|switch|p2a: Tornadus|Tornadus-Therian, M|100/100
|move|p1a: Moltres|Flamethrower|p2a: Tornadus
|-damage|p2a: Tornadus|63/100
|
|-end|p2a: Tornadus|move: Future Sight
|-damage|p2a: Tornadus|14/100
|upkeep
|turn|27
|inactive|hawkize14 has 120 seconds left.
|
|t:|1647828153
|move|p2a: Tornadus|U-turn|p1a: Moltres
|-resisted|p1a: Moltres
|-damage|p1a: Moltres|65/100
|inactive|hawkize14 has 120 seconds left.
|
|t:|1647828166
|switch|p2a: Rotom|Rotom-Wash|34/100|[from]move: U-turn
|move|p1a: Moltres|U-turn|p2a: Rotom
|-damage|p2a: Rotom|19/100
|
|t:|1647828171
|switch|p1a: Rillaboom|Rillaboom, M|88/100|[from]move: U-turn
|-fieldstart|move: Grassy Terrain|[from] ability: Grassy Surge|[of] p1a: Rillaboom
|
|-heal|p1a: Rillaboom|94/100|[from] Grassy Terrain
|-heal|p2a: Rotom|25/100|[from] item: Leftovers
|upkeep
|turn|28
|inactive|hawkize14 has 120 seconds left.
|
|t:|1647828183
|move|p1a: Rillaboom|U-turn|p2a: Rotom
|-damage|p2a: Rotom|0 fnt
|faint|p2a: Rotom
|
|t:|1647828187
|switch|p1a: Slowking|Slowking-Galar, M|100/100 par|[from]move: U-turn
|
|upkeep
|
|t:|1647828192
|switch|p2a: Garchomp|Garchomp, F|45/100
|turn|29
|
|t:|1647828205
|move|p2a: Garchomp|Swords Dance|p2a: Garchomp
|-boost|p2a: Garchomp|atk|2
|cant|p1a: Slowking|par
|
|-heal|p2a: Garchomp|51/100|[from] Grassy Terrain
|-heal|p2a: Garchomp|57/100|[from] item: Leftovers
|upkeep
|turn|30
|inactive|hawkize14 has 120 seconds left.
|
|t:|1647828230
|switch|p1a: Corviknight|Corviknight, F|48/100
|-ability|p1a: Corviknight|Pressure
|move|p2a: Garchomp|Stealth Rock|p1a: Corviknight
|-sidestart|p1: yung_iznamakin|move: Stealth Rock
|
|-heal|p2a: Garchomp|63/100|[from] Grassy Terrain
|-heal|p2a: Garchomp|69/100|[from] item: Leftovers
|upkeep
|turn|31
|
|t:|1647828243
|move|p2a: Garchomp|Swords Dance|p2a: Garchomp
|-boost|p2a: Garchomp|atk|2
|move|p1a: Corviknight|Defog|p2a: Garchomp
|-unboost|p2a: Garchomp|evasion|1
|-sideend|p1: yung_iznamakin|Stealth Rock|[from] move: Defog|[of] p1a: Corviknight
|-fieldend|move: Grassy Terrain
|
|-heal|p2a: Garchomp|76/100|[from] item: Leftovers
|upkeep
|turn|32
|
|t:|1647828254
|move|p2a: Garchomp|Stealth Rock|p1a: Corviknight
|-sidestart|p1: yung_iznamakin|move: Stealth Rock
|move|p1a: Corviknight|Roost|p1a: Corviknight
|-heal|p1a: Corviknight|98/100
|-singleturn|p1a: Corviknight|move: Roost
|
|-heal|p2a: Garchomp|82/100|[from] item: Leftovers
|upkeep
|turn|33
|
|t:|1647828262
|move|p2a: Garchomp|Swords Dance|p2a: Garchomp
|-boost|p2a: Garchomp|atk|2
|move|p1a: Corviknight|Defog|p2a: Garchomp
|-unboost|p2a: Garchomp|evasion|1
|-sideend|p1: yung_iznamakin|Stealth Rock|[from] move: Defog|[of] p1a: Corviknight
|
|-heal|p2a: Garchomp|88/100|[from] item: Leftovers
|upkeep
|turn|34
|inactive|hawkize14 has 120 seconds left.
|
|t:|1647828273
|move|p2a: Garchomp|Stealth Rock|p1a: Corviknight
|-sidestart|p1: yung_iznamakin|move: Stealth Rock
|move|p1a: Corviknight|Body Press|p2a: Garchomp
|-damage|p2a: Garchomp|65/100
|-damage|p1a: Corviknight|86/100|[from] ability: Rough Skin|[of] p2a: Garchomp
|
|-heal|p2a: Garchomp|71/100|[from] item: Leftovers
|upkeep
|turn|35
|inactive|hawkize14 has 120 seconds left.
|
|t:|1647828282
|move|p2a: Garchomp|Scale Shot|p1a: Corviknight
|-resisted|p1a: Corviknight
|-damage|p1a: Corviknight|69/100
|-resisted|p1a: Corviknight
|-damage|p1a: Corviknight|53/100
|-hitcount|p1a: Corviknight|2
|-unboost|p2a: Garchomp|def|1
|-boost|p2a: Garchomp|spe|1
|move|p1a: Corviknight|Body Press|p2a: Garchomp
|-damage|p2a: Garchomp|32/100
|-damage|p1a: Corviknight|41/100|[from] ability: Rough Skin|[of] p2a: Garchomp
|
|-heal|p2a: Garchomp|38/100|[from] item: Leftovers
|upkeep
|turn|36
|inactive|hawkize14 has 120 seconds left.
|
|t:|1647828294
|move|p2a: Garchomp|Scale Shot|p1a: Corviknight
|-resisted|p1a: Corviknight
|-damage|p1a: Corviknight|23/100
|-resisted|p1a: Corviknight
|-crit|p1a: Corviknight
|-damage|p1a: Corviknight|0 fnt
|faint|p1a: Corviknight
|-hitcount|p1: Corviknight|2
|-unboost|p2a: Garchomp|def|1
|-boost|p2a: Garchomp|spe|1
|
|-heal|p2a: Garchomp|44/100|[from] item: Leftovers
|upkeep
|
|t:|1647828304
|switch|p1a: Rillaboom|Rillaboom, M|94/100
|-damage|p1a: Rillaboom|82/100|[from] Stealth Rock
|-fieldstart|move: Grassy Terrain|[from] ability: Grassy Surge|[of] p1a: Rillaboom
|turn|37
|
|t:|1647828310
|switch|p2a: Tornadus|Tornadus-Therian, M|47/100
|move|p1a: Rillaboom|Grassy Glide|p2a: Tornadus
|-resisted|p2a: Tornadus
|-damage|p2a: Tornadus|7/100
|
|-heal|p1a: Rillaboom|88/100|[from] Grassy Terrain
|upkeep
|turn|38
|
|t:|1647828318
|switch|p2a: Ferrothorn|Ferrothorn, F|82/100
|switch|p1a: Moltres|Moltres|65/100
|-damage|p1a: Moltres|15/100|[from] Stealth Rock
|
|-heal|p2a: Ferrothorn|88/100|[from] Grassy Terrain
|upkeep
|turn|39
|
|t:|1647828330
|switch|p2a: Tornadus|Tornadus-Therian, M|40/100
|move|p1a: Moltres|Flamethrower|p2a: Tornadus
|-damage|p2a: Tornadus|0 fnt
|faint|p2a: Tornadus
|
|upkeep
|
|t:|1647828346
|switch|p2a: Weavile|Weavile, M|82/100 brn
|-ability|p2a: Weavile|Pressure
|turn|40
|
|t:|1647828353
|move|p2a: Weavile|Knock Off|p1a: Moltres
|-crit|p1a: Moltres
|-damage|p1a: Moltres|0 fnt
|faint|p1a: Moltres
|
|-heal|p2a: Weavile|88/100 brn|[from] Grassy Terrain
|-damage|p2a: Weavile|82/100 brn|[from] brn
|upkeep
|
|t:|1647828362
|switch|p1a: Hydreigon|Hydreigon, M|82/100
|-damage|p1a: Hydreigon|69/100|[from] Stealth Rock
|turn|41
|
|t:|1647828368
|move|p2a: Weavile|Knock Off|p1a: Hydreigon
|-resisted|p1a: Hydreigon
|-damage|p1a: Hydreigon|51/100
|-enditem|p1a: Hydreigon|Leftovers|[from] move: Knock Off|[of] p2a: Weavile
|move|p1a: Hydreigon|Substitute|p1a: Hydreigon
|-start|p1a: Hydreigon|Substitute
|-damage|p1a: Hydreigon|27/100
|
|-heal|p2a: Weavile|88/100 brn|[from] Grassy Terrain
|-damage|p2a: Weavile|82/100 brn|[from] brn
|-fieldend|move: Grassy Terrain
|upkeep
|turn|42
|
|t:|1647828390
|switch|p2a: Garchomp|Garchomp, F|44/100
|move|p1a: Hydreigon|Roost|p1a: Hydreigon
|-heal|p1a: Hydreigon|77/100
|-singleturn|p1a: Hydreigon|move: Roost
|
|-heal|p2a: Garchomp|50/100|[from] item: Leftovers
|upkeep
|turn|43
|
|t:|1647828402
|switch|p2a: Weavile|Weavile, M|82/100 brn
|-ability|p2a: Weavile|Pressure
|move|p1a: Hydreigon|Dark Pulse|p2a: Weavile
|-resisted|p2a: Weavile
|-damage|p2a: Weavile|50/100 brn
|
|-damage|p2a: Weavile|44/100 brn|[from] brn
|upkeep
|turn|44
|
|t:|1647828414
|switch|p1a: Conkeldurr|Conkeldurr, M|37/100 brn
|-damage|p1a: Conkeldurr|31/100 brn|[from] Stealth Rock
|move|p2a: Weavile|Triple Axel|p1a: Conkeldurr
|-damage|p1a: Conkeldurr|25/100 brn
|-crit|p1a: Conkeldurr
|-damage|p1a: Conkeldurr|7/100 brn
|-damage|p1a: Conkeldurr|0 fnt
|faint|p1a: Conkeldurr
|-hitcount|p1: Conkeldurr|3
|
|-damage|p2a: Weavile|38/100 brn|[from] brn
|upkeep
|
|t:|1647828425
|switch|p1a: Rillaboom|Rillaboom, M|88/100
|-damage|p1a: Rillaboom|76/100|[from] Stealth Rock
|-fieldstart|move: Grassy Terrain|[from] ability: Grassy Surge|[of] p1a: Rillaboom
|turn|45
|
|t:|1647828434
|switch|p2a: Ferrothorn|Ferrothorn, F|88/100
|move|p1a: Rillaboom|U-turn|p2a: Ferrothorn
|-damage|p2a: Ferrothorn|67/100
|-damage|p1a: Rillaboom|64/100|[from] ability: Iron Barbs|[of] p2a: Ferrothorn
|
|t:|1647828440
|switch|p1a: Hydreigon|Hydreigon, M|77/100|[from]move: U-turn
|-damage|p1a: Hydreigon|64/100|[from] Stealth Rock
|
|-heal|p2a: Ferrothorn|73/100|[from] Grassy Terrain
|upkeep
|turn|46
|
|t:|1647828450
|move|p1a: Hydreigon|Substitute|p1a: Hydreigon
|-start|p1a: Hydreigon|Substitute
|-damage|p1a: Hydreigon|40/100
|move|p2a: Ferrothorn|Body Press|p1a: Hydreigon
|-supereffective|p1a: Hydreigon
|-end|p1a: Hydreigon|Substitute
|
|-heal|p2a: Ferrothorn|79/100|[from] Grassy Terrain
|upkeep
|turn|47
|
|t:|1647828458
|move|p1a: Hydreigon|Roost|p1a: Hydreigon
|-heal|p1a: Hydreigon|90/100
|-singleturn|p1a: Hydreigon|move: Roost
|move|p2a: Ferrothorn|Body Press|p1a: Hydreigon
|-supereffective|p1a: Hydreigon
|-damage|p1a: Hydreigon|31/100
|
|-heal|p2a: Ferrothorn|85/100|[from] Grassy Terrain
|upkeep
|turn|48
|
|t:|1647828468
|move|p1a: Hydreigon|Roost|p1a: Hydreigon
|-heal|p1a: Hydreigon|81/100
|-singleturn|p1a: Hydreigon|move: Roost
|move|p2a: Ferrothorn|Body Press|p1a: Hydreigon
|-supereffective|p1a: Hydreigon
|-damage|p1a: Hydreigon|19/100
|
|-heal|p2a: Ferrothorn|91/100|[from] Grassy Terrain
|upkeep
|turn|49
|
|t:|1647828477
|switch|p1a: Slowking|Slowking-Galar, M|100/100 par
|-damage|p1a: Slowking|88/100 par|[from] Stealth Rock
|move|p2a: Ferrothorn|Body Press|p1a: Slowking
|-resisted|p1a: Slowking
|-damage|p1a: Slowking|80/100 par
|
|-heal|p2a: Ferrothorn|97/100|[from] Grassy Terrain
|-heal|p1a: Slowking|86/100 par|[from] Grassy Terrain
|-fieldend|move: Grassy Terrain
|upkeep
|turn|50
|
|t:|1647828489
|switch|p2a: Garchomp|Garchomp, F|50/100
|move|p1a: Slowking|Scald|p2a: Garchomp
|-damage|p2a: Garchomp|26/100
|
|-heal|p2a: Garchomp|32/100|[from] item: Leftovers
|upkeep
|turn|51
|
|t:|1647828501
|switch|p1a: Rillaboom|Rillaboom, M|64/100
|-damage|p1a: Rillaboom|51/100|[from] Stealth Rock
|-fieldstart|move: Grassy Terrain|[from] ability: Grassy Surge|[of] p1a: Rillaboom
|move|p2a: Garchomp|Earthquake|p1a: Rillaboom
|-resisted|p1a: Rillaboom
|-damage|p1a: Rillaboom|37/100
|
|-heal|p2a: Garchomp|39/100|[from] Grassy Terrain
|-heal|p2a: Garchomp|45/100|[from] item: Leftovers
|-heal|p1a: Rillaboom|43/100|[from] Grassy Terrain
|upkeep
|turn|52
|
|t:|1647828531
|switch|p2a: Ferrothorn|Ferrothorn, F|97/100
|move|p1a: Rillaboom|U-turn|p2a: Ferrothorn
|-damage|p2a: Ferrothorn|77/100
|-damage|p1a: Rillaboom|31/100|[from] ability: Iron Barbs|[of] p2a: Ferrothorn
|
|t:|1647828537
|switch|p1a: Slowking|Slowking-Galar, M|100/100 par|[from]move: U-turn
|-damage|p1a: Slowking|88/100 par|[from] Stealth Rock
|
|-heal|p2a: Ferrothorn|83/100|[from] Grassy Terrain
|-heal|p1a: Slowking|94/100 par|[from] Grassy Terrain
|upkeep
|turn|53
|inactive|hawkize14 has 120 seconds left.
|
|t:|1647828569
|switch|p2a: Garchomp|Garchomp, F|45/100
|move|p1a: Slowking|Future Sight|p2a: Garchomp
|-start|p1a: Slowking|move: Future Sight
|
|-heal|p2a: Garchomp|51/100|[from] Grassy Terrain
|-heal|p2a: Garchomp|57/100|[from] item: Leftovers
|-heal|p1a: Slowking|99/100 par|[from] Grassy Terrain
|upkeep
|turn|54
|
|t:|1647828588
|move|p2a: Garchomp|Earthquake|p1a: Slowking
|-supereffective|p1a: Slowking
|-damage|p1a: Slowking|43/100 par
|move|p1a: Slowking|Scald|p2a: Garchomp
|-damage|p2a: Garchomp|33/100
|-status|p2a: Garchomp|brn
|
|-heal|p2a: Garchomp|39/100 brn|[from] Grassy Terrain
|-heal|p2a: Garchomp|46/100 brn|[from] item: Leftovers
|-heal|p1a: Slowking|49/100 par|[from] Grassy Terrain
|-damage|p2a: Garchomp|39/100 brn|[from] brn
|upkeep
|turn|55
|
|t:|1647828599
|switch|p2a: Weavile|Weavile, M|38/100 brn
|-ability|p2a: Weavile|Pressure
|switch|p1a: Hydreigon|Hydreigon, M|19/100
|-damage|p1a: Hydreigon|7/100|[from] Stealth Rock
|
|-end|p2a: Weavile|move: Future Sight
|-immune|p2a: Weavile
|-heal|p2a: Weavile|44/100 brn|[from] Grassy Terrain
|-damage|p2a: Weavile|38/100 brn|[from] brn
|-fieldend|move: Grassy Terrain
|upkeep
|turn|56
|inactive|hawkize14 has 90 seconds left.
|
|t:|1647828628
|move|p2a: Weavile|Ice Shard|p1a: Hydreigon
|-supereffective|p1a: Hydreigon
|-damage|p1a: Hydreigon|0 fnt
|faint|p1a: Hydreigon
|
|-damage|p2a: Weavile|32/100 brn|[from] brn
|upkeep
|
|t:|1647828633
|switch|p1a: Slowking|Slowking-Galar, M|83/100 par
|-damage|p1a: Slowking|70/100 par|[from] Stealth Rock
|turn|57
|inactive|hawkize14 has 90 seconds left.
|
|t:|1647828652
|switch|p2a: Ferrothorn|Ferrothorn, F|83/100
|move|p1a: Slowking|Future Sight|p2a: Ferrothorn
|-start|p1a: Slowking|move: Future Sight
|
|upkeep
|turn|58
|
|t:|1647828657
|move|p2a: Ferrothorn|Knock Off|p1a: Slowking
|-supereffective|p1a: Slowking
|-damage|p1a: Slowking|27/100 par
|-enditem|p1a: Slowking|Assault Vest|[from] move: Knock Off|[of] p2a: Ferrothorn
|move|p1a: Slowking|Flamethrower|p2a: Ferrothorn
|-supereffective|p2a: Ferrothorn
|-damage|p2a: Ferrothorn|1/100
|
|upkeep
|turn|59
|inactive|hawkize14 has 90 seconds left.
|c|☆yung_iznamakin|gg
|c|☆hawkize14|gg
|
|t:|1647828682
|move|p2a: Ferrothorn|Knock Off|p1a: Slowking
|-supereffective|p1a: Slowking
|-damage|p1a: Slowking|0 fnt
|faint|p1a: Slowking
|
|-end|p2a: Ferrothorn|move: Future Sight
|-resisted|p2a: Ferrothorn
|-damage|p2a: Ferrothorn|0 fnt
|faint|p2a: Ferrothorn
|upkeep
|
|t:|1647828709
|switch|p1a: Rillaboom|Rillaboom, M|31/100
|switch|p2a: Garchomp|Garchomp, F|39/100 brn
|-damage|p1a: Rillaboom|19/100|[from] Stealth Rock
|-fieldstart|move: Grassy Terrain|[from] ability: Grassy Surge|[of] p1a: Rillaboom
|turn|60
|
|t:|1647828717
|move|p1a: Rillaboom|Grassy Glide|p2a: Garchomp
|-damage|p2a: Garchomp|0 fnt
|-damage|p1a: Rillaboom|6/100|[from] ability: Rough Skin|[of] p2a: Garchomp
|faint|p2a: Garchomp
|
|-heal|p1a: Rillaboom|13/100|[from] Grassy Terrain
|upkeep
|
|t:|1647828724
|switch|p2a: Weavile|Weavile, M|32/100 brn
|-ability|p2a: Weavile|Pressure
|turn|61
|c|☆hawkize14|so close
|
|t:|1647828729
|move|p2a: Weavile|Ice Shard|p1a: Rillaboom
|-supereffective|p1a: Rillaboom
|-damage|p1a: Rillaboom|0 fnt
|faint|p1a: Rillaboom
|
|win|hawkize14
|raw|yung_iznamakin's rating: 1359 &rarr; <strong>1341</strong><br />(-18 for losing)
|raw|hawkize14's rating: 1386 &rarr; <strong>1404</strong><br />(+18 for winning)
|l|☆yung_iznamakin
