|j|☆Dracovishimba
|j|☆Groundt
|player|p1|Dracovishimba|170|1700
|player|p2|Groundt|winona|1673
|teamsize|p1|6
|teamsize|p2|6
|gametype|singles
|gen|8
|tier|[Gen 8] OU
|rated|
|clearpoke
|poke|p1|Ferrothorn, M|
|poke|p1|Excadrill, M|
|poke|p1|Clefable, M|
|poke|p1|Rotom-Heat|
|poke|p1|Toxapex, M|
|poke|p1|Kommo-o, M|
|poke|p2|Cloyster, M|
|poke|p2|Hatterene, F|
|poke|p2|Conkeldurr, F|
|poke|p2|Torkoal, M|
|poke|p2|Bronzong|
|poke|p2|Gardevoir, F|
|rule|Sleep Clause Mod: Limit one foe put to sleep
|rule|Species Clause: Limit one of each Pokémon
|rule|OHKO Clause: OHKO moves are banned
|rule|Evasion Moves Clause: Evasion moves are banned
|rule|Endless Battle Clause: Forcing endless battles is banned
|rule|HP Percentage Mod: HP is shown in percentages
|rule|Dynamax Clause: You cannot dynamax
|teampreview
|
|start
|switch|p1a: Excadrill|Excadrill, M|100/100
|switch|p2a: Bronzong|Bronzong|100/100
|-ability|p1a: Excadrill|Mold Breaker
|turn|1
|
|move|p1a: Excadrill|Earthquake|p2a: Bronzong
|-supereffective|p2a: Bronzong
|-damage|p2a: Bronzong|19/100
|move|p2a: Bronzong|Stealth Rock|p1a: Excadrill
|-sidestart|p1: Dracovishimba|move: Stealth Rock
|
|upkeep
|turn|2
|
|move|p1a: Excadrill|Earthquake|p2a: Bronzong
|-supereffective|p2a: Bronzong
|-damage|p2a: Bronzong|0 fnt
|faint|p2a: Bronzong
|
|upkeep
|
|switch|p2a: Cloyster|Cloyster, M|100/100
|turn|3
|
|move|p2a: Cloyster|Shell Smash|p2a: Cloyster
|-unboost|p2a: Cloyster|def|1
|-unboost|p2a: Cloyster|spd|1
|-boost|p2a: Cloyster|atk|2
|-boost|p2a: Cloyster|spa|2
|-boost|p2a: Cloyster|spe|2
|move|p1a: Excadrill|Stealth Rock|p2a: Cloyster
|-sidestart|p2: Groundt|move: Stealth Rock
|
|upkeep
|turn|4
|
|switch|p1a: Rotom|Rotom-Heat|100/100
|move|p2a: Cloyster|Icicle Spear|p1a: Rotom
|-resisted|p1a: Rotom
|-damage|p1a: Rotom|93/100
|-resisted|p1a: Rotom
|-damage|p1a: Rotom|85/100
|-resisted|p1a: Rotom
|-damage|p1a: Rotom|76/100
|-resisted|p1a: Rotom
|-damage|p1a: Rotom|67/100
|-resisted|p1a: Rotom
|-damage|p1a: Rotom|59/100
|-hitcount|p1a: Rotom|5
|
|upkeep
|turn|5
|
|move|p2a: Cloyster|Rock Blast|p1a: Rotom|[miss]
|-miss|p2a: Cloyster|p1a: Rotom
|move|p1a: Rotom|Volt Switch|p2a: Cloyster
|-supereffective|p2a: Cloyster
|-damage|p2a: Cloyster|0 fnt
|faint|p2a: Cloyster
|
|switch|p1a: Ferrothorn|Ferrothorn, M|100/100|[from]move: Volt Switch
|-damage|p1a: Ferrothorn|94/100|[from] Stealth Rock
|
|-heal|p1a: Ferrothorn|100/100|[from] item: Leftovers
|upkeep
|
|switch|p2a: Conkeldurr|Conkeldurr, F|100/100
|-damage|p2a: Conkeldurr|94/100|[from] Stealth Rock
|turn|6
|
|move|p2a: Conkeldurr|Knock Off|p1a: Ferrothorn
|-damage|p1a: Ferrothorn|79/100
|-damage|p2a: Conkeldurr|82/100|[from] ability: Iron Barbs|[of] p1a: Ferrothorn
|-enditem|p1a: Ferrothorn|Leftovers|[from] move: Knock Off|[of] p2a: Conkeldurr
|move|p1a: Ferrothorn|Knock Off|p2a: Conkeldurr
|-resisted|p2a: Conkeldurr
|-damage|p2a: Conkeldurr|73/100
|-enditem|p2a: Conkeldurr|Flame Orb|[from] move: Knock Off|[of] p1a: Ferrothorn
|
|upkeep
|turn|7
|
|switch|p1a: Clefable|Clefable, M|100/100
|move|p2a: Conkeldurr|Close Combat|p1a: Clefable
|-resisted|p1a: Clefable
|-damage|p1a: Clefable|71/100
|-unboost|p2a: Conkeldurr|def|1
|-unboost|p2a: Conkeldurr|spd|1
|
|-heal|p1a: Clefable|77/100|[from] item: Leftovers
|upkeep
|turn|8
|-message|Groundt forfeited.
|
|win|Dracovishimba
|l|☆Groundt
|raw|Dracovishimba's rating: 1700 &rarr; <strong>1719</strong><br />(+19 for winning)
|raw|Groundt's rating: 1673 &rarr; <strong>1654</strong><br />(-19 for losing)
