|j|☆nitrox fire
|j|☆Greengamer12
|t:|1654838708
|gametype|singles
|player|p1|nitrox fire|youngster-gen4dp|1374
|player|p2|Greengamer12|169|1368
|teamsize|p1|6
|teamsize|p2|6
|gen|8
|tier|[Gen 8] OU
|rated|
|rule|Sleep Clause Mod: Limit one foe put to sleep
|rule|Species Clause: Limit one of each Pokémon
|rule|OHKO Clause: OHKO moves are banned
|rule|Evasion Moves Clause: Evasion moves are banned
|rule|Endless Battle Clause: Forcing endless battles is banned
|rule|HP Percentage Mod: HP is shown in percentages
|rule|Dynamax Clause: You cannot dynamax
|clearpoke
|poke|p1|Tyranitar, F|
|poke|p1|Buzzwole|
|poke|p1|Landorus-Therian, M|
|poke|p1|Zapdos|
|poke|p1|Kartana|
|poke|p1|Urshifu-*, M|
|poke|p2|Blacephalon|
|poke|p2|Dragapult, F|
|poke|p2|Heatran, M|
|poke|p2|Landorus-Therian, M|
|poke|p2|Tornadus-Therian, M|
|poke|p2|Toxapex, M|
|teampreview
|inactive|Battle timer is ON: inactive players will automatically lose when time's up. (requested by nitrox fire)
|
|t:|1654838732
|start
|switch|p1a: Tyranitar|Tyranitar, F|100/100
|switch|p2a: Landorus|Landorus-Therian, M|100/100
|-ability|p2a: Landorus|Intimidate|boost
|-unboost|p1a: Tyranitar|atk|1
|-weather|Sandstorm|[from] ability: Sand Stream|[of] p1a: Tyranitar
|turn|1
|
|t:|1654838738
|move|p2a: Landorus|Earthquake|p1a: Tyranitar
|-supereffective|p1a: Tyranitar
|-damage|p1a: Tyranitar|24/100
|move|p1a: Tyranitar|Ice Punch|p2a: Landorus
|-supereffective|p2a: Landorus
|-damage|p2a: Landorus|0 fnt
|faint|p2a: Landorus
|
|-weather|Sandstorm|[upkeep]
|upkeep
|inactive|Greengamer12 has 120 seconds left.
|
|t:|1654838784
|switch|p2a: Dragapult|Dragapult, F|100/100
|turn|2
|
|t:|1654838789
|move|p2a: Dragapult|U-turn|p1a: Tyranitar
|-supereffective|p1a: Tyranitar
|-damage|p1a: Tyranitar|0 fnt
|faint|p1a: Tyranitar
|
|t:|1654838799
|switch|p2a: Blacephalon|Blacephalon|100/100|[from]move: U-turn
|
|-weather|Sandstorm|[upkeep]
|-damage|p2a: Blacephalon|94/100|[from] Sandstorm
|upkeep
|
|t:|1654838804
|switch|p1a: Urshifu|Urshifu-Rapid-Strike, M|100/100
|turn|3
|
|t:|1654838806
|switch|p2a: Toxapex|Toxapex, M|100/100
|move|p1a: Urshifu|Aqua Jet|p2a: Toxapex
|-resisted|p2a: Toxapex
|-damage|p2a: Toxapex|91/100
|-enditem|p2a: Toxapex|Eject Button
|
|t:|1654838812
|switch|p2a: Dragapult|Dragapult, F|100/100
|
|-weather|Sandstorm|[upkeep]
|-damage|p2a: Dragapult|95/100|[from] Sandstorm
|-damage|p1a: Urshifu|94/100|[from] Sandstorm
|upkeep
|turn|4
|
|t:|1654838835
|switch|p1a: Buzzwole|Buzzwole|100/100
|move|p2a: Dragapult|Shadow Ball|p1a: Buzzwole
|-damage|p1a: Buzzwole|17/100
|-unboost|p1a: Buzzwole|spd|1
|
|-weather|Sandstorm|[upkeep]
|-damage|p1a: Buzzwole|10/100|[from] Sandstorm
|-damage|p2a: Dragapult|89/100|[from] Sandstorm
|upkeep
|turn|5
|
|t:|1654838840
|move|p1a: Buzzwole|Ice Punch|p2a: Dragapult
|-supereffective|p2a: Dragapult
|-damage|p2a: Dragapult|9/100
|move|p2a: Dragapult|Shadow Ball|p1a: Buzzwole
|-damage|p1a: Buzzwole|0 fnt
|faint|p1a: Buzzwole
|
|-weather|none
|upkeep
|
|t:|1654838844
|switch|p1a: Landorus|Landorus-Therian, M|100/100
|-ability|p1a: Landorus|Intimidate|boost
|-unboost|p2a: Dragapult|atk|1
|turn|6
|
|t:|1654838849
|switch|p2a: Toxapex|Toxapex, M|100/100
|move|p1a: Landorus|U-turn|p2a: Toxapex
|-resisted|p2a: Toxapex
|-damage|p2a: Toxapex|93/100
|
|t:|1654838879
|switch|p1a: Zapdos|Zapdos|100/100|[from]move: U-turn
|
|upkeep
|turn|7
|inactive|nitrox fire has 120 seconds left.
|
|t:|1654838902
|switch|p2a: Heatran|Heatran, M|100/100
|move|p1a: Zapdos|Thunderbolt|p2a: Heatran
|-damage|p2a: Heatran|61/100
|-damage|p1a: Zapdos|91/100|[from] item: Life Orb
|
|-heal|p2a: Heatran|67/100|[from] item: Leftovers
|upkeep
|turn|8
|inactive|nitrox fire has 120 seconds left.
|
|t:|1654838911
|switch|p1a: Urshifu|Urshifu-Rapid-Strike, M|94/100
|move|p2a: Heatran|Magma Storm|p1a: Urshifu
|-resisted|p1a: Urshifu
|-damage|p1a: Urshifu|60/100
|-activate|p1a: Urshifu|move: Magma Storm|[of] p2a: Heatran
|
|-heal|p2a: Heatran|73/100|[from] item: Leftovers
|-damage|p1a: Urshifu|48/100|[from] move: Magma Storm|[partiallytrapped]
|upkeep
|turn|9
|
|t:|1654838914
|switch|p2a: Toxapex|Toxapex, M|100/100
|move|p1a: Urshifu|Surging Strikes|p2a: Toxapex
|-resisted|p2a: Toxapex
|-crit|p2a: Toxapex
|-damage|p2a: Toxapex|92/100
|-resisted|p2a: Toxapex
|-crit|p2a: Toxapex
|-damage|p2a: Toxapex|83/100
|-resisted|p2a: Toxapex
|-crit|p2a: Toxapex
|-damage|p2a: Toxapex|74/100
|-hitcount|p2a: Toxapex|3
|
|-end|p1a: Urshifu|Magma Storm|[partiallytrapped]|[silent]
|upkeep
|turn|10
|
|t:|1654838920
|switch|p1a: Landorus|Landorus-Therian, M|100/100
|-ability|p1a: Landorus|Intimidate|boost
|-unboost|p2a: Toxapex|atk|1
|move|p2a: Toxapex|Scald|p1a: Landorus
|-supereffective|p1a: Landorus
|-damage|p1a: Landorus|61/100
|
|upkeep
|turn|11
|inactive|nitrox fire has 120 seconds left.
|
|t:|1654838949
|move|p1a: Landorus|Earthquake|p2a: Toxapex
|-supereffective|p2a: Toxapex
|-damage|p2a: Toxapex|2/100
|move|p2a: Toxapex|Recover|p2a: Toxapex
|-heal|p2a: Toxapex|53/100
|
|upkeep
|turn|12
|
|t:|1654838966
|switch|p1a: Zapdos|Zapdos|91/100
|switch|p2a: Tornadus|Tornadus-Therian, M|100/100
|
|upkeep
|turn|13
|
|t:|1654838979
|switch|p2a: Heatran|Heatran, M|73/100
|move|p1a: Zapdos|Thunderbolt|p2a: Heatran
|-damage|p2a: Heatran|35/100
|-damage|p1a: Zapdos|81/100|[from] item: Life Orb
|
|-heal|p2a: Heatran|41/100|[from] item: Leftovers
|upkeep
|turn|14
|
|t:|1654838987
|move|p1a: Zapdos|Thunderbolt|p2a: Heatran
|-damage|p2a: Heatran|3/100
|-damage|p1a: Zapdos|71/100|[from] item: Life Orb
|move|p2a: Heatran|Stealth Rock|p1a: Zapdos
|-sidestart|p1: nitrox fire|move: Stealth Rock
|
|-heal|p2a: Heatran|9/100|[from] item: Leftovers
|upkeep
|turn|15
|
|t:|1654838993
|move|p1a: Zapdos|Thunderbolt|p2a: Heatran
|-damage|p2a: Heatran|0 fnt
|faint|p2a: Heatran
|-damage|p1a: Zapdos|61/100|[from] item: Life Orb
|
|upkeep
|
|t:|1654838996
|switch|p2a: Blacephalon|Blacephalon|94/100
|turn|16
|
|t:|1654839010
|switch|p1a: Landorus|Landorus-Therian, M|61/100
|-damage|p1a: Landorus|49/100|[from] Stealth Rock
|-ability|p1a: Landorus|Intimidate|boost
|-unboost|p2a: Blacephalon|atk|1
|move|p2a: Blacephalon|Shadow Ball|p1a: Landorus
|-damage|p1a: Landorus|0 fnt
|faint|p1a: Landorus
|-ability|p2a: Blacephalon|Beast Boost|boost
|-boost|p2a: Blacephalon|spa|1
|
|upkeep
|
|t:|1654839013
|switch|p1a: Urshifu|Urshifu-Rapid-Strike, M|48/100
|-damage|p1a: Urshifu|42/100|[from] Stealth Rock
|turn|17
|
|t:|1654839016
|switch|p2a: Toxapex|Toxapex, M|86/100
|move|p1a: Urshifu|Aqua Jet|p2a: Toxapex
|-resisted|p2a: Toxapex
|-damage|p2a: Toxapex|77/100
|
|upkeep
|turn|18
|
|t:|1654839025
|switch|p1a: Zapdos|Zapdos|61/100
|-damage|p1a: Zapdos|36/100|[from] Stealth Rock
|switch|p2a: Blacephalon|Blacephalon|94/100
|
|upkeep
|turn|19
|
|t:|1654839030
|move|p2a: Blacephalon|Shadow Ball|p1a: Zapdos
|-damage|p1a: Zapdos|0 fnt
|faint|p1a: Zapdos
|-ability|p2a: Blacephalon|Beast Boost|boost
|-boost|p2a: Blacephalon|spa|1
|
|upkeep
|
|t:|1654839033
|switch|p1a: Urshifu|Urshifu-Rapid-Strike, M|42/100
|-damage|p1a: Urshifu|35/100|[from] Stealth Rock
|turn|20
|
|t:|1654839043
|switch|p1a: Kartana|Kartana|100/100
|-damage|p1a: Kartana|94/100|[from] Stealth Rock
|move|p2a: Blacephalon|Shadow Ball|p1a: Kartana
|-damage|p1a: Kartana|0 fnt
|faint|p1a: Kartana
|-ability|p2a: Blacephalon|Beast Boost|boost
|-boost|p2a: Blacephalon|spa|1
|
|upkeep
|-message|nitrox fire forfeited.
|
|win|Greengamer12
|raw|nitrox fire's rating: 1354 &rarr; <strong>1335</strong><br />(-19 for losing)
|raw|Greengamer12's rating: 1368 &rarr; <strong>1387</strong><br />(+19 for winning)
|c|☆Greengamer12|gaming
|l|☆nitrox fire
