|j|☆the sht tester
|j|☆Commando 55
|t:|1603450970
|player|p1|the sht tester|oak-gen1|1835
|player|p2|Commando 55|iris-gen5bw2|1861
|teamsize|p1|6
|teamsize|p2|6
|gametype|singles
|gen|8
|tier|[Gen 8] OU
|rated|
|clearpoke
|poke|p1|Tornadus-Therian, M|
|poke|p1|Pelipper, M|
|poke|p1|Seismitoad, M|
|poke|p1|Azumarill, F|
|poke|p1|Ferrothorn, F|
|poke|p1|Magnezone|
|poke|p2|Regieleki|
|poke|p2|Pelipper, F|
|poke|p2|Blissey, F|
|poke|p2|Kingdra, M|
|poke|p2|Urshifu-*, M|
|poke|p2|Ferrothorn, F|
|rule|Sleep Clause Mod: Limit one foe put to sleep
|rule|Species Clause: Limit one of each Pokémon
|rule|OHKO Clause: OHKO moves are banned
|rule|Evasion Moves Clause: Evasion moves are banned
|rule|Endless Battle Clause: Forcing endless battles is banned
|rule|HP Percentage Mod: HP is shown in percentages
|rule|Dynamax Clause: You cannot dynamax
|teampreview
|j| mr. nosynergy
|c|☆Commando 55|Gl
|c|☆the sht tester|u2
|
|t:|1603450993
|start
|switch|p1a: Pelipper|Pelipper, M|100/100
|switch|p2a: Kingdra|Kingdra, M|100/100
|-weather|RainDance|[from] ability: Drizzle|[of] p1a: Pelipper
|turn|1
|inactive|Battle timer is ON: inactive players will automatically lose when time's up. (requested by Commando 55)
|
|t:|1603451001
|switch|p1a: Ferrothorn|Ferrothorn, F|100/100
|move|p2a: Kingdra|Hurricane|p1a: Ferrothorn
|-damage|p1a: Ferrothorn|61/100
|
|-weather|RainDance|[upkeep]
|upkeep
|turn|2
|
|t:|1603451010
|switch|p2a: Urshifu|Urshifu-Rapid-Strike, M|100/100
|move|p1a: Ferrothorn|Knock Off|p2a: Urshifu
|-resisted|p2a: Urshifu
|-damage|p2a: Urshifu|90/100
|-enditem|p2a: Urshifu|Choice Band|[from] move: Knock Off|[of] p1a: Ferrothorn
|
|-weather|RainDance|[upkeep]
|upkeep
|turn|3
|
|t:|1603451015
|move|p2a: Urshifu|U-turn|p1a: Ferrothorn
|-damage|p1a: Ferrothorn|45/100
|-damage|p2a: Urshifu|77/100|[from] ability: Iron Barbs|[of] p1a: Ferrothorn
|
|t:|1603451020
|switch|p2a: Ferrothorn|Ferrothorn, F|100/100|[from]move: U-turn
|move|p1a: Ferrothorn|Stealth Rock|p2a: Ferrothorn
|-sidestart|p2: Commando 55|move: Stealth Rock
|
|-weather|RainDance|[upkeep]
|upkeep
|turn|4
|j| highgxedoritos
|j| Cervixknight
|
|t:|1603451026
|move|p2a: Ferrothorn|Stealth Rock|p1a: Ferrothorn
|-sidestart|p1: the sht tester|move: Stealth Rock
|move|p1a: Ferrothorn|Knock Off|p2a: Ferrothorn
|-damage|p2a: Ferrothorn|88/100
|-damage|p1a: Ferrothorn|32/100|[from] ability: Iron Barbs|[of] p2a: Ferrothorn
|-damage|p1a: Ferrothorn|16/100|[from] item: Rocky Helmet|[of] p2a: Ferrothorn
|-enditem|p2a: Ferrothorn|Rocky Helmet|[from] move: Knock Off|[of] p1a: Ferrothorn
|
|-weather|RainDance|[upkeep]
|upkeep
|turn|5
|
|t:|1603451031
|move|p1a: Ferrothorn|Spikes|p2a: Ferrothorn
|-sidestart|p2: Commando 55|Spikes
|move|p2a: Ferrothorn|Spikes|p1a: Ferrothorn
|-sidestart|p1: the sht tester|Spikes
|
|-weather|RainDance|[upkeep]
|upkeep
|turn|6
|
|t:|1603451034
|move|p1a: Ferrothorn|Spikes|p2a: Ferrothorn
|-sidestart|p2: Commando 55|Spikes
|move|p2a: Ferrothorn|Spikes|p1a: Ferrothorn
|-sidestart|p1: the sht tester|Spikes
|
|-weather|RainDance|[upkeep]
|upkeep
|turn|7
|
|t:|1603451037
|move|p2a: Ferrothorn|Spikes|p1a: Ferrothorn
|-sidestart|p1: the sht tester|Spikes
|move|p1a: Ferrothorn|Spikes|p2a: Ferrothorn
|-sidestart|p2: Commando 55|Spikes
|
|-weather|RainDance|[upkeep]
|upkeep
|turn|8
|
|t:|1603451040
|move|p1a: Ferrothorn|Body Press|p2a: Ferrothorn
|-supereffective|p2a: Ferrothorn
|-damage|p2a: Ferrothorn|56/100
|-damage|p1a: Ferrothorn|3/100|[from] ability: Iron Barbs|[of] p2a: Ferrothorn
|move|p2a: Ferrothorn|Body Press|p1a: Ferrothorn
|-supereffective|p1a: Ferrothorn
|-enditem|p1a: Ferrothorn|Chople Berry|[eat]
|-enditem|p1a: Ferrothorn|Chople Berry|[weaken]
|-damage|p1a: Ferrothorn|0 fnt
|-damage|p2a: Ferrothorn|44/100|[from] ability: Iron Barbs|[of] p1a: Ferrothorn
|faint|p1a: Ferrothorn
|
|-weather|none
|upkeep
|
|t:|1603451043
|switch|p1a: Pelipper|Pelipper, M|100/100
|-damage|p1a: Pelipper|76/100|[from] Stealth Rock
|-weather|RainDance|[from] ability: Drizzle|[of] p1a: Pelipper
|turn|9
|
|t:|1603451047
|move|p1a: Pelipper|Hurricane|p2a: Ferrothorn
|-damage|p2a: Ferrothorn|14/100
|move|p2a: Ferrothorn|Knock Off|p1a: Pelipper
|-damage|p1a: Pelipper|61/100
|-enditem|p1a: Pelipper|Damp Rock|[from] move: Knock Off|[of] p2a: Ferrothorn
|
|-weather|RainDance|[upkeep]
|upkeep
|turn|10
|
|t:|1603451053
|move|p1a: Pelipper|Hurricane|p2a: Ferrothorn
|-damage|p2a: Ferrothorn|0 fnt
|faint|p2a: Ferrothorn
|
|-weather|RainDance|[upkeep]
|upkeep
|
|t:|1603451066
|switch|p2a: Kingdra|Kingdra, M|100/100
|-damage|p2a: Kingdra|76/100|[from] Spikes
|-damage|p2a: Kingdra|63/100|[from] Stealth Rock
|turn|11
|
|t:|1603451071
|move|p2a: Kingdra|Surf|p1a: Pelipper
|-resisted|p1a: Pelipper
|-damage|p1a: Pelipper|1/100
|move|p1a: Pelipper|Hurricane|p2a: Kingdra
|-damage|p2a: Kingdra|18/100
|
|-weather|RainDance|[upkeep]
|upkeep
|turn|12
|
|t:|1603451074
|move|p2a: Kingdra|Surf|p1a: Pelipper
|-resisted|p1a: Pelipper
|-damage|p1a: Pelipper|0 fnt
|faint|p1a: Pelipper
|
|-weather|RainDance|[upkeep]
|upkeep
|
|t:|1603451079
|switch|p1a: Azumarill|Azumarill, F|100/100
|-damage|p1a: Azumarill|88/100|[from] Stealth Rock
|-damage|p1a: Azumarill|63/100|[from] Spikes
|turn|13
|
|t:|1603451082
|move|p2a: Kingdra|Surf|p1a: Azumarill
|-resisted|p1a: Azumarill
|-damage|p1a: Azumarill|11/100
|-enditem|p1a: Azumarill|Sitrus Berry|[eat]
|-heal|p1a: Azumarill|36/100|[from] item: Sitrus Berry
|move|p1a: Azumarill|Liquidation|p2a: Kingdra
|-resisted|p2a: Kingdra
|-damage|p2a: Kingdra|0 fnt
|faint|p2a: Kingdra
|
|-weather|RainDance|[upkeep]
|upkeep
|j| Amens
|j| poopoofunny
|
|t:|1603451093
|switch|p2a: Urshifu|Urshifu-Rapid-Strike, M|77/100
|-damage|p2a: Urshifu|52/100|[from] Spikes
|-damage|p2a: Urshifu|46/100|[from] Stealth Rock
|turn|14
|
|t:|1603451098
|move|p2a: Urshifu|Surging Strikes|p1a: Azumarill
|-resisted|p1a: Azumarill
|-crit|p1a: Azumarill
|-damage|p1a: Azumarill|17/100
|-resisted|p1a: Azumarill
|-crit|p1a: Azumarill
|-damage|p1a: Azumarill|0 fnt
|-hitcount|p1a: Azumarill|2
|faint|p1a: Azumarill
|
|-weather|RainDance|[upkeep]
|upkeep
|
|t:|1603451099
|switch|p1a: Tornadus|Tornadus-Therian, M|100/100
|turn|15
|l| Amens
|
|t:|1603451107
|switch|p2a: Blissey|Blissey, F|100/100
|move|p1a: Tornadus|Hurricane|p2a: Blissey
|-damage|p2a: Blissey|82/100
|-start|p2a: Blissey|confusion
|
|-weather|RainDance|[upkeep]
|upkeep
|turn|16
|j| Jahkxun
|
|t:|1603451111
|move|p1a: Tornadus|Nasty Plot|p1a: Tornadus
|-boost|p1a: Tornadus|spa|2
|-activate|p2a: Blissey|confusion
|-damage|p2a: Blissey|80/100|[from] confusion
|
|-weather|none
|upkeep
|turn|17
|
|t:|1603451115
|move|p1a: Tornadus|Focus Blast|p2a: Blissey|[miss]
|-miss|p1a: Tornadus|p2a: Blissey
|-activate|p2a: Blissey|confusion
|-damage|p2a: Blissey|79/100|[from] confusion
|
|upkeep
|turn|18
|
|t:|1603451118
|move|p1a: Tornadus|Focus Blast|p2a: Blissey
|-supereffective|p2a: Blissey
|-damage|p2a: Blissey|22/100
|-activate|p2a: Blissey|confusion
|-damage|p2a: Blissey|21/100|[from] confusion
|
|upkeep
|turn|19
|j| Lycaon01
|j| stall cringe af
|
|t:|1603451127
|move|p1a: Tornadus|Focus Blast|p2a: Blissey|[miss]
|-miss|p1a: Tornadus|p2a: Blissey
|-activate|p2a: Blissey|confusion
|-damage|p2a: Blissey|19/100|[from] confusion
|
|upkeep
|turn|20
|j| vojo trCOLA PICOLA
|
|t:|1603451138
|move|p1a: Tornadus|Focus Blast|p2a: Blissey
|-supereffective|p2a: Blissey
|-damage|p2a: Blissey|0 fnt
|faint|p2a: Blissey
|
|upkeep
|j| OUTY 3iz
|c|☆the sht tester|i mean
|c|☆the sht tester|ok
|j| Joist04
|c|☆the sht tester|im luky
|
|t:|1603451152
|switch|p2a: Regieleki|Regieleki|100/100
|-damage|p2a: Regieleki|76/100|[from] Spikes
|-damage|p2a: Regieleki|63/100|[from] Stealth Rock
|turn|21
|j| yedla
|
|t:|1603451155
|switch|p1a: Seismitoad|Seismitoad, M|100/100
|-damage|p1a: Seismitoad|95/100|[from] Stealth Rock
|-damage|p1a: Seismitoad|70/100|[from] Spikes
|move|p2a: Regieleki|Rapid Spin|p1a: Seismitoad
|-damage|p1a: Seismitoad|59/100
|-boost|p2a: Regieleki|spe|1
|-sideend|p2: Commando 55|Spikes|[from] move: Rapid Spin|[of] p2a: Regieleki
|-sideend|p2: Commando 55|Stealth Rock|[from] move: Rapid Spin|[of] p2a: Regieleki
|
|upkeep
|turn|22
|j| myjava
|
|t:|1603451170
|switch|p2a: Pelipper|Pelipper, F|100/100
|-weather|RainDance|[from] ability: Drizzle|[of] p2a: Pelipper
|move|p1a: Seismitoad|Scald|p2a: Pelipper
|-resisted|p2a: Pelipper
|-damage|p2a: Pelipper|44/100
|
|-weather|RainDance|[upkeep]
|upkeep
|turn|23
|
|t:|1603451179
|move|p1a: Seismitoad|Scald|p2a: Pelipper
|-resisted|p2a: Pelipper
|-damage|p2a: Pelipper|0 fnt
|faint|p2a: Pelipper
|
|-weather|RainDance|[upkeep]
|upkeep
|
|t:|1603451184
|switch|p2a: Urshifu|Urshifu-Rapid-Strike, M|46/100
|turn|24
|j| TKODATRUTH
|
|t:|1603451194
|switch|p1a: Magnezone|Magnezone|100/100
|-damage|p1a: Magnezone|94/100|[from] Stealth Rock
|-damage|p1a: Magnezone|70/100|[from] Spikes
|move|p2a: Urshifu|Aqua Jet|p1a: Magnezone
|-damage|p1a: Magnezone|38/100
|
|-weather|RainDance|[upkeep]
|upkeep
|turn|25
|j| veryskillbasedgame
|j| Firelord0zaii
|j| Jey2
|
|t:|1603451214
|move|p2a: Urshifu|Surging Strikes|p1a: Magnezone
|-crit|p1a: Magnezone
|-damage|p1a: Magnezone|4/100
|-crit|p1a: Magnezone
|-damage|p1a: Magnezone|0 fnt
|-hitcount|p1a: Magnezone|2
|faint|p1a: Magnezone
|
|-weather|RainDance|[upkeep]
|upkeep
|
|t:|1603451217
|switch|p1a: Tornadus|Tornadus-Therian, M|100/100
|turn|26
|j| Brandon2321
|l| Joist04
|
|t:|1603451229
|switch|p2a: Regieleki|Regieleki|63/100
|move|p1a: Tornadus|Hurricane|p2a: Regieleki
|-resisted|p2a: Regieleki
|-damage|p2a: Regieleki|20/100
|
|-weather|RainDance|[upkeep]
|upkeep
|turn|27
|j| Joist04
|j| rickywang
|j| Serikka 「在下」
|j| skyexperimenter
|
|t:|1603451250
|switch|p2a: Urshifu|Urshifu-Rapid-Strike, M|46/100
|switch|p1a: Seismitoad|Seismitoad, M|59/100
|-damage|p1a: Seismitoad|53/100|[from] Stealth Rock
|-damage|p1a: Seismitoad|28/100|[from] Spikes
|
|-weather|RainDance|[upkeep]
|upkeep
|turn|28
|j| Michael Wittmann
|j| skeb
|j| Niko ✝
|
|t:|1603451258
|switch|p1a: Tornadus|Tornadus-Therian, M|100/100
|move|p2a: Urshifu|Aqua Jet|p1a: Tornadus
|-damage|p1a: Tornadus|59/100
|
|-weather|RainDance|[upkeep]
|upkeep
|turn|29
|j|+vani
|
|t:|1603451263
|move|p2a: Urshifu|Aqua Jet|p1a: Tornadus
|-damage|p1a: Tornadus|17/100
|move|p1a: Tornadus|Hurricane|p2a: Urshifu
|-supereffective|p2a: Urshifu
|-damage|p2a: Urshifu|0 fnt
|faint|p2a: Urshifu
|
|-weather|none
|upkeep
|
|t:|1603451265
|switch|p2a: Regieleki|Regieleki|20/100
|turn|30
|c|☆the sht tester|i lost
|c|☆the sht tester|gg
|c|☆Commando 55|Gg
|
|t:|1603451274
|move|p2a: Regieleki|Volt Switch|p1a: Tornadus
|-supereffective|p1a: Tornadus
|-damage|p1a: Tornadus|0 fnt
|faint|p1a: Tornadus
|
|upkeep
|
|t:|1603451275
|switch|p1a: Seismitoad|Seismitoad, M|28/100
|-damage|p1a: Seismitoad|22/100|[from] Stealth Rock
|-damage|p1a: Seismitoad|0 fnt|[from] Spikes
|faint|p1a: Seismitoad
|
|win|Commando 55
|l|☆the sht tester
|raw|the sht tester's rating: 1835 &rarr; <strong>1817</strong><br />(-18 for losing)
|raw|Commando 55's rating: 1861 &rarr; <strong>1879</strong><br />(+18 for winning)
|l| Brandon2321
