|raw|<div class="broadcast-blue"><strong>This battle is required to be public due to a player having a name prefixed by 'LT72MS'.</div>
|j|☆isheavydead
|j|☆LT72MS Jacked
|t:|1597594911
|player|p1|isheavydead|266|1606
|player|p2|LT72MS Jacked|unknown|1592
|teamsize|p1|6
|teamsize|p2|6
|gametype|singles
|gen|8
|tier|[Gen 8] OU
|rated|
|clearpoke
|poke|p1|Haxorus, M|
|poke|p1|Volcarona, M|
|poke|p1|Ninetales-Alola, M|
|poke|p1|Excadrill, M|
|poke|p1|Urshifu-*, F|
|poke|p1|Azumarill, F|
|poke|p2|Aegislash, F|
|poke|p2|Zeraora|
|poke|p2|Mantine, F|
|poke|p2|Kyurem|
|poke|p2|Kommo-o, F|
|poke|p2|Clefable, F|
|rule|Sleep Clause Mod: Limit one foe put to sleep
|rule|Species Clause: Limit one of each Pokémon
|rule|OHKO Clause: OHKO moves are banned
|rule|Evasion Moves Clause: Evasion moves are banned
|rule|Endless Battle Clause: Forcing endless battles is banned
|rule|HP Percentage Mod: HP is shown in percentages
|rule|Dynamax Clause: You cannot dynamax
|teampreview
|c|☆isheavydead|nice team
|c|☆isheavydead|did u make it urself?
|inactive|Battle timer is ON: inactive players will automatically lose when time's up. (requested by isheavydead)
|c|☆LT72MS Jacked|ty, no
|c|☆isheavydead|can i get the pokepaste
|c|☆LT72MS Jacked|i don't have perm to pass it
|inactive|LT72MS Jacked has 120 seconds left.
|
|t:|1597594968
|start
|switch|p1a: Excadrill|Excadrill, M, shiny|100/100
|switch|p2a: Aegislash|Aegislash, F|100/100
|-ability|p1a: Excadrill|Mold Breaker
|turn|1
|
|t:|1597594994
|move|p1a: Excadrill|Earthquake|p2a: Aegislash
|-supereffective|p2a: Aegislash
|-damage|p2a: Aegislash|0 fnt
|faint|p2a: Aegislash
|
|upkeep
|
|t:|1597594997
|switch|p2a: Mantine|Mantine, F|100/100
|turn|2
|
|t:|1597594999
|move|p1a: Excadrill|Stealth Rock|p2a: Mantine
|-sidestart|p2: LT72MS Jacked|move: Stealth Rock
|move|p2a: Mantine|Scald|p1a: Excadrill
|-supereffective|p1a: Excadrill
|-damage|p1a: Excadrill|39/100
|-status|p1a: Excadrill|brn
|
|-damage|p1a: Excadrill|33/100 brn|[from] brn
|upkeep
|turn|3
|
|t:|1597595010
|move|p1a: Excadrill|Steel Beam|p2a: Mantine
|-resisted|p2a: Mantine
|-damage|p2a: Mantine|92/100
|-damage|p1a: Excadrill|0 fnt|[from] mindblown
|faint|p1a: Excadrill
|move|p2a: Mantine|Defog|p1: Excadrill|[notarget]
|-fail|p2a: Mantine
|
|upkeep
|
|t:|1597595018
|switch|p1a: Urshifu|Urshifu, F|100/100
|turn|4
|
|t:|1597595035
|move|p1a: Urshifu|Wicked Blow|p2a: Mantine
|-crit|p2a: Mantine
|-damage|p2a: Mantine|29/100
|move|p2a: Mantine|Scald|p1a: Urshifu
|-damage|p1a: Urshifu|64/100
|
|upkeep
|turn|5
|
|t:|1597595043
|switch|p2a: Kommo-o|Kommo-o, F|100/100
|-damage|p2a: Kommo-o|94/100|[from] Stealth Rock
|move|p1a: Urshifu|Wicked Blow|p2a: Kommo-o
|-resisted|p2a: Kommo-o
|-crit|p2a: Kommo-o
|-damage|p2a: Kommo-o|69/100
|
|-heal|p2a: Kommo-o|75/100|[from] item: Leftovers
|upkeep
|turn|6
|
|t:|1597595055
|switch|p1a: Ninetales|Ninetales-Alola, M, shiny|100/100
|-weather|Hail|[from] ability: Snow Warning|[of] p1a: Ninetales
|move|p2a: Kommo-o|Stealth Rock|p1a: Ninetales
|-sidestart|p1: isheavydead|move: Stealth Rock
|
|-weather|Hail|[upkeep]
|-damage|p2a: Kommo-o|69/100|[from] Hail
|-heal|p2a: Kommo-o|75/100|[from] item: Leftovers
|upkeep
|turn|7
|
|t:|1597595060
|switch|p2a: Clefable|Clefable, F|100/100
|move|p1a: Ninetales|Moonblast|p2a: Clefable
|-damage|p2a: Clefable|73/100
|-unboost|p2a: Clefable|spa|1
|
|-weather|Hail|[upkeep]
|-heal|p2a: Clefable|79/100|[from] item: Leftovers
|upkeep
|turn|8
|
|t:|1597595074
|move|p1a: Ninetales|Aurora Veil|p1a: Ninetales
|-sidestart|p1: isheavydead|move: Aurora Veil
|move|p2a: Clefable|Wish|p2a: Clefable
|
|-weather|Hail|[upkeep]
|-heal|p2a: Clefable|85/100|[from] item: Leftovers
|upkeep
|turn|9
|
|t:|1597595093
|move|p2a: Clefable|Protect|p2a: Clefable
|-singleturn|p2a: Clefable|Protect
|move|p1a: Ninetales|Encore|p2a: Clefable
|-activate|p2a: Clefable|move: Protect
|
|-weather|Hail|[upkeep]
|-heal|p2a: Clefable|100/100|[from] move: Wish|[wisher] Clefable
|upkeep
|turn|10
|
|t:|1597595099
|switch|p1a: Haxorus|Haxorus, M, shiny|100/100
|-damage|p1a: Haxorus|88/100|[from] Stealth Rock
|-ability|p1a: Haxorus|Mold Breaker
|move|p2a: Clefable|Wish|p2a: Clefable
|
|-weather|none
|upkeep
|turn|11
|
|t:|1597595115
|switch|p2a: Mantine|Mantine, F|29/100
|move|p1a: Haxorus|Swords Dance|p1a: Haxorus
|-boost|p1a: Haxorus|atk|2
|
|-heal|p2a: Mantine|82/100|[from] move: Wish|[wisher] Clefable
|upkeep
|turn|12
|
|t:|1597595129
|switch|p2a: Clefable|Clefable, F|100/100
|move|p1a: Haxorus|Scale Shot|p2a: Clefable
|-immune|p2a: Clefable
|
|upkeep
|turn|13
|
|t:|1597595138
|move|p1a: Haxorus|Poison Jab|p2a: Clefable
|-supereffective|p2a: Clefable
|-damage|p2a: Clefable|6/100
|-status|p2a: Clefable|psn
|move|p2a: Clefable|Moonblast|p1a: Haxorus
|-supereffective|p1a: Haxorus
|-damage|p1a: Haxorus|36/100
|
|-heal|p2a: Clefable|12/100 psn|[from] item: Leftovers
|upkeep
|turn|14
|
|t:|1597595147
|move|p2a: Clefable|Protect|p2a: Clefable
|-singleturn|p2a: Clefable|Protect
|move|p1a: Haxorus|Poison Jab|p2a: Clefable
|-activate|p2a: Clefable|move: Protect
|
|-heal|p2a: Clefable|18/100 psn|[from] item: Leftovers
|upkeep
|turn|15
|
|t:|1597595152
|move|p1a: Haxorus|Poison Jab|p2a: Clefable
|-supereffective|p2a: Clefable
|-damage|p2a: Clefable|0 fnt
|faint|p2a: Clefable
|
|-sideend|p1: isheavydead|move: Aurora Veil
|upkeep
|
|t:|1597595158
|switch|p2a: Zeraora|Zeraora|100/100
|turn|16
|
|t:|1597595165
|move|p2a: Zeraora|Close Combat|p1a: Haxorus
|-damage|p1a: Haxorus|0 fnt
|-unboost|p2a: Zeraora|def|1
|-unboost|p2a: Zeraora|spd|1
|faint|p1a: Haxorus
|
|upkeep
|
|t:|1597595176
|switch|p1a: Urshifu|Urshifu, F|64/100
|-damage|p1a: Urshifu|57/100|[from] Stealth Rock
|turn|17
|
|t:|1597595196
|switch|p2a: Kommo-o|Kommo-o, F|75/100
|-damage|p2a: Kommo-o|69/100|[from] Stealth Rock
|move|p1a: Urshifu|Sucker Punch||[still]
|-fail|p1a: Urshifu
|
|-heal|p2a: Kommo-o|75/100|[from] item: Leftovers
|upkeep
|turn|18
|inactive|LT72MS Jacked has 120 seconds left.
|
|t:|1597595221
|switch|p2a: Zeraora|Zeraora|100/100
|move|p1a: Urshifu|Bulk Up|p1a: Urshifu
|-boost|p1a: Urshifu|atk|1
|-boost|p1a: Urshifu|def|1
|
|upkeep
|turn|19
|
|t:|1597595228
|move|p1a: Urshifu|Sucker Punch|p2a: Zeraora
|-damage|p2a: Zeraora|8/100
|move|p2a: Zeraora|Close Combat|p1a: Urshifu
|-supereffective|p1a: Urshifu
|-damage|p1a: Urshifu|0 fnt
|-unboost|p2a: Zeraora|def|1
|-unboost|p2a: Zeraora|spd|1
|faint|p1a: Urshifu
|
|upkeep
|
|t:|1597595231
|switch|p1a: Azumarill|Azumarill, F|100/100
|-damage|p1a: Azumarill|88/100|[from] Stealth Rock
|turn|20
|
|t:|1597595239
|switch|p2a: Mantine|Mantine, F|82/100
|move|p1a: Azumarill|Aqua Jet|p2a: Mantine
|-heal|p2a: Mantine|100/100|[from] ability: Water Absorb|[of] p1a: Azumarill
|
|upkeep
|turn|21
|
|t:|1597595263
|switch|p2a: Kyurem|Kyurem|100/100
|-damage|p2a: Kyurem|76/100|[from] Stealth Rock
|-ability|p2a: Kyurem|Pressure
|move|p1a: Azumarill|Knock Off|p2a: Kyurem
|-damage|p2a: Kyurem|35/100
|-enditem|p2a: Kyurem|Choice Specs|[from] move: Knock Off|[of] p1a: Azumarill
|
|upkeep
|turn|22
|
|t:|1597595270
|switch|p1a: Volcarona|Volcarona, M|100/100
|move|p2a: Kyurem|Freeze-Dry|p1a: Volcarona
|-resisted|p1a: Volcarona
|-damage|p1a: Volcarona|81/100
|
|upkeep
|turn|23
|
|t:|1597595279
|switch|p1a: Azumarill|Azumarill, F|88/100
|-damage|p1a: Azumarill|76/100|[from] Stealth Rock
|move|p2a: Kyurem|Draco Meteor|p1a: Azumarill
|-immune|p1a: Azumarill
|
|upkeep
|turn|24
|
|t:|1597595286
|switch|p1a: Ninetales|Ninetales-Alola, M, shiny|100/100
|-damage|p1a: Ninetales|76/100|[from] Stealth Rock
|-weather|Hail|[from] ability: Snow Warning|[of] p1a: Ninetales
|move|p2a: Kyurem|Freeze-Dry|p1a: Ninetales
|-resisted|p1a: Ninetales
|-damage|p1a: Ninetales|56/100
|
|-weather|Hail|[upkeep]
|upkeep
|turn|25
|
|t:|1597595300
|move|p1a: Ninetales|Moonblast|p2a: Kyurem
|-supereffective|p2a: Kyurem
|-damage|p2a: Kyurem|0 fnt
|faint|p2a: Kyurem
|
|-weather|Hail|[upkeep]
|upkeep
|
|t:|1597595319
|switch|p2a: Zeraora|Zeraora|8/100
|turn|26
|
|t:|1597595329
|move|p2a: Zeraora|Plasma Fists|p1a: Ninetales
|-damage|p1a: Ninetales|0 fnt
|-fieldactivate|move: Ion Deluge
|faint|p1a: Ninetales
|
|-weather|Hail|[upkeep]
|-damage|p2a: Zeraora|2/100|[from] Hail
|upkeep
|
|t:|1597595332
|switch|p1a: Azumarill|Azumarill, F|76/100
|-damage|p1a: Azumarill|64/100|[from] Stealth Rock
|turn|27
|
|t:|1597595337
|move|p1a: Azumarill|Aqua Jet|p2a: Zeraora
|-damage|p2a: Zeraora|0 fnt
|faint|p2a: Zeraora
|
|-weather|Hail|[upkeep]
|-damage|p1a: Azumarill|58/100|[from] Hail
|upkeep
|
|t:|1597595351
|switch|p2a: Kommo-o|Kommo-o, F|75/100
|-damage|p2a: Kommo-o|69/100|[from] Stealth Rock
|turn|28
|
|t:|1597595354
|move|p2a: Kommo-o|Body Press|p1a: Azumarill
|-resisted|p1a: Azumarill
|-damage|p1a: Azumarill|31/100
|-enditem|p1a: Azumarill|Sitrus Berry|[eat]
|-heal|p1a: Azumarill|56/100|[from] item: Sitrus Berry
|move|p1a: Azumarill|Play Rough|p2a: Kommo-o
|-supereffective|p2a: Kommo-o
|-damage|p2a: Kommo-o|0 fnt
|faint|p2a: Kommo-o
|
|-weather|none
|upkeep
|
|t:|1597595361
|switch|p2a: Mantine|Mantine, F|100/100
|turn|29
|
|t:|1597595365
|move|p2a: Mantine|Scald|p1a: Azumarill
|-resisted|p1a: Azumarill
|-crit|p1a: Azumarill
|-damage|p1a: Azumarill|36/100
|move|p1a: Azumarill|Play Rough|p2a: Mantine
|-damage|p2a: Mantine|52/100
|
|upkeep
|turn|30
|
|t:|1597595378
|move|p2a: Mantine|Roost|p2a: Mantine
|-heal|p2a: Mantine|100/100
|-singleturn|p2a: Mantine|move: Roost
|move|p1a: Azumarill|Play Rough|p2a: Mantine
|-damage|p2a: Mantine|48/100
|
|upkeep
|turn|31
|
|t:|1597595384
|move|p2a: Mantine|Roost|p2a: Mantine
|-heal|p2a: Mantine|98/100
|-singleturn|p2a: Mantine|move: Roost
|move|p1a: Azumarill|Play Rough|p2a: Mantine
|-damage|p2a: Mantine|44/100
|
|upkeep
|turn|32
|
|t:|1597595392
|move|p2a: Mantine|Roost|p2a: Mantine
|-heal|p2a: Mantine|94/100
|-singleturn|p2a: Mantine|move: Roost
|move|p1a: Azumarill|Play Rough|p2a: Mantine
|-damage|p2a: Mantine|43/100
|
|upkeep
|turn|33
|
|t:|1597595399
|move|p2a: Mantine|Roost|p2a: Mantine
|-heal|p2a: Mantine|93/100
|-singleturn|p2a: Mantine|move: Roost
|move|p1a: Azumarill|Play Rough|p2a: Mantine
|-damage|p2a: Mantine|41/100
|
|upkeep
|turn|34
|
|t:|1597595406
|move|p2a: Mantine|Roost|p2a: Mantine
|-heal|p2a: Mantine|91/100
|-singleturn|p2a: Mantine|move: Roost
|move|p1a: Azumarill|Knock Off|p2a: Mantine
|-damage|p2a: Mantine|53/100
|-enditem|p2a: Mantine|Heavy-Duty Boots|[from] move: Knock Off|[of] p1a: Azumarill
|
|upkeep
|turn|35
|
|t:|1597595418
|move|p2a: Mantine|Roost|p2a: Mantine
|-heal|p2a: Mantine|100/100
|-singleturn|p2a: Mantine|move: Roost
|move|p1a: Azumarill|Play Rough|p2a: Mantine
|-damage|p2a: Mantine|47/100
|
|upkeep
|turn|36
|
|t:|1597595425
|move|p2a: Mantine|Roost|p2a: Mantine
|-heal|p2a: Mantine|97/100
|-singleturn|p2a: Mantine|move: Roost
|move|p1a: Azumarill|Play Rough|p2a: Mantine|[miss]
|-miss|p1a: Azumarill|p2a: Mantine
|
|upkeep
|turn|37
|
|t:|1597595430
|move|p2a: Mantine|Scald|p1a: Azumarill
|-resisted|p1a: Azumarill
|-damage|p1a: Azumarill|24/100
|-status|p1a: Azumarill|brn
|move|p1a: Azumarill|Play Rough|p2a: Mantine
|-damage|p2a: Mantine|71/100
|
|-damage|p1a: Azumarill|18/100 brn|[from] brn
|upkeep
|turn|38
|
|t:|1597595447
|move|p2a: Mantine|Defog|p1a: Azumarill
|-unboost|p1a: Azumarill|evasion|1
|-sideend|p1: isheavydead|Stealth Rock|[from] move: Defog|[of] p2a: Mantine
|-sideend|p2: LT72MS Jacked|Stealth Rock|[from] move: Defog|[of] p2a: Mantine
|move|p1a: Azumarill|Play Rough|p2a: Mantine
|-damage|p2a: Mantine|44/100
|
|-damage|p1a: Azumarill|12/100 brn|[from] brn
|upkeep
|turn|39
|
|t:|1597595450
|switch|p1a: Volcarona|Volcarona, M|81/100
|move|p2a: Mantine|Roost|p2a: Mantine
|-heal|p2a: Mantine|94/100
|-singleturn|p2a: Mantine|move: Roost
|
|upkeep
|turn|40
|
|t:|1597595454
|move|p1a: Volcarona|Quiver Dance|p1a: Volcarona
|-boost|p1a: Volcarona|spa|1
|-boost|p1a: Volcarona|spd|1
|-boost|p1a: Volcarona|spe|1
|move|p2a: Mantine|Scald|p1a: Volcarona
|-supereffective|p1a: Volcarona
|-damage|p1a: Volcarona|50/100
|
|upkeep
|turn|41
|
|t:|1597595459
|move|p1a: Volcarona|Quiver Dance|p1a: Volcarona
|-boost|p1a: Volcarona|spa|1
|-boost|p1a: Volcarona|spd|1
|-boost|p1a: Volcarona|spe|1
|move|p2a: Mantine|Haze|p2a: Mantine
|-clearallboost
|
|upkeep
|turn|42
|
|t:|1597595461
|move|p1a: Volcarona|Quiver Dance|p1a: Volcarona
|-boost|p1a: Volcarona|spa|1
|-boost|p1a: Volcarona|spd|1
|-boost|p1a: Volcarona|spe|1
|move|p2a: Mantine|Scald|p1a: Volcarona
|-supereffective|p1a: Volcarona
|-damage|p1a: Volcarona|20/100
|
|upkeep
|turn|43
|-message|isheavydead forfeited.
|
|win|LT72MS Jacked
|l|☆isheavydead
