|raw|<div class="broadcast-blue"><strong>This battle is required to be public due to a player having a name starting with 'lt92pf'.</div>
|j|☆lt92pf cuzzie
|j|☆Lenape
|t:|1660148514
|gametype|singles
|player|p1|lt92pf cuzzie|2|1802
|player|p2|Lenape|101|1795
|teamsize|p1|6
|teamsize|p2|6
|gen|8
|tier|[Gen 8] OU
|rated|
|rule|Sleep Clause Mod: Limit one foe put to sleep
|rule|Species Clause: Limit one of each Pokémon
|rule|OHKO Clause: OHKO moves are banned
|rule|Evasion Items Clause: Evasion items are banned
|rule|Evasion Moves Clause: Evasion moves are banned
|rule|Endless Battle Clause: Forcing endless battles is banned
|rule|HP Percentage Mod: HP is shown in percentages
|rule|Dynamax Clause: You cannot dynamax
|clearpoke
|poke|p1|Regieleki|
|poke|p1|Heatran, F|
|poke|p1|Mamoswine, M|
|poke|p1|Corviknight, M|
|poke|p1|Volcarona, F|
|poke|p1|Rotom-Wash|
|poke|p2|Rhyperior, F|
|poke|p2|Toxapex, M|
|poke|p2|Corviknight, M|
|poke|p2|Umbreon, M|
|poke|p2|Sylveon, M|
|poke|p2|Rotom-Heat|
|teampreview
|inactive|Battle timer is ON: inactive players will automatically lose when time's up. (requested by lt92pf cuzzie)
|c|☆lt92pf cuzzie|glhf
|
|t:|1660148535
|start
|switch|p1a: BeastFromDaEast|Regieleki|100/100
|switch|p2a: Rotom|Rotom-Heat|100/100
|turn|1
|
|t:|1660148551
|switch|p1a: Rotom|Rotom-Wash|100/100
|switch|p2a: Rhyperior|Rhyperior, F|100/100
|
|upkeep
|turn|2
|
|t:|1660148557
|switch|p2a: Toxapex|Toxapex, M|100/100
|move|p1a: Rotom|Hydro Pump|p2a: Toxapex|[miss]
|-miss|p1a: Rotom|p2a: Toxapex
|
|upkeep
|turn|3
|
|t:|1660148561
|switch|p2a: Rhyperior|Rhyperior, F|100/100
|move|p1a: Rotom|Volt Switch|p2a: Rhyperior
|-immune|p2a: Rhyperior
|
|upkeep
|turn|4
|
|t:|1660148564
|switch|p2a: Toxapex|Toxapex, M|100/100
|move|p1a: Rotom|Hydro Pump|p2a: Toxapex
|-resisted|p2a: Toxapex
|-damage|p2a: Toxapex|85/100
|
|-heal|p2a: Toxapex|91/100|[from] item: Black Sludge
|upkeep
|turn|5
|
|t:|1660148566
|move|p2a: Toxapex|Baneful Bunker|p2a: Toxapex
|-singleturn|p2a: Toxapex|move: Protect
|move|p1a: Rotom|Volt Switch|p2a: Toxapex
|-activate|p2a: Toxapex|move: Protect
|
|-heal|p2a: Toxapex|97/100|[from] item: Black Sludge
|upkeep
|turn|6
|
|t:|1660148569
|move|p1a: Rotom|Volt Switch|p2a: Toxapex
|-supereffective|p2a: Toxapex
|-damage|p2a: Toxapex|57/100
|
|t:|1660148573
|switch|p1a: Mamoswine|Mamoswine, M|100/100|[from]move: Volt Switch
|move|p2a: Toxapex|Scald|p1a: Mamoswine
|-supereffective|p1a: Mamoswine
|-damage|p1a: Mamoswine|48/100
|-status|p1a: Mamoswine|brn
|
|-heal|p2a: Toxapex|63/100|[from] item: Black Sludge
|-damage|p1a: Mamoswine|42/100 brn|[from] brn
|upkeep
|turn|7
|
|t:|1660148577
|switch|p2a: Rotom|Rotom-Heat|100/100
|move|p1a: Mamoswine|Stealth Rock|p2a: Rotom
|-sidestart|p2: Lenape|move: Stealth Rock
|
|-damage|p1a: Mamoswine|36/100 brn|[from] brn
|upkeep
|turn|8
|
|t:|1660148580
|switch|p1a: click toxic|Heatran, F|100/100
|move|p2a: Rotom|Trick|p1a: click toxic
|-activate|p2a: Rotom|move: Trick|[of] p1a: click toxic
|-item|p1a: click toxic|Choice Scarf|[from] move: Trick
|-item|p2a: Rotom|Power Herb|[from] move: Trick
|
|upkeep
|turn|9
|
|t:|1660148590
|move|p1a: click toxic|Toxic|p2a: Rotom
|-status|p2a: Rotom|tox
|move|p2a: Rotom|Defog|p1a: click toxic
|-unboost|p1a: click toxic|evasion|1
|-sideend|p2: Lenape|Stealth Rock|[from] move: Defog|[of] p2a: Rotom
|
|-damage|p2a: Rotom|94/100 tox|[from] psn
|upkeep
|turn|10
|
|t:|1660148596
|switch|p1a: Mamoswine|Mamoswine, M|36/100 brn
|switch|p2a: Umbreon|Umbreon, M|100/100
|
|-damage|p1a: Mamoswine|30/100 brn|[from] brn
|upkeep
|turn|11
|
|t:|1660148600
|move|p1a: Mamoswine|Stealth Rock|p2a: Umbreon
|-sidestart|p2: Lenape|move: Stealth Rock
|move|p2a: Umbreon|Heal Bell|p2a: Umbreon
|-activate|p2a: Umbreon|move: Heal Bell
|-curestatus|p2: Rotom|tox|[msg]
|
|-damage|p1a: Mamoswine|24/100 brn|[from] brn
|upkeep
|turn|12
|
|t:|1660148611
|switch|p1a: BlastFromDaPast|Corviknight, M|100/100
|-ability|p1a: BlastFromDaPast|Pressure
|move|p2a: Umbreon|Wish|p2a: Umbreon
|
|upkeep
|turn|13
|
|t:|1660148618
|switch|p2a: Rotom|Rotom-Heat|94/100
|-damage|p2a: Rotom|69/100|[from] Stealth Rock
|move|p1a: BlastFromDaPast|Substitute|p1a: BlastFromDaPast
|-start|p1a: BlastFromDaPast|Substitute
|-damage|p1a: BlastFromDaPast|76/100
|
|-heal|p2a: Rotom|100/100|[from] move: Wish|[wisher] Umbreon
|-heal|p1a: BlastFromDaPast|82/100|[from] item: Leftovers
|upkeep
|turn|14
|
|t:|1660148622
|move|p2a: Rotom|Discharge|p1a: BlastFromDaPast
|-supereffective|p1a: BlastFromDaPast
|-end|p1a: BlastFromDaPast|Substitute
|move|p1a: BlastFromDaPast|Substitute|p1a: BlastFromDaPast
|-start|p1a: BlastFromDaPast|Substitute
|-damage|p1a: BlastFromDaPast|57/100
|
|-heal|p1a: BlastFromDaPast|63/100|[from] item: Leftovers
|upkeep
|turn|15
|
|t:|1660148635
|move|p2a: Rotom|Defog|p1a: BlastFromDaPast
|-sideend|p2: Lenape|Stealth Rock|[from] move: Defog|[of] p2a: Rotom
|move|p1a: BlastFromDaPast|Bulk Up|p1a: BlastFromDaPast
|-boost|p1a: BlastFromDaPast|atk|1
|-boost|p1a: BlastFromDaPast|def|1
|
|-heal|p1a: BlastFromDaPast|69/100|[from] item: Leftovers
|upkeep
|turn|16
|
|t:|1660148637
|move|p2a: Rotom|Discharge|p1a: BlastFromDaPast
|-supereffective|p1a: BlastFromDaPast
|-end|p1a: BlastFromDaPast|Substitute
|move|p1a: BlastFromDaPast|Substitute|p1a: BlastFromDaPast
|-start|p1a: BlastFromDaPast|Substitute
|-damage|p1a: BlastFromDaPast|44/100
|
|-heal|p1a: BlastFromDaPast|50/100|[from] item: Leftovers
|upkeep
|turn|17
|
|t:|1660148645
|move|p2a: Rotom|Discharge|p1a: BlastFromDaPast
|-supereffective|p1a: BlastFromDaPast
|-end|p1a: BlastFromDaPast|Substitute
|move|p1a: BlastFromDaPast|Roost|p1a: BlastFromDaPast
|-heal|p1a: BlastFromDaPast|99/100
|-singleturn|p1a: BlastFromDaPast|move: Roost
|
|-heal|p1a: BlastFromDaPast|100/100|[from] item: Leftovers
|upkeep
|turn|18
|
|t:|1660148652
|switch|p1a: Mamoswine|Mamoswine, M|24/100 brn
|move|p2a: Rotom|Will-O-Wisp|p1a: Mamoswine|[miss]
|-miss|p2a: Rotom|p1a: Mamoswine
|
|-damage|p1a: Mamoswine|18/100 brn|[from] brn
|upkeep
|turn|19
|
|t:|1660148659
|move|p1a: Mamoswine|Stealth Rock|p2a: Rotom
|-sidestart|p2: Lenape|move: Stealth Rock
|move|p2a: Rotom|Discharge|p1a: Mamoswine
|-immune|p1a: Mamoswine
|
|-damage|p1a: Mamoswine|12/100 brn|[from] brn
|upkeep
|turn|20
|
|t:|1660148664
|switch|p1a: click toxic|Heatran, F|100/100
|move|p2a: Rotom|Defog|p1a: click toxic
|-unboost|p1a: click toxic|evasion|1
|-sideend|p2: Lenape|Stealth Rock|[from] move: Defog|[of] p2a: Rotom
|
|upkeep
|turn|21
|j| rheysali
|j| Cramoraunt
|
|t:|1660148671
|switch|p1a: Mamoswine|Mamoswine, M|12/100 brn
|switch|p2a: Toxapex|Toxapex, M|97/100
|
|-heal|p2a: Toxapex|100/100|[from] item: Black Sludge
|-damage|p1a: Mamoswine|6/100 brn|[from] brn
|upkeep
|turn|22
|
|t:|1660148676
|switch|p2a: Rotom|Rotom-Heat|100/100
|move|p1a: Mamoswine|Stealth Rock|p2a: Rotom
|-sidestart|p2: Lenape|move: Stealth Rock
|
|-damage|p1a: Mamoswine|0 fnt|[from] brn
|faint|p1a: Mamoswine
|upkeep
|
|t:|1660148681
|switch|p1a: Rotom|Rotom-Wash|100/100
|turn|23
|
|t:|1660148686
|move|p2a: Rotom|Defog|p1a: Rotom
|-unboost|p1a: Rotom|evasion|1
|-sideend|p2: Lenape|Stealth Rock|[from] move: Defog|[of] p2a: Rotom
|move|p1a: Rotom|Hydro Pump|p2a: Rotom
|-supereffective|p2a: Rotom
|-damage|p2a: Rotom|29/100
|
|upkeep
|turn|24
|
|t:|1660148693
|switch|p2a: Sylveon|Sylveon, M|100/100
|move|p1a: Rotom|Volt Switch|p2a: Sylveon
|-damage|p2a: Sylveon|84/100
|
|t:|1660148696
|switch|p1a: BeastFromDaEast|Regieleki|100/100|[from]move: Volt Switch
|
|-heal|p2a: Sylveon|90/100|[from] item: Leftovers
|upkeep
|turn|25
|
|t:|1660148699
|switch|p1a: Rotom|Rotom-Wash|100/100
|switch|p2a: Rhyperior|Rhyperior, F|100/100
|
|upkeep
|turn|26
|
|t:|1660148703
|switch|p2a: Sylveon|Sylveon, M|90/100
|move|p1a: Rotom|Hydro Pump|p2a: Sylveon
|-damage|p2a: Sylveon|65/100
|
|-heal|p2a: Sylveon|71/100|[from] item: Leftovers
|upkeep
|turn|27
|
|t:|1660148706
|move|p1a: Rotom|Volt Switch|p2a: Sylveon
|-damage|p2a: Sylveon|53/100
|
|t:|1660148708
|switch|p1a: click toxic|Heatran, F|100/100|[from]move: Volt Switch
|move|p2a: Sylveon|Wish|p2a: Sylveon
|
|-heal|p2a: Sylveon|59/100|[from] item: Leftovers
|upkeep
|turn|28
|
|t:|1660148717
|switch|p2a: Rotom|Rotom-Heat|29/100
|move|p1a: click toxic|Toxic|p2a: Rotom
|-status|p2a: Rotom|tox
|
|-heal|p2a: Rotom|94/100 tox|[from] move: Wish|[wisher] Sylveon
|-damage|p2a: Rotom|88/100 tox|[from] psn
|upkeep
|turn|29
|
|t:|1660148723
|switch|p1a: where's ur haze?|Volcarona, F|100/100
|switch|p2a: Umbreon|Umbreon, M|100/100
|
|upkeep
|turn|30
|
|t:|1660148728
|switch|p2a: Rhyperior|Rhyperior, F|100/100
|move|p1a: where's ur haze?|Safeguard|p1a: where's ur haze?
|-sidestart|p1: lt92pf cuzzie|Safeguard
|
|upkeep
|turn|31
|
|t:|1660148736
|switch|p1a: BlastFromDaPast|Corviknight, M|100/100
|-ability|p1a: BlastFromDaPast|Pressure
|move|p2a: Rhyperior|Stealth Rock|p1a: BlastFromDaPast
|-sidestart|p1: lt92pf cuzzie|move: Stealth Rock
|
|upkeep
|turn|32
|j| SHSP
|
|t:|1660148742
|switch|p2a: Umbreon|Umbreon, M|100/100
|move|p1a: BlastFromDaPast|Bulk Up|p1a: BlastFromDaPast
|-boost|p1a: BlastFromDaPast|atk|1
|-boost|p1a: BlastFromDaPast|def|1
|
|upkeep
|turn|33
|
|t:|1660148744
|move|p1a: BlastFromDaPast|Bulk Up|p1a: BlastFromDaPast
|-boost|p1a: BlastFromDaPast|atk|1
|-boost|p1a: BlastFromDaPast|def|1
|move|p2a: Umbreon|Heal Bell|p2a: Umbreon
|-activate|p2a: Umbreon|move: Heal Bell
|-curestatus|p2: Rotom|tox|[msg]
|
|upkeep
|turn|34
|j| Makima
|
|t:|1660148747
|switch|p2a: Rotom|Rotom-Heat|88/100
|move|p1a: BlastFromDaPast|Substitute|p1a: BlastFromDaPast
|-start|p1a: BlastFromDaPast|Substitute
|-damage|p1a: BlastFromDaPast|76/100
|
|-heal|p1a: BlastFromDaPast|82/100|[from] item: Leftovers
|-sideend|p1: lt92pf cuzzie|Safeguard
|upkeep
|turn|35
|l| Makima
|
|t:|1660148754
|move|p2a: Rotom|Discharge|p1a: BlastFromDaPast
|-supereffective|p1a: BlastFromDaPast
|-end|p1a: BlastFromDaPast|Substitute
|move|p1a: BlastFromDaPast|Substitute|p1a: BlastFromDaPast
|-start|p1a: BlastFromDaPast|Substitute
|-damage|p1a: BlastFromDaPast|57/100
|
|-heal|p1a: BlastFromDaPast|63/100|[from] item: Leftovers
|upkeep
|turn|36
|
|t:|1660148761
|move|p2a: Rotom|Discharge|p1a: BlastFromDaPast
|-supereffective|p1a: BlastFromDaPast
|-end|p1a: BlastFromDaPast|Substitute
|move|p1a: BlastFromDaPast|Substitute|p1a: BlastFromDaPast
|-start|p1a: BlastFromDaPast|Substitute
|-damage|p1a: BlastFromDaPast|38/100
|
|-heal|p1a: BlastFromDaPast|44/100|[from] item: Leftovers
|upkeep
|turn|37
|
|t:|1660148768
|move|p2a: Rotom|Discharge|p1a: BlastFromDaPast
|-supereffective|p1a: BlastFromDaPast
|-end|p1a: BlastFromDaPast|Substitute
|move|p1a: BlastFromDaPast|Substitute|p1a: BlastFromDaPast
|-start|p1a: BlastFromDaPast|Substitute
|-damage|p1a: BlastFromDaPast|19/100
|
|-heal|p1a: BlastFromDaPast|25/100|[from] item: Leftovers
|upkeep
|turn|38
|
|t:|1660148773
|move|p2a: Rotom|Discharge|p1a: BlastFromDaPast
|-supereffective|p1a: BlastFromDaPast
|-end|p1a: BlastFromDaPast|Substitute
|move|p1a: BlastFromDaPast|Roost|p1a: BlastFromDaPast
|-heal|p1a: BlastFromDaPast|75/100
|-singleturn|p1a: BlastFromDaPast|move: Roost
|
|-heal|p1a: BlastFromDaPast|81/100|[from] item: Leftovers
|upkeep
|turn|39
|j| Don Colombus
|
|t:|1660148781
|switch|p1a: Rotom|Rotom-Wash|100/100
|-damage|p1a: Rotom|88/100|[from] Stealth Rock
|move|p2a: Rotom|Discharge|p1a: Rotom
|-damage|p1a: Rotom|57/100
|
|-heal|p1a: Rotom|63/100|[from] item: Leftovers
|upkeep
|turn|40
|
|t:|1660148790
|switch|p2a: Umbreon|Umbreon, M|100/100
|move|p1a: Rotom|Volt Switch|p2a: Umbreon
|-damage|p2a: Umbreon|82/100
|
|t:|1660148795
|switch|p1a: BlastFromDaPast|Corviknight, M|81/100|[from]move: Volt Switch
|-damage|p1a: BlastFromDaPast|69/100|[from] Stealth Rock
|-ability|p1a: BlastFromDaPast|Pressure
|
|-heal|p1a: BlastFromDaPast|75/100|[from] item: Leftovers
|-heal|p2a: Umbreon|88/100|[from] item: Leftovers
|upkeep
|turn|41
|
|t:|1660148804
|switch|p2a: Rotom|Rotom-Heat|88/100
|move|p1a: BlastFromDaPast|Substitute|p1a: BlastFromDaPast
|-start|p1a: BlastFromDaPast|Substitute
|-damage|p1a: BlastFromDaPast|50/100
|
|-heal|p1a: BlastFromDaPast|56/100|[from] item: Leftovers
|upkeep
|turn|42
|
|t:|1660148809
|move|p2a: Rotom|Discharge|p1a: BlastFromDaPast
|-supereffective|p1a: BlastFromDaPast
|-end|p1a: BlastFromDaPast|Substitute
|move|p1a: BlastFromDaPast|Substitute|p1a: BlastFromDaPast
|-start|p1a: BlastFromDaPast|Substitute
|-damage|p1a: BlastFromDaPast|32/100
|
|-heal|p1a: BlastFromDaPast|38/100|[from] item: Leftovers
|upkeep
|turn|43
|l| Don Colombus
|
|t:|1660148816
|move|p2a: Rotom|Trick||[still]
|-fail|p2a: Rotom
|move|p1a: BlastFromDaPast|Roost|p1a: BlastFromDaPast
|-heal|p1a: BlastFromDaPast|88/100
|-singleturn|p1a: BlastFromDaPast|move: Roost
|
|-heal|p1a: BlastFromDaPast|94/100|[from] item: Leftovers
|upkeep
|turn|44
|
|t:|1660148824
|move|p2a: Rotom|Discharge|p1a: BlastFromDaPast
|-supereffective|p1a: BlastFromDaPast
|-end|p1a: BlastFromDaPast|Substitute
|move|p1a: BlastFromDaPast|Substitute|p1a: BlastFromDaPast
|-start|p1a: BlastFromDaPast|Substitute
|-damage|p1a: BlastFromDaPast|69/100
|
|-heal|p1a: BlastFromDaPast|75/100|[from] item: Leftovers
|upkeep
|turn|45
|
|t:|1660148831
|move|p2a: Rotom|Discharge|p1a: BlastFromDaPast
|-supereffective|p1a: BlastFromDaPast
|-end|p1a: BlastFromDaPast|Substitute
|move|p1a: BlastFromDaPast|Bulk Up|p1a: BlastFromDaPast
|-boost|p1a: BlastFromDaPast|atk|1
|-boost|p1a: BlastFromDaPast|def|1
|
|-heal|p1a: BlastFromDaPast|81/100|[from] item: Leftovers
|upkeep
|turn|46
|
|t:|1660148836
|switch|p1a: click toxic|Heatran, F|100/100
|-damage|p1a: click toxic|88/100|[from] Stealth Rock
|move|p2a: Rotom|Will-O-Wisp|p1a: click toxic
|-start|p1a: click toxic|ability: Flash Fire
|
|upkeep
|turn|47
|
|t:|1660148846
|switch|p2a: Rhyperior|Rhyperior, F|100/100
|move|p1a: click toxic|Magma Storm|p2a: Rhyperior
|-resisted|p2a: Rhyperior
|-damage|p2a: Rhyperior|74/100
|-activate|p2a: Rhyperior|move: Magma Storm|[of] p1a: click toxic
|
|-heal|p2a: Rhyperior|80/100|[from] item: Leftovers
|-damage|p2a: Rhyperior|68/100|[from] move: Magma Storm|[partiallytrapped]
|upkeep
|turn|48
|
|t:|1660148850
|move|p1a: click toxic|Magma Storm|p2a: Rhyperior
|-resisted|p2a: Rhyperior
|-damage|p2a: Rhyperior|43/100
|move|p2a: Rhyperior|Rock Blast|p1a: click toxic
|-damage|p1a: click toxic|78/100
|-damage|p1a: click toxic|68/100
|-damage|p1a: click toxic|58/100
|-damage|p1a: click toxic|49/100
|-damage|p1a: click toxic|39/100
|-hitcount|p1a: click toxic|5
|
|-heal|p2a: Rhyperior|49/100|[from] item: Leftovers
|-damage|p2a: Rhyperior|36/100|[from] move: Magma Storm|[partiallytrapped]
|upkeep
|turn|49
|
|t:|1660148856
|move|p1a: click toxic|Magma Storm|p2a: Rhyperior
|-resisted|p2a: Rhyperior
|-damage|p2a: Rhyperior|12/100
|move|p2a: Rhyperior|Earthquake|p1a: click toxic
|-supereffective|p1a: click toxic
|-damage|p1a: click toxic|0 fnt
|faint|p1a: click toxic
|
|-heal|p2a: Rhyperior|18/100|[from] item: Leftovers
|-end|p2a: Rhyperior|Magma Storm|[partiallytrapped]|[silent]
|upkeep
|
|t:|1660148861
|switch|p1a: BlastFromDaPast|Corviknight, M|81/100
|-damage|p1a: BlastFromDaPast|69/100|[from] Stealth Rock
|-ability|p1a: BlastFromDaPast|Pressure
|turn|50
|
|t:|1660148866
|switch|p2a: Rotom|Rotom-Heat|88/100
|move|p1a: BlastFromDaPast|Substitute|p1a: BlastFromDaPast
|-start|p1a: BlastFromDaPast|Substitute
|-damage|p1a: BlastFromDaPast|44/100
|
|-heal|p1a: BlastFromDaPast|50/100|[from] item: Leftovers
|upkeep
|turn|51
|
|t:|1660148871
|move|p2a: Rotom|Discharge|p1a: BlastFromDaPast
|-supereffective|p1a: BlastFromDaPast
|-end|p1a: BlastFromDaPast|Substitute
|move|p1a: BlastFromDaPast|Roost|p1a: BlastFromDaPast
|-heal|p1a: BlastFromDaPast|99/100
|-singleturn|p1a: BlastFromDaPast|move: Roost
|
|-heal|p1a: BlastFromDaPast|100/100|[from] item: Leftovers
|upkeep
|turn|52
|
|t:|1660148884
|switch|p1a: where's ur haze?|Volcarona, F|100/100
|move|p2a: Rotom|Will-O-Wisp|p1a: where's ur haze?
|-immune|p1a: where's ur haze?
|
|upkeep
|turn|53
|j| Tace
|
|t:|1660148891
|switch|p2a: Sylveon|Sylveon, M|59/100
|move|p1a: where's ur haze?|Quiver Dance|p1a: where's ur haze?
|-boost|p1a: where's ur haze?|spa|1
|-boost|p1a: where's ur haze?|spd|1
|-boost|p1a: where's ur haze?|spe|1
|
|-heal|p2a: Sylveon|65/100|[from] item: Leftovers
|upkeep
|turn|54
|
|t:|1660148896
|move|p1a: where's ur haze?|Quiver Dance|p1a: where's ur haze?
|-boost|p1a: where's ur haze?|spa|1
|-boost|p1a: where's ur haze?|spd|1
|-boost|p1a: where's ur haze?|spe|1
|move|p2a: Sylveon|Calm Mind|p2a: Sylveon
|-boost|p2a: Sylveon|spa|1
|-boost|p2a: Sylveon|spd|1
|
|-heal|p2a: Sylveon|72/100|[from] item: Leftovers
|upkeep
|turn|55
|j| gare23limit
|
|t:|1660148900
|move|p1a: where's ur haze?|Flamethrower|p2a: Sylveon
|-damage|p2a: Sylveon|35/100
|move|p2a: Sylveon|Wish|p2a: Sylveon
|
|-heal|p2a: Sylveon|41/100|[from] item: Leftovers
|upkeep
|turn|56
|
|t:|1660148905
|switch|p1a: BeastFromDaEast|Regieleki|100/100
|-damage|p1a: BeastFromDaEast|88/100|[from] Stealth Rock
|move|p2a: Sylveon|Calm Mind|p2a: Sylveon
|-boost|p2a: Sylveon|spa|1
|-boost|p2a: Sylveon|spd|1
|
|-heal|p2a: Sylveon|91/100|[from] move: Wish|[wisher] Sylveon
|-heal|p2a: Sylveon|97/100|[from] item: Leftovers
|upkeep
|turn|57
|
|t:|1660148910
|move|p2a: Sylveon|Protect|p2a: Sylveon
|-singleturn|p2a: Sylveon|Protect
|move|p1a: BeastFromDaEast|Electro Ball|p2a: Sylveon
|-activate|p2a: Sylveon|move: Protect
|
|-heal|p2a: Sylveon|100/100|[from] item: Leftovers
|upkeep
|turn|58
|
|t:|1660148913
|move|p1a: BeastFromDaEast|Electro Ball|p2a: Sylveon
|-damage|p2a: Sylveon|58/100
|move|p2a: Sylveon|Wish|p2a: Sylveon
|
|-heal|p2a: Sylveon|64/100|[from] item: Leftovers
|upkeep
|turn|59
|
|t:|1660148916
|move|p1a: BeastFromDaEast|Electro Ball|p2a: Sylveon
|-damage|p2a: Sylveon|21/100
|move|p2a: Sylveon|Calm Mind|p2a: Sylveon
|-boost|p2a: Sylveon|spa|1
|-boost|p2a: Sylveon|spd|1
|
|-heal|p2a: Sylveon|71/100|[from] move: Wish|[wisher] Sylveon
|-heal|p2a: Sylveon|77/100|[from] item: Leftovers
|upkeep
|turn|60
|
|t:|1660148920
|move|p1a: BeastFromDaEast|Electro Ball|p2a: Sylveon
|-damage|p2a: Sylveon|43/100
|move|p2a: Sylveon|Wish|p2a: Sylveon
|
|-heal|p2a: Sylveon|49/100|[from] item: Leftovers
|upkeep
|turn|61
|
|t:|1660148923
|move|p1a: BeastFromDaEast|Electro Ball|p2a: Sylveon
|-damage|p2a: Sylveon|19/100
|move|p2a: Sylveon|Calm Mind|p2a: Sylveon
|-boost|p2a: Sylveon|spa|1
|-boost|p2a: Sylveon|spd|1
|
|-heal|p2a: Sylveon|69/100|[from] move: Wish|[wisher] Sylveon
|-heal|p2a: Sylveon|75/100|[from] item: Leftovers
|upkeep
|turn|62
|l| gare23limit
|j| Yuipo
|
|t:|1660148927
|move|p1a: BeastFromDaEast|Electro Ball|p2a: Sylveon
|-damage|p2a: Sylveon|49/100
|move|p2a: Sylveon|Wish|p2a: Sylveon
|
|-heal|p2a: Sylveon|55/100|[from] item: Leftovers
|upkeep
|turn|63
|
|t:|1660148930
|move|p2a: Sylveon|Protect|p2a: Sylveon
|-singleturn|p2a: Sylveon|Protect
|move|p1a: BeastFromDaEast|Electro Ball|p2a: Sylveon
|-activate|p2a: Sylveon|move: Protect
|
|-heal|p2a: Sylveon|100/100|[from] move: Wish|[wisher] Sylveon
|upkeep
|turn|64
|
|t:|1660148932
|move|p1a: BeastFromDaEast|Electro Ball|p2a: Sylveon
|-damage|p2a: Sylveon|75/100
|move|p2a: Sylveon|Wish|p2a: Sylveon
|
|-heal|p2a: Sylveon|81/100|[from] item: Leftovers
|upkeep
|turn|65
|
|t:|1660148935
|move|p1a: BeastFromDaEast|Electro Ball|p2a: Sylveon
|-damage|p2a: Sylveon|51/100
|move|p2a: Sylveon|Hyper Voice|p1a: BeastFromDaEast
|-damage|p1a: BeastFromDaEast|0 fnt
|faint|p1a: BeastFromDaEast
|
|-heal|p2a: Sylveon|100/100|[from] move: Wish|[wisher] Sylveon
|upkeep
|
|t:|1660148939
|switch|p1a: where's ur haze?|Volcarona, F|100/100
|turn|66
|
|t:|1660148941
|move|p1a: where's ur haze?|Quiver Dance|p1a: where's ur haze?
|-boost|p1a: where's ur haze?|spa|1
|-boost|p1a: where's ur haze?|spd|1
|-boost|p1a: where's ur haze?|spe|1
|move|p2a: Sylveon|Hyper Voice|p1a: where's ur haze?
|-resisted|p1a: where's ur haze?
|-damage|p1a: where's ur haze?|48/100
|
|upkeep
|turn|67
|
|t:|1660148947
|move|p1a: where's ur haze?|Quiver Dance|p1a: where's ur haze?
|-boost|p1a: where's ur haze?|spa|1
|-boost|p1a: where's ur haze?|spd|1
|-boost|p1a: where's ur haze?|spe|1
|move|p2a: Sylveon|Hyper Voice|p1a: where's ur haze?
|-resisted|p1a: where's ur haze?
|-damage|p1a: where's ur haze?|11/100
|
|upkeep
|turn|68
|
|t:|1660148950
|move|p1a: where's ur haze?|Roost|p1a: where's ur haze?
|-heal|p1a: where's ur haze?|61/100
|-singleturn|p1a: where's ur haze?|move: Roost
|move|p2a: Sylveon|Hyper Voice|p1a: where's ur haze?
|-resisted|p1a: where's ur haze?
|-damage|p1a: where's ur haze?|21/100
|
|upkeep
|turn|69
|
|t:|1660148954
|move|p1a: where's ur haze?|Roost|p1a: where's ur haze?
|-heal|p1a: where's ur haze?|71/100
|-singleturn|p1a: where's ur haze?|move: Roost
|move|p2a: Sylveon|Hyper Voice|p1a: where's ur haze?
|-resisted|p1a: where's ur haze?
|-damage|p1a: where's ur haze?|32/100
|
|upkeep
|turn|70
|
|t:|1660148959
|move|p1a: where's ur haze?|Roost|p1a: where's ur haze?
|-heal|p1a: where's ur haze?|82/100
|-singleturn|p1a: where's ur haze?|move: Roost
|move|p2a: Sylveon|Hyper Voice|p1a: where's ur haze?
|-resisted|p1a: where's ur haze?
|-damage|p1a: where's ur haze?|43/100
|
|upkeep
|turn|71
|
|t:|1660148961
|move|p1a: where's ur haze?|Roost|p1a: where's ur haze?
|-heal|p1a: where's ur haze?|93/100
|-singleturn|p1a: where's ur haze?|move: Roost
|move|p2a: Sylveon|Calm Mind|p2a: Sylveon
|-boost|p2a: Sylveon|spa|1
|-boost|p2a: Sylveon|spd|1
|
|upkeep
|turn|72
|
|t:|1660148964
|move|p1a: where's ur haze?|Quiver Dance|p1a: where's ur haze?
|-boost|p1a: where's ur haze?|spa|1
|-boost|p1a: where's ur haze?|spd|1
|-boost|p1a: where's ur haze?|spe|1
|move|p2a: Sylveon|Calm Mind|p2a: Sylveon
|-boost|p2a: Sylveon|spa|1
|-boost|p2a: Sylveon|spd|1
|
|upkeep
|turn|73
|
|t:|1660148969
|move|p1a: where's ur haze?|Quiver Dance|p1a: where's ur haze?
|-boost|p1a: where's ur haze?|spa|1
|-boost|p1a: where's ur haze?|spd|1
|-boost|p1a: where's ur haze?|spe|1
|move|p2a: Sylveon|Hyper Voice|p1a: where's ur haze?
|-resisted|p1a: where's ur haze?
|-damage|p1a: where's ur haze?|63/100
|
|upkeep
|turn|74
|
|t:|1660148975
|move|p1a: where's ur haze?|Quiver Dance|p1a: where's ur haze?
|-boost|p1a: where's ur haze?|spa|1
|-boost|p1a: where's ur haze?|spd|1
|-boost|p1a: where's ur haze?|spe|1
|move|p2a: Sylveon|Hyper Voice|p1a: where's ur haze?
|-resisted|p1a: where's ur haze?
|-damage|p1a: where's ur haze?|34/100
|
|upkeep
|turn|75
|
|t:|1660148978
|move|p1a: where's ur haze?|Roost|p1a: where's ur haze?
|-heal|p1a: where's ur haze?|84/100
|-singleturn|p1a: where's ur haze?|move: Roost
|move|p2a: Sylveon|Hyper Voice|p1a: where's ur haze?
|-resisted|p1a: where's ur haze?
|-damage|p1a: where's ur haze?|57/100
|
|upkeep
|turn|76
|l| rheysali
|
|t:|1660148982
|move|p1a: where's ur haze?|Quiver Dance|p1a: where's ur haze?
|-boost|p1a: where's ur haze?|spa|1
|-boost|p1a: where's ur haze?|spd|1
|-boost|p1a: where's ur haze?|spe|1
|move|p2a: Sylveon|Hyper Voice|p1a: where's ur haze?
|-resisted|p1a: where's ur haze?
|-damage|p1a: where's ur haze?|32/100
|
|upkeep
|turn|77
|
|t:|1660148987
|move|p1a: where's ur haze?|Roost|p1a: where's ur haze?
|-heal|p1a: where's ur haze?|82/100
|-singleturn|p1a: where's ur haze?|move: Roost
|move|p2a: Sylveon|Calm Mind|p2a: Sylveon
|-boost|p2a: Sylveon|spa|0
|-boost|p2a: Sylveon|spd|0
|
|upkeep
|turn|78
|
|t:|1660148992
|move|p1a: where's ur haze?|Flamethrower|p2a: Sylveon
|-damage|p2a: Sylveon|72/100
|move|p2a: Sylveon|Calm Mind|p2a: Sylveon
|-boost|p2a: Sylveon|spa|0
|-boost|p2a: Sylveon|spd|0
|
|-heal|p2a: Sylveon|78/100|[from] item: Leftovers
|upkeep
|turn|79
|
|t:|1660148996
|move|p2a: Sylveon|Protect|p2a: Sylveon
|-singleturn|p2a: Sylveon|Protect
|move|p1a: where's ur haze?|Quiver Dance|p1a: where's ur haze?
|-boost|p1a: where's ur haze?|spa|0
|-boost|p1a: where's ur haze?|spd|0
|-boost|p1a: where's ur haze?|spe|0
|
|-heal|p2a: Sylveon|85/100|[from] item: Leftovers
|upkeep
|turn|80
|
|t:|1660148998
|move|p1a: where's ur haze?|Roost|p1a: where's ur haze?
|-heal|p1a: where's ur haze?|100/100
|-singleturn|p1a: where's ur haze?|move: Roost
|move|p2a: Sylveon|Calm Mind|p2a: Sylveon
|-boost|p2a: Sylveon|spa|0
|-boost|p2a: Sylveon|spd|0
|
|-heal|p2a: Sylveon|91/100|[from] item: Leftovers
|upkeep
|turn|81
|
|t:|1660149001
|move|p1a: where's ur haze?|Safeguard|p1a: where's ur haze?
|-sidestart|p1: lt92pf cuzzie|Safeguard
|move|p2a: Sylveon|Calm Mind|p2a: Sylveon
|-boost|p2a: Sylveon|spa|0
|-boost|p2a: Sylveon|spd|0
|
|-heal|p2a: Sylveon|97/100|[from] item: Leftovers
|upkeep
|turn|82
|
|t:|1660149004
|move|p1a: where's ur haze?|Flamethrower|p2a: Sylveon
|-damage|p2a: Sylveon|69/100
|move|p2a: Sylveon|Calm Mind|p2a: Sylveon
|-boost|p2a: Sylveon|spa|0
|-boost|p2a: Sylveon|spd|0
|
|-heal|p2a: Sylveon|75/100|[from] item: Leftovers
|upkeep
|turn|83
|
|t:|1660149007
|move|p2a: Sylveon|Protect|p2a: Sylveon
|-singleturn|p2a: Sylveon|Protect
|move|p1a: where's ur haze?|Flamethrower|p2a: Sylveon
|-activate|p2a: Sylveon|move: Protect
|
|-heal|p2a: Sylveon|81/100|[from] item: Leftovers
|upkeep
|turn|84
|
|t:|1660149009
|move|p1a: where's ur haze?|Flamethrower|p2a: Sylveon
|-damage|p2a: Sylveon|52/100
|move|p2a: Sylveon|Calm Mind|p2a: Sylveon
|-boost|p2a: Sylveon|spa|0
|-boost|p2a: Sylveon|spd|0
|
|-heal|p2a: Sylveon|58/100|[from] item: Leftovers
|upkeep
|turn|85
|
|t:|1660149013
|move|p2a: Sylveon|Protect|p2a: Sylveon
|-singleturn|p2a: Sylveon|Protect
|move|p1a: where's ur haze?|Flamethrower|p2a: Sylveon
|-activate|p2a: Sylveon|move: Protect
|
|-heal|p2a: Sylveon|64/100|[from] item: Leftovers
|-sideend|p1: lt92pf cuzzie|Safeguard
|upkeep
|turn|86
|
|t:|1660149015
|move|p1a: where's ur haze?|Flamethrower|p2a: Sylveon
|-damage|p2a: Sylveon|35/100
|move|p2a: Sylveon|Wish|p2a: Sylveon
|
|-heal|p2a: Sylveon|41/100|[from] item: Leftovers
|upkeep
|turn|87
|
|t:|1660149019
|move|p1a: where's ur haze?|Quiver Dance|p1a: where's ur haze?
|-boost|p1a: where's ur haze?|spa|0
|-boost|p1a: where's ur haze?|spd|0
|-boost|p1a: where's ur haze?|spe|0
|move|p2a: Sylveon|Calm Mind|p2a: Sylveon
|-boost|p2a: Sylveon|spa|0
|-boost|p2a: Sylveon|spd|0
|
|-heal|p2a: Sylveon|91/100|[from] move: Wish|[wisher] Sylveon
|-heal|p2a: Sylveon|97/100|[from] item: Leftovers
|upkeep
|turn|88
|
|t:|1660149021
|move|p2a: Sylveon|Protect|p2a: Sylveon
|-singleturn|p2a: Sylveon|Protect
|move|p1a: where's ur haze?|Quiver Dance|p1a: where's ur haze?
|-boost|p1a: where's ur haze?|spa|0
|-boost|p1a: where's ur haze?|spd|0
|-boost|p1a: where's ur haze?|spe|0
|
|-heal|p2a: Sylveon|100/100|[from] item: Leftovers
|upkeep
|turn|89
|
|t:|1660149023
|move|p1a: where's ur haze?|Quiver Dance|p1a: where's ur haze?
|-boost|p1a: where's ur haze?|spa|0
|-boost|p1a: where's ur haze?|spd|0
|-boost|p1a: where's ur haze?|spe|0
|move|p2a: Sylveon|Calm Mind|p2a: Sylveon
|-boost|p2a: Sylveon|spa|0
|-boost|p2a: Sylveon|spd|0
|
|upkeep
|turn|90
|
|t:|1660149025
|move|p1a: where's ur haze?|Quiver Dance|p1a: where's ur haze?
|-boost|p1a: where's ur haze?|spa|0
|-boost|p1a: where's ur haze?|spd|0
|-boost|p1a: where's ur haze?|spe|0
|move|p2a: Sylveon|Calm Mind|p2a: Sylveon
|-boost|p2a: Sylveon|spa|0
|-boost|p2a: Sylveon|spd|0
|
|upkeep
|turn|91
|
|t:|1660149028
|move|p1a: where's ur haze?|Safeguard|p1a: where's ur haze?
|-sidestart|p1: lt92pf cuzzie|Safeguard
|move|p2a: Sylveon|Calm Mind|p2a: Sylveon
|-boost|p2a: Sylveon|spa|0
|-boost|p2a: Sylveon|spd|0
|
|upkeep
|turn|92
|
|t:|1660149030
|move|p1a: where's ur haze?|Safeguard||[still]
|-fail|p1a: where's ur haze?
|move|p2a: Sylveon|Calm Mind|p2a: Sylveon
|-boost|p2a: Sylveon|spa|0
|-boost|p2a: Sylveon|spd|0
|
|upkeep
|turn|93
|
|t:|1660149031
|move|p1a: where's ur haze?|Safeguard||[still]
|-fail|p1a: where's ur haze?
|move|p2a: Sylveon|Calm Mind|p2a: Sylveon
|-boost|p2a: Sylveon|spa|0
|-boost|p2a: Sylveon|spd|0
|
|upkeep
|turn|94
|
|t:|1660149033
|move|p1a: where's ur haze?|Safeguard||[still]
|-fail|p1a: where's ur haze?
|move|p2a: Sylveon|Calm Mind|p2a: Sylveon
|-boost|p2a: Sylveon|spa|0
|-boost|p2a: Sylveon|spd|0
|
|upkeep
|turn|95
|
|t:|1660149035
|move|p1a: where's ur haze?|Safeguard||[still]
|-fail|p1a: where's ur haze?
|move|p2a: Sylveon|Calm Mind|p2a: Sylveon
|-boost|p2a: Sylveon|spa|0
|-boost|p2a: Sylveon|spd|0
|
|-sideend|p1: lt92pf cuzzie|Safeguard
|upkeep
|turn|96
|
|t:|1660149036
|move|p1a: where's ur haze?|Safeguard|p1a: where's ur haze?
|-sidestart|p1: lt92pf cuzzie|Safeguard
|move|p2a: Sylveon|Calm Mind|p2a: Sylveon
|-boost|p2a: Sylveon|spa|0
|-boost|p2a: Sylveon|spd|0
|
|upkeep
|turn|97
|
|t:|1660149039
|move|p1a: where's ur haze?|Flamethrower|p2a: Sylveon
|-damage|p2a: Sylveon|75/100
|move|p2a: Sylveon|Calm Mind|p2a: Sylveon
|-boost|p2a: Sylveon|spa|0
|-boost|p2a: Sylveon|spd|0
|
|-heal|p2a: Sylveon|81/100|[from] item: Leftovers
|upkeep
|turn|98
|c| Yuipo|safeguard got a lot of pp too heh
|
|t:|1660149043
|move|p2a: Sylveon|Protect|p2a: Sylveon
|-singleturn|p2a: Sylveon|Protect
|move|p1a: where's ur haze?|Safeguard||[still]
|-fail|p1a: where's ur haze?
|
|-heal|p2a: Sylveon|87/100|[from] item: Leftovers
|upkeep
|turn|99
|c|☆Lenape|Yeah just need to wear you down some
|j| wulfanator
|c|☆Lenape|I got other mons that can stall you out
|c|☆Lenape|Combine with there PP i win
|inactive|Lenape has 120 seconds left.
|l| wulfanator
|c| Cramoraunt|oh what's up yui
|j| wulfanator
|c| Yuipo|ayy
|
|t:|1660149082
|move|p1a: where's ur haze?|Flamethrower|p2a: Sylveon
|-damage|p2a: Sylveon|61/100
|move|p2a: Sylveon|Calm Mind|p2a: Sylveon
|-boost|p2a: Sylveon|spa|0
|-boost|p2a: Sylveon|spd|0
|
|-heal|p2a: Sylveon|67/100|[from] item: Leftovers
|upkeep
|turn|100
|c| Yuipo|mr million
|c| Cramoraunt|wagwan
|
|t:|1660149099
|move|p2a: Sylveon|Protect|p2a: Sylveon
|-singleturn|p2a: Sylveon|Protect
|move|p1a: where's ur haze?|Safeguard||[still]
|-fail|p1a: where's ur haze?
|
|-heal|p2a: Sylveon|73/100|[from] item: Leftovers
|-sideend|p1: lt92pf cuzzie|Safeguard
|upkeep
|turn|101
|
|t:|1660149102
|move|p1a: where's ur haze?|Safeguard|p1a: where's ur haze?
|-sidestart|p1: lt92pf cuzzie|Safeguard
|move|p2a: Sylveon|Wish|p2a: Sylveon
|
|-heal|p2a: Sylveon|79/100|[from] item: Leftovers
|upkeep
|turn|102
|
|t:|1660149104
|move|p1a: where's ur haze?|Safeguard||[still]
|-fail|p1a: where's ur haze?
|move|p2a: Sylveon|Calm Mind|p2a: Sylveon
|-boost|p2a: Sylveon|spa|0
|-boost|p2a: Sylveon|spd|0
|
|-heal|p2a: Sylveon|100/100|[from] move: Wish|[wisher] Sylveon
|upkeep
|turn|103
|
|t:|1660149107
|move|p1a: where's ur haze?|Safeguard||[still]
|-fail|p1a: where's ur haze?
|move|p2a: Sylveon|Calm Mind|p2a: Sylveon
|-boost|p2a: Sylveon|spa|0
|-boost|p2a: Sylveon|spd|0
|
|upkeep
|turn|104
|
|t:|1660149110
|move|p2a: Sylveon|Protect|p2a: Sylveon
|-singleturn|p2a: Sylveon|Protect
|move|p1a: where's ur haze?|Safeguard||[still]
|-fail|p1a: where's ur haze?
|
|upkeep
|turn|105
|
|t:|1660149111
|move|p1a: where's ur haze?|Safeguard||[still]
|-fail|p1a: where's ur haze?
|move|p2a: Sylveon|Calm Mind|p2a: Sylveon
|-boost|p2a: Sylveon|spa|0
|-boost|p2a: Sylveon|spd|0
|
|-sideend|p1: lt92pf cuzzie|Safeguard
|upkeep
|turn|106
|inactive|Lenape has 120 seconds left.
|inactive|Lenape has 90 seconds left.
|
|t:|1660149175
|move|p2a: Sylveon|Protect|p2a: Sylveon
|-singleturn|p2a: Sylveon|Protect
|move|p1a: where's ur haze?|Safeguard|p1a: where's ur haze?
|-sidestart|p1: lt92pf cuzzie|Safeguard
|
|upkeep
|turn|107
|inactive|Lenape has 90 seconds left.
|c| Yuipo|who is this legend so high up with dual eveelution rhyp rheat
|
|t:|1660149186
|move|p1a: where's ur haze?|Flamethrower|p2a: Sylveon
|-damage|p2a: Sylveon|74/100
|move|p2a: Sylveon|Wish|p2a: Sylveon
|
|-heal|p2a: Sylveon|80/100|[from] item: Leftovers
|upkeep
|turn|108
|j| CALL THE CREW
|inactive|Lenape has 90 seconds left.
|
|t:|1660149205
|move|p1a: where's ur haze?|Flamethrower|p2a: Sylveon
|-damage|p2a: Sylveon|51/100
|move|p2a: Sylveon|Hyper Voice|p1a: where's ur haze?
|-resisted|p1a: where's ur haze?
|-damage|p1a: where's ur haze?|76/100
|
|-heal|p2a: Sylveon|100/100|[from] move: Wish|[wisher] Sylveon
|upkeep
|turn|109
|l| SHSP
|c| Cramoraunt|this is a pre-dlc team no?
|inactive|Lenape has 90 seconds left.
|c| Yuipo|looks like one
|c|☆Lenape|Yeah
|
|t:|1660149226
|move|p1a: where's ur haze?|Safeguard||[still]
|-fail|p1a: where's ur haze?
|move|p2a: Sylveon|Hyper Voice|p1a: where's ur haze?
|-resisted|p1a: where's ur haze?
|-damage|p1a: where's ur haze?|53/100
|
|upkeep
|turn|110
|
|t:|1660149231
|move|p1a: where's ur haze?|Roost|p1a: where's ur haze?
|-heal|p1a: where's ur haze?|100/100
|-singleturn|p1a: where's ur haze?|move: Roost
|move|p2a: Sylveon|Hyper Voice|p1a: where's ur haze?
|-resisted|p1a: where's ur haze?
|-damage|p1a: where's ur haze?|77/100
|
|-sideend|p1: lt92pf cuzzie|Safeguard
|upkeep
|turn|111
|
|t:|1660149236
|move|p1a: where's ur haze?|Flamethrower|p2a: Sylveon
|-damage|p2a: Sylveon|70/100
|-status|p2a: Sylveon|brn
|move|p2a: Sylveon|Wish|p2a: Sylveon
|
|-heal|p2a: Sylveon|76/100 brn|[from] item: Leftovers
|-damage|p2a: Sylveon|70/100 brn|[from] brn
|upkeep
|turn|112
|c| Yuipo|yo
|
|t:|1660149243
|move|p1a: where's ur haze?|Safeguard|p1a: where's ur haze?
|-sidestart|p1: lt92pf cuzzie|Safeguard
|move|p2a: Sylveon|Calm Mind|p2a: Sylveon
|-boost|p2a: Sylveon|spa|0
|-boost|p2a: Sylveon|spd|0
|
|-heal|p2a: Sylveon|100/100 brn|[from] move: Wish|[wisher] Sylveon
|-damage|p2a: Sylveon|94/100 brn|[from] brn
|upkeep
|turn|113
|
|t:|1660149247
|move|p2a: Sylveon|Protect|p2a: Sylveon
|-singleturn|p2a: Sylveon|Protect
|move|p1a: where's ur haze?|Safeguard||[still]
|-fail|p1a: where's ur haze?
|
|-heal|p2a: Sylveon|100/100 brn|[from] item: Leftovers
|-damage|p2a: Sylveon|94/100 brn|[from] brn
|upkeep
|turn|114
|
|t:|1660149251
|move|p1a: where's ur haze?|Safeguard||[still]
|-fail|p1a: where's ur haze?
|move|p2a: Sylveon|Wish|p2a: Sylveon
|
|-heal|p2a: Sylveon|100/100 brn|[from] item: Leftovers
|-damage|p2a: Sylveon|94/100 brn|[from] brn
|upkeep
|turn|115
|l| Tace
|
|t:|1660149260
|move|p1a: where's ur haze?|Safeguard||[still]
|-fail|p1a: where's ur haze?
|move|p2a: Sylveon|Hyper Voice|p1a: where's ur haze?
|-resisted|p1a: where's ur haze?
|-damage|p1a: where's ur haze?|52/100
|
|-heal|p2a: Sylveon|100/100 brn|[from] move: Wish|[wisher] Sylveon
|-damage|p2a: Sylveon|94/100 brn|[from] brn
|upkeep
|turn|116
|
|t:|1660149263
|move|p1a: where's ur haze?|Roost|p1a: where's ur haze?
|-heal|p1a: where's ur haze?|100/100
|-singleturn|p1a: where's ur haze?|move: Roost
|move|p2a: Sylveon|Calm Mind|p2a: Sylveon
|-boost|p2a: Sylveon|spa|0
|-boost|p2a: Sylveon|spd|0
|
|-heal|p2a: Sylveon|100/100 brn|[from] item: Leftovers
|-damage|p2a: Sylveon|94/100 brn|[from] brn
|-sideend|p1: lt92pf cuzzie|Safeguard
|upkeep
|turn|117
|
|t:|1660149268
|move|p2a: Sylveon|Protect|p2a: Sylveon
|-singleturn|p2a: Sylveon|Protect
|move|p1a: where's ur haze?|Safeguard|p1a: where's ur haze?
|-sidestart|p1: lt92pf cuzzie|Safeguard
|
|-heal|p2a: Sylveon|100/100 brn|[from] item: Leftovers
|-damage|p2a: Sylveon|94/100 brn|[from] brn
|upkeep
|turn|118
|
|t:|1660149273
|move|p1a: where's ur haze?|Safeguard||[still]
|-fail|p1a: where's ur haze?
|move|p2a: Sylveon|Wish|p2a: Sylveon
|
|-heal|p2a: Sylveon|100/100 brn|[from] item: Leftovers
|-damage|p2a: Sylveon|94/100 brn|[from] brn
|upkeep
|turn|119
|
|t:|1660149279
|move|p1a: where's ur haze?|Safeguard||[still]
|-fail|p1a: where's ur haze?
|move|p2a: Sylveon|Hyper Voice|p1a: where's ur haze?
|-resisted|p1a: where's ur haze?
|-damage|p1a: where's ur haze?|75/100
|
|-heal|p2a: Sylveon|100/100 brn|[from] move: Wish|[wisher] Sylveon
|-damage|p2a: Sylveon|94/100 brn|[from] brn
|upkeep
|turn|120
|
|t:|1660149283
|move|p1a: where's ur haze?|Safeguard||[still]
|-fail|p1a: where's ur haze?
|move|p2a: Sylveon|Calm Mind|p2a: Sylveon
|-boost|p2a: Sylveon|spa|0
|-boost|p2a: Sylveon|spd|0
|
|-heal|p2a: Sylveon|100/100 brn|[from] item: Leftovers
|-damage|p2a: Sylveon|94/100 brn|[from] brn
|upkeep
|turn|121
|
|t:|1660149286
|move|p1a: where's ur haze?|Safeguard||[still]
|-fail|p1a: where's ur haze?
|move|p2a: Sylveon|Calm Mind|p2a: Sylveon
|-boost|p2a: Sylveon|spa|0
|-boost|p2a: Sylveon|spd|0
|
|-heal|p2a: Sylveon|100/100 brn|[from] item: Leftovers
|-damage|p2a: Sylveon|94/100 brn|[from] brn
|-sideend|p1: lt92pf cuzzie|Safeguard
|upkeep
|turn|122
|
|t:|1660149289
|move|p2a: Sylveon|Protect|p2a: Sylveon
|-singleturn|p2a: Sylveon|Protect
|move|p1a: where's ur haze?|Safeguard|p1a: where's ur haze?
|-sidestart|p1: lt92pf cuzzie|Safeguard
|
|-heal|p2a: Sylveon|100/100 brn|[from] item: Leftovers
|-damage|p2a: Sylveon|94/100 brn|[from] brn
|upkeep
|turn|123
|
|t:|1660149292
|move|p1a: where's ur haze?|Safeguard||[still]
|-fail|p1a: where's ur haze?
|move|p2a: Sylveon|Wish|p2a: Sylveon
|
|-heal|p2a: Sylveon|100/100 brn|[from] item: Leftovers
|-damage|p2a: Sylveon|94/100 brn|[from] brn
|upkeep
|turn|124
|c| Cramoraunt|I think raikulover made it? idk tho I can't remember it was in OST like 2 years back
|
|t:|1660149296
|move|p1a: where's ur haze?|Safeguard||[still]
|-fail|p1a: where's ur haze?
|move|p2a: Sylveon|Calm Mind|p2a: Sylveon
|-boost|p2a: Sylveon|spa|0
|-boost|p2a: Sylveon|spd|0
|
|-heal|p2a: Sylveon|100/100 brn|[from] move: Wish|[wisher] Sylveon
|-damage|p2a: Sylveon|94/100 brn|[from] brn
|upkeep
|turn|125
|c|☆Lenape|No i made it
|c|☆lt92pf cuzzie|yeah uve been running this for a while now
|c|☆Lenape|Iv been using since this gen came out
|inactive|Lenape has 120 seconds left.
|c| Cramoraunt|oh shit sorry I saw something like this on a forum post somewhere
|c| Yuipo|what a beast
|inactive|Lenape has 90 seconds left.
|c| Yuipo|all the teams i've made at the beginning of the gen are way outdated now
|inactive|Lenape has 60 seconds left.
|c|☆Lenape|The only change since this gen came out is that i replaced cinderace with rotom after ban
|
|t:|1660149390
|move|p2a: Sylveon|Protect|p2a: Sylveon
|-singleturn|p2a: Sylveon|Protect
|move|p1a: where's ur haze?|Safeguard||[still]
|-fail|p1a: where's ur haze?
|
|-heal|p2a: Sylveon|100/100 brn|[from] item: Leftovers
|-damage|p2a: Sylveon|94/100 brn|[from] brn
|upkeep
|turn|126
|c| Cramoraunt|it deals well with kyu lol
|
|t:|1660149410
|move|p1a: where's ur haze?|Safeguard||[still]
|-fail|p1a: where's ur haze?
|move|p2a: Sylveon|Calm Mind|p2a: Sylveon
|-boost|p2a: Sylveon|spa|0
|-boost|p2a: Sylveon|spd|0
|
|-heal|p2a: Sylveon|100/100 brn|[from] item: Leftovers
|-damage|p2a: Sylveon|94/100 brn|[from] brn
|-sideend|p1: lt92pf cuzzie|Safeguard
|upkeep
|turn|127
|inactive|Lenape has 60 seconds left.
|
|t:|1660149416
|move|p1a: where's ur haze?|Safeguard|p1a: where's ur haze?
|-sidestart|p1: lt92pf cuzzie|Safeguard
|move|p2a: Sylveon|Hyper Voice|p1a: where's ur haze?
|-resisted|p1a: where's ur haze?
|-damage|p1a: where's ur haze?|51/100
|
|-heal|p2a: Sylveon|100/100 brn|[from] item: Leftovers
|-damage|p2a: Sylveon|94/100 brn|[from] brn
|upkeep
|turn|128
|
|t:|1660149420
|switch|p2a: Toxapex|Toxapex, M|100/100
|move|p1a: where's ur haze?|Roost|p1a: where's ur haze?
|-heal|p1a: where's ur haze?|100/100
|-singleturn|p1a: where's ur haze?|move: Roost
|
|upkeep
|turn|129
|
|t:|1660149424
|move|p2a: Toxapex|Baneful Bunker|p2a: Toxapex
|-singleturn|p2a: Toxapex|move: Protect
|move|p1a: where's ur haze?|Flamethrower|p2a: Toxapex
|-activate|p2a: Toxapex|move: Protect
|
|upkeep
|turn|130
|
|t:|1660149426
|move|p1a: where's ur haze?|Flamethrower|p2a: Toxapex
|-resisted|p2a: Toxapex
|-damage|p2a: Toxapex|39/100
|-status|p2a: Toxapex|brn
|move|p2a: Toxapex|Recover|p2a: Toxapex
|-heal|p2a: Toxapex|89/100 brn
|
|-heal|p2a: Toxapex|96/100 brn|[from] item: Black Sludge
|-damage|p2a: Toxapex|89/100 brn|[from] brn
|upkeep
|turn|131
|c|☆Lenape|WEll that burn is unfortunate
|
|t:|1660149436
|move|p2a: Toxapex|Baneful Bunker|p2a: Toxapex
|-singleturn|p2a: Toxapex|move: Protect
|move|p1a: where's ur haze?|Flamethrower|p2a: Toxapex
|-activate|p2a: Toxapex|move: Protect
|
|-heal|p2a: Toxapex|96/100 brn|[from] item: Black Sludge
|-damage|p2a: Toxapex|89/100 brn|[from] brn
|-sideend|p1: lt92pf cuzzie|Safeguard
|upkeep
|turn|132
|
|t:|1660149440
|move|p1a: where's ur haze?|Safeguard|p1a: where's ur haze?
|-sidestart|p1: lt92pf cuzzie|Safeguard
|move|p2a: Toxapex|Recover|p2a: Toxapex
|-heal|p2a: Toxapex|100/100 brn
|
|-damage|p2a: Toxapex|94/100 brn|[from] brn
|upkeep
|turn|133
|
|t:|1660149448
|move|p2a: Toxapex|Baneful Bunker|p2a: Toxapex
|-singleturn|p2a: Toxapex|move: Protect
|move|p1a: where's ur haze?|Quiver Dance|p1a: where's ur haze?
|-boost|p1a: where's ur haze?|spa|0
|-boost|p1a: where's ur haze?|spd|0
|-boost|p1a: where's ur haze?|spe|0
|
|-heal|p2a: Toxapex|100/100 brn|[from] item: Black Sludge
|-damage|p2a: Toxapex|94/100 brn|[from] brn
|upkeep
|turn|134
|inactive|Lenape has 90 seconds left.
|
|t:|1660149454
|move|p1a: where's ur haze?|Flamethrower|p2a: Toxapex
|-resisted|p2a: Toxapex
|-damage|p2a: Toxapex|32/100 brn
|move|p2a: Toxapex|Recover|p2a: Toxapex
|-heal|p2a: Toxapex|82/100 brn
|
|-heal|p2a: Toxapex|88/100 brn|[from] item: Black Sludge
|-damage|p2a: Toxapex|82/100 brn|[from] brn
|upkeep
|turn|135
|c|☆lt92pf cuzzie|nohaze pex :o
|
|t:|1660149461
|move|p2a: Toxapex|Baneful Bunker|p2a: Toxapex
|-singleturn|p2a: Toxapex|move: Protect
|move|p1a: where's ur haze?|Quiver Dance|p1a: where's ur haze?
|-boost|p1a: where's ur haze?|spa|0
|-boost|p1a: where's ur haze?|spd|0
|-boost|p1a: where's ur haze?|spe|0
|
|-heal|p2a: Toxapex|88/100 brn|[from] item: Black Sludge
|-damage|p2a: Toxapex|82/100 brn|[from] brn
|upkeep
|turn|136
|c|☆Lenape|Who needs it lol
|
|t:|1660149465
|move|p1a: where's ur haze?|Flamethrower|p2a: Toxapex
|-resisted|p2a: Toxapex
|-damage|p2a: Toxapex|21/100 brn
|move|p2a: Toxapex|Recover|p2a: Toxapex
|-heal|p2a: Toxapex|71/100 brn
|
|-heal|p2a: Toxapex|77/100 brn|[from] item: Black Sludge
|-damage|p2a: Toxapex|71/100 brn|[from] brn
|-sideend|p1: lt92pf cuzzie|Safeguard
|upkeep
|turn|137
|
|t:|1660149473
|move|p1a: where's ur haze?|Flamethrower|p2a: Toxapex
|-resisted|p2a: Toxapex
|-damage|p2a: Toxapex|1/100 brn
|move|p2a: Toxapex|Toxic|p1a: where's ur haze?
|-status|p1a: where's ur haze?|tox
|
|-heal|p2a: Toxapex|7/100 brn|[from] item: Black Sludge
|-damage|p1a: where's ur haze?|94/100 tox|[from] psn
|-damage|p2a: Toxapex|1/100 brn|[from] brn
|upkeep
|turn|138
|c|☆Lenape|gotch
|c|☆Lenape|a
|
|t:|1660149484
|switch|p2a: Rhyperior|Rhyperior, F|18/100
|move|p1a: where's ur haze?|Flamethrower|p2a: Rhyperior
|-resisted|p2a: Rhyperior
|-damage|p2a: Rhyperior|0 fnt
|faint|p2a: Rhyperior
|
|-damage|p1a: where's ur haze?|82/100 tox|[from] psn
|upkeep
|
|t:|1660149487
|switch|p2a: Sylveon|Sylveon, M|94/100 brn
|turn|139
|
|t:|1660149497
|move|p2a: Sylveon|Protect|p2a: Sylveon
|-singleturn|p2a: Sylveon|Protect
|move|p1a: where's ur haze?|Flamethrower|p2a: Sylveon
|-activate|p2a: Sylveon|move: Protect
|
|-heal|p2a: Sylveon|100/100 brn|[from] item: Leftovers
|-damage|p1a: where's ur haze?|64/100 tox|[from] psn
|-damage|p2a: Sylveon|94/100 brn|[from] brn
|upkeep
|turn|140
|c|☆Lenape|That was a real high roll flame on that turn too
|
|t:|1660149515
|switch|p2a: Rotom|Rotom-Heat|88/100
|move|p1a: where's ur haze?|Flamethrower|p2a: Rotom
|-resisted|p2a: Rotom
|-damage|p2a: Rotom|14/100
|
|-damage|p1a: where's ur haze?|40/100 tox|[from] psn
|upkeep
|turn|141
|c|☆lt92pf cuzzie|yea burn was lucky
|
|t:|1660149523
|move|p1a: where's ur haze?|Flamethrower|p2a: Rotom
|-resisted|p2a: Rotom
|-damage|p2a: Rotom|0 fnt
|faint|p2a: Rotom
|
|-damage|p1a: where's ur haze?|9/100 tox|[from] psn
|upkeep
|c| Yuipo|cuzzie do be a high roller
|
|t:|1660149529
|switch|p2a: Umbreon|Umbreon, M|88/100
|turn|142
|
|t:|1660149532
|move|p2a: Umbreon|Protect|p2a: Umbreon
|-singleturn|p2a: Umbreon|Protect
|move|p1a: where's ur haze?|Roost|p1a: where's ur haze?
|-heal|p1a: where's ur haze?|59/100 tox
|-singleturn|p1a: where's ur haze?|move: Roost
|
|-heal|p2a: Umbreon|94/100|[from] item: Leftovers
|-damage|p1a: where's ur haze?|23/100 tox|[from] psn
|upkeep
|turn|143
|
|t:|1660149538
|switch|p2a: Sylveon|Sylveon, M|94/100 brn
|move|p1a: where's ur haze?|Flamethrower|p2a: Sylveon
|-damage|p2a: Sylveon|0 fnt
|faint|p2a: Sylveon
|
|-damage|p1a: where's ur haze?|0 fnt|[from] psn
|faint|p1a: where's ur haze?
|upkeep
|
|t:|1660149547
|switch|p1a: Rotom|Rotom-Wash|63/100
|switch|p2a: Umbreon|Umbreon, M|94/100
|-damage|p1a: Rotom|51/100|[from] Stealth Rock
|turn|144
|
|t:|1660149555
|move|p2a: Umbreon|Protect|p2a: Umbreon
|-singleturn|p2a: Umbreon|Protect
|move|p1a: Rotom|Volt Switch|p2a: Umbreon
|-activate|p2a: Umbreon|move: Protect
|
|-heal|p1a: Rotom|57/100|[from] item: Leftovers
|-heal|p2a: Umbreon|100/100|[from] item: Leftovers
|upkeep
|turn|145
|
|t:|1660149557
|move|p1a: Rotom|Volt Switch|p2a: Umbreon
|-damage|p2a: Umbreon|83/100
|
|t:|1660149560
|switch|p1a: BlastFromDaPast|Corviknight, M|100/100|[from]move: Volt Switch
|-damage|p1a: BlastFromDaPast|88/100|[from] Stealth Rock
|-ability|p1a: BlastFromDaPast|Pressure
|move|p2a: Umbreon|Wish|p2a: Umbreon
|
|-heal|p1a: BlastFromDaPast|94/100|[from] item: Leftovers
|-heal|p2a: Umbreon|89/100|[from] item: Leftovers
|upkeep
|turn|146
|
|t:|1660149566
|move|p1a: BlastFromDaPast|Bulk Up|p1a: BlastFromDaPast
|-boost|p1a: BlastFromDaPast|atk|1
|-boost|p1a: BlastFromDaPast|def|1
|move|p2a: Umbreon|Foul Play|p1a: BlastFromDaPast
|-damage|p1a: BlastFromDaPast|68/100
|
|-heal|p2a: Umbreon|100/100|[from] move: Wish|[wisher] Umbreon
|-heal|p1a: BlastFromDaPast|74/100|[from] item: Leftovers
|upkeep
|turn|147
|inactive|Lenape has 120 seconds left.
|c| Yuipo|yo
|c| Yuipo|imagine ev'ing to survive a foul play
|c|☆lt92pf cuzzie|why tho
|c| Yuipo|can set up on mandi super easily too
|c|☆lt92pf cuzzie|no need
|c| Yuipo|k
|c| Cramoraunt|if def is higher, you reach an eventual <25 roll
|
|t:|1660149610
|switch|p2a: Corviknight|Corviknight, M|100/100
|-ability|p2a: Corviknight|Pressure
|move|p1a: BlastFromDaPast|Bulk Up|p1a: BlastFromDaPast
|-boost|p1a: BlastFromDaPast|atk|1
|-boost|p1a: BlastFromDaPast|def|1
|
|-heal|p1a: BlastFromDaPast|80/100|[from] item: Leftovers
|upkeep
|turn|148
|l| CALL THE CREW
|
|t:|1660149613
|move|p1a: BlastFromDaPast|Bulk Up|p1a: BlastFromDaPast
|-boost|p1a: BlastFromDaPast|atk|1
|-boost|p1a: BlastFromDaPast|def|1
|move|p2a: Corviknight|Bulk Up|p2a: Corviknight
|-boost|p2a: Corviknight|atk|1
|-boost|p2a: Corviknight|def|1
|
|-heal|p1a: BlastFromDaPast|86/100|[from] item: Leftovers
|upkeep
|turn|149
|
|t:|1660149616
|move|p1a: BlastFromDaPast|Bulk Up|p1a: BlastFromDaPast
|-boost|p1a: BlastFromDaPast|atk|1
|-boost|p1a: BlastFromDaPast|def|1
|move|p2a: Corviknight|Bulk Up|p2a: Corviknight
|-boost|p2a: Corviknight|atk|1
|-boost|p2a: Corviknight|def|1
|
|-heal|p1a: BlastFromDaPast|92/100|[from] item: Leftovers
|upkeep
|turn|150
|
|t:|1660149623
|move|p1a: BlastFromDaPast|Bulk Up|p1a: BlastFromDaPast
|-boost|p1a: BlastFromDaPast|atk|1
|-boost|p1a: BlastFromDaPast|def|1
|move|p2a: Corviknight|Substitute|p2a: Corviknight
|-start|p2a: Corviknight|Substitute
|-damage|p2a: Corviknight|75/100
|
|-heal|p1a: BlastFromDaPast|98/100|[from] item: Leftovers
|-heal|p2a: Corviknight|82/100|[from] item: Leftovers
|upkeep
|turn|151
|c| Yuipo|o dang
|
|t:|1660149626
|move|p1a: BlastFromDaPast|Bulk Up|p1a: BlastFromDaPast
|-boost|p1a: BlastFromDaPast|atk|1
|-boost|p1a: BlastFromDaPast|def|1
|move|p2a: Corviknight|Bulk Up|p2a: Corviknight
|-boost|p2a: Corviknight|atk|1
|-boost|p2a: Corviknight|def|1
|
|-heal|p1a: BlastFromDaPast|100/100|[from] item: Leftovers
|-heal|p2a: Corviknight|88/100|[from] item: Leftovers
|upkeep
|turn|152
|
|t:|1660149630
|move|p1a: BlastFromDaPast|Substitute|p1a: BlastFromDaPast
|-start|p1a: BlastFromDaPast|Substitute
|-damage|p1a: BlastFromDaPast|76/100
|move|p2a: Corviknight|Substitute|p2a: Corviknight
|-fail|p2a: Corviknight|move: Substitute
|
|-heal|p1a: BlastFromDaPast|82/100|[from] item: Leftovers
|-heal|p2a: Corviknight|94/100|[from] item: Leftovers
|upkeep
|turn|153
|
|t:|1660149634
|move|p1a: BlastFromDaPast|Brave Bird|p2a: Corviknight
|-resisted|p2a: Corviknight
|-end|p2a: Corviknight|Substitute
|-damage|p1a: BlastFromDaPast|73/100|[from] Recoil|[of] p2a: Corviknight
|move|p2a: Corviknight|Bulk Up|p2a: Corviknight
|-boost|p2a: Corviknight|atk|1
|-boost|p2a: Corviknight|def|1
|
|-heal|p1a: BlastFromDaPast|79/100|[from] item: Leftovers
|-heal|p2a: Corviknight|100/100|[from] item: Leftovers
|upkeep
|turn|154
|
|t:|1660149640
|move|p1a: BlastFromDaPast|Brave Bird|p2a: Corviknight
|-resisted|p2a: Corviknight
|-damage|p2a: Corviknight|80/100
|-damage|p1a: BlastFromDaPast|73/100|[from] Recoil
|move|p2a: Corviknight|Substitute|p2a: Corviknight
|-start|p2a: Corviknight|Substitute
|-damage|p2a: Corviknight|55/100
|
|-heal|p1a: BlastFromDaPast|79/100|[from] item: Leftovers
|-heal|p2a: Corviknight|61/100|[from] item: Leftovers
|upkeep
|turn|155
|c|☆Lenape|Gg
|
|t:|1660149647
|switch|p1a: Rotom|Rotom-Wash|57/100
|-damage|p1a: Rotom|45/100|[from] Stealth Rock
|move|p2a: Corviknight|Roost|p2a: Corviknight
|-heal|p2a: Corviknight|100/100
|-singleturn|p2a: Corviknight|move: Roost
|
|-heal|p1a: Rotom|51/100|[from] item: Leftovers
|upkeep
|turn|156
|
|t:|1660149653
|move|p1a: Rotom|Hydro Pump|p2a: Corviknight
|-end|p2a: Corviknight|Substitute
|move|p2a: Corviknight|Substitute|p2a: Corviknight
|-start|p2a: Corviknight|Substitute
|-damage|p2a: Corviknight|75/100
|
|-heal|p1a: Rotom|57/100|[from] item: Leftovers
|-heal|p2a: Corviknight|82/100|[from] item: Leftovers
|upkeep
|turn|157
|
|t:|1660149660
|move|p1a: Rotom|Pain Split||[still]
|-fail|p1a: Rotom
|move|p2a: Corviknight|Substitute|p2a: Corviknight
|-fail|p2a: Corviknight|move: Substitute
|
|-heal|p1a: Rotom|63/100|[from] item: Leftovers
|-heal|p2a: Corviknight|88/100|[from] item: Leftovers
|upkeep
|turn|158
|
|t:|1660149666
|move|p1a: Rotom|Volt Switch|p2a: Corviknight
|-supereffective|p2a: Corviknight
|-end|p2a: Corviknight|Substitute
|
|t:|1660149670
|switch|p1a: BlastFromDaPast|Corviknight, M|79/100|[from]move: Volt Switch
|-damage|p1a: BlastFromDaPast|66/100|[from] Stealth Rock
|-ability|p1a: BlastFromDaPast|Pressure
|move|p2a: Corviknight|Brave Bird|p1a: BlastFromDaPast
|-resisted|p1a: BlastFromDaPast
|-damage|p1a: BlastFromDaPast|4/100
|-damage|p2a: Corviknight|67/100|[from] Recoil
|
|-heal|p1a: BlastFromDaPast|10/100|[from] item: Leftovers
|-heal|p2a: Corviknight|74/100|[from] item: Leftovers
|upkeep
|turn|159
|
|t:|1660149672
|move|p1a: BlastFromDaPast|Roost|p1a: BlastFromDaPast
|-heal|p1a: BlastFromDaPast|60/100
|-singleturn|p1a: BlastFromDaPast|move: Roost
|move|p2a: Corviknight|Substitute|p2a: Corviknight
|-start|p2a: Corviknight|Substitute
|-damage|p2a: Corviknight|49/100
|
|-heal|p1a: BlastFromDaPast|66/100|[from] item: Leftovers
|-heal|p2a: Corviknight|55/100|[from] item: Leftovers
|upkeep
|turn|160
|
|t:|1660149678
|move|p1a: BlastFromDaPast|Bulk Up|p1a: BlastFromDaPast
|-boost|p1a: BlastFromDaPast|atk|1
|-boost|p1a: BlastFromDaPast|def|1
|move|p2a: Corviknight|Roost|p2a: Corviknight
|-heal|p2a: Corviknight|100/100
|-singleturn|p2a: Corviknight|move: Roost
|
|-heal|p1a: BlastFromDaPast|72/100|[from] item: Leftovers
|upkeep
|turn|161
|
|t:|1660149683
|move|p1a: BlastFromDaPast|Bulk Up|p1a: BlastFromDaPast
|-boost|p1a: BlastFromDaPast|atk|1
|-boost|p1a: BlastFromDaPast|def|1
|move|p2a: Corviknight|Bulk Up|p2a: Corviknight
|-boost|p2a: Corviknight|atk|1
|-boost|p2a: Corviknight|def|1
|
|-heal|p1a: BlastFromDaPast|78/100|[from] item: Leftovers
|upkeep
|turn|162
|c|☆Lenape|I have way more pp
|c|☆lt92pf cuzzie|gg
|c| Yuipo|yes
|-message|lt92pf cuzzie forfeited.
|
|win|Lenape
|raw|lt92pf cuzzie's rating: 1802 &rarr; <strong>1782</strong><br />(-20 for losing)
|raw|Lenape's rating: 1795 &rarr; <strong>1815</strong><br />(+20 for winning)
|c| Yuipo|he has the pp
|c|☆lt92pf cuzzie|lol
|c|☆lt92pf cuzzie|next time
|c|☆Lenape|Biggest PP here
|l| Cramoraunt
|c|☆Lenape|LOL
|c| Yuipo|big pp energy
|c|☆lt92pf cuzzie|i save my tran and win with that lol
|c|☆lt92pf cuzzie|rhyp was gonna melt lol
|c|☆Lenape|Trick early screwed that
|c|☆lt92pf cuzzie|yea
|l|☆lt92pf cuzzie
|c| Yuipo|i have no pp
|c| Yuipo|gamer girl moment
|l| Yuipo
||Ladder isn't responding, score probably updated but might not have (Request timeout).
