|j|☆ninjadouche
|j|☆Draco09876
|t:|1654288209
|gametype|singles
|player|p1|ninjadouche|burglar|1535
|player|p2|Draco09876|266|1537
|teamsize|p1|6
|teamsize|p2|6
|gen|8
|tier|[Gen 8] OU
|rated|
|rule|Sleep Clause Mod: Limit one foe put to sleep
|rule|Species Clause: Limit one of each Pokémon
|rule|OHKO Clause: OHKO moves are banned
|rule|Evasion Moves Clause: Evasion moves are banned
|rule|Endless Battle Clause: Forcing endless battles is banned
|rule|HP Percentage Mod: HP is shown in percentages
|rule|Dynamax Clause: You cannot dynamax
|clearpoke
|poke|p1|Marowak-Alola, F|
|poke|p1|Ninetales, F|
|poke|p1|Rotom-Wash|
|poke|p1|Snorlax, F|
|poke|p1|Shiftry, M|
|poke|p1|Aggron, M|
|poke|p2|Shuckle, F|
|poke|p2|Ferrothorn, F|
|poke|p2|Zapdos-Galar|
|poke|p2|Kartana|
|poke|p2|Tapu Lele|
|poke|p2|Nidoking, M|
|teampreview
|inactive|Battle timer is ON: inactive players will automatically lose when time's up. (requested by Draco09876)
|
|t:|1654288222
|start
|switch|p1a: Marowak|Marowak-Alola, F|100/100
|switch|p2a: Zapdos|Zapdos-Galar|100/100
|turn|1
|
|t:|1654288230
|move|p2a: Zapdos|Brave Bird|p1a: Marowak
|-damage|p1a: Marowak|26/100
|-damage|p2a: Zapdos|78/100|[from] Recoil
|move|p1a: Marowak|Flare Blitz|p2a: Zapdos
|-damage|p2a: Zapdos|0 fnt
|faint|p2a: Zapdos
|-damage|p1a: Marowak|0 fnt|[from] Recoil
|faint|p1a: Marowak
|
|upkeep
|
|t:|1654288248
|switch|p2a: Shuckle|Shuckle, F|100/100
|switch|p1a: Ninetales|Ninetales, F, shiny|100/100
|-weather|SunnyDay|[from] ability: Drought|[of] p1a: Ninetales
|turn|2
|
|t:|1654288259
|move|p1a: Ninetales|Overheat|p2a: Shuckle
|-damage|p2a: Shuckle|36/100
|-unboost|p1a: Ninetales|spa|2
|move|p2a: Shuckle|Encore|p1a: Ninetales
|-start|p1a: Ninetales|Encore
|
|-weather|SunnyDay|[upkeep]
|upkeep
|turn|3
|
|t:|1654288270
|switch|p2a: Tapu Lele|Tapu Lele|100/100
|-fieldstart|move: Psychic Terrain|[from] ability: Psychic Surge|[of] p2a: Tapu Lele
|move|p1a: Ninetales|Overheat|p2a: Tapu Lele|[miss]
|-miss|p1a: Ninetales|p2a: Tapu Lele
|
|-weather|SunnyDay|[upkeep]
|upkeep
|turn|4
|
|t:|1654288276
|switch|p1a: Snorlax|Snorlax, F|100/100
|move|p2a: Tapu Lele|Moonblast|p1a: Snorlax
|-damage|p1a: Snorlax|58/100
|-unboost|p1a: Snorlax|spa|1
|-damage|p2a: Tapu Lele|91/100|[from] item: Life Orb
|
|-weather|SunnyDay|[upkeep]
|upkeep
|turn|5
|
|t:|1654288286
|switch|p1a: Shiftry|Shiftry, M|100/100
|move|p2a: Tapu Lele|Psyshock|p1a: Shiftry
|-immune|p1a: Shiftry
|
|-weather|SunnyDay|[upkeep]
|upkeep
|turn|6
|
|t:|1654288294
|switch|p2a: Ferrothorn|Ferrothorn, F|100/100
|move|p1a: Shiftry|Knock Off|p2a: Ferrothorn
|-damage|p2a: Ferrothorn|67/100
|-damage|p1a: Shiftry|88/100|[from] ability: Iron Barbs|[of] p2a: Ferrothorn
|-enditem|p2a: Ferrothorn|Leftovers|[from] move: Knock Off|[of] p1a: Shiftry
|-damage|p1a: Shiftry|78/100|[from] item: Life Orb
|
|-weather|none
|upkeep
|turn|7
|
|t:|1654288301
|move|p1a: Shiftry|Heat Wave|p2a: Ferrothorn
|-supereffective|p2a: Ferrothorn
|-damage|p2a: Ferrothorn|0 fnt
|faint|p2a: Ferrothorn
|-damage|p1a: Shiftry|68/100|[from] item: Life Orb
|
|-fieldend|move: Psychic Terrain
|upkeep
|
|t:|1654288304
|switch|p2a: Kartana|Kartana|100/100
|turn|8
|
|t:|1654288315
|switch|p1a: Rotom|Rotom-Wash|100/100
|move|p2a: Kartana|Sacred Sword|p1a: Rotom
|-damage|p1a: Rotom|57/100
|-damage|p2a: Kartana|91/100|[from] item: Life Orb
|
|-heal|p1a: Rotom|63/100|[from] item: Leftovers
|upkeep
|turn|9
|
|t:|1654288332
|move|p2a: Kartana|Leaf Blade|p1a: Rotom
|-supereffective|p1a: Rotom
|-damage|p1a: Rotom|0 fnt
|faint|p1a: Rotom
|-ability|p2a: Kartana|Beast Boost|boost
|-boost|p2a: Kartana|atk|1
|-damage|p2a: Kartana|81/100|[from] item: Life Orb
|
|upkeep
|
|t:|1654288336
|switch|p1a: Aggron|Aggron, M|100/100
|turn|10
|
|t:|1654288346
|switch|p2a: Shuckle|Shuckle, F|36/100
|move|p1a: Aggron|Metal Burst||[still]
|-fail|p1a: Aggron
|
|upkeep
|turn|11
|
|t:|1654288353
|move|p1a: Aggron|Head Smash|p2a: Shuckle
|-supereffective|p2a: Shuckle
|-damage|p2a: Shuckle|0 fnt
|faint|p2a: Shuckle
|-damage|p1a: Aggron|85/100|[from] Recoil
|
|upkeep
|
|t:|1654288357
|switch|p2a: Nidoking|Nidoking, M|100/100
|turn|12
|
|t:|1654288379
|switch|p1a: Ninetales|Ninetales, F, shiny|100/100
|-weather|SunnyDay|[from] ability: Drought|[of] p1a: Ninetales
|move|p2a: Nidoking|Earth Power|p1a: Ninetales
|-supereffective|p1a: Ninetales
|-damage|p1a: Ninetales|0 fnt
|faint|p1a: Ninetales
|
|-weather|SunnyDay|[upkeep]
|upkeep
|
|t:|1654288382
|switch|p1a: Snorlax|Snorlax, F|58/100
|turn|13
|
|t:|1654288389
|switch|p2a: Kartana|Kartana|81/100
|move|p1a: Snorlax|Heat Crash|p2a: Kartana
|-supereffective|p2a: Kartana
|-damage|p2a: Kartana|0 fnt
|faint|p2a: Kartana
|
|-weather|SunnyDay|[upkeep]
|upkeep
|
|t:|1654288392
|switch|p2a: Tapu Lele|Tapu Lele|91/100
|-fieldstart|move: Psychic Terrain|[from] ability: Psychic Surge|[of] p2a: Tapu Lele
|turn|14
|
|t:|1654288396
|move|p2a: Tapu Lele|Focus Blast|p1a: Snorlax
|-supereffective|p1a: Snorlax
|-damage|p1a: Snorlax|0 fnt
|faint|p1a: Snorlax
|-damage|p2a: Tapu Lele|81/100|[from] item: Life Orb
|
|-weather|SunnyDay|[upkeep]
|upkeep
|
|t:|1654288399
|switch|p1a: Shiftry|Shiftry, M|68/100
|turn|15
|
|t:|1654288402
|move|p1a: Shiftry|Knock Off|p2a: Tapu Lele
|-damage|p2a: Tapu Lele|0 fnt
|-enditem|p2a: Tapu Lele|Life Orb|[from] move: Knock Off|[of] p1a: Shiftry
|faint|p2a: Tapu Lele
|-damage|p1a: Shiftry|58/100|[from] item: Life Orb
|
|-weather|SunnyDay|[upkeep]
|upkeep
|
|t:|1654288406
|switch|p2a: Nidoking|Nidoking, M|100/100
|turn|16
|
|t:|1654288410
|move|p1a: Shiftry|Explosion|p2a: Nidoking
|-damage|p2a: Nidoking|0 fnt
|faint|p1a: Shiftry
|faint|p2a: Nidoking
|
|win|ninjadouche
|raw|ninjadouche's rating: 1535 &rarr; <strong>1555</strong><br />(+20 for winning)
|raw|Draco09876's rating: 1537 &rarr; <strong>1517</strong><br />(-20 for losing)
|c|☆Draco09876|wow
|c|☆ninjadouche|gg
|l|☆Draco09876
||Ladder isn't responding, score probably updated but might not have (Request timeout).
