|j|☆Sp0oNl0rD
|j|☆SGthebest
|t:|1642866855
|gametype|singles
|player|p1|Sp0oNl0rD|blackbelt|1685
|player|p2|SGthebest|265|1644
|teamsize|p1|6
|teamsize|p2|6
|gen|8
|tier|[Gen 8] OU
|rated|
|rule|Sleep Clause Mod: Limit one foe put to sleep
|rule|Species Clause: Limit one of each Pokémon
|rule|OHKO Clause: OHKO moves are banned
|rule|Evasion Moves Clause: Evasion moves are banned
|rule|Endless Battle Clause: Forcing endless battles is banned
|rule|HP Percentage Mod: HP is shown in percentages
|rule|Dynamax Clause: You cannot dynamax
|clearpoke
|poke|p1|Grimmsnarl, M|
|poke|p1|Glastrier|
|poke|p1|Tapu Fini|
|poke|p1|Scizor, M|
|poke|p1|Garchomp, F|
|poke|p1|Necrozma|
|poke|p2|Dragapult, M|
|poke|p2|Dragonite, M|
|poke|p2|Magnezone|
|poke|p2|Weavile, F|
|poke|p2|Corviknight, M|
|poke|p2|Tapu Lele|
|teampreview
|inactive|Battle timer is ON: inactive players will automatically lose when time's up. (requested by Sp0oNl0rD)
|inactive|SGthebest also wants the timer to be on.
|
|t:|1642866861
|start
|switch|p1a: Grimmsnarl|Grimmsnarl, M|100/100
|switch|p2a: Tapu Lele|Tapu Lele|100/100
|-fieldstart|move: Psychic Terrain|[from] ability: Psychic Surge|[of] p2a: Tapu Lele
|turn|1
|
|t:|1642866865
|move|p1a: Grimmsnarl|Light Screen|p1a: Grimmsnarl
|-sidestart|p1: Sp0oNl0rD|move: Light Screen
|move|p2a: Tapu Lele|Moonblast|p1a: Grimmsnarl
|-supereffective|p1a: Grimmsnarl
|-damage|p1a: Grimmsnarl|8/100
|
|upkeep
|turn|2
|
|t:|1642866868
|switch|p1a: Scizor|Scizor, M|100/100
|move|p2a: Tapu Lele|Moonblast|p1a: Scizor
|-resisted|p1a: Scizor
|-damage|p1a: Scizor|75/100
|-unboost|p1a: Scizor|spa|1
|
|upkeep
|turn|3
|
|t:|1642866873
|switch|p2a: Corviknight|Corviknight, M|100/100
|-ability|p2a: Corviknight|Pressure
|move|p1a: Scizor|Swords Dance|p1a: Scizor
|-boost|p1a: Scizor|atk|2
|
|upkeep
|turn|4
|
|t:|1642866875
|move|p1a: Scizor|Swords Dance|p1a: Scizor
|-boost|p1a: Scizor|atk|2
|move|p2a: Corviknight|Defog|p1a: Scizor
|-unboost|p1a: Scizor|evasion|1
|-sideend|p1: Sp0oNl0rD|move: Light Screen
|-fieldend|move: Psychic Terrain
|
|upkeep
|turn|5
|
|t:|1642866878
|move|p1a: Scizor|Knock Off|p2a: Corviknight
|-damage|p2a: Corviknight|4/100
|-damage|p1a: Scizor|59/100|[from] item: Rocky Helmet|[of] p2a: Corviknight
|-enditem|p2a: Corviknight|Rocky Helmet|[from] move: Knock Off|[of] p1a: Scizor
|-damage|p1a: Scizor|49/100|[from] item: Life Orb
|move|p2a: Corviknight|Brave Bird|p1a: Scizor
|-damage|p1a: Scizor|7/100
|-damage|p2a: Corviknight|0 fnt|[from] Recoil
|faint|p2a: Corviknight
|
|upkeep
|
|t:|1642866886
|switch|p2a: Tapu Lele|Tapu Lele|100/100
|-fieldstart|move: Psychic Terrain|[from] ability: Psychic Surge|[of] p2a: Tapu Lele
|turn|6
|
|t:|1642866891
|move|p2a: Tapu Lele|Moonblast|p1a: Scizor
|-resisted|p1a: Scizor
|-damage|p1a: Scizor|0 fnt
|faint|p1a: Scizor
|
|upkeep
|
|t:|1642866898
|switch|p1a: Grimmsnarl|Grimmsnarl, M|8/100
|turn|7
|
|t:|1642866899
|move|p1a: Grimmsnarl|Light Screen|p1a: Grimmsnarl
|-sidestart|p1: Sp0oNl0rD|move: Light Screen
|move|p2a: Tapu Lele|Moonblast|p1a: Grimmsnarl
|-supereffective|p1a: Grimmsnarl
|-damage|p1a: Grimmsnarl|0 fnt
|faint|p1a: Grimmsnarl
|
|upkeep
|
|t:|1642866900
|switch|p1a: Glastrier|Glastrier|100/100
|turn|8
|
|t:|1642866904
|switch|p2a: Magnezone|Magnezone|100/100
|move|p1a: Glastrier|Swords Dance|p1a: Glastrier
|-boost|p1a: Glastrier|atk|2
|
|upkeep
|turn|9
|
|t:|1642866907
|move|p2a: Magnezone|Iron Defense|p2a: Magnezone
|-boost|p2a: Magnezone|def|2
|move|p1a: Glastrier|High Horsepower|p2a: Magnezone
|-supereffective|p2a: Magnezone
|-damage|p2a: Magnezone|0 fnt
|faint|p2a: Magnezone
|-ability|p1a: Glastrier|Chilling Neigh|boost
|-boost|p1a: Glastrier|atk|1
|
|upkeep
|
|t:|1642866917
|switch|p2a: Tapu Lele|Tapu Lele|100/100
|turn|10
|
|t:|1642866921
|move|p2a: Tapu Lele|Psyshock|p1a: Glastrier
|-damage|p1a: Glastrier|73/100
|move|p1a: Glastrier|Icicle Spear|p2a: Tapu Lele
|-damage|p2a: Tapu Lele|38/100
|-damage|p2a: Tapu Lele|0 fnt
|faint|p2a: Tapu Lele
|-ability|p1a: Glastrier|Chilling Neigh|boost
|-boost|p1a: Glastrier|atk|1
|-hitcount|p2: Tapu Lele|2
|
|-fieldend|move: Psychic Terrain
|upkeep
|
|t:|1642866929
|switch|p2a: Dragapult|Dragapult, M|100/100
|turn|11
|
|t:|1642866930
|move|p2a: Dragapult|Dragon Darts|p1a: Glastrier
|-damage|p1a: Glastrier|50/100
|-anim|p2a: Dragapult|Dragon Darts|p1a: Glastrier
|-damage|p1a: Glastrier|21/100
|move|p1a: Glastrier|Icicle Spear|p2a: Dragapult
|-supereffective|p2a: Dragapult
|-damage|p2a: Dragapult|0 fnt
|faint|p2a: Dragapult
|-ability|p1a: Glastrier|Chilling Neigh|boost
|-boost|p1a: Glastrier|atk|1
|-hitcount|p2: Dragapult|1
|
|upkeep
|
|t:|1642866935
|switch|p2a: Dragonite|Dragonite, M|100/100
|turn|12
|-enditem|p1a: Glastrier|Custap Berry|[eat]
|-activate|p1a: Glastrier|item: Custap Berry|[consumed]
|
|t:|1642866938
|move|p1a: Glastrier|Icicle Spear|p2a: Dragonite
|-supereffective|p2a: Dragonite
|-damage|p2a: Dragonite|0 fnt
|faint|p2a: Dragonite
|-ability|p1a: Glastrier|Chilling Neigh|boost
|-boost|p1a: Glastrier|atk|1
|-hitcount|p2: Dragonite|1
|
|upkeep
|-message|SGthebest forfeited.
|
|win|Sp0oNl0rD
|raw|Sp0oNl0rD's rating: 1685 &rarr; <strong>1703</strong><br />(+18 for winning)
|raw|SGthebest's rating: 1644 &rarr; <strong>1626</strong><br />(-18 for losing)
|l|☆SGthebest
|l|☆Sp0oNl0rD
|j| Mimi Strdst Stan69
|j| best to be worst
