|j|☆RaySober
|j|☆gaenisalbino
|t:|1658580125
|gametype|singles
|player|p1|RaySober|2|1629
|player|p2|gaenisalbino|101|1611
|teamsize|p1|6
|teamsize|p2|6
|gen|8
|tier|[Gen 8] OU
|rated|
|rule|Sleep Clause Mod: Limit one foe put to sleep
|rule|Species Clause: Limit one of each Pokémon
|rule|OHKO Clause: OHKO moves are banned
|rule|Evasion Moves Clause: Evasion moves are banned
|rule|Endless Battle Clause: Forcing endless battles is banned
|rule|HP Percentage Mod: HP is shown in percentages
|rule|Dynamax Clause: You cannot dynamax
|clearpoke
|poke|p1|Volcarona, M|
|poke|p1|Kommo-o, M|
|poke|p1|Sigilyph, F|
|poke|p1|Grimmsnarl, M|
|poke|p1|Durant, M|
|poke|p1|Kartana|
|poke|p2|Urshifu-*, F|
|poke|p2|Heatran, F|
|poke|p2|Rotom-Wash|
|poke|p2|Landorus-Therian, M|
|poke|p2|Tapu Lele|
|poke|p2|Weavile, F|
|teampreview
|
|t:|1658580160
|start
|switch|p1a: a single ant|Durant, M|100/100
|switch|p2a: Tapu Lele|Tapu Lele|100/100
|-fieldstart|move: Psychic Terrain|[from] ability: Psychic Surge|[of] p2a: Tapu Lele
|turn|1
|
|t:|1658580166
|switch|p2a: Heatran|Heatran, F|100/100
|move|p1a: a single ant|Iron Head|p2a: Heatran|[miss]
|-miss|p1a: a single ant|p2a: Heatran
|
|upkeep
|turn|2
|j| zhuzi
|l| zhuzi
|
|t:|1658580172
|switch|p2a: Landorus|Landorus-Therian, M|100/100
|-ability|p2a: Landorus|Intimidate|boost
|-unboost|p1a: a single ant|atk|1
|move|p1a: a single ant|Superpower|p2a: Landorus
|-resisted|p2a: Landorus
|-damage|p2a: Landorus|77/100
|-unboost|p1a: a single ant|atk|1
|-unboost|p1a: a single ant|def|1
|-damage|p1a: a single ant|91/100|[from] item: Life Orb
|
|-heal|p2a: Landorus|83/100|[from] item: Leftovers
|upkeep
|turn|3
|
|t:|1658580176
|switch|p1a: Eren Jager|Grimmsnarl, M|100/100
|move|p2a: Landorus|Earthquake|p1a: Eren Jager
|-damage|p1a: Eren Jager|55/100
|
|-heal|p2a: Landorus|89/100|[from] item: Leftovers
|upkeep
|turn|4
|
|t:|1658580178
|move|p1a: Eren Jager|Reflect|p1a: Eren Jager
|-sidestart|p1: RaySober|Reflect
|move|p2a: Landorus|U-turn|p1a: Eren Jager
|-damage|p1a: Eren Jager|44/100
|
|t:|1658580186
|switch|p2a: Weavile|Weavile, F|100/100|[from]move: U-turn
|-ability|p2a: Weavile|Pressure
|
|upkeep
|turn|5
|inactive|Battle timer is ON: inactive players will automatically lose when time's up. (requested by gaenisalbino)
|
|t:|1658580224
|switch|p2a: Landorus|Landorus-Therian, M|89/100
|-ability|p2a: Landorus|Intimidate|boost
|-unboost|p1a: Eren Jager|atk|1
|switch|p1a: A4|Kartana|100/100
|
|-heal|p2a: Landorus|95/100|[from] item: Leftovers
|-fieldend|move: Psychic Terrain
|upkeep
|turn|6
|j| Masaki Suda
|inactive|gaenisalbino has 120 seconds left.
|
|t:|1658580258
|move|p1a: A4|Knock Off|p2a: Landorus
|-damage|p2a: Landorus|52/100
|-enditem|p2a: Landorus|Leftovers|[from] move: Knock Off|[of] p1a: A4
|move|p2a: Landorus|U-turn|p1a: A4
|-damage|p1a: A4|88/100
|inactive|gaenisalbino has 120 seconds left.
|
|t:|1658580263
|switch|p2a: Tapu Lele|Tapu Lele|100/100|[from]move: U-turn
|-fieldstart|move: Psychic Terrain|[from] ability: Psychic Surge|[of] p2a: Tapu Lele
|
|upkeep
|turn|7
|inactive|gaenisalbino has 120 seconds left.
|
|t:|1658580284
|switch|p1a: Eren Jager|Grimmsnarl, M|44/100
|move|p2a: Tapu Lele|Focus Blast|p1a: Eren Jager|[miss]
|-miss|p2a: Tapu Lele|p1a: Eren Jager
|
|upkeep
|turn|8
|j| UDM
|
|t:|1658580300
|switch|p2a: Heatran|Heatran, F|100/100
|move|p1a: Eren Jager|Light Screen|p1a: Eren Jager
|-sidestart|p1: RaySober|move: Light Screen
|
|upkeep
|turn|9
|
|t:|1658580327
|switch|p1a: Kommo-o|Kommo-o, M|100/100
|move|p2a: Heatran|Stealth Rock|p1a: Kommo-o
|-sidestart|p1: RaySober|move: Stealth Rock
|
|upkeep
|turn|10
|inactive|gaenisalbino has 120 seconds left.
|inactive|gaenisalbino has 90 seconds left.
|
|t:|1658580365
|switch|p2a: Tapu Lele|Tapu Lele|100/100
|move|p1a: Kommo-o|Clangorous Soul|p1a: Kommo-o
|-boost|p1a: Kommo-o|atk|1
|-boost|p1a: Kommo-o|def|1
|-boost|p1a: Kommo-o|spa|1
|-boost|p1a: Kommo-o|spd|1
|-boost|p1a: Kommo-o|spe|1
|-damage|p1a: Kommo-o|68/100
|
|-fieldend|move: Psychic Terrain
|upkeep
|turn|11
|
|t:|1658580379
|move|p2a: Tapu Lele|Moonblast|p1a: Kommo-o
|-supereffective|p1a: Kommo-o
|-damage|p1a: Kommo-o|2/100
|move|p1a: Kommo-o|Earthquake|p2a: Tapu Lele
|-damage|p2a: Tapu Lele|15/100
|
|-sideend|p1: RaySober|Reflect
|upkeep
|turn|12
|
|t:|1658580393
|switch|p1a: Eren Jager|Grimmsnarl, M|44/100
|-damage|p1a: Eren Jager|31/100|[from] Stealth Rock
|move|p2a: Tapu Lele|Moonblast|p1a: Eren Jager
|-supereffective|p1a: Eren Jager
|-damage|p1a: Eren Jager|0 fnt
|faint|p1a: Eren Jager
|
|upkeep
|
|t:|1658580400
|switch|p1a: A4|Kartana|88/100
|-damage|p1a: A4|82/100|[from] Stealth Rock
|turn|13
|inactive|gaenisalbino has 90 seconds left.
|
|t:|1658580445
|switch|p2a: Landorus|Landorus-Therian, M|52/100
|-ability|p2a: Landorus|Intimidate|boost
|-unboost|p1a: A4|atk|1
|move|p1a: A4|Knock Off|p2a: Landorus
|-damage|p2a: Landorus|29/100
|
|upkeep
|turn|14
|
|t:|1658580459
|move|p1a: A4|Knock Off|p2a: Landorus
|-damage|p2a: Landorus|9/100
|move|p2a: Landorus|Earthquake|p1a: A4
|-damage|p1a: A4|31/100
|
|upkeep
|turn|15
|inactive|gaenisalbino has 90 seconds left.
|j| scorpiongod
|inactive|gaenisalbino has 60 seconds left.
|
|t:|1658580501
|move|p1a: A4|Knock Off|p2a: Landorus
|-damage|p2a: Landorus|0 fnt
|faint|p2a: Landorus
|-ability|p1a: A4|Beast Boost|boost
|-boost|p1a: A4|atk|1
|
|-sideend|p1: RaySober|move: Light Screen
|upkeep
|inactive|gaenisalbino has 60 seconds left.
|
|t:|1658580512
|switch|p2a: Weavile|Weavile, F|100/100
|-ability|p2a: Weavile|Pressure
|turn|16
|inactive|gaenisalbino has 60 seconds left.
|
|t:|1658580523
|switch|p1a: Kommo-o|Kommo-o, M|2/100
|-damage|p1a: Kommo-o|0 fnt|[from] Stealth Rock
|faint|p1a: Kommo-o
|move|p2a: Weavile|Knock Off|p1: Kommo-o|[notarget]
|-fail|p2a: Weavile
|
|upkeep
|
|t:|1658580528
|switch|p1a: A4|Kartana|31/100
|-damage|p1a: A4|25/100|[from] Stealth Rock
|turn|17
|j| Tokyo EZ
|inactive|gaenisalbino has 60 seconds left.
|
|t:|1658580549
|switch|p2a: Heatran|Heatran, F|100/100
|move|p1a: A4|Sacred Sword|p2a: Heatran
|-supereffective|p2a: Heatran
|-damage|p2a: Heatran|11/100
|
|-heal|p2a: Heatran|17/100|[from] item: Leftovers
|upkeep
|turn|18
|
|t:|1658580552
|switch|p2a: Urshifu|Urshifu-Rapid-Strike, F|100/100
|move|p1a: A4|Sacred Sword|p2a: Urshifu
|-damage|p2a: Urshifu|53/100
|
|upkeep
|turn|19
|
|t:|1658580558
|move|p1a: A4|Sacred Sword|p2a: Urshifu
|-damage|p2a: Urshifu|11/100
|move|p2a: Urshifu|Surging Strikes|p1a: A4
|-resisted|p1a: A4
|-crit|p1a: A4
|-damage|p1a: A4|15/100
|-resisted|p1a: A4
|-crit|p1a: A4
|-damage|p1a: A4|4/100
|-resisted|p1a: A4
|-crit|p1a: A4
|-damage|p1a: A4|0 fnt
|faint|p1a: A4
|-hitcount|p1: A4|3
|
|upkeep
|
|t:|1658580564
|switch|p1a: a single ant|Durant, M|91/100
|-damage|p1a: a single ant|78/100|[from] Stealth Rock
|turn|20
|
|t:|1658580584
|move|p1a: a single ant|First Impression|p2a: Urshifu
|-resisted|p2a: Urshifu
|-crit|p2a: Urshifu
|-damage|p2a: Urshifu|0 fnt
|faint|p2a: Urshifu
|-damage|p1a: a single ant|69/100|[from] item: Life Orb
|
|upkeep
|
|t:|1658580587
|switch|p2a: Weavile|Weavile, F|100/100
|-ability|p2a: Weavile|Pressure
|turn|21
|
|t:|1658580594
|move|p2a: Weavile|Knock Off|p1a: a single ant
|-damage|p1a: a single ant|0 fnt
|-enditem|p1a: a single ant|Life Orb|[from] move: Knock Off|[of] p2a: Weavile
|faint|p1a: a single ant
|
|upkeep
|
|t:|1658580598
|switch|p1a: Pyroxyde|Volcarona, M|100/100
|turn|22
|
|t:|1658580605
|move|p2a: Weavile|Knock Off|p1a: Pyroxyde
|-damage|p1a: Pyroxyde|0 fnt
|-status|p2a: Weavile|brn|[from] ability: Flame Body|[of] p1a: Pyroxyde
|-enditem|p1a: Pyroxyde|Heavy-Duty Boots|[from] move: Knock Off|[of] p2a: Weavile
|faint|p1a: Pyroxyde
|
|-damage|p2a: Weavile|94/100 brn|[from] brn
|upkeep
|
|t:|1658580608
|switch|p1a: a d i o s|Sigilyph, F, shiny|100/100
|turn|23
|
|t:|1658580612
|move|p2a: Weavile|Knock Off|p1a: a d i o s
|-supereffective|p1a: a d i o s
|-damage|p1a: a d i o s|20/100
|-enditem|p1a: a d i o s|Weakness Policy
|-boost|p1a: a d i o s|atk|2|[from] item: Weakness Policy
|-boost|p1a: a d i o s|spa|2|[from] item: Weakness Policy
|move|p1a: a d i o s|Cosmic Power|p1a: a d i o s
|-boost|p1a: a d i o s|def|1
|-boost|p1a: a d i o s|spd|1
|
|-damage|p2a: Weavile|88/100 brn|[from] brn
|upkeep
|turn|24
|inactive|gaenisalbino has 120 seconds left.
|
|t:|1658580627
|switch|p2a: Heatran|Heatran, F|17/100
|move|p1a: a d i o s|Roost|p1a: a d i o s
|-heal|p1a: a d i o s|70/100
|-singleturn|p1a: a d i o s|move: Roost
|
|-heal|p2a: Heatran|23/100|[from] item: Leftovers
|upkeep
|turn|25
|c|☆RaySober|Why ?????
|
|t:|1658580640
|move|p2a: Heatran|Magma Storm|p1a: a d i o s
|-crit|p1a: a d i o s
|-damage|p1a: a d i o s|5/100
|-activate|p1a: a d i o s|move: Magma Storm|[of] p2a: Heatran
|move|p1a: a d i o s|Cosmic Power|p1a: a d i o s
|-boost|p1a: a d i o s|def|1
|-boost|p1a: a d i o s|spd|1
|
|-heal|p2a: Heatran|29/100|[from] item: Leftovers
|upkeep
|turn|26
|c|☆RaySober|Ah crit anyway
|inactive|gaenisalbino has 120 seconds left.
|c|☆gaenisalbino|Oof i accidentally saw speed
|c|☆gaenisalbino|Sorry
|
|t:|1658580666
|move|p2a: Heatran|Earth Power|p1a: a d i o s
|-immune|p1a: a d i o s
|move|p1a: a d i o s|Roost|p1a: a d i o s
|-heal|p1a: a d i o s|55/100
|-singleturn|p1a: a d i o s|move: Roost
|
|-heal|p2a: Heatran|35/100|[from] item: Leftovers
|upkeep
|turn|27
|c|☆gaenisalbino|That's faster shit
|c|☆RaySober|What are you doing you could won 3 times
|c|☆RaySober|:,(
|inactive|RaySober has 120 seconds left.
|c|☆gaenisalbino|Lmao yep
|
|t:|1658580701
|move|p2a: Heatran|Taunt|p1a: a d i o s
|-start|p1a: a d i o s|move: Taunt
|cant|p1a: a d i o s|move: Taunt|Cosmic Power
|
|-heal|p2a: Heatran|42/100|[from] item: Leftovers
|upkeep
|turn|28
|c|☆gaenisalbino|Hella choked
|
|t:|1658580707
|move|p2a: Heatran|Magma Storm|p1a: a d i o s|[miss]
|-miss|p2a: Heatran|p1a: a d i o s
|move|p1a: a d i o s|Stored Power|p2a: Heatran
|-resisted|p2a: Heatran
|-damage|p2a: Heatran|0 fnt
|faint|p2a: Heatran
|
|-end|p1a: a d i o s|Magma Storm|[partiallytrapped]|[silent]
|upkeep
|c|☆RaySober|Haha
|
|t:|1658580716
|switch|p2a: Weavile|Weavile, F|88/100 brn
|-ability|p2a: Weavile|Pressure
|turn|29
|
|t:|1658580719
|move|p2a: Weavile|Triple Axel|p1a: a d i o s
|-supereffective|p1a: a d i o s
|-damage|p1a: a d i o s|46/100
|-supereffective|p1a: a d i o s
|-damage|p1a: a d i o s|29/100
|-supereffective|p1a: a d i o s
|-damage|p1a: a d i o s|3/100
|-hitcount|p1a: a d i o s|3
|move|p1a: a d i o s|Stored Power|p2a: Weavile
|-immune|p2a: Weavile
|
|-damage|p2a: Weavile|82/100 brn|[from] brn
|-end|p1a: a d i o s|move: Taunt
|upkeep
|turn|30
|
|t:|1658580723
|move|p2a: Weavile|Triple Axel|p1a: a d i o s|[miss]
|-miss|p2a: Weavile|p1a: a d i o s
|move|p1a: a d i o s|Roost|p1a: a d i o s
|-heal|p1a: a d i o s|53/100
|-singleturn|p1a: a d i o s|move: Roost
|
|-damage|p2a: Weavile|76/100 brn|[from] brn
|upkeep
|turn|31
|c|☆RaySober|Gjdkdkdkkd
|c|☆RaySober|kill me already xD
|
|t:|1658580743
|move|p2a: Weavile|Triple Axel|p1a: a d i o s
|-supereffective|p1a: a d i o s
|-damage|p1a: a d i o s|44/100
|-supereffective|p1a: a d i o s
|-damage|p1a: a d i o s|28/100
|-supereffective|p1a: a d i o s
|-damage|p1a: a d i o s|0 fnt
|faint|p1a: a d i o s
|-hitcount|p1: a d i o s|3
|
|win|gaenisalbino
|raw|RaySober's rating: 1629 &rarr; <strong>1608</strong><br />(-21 for losing)
|raw|gaenisalbino's rating: 1611 &rarr; <strong>1632</strong><br />(+21 for winning)
|c|☆RaySober|Haha finaly
|c|☆RaySober|gg
|c|☆gaenisalbino|gg
|c|☆gaenisalbino|The number of chokes lmao
|l| Tokyo EZ
|c|☆RaySober|Yeah
|l|☆RaySober
|l| UDM
|l| scorpiongod
|l|☆gaenisalbino
|l| Masaki Suda
