|raw|<div class="broadcast-blue"><strong>This battle is required to be public due to a player having a name starting with 'lt82zw'.</div>
|j|☆LT82ZW Vaw
|j|☆ChiefGreenLeaf3
|t:|1626285419
|gametype|singles
|player|p1|LT82ZW Vaw|falkner|1753
|player|p2|ChiefGreenLeaf3|giovanni-gen1|1714
|teamsize|p1|6
|teamsize|p2|6
|gen|8
|tier|[Gen 8] OU
|rated|
|rule|Sleep Clause Mod: Limit one foe put to sleep
|rule|Species Clause: Limit one of each Pokémon
|rule|OHKO Clause: OHKO moves are banned
|rule|Evasion Moves Clause: Evasion moves are banned
|rule|Endless Battle Clause: Forcing endless battles is banned
|rule|HP Percentage Mod: HP is shown in percentages
|rule|Dynamax Clause: You cannot dynamax
|clearpoke
|poke|p1|Bisharp, F|
|poke|p1|Cloyster, F|
|poke|p1|Garchomp, M|
|poke|p1|Hawlucha, F|
|poke|p1|Skarmory, F|
|poke|p1|Volcarona, M|
|poke|p2|Toxtricity, M|
|poke|p2|Celesteela|
|poke|p2|Conkeldurr, M|
|poke|p2|Mamoswine, F|
|poke|p2|Victini|
|poke|p2|Azumarill, M|
|teampreview
|inactive|Battle timer is ON: inactive players will automatically lose when time's up. (requested by LT82ZW Vaw)
|
|t:|1626285435
|start
|switch|p1a: Skarmory|Skarmory, F|100/100
|switch|p2a: Toxtricity|Toxtricity, M|100/100
|turn|1
|
|t:|1626285445
|move|p1a: Skarmory|Stealth Rock|p2a: Toxtricity
|-sidestart|p2: ChiefGreenLeaf3|move: Stealth Rock
|move|p2a: Toxtricity|Overdrive|p1a: Skarmory
|-supereffective|p1a: Skarmory
|-ability|p1a: Skarmory|Sturdy
|-damage|p1a: Skarmory|1/100
|-damage|p2a: Toxtricity|91/100|[from] item: Life Orb
|
|upkeep
|turn|2
|-enditem|p1a: Skarmory|Custap Berry|[eat]
|-activate|p1a: Skarmory|item: Custap Berry|[consumed]
|
|t:|1626285450
|move|p1a: Skarmory|Steel Beam|p2a: Toxtricity
|-resisted|p2a: Toxtricity
|-damage|p2a: Toxtricity|56/100
|-damage|p1a: Skarmory|0 fnt|[from] mindblown
|faint|p1a: Skarmory
|move|p2a: Toxtricity|Shift Gear|p2a: Toxtricity
|-boost|p2a: Toxtricity|spe|2
|-boost|p2a: Toxtricity|atk|1
|
|upkeep
|
|t:|1626285463
|switch|p1a: Bisharp|Bisharp, F|100/100
|turn|3
|
|t:|1626285465
|move|p1a: Bisharp|Sucker Punch||[still]
|-fail|p1a: Bisharp
|move|p2a: Toxtricity|Shift Gear|p2a: Toxtricity
|-boost|p2a: Toxtricity|spe|2
|-boost|p2a: Toxtricity|atk|1
|
|upkeep
|turn|4
|
|t:|1626285468
|move|p1a: Bisharp|Sucker Punch|p2a: Toxtricity
|-damage|p2a: Toxtricity|0 fnt
|faint|p2a: Toxtricity
|-damage|p1a: Bisharp|91/100|[from] item: Life Orb
|
|upkeep
|
|t:|1626285473
|switch|p2a: Conkeldurr|Conkeldurr, M|100/100
|-damage|p2a: Conkeldurr|94/100|[from] Stealth Rock
|turn|5
|
|t:|1626285489
|switch|p1a: Volcarona|Volcarona, M|100/100
|switch|p2a: Azumarill|Azumarill, M|100/100
|-damage|p2a: Azumarill|88/100|[from] Stealth Rock
|
|upkeep
|turn|6
|
|t:|1626285499
|move|p1a: Volcarona|Psychic|p2a: Azumarill
|-damage|p2a: Azumarill|57/100
|move|p2a: Azumarill|Belly Drum|p2a: Azumarill
|-damage|p2a: Azumarill|7/100
|-setboost|p2a: Azumarill|atk|6|[from] move: Belly Drum
|-enditem|p2a: Azumarill|Sitrus Berry|[eat]
|-heal|p2a: Azumarill|32/100|[from] item: Sitrus Berry
|
|upkeep
|turn|7
|
|t:|1626285519
|switch|p1a: Garchomp|Garchomp, M|100/100
|move|p2a: Azumarill|Aqua Jet|p1a: Garchomp
|-damage|p1a: Garchomp|0 fnt
|-damage|p2a: Azumarill|20/100|[from] ability: Rough Skin|[of] p1a: Garchomp
|faint|p1a: Garchomp
|
|upkeep
|
|t:|1626285527
|switch|p1a: Bisharp|Bisharp, F|91/100
|turn|8
|
|t:|1626285529
|move|p1a: Bisharp|Sucker Punch|p2a: Azumarill
|-resisted|p2a: Azumarill
|-damage|p2a: Azumarill|0 fnt
|faint|p2a: Azumarill
|-damage|p1a: Bisharp|81/100|[from] item: Life Orb
|
|upkeep
|
|t:|1626285535
|switch|p2a: Conkeldurr|Conkeldurr, M|94/100
|-damage|p2a: Conkeldurr|88/100|[from] Stealth Rock
|turn|9
|
|t:|1626285548
|switch|p1a: Volcarona|Volcarona, M|100/100
|move|p2a: Conkeldurr|Knock Off|p1a: Volcarona
|-damage|p1a: Volcarona|41/100
|-enditem|p1a: Volcarona|Heavy-Duty Boots|[from] move: Knock Off|[of] p2a: Conkeldurr
|
|-status|p2a: Conkeldurr|brn|[from] item: Flame Orb
|upkeep
|turn|10
|j| gt853
|c| gt853|GreenLeag smash this guy !
|
|t:|1626285590
|move|p1a: Volcarona|Psychic|p2a: Conkeldurr
|-supereffective|p2a: Conkeldurr
|-damage|p2a: Conkeldurr|0 fnt
|faint|p2a: Conkeldurr
|
|upkeep
|c| gt853|he's dodging me on the ladder
|c| gt853|too scared to play me
|
|t:|1626285597
|switch|p2a: Victini|Victini|100/100
|turn|11
|
|t:|1626285607
|switch|p1a: Cloyster|Cloyster, F|100/100
|move|p2a: Victini|Trick Room|p2a: Victini
|-fieldstart|move: Trick Room|[of] p2a: Victini
|
|upkeep
|turn|12
|
|t:|1626285617
|move|p2a: Victini|Bolt Strike|p1a: Cloyster
|-supereffective|p1a: Cloyster
|-damage|p1a: Cloyster|32/100
|move|p1a: Cloyster|Rock Blast|p2a: Victini
|-supereffective|p2a: Victini
|-damage|p2a: Victini|88/100
|-supereffective|p2a: Victini
|-damage|p2a: Victini|75/100
|-supereffective|p2a: Victini
|-damage|p2a: Victini|63/100
|-supereffective|p2a: Victini
|-damage|p2a: Victini|52/100
|-supereffective|p2a: Victini
|-damage|p2a: Victini|39/100
|-hitcount|p2a: Victini|5
|
|upkeep
|turn|13
|
|t:|1626285638
|move|p1a: Cloyster|Ice Shard|p2a: Victini
|-resisted|p2a: Victini
|-damage|p2a: Victini|32/100
|move|p2a: Victini|V-create|p1a: Cloyster
|-damage|p1a: Cloyster|0 fnt
|-unboost|p2a: Victini|spe|1
|-unboost|p2a: Victini|def|1
|-unboost|p2a: Victini|spd|1
|faint|p1a: Cloyster
|
|upkeep
|
|t:|1626285645
|switch|p1a: Bisharp|Bisharp, F|81/100
|turn|14
|
|t:|1626285648
|move|p1a: Bisharp|Sucker Punch|p2a: Victini
|-supereffective|p2a: Victini
|-damage|p2a: Victini|0 fnt
|faint|p2a: Victini
|-damage|p1a: Bisharp|71/100|[from] item: Life Orb
|
|upkeep
|c| gt853|he wont sucker dw
|c| gt853|damn
|
|t:|1626285656
|switch|p2a: Celesteela|Celesteela, shiny|100/100
|-damage|p2a: Celesteela|88/100|[from] Stealth Rock
|turn|15
|
|t:|1626285660
|move|p1a: Bisharp|Sucker Punch||[still]
|-fail|p1a: Bisharp
|move|p2a: Celesteela|Autotomize|p2a: Celesteela
|-boost|p2a: Celesteela|spe|2
|-start|p2a: Celesteela|Autotomize
|
|-fieldend|move: Trick Room
|upkeep
|turn|16
|c| gt853|its over
|
|t:|1626285665
|move|p2a: Celesteela|Flamethrower|p1a: Bisharp
|-supereffective|p1a: Bisharp
|-damage|p1a: Bisharp|0 fnt
|faint|p1a: Bisharp
|-ability|p2a: Celesteela|Beast Boost|boost
|-boost|p2a: Celesteela|spa|1
|
|upkeep
|c|☆LT82ZW Vaw|oh
|c| gt853|gg
|
|t:|1626285671
|switch|p1a: Volcarona|Volcarona, M|41/100
|turn|17
|c|☆ChiefGreenLeaf3|Gg
|
|t:|1626285677
|move|p2a: Celesteela|Air Slash|p1a: Volcarona
|-supereffective|p1a: Volcarona
|-damage|p1a: Volcarona|0 fnt
|faint|p1a: Volcarona
|-ability|p2a: Celesteela|Beast Boost|boost
|-boost|p2a: Celesteela|spa|1
|
|upkeep
|-message|LT82ZW Vaw forfeited.
|
|win|ChiefGreenLeaf3
|l|☆LT82ZW Vaw
|raw|LT82ZW Vaw's rating: 1753 &rarr; <strong>1731</strong><br />(-22 for losing)
|raw|ChiefGreenLeaf3's rating: 1714 &rarr; <strong>1736</strong><br />(+22 for winning)
|c| gt853|LT82ZW LAW
|c| gt853|hold that L
|c|☆ChiefGreenLeaf3|Lol
|c| gt853|GJ ChiefGreenLeaf3
|c|☆ChiefGreenLeaf3|im goat
|c|☆ChiefGreenLeaf3|Ty
|c| gt853|ChiefGreenWeaf3
|c| gt853|BIGI W
|c| gt853|smashed
|c| gt853|ggs
|l| gt853
|c|☆ChiefGreenLeaf3|Ayy ty lol
||Ladder isn't responding, score probably updated but might not have (Request timeout).
