|j|☆Ferrothornail草钢甲
|j|☆rocky012
|t:|1664617016
|gametype|singles
|player|p1|Ferrothornail草钢甲|lillie|1782
|player|p2|rocky012|102|1681
|teamsize|p1|6
|teamsize|p2|6
|gen|8
|tier|[Gen 8] OU
|rated|
|rule|Sleep Clause Mod: Limit one foe put to sleep
|rule|Species Clause: Limit one of each Pokémon
|rule|OHKO Clause: OHKO moves are banned
|rule|Evasion Items Clause: Evasion items are banned
|rule|Evasion Moves Clause: Evasion moves are banned
|rule|Endless Battle Clause: Forcing endless battles is banned
|rule|HP Percentage Mod: HP is shown in percentages
|rule|Dynamax Clause: You cannot dynamax
|clearpoke
|poke|p1|Hatterene, F|
|poke|p1|Porygon2|
|poke|p1|Cresselia, F|
|poke|p1|Marowak-Alola, M|
|poke|p1|Crawdaunt, F|
|poke|p1|Melmetal|
|poke|p2|Landorus-Therian, M|
|poke|p2|Kartana|
|poke|p2|Magnezone|
|poke|p2|Tapu Lele|
|poke|p2|Mandibuzz, F|
|poke|p2|Toxapex, F|
|teampreview
|j| NDHB
|
|t:|1664617040
|start
|switch|p1a: Hatterene|Hatterene, F|100/100
|switch|p2a: Landorus|Landorus-Therian, M|100/100
|-ability|p2a: Landorus|Intimidate|boost
|-unboost|p1a: Hatterene|atk|1
|turn|1
|inactive|Battle timer is ON: inactive players will automatically lose when time's up. (requested by rocky012)
|
|t:|1664617045
|move|p2a: Landorus|Earthquake|p1a: Hatterene
|-damage|p1a: Hatterene|48/100
|move|p1a: Hatterene|Trick Room|p1a: Hatterene
|-fieldstart|move: Trick Room|[of] p1a: Hatterene
|
|upkeep
|turn|2
|
|t:|1664617057
|switch|p2a: Toxapex|Toxapex, F|100/100
|move|p1a: Hatterene|Psychic|p2a: Toxapex
|-supereffective|p2a: Toxapex
|-damage|p2a: Toxapex|22/100
|-enditem|p2a: Toxapex|Eject Button
|
|t:|1664617066
|switch|p2a: Landorus|Landorus-Therian, M|100/100
|-ability|p2a: Landorus|Intimidate|boost
|-unboost|p1a: Hatterene|atk|1
|
|upkeep
|turn|3
|
|t:|1664617069
|move|p1a: Hatterene|Psychic|p2a: Landorus
|-damage|p2a: Landorus|59/100
|move|p2a: Landorus|U-turn|p1a: Hatterene
|-damage|p1a: Hatterene|26/100
|
|t:|1664617077
|switch|p2a: Magnezone|Magnezone|100/100|[from]move: U-turn
|
|upkeep
|turn|4
|
|t:|1664617082
|switch|p2a: Toxapex|Toxapex, F|55/100
|move|p1a: Hatterene|Psychic|p2a: Toxapex
|-supereffective|p2a: Toxapex
|-damage|p2a: Toxapex|0 fnt
|faint|p2a: Toxapex
|
|upkeep
|
|t:|1664617092
|switch|p2a: Landorus|Landorus-Therian, M|59/100
|-ability|p2a: Landorus|Intimidate|boost
|-unboost|p1a: Hatterene|atk|1
|turn|5
|
|t:|1664617096
|move|p1a: Hatterene|Psychic|p2a: Landorus
|-damage|p2a: Landorus|18/100
|move|p2a: Landorus|Earthquake|p1a: Hatterene
|-damage|p1a: Hatterene|0 fnt
|faint|p1a: Hatterene
|
|-heal|p2a: Landorus|24/100|[from] item: Leftovers
|-fieldend|move: Trick Room
|upkeep
|
|t:|1664617099
|switch|p1a: Crawdaunt|Crawdaunt, F|100/100
|turn|6
|
|t:|1664617103
|switch|p2a: Mandibuzz|Mandibuzz, F|100/100
|move|p1a: Crawdaunt|Knock Off|p2a: Mandibuzz
|-resisted|p2a: Mandibuzz
|-damage|p2a: Mandibuzz|71/100
|-enditem|p2a: Mandibuzz|Heavy-Duty Boots|[from] move: Knock Off|[of] p1a: Crawdaunt
|-damage|p1a: Crawdaunt|90/100|[from] item: Life Orb
|
|upkeep
|turn|7
|
|t:|1664617106
|move|p2a: Mandibuzz|Roost|p2a: Mandibuzz
|-heal|p2a: Mandibuzz|100/100
|-singleturn|p2a: Mandibuzz|move: Roost
|move|p1a: Crawdaunt|Crabhammer|p2a: Mandibuzz
|-damage|p2a: Mandibuzz|36/100
|-damage|p1a: Crawdaunt|80/100|[from] item: Life Orb
|
|upkeep
|turn|8
|
|t:|1664617114
|switch|p2a: Magnezone|Magnezone|100/100
|move|p1a: Crawdaunt|Knock Off|p2a: Magnezone
|-damage|p2a: Magnezone|21/100
|-enditem|p2a: Magnezone|Leftovers|[from] move: Knock Off|[of] p1a: Crawdaunt
|-damage|p1a: Crawdaunt|70/100|[from] item: Life Orb
|
|upkeep
|turn|9
|
|t:|1664617118
|switch|p1a: Marowak|Marowak-Alola, M|100/100
|move|p2a: Magnezone|Thunderbolt|p1a: Marowak
|-damage|p1a: Marowak|53/100
|
|upkeep
|turn|10
|
|t:|1664617122
|move|p2a: Magnezone|Thunderbolt|p1a: Marowak
|-damage|p1a: Marowak|6/100
|move|p1a: Marowak|Flare Blitz|p2a: Magnezone
|-supereffective|p2a: Magnezone
|-damage|p2a: Magnezone|0 fnt
|faint|p2a: Magnezone
|
|upkeep
|
|t:|1664617126
|switch|p2a: Kartana|Kartana|100/100
|turn|11
|
|t:|1664617129
|switch|p1a: Melmetal|Melmetal|100/100
|move|p2a: Kartana|Knock Off|p1a: Melmetal
|-damage|p1a: Melmetal|66/100
|-enditem|p1a: Melmetal|Choice Band|[from] move: Knock Off|[of] p2a: Kartana
|
|upkeep
|turn|12
|
|t:|1664617136
|switch|p2a: Landorus|Landorus-Therian, M|24/100
|-ability|p2a: Landorus|Intimidate|boost
|-unboost|p1a: Melmetal|atk|1
|switch|p1a: Cresselia|Cresselia, F|100/100
|
|-heal|p2a: Landorus|30/100|[from] item: Leftovers
|upkeep
|turn|13
|
|t:|1664617140
|move|p2a: Landorus|Stealth Rock|p1a: Cresselia
|-sidestart|p1: Ferrothornail草钢甲|move: Stealth Rock
|move|p1a: Cresselia|Trick Room|p1a: Cresselia
|-fieldstart|move: Trick Room|[of] p1a: Cresselia
|
|-heal|p2a: Landorus|36/100|[from] item: Leftovers
|upkeep
|turn|14
|
|t:|1664617152
|move|p2a: Landorus|U-turn|p1a: Cresselia
|-supereffective|p1a: Cresselia
|-damage|p1a: Cresselia|80/100
|
|t:|1664617165
|switch|p2a: Mandibuzz|Mandibuzz, F|36/100|[from]move: U-turn
|move|p1a: Cresselia|Lunar Dance|p1a: Cresselia
|faint|p1a: Cresselia
|
|upkeep
|
|t:|1664617168
|switch|p1a: Marowak|Marowak-Alola, M|6/100
|-heal|p1a: Marowak|100/100|[from] move: Lunar Dance
|-damage|p1a: Marowak|76/100|[from] Stealth Rock
|turn|15
|
|t:|1664617171
|switch|p2a: Landorus|Landorus-Therian, M|36/100
|-ability|p2a: Landorus|Intimidate|boost
|-unboost|p1a: Marowak|atk|1
|move|p1a: Marowak|Flare Blitz|p2a: Landorus
|-damage|p2a: Landorus|0 fnt
|faint|p2a: Landorus
|
|upkeep
|
|t:|1664617173
|switch|p2a: Mandibuzz|Mandibuzz, F|36/100
|turn|16
|
|t:|1664617176
|move|p1a: Marowak|Flare Blitz|p2a: Mandibuzz
|-damage|p2a: Mandibuzz|0 fnt
|faint|p2a: Mandibuzz
|
|upkeep
|
|t:|1664617179
|switch|p2a: Tapu Lele|Tapu Lele|100/100
|-fieldstart|move: Psychic Terrain|[from] ability: Psychic Surge|[of] p2a: Tapu Lele
|turn|17
|
|t:|1664617181
|move|p1a: Marowak|Flare Blitz|p2a: Tapu Lele
|-damage|p2a: Tapu Lele|0 fnt
|faint|p2a: Tapu Lele
|
|-fieldend|move: Trick Room
|upkeep
|
|t:|1664617183
|switch|p2a: Kartana|Kartana|100/100
|turn|18
|
|t:|1664617196
|move|p2a: Kartana|Leaf Blade|p1a: Marowak
|-resisted|p1a: Marowak
|-damage|p1a: Marowak|30/100
|move|p1a: Marowak|Flare Blitz|p2a: Kartana
|-supereffective|p2a: Kartana
|-damage|p2a: Kartana|0 fnt
|faint|p2a: Kartana
|
|win|Ferrothornail草钢甲
|raw|Ferrothornail草钢甲's rating: 1782 &rarr; <strong>1796</strong><br />(+14 for winning)
|raw|rocky012's rating: 1681 &rarr; <strong>1667</strong><br />(-14 for losing)
|l|☆rocky012
|l|☆Ferrothornail草钢甲
