|j|☆i know im horrible
|j|☆mkyn
|t:|1636889153
|gametype|singles
|player|p1|i know im horrible|1|1648
|player|p2|mkyn|morty|1707
|teamsize|p1|6
|teamsize|p2|6
|gen|8
|tier|[Gen 8] OU
|rated|
|rule|Sleep Clause Mod: Limit one foe put to sleep
|rule|Species Clause: Limit one of each Pokémon
|rule|OHKO Clause: OHKO moves are banned
|rule|Evasion Moves Clause: Evasion moves are banned
|rule|Endless Battle Clause: Forcing endless battles is banned
|rule|HP Percentage Mod: HP is shown in percentages
|rule|Dynamax Clause: You cannot dynamax
|clearpoke
|poke|p1|Torkoal, M|
|poke|p1|Charizard, F|
|poke|p1|Landorus-Therian, M|
|poke|p1|Venusaur, F|
|poke|p1|Heatran, M|
|poke|p1|Slowbro, M|
|poke|p2|Landorus-Therian, M|
|poke|p2|Blissey, F|
|poke|p2|Slowbro, M|
|poke|p2|Primarina, F|
|poke|p2|Melmetal|
|poke|p2|Stakataka|
|teampreview
|
|t:|1636889160
|start
|switch|p1a: Torkoal|Torkoal, M|100/100
|switch|p2a: Landorus|Landorus-Therian, M|100/100
|-ability|p2a: Landorus|Intimidate|boost
|-unboost|p1a: Torkoal|atk|1
|-weather|SunnyDay|[from] ability: Drought|[of] p1a: Torkoal
|turn|1
|
|t:|1636889163
|switch|p1a: Charizard|Charizard, F|100/100
|move|p2a: Landorus|Earthquake|p1a: Charizard
|-immune|p1a: Charizard
|
|-weather|SunnyDay|[upkeep]
|-damage|p1a: Charizard|88/100|[from] ability: Solar Power|[of] p1a: Charizard
|upkeep
|turn|2
|
|t:|1636889171
|switch|p2a: Slowbro|Slowbro, M|100/100
|move|p1a: Charizard|Fire Blast|p2a: Slowbro|[miss]
|-miss|p1a: Charizard|p2a: Slowbro
|
|-weather|SunnyDay|[upkeep]
|-damage|p1a: Charizard|76/100|[from] ability: Solar Power|[of] p1a: Charizard
|upkeep
|turn|3
|
|t:|1636889175
|move|p1a: Charizard|Fire Blast|p2a: Slowbro|[miss]
|-miss|p1a: Charizard|p2a: Slowbro
|move|p2a: Slowbro|Teleport|p2a: Slowbro
|
|t:|1636889180
|switch|p2a: Blissey|Blissey, F|100/100|[from]move: Teleport
|
|-weather|SunnyDay|[upkeep]
|-damage|p1a: Charizard|63/100|[from] ability: Solar Power|[of] p1a: Charizard
|upkeep
|turn|4
|
|t:|1636889183
|move|p1a: Charizard|Fire Blast|p2a: Blissey
|-damage|p2a: Blissey|41/100
|move|p2a: Blissey|Soft-Boiled|p2a: Blissey
|-heal|p2a: Blissey|91/100
|
|-weather|SunnyDay|[upkeep]
|-damage|p1a: Charizard|51/100|[from] ability: Solar Power|[of] p1a: Charizard
|upkeep
|turn|5
|
|t:|1636889188
|switch|p1a: Torkoal|Torkoal, M|100/100
|move|p2a: Blissey|Soft-Boiled|p2a: Blissey
|-heal|p2a: Blissey|100/100
|
|-weather|SunnyDay|[upkeep]
|upkeep
|turn|6
|
|t:|1636889192
|switch|p2a: Landorus|Landorus-Therian, M|100/100
|-ability|p2a: Landorus|Intimidate|boost
|-unboost|p1a: Torkoal|atk|1
|move|p1a: Torkoal|Body Press|p2a: Landorus
|-resisted|p2a: Landorus
|-damage|p2a: Landorus|90/100
|-damage|p1a: Torkoal|84/100|[from] item: Rocky Helmet|[of] p2a: Landorus
|
|-weather|SunnyDay|[upkeep]
|upkeep
|turn|7
|
|t:|1636889196
|move|p2a: Landorus|Stealth Rock|p1a: Torkoal
|-sidestart|p1: i know im horrible|move: Stealth Rock
|move|p1a: Torkoal|Stealth Rock|p2a: Landorus
|-sidestart|p2: mkyn|move: Stealth Rock
|
|-weather|SunnyDay|[upkeep]
|upkeep
|turn|8
|
|t:|1636889200
|switch|p1a: Landorus|Landorus-Therian, M|100/100
|-damage|p1a: Landorus|88/100|[from] Stealth Rock
|-ability|p1a: Landorus|Intimidate|boost
|-unboost|p2a: Landorus|atk|1
|move|p2a: Landorus|Earthquake|p1a: Landorus
|-immune|p1a: Landorus
|
|-weather|none
|-heal|p1a: Landorus|94/100|[from] item: Leftovers
|upkeep
|turn|9
|
|t:|1636889204
|move|p2a: Landorus|Toxic|p1a: Landorus
|-status|p1a: Landorus|tox
|move|p1a: Landorus|Defog|p2a: Landorus
|-unboost|p2a: Landorus|evasion|1
|-sideend|p2: mkyn|Stealth Rock|[from] move: Defog|[of] p1a: Landorus
|-sideend|p1: i know im horrible|Stealth Rock|[from] move: Defog|[of] p1a: Landorus
|
|-heal|p1a: Landorus|99/100 tox|[from] item: Leftovers
|-damage|p1a: Landorus|94/100 tox|[from] psn
|upkeep
|turn|10
|
|t:|1636889206
|switch|p1a: Torkoal|Torkoal, M|84/100
|-weather|SunnyDay|[from] ability: Drought|[of] p1a: Torkoal
|move|p2a: Landorus|Stealth Rock|p1a: Torkoal
|-sidestart|p1: i know im horrible|move: Stealth Rock
|
|-weather|SunnyDay|[upkeep]
|upkeep
|turn|11
|
|t:|1636889209
|switch|p1a: Landorus|Landorus-Therian, M|94/100 tox
|-damage|p1a: Landorus|82/100 tox|[from] Stealth Rock
|-ability|p1a: Landorus|Intimidate|boost
|-unboost|p2a: Landorus|atk|1
|move|p2a: Landorus|Earthquake|p1a: Landorus
|-immune|p1a: Landorus
|
|-weather|SunnyDay|[upkeep]
|-heal|p1a: Landorus|88/100 tox|[from] item: Leftovers
|-damage|p1a: Landorus|82/100 tox|[from] psn
|upkeep
|turn|12
|
|t:|1636889212
|move|p2a: Landorus|Stealth Rock||[still]
|-fail|p2a: Landorus
|move|p1a: Landorus|Defog|p2a: Landorus
|-unboost|p2a: Landorus|evasion|1
|-sideend|p1: i know im horrible|Stealth Rock|[from] move: Defog|[of] p1a: Landorus
|
|-weather|SunnyDay|[upkeep]
|-heal|p1a: Landorus|88/100 tox|[from] item: Leftovers
|-damage|p1a: Landorus|76/100 tox|[from] psn
|upkeep
|turn|13
|
|t:|1636889215
|switch|p1a: Charizard|Charizard, F|51/100
|move|p2a: Landorus|Stealth Rock|p1a: Charizard
|-sidestart|p1: i know im horrible|move: Stealth Rock
|
|-weather|SunnyDay|[upkeep]
|-damage|p1a: Charizard|38/100|[from] ability: Solar Power|[of] p1a: Charizard
|upkeep
|turn|14
|
|t:|1636889219
|move|p1a: Charizard|Fire Blast|p2a: Landorus
|-damage|p2a: Landorus|0 fnt
|faint|p2a: Landorus
|
|-weather|SunnyDay|[upkeep]
|-damage|p1a: Charizard|26/100|[from] ability: Solar Power|[of] p1a: Charizard
|upkeep
|
|t:|1636889222
|switch|p2a: Blissey|Blissey, F|100/100
|turn|15
|
|t:|1636889229
|switch|p1a: Landorus|Landorus-Therian, M|76/100 tox
|-damage|p1a: Landorus|64/100 tox|[from] Stealth Rock
|-ability|p1a: Landorus|Intimidate|boost
|-unboost|p2a: Blissey|atk|1
|switch|p2a: Primarina|Primarina, F|100/100
|
|-weather|SunnyDay|[upkeep]
|-heal|p1a: Landorus|70/100 tox|[from] item: Leftovers
|-damage|p1a: Landorus|64/100 tox|[from] psn
|upkeep
|turn|16
|
|t:|1636889233
|switch|p1a: Slowbro|Slowbro, M|100/100
|move|p2a: Primarina|Moonblast|p1a: Slowbro
|-damage|p1a: Slowbro|16/100
|
|-weather|SunnyDay|[upkeep]
|upkeep
|turn|17
|
|t:|1636889237
|switch|p1a: Venusaur|Venusaur, F|100/100
|-damage|p1a: Venusaur|88/100|[from] Stealth Rock
|move|p2a: Primarina|Moonblast|p1a: Venusaur
|-resisted|p1a: Venusaur
|-damage|p1a: Venusaur|46/100
|
|-weather|none
|upkeep
|turn|18
|
|t:|1636889243
|move|p1a: Venusaur|Giga Drain|p2a: Primarina
|-supereffective|p2a: Primarina
|-damage|p2a: Primarina|9/100
|-heal|p1a: Venusaur|92/100|[from] drain|[of] p2a: Primarina
|-damage|p1a: Venusaur|82/100|[from] item: Life Orb
|move|p2a: Primarina|Moonblast|p1a: Venusaur
|-resisted|p1a: Venusaur
|-damage|p1a: Venusaur|40/100
|
|upkeep
|turn|19
|
|t:|1636889253
|switch|p1a: Landorus|Landorus-Therian, M|64/100 tox
|-damage|p1a: Landorus|51/100 tox|[from] Stealth Rock
|-ability|p1a: Landorus|Intimidate|boost
|-unboost|p2a: Primarina|atk|1
|switch|p2a: Melmetal|Melmetal|100/100
|
|-heal|p1a: Landorus|57/100 tox|[from] item: Leftovers
|-damage|p1a: Landorus|51/100 tox|[from] psn
|upkeep
|turn|20
|
|t:|1636889256
|move|p1a: Landorus|Defog|p2a: Melmetal
|-unboost|p2a: Melmetal|evasion|1
|-sideend|p1: i know im horrible|Stealth Rock|[from] move: Defog|[of] p1a: Landorus
|move|p2a: Melmetal|Double Iron Bash|p1a: Landorus
|-damage|p1a: Landorus|6/100 tox
|-damage|p1a: Landorus|0 fnt
|faint|p1a: Landorus
|-hitcount|p1: Landorus|2
|
|upkeep
|
|t:|1636889259
|switch|p1a: Torkoal|Torkoal, M|84/100
|-weather|SunnyDay|[from] ability: Drought|[of] p1a: Torkoal
|turn|21
|
|t:|1636889262
|switch|p1a: Slowbro|Slowbro, M|49/100
|move|p2a: Melmetal|Double Iron Bash|p1a: Slowbro
|-resisted|p1a: Slowbro
|-damage|p1a: Slowbro|30/100
|-resisted|p1a: Slowbro
|-damage|p1a: Slowbro|10/100
|-hitcount|p1a: Slowbro|2
|
|-weather|SunnyDay|[upkeep]
|upkeep
|turn|22
|
|t:|1636889265
|move|p2a: Melmetal|Double Iron Bash|p1a: Slowbro
|-resisted|p1a: Slowbro
|-damage|p1a: Slowbro|0 fnt
|faint|p1a: Slowbro
|-hitcount|p1: Slowbro|1
|
|-weather|SunnyDay|[upkeep]
|upkeep
|
|t:|1636889270
|switch|p1a: Heatran|Heatran, M|100/100
|turn|23
|
|t:|1636889278
|switch|p2a: Slowbro|Slowbro, M|100/100
|move|p1a: Heatran|Eruption|p2a: Slowbro
|-resisted|p2a: Slowbro
|-damage|p2a: Slowbro|40/100
|
|-weather|SunnyDay|[upkeep]
|upkeep
|turn|24
|
|t:|1636889284
|move|p1a: Heatran|Eruption|p2a: Slowbro
|-resisted|p2a: Slowbro
|-damage|p2a: Slowbro|0 fnt
|faint|p2a: Slowbro
|
|-weather|SunnyDay|[upkeep]
|upkeep
|
|t:|1636889286
|switch|p2a: Blissey|Blissey, F|100/100
|turn|25
|
|t:|1636889290
|switch|p1a: Venusaur|Venusaur, F|40/100
|move|p2a: Blissey|Soft-Boiled||[still]
|-fail|p2a: Blissey|heal
|
|-weather|SunnyDay|[upkeep]
|upkeep
|turn|26
|
|t:|1636889292
|move|p1a: Venusaur|Growth|p1a: Venusaur
|-boost|p1a: Venusaur|atk|2
|-boost|p1a: Venusaur|spa|2
|move|p2a: Blissey|Ice Beam|p1a: Venusaur
|-supereffective|p1a: Venusaur
|-crit|p1a: Venusaur
|-damage|p1a: Venusaur|0 fnt
|faint|p1a: Venusaur
|
|-weather|SunnyDay|[upkeep]
|upkeep
|
|t:|1636889297
|switch|p1a: Torkoal|Torkoal, M|84/100
|turn|27
|
|t:|1636889301
|move|p1a: Torkoal|Body Press|p2a: Blissey
|-supereffective|p2a: Blissey
|-enditem|p2a: Blissey|Chople Berry|[eat]
|-enditem|p2a: Blissey|Chople Berry|[weaken]
|-damage|p2a: Blissey|74/100
|move|p2a: Blissey|Counter|p1a: Torkoal
|-damage|p1a: Torkoal|0 fnt
|faint|p1a: Torkoal
|
|-weather|SunnyDay|[upkeep]
|upkeep
|
|t:|1636889306
|switch|p1a: Charizard|Charizard, F|26/100
|turn|28
|
|t:|1636889309
|move|p1a: Charizard|Fire Blast|p2a: Blissey
|-damage|p2a: Blissey|14/100
|move|p2a: Blissey|Soft-Boiled|p2a: Blissey
|-heal|p2a: Blissey|64/100
|
|-weather|none
|upkeep
|turn|29
|-message|i know im horrible forfeited.
|
|win|mkyn
|raw|i know im horrible's rating: 1648 &rarr; <strong>1631</strong><br />(-17 for losing)
|raw|mkyn's rating: 1707 &rarr; <strong>1724</strong><br />(+17 for winning)
|l|☆i know im horrible
