|j|☆call the crew
|j|☆cute pink team
|t:|1661061429
|gametype|singles
|player|p1|call the crew|265|1596
|player|p2|cute pink team|misty-gen1|1824
|teamsize|p1|6
|teamsize|p2|6
|gen|8
|tier|[Gen 8] OU
|rated|
|rule|Sleep Clause Mod: Limit one foe put to sleep
|rule|Species Clause: Limit one of each Pokémon
|rule|OHKO Clause: OHKO moves are banned
|rule|Evasion Items Clause: Evasion items are banned
|rule|Evasion Moves Clause: Evasion moves are banned
|rule|Endless Battle Clause: Forcing endless battles is banned
|rule|HP Percentage Mod: HP is shown in percentages
|rule|Dynamax Clause: You cannot dynamax
|clearpoke
|poke|p1|Mandibuzz, F|
|poke|p1|Buzzwole|
|poke|p1|Quagsire, F|
|poke|p1|Cresselia, F|
|poke|p1|Clefable, F|
|poke|p1|Toxapex, M|
|poke|p2|Tyranitar, M|
|poke|p2|Corviknight, M|
|poke|p2|Volcanion|
|poke|p2|Zapdos|
|poke|p2|Dragapult, F|
|poke|p2|Quagsire, M|
|teampreview
|inactive|Battle timer is ON: inactive players will automatically lose when time's up. (requested by cute pink team)
|
|t:|1661061473
|start
|switch|p1a: Toxapex|Toxapex, M|100/100
|switch|p2a: Zapdos|Zapdos|100/100
|turn|1
|
|t:|1661061476
|move|p2a: Zapdos|Thunderbolt|p1a: Toxapex
|-supereffective|p1a: Toxapex
|-damage|p1a: Toxapex|0 fnt
|faint|p1a: Toxapex
|
|upkeep
|
|t:|1661061493
|switch|p1a: Cresselia|Cresselia, F|100/100
|turn|2
|
|t:|1661061498
|switch|p2a: Corviknight|Corviknight, M|100/100
|-ability|p2a: Corviknight|Pressure
|move|p1a: Cresselia|Ice Beam|p2a: Corviknight
|-damage|p2a: Corviknight|89/100
|
|-heal|p2a: Corviknight|95/100|[from] item: Leftovers
|upkeep
|turn|3
|
|t:|1661061502
|switch|p1a: Clefable|Clefable, F|100/100
|move|p2a: Corviknight|Brave Bird|p1a: Clefable
|-damage|p1a: Clefable|66/100
|-damage|p2a: Corviknight|84/100|[from] Recoil
|
|-heal|p2a: Corviknight|90/100|[from] item: Leftovers
|upkeep
|turn|4
|j| sgvh
|
|t:|1661061509
|switch|p2a: Tyranitar|Tyranitar, M|100/100
|-weather|Sandstorm|[from] ability: Sand Stream|[of] p2a: Tyranitar
|move|p1a: Clefable|Stealth Rock|p2a: Tyranitar
|-sidestart|p2: cute pink team|move: Stealth Rock
|
|-weather|Sandstorm|[upkeep]
|upkeep
|turn|5
|j| u crit my panties
|
|t:|1661061517
|switch|p1a: Buzzwole|Buzzwole|100/100
|move|p2a: Tyranitar|Stone Edge|p1a: Buzzwole
|-damage|p1a: Buzzwole|58/100
|
|-weather|Sandstorm|[upkeep]
|-damage|p1a: Buzzwole|52/100|[from] Sandstorm
|upkeep
|turn|6
|
|t:|1661061522
|switch|p2a: Corviknight|Corviknight, M|90/100
|-damage|p2a: Corviknight|78/100|[from] Stealth Rock
|-ability|p2a: Corviknight|Pressure
|move|p1a: Buzzwole|Roost|p1a: Buzzwole
|-heal|p1a: Buzzwole|100/100
|-singleturn|p1a: Buzzwole|move: Roost
|
|-weather|Sandstorm|[upkeep]
|-damage|p1a: Buzzwole|94/100|[from] Sandstorm
|-heal|p2a: Corviknight|84/100|[from] item: Leftovers
|upkeep
|turn|7
|
|t:|1661061524
|move|p1a: Buzzwole|Ice Punch|p2a: Corviknight
|-damage|p2a: Corviknight|66/100
|move|p2a: Corviknight|Defog|p1a: Buzzwole
|-unboost|p1a: Buzzwole|evasion|1
|-sideend|p2: cute pink team|Stealth Rock|[from] move: Defog|[of] p2a: Corviknight
|
|-weather|Sandstorm|[upkeep]
|-damage|p1a: Buzzwole|88/100|[from] Sandstorm
|-heal|p2a: Corviknight|72/100|[from] item: Leftovers
|upkeep
|turn|8
|
|t:|1661061529
|switch|p1a: Quagsire|Quagsire, F|100/100
|move|p2a: Corviknight|Roost|p2a: Corviknight
|-heal|p2a: Corviknight|100/100
|-singleturn|p2a: Corviknight|move: Roost
|
|-weather|none
|upkeep
|turn|9
|
|t:|1661061539
|switch|p2a: Volcanion|Volcanion|100/100
|move|p1a: Quagsire|Earthquake|p2a: Volcanion
|-supereffective|p2a: Volcanion
|-damage|p2a: Volcanion|45/100
|
|upkeep
|turn|10
|
|t:|1661061560
|switch|p1a: Cresselia|Cresselia, F|100/100
|move|p2a: Volcanion|Steam Eruption|p1a: Cresselia
|-damage|p1a: Cresselia|52/100
|
|-heal|p1a: Cresselia|58/100|[from] item: Leftovers
|upkeep
|turn|11
|
|t:|1661061565
|move|p2a: Volcanion|Steam Eruption|p1a: Cresselia
|-damage|p1a: Cresselia|11/100
|-status|p1a: Cresselia|brn
|move|p1a: Cresselia|Moonlight|p1a: Cresselia
|-heal|p1a: Cresselia|61/100 brn
|
|-heal|p1a: Cresselia|67/100 brn|[from] item: Leftovers
|-damage|p1a: Cresselia|61/100 brn|[from] brn
|upkeep
|turn|12
|
|t:|1661061572
|switch|p2a: Tyranitar|Tyranitar, M|100/100
|-weather|Sandstorm|[from] ability: Sand Stream|[of] p2a: Tyranitar
|move|p1a: Cresselia|Moonlight|p1a: Cresselia
|-heal|p1a: Cresselia|86/100 brn
|
|-weather|Sandstorm|[upkeep]
|-damage|p1a: Cresselia|80/100 brn|[from] Sandstorm
|-heal|p1a: Cresselia|86/100 brn|[from] item: Leftovers
|-damage|p1a: Cresselia|80/100 brn|[from] brn
|upkeep
|turn|13
|
|t:|1661061575
|switch|p1a: Buzzwole|Buzzwole|88/100
|move|p2a: Tyranitar|Stealth Rock|p1a: Buzzwole
|-sidestart|p1: call the crew|move: Stealth Rock
|
|-weather|Sandstorm|[upkeep]
|-damage|p1a: Buzzwole|82/100|[from] Sandstorm
|upkeep
|turn|14
|
|t:|1661061579
|switch|p2a: Volcanion|Volcanion|45/100
|move|p1a: Buzzwole|Close Combat|p2a: Volcanion
|-damage|p2a: Volcanion|0 fnt
|-unboost|p1a: Buzzwole|def|1
|-unboost|p1a: Buzzwole|spd|1
|faint|p2a: Volcanion
|-ability|p1a: Buzzwole|Beast Boost|boost
|-boost|p1a: Buzzwole|def|1
|
|-weather|Sandstorm|[upkeep]
|-damage|p1a: Buzzwole|76/100|[from] Sandstorm
|upkeep
|
|t:|1661061584
|switch|p2a: Dragapult|Dragapult, F|100/100
|turn|15
|
|t:|1661061588
|switch|p1a: Mandibuzz|Mandibuzz, F|100/100
|move|p2a: Dragapult|Draco Meteor|p1a: Mandibuzz
|-damage|p1a: Mandibuzz|46/100
|-unboost|p2a: Dragapult|spa|2
|
|-weather|Sandstorm|[upkeep]
|-damage|p2a: Dragapult|95/100|[from] Sandstorm
|upkeep
|turn|16
|
|t:|1661061593
|switch|p2a: Zapdos|Zapdos|100/100
|move|p1a: Mandibuzz|Defog|p2a: Zapdos
|-unboost|p2a: Zapdos|evasion|1
|-sideend|p1: call the crew|Stealth Rock|[from] move: Defog|[of] p1a: Mandibuzz
|
|-weather|none
|upkeep
|turn|17
|
|t:|1661061596
|switch|p1a: Quagsire|Quagsire, F|100/100
|move|p2a: Zapdos|Hurricane|p1a: Quagsire
|-damage|p1a: Quagsire|0 fnt
|faint|p1a: Quagsire
|
|upkeep
|-message|call the crew forfeited.
|
|win|cute pink team
|raw|call the crew's rating: 1596 &rarr; <strong>1588</strong><br />(-8 for losing)
|raw|cute pink team's rating: 1824 &rarr; <strong>1832</strong><br />(+8 for winning)
|l|☆call the crew
|l|☆cute pink team
|l| sgvh
|l| u crit my panties
|j| pls send team
