|j|☆darthputin
|j|☆2(H2O)-Alt
|t:|1652482140
|gametype|singles
|player|p1|darthputin|steven|1625
|player|p2|2(H2O)-Alt|ninjaboy|1535
|teamsize|p1|6
|teamsize|p2|6
|gen|8
|tier|[Gen 8] OU
|rated|
|rule|Sleep Clause Mod: Limit one foe put to sleep
|rule|Species Clause: Limit one of each Pokémon
|rule|OHKO Clause: OHKO moves are banned
|rule|Evasion Moves Clause: Evasion moves are banned
|rule|Endless Battle Clause: Forcing endless battles is banned
|rule|HP Percentage Mod: HP is shown in percentages
|rule|Dynamax Clause: You cannot dynamax
|clearpoke
|poke|p1|Dragonite, F|
|poke|p1|Tapu Koko|
|poke|p1|Blissey, F|
|poke|p1|Ditto|
|poke|p1|Kartana|
|poke|p1|Hawlucha, M|
|poke|p2|Tapu Lele|
|poke|p2|Tyranitar, M|
|poke|p2|Toxapex, M|
|poke|p2|Corviknight, M|
|poke|p2|Blacephalon|
|poke|p2|Landorus-Therian, M|
|teampreview
|inactive|Battle timer is ON: inactive players will automatically lose when time's up. (requested by 2(H2O)-Alt)
|
|t:|1652482147
|start
|switch|p1a: Tapu Koko|Tapu Koko|100/100
|switch|p2a: Landorus|Landorus-Therian, M|100/100
|-fieldstart|move: Electric Terrain|[from] ability: Electric Surge|[of] p1a: Tapu Koko
|-ability|p2a: Landorus|Intimidate|boost
|-unboost|p1a: Tapu Koko|atk|1
|turn|1
|
|t:|1652482156
|move|p1a: Tapu Koko|U-turn|p2a: Landorus
|-resisted|p2a: Landorus
|-damage|p2a: Landorus|96/100
|
|t:|1652482159
|switch|p1a: Ditto|Ditto|100/100|[from]move: U-turn
|-transform|p1a: Ditto|p2a: Landorus|[from] ability: Imposter
|-ability|p1a: Ditto|Intimidate|boost
|-unboost|p2a: Landorus|atk|1
|move|p2a: Landorus|Stealth Rock|p1a: Ditto
|-sidestart|p1: darthputin|move: Stealth Rock
|
|-heal|p2a: Landorus|100/100|[from] item: Leftovers
|upkeep
|turn|2
|
|t:|1652482170
|move|p1a: Ditto|Stealth Rock|p2a: Landorus
|-sidestart|p2: 2(H2O)-Alt|move: Stealth Rock
|move|p2a: Landorus|Toxic|p1a: Ditto
|-status|p1a: Ditto|tox
|
|-damage|p1a: Ditto|94/100 tox|[from] psn
|upkeep
|turn|3
|
|t:|1652482178
|switch|p1a: Blissey|Blissey, F|100/100
|-damage|p1a: Blissey|88/100|[from] Stealth Rock
|move|p2a: Landorus|U-turn|p1a: Blissey
|-damage|p1a: Blissey|74/100
|
|t:|1652482185
|switch|p2a: Tapu Lele|Tapu Lele|100/100|[from]move: U-turn
|-damage|p2a: Tapu Lele|88/100|[from] Stealth Rock
|-fieldstart|move: Psychic Terrain|[from] ability: Psychic Surge|[of] p2a: Tapu Lele
|
|-heal|p1a: Blissey|81/100|[from] item: Leftovers
|upkeep
|turn|4
|
|t:|1652482193
|move|p1a: Blissey|Protect|p1a: Blissey
|-singleturn|p1a: Blissey|Protect
|move|p2a: Tapu Lele|Future Sight|p1a: Blissey
|-start|p2a: Tapu Lele|move: Future Sight
|
|-heal|p1a: Blissey|87/100|[from] item: Leftovers
|upkeep
|turn|5
|j| DA COME UP ★彡
|
|t:|1652482200
|switch|p2a: Tyranitar|Tyranitar, M|100/100
|-damage|p2a: Tyranitar|88/100|[from] Stealth Rock
|-weather|Sandstorm|[from] ability: Sand Stream|[of] p2a: Tyranitar
|move|p1a: Blissey|Soft-Boiled|p1a: Blissey
|-heal|p1a: Blissey|100/100
|
|-weather|Sandstorm|[upkeep]
|-damage|p1a: Blissey|94/100|[from] Sandstorm
|-heal|p1a: Blissey|100/100|[from] item: Leftovers
|upkeep
|turn|6
|
|t:|1652482212
|move|p1a: Blissey|Protect|p1a: Blissey
|-singleturn|p1a: Blissey|Protect
|move|p2a: Tyranitar|Stone Edge|p1a: Blissey
|-activate|p1a: Blissey|move: Protect
|
|-weather|Sandstorm|[upkeep]
|-damage|p1a: Blissey|94/100|[from] Sandstorm
|-end|p1a: Blissey|move: Future Sight
|-damage|p1a: Blissey|66/100
|-heal|p1a: Blissey|73/100|[from] item: Leftovers
|upkeep
|turn|7
|
|t:|1652482223
|switch|p1a: Kartana|Kartana|100/100
|-damage|p1a: Kartana|94/100|[from] Stealth Rock
|move|p2a: Tyranitar|Stone Edge|p1a: Kartana
|-resisted|p1a: Kartana
|-damage|p1a: Kartana|46/100
|
|-weather|Sandstorm|[upkeep]
|-heal|p1a: Kartana|52/100|[from] item: Leftovers
|-fieldend|move: Psychic Terrain
|upkeep
|turn|8
|
|t:|1652482234
|switch|p2a: Corviknight|Corviknight, M|100/100
|-damage|p2a: Corviknight|88/100|[from] Stealth Rock
|-ability|p2a: Corviknight|Pressure
|move|p1a: Kartana|Swords Dance|p1a: Kartana
|-boost|p1a: Kartana|atk|2
|
|-weather|Sandstorm|[upkeep]
|-heal|p1a: Kartana|58/100|[from] item: Leftovers
|upkeep
|turn|9
|
|t:|1652482245
|move|p1a: Kartana|Sacred Sword|p2a: Corviknight
|-damage|p2a: Corviknight|36/100
|-damage|p1a: Kartana|41/100|[from] item: Rocky Helmet|[of] p2a: Corviknight
|move|p2a: Corviknight|Body Press|p1a: Kartana
|-supereffective|p1a: Kartana
|-damage|p1a: Kartana|0 fnt
|faint|p1a: Kartana
|
|-weather|none
|upkeep
|
|t:|1652482248
|switch|p1a: Tapu Koko|Tapu Koko|100/100
|-fieldstart|move: Electric Terrain|[from] ability: Electric Surge|[of] p1a: Tapu Koko
|turn|10
|
|t:|1652482258
|move|p1a: Tapu Koko|Thunderbolt|p2a: Corviknight
|-supereffective|p2a: Corviknight
|-damage|p2a: Corviknight|0 fnt
|faint|p2a: Corviknight
|
|upkeep
|
|t:|1652482264
|switch|p2a: Tapu Lele|Tapu Lele|88/100
|-damage|p2a: Tapu Lele|76/100|[from] Stealth Rock
|-fieldstart|move: Psychic Terrain|[from] ability: Psychic Surge|[of] p2a: Tapu Lele
|turn|11
|
|t:|1652482271
|switch|p1a: Ditto|Ditto|94/100 tox
|-damage|p1a: Ditto|82/100 tox|[from] Stealth Rock
|-transform|p1a: Ditto|p2a: Tapu Lele|[from] ability: Imposter
|move|p2a: Tapu Lele|Focus Blast|p1a: Ditto|[miss]
|-miss|p2a: Tapu Lele|p1a: Ditto
|
|-damage|p1a: Ditto|76/100 tox|[from] psn
|upkeep
|turn|12
|
|t:|1652482283
|switch|p2a: Tyranitar|Tyranitar, M|88/100
|-damage|p2a: Tyranitar|76/100|[from] Stealth Rock
|-weather|Sandstorm|[from] ability: Sand Stream|[of] p2a: Tyranitar
|move|p1a: Ditto|Moonblast|p2a: Tyranitar
|-supereffective|p2a: Tyranitar
|-damage|p2a: Tyranitar|25/100
|-unboost|p2a: Tyranitar|spa|1
|
|-weather|Sandstorm|[upkeep]
|-damage|p1a: Ditto|70/100 tox|[from] Sandstorm
|-damage|p1a: Ditto|58/100 tox|[from] psn
|upkeep
|turn|13
|
|t:|1652482296
|switch|p2a: Toxapex|Toxapex, M|100/100
|-damage|p2a: Toxapex|88/100|[from] Stealth Rock
|move|p1a: Ditto|Moonblast|p2a: Toxapex
|-resisted|p2a: Toxapex
|-damage|p2a: Toxapex|67/100
|-enditem|p2a: Toxapex|Eject Button
|
|t:|1652482306
|switch|p2a: Landorus|Landorus-Therian, M|100/100
|-damage|p2a: Landorus|88/100|[from] Stealth Rock
|-ability|p2a: Landorus|Intimidate|boost
|-unboost|p1a: Ditto|atk|1
|
|-weather|Sandstorm|[upkeep]
|-damage|p1a: Ditto|52/100 tox|[from] Sandstorm
|-heal|p2a: Landorus|94/100|[from] item: Leftovers
|-damage|p1a: Ditto|34/100 tox|[from] psn
|upkeep
|turn|14
|
|t:|1652482318
|switch|p1a: Blissey|Blissey, F|73/100
|-damage|p1a: Blissey|60/100|[from] Stealth Rock
|move|p2a: Landorus|U-turn|p1a: Blissey
|-damage|p1a: Blissey|40/100
|
|t:|1652482324
|switch|p2a: Tyranitar|Tyranitar, M|25/100|[from]move: U-turn
|-damage|p2a: Tyranitar|12/100|[from] Stealth Rock
|
|-weather|Sandstorm|[upkeep]
|-damage|p1a: Blissey|34/100|[from] Sandstorm
|-heal|p1a: Blissey|40/100|[from] item: Leftovers
|upkeep
|turn|15
|
|t:|1652482339
|move|p1a: Blissey|Protect|p1a: Blissey
|-singleturn|p1a: Blissey|Protect
|move|p2a: Tyranitar|Stone Edge|p1a: Blissey
|-activate|p1a: Blissey|move: Protect
|
|-weather|Sandstorm|[upkeep]
|-damage|p1a: Blissey|34/100|[from] Sandstorm
|-heal|p1a: Blissey|40/100|[from] item: Leftovers
|-fieldend|move: Psychic Terrain
|upkeep
|turn|16
|
|t:|1652482348
|switch|p1a: Ditto|Ditto|34/100 tox
|-damage|p1a: Ditto|22/100 tox|[from] Stealth Rock
|-transform|p1a: Ditto|p2a: Tyranitar|[from] ability: Imposter
|move|p2a: Tyranitar|Stone Edge|p1a: Ditto
|-damage|p1a: Ditto|0 fnt
|faint|p1a: Ditto
|
|-weather|none
|upkeep
|
|t:|1652482350
|switch|p1a: Tapu Koko|Tapu Koko|100/100
|-fieldstart|move: Electric Terrain|[from] ability: Electric Surge|[of] p1a: Tapu Koko
|turn|17
|
|t:|1652482363
|switch|p2a: Landorus|Landorus-Therian, M|94/100
|-damage|p2a: Landorus|82/100|[from] Stealth Rock
|-ability|p2a: Landorus|Intimidate|boost
|-unboost|p1a: Tapu Koko|atk|1
|move|p1a: Tapu Koko|Dazzling Gleam|p2a: Landorus
|-damage|p2a: Landorus|55/100
|
|-heal|p2a: Landorus|61/100|[from] item: Leftovers
|upkeep
|turn|18
|
|t:|1652482373
|move|p1a: Tapu Koko|Dazzling Gleam|p2a: Landorus
|-damage|p2a: Landorus|34/100
|move|p2a: Landorus|Toxic|p1a: Tapu Koko
|-status|p1a: Tapu Koko|tox
|
|-heal|p2a: Landorus|40/100|[from] item: Leftovers
|-damage|p1a: Tapu Koko|94/100 tox|[from] psn
|upkeep
|turn|19
|
|t:|1652482396
|switch|p2a: Tyranitar|Tyranitar, M|12/100
|-damage|p2a: Tyranitar|0 fnt|[from] Stealth Rock
|faint|p2a: Tyranitar
|move|p1a: Tapu Koko|U-turn|p2: Tyranitar|[notarget]
|-fail|p1a: Tapu Koko
|
|-damage|p1a: Tapu Koko|82/100 tox|[from] psn
|upkeep
|
|t:|1652482405
|switch|p2a: Tapu Lele|Tapu Lele|76/100
|-damage|p2a: Tapu Lele|63/100|[from] Stealth Rock
|-fieldstart|move: Psychic Terrain|[from] ability: Psychic Surge|[of] p2a: Tapu Lele
|turn|20
|
|t:|1652482411
|switch|p1a: Blissey|Blissey, F|40/100
|-damage|p1a: Blissey|27/100|[from] Stealth Rock
|move|p2a: Tapu Lele|Future Sight|p1a: Blissey
|-start|p2a: Tapu Lele|move: Future Sight
|
|-heal|p1a: Blissey|33/100|[from] item: Leftovers
|upkeep
|turn|21
|
|t:|1652482419
|switch|p2a: Blacephalon|Blacephalon|100/100
|-damage|p2a: Blacephalon|76/100|[from] Stealth Rock
|move|p1a: Blissey|Soft-Boiled|p1a: Blissey
|-heal|p1a: Blissey|83/100
|
|-heal|p1a: Blissey|90/100|[from] item: Leftovers
|upkeep
|turn|22
|
|t:|1652482428
|move|p1a: Blissey|Protect|p1a: Blissey
|-singleturn|p1a: Blissey|Protect
|move|p2a: Blacephalon|Psyshock|p1a: Blissey
|-activate|p1a: Blissey|move: Protect
|
|-end|p1a: Blissey|move: Future Sight
|-damage|p1a: Blissey|62/100
|-heal|p1a: Blissey|68/100|[from] item: Leftovers
|upkeep
|turn|23
|
|t:|1652482438
|move|p2a: Blacephalon|Psyshock|p1a: Blissey
|-damage|p1a: Blissey|32/100
|move|p1a: Blissey|Soft-Boiled|p1a: Blissey
|-heal|p1a: Blissey|82/100
|
|-heal|p1a: Blissey|89/100|[from] item: Leftovers
|upkeep
|turn|24
|-message|2(H2O)-Alt forfeited.
|
|win|darthputin
|raw|darthputin's rating: 1625 &rarr; <strong>1640</strong><br />(+15 for winning)
|raw|2(H2O)-Alt's rating: 1535 &rarr; <strong>1520</strong><br />(-15 for losing)
|l|☆2(H2O)-Alt
|l| DA COME UP ★彡
||Ladder isn't responding, score probably updated but might not have (Request timeout).
