|html|<div class="broadcast-blue"><strong>[Gen 8] OU is currently suspecting Melmetal! For information on how to participate check out the <a href="https://www.smogon.com/forums/threads/np-ss-ou-suspect-process-round-12-monster-mash.3709234/">suspect thread</a>.</strong></div>
|j|☆Scoots Mgee
|j|☆HQSNonsense
|t:|1666452984
|gametype|singles
|player|p1|Scoots Mgee|acetrainerf|1554
|player|p2|HQSNonsense|veteranf|1650
|teamsize|p1|6
|teamsize|p2|6
|gen|8
|tier|[Gen 8] OU
|rated|
|rule|Sleep Clause Mod: Limit one foe put to sleep
|rule|Species Clause: Limit one of each Pokémon
|rule|OHKO Clause: OHKO moves are banned
|rule|Evasion Items Clause: Evasion items are banned
|rule|Evasion Moves Clause: Evasion moves are banned
|rule|Endless Battle Clause: Forcing endless battles is banned
|rule|HP Percentage Mod: HP is shown in percentages
|rule|Dynamax Clause: You cannot dynamax
|clearpoke
|poke|p1|Garchomp, F|
|poke|p1|Rillaboom, M|
|poke|p1|Corviknight, F|
|poke|p1|Blissey, F|
|poke|p1|Tapu Lele|
|poke|p1|Zapdos|
|poke|p2|Blacephalon|
|poke|p2|Tornadus-Therian, M|
|poke|p2|Ferrothorn, M|
|poke|p2|Landorus-Therian, M|
|poke|p2|Tapu Fini|
|poke|p2|Weavile, M|
|teampreview
|inactive|Battle timer is ON: inactive players will automatically lose when time's up. (requested by Scoots Mgee)
|
|t:|1666453003
|start
|switch|p1a: Zapdos|Zapdos|100/100
|switch|p2a: Landorus|Landorus-Therian, M|100/100
|-ability|p2a: Landorus|Intimidate|boost
|-unboost|p1a: Zapdos|atk|1
|turn|1
|
|t:|1666453006
|move|p1a: Zapdos|Hurricane|p2a: Landorus|[miss]
|-miss|p1a: Zapdos|p2a: Landorus
|move|p2a: Landorus|Toxic|p1a: Zapdos
|-status|p1a: Zapdos|tox
|
|-damage|p1a: Zapdos|94/100 tox|[from] psn
|upkeep
|turn|2
|
|t:|1666453011
|move|p1a: Zapdos|Hurricane|p2a: Landorus
|-damage|p2a: Landorus|41/100
|move|p2a: Landorus|Stealth Rock|p1a: Zapdos
|-sidestart|p1: Scoots Mgee|move: Stealth Rock
|
|-heal|p2a: Landorus|47/100|[from] item: Leftovers
|-damage|p1a: Zapdos|82/100 tox|[from] psn
|upkeep
|turn|3
|
|t:|1666453025
|switch|p2a: Tapu Fini|Tapu Fini|100/100
|-fieldstart|move: Misty Terrain|[from] ability: Misty Surge|[of] p2a: Tapu Fini
|move|p1a: Zapdos|Hurricane|p2a: Tapu Fini
|-damage|p2a: Tapu Fini|15/100
|
|-damage|p1a: Zapdos|63/100 tox|[from] psn
|upkeep
|turn|4
|
|t:|1666453033
|move|p2a: Tapu Fini|Moonblast|p1a: Zapdos
|-damage|p1a: Zapdos|15/100 tox
|move|p1a: Zapdos|Hurricane|p2a: Tapu Fini
|-damage|p2a: Tapu Fini|0 fnt
|faint|p2a: Tapu Fini
|
|-damage|p1a: Zapdos|0 fnt|[from] psn
|faint|p1a: Zapdos
|upkeep
|
|t:|1666453053
|switch|p1a: Rillaboom|Rillaboom, M|100/100
|switch|p2a: Blacephalon|Blacephalon|100/100
|-damage|p1a: Rillaboom|88/100|[from] Stealth Rock
|-fieldstart|move: Grassy Terrain|[from] ability: Grassy Surge|[of] p1a: Rillaboom
|turn|5
|inactive|Scoots Mgee has 120 seconds left.
|inactive|HQSNonsense has 120 seconds left.
|
|t:|1666453104
|switch|p1a: Blissey|Blissey, F|100/100
|move|p2a: Blacephalon|Flamethrower|p1a: Blissey
|-damage|p1a: Blissey|73/100
|
|-heal|p1a: Blissey|79/100|[from] Grassy Terrain
|upkeep
|turn|6
|inactive|Scoots Mgee has 120 seconds left.
|inactive|HQSNonsense has 120 seconds left.
|
|t:|1666453122
|switch|p2a: Tornadus|Tornadus-Therian, M|100/100
|move|p1a: Blissey|Thunder Wave|p2a: Tornadus
|-status|p2a: Tornadus|par
|
|-heal|p1a: Blissey|85/100|[from] Grassy Terrain
|upkeep
|turn|7
|
|t:|1666453129
|move|p2a: Tornadus|Knock Off|p1a: Blissey
|-damage|p1a: Blissey|60/100
|-enditem|p1a: Blissey|Heavy-Duty Boots|[from] move: Knock Off|[of] p2a: Tornadus
|move|p1a: Blissey|Wish|p1a: Blissey
|
|-heal|p1a: Blissey|66/100|[from] Grassy Terrain
|upkeep
|turn|8
|j| monkaSaur
|inactive|Scoots Mgee has 120 seconds left.
|
|t:|1666453148
|move|p2a: Tornadus|Superpower|p1a: Blissey
|-supereffective|p1a: Blissey
|-damage|p1a: Blissey|1/100
|-unboost|p2a: Tornadus|atk|1
|-unboost|p2a: Tornadus|def|1
|move|p1a: Blissey|Seismic Toss|p2a: Tornadus
|-damage|p2a: Tornadus|67/100 par
|
|-heal|p1a: Blissey|51/100|[from] move: Wish|[wisher] Blissey
|-heal|p1a: Blissey|58/100|[from] Grassy Terrain
|upkeep
|turn|9
|
|t:|1666453152
|move|p2a: Tornadus|U-turn|p1a: Blissey
|-damage|p1a: Blissey|46/100
|
|t:|1666453155
|switch|p2a: Weavile|Weavile, M|100/100|[from]move: U-turn
|move|p1a: Blissey|Wish|p1a: Blissey
|
|-heal|p1a: Blissey|53/100|[from] Grassy Terrain
|-fieldend|move: Grassy Terrain
|upkeep
|turn|10
|inactive|HQSNonsense has 120 seconds left.
|
|t:|1666453192
|switch|p1a: Corviknight|Corviknight, F|100/100
|-damage|p1a: Corviknight|88/100|[from] Stealth Rock
|-ability|p1a: Corviknight|Pressure
|move|p2a: Weavile|Triple Axel|p1a: Corviknight
|-damage|p1a: Corviknight|82/100
|-damage|p2a: Weavile|84/100|[from] item: Rocky Helmet|[of] p1a: Corviknight
|-damage|p1a: Corviknight|70/100
|-damage|p2a: Weavile|68/100|[from] item: Rocky Helmet|[of] p1a: Corviknight
|-damage|p1a: Corviknight|52/100
|-damage|p2a: Weavile|51/100|[from] item: Rocky Helmet|[of] p1a: Corviknight
|-hitcount|p1a: Corviknight|3
|
|-heal|p1a: Corviknight|100/100|[from] move: Wish|[wisher] Blissey
|upkeep
|turn|11
|inactive|HQSNonsense has 120 seconds left.
|
|t:|1666453205
|switch|p2a: Blacephalon|Blacephalon|100/100
|move|p1a: Corviknight|U-turn|p2a: Blacephalon
|-resisted|p2a: Blacephalon
|-damage|p2a: Blacephalon|92/100
|
|t:|1666453220
|switch|p1a: Blissey|Blissey, F|53/100|[from]move: U-turn
|-damage|p1a: Blissey|40/100|[from] Stealth Rock
|
|upkeep
|turn|12
|
|t:|1666453223
|move|p2a: Blacephalon|Trick|p1a: Blissey
|-activate|p2a: Blacephalon|move: Trick|[of] p1a: Blissey
|-item|p1a: Blissey|Choice Specs|[from] move: Trick
|-enditem|p2a: Blacephalon|Choice Specs|[silent]|[from] move: Trick
|move|p1a: Blissey|Wish|p1a: Blissey
|
|upkeep
|turn|13
|
|t:|1666453233
|move|p2a: Blacephalon|Shadow Ball|p1a: Blissey
|-immune|p1a: Blissey
|move|p1a: Blissey|Wish||[still]
|-fail|p1a: Blissey
|
|-heal|p1a: Blissey|90/100|[from] move: Wish|[wisher] Blissey
|upkeep
|turn|14
|
|t:|1666453239
|move|p2a: Blacephalon|Shadow Ball|p1a: Blissey
|-immune|p1a: Blissey
|move|p1a: Blissey|Wish|p1a: Blissey
|
|upkeep
|turn|15
|
|t:|1666453247
|switch|p2a: Weavile|Weavile, M|51/100
|switch|p1a: Garchomp|Garchomp, F|100/100
|-damage|p1a: Garchomp|94/100|[from] Stealth Rock
|
|-heal|p1a: Garchomp|100/100|[from] move: Wish|[wisher] Blissey
|upkeep
|turn|16
|
|t:|1666453254
|switch|p1a: Corviknight|Corviknight, F|100/100
|-damage|p1a: Corviknight|88/100|[from] Stealth Rock
|-ability|p1a: Corviknight|Pressure
|move|p2a: Weavile|Knock Off|p1a: Corviknight
|-damage|p1a: Corviknight|58/100
|-damage|p2a: Weavile|35/100|[from] item: Rocky Helmet|[of] p1a: Corviknight
|-enditem|p1a: Corviknight|Rocky Helmet|[from] move: Knock Off|[of] p2a: Weavile
|
|upkeep
|turn|17
|
|t:|1666453260
|switch|p2a: Blacephalon|Blacephalon|92/100
|move|p1a: Corviknight|Roost|p1a: Corviknight
|-heal|p1a: Corviknight|100/100
|-singleturn|p1a: Corviknight|move: Roost
|
|upkeep
|turn|18
|j| Jongruenwald
|
|t:|1666453265
|switch|p1a: Blissey|Blissey, F|90/100
|-damage|p1a: Blissey|78/100|[from] Stealth Rock
|move|p2a: Blacephalon|Flamethrower|p1a: Blissey
|-damage|p1a: Blissey|59/100
|
|upkeep
|turn|19
|
|t:|1666453270
|switch|p2a: Landorus|Landorus-Therian, M|47/100
|-ability|p2a: Landorus|Intimidate|boost
|-unboost|p1a: Blissey|atk|1
|move|p1a: Blissey|Thunder Wave|p2a: Landorus
|-immune|p2a: Landorus
|
|-heal|p2a: Landorus|53/100|[from] item: Leftovers
|upkeep
|turn|20
|
|t:|1666453278
|switch|p1a: Corviknight|Corviknight, F|100/100
|-damage|p1a: Corviknight|88/100|[from] Stealth Rock
|-ability|p1a: Corviknight|Pressure
|move|p2a: Landorus|U-turn|p1a: Corviknight
|-resisted|p1a: Corviknight
|-damage|p1a: Corviknight|85/100
|
|t:|1666453281
|switch|p2a: Blacephalon|Blacephalon|92/100|[from]move: U-turn
|
|upkeep
|turn|21
|
|t:|1666453285
|switch|p1a: Garchomp|Garchomp, F|100/100
|-damage|p1a: Garchomp|94/100|[from] Stealth Rock
|move|p2a: Blacephalon|Flamethrower|p1a: Garchomp
|-resisted|p1a: Garchomp
|-damage|p1a: Garchomp|72/100
|
|-heal|p1a: Garchomp|78/100|[from] item: Leftovers
|upkeep
|turn|22
|
|t:|1666453294
|switch|p2a: Landorus|Landorus-Therian, M|53/100
|-ability|p2a: Landorus|Intimidate|boost
|-unboost|p1a: Garchomp|atk|1
|move|p1a: Garchomp|Toxic|p2a: Landorus
|-status|p2a: Landorus|tox
|
|-heal|p1a: Garchomp|84/100|[from] item: Leftovers
|-heal|p2a: Landorus|59/100 tox|[from] item: Leftovers
|-damage|p2a: Landorus|53/100 tox|[from] psn
|upkeep
|turn|23
|
|t:|1666453298
|move|p1a: Garchomp|Protect|p1a: Garchomp
|-singleturn|p1a: Garchomp|Protect
|move|p2a: Landorus|U-turn|p1a: Garchomp
|-activate|p1a: Garchomp|move: Protect
|
|-heal|p1a: Garchomp|90/100|[from] item: Leftovers
|-heal|p2a: Landorus|59/100 tox|[from] item: Leftovers
|-damage|p2a: Landorus|47/100 tox|[from] psn
|upkeep
|turn|24
|
|t:|1666453303
|move|p1a: Garchomp|Stealth Rock|p2a: Landorus
|-sidestart|p2: HQSNonsense|move: Stealth Rock
|move|p2a: Landorus|U-turn|p1a: Garchomp
|-damage|p1a: Garchomp|72/100
|-damage|p2a: Landorus|34/100 tox|[from] ability: Rough Skin|[of] p1a: Garchomp
|
|t:|1666453307
|switch|p2a: Weavile|Weavile, M|35/100|[from]move: U-turn
|
|-heal|p1a: Garchomp|78/100|[from] item: Leftovers
|upkeep
|turn|25
|
|t:|1666453312
|switch|p1a: Corviknight|Corviknight, F|85/100
|-damage|p1a: Corviknight|73/100|[from] Stealth Rock
|-ability|p1a: Corviknight|Pressure
|move|p2a: Weavile|Triple Axel|p1a: Corviknight
|-damage|p1a: Corviknight|66/100
|-damage|p1a: Corviknight|54/100
|-hitcount|p1a: Corviknight|2
|
|upkeep
|turn|26
|
|t:|1666453324
|switch|p2a: Blacephalon|Blacephalon|92/100
|-damage|p2a: Blacephalon|67/100|[from] Stealth Rock
|move|p1a: Corviknight|Roost|p1a: Corviknight
|-heal|p1a: Corviknight|100/100
|-singleturn|p1a: Corviknight|move: Roost
|
|upkeep
|turn|27
|
|t:|1666453338
|switch|p1a: Blissey|Blissey, F|59/100
|-damage|p1a: Blissey|46/100|[from] Stealth Rock
|move|p2a: Blacephalon|Overheat|p1a: Blissey|[miss]
|-miss|p2a: Blacephalon|p1a: Blissey
|
|upkeep
|turn|28
|
|t:|1666453344
|switch|p2a: Weavile|Weavile, M|35/100
|move|p1a: Blissey|Wish|p1a: Blissey
|
|upkeep
|turn|29
|
|t:|1666453359
|switch|p2a: Ferrothorn|Ferrothorn, M|100/100
|-damage|p2a: Ferrothorn|94/100|[from] Stealth Rock
|switch|p1a: Tapu Lele|Tapu Lele|100/100
|-damage|p1a: Tapu Lele|88/100|[from] Stealth Rock
|-fieldstart|move: Psychic Terrain|[from] ability: Psychic Surge|[of] p1a: Tapu Lele
|
|-heal|p1a: Tapu Lele|100/100|[from] move: Wish|[wisher] Blissey
|-heal|p2a: Ferrothorn|100/100|[from] item: Leftovers
|upkeep
|turn|30
|
|t:|1666453370
|move|p1a: Tapu Lele|Focus Blast|p2a: Ferrothorn|[miss]
|-miss|p1a: Tapu Lele|p2a: Ferrothorn
|move|p2a: Ferrothorn|Thunder Wave|p1a: Tapu Lele
|-status|p1a: Tapu Lele|par
|
|upkeep
|turn|31
|j| JackTen
|
|t:|1666453386
|switch|p1a: Corviknight|Corviknight, F|100/100
|-damage|p1a: Corviknight|88/100|[from] Stealth Rock
|-ability|p1a: Corviknight|Pressure
|move|p2a: Ferrothorn|Spikes|p1a: Corviknight
|-sidestart|p1: Scoots Mgee|Spikes
|
|upkeep
|turn|32
|
|t:|1666453390
|move|p1a: Corviknight|Defog|p2a: Ferrothorn
|-unboost|p2a: Ferrothorn|evasion|1
|-sideend|p2: HQSNonsense|Stealth Rock|[from] move: Defog|[of] p1a: Corviknight
|-sideend|p1: Scoots Mgee|Spikes|[from] move: Defog|[of] p1a: Corviknight
|-sideend|p1: Scoots Mgee|Stealth Rock|[from] move: Defog|[of] p1a: Corviknight
|-fieldend|move: Psychic Terrain
|move|p2a: Ferrothorn|Thunder Wave|p1a: Corviknight
|-status|p1a: Corviknight|par
|
|upkeep
|turn|33
|
|t:|1666453398
|switch|p1a: Tapu Lele|Tapu Lele|100/100 par
|-fieldstart|move: Psychic Terrain|[from] ability: Psychic Surge|[of] p1a: Tapu Lele
|move|p2a: Ferrothorn|Leech Seed|p1a: Tapu Lele
|-start|p1a: Tapu Lele|move: Leech Seed
|
|-damage|p1a: Tapu Lele|88/100 par|[from] Leech Seed|[of] p2a: Ferrothorn
|upkeep
|turn|34
|
|t:|1666453404
|switch|p2a: Tornadus|Tornadus-Therian, M|99/100 par
|move|p1a: Tapu Lele|Future Sight|p2a: Tornadus
|-start|p1a: Tapu Lele|move: Future Sight
|
|-damage|p1a: Tapu Lele|76/100 par|[from] Leech Seed|[of] p2a: Tornadus
|-heal|p2a: Tornadus|100/100 par|[silent]
|upkeep
|turn|35
|
|t:|1666453409
|switch|p1a: Garchomp|Garchomp, F|78/100
|move|p2a: Tornadus|U-turn|p1a: Garchomp
|-damage|p1a: Garchomp|62/100
|-damage|p2a: Tornadus|88/100 par|[from] ability: Rough Skin|[of] p1a: Garchomp
|
|t:|1666453414
|switch|p2a: Weavile|Weavile, M|35/100|[from]move: U-turn
|
|-heal|p1a: Garchomp|69/100|[from] item: Leftovers
|upkeep
|turn|36
|
|t:|1666453422
|move|p2a: Weavile|Knock Off|p1a: Garchomp
|-damage|p1a: Garchomp|25/100
|-damage|p2a: Weavile|23/100|[from] ability: Rough Skin|[of] p1a: Garchomp
|-enditem|p1a: Garchomp|Leftovers|[from] move: Knock Off|[of] p2a: Weavile
|move|p1a: Garchomp|Earthquake|p2a: Weavile
|-damage|p2a: Weavile|0 fnt
|faint|p2a: Weavile
|
|-hint|Future Sight did not hit because the target is fainted.
|upkeep
|
|t:|1666453436
|switch|p2a: Blacephalon|Blacephalon|67/100
|turn|37
|
|t:|1666453445
|switch|p1a: Blissey|Blissey, F|46/100
|move|p2a: Blacephalon|Overheat|p1a: Blissey
|-damage|p1a: Blissey|18/100
|-unboost|p2a: Blacephalon|spa|2
|
|-fieldend|move: Psychic Terrain
|upkeep
|turn|38
|
|t:|1666453472
|move|p2a: Blacephalon|Overheat|p1a: Blissey
|-damage|p1a: Blissey|5/100
|-unboost|p2a: Blacephalon|spa|2
|move|p1a: Blissey|Wish|p1a: Blissey
|
|upkeep
|turn|39
|
|t:|1666453475
|switch|p1a: Garchomp|Garchomp, F|25/100
|move|p2a: Blacephalon|Overheat|p1a: Garchomp
|-resisted|p1a: Garchomp
|-damage|p1a: Garchomp|14/100
|-unboost|p2a: Blacephalon|spa|2
|
|-heal|p1a: Garchomp|99/100|[from] move: Wish|[wisher] Blissey
|upkeep
|turn|40
|
|t:|1666453486
|switch|p2a: Landorus|Landorus-Therian, M|34/100 tox
|-ability|p2a: Landorus|Intimidate|boost
|-unboost|p1a: Garchomp|atk|1
|switch|p1a: Tapu Lele|Tapu Lele|76/100 par
|-fieldstart|move: Psychic Terrain|[from] ability: Psychic Surge|[of] p1a: Tapu Lele
|
|-heal|p2a: Landorus|40/100 tox|[from] item: Leftovers
|-damage|p2a: Landorus|34/100 tox|[from] psn
|upkeep
|turn|41
|
|t:|1666453497
|cant|p1a: Tapu Lele|par
|move|p2a: Landorus|Stealth Rock|p1a: Tapu Lele
|-sidestart|p1: Scoots Mgee|move: Stealth Rock
|
|-heal|p2a: Landorus|40/100 tox|[from] item: Leftovers
|-damage|p2a: Landorus|28/100 tox|[from] psn
|upkeep
|turn|42
|
|t:|1666453504
|switch|p2a: Ferrothorn|Ferrothorn, M|100/100
|cant|p1a: Tapu Lele|par
|
|upkeep
|turn|43
|
|t:|1666453510
|cant|p1a: Tapu Lele|par
|move|p2a: Ferrothorn|Leech Seed|p1a: Tapu Lele
|-start|p1a: Tapu Lele|move: Leech Seed
|
|-damage|p1a: Tapu Lele|63/100 par|[from] Leech Seed|[of] p2a: Ferrothorn
|upkeep
|turn|44
|
|t:|1666453517
|move|p1a: Tapu Lele|Focus Blast|p2a: Ferrothorn|[miss]
|-miss|p1a: Tapu Lele|p2a: Ferrothorn
|move|p2a: Ferrothorn|Spikes|p1a: Tapu Lele
|-sidestart|p1: Scoots Mgee|Spikes
|
|-damage|p1a: Tapu Lele|51/100 par|[from] Leech Seed|[of] p2a: Ferrothorn
|-fieldend|move: Psychic Terrain
|upkeep
|turn|45
|c|☆Scoots Mgee|Luckiest player alive
|-message|Scoots Mgee forfeited.
|
|win|HQSNonsense
|raw|Scoots Mgee's rating: 1533 &rarr; <strong>1519</strong><br />(-14 for losing)
|raw|HQSNonsense's rating: 1650 &rarr; <strong>1664</strong><br />(+14 for winning)
|l|☆Scoots Mgee
