|j|☆HOWS THAT?
|j|☆4funaccount
|player|p1|HOWS THAT?|whitney|1797
|player|p2|4funaccount|volkner|1747
|teamsize|p1|6
|teamsize|p2|6
|gametype|singles
|gen|8
|tier|[Gen 8] OU
|rated|
|clearpoke
|poke|p1|Grimmsnarl, M|
|poke|p1|Sandaconda, F|
|poke|p1|Togekiss, M|
|poke|p1|Cinderace, M|
|poke|p1|Aegislash, M|
|poke|p1|Cloyster, F|
|poke|p2|Toxapex, M|
|poke|p2|Sylveon, M|
|poke|p2|Corviknight, F|
|poke|p2|Machamp, F|
|poke|p2|Seismitoad, F|
|poke|p2|Chandelure, F|
|rule|Sleep Clause Mod: Limit one foe put to sleep
|rule|Species Clause: Limit one of each Pokémon
|rule|OHKO Clause: OHKO moves are banned
|rule|Evasion Moves Clause: Evasion moves are banned
|rule|Endless Battle Clause: Forcing endless battles is banned
|rule|HP Percentage Mod: HP is shown in percentages
|rule|Dynamax Clause: You cannot dynamax
|teampreview
|
|start
|switch|p1a: Sandaconda|Sandaconda, F|100/100
|switch|p2a: Toxapex|Toxapex, M|100/100
|turn|1
|j| Celtis Laddering
|
|move|p1a: Sandaconda|Stealth Rock|p2a: Toxapex
|-sidestart|p2: 4funaccount|move: Stealth Rock
|move|p2a: Toxapex|Scald|p1a: Sandaconda
|-supereffective|p1a: Sandaconda
|-enditem|p1a: Sandaconda|Passho Berry|[eat]
|-enditem|p1a: Sandaconda|Passho Berry|[weaken]
|-damage|p1a: Sandaconda|79/100
|-weather|Sandstorm|[from] ability: Sand Spit|[of] p1a: Sandaconda
|-status|p1a: Sandaconda|brn
|
|-weather|Sandstorm|[upkeep]
|-damage|p2a: Toxapex|94/100|[from] Sandstorm
|-damage|p1a: Sandaconda|73/100 brn|[from] brn
|upkeep
|turn|2
|inactive|Battle timer is ON: inactive players will automatically lose when time's up. (requested by HOWS THAT?)
|
|move|p1a: Sandaconda|Glare|p2a: Toxapex
|-status|p2a: Toxapex|par
|move|p2a: Toxapex|Toxic||[still]
|-fail|p2a: Toxapex
|
|-weather|Sandstorm|[upkeep]
|-damage|p2a: Toxapex|88/100 par|[from] Sandstorm
|-damage|p1a: Sandaconda|67/100 brn|[from] brn
|upkeep
|turn|3
|
|move|p1a: Sandaconda|Earthquake|p2a: Toxapex
|-supereffective|p2a: Toxapex
|-damage|p2a: Toxapex|66/100 par
|move|p2a: Toxapex|Toxic||[still]
|-fail|p2a: Toxapex
|
|-weather|Sandstorm|[upkeep]
|-damage|p2a: Toxapex|60/100 par|[from] Sandstorm
|-damage|p1a: Sandaconda|61/100 brn|[from] brn
|upkeep
|turn|4
|
|switch|p1a: Togekiss|Togekiss, M|100/100
|move|p2a: Toxapex|Recover|p2a: Toxapex
|-heal|p2a: Toxapex|100/100 par
|
|-weather|Sandstorm|[upkeep]
|-damage|p1a: Togekiss|94/100|[from] Sandstorm
|-damage|p2a: Toxapex|94/100 par|[from] Sandstorm
|upkeep
|turn|5
|
|move|p1a: Togekiss|Trick|p2a: Toxapex
|-activate|p1a: Togekiss|move: Trick|[of] p2a: Toxapex
|-item|p2a: Toxapex|Choice Scarf|[from] move: Trick
|-item|p1a: Togekiss|Shed Shell|[from] move: Trick
|move|p2a: Toxapex|Toxic|p1a: Togekiss
|-status|p1a: Togekiss|tox
|
|-weather|none
|-damage|p1a: Togekiss|88/100 tox|[from] psn
|upkeep
|turn|6
|
|switch|p1a: Aegislash|Aegislash, M|100/100
|switch|p2a: Sylveon|Sylveon, M|100/100
|-damage|p2a: Sylveon|88/100|[from] Stealth Rock
|
|-heal|p2a: Sylveon|94/100|[from] item: Leftovers
|upkeep
|turn|7
|
|switch|p2a: Seismitoad|Seismitoad, F|100/100
|-damage|p2a: Seismitoad|94/100|[from] Stealth Rock
|move|p1a: Aegislash|Swords Dance|p1a: Aegislash
|-boost|p1a: Aegislash|atk|2
|
|-heal|p2a: Seismitoad|100/100|[from] item: Leftovers
|upkeep
|turn|8
|
|move|p1a: Aegislash|Swords Dance|p1a: Aegislash
|-boost|p1a: Aegislash|atk|2
|move|p2a: Seismitoad|Earthquake|p1a: Aegislash
|-supereffective|p1a: Aegislash
|-enditem|p1a: Aegislash|Shuca Berry|[eat]
|-enditem|p1a: Aegislash|Shuca Berry|[weaken]
|-damage|p1a: Aegislash|67/100
|
|upkeep
|turn|9
|
|-formechange|p1a: Aegislash|Aegislash-Blade||[from] ability: Stance Change
|move|p1a: Aegislash|Close Combat|p2a: Seismitoad
|-damage|p2a: Seismitoad|1/100
|-unboost|p1a: Aegislash|def|1
|-unboost|p1a: Aegislash|spd|1
|move|p2a: Seismitoad|Earthquake|p1a: Aegislash
|-supereffective|p1a: Aegislash
|-damage|p1a: Aegislash|0 fnt
|faint|p1a: Aegislash
|
|-heal|p2a: Seismitoad|7/100|[from] item: Leftovers
|upkeep
|
|switch|p1a: Cinderace|Cinderace, M|100/100
|turn|10
|
|switch|p2a: Toxapex|Toxapex, M|100/100 par
|-damage|p2a: Toxapex|88/100 par|[from] Stealth Rock
|move|p1a: Cinderace|Pyro Ball|p2a: Toxapex|[miss]
|-miss|p1a: Cinderace|p2a: Toxapex
|
|upkeep
|turn|11
|
|move|p1a: Cinderace|U-turn|p2a: Toxapex
|-resisted|p2a: Toxapex
|-damage|p2a: Toxapex|81/100 par
|
|switch|p1a: Togekiss|Togekiss, M|88/100 tox|[from]move: U-turn
|move|p2a: Toxapex|Toxic|p1a: Togekiss
|-fail|p1a: Togekiss|tox
|
|-damage|p1a: Togekiss|82/100 tox|[from] psn
|upkeep
|turn|12
|
|switch|p1a: Cloyster|Cloyster, F|100/100
|switch|p2a: Sylveon|Sylveon, M|94/100
|-damage|p2a: Sylveon|82/100|[from] Stealth Rock
|
|-heal|p2a: Sylveon|88/100|[from] item: Leftovers
|upkeep
|turn|13
|
|move|p1a: Cloyster|Icicle Spear|p2a: Sylveon
|-damage|p2a: Sylveon|76/100
|-damage|p2a: Sylveon|63/100
|-damage|p2a: Sylveon|51/100
|-damage|p2a: Sylveon|38/100
|-damage|p2a: Sylveon|27/100
|-hitcount|p2a: Sylveon|5
|move|p2a: Sylveon|Hyper Voice|p1a: Cloyster
|-damage|p1a: Cloyster|0 fnt
|faint|p1a: Cloyster
|
|-heal|p2a: Sylveon|33/100|[from] item: Leftovers
|upkeep
|
|switch|p1a: Grimmsnarl|Grimmsnarl, M|100/100
|turn|14
|j| Caheolenbo
|
|switch|p2a: Corviknight|Corviknight, F|100/100
|-damage|p2a: Corviknight|88/100|[from] Stealth Rock
|-ability|p2a: Corviknight|Pressure
|move|p1a: Grimmsnarl|Spirit Break|p2a: Corviknight
|-resisted|p2a: Corviknight
|-damage|p2a: Corviknight|71/100
|-unboost|p2a: Corviknight|spa|1
|-damage|p1a: Grimmsnarl|91/100|[from] item: Life Orb
|
|-heal|p2a: Corviknight|78/100|[from] item: Leftovers
|upkeep
|turn|15
|
|move|p1a: Grimmsnarl|Thunder Wave|p2a: Corviknight
|-status|p2a: Corviknight|par
|move|p2a: Corviknight|Defog|p1a: Grimmsnarl
|-unboost|p1a: Grimmsnarl|evasion|1
|-sideend|p2: 4funaccount|Stealth Rock|[from] move: Defog|[of] p2a: Corviknight
|
|-heal|p2a: Corviknight|84/100 par|[from] item: Leftovers
|upkeep
|turn|16
|l| Caheolenbo
|j| in the membrane
|
|move|p1a: Grimmsnarl|Superpower|p2a: Corviknight
|-damage|p2a: Corviknight|50/100 par
|-unboost|p1a: Grimmsnarl|atk|1
|-unboost|p1a: Grimmsnarl|def|1
|-damage|p1a: Grimmsnarl|81/100|[from] item: Life Orb
|cant|p2a: Corviknight|par
|
|-heal|p2a: Corviknight|57/100 par|[from] item: Leftovers
|upkeep
|turn|17
|
|switch|p1a: Cinderace|Cinderace, M|100/100
|move|p2a: Corviknight|Roost|p2a: Corviknight
|-heal|p2a: Corviknight|100/100 par
|-singleturn|p2a: Corviknight|move: Roost
|
|upkeep
|turn|18
|
|switch|p2a: Toxapex|Toxapex, M|100/100 par
|move|p1a: Cinderace|Pyro Ball|p2a: Toxapex
|-resisted|p2a: Toxapex
|-damage|p2a: Toxapex|83/100 par
|
|upkeep
|turn|19
|
|move|p1a: Cinderace|U-turn|p2a: Toxapex
|-resisted|p2a: Toxapex
|-damage|p2a: Toxapex|76/100 par
|
|switch|p1a: Sandaconda|Sandaconda, F|61/100 brn|[from]move: U-turn
|move|p2a: Toxapex|Scald|p1a: Sandaconda
|-supereffective|p1a: Sandaconda
|-damage|p1a: Sandaconda|15/100 brn
|-weather|Sandstorm|[from] ability: Sand Spit|[of] p1a: Sandaconda
|
|-weather|Sandstorm|[upkeep]
|-damage|p2a: Toxapex|70/100 par|[from] Sandstorm
|-damage|p1a: Sandaconda|9/100 brn|[from] brn
|upkeep
|turn|20
|
|switch|p2a: Corviknight|Corviknight, F|100/100 par
|-ability|p2a: Corviknight|Pressure
|move|p1a: Sandaconda|Stealth Rock|p2a: Corviknight
|-sidestart|p2: 4funaccount|move: Stealth Rock
|
|-weather|Sandstorm|[upkeep]
|-damage|p1a: Sandaconda|3/100 brn|[from] brn
|upkeep
|turn|21
|
|move|p1a: Sandaconda|Body Press|p2a: Corviknight
|-damage|p2a: Corviknight|92/100 par
|cant|p2a: Corviknight|par
|
|-weather|Sandstorm|[upkeep]
|-heal|p2a: Corviknight|98/100 par|[from] item: Leftovers
|-damage|p1a: Sandaconda|0 fnt|[from] brn
|faint|p1a: Sandaconda
|upkeep
|
|switch|p1a: Cinderace|Cinderace, M|100/100
|turn|22
|
|switch|p2a: Toxapex|Toxapex, M|100/100 par
|-damage|p2a: Toxapex|88/100 par|[from] Stealth Rock
|move|p1a: Cinderace|Pyro Ball|p2a: Toxapex
|-resisted|p2a: Toxapex
|-damage|p2a: Toxapex|69/100 par
|
|-weather|Sandstorm|[upkeep]
|-damage|p1a: Cinderace|95/100|[from] Sandstorm
|-damage|p2a: Toxapex|63/100 par|[from] Sandstorm
|upkeep
|turn|23
|
|move|p1a: Cinderace|Pyro Ball|p2a: Toxapex
|-resisted|p2a: Toxapex
|-damage|p2a: Toxapex|45/100 par
|move|p2a: Toxapex|Scald|p1a: Cinderace
|-supereffective|p1a: Cinderace
|-damage|p1a: Cinderace|44/100
|
|-weather|none
|upkeep
|turn|24
|
|move|p1a: Cinderace|U-turn|p2a: Toxapex
|-resisted|p2a: Toxapex
|-damage|p2a: Toxapex|38/100 par
|
|switch|p1a: Togekiss|Togekiss, M|82/100 tox|[from]move: U-turn
|cant|p2a: Toxapex|par
|
|-damage|p1a: Togekiss|76/100 tox|[from] psn
|upkeep
|turn|25
|
|switch|p2a: Seismitoad|Seismitoad, F|7/100
|-damage|p2a: Seismitoad|1/100|[from] Stealth Rock
|move|p1a: Togekiss|Air Slash|p2a: Seismitoad
|-damage|p2a: Seismitoad|0 fnt
|faint|p2a: Seismitoad
|
|-damage|p1a: Togekiss|64/100 tox|[from] psn
|upkeep
|
|switch|p2a: Chandelure|Chandelure, F|100/100
|-damage|p2a: Chandelure|76/100|[from] Stealth Rock
|turn|26
|
|move|p2a: Chandelure|Flamethrower|p1a: Togekiss
|-damage|p1a: Togekiss|18/100 tox
|move|p1a: Togekiss|Air Slash|p2a: Chandelure
|-damage|p2a: Chandelure|23/100
|
|-damage|p1a: Togekiss|0 fnt|[from] psn
|faint|p1a: Togekiss
|upkeep
|
|switch|p1a: Cinderace|Cinderace, M|44/100
|turn|27
|
|move|p1a: Cinderace|Sucker Punch|p2a: Chandelure
|-supereffective|p2a: Chandelure
|-crit|p2a: Chandelure
|-damage|p2a: Chandelure|0 fnt
|faint|p2a: Chandelure
|
|upkeep
|
|switch|p2a: Toxapex|Toxapex, M|72/100 par
|-damage|p2a: Toxapex|59/100 par|[from] Stealth Rock
|turn|28
|
|switch|p1a: Grimmsnarl|Grimmsnarl, M|81/100
|move|p2a: Toxapex|Scald|p1a: Grimmsnarl
|-damage|p1a: Grimmsnarl|59/100
|
|upkeep
|turn|29
|j| nmb0046
|
|switch|p2a: Corviknight|Corviknight, F|98/100 par
|-damage|p2a: Corviknight|86/100 par|[from] Stealth Rock
|-ability|p2a: Corviknight|Pressure
|move|p1a: Grimmsnarl|Spirit Break|p2a: Corviknight
|-resisted|p2a: Corviknight
|-damage|p2a: Corviknight|70/100 par
|-unboost|p2a: Corviknight|spa|1
|-damage|p1a: Grimmsnarl|49/100|[from] item: Life Orb
|
|-heal|p2a: Corviknight|76/100 par|[from] item: Leftovers
|upkeep
|turn|30
|
|move|p1a: Grimmsnarl|Superpower|p2a: Corviknight
|-damage|p2a: Corviknight|45/100 par
|-unboost|p1a: Grimmsnarl|atk|1
|-unboost|p1a: Grimmsnarl|def|1
|-damage|p1a: Grimmsnarl|39/100|[from] item: Life Orb
|move|p2a: Corviknight|Brave Bird|p1a: Grimmsnarl
|-damage|p1a: Grimmsnarl|0 fnt
|-damage|p2a: Corviknight|34/100 par|[from] Recoil
|faint|p1a: Grimmsnarl
|
|-heal|p2a: Corviknight|41/100 par|[from] item: Leftovers
|upkeep
|
|switch|p1a: Cinderace|Cinderace, M|44/100
|turn|31
|
|move|p1a: Cinderace|Pyro Ball|p2a: Corviknight
|-supereffective|p2a: Corviknight
|-damage|p2a: Corviknight|0 fnt
|faint|p2a: Corviknight
|
|upkeep
|
|switch|p2a: Toxapex|Toxapex, M|92/100 par
|-damage|p2a: Toxapex|80/100 par|[from] Stealth Rock
|turn|32
|
|move|p1a: Cinderace|Pyro Ball|p2a: Toxapex
|-resisted|p2a: Toxapex
|-crit|p2a: Toxapex
|-damage|p2a: Toxapex|51/100 par
|cant|p2a: Toxapex|par
|
|upkeep
|turn|33
|
|move|p1a: Cinderace|Sucker Punch|p2a: Toxapex
|-damage|p2a: Toxapex|37/100 par
|move|p2a: Toxapex|Scald|p1a: Cinderace
|-supereffective|p1a: Cinderace
|-damage|p1a: Cinderace|0 fnt
|faint|p1a: Cinderace
|
|win|4funaccount
|raw|HOWS THAT?'s rating: 1797 &rarr; <strong>1774</strong><br />(-23 for losing)
|raw|4funaccount's rating: 1747 &rarr; <strong>1770</strong><br />(+23 for winning)
|l|☆HOWS THAT?
