|j|☆noaue2020
|j|☆Rorschach I
|player|p1|noaue2020|unknown|1748
|player|p2|Rorschach I|cynthia|1712
|teamsize|p1|6
|teamsize|p2|6
|gametype|singles
|gen|8
|tier|[Gen 8] OU
|rated|
|clearpoke
|poke|p1|Bewear, M|
|poke|p1|Toxapex, M|
|poke|p1|Corviknight, F|
|poke|p1|Reuniclus, F|
|poke|p1|Mew|
|poke|p1|Clefable, M|
|poke|p2|Terrakion|
|poke|p2|Aegislash, M|
|poke|p2|Crawdaunt, F|
|poke|p2|Zeraora|
|poke|p2|Kyurem|
|poke|p2|Togekiss, M|
|rule|Sleep Clause Mod: Limit one foe put to sleep
|rule|Species Clause: Limit one of each Pokémon
|rule|OHKO Clause: OHKO moves are banned
|rule|Evasion Moves Clause: Evasion moves are banned
|rule|Endless Battle Clause: Forcing endless battles is banned
|rule|HP Percentage Mod: HP is shown in percentages
|rule|Dynamax Clause: You cannot dynamax
|teampreview
|
|start
|switch|p1a: OCD|Reuniclus, F|100/100
|switch|p2a: Terrakion|Terrakion|100/100
|turn|1
|
|switch|p1a: 71 IQ|Bewear, M|100/100
|move|p2a: Terrakion|Stealth Rock|p1a: 71 IQ
|-sidestart|p1: noaue2020|move: Stealth Rock
|
|upkeep
|turn|2
|
|switch|p2a: Togekiss|Togekiss, M|100/100
|move|p1a: 71 IQ|Iron Head|p2a: Togekiss
|-supereffective|p2a: Togekiss
|-damage|p2a: Togekiss|45/100
|
|upkeep
|turn|3
|j| Zombini62
|
|move|p2a: Togekiss|Air Slash|p1a: 71 IQ
|-supereffective|p1a: 71 IQ
|-damage|p1a: 71 IQ|14/100
|move|p1a: 71 IQ|Iron Head|p2a: Togekiss
|-supereffective|p2a: Togekiss
|-damage|p2a: Togekiss|0 fnt
|faint|p2a: Togekiss
|
|upkeep
|j| Chrom5
|
|switch|p2a: Kyurem|Kyurem|100/100
|-ability|p2a: Kyurem|Pressure
|turn|4
|l| Chrom5
|
|switch|p1a: OCD|Reuniclus, F|100/100
|-damage|p1a: OCD|88/100|[from] Stealth Rock
|move|p2a: Kyurem|Freeze-Dry|p1a: OCD
|-damage|p1a: OCD|62/100
|
|upkeep
|turn|5
|
|move|p2a: Kyurem|Freeze-Dry|p1a: OCD
|-damage|p1a: OCD|38/100
|move|p1a: OCD|Knock Off|p2a: Kyurem
|-damage|p2a: Kyurem|85/100
|-enditem|p2a: Kyurem|Choice Specs|[from] move: Knock Off|[of] p1a: OCD
|
|upkeep
|turn|6
|
|move|p2a: Kyurem|Ice Beam|p1a: OCD
|-damage|p1a: OCD|17/100
|move|p1a: OCD|Future Sight|p2a: Kyurem
|-start|p1a: OCD|move: Future Sight
|
|upkeep
|turn|7
|
|switch|p1a: dotard|Clefable, M|100/100
|-damage|p1a: dotard|88/100|[from] Stealth Rock
|move|p2a: Kyurem|Draco Meteor|p1a: dotard
|-immune|p1a: dotard
|
|-heal|p1a: dotard|94/100|[from] item: Leftovers
|upkeep
|turn|8
|
|switch|p2a: Aegislash|Aegislash, M|100/100
|-item|p2a: Aegislash|Air Balloon
|move|p1a: dotard|Moonblast|p2a: Aegislash
|-resisted|p2a: Aegislash
|-damage|p2a: Aegislash|85/100
|-enditem|p2a: Aegislash|Air Balloon
|
|-end|p2a: Aegislash|move: Future Sight
|-resisted|p2a: Aegislash
|-damage|p2a: Aegislash|63/100
|-heal|p1a: dotard|99/100|[from] item: Leftovers
|upkeep
|turn|9
|
|switch|p1a: Borderline|Toxapex, M|100/100
|-damage|p1a: Borderline|88/100|[from] Stealth Rock
|move|p2a: Aegislash|Swords Dance|p2a: Aegislash
|-boost|p2a: Aegislash|atk|2
|
|-heal|p1a: Borderline|94/100|[from] item: Black Sludge
|upkeep
|turn|10
|
|switch|p2a: Kyurem|Kyurem|85/100
|-ability|p2a: Kyurem|Pressure
|move|p1a: Borderline|Haze|p1a: Borderline
|-clearallboost
|
|-heal|p1a: Borderline|100/100|[from] item: Black Sludge
|upkeep
|turn|11
|
|move|p2a: Kyurem|Freeze-Dry|p1a: Borderline
|-supereffective|p1a: Borderline
|-damage|p1a: Borderline|39/100
|move|p1a: Borderline|Scald|p2a: Kyurem
|-resisted|p2a: Kyurem
|-damage|p2a: Kyurem|78/100
|
|-heal|p1a: Borderline|46/100|[from] item: Black Sludge
|upkeep
|turn|12
|
|switch|p1a: dotard|Clefable, M|99/100
|-damage|p1a: dotard|88/100|[from] Stealth Rock
|move|p2a: Kyurem|Freeze-Dry|p1a: dotard
|-damage|p1a: dotard|63/100
|
|-heal|p1a: dotard|69/100|[from] item: Leftovers
|upkeep
|turn|13
|
|move|p2a: Kyurem|Ice Beam|p1a: dotard
|-damage|p1a: dotard|38/100
|move|p1a: dotard|Wish|p1a: dotard
|
|-heal|p1a: dotard|44/100|[from] item: Leftovers
|upkeep
|turn|14
|
|switch|p2a: Aegislash|Aegislash, M|63/100
|move|p1a: dotard|Moonblast|p2a: Aegislash
|-resisted|p2a: Aegislash
|-damage|p2a: Aegislash|46/100
|-unboost|p2a: Aegislash|spa|1
|
|-heal|p1a: dotard|94/100|[from] move: Wish|[wisher] dotard
|-heal|p1a: dotard|100/100|[from] item: Leftovers
|upkeep
|turn|15
|
|-formechange|p2a: Aegislash|Aegislash-Blade||[from] ability: Stance Change
|move|p2a: Aegislash|Iron Head|p1a: dotard
|-supereffective|p1a: dotard
|-damage|p1a: dotard|0 fnt
|faint|p1a: dotard
|
|upkeep
|
|switch|p1a: Borderline|Toxapex, M|79/100
|-damage|p1a: Borderline|66/100|[from] Stealth Rock
|turn|16
|
|switch|p2a: Kyurem|Kyurem|78/100
|-ability|p2a: Kyurem|Pressure
|move|p1a: Borderline|Scald|p2a: Kyurem
|-resisted|p2a: Kyurem
|-damage|p2a: Kyurem|71/100
|
|-heal|p1a: Borderline|73/100|[from] item: Black Sludge
|upkeep
|turn|17
|
|switch|p1a: OCD|Reuniclus, F|51/100
|-damage|p1a: OCD|38/100|[from] Stealth Rock
|move|p2a: Kyurem|Freeze-Dry|p1a: OCD
|-crit|p1a: OCD
|-damage|p1a: OCD|13/100
|
|upkeep
|turn|18
|
|switch|p1a: 71 IQ|Bewear, M|14/100
|-damage|p1a: 71 IQ|7/100|[from] Stealth Rock
|move|p2a: Kyurem|Ice Beam|p1a: 71 IQ
|-damage|p1a: 71 IQ|0 fnt
|faint|p1a: 71 IQ
|
|upkeep
|
|switch|p1a: 1771 IQ|Mew|100/100
|-damage|p1a: 1771 IQ|88/100|[from] Stealth Rock
|turn|19
|
|move|p2a: Kyurem|Draco Meteor|p1a: 1771 IQ
|-damage|p1a: 1771 IQ|49/100
|-unboost|p2a: Kyurem|spa|2
|move|p1a: 1771 IQ|Imprison|p1a: 1771 IQ
|-start|p1a: 1771 IQ|move: Imprison
|
|-heal|p1a: 1771 IQ|55/100|[from] item: Leftovers
|upkeep
|turn|20
|inactive|Battle timer is ON: inactive players will automatically lose when time's up. (requested by noaue2020)
|
|switch|p2a: Terrakion|Terrakion|100/100
|move|p1a: 1771 IQ|Soft-Boiled|p1a: 1771 IQ
|-heal|p1a: 1771 IQ|100/100
|
|upkeep
|turn|21
|
|move|p2a: Terrakion|Taunt|p1a: 1771 IQ
|-start|p1a: 1771 IQ|move: Taunt
|cant|p1a: 1771 IQ|move: Taunt|Transform
|
|upkeep
|turn|22
|
|switch|p1a: Corviknight|Corviknight, F|100/100
|-damage|p1a: Corviknight|88/100|[from] Stealth Rock
|-ability|p1a: Corviknight|Pressure
|move|p2a: Terrakion|Stone Edge|p1a: Corviknight
|-damage|p1a: Corviknight|59/100
|
|-heal|p1a: Corviknight|65/100|[from] item: Leftovers
|upkeep
|turn|23
|
|move|p2a: Terrakion|Taunt|p1a: Corviknight
|-start|p1a: Corviknight|move: Taunt
|move|p1a: Corviknight|Iron Head|p2a: Terrakion
|-supereffective|p2a: Terrakion
|-crit|p2a: Terrakion
|-damage|p2a: Terrakion|15/100
|
|-heal|p1a: Corviknight|71/100|[from] item: Leftovers
|upkeep
|turn|24
|
|move|p2a: Terrakion|Close Combat|p1a: Corviknight
|-damage|p1a: Corviknight|36/100
|-unboost|p2a: Terrakion|def|1
|-unboost|p2a: Terrakion|spd|1
|move|p1a: Corviknight|Body Press|p2a: Terrakion
|-supereffective|p2a: Terrakion
|-damage|p2a: Terrakion|0 fnt
|faint|p2a: Terrakion
|
|-heal|p1a: Corviknight|42/100|[from] item: Leftovers
|upkeep
|
|switch|p2a: Crawdaunt|Crawdaunt, F|100/100
|turn|25
|
|move|p2a: Crawdaunt|Knock Off|p1a: Corviknight
|-damage|p1a: Corviknight|0 fnt
|-enditem|p1a: Corviknight|Leftovers|[from] move: Knock Off|[of] p2a: Crawdaunt
|-damage|p2a: Crawdaunt|91/100|[from] item: Life Orb
|faint|p1a: Corviknight
|
|upkeep
|
|switch|p1a: Borderline|Toxapex, M|100/100
|-damage|p1a: Borderline|88/100|[from] Stealth Rock
|turn|26
|
|switch|p2a: Kyurem|Kyurem|71/100
|-ability|p2a: Kyurem|Pressure
|move|p1a: Borderline|Recover|p1a: Borderline
|-heal|p1a: Borderline|100/100
|
|upkeep
|turn|27
|
|switch|p1a: OCD|Reuniclus, F|46/100
|-damage|p1a: OCD|34/100|[from] Stealth Rock
|move|p2a: Kyurem|Ice Beam|p1a: OCD
|-damage|p1a: OCD|15/100
|-status|p1a: OCD|frz
|
|upkeep
|turn|28
|
|switch|p1a: 1771 IQ|Mew|100/100
|-damage|p1a: 1771 IQ|88/100|[from] Stealth Rock
|move|p2a: Kyurem|Freeze-Dry|p1a: 1771 IQ
|-damage|p1a: 1771 IQ|64/100
|
|-heal|p1a: 1771 IQ|71/100|[from] item: Leftovers
|upkeep
|turn|29
|
|move|p2a: Kyurem|Ice Beam|p1a: 1771 IQ
|-damage|p1a: 1771 IQ|41/100
|move|p1a: 1771 IQ|Imprison|p1a: 1771 IQ
|-start|p1a: 1771 IQ|move: Imprison
|
|-heal|p1a: 1771 IQ|47/100|[from] item: Leftovers
|upkeep
|turn|30
|
|switch|p2a: Crawdaunt|Crawdaunt, F|91/100
|move|p1a: 1771 IQ|Soft-Boiled|p1a: 1771 IQ
|-heal|p1a: 1771 IQ|97/100
|
|-heal|p1a: 1771 IQ|100/100|[from] item: Leftovers
|upkeep
|turn|31
|
|move|p1a: 1771 IQ|Transform|p2a: Crawdaunt
|-transform|p1a: 1771 IQ|p2a: Crawdaunt
|-endability|p1a: 1771 IQ|Synchronize|[from] move: Transform
|cant|p2a: Crawdaunt|move: Imprison|Knock Off
|
|upkeep
|turn|32
|
|switch|p2a: Aegislash|Aegislash, M|46/100
|move|p1a: 1771 IQ|Knock Off|p2a: Aegislash
|-supereffective|p2a: Aegislash
|-crit|p2a: Aegislash
|-damage|p2a: Aegislash|0 fnt
|faint|p2a: Aegislash
|
|upkeep
|inactive|Rorschach I has 120 seconds left.
|
|switch|p2a: Kyurem|Kyurem|71/100
|-ability|p2a: Kyurem|Pressure
|turn|33
|
|switch|p1a: OCD|Reuniclus, F|49/100 frz
|-damage|p1a: OCD|36/100 frz|[from] Stealth Rock
|move|p2a: Kyurem|Freeze-Dry|p1a: OCD
|-damage|p1a: OCD|20/100 frz
|
|upkeep
|turn|34
|
|switch|p2a: Crawdaunt|Crawdaunt, F|91/100
|cant|p1a: OCD|frz
|
|upkeep
|turn|35
|
|move|p2a: Crawdaunt|Swords Dance|p2a: Crawdaunt
|-boost|p2a: Crawdaunt|atk|2
|cant|p1a: OCD|frz
|
|upkeep
|turn|36
|
|move|p2a: Crawdaunt|Knock Off|p1a: OCD
|-supereffective|p1a: OCD
|-damage|p1a: OCD|0 fnt
|-enditem|p1a: OCD|Assault Vest|[from] move: Knock Off|[of] p2a: Crawdaunt
|-damage|p2a: Crawdaunt|81/100|[from] item: Life Orb
|faint|p1a: OCD
|
|upkeep
|
|switch|p1a: Borderline|Toxapex, M|100/100
|-damage|p1a: Borderline|88/100|[from] Stealth Rock
|turn|37
|
|move|p1a: Borderline|Baneful Bunker|p1a: Borderline
|-singleturn|p1a: Borderline|move: Protect
|move|p2a: Crawdaunt|Swords Dance|p2a: Crawdaunt
|-boost|p2a: Crawdaunt|atk|2
|
|-heal|p1a: Borderline|94/100|[from] item: Black Sludge
|upkeep
|turn|38
|
|move|p2a: Crawdaunt|Knock Off|p1a: Borderline
|-damage|p1a: Borderline|0 fnt
|-enditem|p1a: Borderline|Black Sludge|[from] move: Knock Off|[of] p2a: Crawdaunt
|-damage|p2a: Crawdaunt|71/100|[from] item: Life Orb
|faint|p1a: Borderline
|
|upkeep
|c|☆noaue2020|gg
|-message|noaue2020 forfeited.
|
|win|Rorschach I
