|j|☆eeraa
|j|☆4funaccount
|player|p1|eeraa|ninjaboy|1878
|player|p2|4funaccount|volkner|1866
|teamsize|p1|6
|teamsize|p2|6
|gametype|singles
|gen|8
|tier|[Gen 8] OU
|rated|
|clearpoke
|poke|p1|Ninetales-Alola, F|
|poke|p1|Corviknight, M|
|poke|p1|Weezing-Galar, F|
|poke|p1|Rotom-Heat|
|poke|p1|Clefable, F|
|poke|p1|Kommo-o, M|
|poke|p2|Mandibuzz, F|
|poke|p2|Togekiss, F|
|poke|p2|Dugtrio, M|
|poke|p2|Clefable, F|
|poke|p2|Toxapex, M|
|poke|p2|Seismitoad, M|
|rule|Sleep Clause Mod: Limit one foe put to sleep
|rule|Species Clause: Limit one of each Pokémon
|rule|OHKO Clause: OHKO moves are banned
|rule|Evasion Moves Clause: Evasion moves are banned
|rule|Endless Battle Clause: Forcing endless battles is banned
|rule|HP Percentage Mod: HP is shown in percentages
|rule|Dynamax Clause: You cannot dynamax
|teampreview
|j| tapu moxo
|j| hiimboredinclassrn
|j| cheekymoq23
|j|‽Bopperzz@!
|inactive|Battle timer is ON: inactive players will automatically lose when time's up. (requested by 4funaccount)
|
|start
|switch|p1a: Kommo-o|Kommo-o, M|100/100
|switch|p2a: Togekiss|Togekiss, F|100/100
|turn|1
|
|switch|p1a: Rotom|Rotom-Heat, shiny|100/100
|move|p2a: Togekiss|Trick|p1a: Rotom
|-activate|p2a: Togekiss|move: Trick|[of] p1a: Rotom
|-item|p1a: Rotom|Choice Scarf|[from] move: Trick
|-item|p2a: Togekiss|Heavy-Duty Boots|[from] move: Trick
|
|upkeep
|turn|2
|
|switch|p2a: Seismitoad|Seismitoad, M|100/100
|move|p1a: Rotom|Toxic|p2a: Seismitoad
|-status|p2a: Seismitoad|tox
|
|-damage|p2a: Seismitoad|94/100 tox|[from] psn
|upkeep
|turn|3
|j| Tini Strokes
|
|switch|p1a: Kommo-o|Kommo-o, M|100/100
|move|p2a: Seismitoad|Knock Off|p1a: Kommo-o
|-resisted|p1a: Kommo-o
|-damage|p1a: Kommo-o|94/100
|-enditem|p1a: Kommo-o|Leftovers|[from] move: Knock Off|[of] p2a: Seismitoad
|
|-heal|p2a: Seismitoad|100/100 tox|[from] item: Leftovers
|-damage|p2a: Seismitoad|88/100 tox|[from] psn
|upkeep
|turn|4
|j| Dickooooo
|
|move|p1a: Kommo-o|Stealth Rock|p2a: Seismitoad
|-sidestart|p2: 4funaccount|move: Stealth Rock
|move|p2a: Seismitoad|Toxic|p1a: Kommo-o
|-status|p1a: Kommo-o|tox
|
|-heal|p2a: Seismitoad|94/100 tox|[from] item: Leftovers
|-damage|p1a: Kommo-o|88/100 tox|[from] psn
|-damage|p2a: Seismitoad|76/100 tox|[from] psn
|upkeep
|turn|5
|j| Astral Step
|j| illuminati
|
|switch|p2a: Toxapex|Toxapex, M|100/100
|-damage|p2a: Toxapex|88/100|[from] Stealth Rock
|move|p1a: Kommo-o|Taunt|p2a: Toxapex
|-start|p2a: Toxapex|move: Taunt
|
|-heal|p2a: Toxapex|94/100|[from] item: Black Sludge
|-damage|p1a: Kommo-o|76/100 tox|[from] psn
|upkeep
|turn|6
|l| Dickooooo
|
|switch|p1a: Clefable|Clefable, F|100/100
|switch|p2a: Mandibuzz|Mandibuzz, F|100/100
|
|upkeep
|turn|7
|l|‽Bopperzz
|
|switch|p2a: Toxapex|Toxapex, M|100/100
|-damage|p2a: Toxapex|88/100|[from] Stealth Rock
|move|p1a: Clefable|Moonblast|p2a: Toxapex
|-resisted|p2a: Toxapex
|-damage|p2a: Toxapex|77/100
|
|-heal|p2a: Toxapex|83/100|[from] item: Black Sludge
|upkeep
|turn|8
|
|move|p1a: Clefable|Heal Bell|p1a: Clefable
|-activate|p1a: Clefable|move: Heal Bell
|-curestatus|p1: Kommo-o|tox|[msg]
|move|p2a: Toxapex|Scald|p1a: Clefable
|-damage|p1a: Clefable|88/100
|
|-heal|p1a: Clefable|94/100|[from] item: Leftovers
|-heal|p2a: Toxapex|90/100|[from] item: Black Sludge
|upkeep
|turn|9
|l| hiimboredinclassrn
|
|move|p1a: Clefable|Wish|p1a: Clefable
|move|p2a: Toxapex|Scald|p1a: Clefable
|-crit|p1a: Clefable
|-damage|p1a: Clefable|75/100
|
|-heal|p1a: Clefable|81/100|[from] item: Leftovers
|-heal|p2a: Toxapex|96/100|[from] item: Black Sludge
|upkeep
|turn|10
|
|switch|p1a: Ninetales|Ninetales-Alola, F, shiny|100/100
|-weather|Hail|[from] ability: Snow Warning|[of] p1a: Ninetales
|move|p2a: Toxapex|Scald|p1a: Ninetales
|-damage|p1a: Ninetales|81/100
|-status|p1a: Ninetales|brn
|
|-weather|Hail|[upkeep]
|-damage|p2a: Toxapex|90/100|[from] Hail
|-heal|p1a: Ninetales|100/100 brn|[from] move: Wish|[wisher] Clefable
|-heal|p2a: Toxapex|96/100|[from] item: Black Sludge
|-damage|p1a: Ninetales|95/100 brn|[from] brn
|upkeep
|turn|11
|
|switch|p2a: Clefable|Clefable, F|100/100
|move|p1a: Ninetales|Aurora Veil|p1a: Ninetales
|-sidestart|p1: eeraa|move: Aurora Veil
|
|-weather|Hail|[upkeep]
|-damage|p1a: Ninetales|89/100 brn|[from] brn
|upkeep
|turn|12
|j| RocketLife
|
|switch|p1a: Weezing|Weezing-Galar, F|100/100
|-ability|p1a: Weezing|Neutralizing Gas
|move|p2a: Clefable|Thunder Wave|p1a: Weezing
|-status|p1a: Weezing|par
|
|-weather|Hail|[upkeep]
|-damage|p2a: Clefable|94/100|[from] Hail
|-damage|p1a: Weezing|95/100 par|[from] Hail
|-heal|p2a: Clefable|100/100|[from] item: Leftovers
|-heal|p1a: Weezing|100/100 par|[from] item: Black Sludge
|upkeep
|turn|13
|
|switch|p2a: Toxapex|Toxapex, M|100/100
|-damage|p2a: Toxapex|88/100|[from] Stealth Rock
|cant|p1a: Weezing|par
|
|-weather|Hail|[upkeep]
|-damage|p2a: Toxapex|82/100|[from] Hail
|-damage|p1a: Weezing|95/100 par|[from] Hail
|-heal|p2a: Toxapex|88/100|[from] item: Black Sludge
|-heal|p1a: Weezing|100/100 par|[from] item: Black Sludge
|upkeep
|turn|14
|
|move|p2a: Toxapex|Scald|p1a: Weezing
|-damage|p1a: Weezing|91/100 par
|move|p1a: Weezing|Will-O-Wisp|p2a: Toxapex
|-status|p2a: Toxapex|brn
|
|-weather|none
|-heal|p2a: Toxapex|94/100 brn|[from] item: Black Sludge
|-heal|p1a: Weezing|97/100 par|[from] item: Black Sludge
|-damage|p2a: Toxapex|88/100 brn|[from] brn
|upkeep
|turn|15
|
|move|p2a: Toxapex|Scald|p1a: Weezing
|-damage|p1a: Weezing|88/100 par
|move|p1a: Weezing|Taunt|p2a: Toxapex
|-start|p2a: Toxapex|move: Taunt
|
|-heal|p2a: Toxapex|94/100 brn|[from] item: Black Sludge
|-heal|p1a: Weezing|94/100 par|[from] item: Black Sludge
|-damage|p2a: Toxapex|88/100 brn|[from] brn
|-sideend|p1: eeraa|move: Aurora Veil
|upkeep
|turn|16
|
|move|p2a: Toxapex|Scald|p1a: Weezing
|-damage|p1a: Weezing|74/100 par
|move|p1a: Weezing|Strange Steam|p2a: Toxapex
|-resisted|p2a: Toxapex
|-damage|p2a: Toxapex|77/100 brn
|
|-heal|p2a: Toxapex|83/100 brn|[from] item: Black Sludge
|-heal|p1a: Weezing|80/100 par|[from] item: Black Sludge
|-damage|p2a: Toxapex|77/100 brn|[from] brn
|upkeep
|turn|17
|
|switch|p2a: Clefable|Clefable, F|100/100
|-damage|p2a: Clefable|88/100|[from] Stealth Rock
|move|p1a: Weezing|Strange Steam|p2a: Clefable
|-damage|p2a: Clefable|69/100
|
|-heal|p2a: Clefable|75/100|[from] item: Leftovers
|-heal|p1a: Weezing|86/100 par|[from] item: Black Sludge
|upkeep
|turn|18
|l| Astral Step
|j| Lightchanseyy
|
|switch|p2a: Toxapex|Toxapex, M|77/100 brn
|-damage|p2a: Toxapex|65/100 brn|[from] Stealth Rock
|move|p1a: Weezing|Taunt|p2a: Toxapex
|-start|p2a: Toxapex|move: Taunt
|
|-heal|p2a: Toxapex|71/100 brn|[from] item: Black Sludge
|-heal|p1a: Weezing|92/100 par|[from] item: Black Sludge
|-damage|p2a: Toxapex|65/100 brn|[from] brn
|upkeep
|turn|19
|l| tapu moxo
|
|move|p2a: Toxapex|Scald|p1a: Weezing
|-damage|p1a: Weezing|71/100 par
|move|p1a: Weezing|Strange Steam|p2a: Toxapex
|-resisted|p2a: Toxapex
|-damage|p2a: Toxapex|55/100 brn
|
|-heal|p2a: Toxapex|61/100 brn|[from] item: Black Sludge
|-heal|p1a: Weezing|77/100 par|[from] item: Black Sludge
|-damage|p2a: Toxapex|55/100 brn|[from] brn
|upkeep
|turn|20
|
|switch|p2a: Clefable|Clefable, F|75/100
|-damage|p2a: Clefable|62/100|[from] Stealth Rock
|cant|p1a: Weezing|par
|
|-heal|p2a: Clefable|69/100|[from] item: Leftovers
|-heal|p1a: Weezing|83/100 par|[from] item: Black Sludge
|upkeep
|turn|21
|
|move|p2a: Clefable|Calm Mind|p2a: Clefable
|-boost|p2a: Clefable|spa|1
|-boost|p2a: Clefable|spd|1
|move|p1a: Weezing|Taunt|p2a: Clefable
|-start|p2a: Clefable|move: Taunt
|
|-heal|p2a: Clefable|75/100|[from] item: Leftovers
|-heal|p1a: Weezing|89/100 par|[from] item: Black Sludge
|upkeep
|turn|22
|j| JKongh
|
|move|p2a: Clefable|Moonblast|p1a: Weezing
|-resisted|p1a: Weezing
|-damage|p1a: Weezing|61/100 par
|cant|p1a: Weezing|par
|
|-heal|p2a: Clefable|81/100|[from] item: Leftovers
|-heal|p1a: Weezing|67/100 par|[from] item: Black Sludge
|upkeep
|turn|23
|
|switch|p1a: Corviknight|Corviknight, M, shiny|100/100
|-ability|p1a: Corviknight|Pressure
|move|p2a: Clefable|Moonblast|p1a: Corviknight
|-resisted|p1a: Corviknight
|-damage|p1a: Corviknight|81/100
|-unboost|p1a: Corviknight|spa|1
|
|-heal|p1a: Corviknight|87/100|[from] item: Leftovers
|-heal|p2a: Clefable|87/100|[from] item: Leftovers
|upkeep
|turn|24
|
|switch|p2a: Toxapex|Toxapex, M|55/100 brn
|-damage|p2a: Toxapex|42/100 brn|[from] Stealth Rock
|move|p1a: Corviknight|Bulk Up|p1a: Corviknight
|-boost|p1a: Corviknight|atk|1
|-boost|p1a: Corviknight|def|1
|
|-heal|p1a: Corviknight|93/100|[from] item: Leftovers
|-heal|p2a: Toxapex|49/100 brn|[from] item: Black Sludge
|-damage|p2a: Toxapex|42/100 brn|[from] brn
|upkeep
|turn|25
|
|move|p1a: Corviknight|Taunt|p2a: Toxapex
|-start|p2a: Toxapex|move: Taunt
|move|p2a: Toxapex|Scald|p1a: Corviknight
|-damage|p1a: Corviknight|83/100
|
|-heal|p1a: Corviknight|89/100|[from] item: Leftovers
|-heal|p2a: Toxapex|49/100 brn|[from] item: Black Sludge
|-damage|p2a: Toxapex|42/100 brn|[from] brn
|upkeep
|turn|26
|
|move|p1a: Corviknight|Brave Bird|p2a: Toxapex
|-damage|p2a: Toxapex|2/100 brn
|-damage|p1a: Corviknight|79/100|[from] Recoil
|move|p2a: Toxapex|Scald|p1a: Corviknight
|-damage|p1a: Corviknight|67/100
|-status|p1a: Corviknight|brn
|
|-heal|p1a: Corviknight|73/100 brn|[from] item: Leftovers
|-heal|p2a: Toxapex|9/100 brn|[from] item: Black Sludge
|-damage|p1a: Corviknight|67/100 brn|[from] brn
|-damage|p2a: Toxapex|2/100 brn|[from] brn
|upkeep
|turn|27
|j| Aa147258369
|
|switch|p2a: Mandibuzz|Mandibuzz, F|100/100
|move|p1a: Corviknight|Brave Bird|p2a: Mandibuzz
|-damage|p2a: Mandibuzz|86/100
|-damage|p1a: Corviknight|62/100 brn|[from] Recoil
|
|-heal|p1a: Corviknight|68/100 brn|[from] item: Leftovers
|-damage|p1a: Corviknight|62/100 brn|[from] brn
|upkeep
|turn|28
|
|move|p1a: Corviknight|Roost|p1a: Corviknight
|-heal|p1a: Corviknight|100/100 brn
|-singleturn|p1a: Corviknight|move: Roost
|move|p2a: Mandibuzz|Defog|p1a: Corviknight
|-unboost|p1a: Corviknight|evasion|1
|-sideend|p2: 4funaccount|Stealth Rock|[from] move: Defog|[of] p2a: Mandibuzz
|
|-damage|p1a: Corviknight|94/100 brn|[from] brn
|upkeep
|turn|29
|
|move|p1a: Corviknight|Brave Bird|p2a: Mandibuzz
|-damage|p2a: Mandibuzz|69/100
|-damage|p1a: Corviknight|88/100 brn|[from] Recoil
|move|p2a: Mandibuzz|U-turn|p1a: Corviknight
|-resisted|p1a: Corviknight
|-damage|p1a: Corviknight|87/100 brn
|
|switch|p2a: Toxapex|Toxapex, M|36/100 brn|[from]move: U-turn
|
|-heal|p1a: Corviknight|93/100 brn|[from] item: Leftovers
|-heal|p2a: Toxapex|42/100 brn|[from] item: Black Sludge
|-damage|p1a: Corviknight|87/100 brn|[from] brn
|-damage|p2a: Toxapex|36/100 brn|[from] brn
|upkeep
|turn|30
|
|switch|p2a: Mandibuzz|Mandibuzz, F|69/100
|move|p1a: Corviknight|Taunt|p2a: Mandibuzz
|-start|p2a: Mandibuzz|move: Taunt
|
|-heal|p1a: Corviknight|93/100 brn|[from] item: Leftovers
|-damage|p1a: Corviknight|87/100 brn|[from] brn
|upkeep
|turn|31
|
|switch|p2a: Toxapex|Toxapex, M|69/100 brn
|move|p1a: Corviknight|Bulk Up|p1a: Corviknight
|-boost|p1a: Corviknight|atk|1
|-boost|p1a: Corviknight|def|1
|
|-heal|p1a: Corviknight|93/100 brn|[from] item: Leftovers
|-heal|p2a: Toxapex|75/100 brn|[from] item: Black Sludge
|-damage|p1a: Corviknight|87/100 brn|[from] brn
|-damage|p2a: Toxapex|69/100 brn|[from] brn
|upkeep
|turn|32
|
|move|p1a: Corviknight|Taunt|p2a: Toxapex
|-start|p2a: Toxapex|move: Taunt
|cant|p2a: Toxapex|move: Taunt|Haze
|
|-heal|p1a: Corviknight|93/100 brn|[from] item: Leftovers
|-heal|p2a: Toxapex|75/100 brn|[from] item: Black Sludge
|-damage|p1a: Corviknight|87/100 brn|[from] brn
|-damage|p2a: Toxapex|69/100 brn|[from] brn
|upkeep
|turn|33
|
|switch|p2a: Mandibuzz|Mandibuzz, F|69/100
|move|p1a: Corviknight|Bulk Up|p1a: Corviknight
|-boost|p1a: Corviknight|atk|1
|-boost|p1a: Corviknight|def|1
|
|-heal|p1a: Corviknight|93/100 brn|[from] item: Leftovers
|-damage|p1a: Corviknight|87/100 brn|[from] brn
|upkeep
|turn|34
|
|move|p1a: Corviknight|Taunt|p2a: Mandibuzz
|-start|p2a: Mandibuzz|move: Taunt
|move|p2a: Mandibuzz|U-turn|p1a: Corviknight
|-resisted|p1a: Corviknight
|-damage|p1a: Corviknight|86/100 brn
|
|switch|p2a: Togekiss|Togekiss, F|100/100|[from]move: U-turn
|
|-heal|p1a: Corviknight|92/100 brn|[from] item: Leftovers
|-damage|p1a: Corviknight|86/100 brn|[from] brn
|upkeep
|turn|35
|
|move|p2a: Togekiss|Flamethrower|p1a: Corviknight
|-supereffective|p1a: Corviknight
|-damage|p1a: Corviknight|43/100 brn
|move|p1a: Corviknight|Brave Bird|p2a: Togekiss
|-damage|p2a: Togekiss|46/100
|-damage|p1a: Corviknight|30/100 brn|[from] Recoil
|
|-heal|p1a: Corviknight|36/100 brn|[from] item: Leftovers
|-damage|p1a: Corviknight|30/100 brn|[from] brn
|upkeep
|turn|36
|
|switch|p1a: Rotom|Rotom-Heat, shiny|100/100
|move|p2a: Togekiss|Flamethrower|p1a: Rotom
|-resisted|p1a: Rotom
|-damage|p1a: Rotom|85/100
|
|upkeep
|turn|37
|
|switch|p2a: Clefable|Clefable, F|87/100
|move|p1a: Rotom|Hex|p2a: Clefable
|-damage|p2a: Clefable|75/100
|
|-heal|p2a: Clefable|81/100|[from] item: Leftovers
|upkeep
|turn|38
|l| RocketLife
|
|switch|p1a: Corviknight|Corviknight, M, shiny|30/100 brn
|-ability|p1a: Corviknight|Pressure
|switch|p2a: Togekiss|Togekiss, F|46/100
|
|-heal|p1a: Corviknight|36/100 brn|[from] item: Leftovers
|-damage|p1a: Corviknight|30/100 brn|[from] brn
|upkeep
|turn|39
|l| Lightchanseyy
|
|switch|p1a: Rotom|Rotom-Heat, shiny|85/100
|move|p2a: Togekiss|Air Slash|p1a: Rotom
|-resisted|p1a: Rotom
|-damage|p1a: Rotom|65/100
|
|upkeep
|turn|40
|j| Lightchanseyy
|l| Lightchanseyy
|
|switch|p2a: Seismitoad|Seismitoad, M|76/100 tox
|move|p1a: Rotom|Hex|p2a: Seismitoad
|-damage|p2a: Seismitoad|42/100 tox
|
|-heal|p2a: Seismitoad|48/100 tox|[from] item: Leftovers
|-damage|p2a: Seismitoad|42/100 tox|[from] psn
|upkeep
|turn|41
|
|switch|p1a: Clefable|Clefable, F|81/100
|move|p2a: Seismitoad|Scald|p1a: Clefable
|-crit|p1a: Clefable
|-damage|p1a: Clefable|55/100
|-status|p1a: Clefable|brn
|
|-heal|p2a: Seismitoad|48/100 tox|[from] item: Leftovers
|-heal|p1a: Clefable|61/100 brn|[from] item: Leftovers
|-damage|p2a: Seismitoad|36/100 tox|[from] psn
|upkeep
|turn|42
|
|switch|p2a: Dugtrio|Dugtrio, M|100/100
|move|p1a: Clefable|Heal Bell|p1a: Clefable
|-activate|p1a: Clefable|move: Heal Bell
|-curestatus|p1a: Clefable|brn|[msg]
|-curestatus|p1: Weezing|par|[msg]
|-curestatus|p1: Ninetales|brn|[msg]
|-curestatus|p1: Corviknight|brn|[msg]
|
|-heal|p1a: Clefable|67/100|[from] item: Leftovers
|upkeep
|turn|43
|
|move|p1a: Clefable|Protect|p1a: Clefable
|-singleturn|p1a: Clefable|Protect
|move|p2a: Dugtrio|Earthquake|p1a: Clefable
|-activate|p1a: Clefable|move: Protect
|
|-heal|p1a: Clefable|73/100|[from] item: Leftovers
|upkeep
|turn|44
|
|move|p2a: Dugtrio|Earthquake|p1a: Clefable
|-damage|p1a: Clefable|36/100
|move|p1a: Clefable|Wish|p1a: Clefable
|
|-heal|p1a: Clefable|42/100|[from] item: Leftovers
|upkeep
|turn|45
|
|move|p1a: Clefable|Protect|p1a: Clefable
|-singleturn|p1a: Clefable|Protect
|move|p2a: Dugtrio|Stealth Rock|p1a: Clefable
|-sidestart|p1: eeraa|move: Stealth Rock
|
|-heal|p1a: Clefable|92/100|[from] move: Wish|[wisher] Clefable
|-heal|p1a: Clefable|98/100|[from] item: Leftovers
|upkeep
|turn|46
|
|switch|p2a: Clefable|Clefable, F|81/100
|move|p1a: Clefable|Wish|p1a: Clefable
|
|-heal|p1a: Clefable|100/100|[from] item: Leftovers
|-heal|p2a: Clefable|87/100|[from] item: Leftovers
|upkeep
|turn|47
|
|switch|p1a: Corviknight|Corviknight, M, shiny|30/100
|-damage|p1a: Corviknight|17/100|[from] Stealth Rock
|-ability|p1a: Corviknight|Pressure
|move|p2a: Clefable|Calm Mind|p2a: Clefable
|-boost|p2a: Clefable|spa|1
|-boost|p2a: Clefable|spd|1
|
|-heal|p1a: Corviknight|66/100|[from] move: Wish|[wisher] Clefable
|-heal|p1a: Corviknight|73/100|[from] item: Leftovers
|-heal|p2a: Clefable|93/100|[from] item: Leftovers
|upkeep
|turn|48
|
|move|p1a: Corviknight|Taunt|p2a: Clefable
|-start|p2a: Clefable|move: Taunt
|move|p2a: Clefable|Moonblast|p1a: Corviknight
|-resisted|p1a: Corviknight
|-damage|p1a: Corviknight|55/100
|
|-heal|p1a: Corviknight|61/100|[from] item: Leftovers
|-heal|p2a: Clefable|99/100|[from] item: Leftovers
|upkeep
|turn|49
|j| yesyesyesnonono
|
|switch|p2a: Toxapex|Toxapex, M|100/100 brn
|move|p1a: Corviknight|Brave Bird|p2a: Toxapex
|-damage|p2a: Toxapex|70/100 brn
|-damage|p1a: Corviknight|53/100|[from] Recoil
|
|-heal|p1a: Corviknight|59/100|[from] item: Leftovers
|-heal|p2a: Toxapex|76/100 brn|[from] item: Black Sludge
|-damage|p2a: Toxapex|70/100 brn|[from] brn
|upkeep
|turn|50
|j| hoons
|
|move|p1a: Corviknight|Roost|p1a: Corviknight
|-heal|p1a: Corviknight|100/100
|-singleturn|p1a: Corviknight|move: Roost
|move|p2a: Toxapex|Scald|p1a: Corviknight
|-damage|p1a: Corviknight|88/100
|
|-heal|p1a: Corviknight|95/100|[from] item: Leftovers
|-heal|p2a: Toxapex|76/100 brn|[from] item: Black Sludge
|-damage|p2a: Toxapex|70/100 brn|[from] brn
|upkeep
|turn|51
|
|switch|p1a: Weezing|Weezing-Galar, F|67/100
|-ability|p1a: Weezing|Neutralizing Gas
|-damage|p1a: Weezing|54/100|[from] Stealth Rock
|switch|p2a: Clefable|Clefable, F|99/100
|
|-heal|p1a: Weezing|60/100|[from] item: Black Sludge
|-heal|p2a: Clefable|100/100|[from] item: Leftovers
|upkeep
|turn|52
|
|switch|p2a: Dugtrio|Dugtrio, M|100/100
|move|p1a: Weezing|Taunt|p2a: Dugtrio
|-start|p2a: Dugtrio|move: Taunt
|
|-heal|p1a: Weezing|66/100|[from] item: Black Sludge
|upkeep
|turn|53
|
|switch|p1a: Corviknight|Corviknight, M, shiny|95/100
|-damage|p1a: Corviknight|82/100|[from] Stealth Rock
|-ability|p1a: Corviknight|Pressure
|move|p2a: Dugtrio|Earthquake|p1a: Corviknight
|-immune|p1a: Corviknight
|
|-heal|p1a: Corviknight|88/100|[from] item: Leftovers
|upkeep
|turn|54
|
|switch|p2a: Clefable|Clefable, F|100/100
|switch|p1a: Weezing|Weezing-Galar, F|66/100
|-ability|p1a: Weezing|Neutralizing Gas
|-damage|p1a: Weezing|54/100|[from] Stealth Rock
|
|-heal|p1a: Weezing|60/100|[from] item: Black Sludge
|upkeep
|turn|55
|j| Yuicchii
|
|move|p1a: Weezing|Defog|p2a: Clefable
|-unboost|p2a: Clefable|evasion|1
|-sideend|p1: eeraa|Stealth Rock|[from] move: Defog|[of] p1a: Weezing
|move|p2a: Clefable|Thunder Wave|p1a: Weezing
|-status|p1a: Weezing|par
|
|-heal|p1a: Weezing|66/100 par|[from] item: Black Sludge
|upkeep
|turn|56
|
|move|p2a: Clefable|Calm Mind|p2a: Clefable
|-boost|p2a: Clefable|spa|1
|-boost|p2a: Clefable|spd|1
|move|p1a: Weezing|Taunt|p2a: Clefable
|-start|p2a: Clefable|move: Taunt
|
|-heal|p1a: Weezing|72/100 par|[from] item: Black Sludge
|upkeep
|turn|57
|
|switch|p2a: Toxapex|Toxapex, M|70/100 brn
|switch|p1a: Corviknight|Corviknight, M, shiny|88/100
|-ability|p1a: Corviknight|Pressure
|
|-heal|p1a: Corviknight|95/100|[from] item: Leftovers
|-heal|p2a: Toxapex|76/100 brn|[from] item: Black Sludge
|-damage|p2a: Toxapex|70/100 brn|[from] brn
|upkeep
|turn|58
|
|switch|p2a: Clefable|Clefable, F|100/100
|move|p1a: Corviknight|Bulk Up|p1a: Corviknight
|-boost|p1a: Corviknight|atk|1
|-boost|p1a: Corviknight|def|1
|
|-heal|p1a: Corviknight|100/100|[from] item: Leftovers
|upkeep
|turn|59
|
|move|p1a: Corviknight|Taunt|p2a: Clefable
|-start|p2a: Clefable|move: Taunt
|cant|p2a: Clefable|move: Taunt|Thunder Wave
|
|upkeep
|turn|60
|
|switch|p2a: Toxapex|Toxapex, M|100/100 brn
|move|p1a: Corviknight|Bulk Up|p1a: Corviknight
|-boost|p1a: Corviknight|atk|1
|-boost|p1a: Corviknight|def|1
|
|-damage|p2a: Toxapex|94/100 brn|[from] brn
|upkeep
|turn|61
|
|move|p1a: Corviknight|Taunt|p2a: Toxapex
|-start|p2a: Toxapex|move: Taunt
|move|p2a: Toxapex|Scald|p1a: Corviknight
|-crit|p1a: Corviknight
|-damage|p1a: Corviknight|82/100
|
|-heal|p1a: Corviknight|89/100|[from] item: Leftovers
|-heal|p2a: Toxapex|100/100 brn|[from] item: Black Sludge
|-damage|p2a: Toxapex|94/100 brn|[from] brn
|upkeep
|turn|62
|
|move|p1a: Corviknight|Brave Bird|p2a: Toxapex
|-damage|p2a: Toxapex|40/100 brn
|-damage|p1a: Corviknight|75/100|[from] Recoil
|move|p2a: Toxapex|Scald|p1a: Corviknight
|-damage|p1a: Corviknight|62/100
|
|-heal|p1a: Corviknight|68/100|[from] item: Leftovers
|-heal|p2a: Toxapex|46/100 brn|[from] item: Black Sludge
|-damage|p2a: Toxapex|40/100 brn|[from] brn
|upkeep
|turn|63
|
|switch|p2a: Mandibuzz|Mandibuzz, F|69/100
|move|p1a: Corviknight|Brave Bird|p2a: Mandibuzz
|-damage|p2a: Mandibuzz|29/100
|-damage|p1a: Corviknight|54/100|[from] Recoil
|
|-heal|p1a: Corviknight|61/100|[from] item: Leftovers
|upkeep
|turn|64
|
|move|p1a: Corviknight|Roost|p1a: Corviknight
|-heal|p1a: Corviknight|100/100
|-singleturn|p1a: Corviknight|move: Roost
|move|p2a: Mandibuzz|Roost|p2a: Mandibuzz
|-heal|p2a: Mandibuzz|79/100
|-singleturn|p2a: Mandibuzz|move: Roost
|
|upkeep
|turn|65
|
|move|p1a: Corviknight|Taunt|p2a: Mandibuzz
|-start|p2a: Mandibuzz|move: Taunt
|cant|p2a: Mandibuzz|move: Taunt|Roost
|
|upkeep
|turn|66
|
|move|p1a: Corviknight|Brave Bird|p2a: Mandibuzz
|-damage|p2a: Mandibuzz|34/100
|-damage|p1a: Corviknight|84/100|[from] Recoil
|move|p2a: Mandibuzz|U-turn|p1a: Corviknight
|-resisted|p1a: Corviknight
|-damage|p1a: Corviknight|83/100
|j| VannAccessible
|
|switch|p2a: Clefable|Clefable, F|100/100|[from]move: U-turn
|
|-heal|p1a: Corviknight|90/100|[from] item: Leftovers
|upkeep
|turn|67
|
|switch|p2a: Toxapex|Toxapex, M|73/100 brn
|move|p1a: Corviknight|Taunt|p2a: Toxapex
|-start|p2a: Toxapex|move: Taunt
|
|-heal|p1a: Corviknight|96/100|[from] item: Leftovers
|-heal|p2a: Toxapex|79/100 brn|[from] item: Black Sludge
|-damage|p2a: Toxapex|73/100 brn|[from] brn
|upkeep
|turn|68
|
|move|p1a: Corviknight|Brave Bird|p2a: Toxapex
|-damage|p2a: Toxapex|13/100 brn
|-damage|p1a: Corviknight|81/100|[from] Recoil
|move|p2a: Toxapex|Scald|p1a: Corviknight
|-crit|p1a: Corviknight
|-damage|p1a: Corviknight|63/100
|
|-heal|p1a: Corviknight|70/100|[from] item: Leftovers
|-heal|p2a: Toxapex|20/100 brn|[from] item: Black Sludge
|-damage|p2a: Toxapex|13/100 brn|[from] brn
|upkeep
|turn|69
|
|switch|p2a: Seismitoad|Seismitoad, M|36/100 tox
|move|p1a: Corviknight|Brave Bird|p2a: Seismitoad
|-damage|p2a: Seismitoad|0 fnt
|-damage|p1a: Corviknight|58/100|[from] Recoil
|faint|p2a: Seismitoad
|
|-heal|p1a: Corviknight|64/100|[from] item: Leftovers
|upkeep
|
|switch|p2a: Togekiss|Togekiss, F|46/100
|turn|70
|
|switch|p1a: Rotom|Rotom-Heat, shiny|65/100
|move|p2a: Togekiss|Trick|p1a: Rotom
|-activate|p2a: Togekiss|move: Trick|[of] p1a: Rotom
|-item|p1a: Rotom|Heavy-Duty Boots|[from] move: Trick
|-item|p2a: Togekiss|Choice Scarf|[from] move: Trick
|
|upkeep
|turn|71
|l| illuminati
|
|move|p2a: Togekiss|Air Slash|p1a: Rotom
|-resisted|p1a: Rotom
|-damage|p1a: Rotom|44/100
|move|p1a: Rotom|Nasty Plot|p1a: Rotom
|-boost|p1a: Rotom|spa|2
|
|upkeep
|turn|72
|l| Tini Strokes
|
|move|p2a: Togekiss|Air Slash|p1a: Rotom
|-resisted|p1a: Rotom
|-damage|p1a: Rotom|23/100
|move|p1a: Rotom|Discharge|p2a: Togekiss
|-supereffective|p2a: Togekiss
|-damage|p2a: Togekiss|0 fnt
|faint|p2a: Togekiss
|
|upkeep
|c|☆eeraa|gg
|-message|4funaccount forfeited.
|
|win|eeraa
|l|☆4funaccount
|raw|eeraa's rating: 1878 &rarr; <strong>1898</strong><br />(+20 for winning)
|raw|4funaccount's rating: 1866 &rarr; <strong>1847</strong><br />(-19 for losing)
