|j|☆Mamaw31180
|j|☆budgetbumper
|player|p1|Mamaw31180|1|1605
|player|p2|budgetbumper|ethan-gen2c|1687
|teamsize|p1|6
|teamsize|p2|6
|gametype|singles
|gen|8
|tier|[Gen 8] OU
|rated|
|clearpoke
|poke|p1|Clefable, F|
|poke|p1|Zeraora|
|poke|p1|Dracovish|
|poke|p1|Seismitoad, M|
|poke|p1|Corviknight, F|
|poke|p1|Kyurem|
|poke|p2|Mew|
|poke|p2|Zeraora|
|poke|p2|Dracovish|
|poke|p2|Bisharp, M|
|poke|p2|Conkeldurr, M|
|poke|p2|Dragapult, M|
|rule|Sleep Clause Mod: Limit one foe put to sleep
|rule|Species Clause: Limit one of each Pokémon
|rule|OHKO Clause: OHKO moves are banned
|rule|Evasion Moves Clause: Evasion moves are banned
|rule|Endless Battle Clause: Forcing endless battles is banned
|rule|HP Percentage Mod: HP is shown in percentages
|rule|Dynamax Clause: You cannot dynamax
|teampreview
|inactive|Battle timer is ON: inactive players will automatically lose when time's up. (requested by budgetbumper)
|
|start
|switch|p1a: Kyurem|Kyurem|100/100
|switch|p2a: Mew|Mew|100/100
|-ability|p1a: Kyurem|Pressure
|turn|1
|
|move|p2a: Mew|Stealth Rock|p1a: Kyurem
|-sidestart|p1: Mamaw31180|move: Stealth Rock
|move|p1a: Kyurem|Ice Beam|p2a: Mew
|-damage|p2a: Mew|41/100
|-enditem|p2a: Mew|Red Card|[of] p1a: Kyurem
|drag|p1a: Corviknight|Corviknight, F|100/100
|-damage|p1a: Corviknight|88/100|[from] Stealth Rock
|-ability|p1a: Corviknight|Pressure
|
|-heal|p1a: Corviknight|94/100|[from] item: Leftovers
|upkeep
|turn|2
|
|move|p2a: Mew|Spikes|p1a: Corviknight
|-sidestart|p1: Mamaw31180|Spikes
|move|p1a: Corviknight|Defog|p2a: Mew
|-unboost|p2a: Mew|evasion|1
|-sideend|p1: Mamaw31180|Spikes|[from] move: Defog|[of] p1a: Corviknight
|-sideend|p1: Mamaw31180|Stealth Rock|[from] move: Defog|[of] p1a: Corviknight
|
|-heal|p1a: Corviknight|100/100|[from] item: Leftovers
|upkeep
|turn|3
|
|move|p2a: Mew|Stealth Rock|p1a: Corviknight
|-sidestart|p1: Mamaw31180|move: Stealth Rock
|move|p1a: Corviknight|Iron Defense|p1a: Corviknight
|-boost|p1a: Corviknight|def|2
|
|upkeep
|turn|4
|
|move|p2a: Mew|Taunt|p1a: Corviknight
|-start|p1a: Corviknight|move: Taunt
|cant|p1a: Corviknight|move: Taunt|Iron Defense
|
|upkeep
|turn|5
|
|move|p2a: Mew|Spikes|p1a: Corviknight
|-sidestart|p1: Mamaw31180|Spikes
|move|p1a: Corviknight|Body Press|p2a: Mew
|-resisted|p2a: Mew
|-damage|p2a: Mew|18/100
|
|upkeep
|turn|6
|
|switch|p2a: Dragapult|Dragapult, M|100/100
|move|p1a: Corviknight|Body Press|p2a: Dragapult
|-immune|p2a: Dragapult
|
|-end|p1a: Corviknight|move: Taunt
|upkeep
|turn|7
|
|switch|p1a: Clefable|Clefable, F|100/100
|move|p2a: Dragapult|Substitute|p2a: Dragapult
|-start|p2a: Dragapult|Substitute
|-damage|p2a: Dragapult|76/100
|
|-heal|p2a: Dragapult|82/100|[from] item: Leftovers
|upkeep
|turn|8
|
|move|p2a: Dragapult|Dragon Dance|p2a: Dragapult
|-boost|p2a: Dragapult|atk|1
|-boost|p2a: Dragapult|spe|1
|move|p1a: Clefable|Moonblast|p2a: Dragapult
|-supereffective|p2a: Dragapult
|-end|p2a: Dragapult|Substitute
|
|-heal|p2a: Dragapult|88/100|[from] item: Leftovers
|upkeep
|turn|9
|
|move|p2a: Dragapult|Disable|p1a: Clefable
|-start|p1a: Clefable|Disable|Moonblast
|cant|p1a: Clefable|Disable|Moonblast
|
|-heal|p2a: Dragapult|94/100|[from] item: Leftovers
|upkeep
|turn|10
|
|move|p2a: Dragapult|Substitute|p2a: Dragapult
|-start|p2a: Dragapult|Substitute
|-damage|p2a: Dragapult|69/100
|move|p1a: Clefable|Teleport|p1a: Clefable
|
|switch|p1a: Corviknight|Corviknight, F|100/100|[from]move: Teleport
|-damage|p1a: Corviknight|88/100|[from] Stealth Rock
|-ability|p1a: Corviknight|Pressure
|
|-heal|p2a: Dragapult|75/100|[from] item: Leftovers
|-heal|p1a: Corviknight|94/100|[from] item: Leftovers
|upkeep
|turn|11
|
|switch|p1a: Clefable|Clefable, F|100/100
|move|p2a: Dragapult|Dragon Dance|p2a: Dragapult
|-boost|p2a: Dragapult|atk|1
|-boost|p2a: Dragapult|spe|1
|
|-heal|p2a: Dragapult|81/100|[from] item: Leftovers
|upkeep
|turn|12
|inactive|budgetbumper has 120 seconds left.
|
|move|p2a: Dragapult|Phantom Force||[still]
|-prepare|p2a: Dragapult|Phantom Force|p1a: Clefable
|move|p1a: Clefable|Moonblast|p2a: Dragapult|[miss]
|-miss|p1a: Clefable|p2a: Dragapult
|
|-heal|p2a: Dragapult|87/100|[from] item: Leftovers
|upkeep
|turn|13
|
|move|p1a: Clefable|Protect|p1a: Clefable
|-singleturn|p1a: Clefable|Protect
|move|p2a: Dragapult|Phantom Force|p1a: Clefable|[from]lockedmove
|-activate|p1a: Clefable|move: Phantom Force|[broken]
|-damage|p1a: Clefable|0 fnt
|faint|p1a: Clefable
|
|-heal|p2a: Dragapult|93/100|[from] item: Leftovers
|upkeep
|c|☆budgetbumper|gg
|
|switch|p1a: Zeraora|Zeraora|100/100
|-damage|p1a: Zeraora|88/100|[from] Spikes
|-damage|p1a: Zeraora|76/100|[from] Stealth Rock
|turn|14
|
|move|p2a: Dragapult|Phantom Force||[still]
|-prepare|p2a: Dragapult|Phantom Force|p1a: Zeraora
|move|p1a: Zeraora|Plasma Fists|p2a: Dragapult|[miss]
|-miss|p1a: Zeraora|p2a: Dragapult
|
|-heal|p2a: Dragapult|99/100|[from] item: Leftovers
|-heal|p1a: Zeraora|82/100|[from] item: Leftovers
|upkeep
|turn|15
|
|move|p2a: Dragapult|Phantom Force|p1a: Zeraora|[from]lockedmove
|-damage|p1a: Zeraora|0 fnt
|faint|p1a: Zeraora
|
|-heal|p2a: Dragapult|100/100|[from] item: Leftovers
|upkeep
|
|switch|p1a: Corviknight|Corviknight, F|94/100
|-damage|p1a: Corviknight|82/100|[from] Stealth Rock
|-ability|p1a: Corviknight|Pressure
|turn|16
|
|move|p2a: Dragapult|Dragon Dance|p2a: Dragapult
|-boost|p2a: Dragapult|atk|1
|-boost|p2a: Dragapult|spe|1
|move|p1a: Corviknight|Iron Defense|p1a: Corviknight
|-boost|p1a: Corviknight|def|2
|
|-heal|p1a: Corviknight|88/100|[from] item: Leftovers
|upkeep
|turn|17
|
|move|p2a: Dragapult|Dragon Dance|p2a: Dragapult
|-boost|p2a: Dragapult|atk|1
|-boost|p2a: Dragapult|spe|1
|move|p1a: Corviknight|Iron Defense|p1a: Corviknight
|-boost|p1a: Corviknight|def|2
|
|-heal|p1a: Corviknight|94/100|[from] item: Leftovers
|upkeep
|turn|18
|
|move|p2a: Dragapult|Dragon Dance|p2a: Dragapult
|-boost|p2a: Dragapult|atk|1
|-boost|p2a: Dragapult|spe|1
|move|p1a: Corviknight|Iron Defense|p1a: Corviknight
|-boost|p1a: Corviknight|def|2
|
|-heal|p1a: Corviknight|100/100|[from] item: Leftovers
|upkeep
|turn|19
|
|move|p2a: Dragapult|Dragon Dance|p2a: Dragapult
|-boost|p2a: Dragapult|atk|1
|-boost|p2a: Dragapult|spe|1
|move|p1a: Corviknight|Defog|p2a: Dragapult
|-sideend|p1: Mamaw31180|Spikes|[from] move: Defog|[of] p1a: Corviknight
|-sideend|p1: Mamaw31180|Stealth Rock|[from] move: Defog|[of] p1a: Corviknight
|
|upkeep
|turn|20
|
|move|p2a: Dragapult|Phantom Force||[still]
|-prepare|p2a: Dragapult|Phantom Force|p1a: Corviknight
|move|p1a: Corviknight|Iron Defense|p1a: Corviknight
|-boost|p1a: Corviknight|def|0
|
|upkeep
|turn|21
|
|move|p2a: Dragapult|Phantom Force|p1a: Corviknight|[from]lockedmove
|-damage|p1a: Corviknight|74/100
|move|p1a: Corviknight|Roost|p1a: Corviknight
|-heal|p1a: Corviknight|100/100
|-singleturn|p1a: Corviknight|move: Roost
|
|upkeep
|turn|22
|
|move|p2a: Dragapult|Disable|p1a: Corviknight
|-start|p1a: Corviknight|Disable|Roost
|move|p1a: Corviknight|Defog||[still]
|-fail|p1a: Corviknight
|
|upkeep
|turn|23
|
|move|p2a: Dragapult|Phantom Force||[still]
|-prepare|p2a: Dragapult|Phantom Force|p1a: Corviknight
|move|p1a: Corviknight|Defog|p2a: Dragapult|[miss]
|-miss|p1a: Corviknight|p2a: Dragapult
|
|upkeep
|turn|24
|
|move|p2a: Dragapult|Phantom Force|p1a: Corviknight|[from]lockedmove
|-damage|p1a: Corviknight|75/100
|move|p1a: Corviknight|Defog||[still]
|-fail|p1a: Corviknight
|
|-heal|p1a: Corviknight|81/100|[from] item: Leftovers
|upkeep
|turn|25
|
|switch|p2a: Bisharp|Bisharp, M|100/100
|move|p1a: Corviknight|Defog|p2a: Bisharp
|-unboost|p2a: Bisharp|evasion|1
|-ability|p2a: Bisharp|Defiant
|-boost|p2a: Bisharp|atk|2
|
|-heal|p1a: Corviknight|87/100|[from] item: Leftovers
|-end|p1a: Corviknight|Disable
|upkeep
|turn|26
|
|switch|p2a: Dragapult|Dragapult, M|100/100
|move|p1a: Corviknight|Body Press|p2a: Dragapult
|-immune|p2a: Dragapult
|
|-heal|p1a: Corviknight|93/100|[from] item: Leftovers
|upkeep
|turn|27
|
|move|p2a: Dragapult|Disable|p1a: Corviknight
|-start|p1a: Corviknight|Disable|Body Press
|move|p1a: Corviknight|Iron Defense|p1a: Corviknight
|-boost|p1a: Corviknight|def|0
|
|-heal|p1a: Corviknight|99/100|[from] item: Leftovers
|upkeep
|turn|28
|
|switch|p2a: Conkeldurr|Conkeldurr, M|100/100
|move|p1a: Corviknight|Defog|p2a: Conkeldurr
|-unboost|p2a: Conkeldurr|evasion|1
|
|-heal|p1a: Corviknight|100/100|[from] item: Leftovers
|-status|p2a: Conkeldurr|brn|[from] item: Flame Orb
|upkeep
|turn|29
|
|move|p2a: Conkeldurr|Knock Off|p1a: Corviknight
|-damage|p1a: Corviknight|92/100
|-enditem|p1a: Corviknight|Leftovers|[from] move: Knock Off|[of] p2a: Conkeldurr
|move|p1a: Corviknight|Defog|p2a: Conkeldurr
|-unboost|p2a: Conkeldurr|evasion|1
|
|-damage|p2a: Conkeldurr|94/100 brn|[from] brn
|upkeep
|turn|30
|
|switch|p2a: Bisharp|Bisharp, M|100/100
|move|p1a: Corviknight|Defog|p2a: Bisharp
|-unboost|p2a: Bisharp|evasion|1
|-ability|p2a: Bisharp|Defiant
|-boost|p2a: Bisharp|atk|2
|
|-end|p1a: Corviknight|Disable
|upkeep
|turn|31
|
|switch|p2a: Dragapult|Dragapult, M|100/100
|move|p1a: Corviknight|Body Press|p2a: Dragapult
|-immune|p2a: Dragapult
|
|upkeep
|turn|32
|
|switch|p1a: Kyurem|Kyurem|100/100
|-ability|p1a: Kyurem|Pressure
|move|p2a: Dragapult|Disable||[still]
|-fail|p2a: Dragapult
|
|upkeep
|turn|33
|
|move|p2a: Dragapult|Substitute|p2a: Dragapult
|-start|p2a: Dragapult|Substitute
|-damage|p2a: Dragapult|76/100
|move|p1a: Kyurem|Ice Beam|p2a: Dragapult
|-supereffective|p2a: Dragapult
|-end|p2a: Dragapult|Substitute
|
|-heal|p2a: Dragapult|82/100|[from] item: Leftovers
|upkeep
|turn|34
|
|move|p2a: Dragapult|Disable|p1a: Kyurem
|-start|p1a: Kyurem|Disable|Ice Beam
|cant|p1a: Kyurem|Disable|Ice Beam
|
|-heal|p2a: Dragapult|88/100|[from] item: Leftovers
|upkeep
|turn|35
|
|switch|p2a: Zeraora|Zeraora|100/100
|switch|p1a: Seismitoad|Seismitoad, M|100/100
|
|upkeep
|turn|36
|
|move|p2a: Zeraora|Knock Off|p1a: Seismitoad
|-damage|p1a: Seismitoad|78/100
|-enditem|p1a: Seismitoad|Leftovers|[from] move: Knock Off|[of] p2a: Zeraora
|move|p1a: Seismitoad|Earth Power|p2a: Zeraora
|-supereffective|p2a: Zeraora
|-damage|p2a: Zeraora|29/100
|
|upkeep
|turn|37
|
|switch|p1a: Corviknight|Corviknight, F|92/100
|-ability|p1a: Corviknight|Pressure
|move|p2a: Zeraora|Close Combat|p1a: Corviknight
|-damage|p1a: Corviknight|67/100
|-unboost|p2a: Zeraora|def|1
|-unboost|p2a: Zeraora|spd|1
|-enditem|p2a: Zeraora|Eject Pack
|
|switch|p2a: Dracovish|Dracovish|100/100
|
|upkeep
|turn|38
|
|switch|p2a: Conkeldurr|Conkeldurr, M|94/100 brn
|switch|p1a: Seismitoad|Seismitoad, M|78/100
|
|-damage|p2a: Conkeldurr|88/100 brn|[from] brn
|upkeep
|turn|39
|
|switch|p1a: Corviknight|Corviknight, F|67/100
|-ability|p1a: Corviknight|Pressure
|move|p2a: Conkeldurr|Facade|p1a: Corviknight
|-resisted|p1a: Corviknight
|-damage|p1a: Corviknight|43/100
|
|-damage|p2a: Conkeldurr|82/100 brn|[from] brn
|upkeep
|turn|40
|
|move|p2a: Conkeldurr|Drain Punch|p1a: Corviknight
|-damage|p1a: Corviknight|5/100
|-heal|p2a: Conkeldurr|100/100 brn|[from] drain|[of] p1a: Corviknight
|move|p1a: Corviknight|Roost|p1a: Corviknight
|-heal|p1a: Corviknight|55/100
|-singleturn|p1a: Corviknight|move: Roost
|
|-damage|p2a: Conkeldurr|94/100 brn|[from] brn
|upkeep
|turn|41
|
|switch|p2a: Dracovish|Dracovish|100/100
|move|p1a: Corviknight|Roost|p1a: Corviknight
|-heal|p1a: Corviknight|100/100
|-singleturn|p1a: Corviknight|move: Roost
|
|upkeep
|turn|42
|
|switch|p2a: Conkeldurr|Conkeldurr, M|94/100 brn
|switch|p1a: Seismitoad|Seismitoad, M|78/100
|
|-damage|p2a: Conkeldurr|88/100 brn|[from] brn
|upkeep
|turn|43
|
|switch|p1a: Corviknight|Corviknight, F|100/100
|-ability|p1a: Corviknight|Pressure
|move|p2a: Conkeldurr|Facade|p1a: Corviknight
|-resisted|p1a: Corviknight
|-damage|p1a: Corviknight|75/100
|
|-damage|p2a: Conkeldurr|82/100 brn|[from] brn
|upkeep
|turn|44
|inactive|Mamaw31180 has 120 seconds left.
|
|move|p2a: Conkeldurr|Drain Punch|p1a: Corviknight
|-damage|p1a: Corviknight|32/100
|-heal|p2a: Conkeldurr|100/100 brn|[from] drain|[of] p1a: Corviknight
|move|p1a: Corviknight|Iron Defense|p1a: Corviknight
|-boost|p1a: Corviknight|def|2
|
|-damage|p2a: Conkeldurr|94/100 brn|[from] brn
|upkeep
|turn|45
|inactive|Mamaw31180 has 120 seconds left.
|
|switch|p2a: Dracovish|Dracovish|100/100
|move|p1a: Corviknight|Roost|p1a: Corviknight
|-heal|p1a: Corviknight|82/100
|-singleturn|p1a: Corviknight|move: Roost
|
|upkeep
|turn|46
|inactive|Mamaw31180 has 120 seconds left.
|
|switch|p1a: Seismitoad|Seismitoad, M|78/100
|move|p2a: Dracovish|Fishious Rend|p1a: Seismitoad
|-heal|p1a: Seismitoad|100/100|[from] ability: Water Absorb|[of] p2a: Dracovish
|
|upkeep
|turn|47
|
|switch|p2a: Mew|Mew|18/100
|move|p1a: Seismitoad|Stealth Rock|p2a: Mew
|-sidestart|p2: budgetbumper|move: Stealth Rock
|
|upkeep
|turn|48
|
|move|p2a: Mew|Stealth Rock|p1a: Seismitoad
|-sidestart|p1: Mamaw31180|move: Stealth Rock
|move|p1a: Seismitoad|Earth Power|p2a: Mew
|-damage|p2a: Mew|0 fnt
|faint|p2a: Mew
|
|upkeep
|
|switch|p2a: Conkeldurr|Conkeldurr, M|94/100 brn
|-damage|p2a: Conkeldurr|88/100 brn|[from] Stealth Rock
|turn|49
|
|switch|p1a: Corviknight|Corviknight, F|82/100
|-damage|p1a: Corviknight|69/100|[from] Stealth Rock
|-ability|p1a: Corviknight|Pressure
|move|p2a: Conkeldurr|Drain Punch|p1a: Corviknight
|-damage|p1a: Corviknight|30/100
|-heal|p2a: Conkeldurr|100/100 brn|[from] drain|[of] p1a: Corviknight
|
|-damage|p2a: Conkeldurr|94/100 brn|[from] brn
|upkeep
|turn|50
|c|☆budgetbumper|gg
|
|switch|p1a: Kyurem|Kyurem|100/100
|-damage|p1a: Kyurem|76/100|[from] Stealth Rock
|-ability|p1a: Kyurem|Pressure
|move|p2a: Conkeldurr|Drain Punch|p1a: Kyurem
|-supereffective|p1a: Kyurem
|-damage|p1a: Kyurem|0 fnt
|-heal|p2a: Conkeldurr|100/100 brn|[from] drain|[of] p1a: Kyurem
|faint|p1a: Kyurem
|
|-damage|p2a: Conkeldurr|94/100 brn|[from] brn
|upkeep
|
|switch|p1a: Dracovish|Dracovish|100/100
|-damage|p1a: Dracovish|88/100|[from] Stealth Rock
|turn|51
|
|move|p2a: Conkeldurr|Mach Punch|p1a: Dracovish
|-damage|p1a: Dracovish|51/100
|move|p1a: Dracovish|Fishious Rend|p2a: Conkeldurr
|-damage|p2a: Conkeldurr|10/100 brn
|
|-damage|p2a: Conkeldurr|4/100 brn|[from] brn
|upkeep
|turn|52
|
|switch|p1a: Corviknight|Corviknight, F|30/100
|-damage|p1a: Corviknight|17/100|[from] Stealth Rock
|-ability|p1a: Corviknight|Pressure
|move|p2a: Conkeldurr|Mach Punch|p1a: Corviknight
|-damage|p1a: Corviknight|0 fnt
|faint|p1a: Corviknight
|
|-damage|p2a: Conkeldurr|0 fnt|[from] brn
|faint|p2a: Conkeldurr
|upkeep
|
|switch|p2a: Zeraora|Zeraora|29/100
|switch|p1a: Dracovish|Dracovish|51/100
|-damage|p2a: Zeraora|16/100|[from] Stealth Rock
|-damage|p1a: Dracovish|38/100|[from] Stealth Rock
|turn|53
|
|move|p2a: Zeraora|Knock Off|p1a: Dracovish
|-damage|p1a: Dracovish|4/100
|-enditem|p1a: Dracovish|Choice Band|[from] move: Knock Off|[of] p2a: Zeraora
|move|p1a: Dracovish|Crunch|p2a: Zeraora
|-damage|p2a: Zeraora|0 fnt
|faint|p2a: Zeraora
|
|upkeep
|
|switch|p2a: Dragapult|Dragapult, M|88/100
|-damage|p2a: Dragapult|75/100|[from] Stealth Rock
|turn|54
|
|move|p2a: Dragapult|Phantom Force||[still]
|-prepare|p2a: Dragapult|Phantom Force|p1a: Dracovish
|move|p1a: Dracovish|Crunch|p2a: Dragapult|[miss]
|-miss|p1a: Dracovish|p2a: Dragapult
|
|-heal|p2a: Dragapult|81/100|[from] item: Leftovers
|upkeep
|turn|55
|
|move|p2a: Dragapult|Phantom Force|p1a: Dracovish|[from]lockedmove
|-damage|p1a: Dracovish|0 fnt
|faint|p1a: Dracovish
|
|-heal|p2a: Dragapult|87/100|[from] item: Leftovers
|upkeep
|
|switch|p1a: Seismitoad|Seismitoad, M|100/100
|-damage|p1a: Seismitoad|94/100|[from] Stealth Rock
|turn|56
|
|move|p2a: Dragapult|Substitute|p2a: Dragapult
|-start|p2a: Dragapult|Substitute
|-damage|p2a: Dragapult|62/100
|move|p1a: Seismitoad|Scald|p2a: Dragapult
|-resisted|p2a: Dragapult
|-activate|p2a: Dragapult|move: Substitute|[damage]
|
|-heal|p2a: Dragapult|68/100|[from] item: Leftovers
|upkeep
|turn|57
|
|move|p2a: Dragapult|Dragon Dance|p2a: Dragapult
|-boost|p2a: Dragapult|atk|1
|-boost|p2a: Dragapult|spe|1
|move|p1a: Seismitoad|Earth Power|p2a: Dragapult
|-end|p2a: Dragapult|Substitute
|
|-heal|p2a: Dragapult|74/100|[from] item: Leftovers
|upkeep
|turn|58
|
|move|p2a: Dragapult|Substitute|p2a: Dragapult
|-start|p2a: Dragapult|Substitute
|-damage|p2a: Dragapult|49/100
|move|p1a: Seismitoad|Earth Power|p2a: Dragapult
|-end|p2a: Dragapult|Substitute
|
|-heal|p2a: Dragapult|55/100|[from] item: Leftovers
|upkeep
|turn|59
|
|move|p2a: Dragapult|Disable|p1a: Seismitoad
|-start|p1a: Seismitoad|Disable|Earth Power
|cant|p1a: Seismitoad|Disable|Earth Power
|
|-heal|p2a: Dragapult|61/100|[from] item: Leftovers
|upkeep
|turn|60
|
|move|p2a: Dragapult|Substitute|p2a: Dragapult
|-start|p2a: Dragapult|Substitute
|-damage|p2a: Dragapult|36/100
|move|p1a: Seismitoad|Scald|p2a: Dragapult
|-resisted|p2a: Dragapult
|-activate|p2a: Dragapult|move: Substitute|[damage]
|
|-heal|p2a: Dragapult|42/100|[from] item: Leftovers
|upkeep
|turn|61
|
|move|p2a: Dragapult|Dragon Dance|p2a: Dragapult
|-boost|p2a: Dragapult|atk|1
|-boost|p2a: Dragapult|spe|1
|move|p1a: Seismitoad|Scald|p2a: Dragapult
|-resisted|p2a: Dragapult
|-end|p2a: Dragapult|Substitute
|
|-heal|p2a: Dragapult|48/100|[from] item: Leftovers
|upkeep
|turn|62
|
|move|p2a: Dragapult|Substitute|p2a: Dragapult
|-start|p2a: Dragapult|Substitute
|-damage|p2a: Dragapult|24/100
|move|p1a: Seismitoad|Scald|p2a: Dragapult
|-resisted|p2a: Dragapult
|-activate|p2a: Dragapult|move: Substitute|[damage]
|
|-heal|p2a: Dragapult|30/100|[from] item: Leftovers
|-end|p1a: Seismitoad|Disable
|upkeep
|turn|63
|
|move|p2a: Dragapult|Phantom Force||[still]
|-prepare|p2a: Dragapult|Phantom Force|p1a: Seismitoad
|move|p1a: Seismitoad|Earth Power|p2a: Dragapult|[miss]
|-miss|p1a: Seismitoad|p2a: Dragapult
|
|-heal|p2a: Dragapult|36/100|[from] item: Leftovers
|upkeep
|turn|64
|
|move|p2a: Dragapult|Phantom Force|p1a: Seismitoad|[from]lockedmove
|-damage|p1a: Seismitoad|35/100
|move|p1a: Seismitoad|Scald|p2a: Dragapult
|-resisted|p2a: Dragapult
|-end|p2a: Dragapult|Substitute
|
|-heal|p2a: Dragapult|42/100|[from] item: Leftovers
|upkeep
|turn|65
|
|move|p2a: Dragapult|Phantom Force||[still]
|-prepare|p2a: Dragapult|Phantom Force|p1a: Seismitoad
|move|p1a: Seismitoad|Earth Power|p2a: Dragapult|[miss]
|-miss|p1a: Seismitoad|p2a: Dragapult
|
|-heal|p2a: Dragapult|48/100|[from] item: Leftovers
|upkeep
|turn|66
|c|☆budgetbumper|gg
|
|move|p2a: Dragapult|Phantom Force|p1a: Seismitoad|[from]lockedmove
|-damage|p1a: Seismitoad|0 fnt
|faint|p1a: Seismitoad
|
|win|budgetbumper
