|j|☆gotsnsd
|j|☆cornelius st.
|t:|1655606717
|gametype|singles
|player|p1|gotsnsd|beauty-gen2jp|1725
|player|p2|cornelius st.|harlequin|1760
|teamsize|p1|6
|teamsize|p2|6
|gen|8
|tier|[Gen 8] OU
|rated|
|rule|Sleep Clause Mod: Limit one foe put to sleep
|rule|Species Clause: Limit one of each Pokémon
|rule|OHKO Clause: OHKO moves are banned
|rule|Evasion Moves Clause: Evasion moves are banned
|rule|Endless Battle Clause: Forcing endless battles is banned
|rule|HP Percentage Mod: HP is shown in percentages
|rule|Dynamax Clause: You cannot dynamax
|clearpoke
|poke|p1|Kartana|
|poke|p1|Landorus-Therian, M|
|poke|p1|Dragapult, F|
|poke|p1|Weavile, F|
|poke|p1|Tyranitar, F|
|poke|p1|Melmetal|
|poke|p2|Obstagoon, M|
|poke|p2|Heatran, M|
|poke|p2|Landorus-Therian, M|
|poke|p2|Volcanion|
|poke|p2|Tapu Lele|
|poke|p2|Clefable, M|
|teampreview
|inactive|Battle timer is ON: inactive players will automatically lose when time's up. (requested by cornelius st.)
|
|t:|1655606733
|start
|switch|p1a: Weavile|Weavile, F|100/100
|switch|p2a: Landorus|Landorus-Therian, M|100/100
|-ability|p1a: Weavile|Pressure
|-ability|p2a: Landorus|Intimidate|boost
|-unboost|p1a: Weavile|atk|1
|turn|1
|
|t:|1655606738
|switch|p1a: Landorus|Landorus-Therian, M|100/100
|-ability|p1a: Landorus|Intimidate|boost
|-unboost|p2a: Landorus|atk|1
|switch|p2a: Clefable|Clefable, M|100/100
|
|upkeep
|turn|2
|
|t:|1655606740
|move|p1a: Landorus|Stealth Rock|p2a: Clefable
|-sidestart|p2: cornelius st.|move: Stealth Rock
|move|p2a: Clefable|Moonblast|p1a: Landorus
|-damage|p1a: Landorus|64/100
|-unboost|p1a: Landorus|spa|1
|-enditem|p1a: Landorus|Eject Button
|
|t:|1655606746
|switch|p1a: Melmetal|Melmetal|100/100
|
|upkeep
|turn|3
|
|t:|1655606750
|switch|p1a: Weavile|Weavile, F|100/100
|-ability|p1a: Weavile|Pressure
|move|p2a: Clefable|Protect||[still]
|-fail|p2a: Clefable
|
|upkeep
|turn|4
|
|t:|1655606755
|switch|p1a: Landorus|Landorus-Therian, M|64/100
|-ability|p1a: Landorus|Intimidate|boost
|-unboost|p2a: Clefable|atk|1
|move|p2a: Clefable|Moonblast|p1a: Landorus
|-damage|p1a: Landorus|30/100
|
|upkeep
|turn|5
|
|t:|1655606759
|move|p1a: Landorus|Knock Off|p2a: Clefable
|-resisted|p2a: Clefable
|-damage|p2a: Clefable|88/100
|-damage|p1a: Landorus|13/100|[from] item: Rocky Helmet|[of] p2a: Clefable
|-enditem|p2a: Clefable|Rocky Helmet|[from] move: Knock Off|[of] p1a: Landorus
|move|p2a: Clefable|Moonblast|p1a: Landorus
|-damage|p1a: Landorus|0 fnt
|faint|p1a: Landorus
|
|upkeep
|
|t:|1655606770
|switch|p1a: Melmetal|Melmetal|100/100
|turn|6
|
|t:|1655606772
|move|p2a: Clefable|Protect|p2a: Clefable
|-singleturn|p2a: Clefable|Protect
|move|p1a: Melmetal|Double Iron Bash|p2a: Clefable
|-activate|p2a: Clefable|move: Protect
|
|upkeep
|turn|7
|
|t:|1655606775
|switch|p2a: Landorus|Landorus-Therian, M|100/100
|-damage|p2a: Landorus|88/100|[from] Stealth Rock
|-ability|p2a: Landorus|Intimidate|boost
|-unboost|p1a: Melmetal|atk|1
|move|p1a: Melmetal|Thunder Wave|p2a: Landorus
|-immune|p2a: Landorus
|
|upkeep
|turn|8
|
|t:|1655606779
|switch|p1a: Kartana|Kartana|100/100
|move|p2a: Landorus|Stealth Rock|p1a: Kartana
|-sidestart|p1: gotsnsd|move: Stealth Rock
|
|upkeep
|turn|9
|
|t:|1655606784
|move|p1a: Kartana|Knock Off|p2a: Landorus
|-damage|p2a: Landorus|53/100
|-damage|p1a: Kartana|84/100|[from] item: Rocky Helmet|[of] p2a: Landorus
|-enditem|p2a: Landorus|Rocky Helmet|[from] move: Knock Off|[of] p1a: Kartana
|move|p2a: Landorus|U-turn|p1a: Kartana
|-damage|p1a: Kartana|64/100
|-damage|p2a: Landorus|36/100|[from] item: Rocky Helmet|[of] p1a: Kartana
|
|t:|1655606791
|switch|p2a: Obstagoon|Obstagoon, M|100/100|[from]move: U-turn
|-damage|p2a: Obstagoon|88/100|[from] Stealth Rock
|
|-status|p2a: Obstagoon|brn|[from] item: Flame Orb
|upkeep
|turn|10
|
|t:|1655606798
|move|p1a: Kartana|Defog|p2a: Obstagoon
|-unboost|p2a: Obstagoon|evasion|1
|-sideend|p2: cornelius st.|Stealth Rock|[from] move: Defog|[of] p1a: Kartana
|-sideend|p1: gotsnsd|Stealth Rock|[from] move: Defog|[of] p1a: Kartana
|move|p2a: Obstagoon|Knock Off|p1a: Kartana
|-damage|p1a: Kartana|4/100
|-damage|p2a: Obstagoon|71/100 brn|[from] item: Rocky Helmet|[of] p1a: Kartana
|-enditem|p1a: Kartana|Rocky Helmet|[from] move: Knock Off|[of] p2a: Obstagoon
|
|-damage|p2a: Obstagoon|65/100 brn|[from] brn
|upkeep
|turn|11
|
|t:|1655606805
|move|p1a: Kartana|Synthesis|p1a: Kartana
|-heal|p1a: Kartana|54/100
|move|p2a: Obstagoon|Close Combat|p1a: Kartana
|-supereffective|p1a: Kartana
|-damage|p1a: Kartana|0 fnt
|-unboost|p2a: Obstagoon|def|1
|-unboost|p2a: Obstagoon|spd|1
|faint|p1a: Kartana
|
|-damage|p2a: Obstagoon|59/100 brn|[from] brn
|upkeep
|c|☆cornelius st.|complete atrocity of a set
|c|☆cornelius st.|find god
|
|t:|1655606821
|switch|p1a: Weavile|Weavile, F|100/100
|-ability|p1a: Weavile|Pressure
|turn|12
|c|☆gotsnsd|it works
|c|☆gotsnsd|god doesn't play pokemon
|inactive|gotsnsd has 120 seconds left.
|
|t:|1655606849
|switch|p2a: Clefable|Clefable, M|88/100
|move|p1a: Weavile|Low Kick|p2a: Clefable
|-resisted|p2a: Clefable
|-damage|p2a: Clefable|76/100
|
|upkeep
|turn|13
|c|☆cornelius st.|ur based for that one
|
|t:|1655606863
|switch|p1a: Melmetal|Melmetal|100/100
|move|p2a: Clefable|Moonblast|p1a: Melmetal
|-resisted|p1a: Melmetal
|-damage|p1a: Melmetal|85/100
|-unboost|p1a: Melmetal|spa|1
|
|upkeep
|turn|14
|
|t:|1655606868
|move|p2a: Clefable|Protect|p2a: Clefable
|-singleturn|p2a: Clefable|Protect
|move|p1a: Melmetal|Double Iron Bash|p2a: Clefable
|-activate|p2a: Clefable|move: Protect
|
|upkeep
|turn|15
|
|t:|1655606873
|switch|p2a: Heatran|Heatran, M|100/100
|-item|p2a: Heatran|Air Balloon
|move|p1a: Melmetal|Double Iron Bash|p2a: Heatran
|-resisted|p2a: Heatran
|-damage|p2a: Heatran|89/100
|-enditem|p2a: Heatran|Air Balloon
|-resisted|p2a: Heatran
|-damage|p2a: Heatran|78/100
|-hitcount|p2a: Heatran|2
|
|upkeep
|turn|16
|
|t:|1655606877
|switch|p1a: Tyranitar|Tyranitar, F|100/100
|-weather|Sandstorm|[from] ability: Sand Stream|[of] p1a: Tyranitar
|move|p2a: Heatran|Eruption|p1a: Tyranitar
|-resisted|p1a: Tyranitar
|-damage|p1a: Tyranitar|79/100
|
|-weather|Sandstorm|[upkeep]
|upkeep
|turn|17
|
|t:|1655606887
|switch|p2a: Landorus|Landorus-Therian, M|36/100
|-ability|p2a: Landorus|Intimidate|boost
|-unboost|p1a: Tyranitar|atk|1
|move|p1a: Tyranitar|Crunch|p2a: Landorus
|-damage|p2a: Landorus|0 fnt
|faint|p2a: Landorus
|
|-weather|Sandstorm|[upkeep]
|upkeep
|
|t:|1655606893
|switch|p2a: Obstagoon|Obstagoon, M|59/100 brn
|turn|18
|
|t:|1655606896
|switch|p1a: Dragapult|Dragapult, F|100/100
|move|p2a: Obstagoon|Knock Off|p1a: Dragapult
|-supereffective|p1a: Dragapult
|-damage|p1a: Dragapult|0 fnt
|-enditem|p1a: Dragapult|Choice Band|[from] move: Knock Off|[of] p2a: Obstagoon
|faint|p1a: Dragapult
|
|-weather|Sandstorm|[upkeep]
|-damage|p2a: Obstagoon|53/100 brn|[from] Sandstorm
|-damage|p2a: Obstagoon|47/100 brn|[from] brn
|upkeep
|
|t:|1655606900
|switch|p1a: Weavile|Weavile, F|100/100
|-ability|p1a: Weavile|Pressure
|turn|19
|
|t:|1655606907
|switch|p2a: Clefable|Clefable, M|76/100
|move|p1a: Weavile|Triple Axel|p2a: Clefable|[miss]
|-miss|p1a: Weavile|p2a: Clefable
|
|-weather|Sandstorm|[upkeep]
|-damage|p1a: Weavile|94/100|[from] Sandstorm
|upkeep
|turn|20
|
|t:|1655606912
|switch|p1a: Melmetal|Melmetal|85/100
|move|p2a: Clefable|Teleport|p2a: Clefable
|
|t:|1655606914
|switch|p2a: Heatran|Heatran, M|78/100|[from]move: Teleport
|
|-weather|none
|upkeep
|turn|21
|
|t:|1655606919
|move|p2a: Heatran|Eruption|p1a: Melmetal
|-supereffective|p1a: Melmetal
|-damage|p1a: Melmetal|0 fnt
|faint|p1a: Melmetal
|
|upkeep
|
|t:|1655606924
|switch|p1a: Tyranitar|Tyranitar, F|79/100
|-weather|Sandstorm|[from] ability: Sand Stream|[of] p1a: Tyranitar
|turn|22
|
|t:|1655606929
|move|p2a: Heatran|Earth Power|p1a: Tyranitar
|-supereffective|p1a: Tyranitar
|-damage|p1a: Tyranitar|33/100
|move|p1a: Tyranitar|Earthquake|p2a: Heatran
|-supereffective|p2a: Heatran
|-damage|p2a: Heatran|0 fnt
|faint|p2a: Heatran
|
|-weather|Sandstorm|[upkeep]
|upkeep
|
|t:|1655606931
|switch|p2a: Tapu Lele|Tapu Lele|100/100
|-fieldstart|move: Psychic Terrain|[from] ability: Psychic Surge|[of] p2a: Tapu Lele
|turn|23
|
|t:|1655606936
|move|p2a: Tapu Lele|Moonblast|p1a: Tyranitar
|-supereffective|p1a: Tyranitar
|-damage|p1a: Tyranitar|0 fnt
|faint|p1a: Tyranitar
|
|-weather|Sandstorm|[upkeep]
|-damage|p2a: Tapu Lele|94/100|[from] Sandstorm
|upkeep
|-message|gotsnsd forfeited.
|
|win|cornelius st.
|raw|gotsnsd's rating: 1725 &rarr; <strong>1707</strong><br />(-18 for losing)
|raw|cornelius st.'s rating: 1760 &rarr; <strong>1778</strong><br />(+18 for winning)
|l|☆gotsnsd
||Ladder isn't responding, score probably updated but might not have (Request timeout).
