|j|☆Colonel Rivai
|j|☆flygonisdragon
|t:|1650038623
|gametype|singles
|player|p1|Colonel Rivai|101|1786
|player|p2|flygonisdragon|backers|1800
|teamsize|p1|6
|teamsize|p2|6
|gen|8
|tier|[Gen 8] OU
|rated|
|rule|Sleep Clause Mod: Limit one foe put to sleep
|rule|Species Clause: Limit one of each Pokémon
|rule|OHKO Clause: OHKO moves are banned
|rule|Evasion Moves Clause: Evasion moves are banned
|rule|Endless Battle Clause: Forcing endless battles is banned
|rule|HP Percentage Mod: HP is shown in percentages
|rule|Dynamax Clause: You cannot dynamax
|clearpoke
|poke|p1|Glastrier|
|poke|p1|Tapu Fini|
|poke|p1|Ferrothorn, M|
|poke|p1|Krookodile, F|
|poke|p1|Zapdos|
|poke|p1|Victini|
|poke|p2|Hatterene, F|
|poke|p2|Zapdos-Galar|
|poke|p2|Volcanion|
|poke|p2|Rillaboom, F|
|poke|p2|Tyranitar, F|
|poke|p2|Dragapult, F|
|teampreview
|
|t:|1650038635
|start
|switch|p1a: Hellcat|Victini|100/100
|switch|p2a: Tyranitar|Tyranitar, F|100/100
|-weather|Sandstorm|[from] ability: Sand Stream|[of] p2a: Tyranitar
|turn|1
|
|t:|1650038641
|move|p1a: Hellcat|U-turn|p2a: Tyranitar
|-supereffective|p2a: Tyranitar
|-damage|p2a: Tyranitar|62/100
|
|t:|1650038644
|switch|p1a: Charger|Krookodile, F|100/100|[from]move: U-turn
|move|p2a: Tyranitar|Fire Punch|p1a: Charger
|-crit|p1a: Charger
|-damage|p1a: Charger|25/100
|
|-weather|Sandstorm|[upkeep]
|upkeep
|turn|2
|
|t:|1650038655
|move|p1a: Charger|Knock Off|p2a: Tyranitar
|-resisted|p2a: Tyranitar
|-damage|p2a: Tyranitar|40/100
|-enditem|p2a: Tyranitar|Choice Band|[from] move: Knock Off|[of] p1a: Charger
|move|p2a: Tyranitar|Fire Punch|p1a: Charger
|-damage|p1a: Charger|0 fnt
|faint|p1a: Charger
|
|-weather|Sandstorm|[upkeep]
|upkeep
|j| wda323
|
|t:|1650038665
|switch|p1a: Hellcat|Victini|100/100
|turn|3
|
|t:|1650038668
|move|p1a: Hellcat|U-turn|p2a: Tyranitar
|-supereffective|p2a: Tyranitar
|-damage|p2a: Tyranitar|5/100
|
|t:|1650038672
|switch|p1a: F-150|Ferrothorn, M|100/100|[from]move: U-turn
|move|p2a: Tyranitar|Crunch|p1a: F-150
|-damage|p1a: F-150|75/100
|-damage|p2a: Tyranitar|0 fnt|[from] ability: Iron Barbs|[of] p1a: F-150
|faint|p2a: Tyranitar
|
|-weather|Sandstorm|[upkeep]
|upkeep
|inactive|Battle timer is ON: inactive players will automatically lose when time's up. (requested by Colonel Rivai)
|
|t:|1650038677
|switch|p2a: Volcanion|Volcanion|100/100
|turn|4
|j| sdifuhasijffdg
|
|t:|1650038682
|switch|p1a: Shelby|Tapu Fini|100/100
|-fieldstart|move: Misty Terrain|[from] ability: Misty Surge|[of] p1a: Shelby
|move|p2a: Volcanion|Fire Blast|p1a: Shelby
|-resisted|p1a: Shelby
|-damage|p1a: Shelby|66/100
|
|-weather|Sandstorm|[upkeep]
|-damage|p2a: Volcanion|95/100|[from] Sandstorm
|-damage|p1a: Shelby|60/100|[from] Sandstorm
|-heal|p1a: Shelby|66/100|[from] item: Leftovers
|upkeep
|turn|5
|
|t:|1650038689
|move|p2a: Volcanion|Fire Blast|p1a: Shelby
|-resisted|p1a: Shelby
|-damage|p1a: Shelby|30/100
|move|p1a: Shelby|Calm Mind|p1a: Shelby
|-boost|p1a: Shelby|spa|1
|-boost|p1a: Shelby|spd|1
|
|-weather|none
|-heal|p1a: Shelby|36/100|[from] item: Leftovers
|upkeep
|turn|6
|
|t:|1650038691
|move|p2a: Volcanion|Fire Blast|p1a: Shelby
|-resisted|p1a: Shelby
|-damage|p1a: Shelby|10/100
|move|p1a: Shelby|Calm Mind|p1a: Shelby
|-boost|p1a: Shelby|spa|1
|-boost|p1a: Shelby|spd|1
|
|-heal|p1a: Shelby|16/100|[from] item: Leftovers
|upkeep
|turn|7
|
|t:|1650038695
|move|p2a: Volcanion|Fire Blast|p1a: Shelby|[miss]
|-miss|p2a: Volcanion|p1a: Shelby
|move|p1a: Shelby|Draining Kiss|p2a: Volcanion
|-resisted|p2a: Volcanion
|-damage|p2a: Volcanion|75/100
|-heal|p1a: Shelby|29/100|[from] drain|[of] p2a: Volcanion
|
|-heal|p1a: Shelby|35/100|[from] item: Leftovers
|upkeep
|turn|8
|
|t:|1650038698
|move|p2a: Volcanion|Fire Blast|p1a: Shelby|[miss]
|-miss|p2a: Volcanion|p1a: Shelby
|move|p1a: Shelby|Calm Mind|p1a: Shelby
|-boost|p1a: Shelby|spa|1
|-boost|p1a: Shelby|spd|1
|
|-heal|p1a: Shelby|41/100|[from] item: Leftovers
|-fieldend|Misty Terrain
|upkeep
|turn|9
|
|t:|1650038702
|move|p2a: Volcanion|Fire Blast|p1a: Shelby
|-resisted|p1a: Shelby
|-damage|p1a: Shelby|27/100
|move|p1a: Shelby|Draining Kiss|p2a: Volcanion
|-resisted|p2a: Volcanion
|-damage|p2a: Volcanion|50/100
|-heal|p1a: Shelby|43/100|[from] drain|[of] p2a: Volcanion
|
|-heal|p1a: Shelby|49/100|[from] item: Leftovers
|upkeep
|turn|10
|
|t:|1650038705
|switch|p2a: Rillaboom|Rillaboom, F|100/100
|-fieldstart|move: Grassy Terrain|[from] ability: Grassy Surge|[of] p2a: Rillaboom
|move|p1a: Shelby|Draining Kiss|p2a: Rillaboom
|-damage|p2a: Rillaboom|47/100
|-heal|p1a: Shelby|89/100|[from] drain|[of] p2a: Rillaboom
|
|-heal|p2a: Rillaboom|53/100|[from] Grassy Terrain
|-heal|p1a: Shelby|96/100|[from] Grassy Terrain
|-heal|p1a: Shelby|100/100|[from] item: Leftovers
|upkeep
|turn|11
|
|t:|1650038710
|switch|p1a: F-150|Ferrothorn, M|75/100
|move|p2a: Rillaboom|Grassy Glide|p1a: F-150
|-resisted|p1a: F-150
|-damage|p1a: F-150|64/100
|-damage|p2a: Rillaboom|41/100|[from] ability: Iron Barbs|[of] p1a: F-150
|-damage|p2a: Rillaboom|24/100|[from] item: Rocky Helmet|[of] p1a: F-150
|
|-heal|p2a: Rillaboom|30/100|[from] Grassy Terrain
|-heal|p1a: F-150|70/100|[from] Grassy Terrain
|upkeep
|turn|12
|
|t:|1650038714
|switch|p2a: Hatterene|Hatterene, F|100/100
|move|p1a: F-150|Knock Off|p2a: Hatterene
|-damage|p2a: Hatterene|83/100
|-enditem|p2a: Hatterene|Leftovers|[from] move: Knock Off|[of] p1a: F-150
|
|-heal|p2a: Hatterene|89/100|[from] Grassy Terrain
|-heal|p1a: F-150|77/100|[from] Grassy Terrain
|upkeep
|turn|13
|
|t:|1650038719
|switch|p2a: Dragapult|Dragapult, F|100/100
|switch|p1a: Panamera|Glastrier|100/100
|
|upkeep
|turn|14
|
|t:|1650038726
|move|p2a: Dragapult|U-turn|p1a: Panamera
|-damage|p1a: Panamera|87/100
|
|t:|1650038729
|switch|p2a: Volcanion|Volcanion|50/100|[from]move: U-turn
|move|p1a: Panamera|Icicle Spear|p2a: Volcanion
|-resisted|p2a: Volcanion
|-damage|p2a: Volcanion|44/100
|-resisted|p2a: Volcanion
|-damage|p2a: Volcanion|39/100
|-resisted|p2a: Volcanion
|-damage|p2a: Volcanion|33/100
|-hitcount|p2a: Volcanion|3
|
|-heal|p2a: Volcanion|39/100|[from] Grassy Terrain
|-heal|p1a: Panamera|93/100|[from] Grassy Terrain
|-fieldend|move: Grassy Terrain
|upkeep
|turn|15
|
|t:|1650038735
|switch|p1a: Shelby|Tapu Fini|100/100
|-fieldstart|move: Misty Terrain|[from] ability: Misty Surge|[of] p1a: Shelby
|move|p2a: Volcanion|Fire Blast|p1a: Shelby
|-resisted|p1a: Shelby
|-damage|p1a: Shelby|66/100
|
|-heal|p1a: Shelby|72/100|[from] item: Leftovers
|upkeep
|turn|16
|j| simplegent
|
|t:|1650038739
|switch|p2a: Rillaboom|Rillaboom, F|30/100
|-fieldstart|move: Grassy Terrain|[from] ability: Grassy Surge|[of] p2a: Rillaboom
|move|p1a: Shelby|Draining Kiss|p2a: Rillaboom
|-damage|p2a: Rillaboom|9/100
|-heal|p1a: Shelby|88/100|[from] drain|[of] p2a: Rillaboom
|
|-heal|p2a: Rillaboom|15/100|[from] Grassy Terrain
|-heal|p1a: Shelby|94/100|[from] Grassy Terrain
|-heal|p1a: Shelby|99/100|[from] item: Leftovers
|upkeep
|turn|17
|
|t:|1650038742
|switch|p1a: F-150|Ferrothorn, M|77/100
|move|p2a: Rillaboom|Superpower|p1a: F-150
|-supereffective|p1a: F-150
|-damage|p1a: F-150|0 fnt
|-unboost|p2a: Rillaboom|atk|1
|-unboost|p2a: Rillaboom|def|1
|-damage|p2a: Rillaboom|3/100|[from] ability: Iron Barbs|[of] p1a: F-150
|-damage|p2a: Rillaboom|0 fnt|[from] item: Rocky Helmet|[of] p1a: F-150
|faint|p1a: F-150
|faint|p2a: Rillaboom
|
|upkeep
|
|t:|1650038749
|switch|p2a: Volcanion|Volcanion|39/100
|switch|p1a: Tesla|Zapdos|100/100
|turn|18
|
|t:|1650038753
|switch|p2a: Dragapult|Dragapult, F|100/100
|move|p1a: Tesla|Discharge|p2a: Dragapult
|-resisted|p2a: Dragapult
|-damage|p2a: Dragapult|76/100
|
|-heal|p2a: Dragapult|82/100|[from] Grassy Terrain
|upkeep
|turn|19
|
|t:|1650038758
|switch|p1a: Shelby|Tapu Fini|99/100
|-fieldstart|move: Misty Terrain|[from] ability: Misty Surge|[of] p1a: Shelby
|move|p2a: Dragapult|Shadow Ball|p1a: Shelby
|-crit|p1a: Shelby
|-damage|p1a: Shelby|56/100
|-unboost|p1a: Shelby|spd|1
|
|-heal|p1a: Shelby|63/100|[from] item: Leftovers
|upkeep
|turn|20
|
|t:|1650038761
|move|p2a: Dragapult|Shadow Ball|p1a: Shelby
|-damage|p1a: Shelby|21/100
|-unboost|p1a: Shelby|spd|1
|move|p1a: Shelby|Draining Kiss|p2a: Dragapult
|-supereffective|p2a: Dragapult
|-damage|p2a: Dragapult|40/100
|-heal|p1a: Shelby|49/100|[from] drain|[of] p2a: Dragapult
|
|-heal|p1a: Shelby|56/100|[from] item: Leftovers
|upkeep
|turn|21
|
|t:|1650038765
|move|p2a: Dragapult|Shadow Ball|p1a: Shelby
|-damage|p1a: Shelby|0 fnt
|faint|p1a: Shelby
|
|upkeep
|
|t:|1650038773
|switch|p1a: Panamera|Glastrier|93/100
|turn|22
|
|t:|1650038784
|switch|p2a: Hatterene|Hatterene, F|89/100
|move|p1a: Panamera|Icicle Spear|p2a: Hatterene
|-damage|p2a: Hatterene|69/100
|-damage|p2a: Hatterene|50/100
|-damage|p2a: Hatterene|29/100
|-damage|p2a: Hatterene|10/100
|-hitcount|p2a: Hatterene|4
|
|upkeep
|turn|23
|
|t:|1650038788
|move|p1a: Panamera|Icicle Spear|p2a: Hatterene
|-damage|p2a: Hatterene|0 fnt
|faint|p2a: Hatterene
|-ability|p1a: Panamera|Chilling Neigh|boost
|-boost|p1a: Panamera|atk|1
|-hitcount|p2: Hatterene|1
|
|-fieldend|Misty Terrain
|upkeep
|
|t:|1650038793
|switch|p2a: Volcanion|Volcanion|39/100
|turn|24
|
|t:|1650038796
|switch|p1a: Hellcat|Victini|100/100
|move|p2a: Volcanion|Steam Eruption|p1a: Hellcat
|-supereffective|p1a: Hellcat
|-damage|p1a: Hellcat|0 fnt
|faint|p1a: Hellcat
|
|upkeep
|
|t:|1650038798
|switch|p1a: Tesla|Zapdos|100/100
|turn|25
|
|t:|1650038822
|move|p1a: Tesla|Discharge|p2a: Volcanion
|-supereffective|p2a: Volcanion
|-damage|p2a: Volcanion|0 fnt
|faint|p2a: Volcanion
|
|upkeep
|
|t:|1650038824
|switch|p2a: Dragapult|Dragapult, F|40/100
|turn|26
|
|t:|1650038828
|move|p2a: Dragapult|Draco Meteor|p1a: Tesla
|-damage|p1a: Tesla|40/100
|-unboost|p2a: Dragapult|spa|2
|move|p1a: Tesla|Hurricane|p2a: Dragapult
|-damage|p2a: Dragapult|0 fnt
|faint|p2a: Dragapult
|
|upkeep
|
|t:|1650038831
|switch|p2a: Zapdos|Zapdos-Galar|100/100
|turn|27
|
|t:|1650038834
|move|p2a: Zapdos|Close Combat|p1a: Tesla
|-resisted|p1a: Tesla
|-damage|p1a: Tesla|9/100
|-unboost|p2a: Zapdos|def|1
|-unboost|p2a: Zapdos|spd|1
|move|p1a: Tesla|Roost|p1a: Tesla
|-heal|p1a: Tesla|60/100
|-singleturn|p1a: Tesla|move: Roost
|
|upkeep
|turn|28
|
|t:|1650038838
|move|p2a: Zapdos|Close Combat|p1a: Tesla
|-resisted|p1a: Tesla
|-damage|p1a: Tesla|25/100
|-unboost|p2a: Zapdos|def|1
|-unboost|p2a: Zapdos|spd|1
|move|p1a: Tesla|Discharge|p2a: Zapdos
|-supereffective|p2a: Zapdos
|-damage|p2a: Zapdos|0 fnt
|faint|p2a: Zapdos
|
|win|Colonel Rivai
|raw|Colonel Rivai's rating: 1786 &rarr; <strong>1807</strong><br />(+21 for winning)
|raw|flygonisdragon's rating: 1800 &rarr; <strong>1779</strong><br />(-21 for losing)
|l|☆Colonel Rivai
|l|☆flygonisdragon
