|j|☆spaaartiate
|j|☆FENDINI
|t:|1649976596
|gametype|singles
|player|p1|spaaartiate|steven|1642
|player|p2|FENDINI|n|1710
|teamsize|p1|6
|teamsize|p2|6
|gen|8
|tier|[Gen 8] OU
|rated|
|rule|Sleep Clause Mod: Limit one foe put to sleep
|rule|Species Clause: Limit one of each Pokémon
|rule|OHKO Clause: OHKO moves are banned
|rule|Evasion Moves Clause: Evasion moves are banned
|rule|Endless Battle Clause: Forcing endless battles is banned
|rule|HP Percentage Mod: HP is shown in percentages
|rule|Dynamax Clause: You cannot dynamax
|clearpoke
|poke|p1|Mew|
|poke|p1|Skarmory, M|
|poke|p1|Ninetales-Alola, M|
|poke|p1|Rillaboom, M|
|poke|p1|Swampert, M|
|poke|p1|Blaziken, M|
|poke|p2|Weavile, M|
|poke|p2|Garchomp, M|
|poke|p2|Tornadus-Therian, M|
|poke|p2|Clefable, F|
|poke|p2|Rotom-Wash|
|poke|p2|Ferrothorn, M|
|teampreview
|inactive|Battle timer is ON: inactive players will automatically lose when time's up. (requested by FENDINI)
|inactive|spaaartiate has 120 seconds left.
|
|t:|1649976654
|start
|switch|p1a: Ninetales|Ninetales-Alola, M|100/100
|switch|p2a: Tornadus|Tornadus-Therian, M|100/100
|-weather|Hail|[from] ability: Snow Warning|[of] p1a: Ninetales
|turn|1
|
|t:|1649976665
|move|p2a: Tornadus|Taunt|p1a: Ninetales
|-start|p1a: Ninetales|move: Taunt
|cant|p1a: Ninetales|move: Taunt|Aurora Veil
|
|-weather|Hail|[upkeep]
|-damage|p2a: Tornadus|94/100|[from] Hail
|upkeep
|turn|2
|
|t:|1649976681
|move|p2a: Tornadus|Knock Off|p1a: Ninetales
|-resisted|p1a: Ninetales
|-damage|p1a: Ninetales|88/100
|-enditem|p1a: Ninetales|Light Clay|[from] move: Knock Off|[of] p2a: Tornadus
|move|p1a: Ninetales|Freeze-Dry|p2a: Tornadus
|-supereffective|p2a: Tornadus
|-damage|p2a: Tornadus|53/100
|
|-weather|Hail|[upkeep]
|-damage|p2a: Tornadus|47/100|[from] Hail
|upkeep
|turn|3
|
|t:|1649976695
|switch|p2a: Weavile|Weavile, M|100/100
|-ability|p2a: Weavile|Pressure
|move|p1a: Ninetales|Freeze-Dry|p2a: Weavile
|-resisted|p2a: Weavile
|-damage|p2a: Weavile|87/100
|
|-weather|Hail|[upkeep]
|-end|p1a: Ninetales|move: Taunt
|upkeep
|turn|4
|
|t:|1649976707
|switch|p1a: Skarmory|Skarmory, M|100/100
|move|p2a: Weavile|Poison Jab|p1a: Skarmory
|-immune|p1a: Skarmory
|
|-weather|Hail|[upkeep]
|-damage|p1a: Skarmory|95/100|[from] Hail
|upkeep
|turn|5
|
|t:|1649976720
|switch|p2a: Garchomp|Garchomp, M|100/100
|move|p1a: Skarmory|Spikes|p2a: Garchomp
|-sidestart|p2: FENDINI|Spikes
|
|-weather|none
|upkeep
|turn|6
|
|t:|1649976729
|move|p2a: Garchomp|Stealth Rock|p1a: Skarmory
|-sidestart|p1: spaaartiate|move: Stealth Rock
|move|p1a: Skarmory|Iron Defense|p1a: Skarmory
|-boost|p1a: Skarmory|def|2
|
|upkeep
|turn|7
|
|t:|1649976736
|switch|p2a: Rotom|Rotom-Wash|100/100
|move|p1a: Skarmory|Spikes|p2a: Rotom
|-sidestart|p2: FENDINI|Spikes
|
|upkeep
|turn|8
|
|t:|1649976745
|switch|p1a: Swampert|Swampert, M|100/100
|-damage|p1a: Swampert|94/100|[from] Stealth Rock
|move|p2a: Rotom|Hydro Pump|p1a: Swampert|[miss]
|-miss|p2a: Rotom|p1a: Swampert
|
|-heal|p1a: Swampert|100/100|[from] item: Leftovers
|upkeep
|turn|9
|
|t:|1649976759
|switch|p2a: Ferrothorn|Ferrothorn, M|100/100
|-damage|p2a: Ferrothorn|84/100|[from] Spikes
|move|p1a: Swampert|Stealth Rock|p2a: Ferrothorn
|-sidestart|p2: FENDINI|move: Stealth Rock
|
|-heal|p2a: Ferrothorn|90/100|[from] item: Leftovers
|upkeep
|turn|10
|
|t:|1649976770
|move|p1a: Swampert|Flip Turn|p2a: Ferrothorn
|-resisted|p2a: Ferrothorn
|-damage|p2a: Ferrothorn|83/100
|-damage|p1a: Swampert|88/100|[from] ability: Iron Barbs|[of] p2a: Ferrothorn
|
|t:|1649976777
|switch|p1a: Rillaboom|Rillaboom, M|100/100|[from]move: Flip Turn
|-damage|p1a: Rillaboom|88/100|[from] Stealth Rock
|-fieldstart|move: Grassy Terrain|[from] ability: Grassy Surge|[of] p1a: Rillaboom
|move|p2a: Ferrothorn|Spikes|p1a: Rillaboom
|-sidestart|p1: spaaartiate|Spikes
|
|-heal|p1a: Rillaboom|94/100|[from] Grassy Terrain
|-heal|p2a: Ferrothorn|89/100|[from] Grassy Terrain
|-heal|p2a: Ferrothorn|95/100|[from] item: Leftovers
|upkeep
|turn|11
|
|t:|1649976792
|switch|p2a: Tornadus|Tornadus-Therian, M|80/100
|move|p1a: Rillaboom|Swords Dance|p1a: Rillaboom
|-boost|p1a: Rillaboom|atk|2
|
|-heal|p1a: Rillaboom|100/100|[from] Grassy Terrain
|upkeep
|turn|12
|
|t:|1649976800
|move|p1a: Rillaboom|Grassy Glide|p2a: Tornadus
|-resisted|p2a: Tornadus
|-damage|p2a: Tornadus|7/100
|-damage|p1a: Rillaboom|91/100|[from] item: Life Orb
|move|p2a: Tornadus|Hurricane|p1a: Rillaboom
|-supereffective|p1a: Rillaboom
|-crit|p1a: Rillaboom
|-damage|p1a: Rillaboom|0 fnt
|faint|p1a: Rillaboom
|
|upkeep
|
|t:|1649976813
|switch|p1a: Ninetales|Ninetales-Alola, M|88/100
|-damage|p1a: Ninetales|76/100|[from] Spikes
|-damage|p1a: Ninetales|51/100|[from] Stealth Rock
|-weather|Hail|[from] ability: Snow Warning|[of] p1a: Ninetales
|turn|13
|
|t:|1649976829
|switch|p2a: Ferrothorn|Ferrothorn, M|95/100
|-damage|p2a: Ferrothorn|79/100|[from] Spikes
|-damage|p2a: Ferrothorn|73/100|[from] Stealth Rock
|move|p1a: Ninetales|Aurora Veil|p1a: Ninetales
|-sidestart|p1: spaaartiate|move: Aurora Veil
|
|-weather|Hail|[upkeep]
|-damage|p2a: Ferrothorn|67/100|[from] Hail
|-heal|p1a: Ninetales|57/100|[from] Grassy Terrain
|-heal|p2a: Ferrothorn|73/100|[from] Grassy Terrain
|-heal|p2a: Ferrothorn|79/100|[from] item: Leftovers
|upkeep
|turn|14
|
|t:|1649976840
|move|p1a: Ninetales|Hypnosis|p2a: Ferrothorn
|-status|p2a: Ferrothorn|slp|[from] move: Hypnosis
|cant|p2a: Ferrothorn|slp
|
|-weather|Hail|[upkeep]
|-damage|p2a: Ferrothorn|73/100 slp|[from] Hail
|-heal|p1a: Ninetales|63/100|[from] Grassy Terrain
|-heal|p2a: Ferrothorn|79/100 slp|[from] Grassy Terrain
|-heal|p2a: Ferrothorn|85/100 slp|[from] item: Leftovers
|-fieldend|move: Grassy Terrain
|upkeep
|turn|15
|
|t:|1649976859
|switch|p1a: Mew|Mew|100/100
|-damage|p1a: Mew|88/100|[from] Stealth Rock
|-damage|p1a: Mew|76/100|[from] Spikes
|switch|p2a: Clefable|Clefable, F|100/100
|
|-weather|Hail|[upkeep]
|-damage|p1a: Mew|70/100|[from] Hail
|-heal|p1a: Mew|76/100|[from] item: Leftovers
|upkeep
|turn|16
|
|t:|1649976877
|switch|p2a: Tornadus|Tornadus-Therian, M|40/100
|move|p1a: Mew|Substitute|p1a: Mew
|-start|p1a: Mew|Substitute
|-damage|p1a: Mew|51/100
|
|-weather|Hail|[upkeep]
|-damage|p2a: Tornadus|34/100|[from] Hail
|-damage|p1a: Mew|45/100|[from] Hail
|-heal|p1a: Mew|51/100|[from] item: Leftovers
|upkeep
|turn|17
|
|t:|1649976894
|move|p2a: Tornadus|Taunt|p1a: Mew
|-start|p1a: Mew|move: Taunt
|move|p1a: Mew|Stored Power|p2a: Tornadus
|-damage|p2a: Tornadus|27/100
|
|-weather|none
|-heal|p1a: Mew|57/100|[from] item: Leftovers
|-sideend|p1: spaaartiate|move: Aurora Veil
|upkeep
|turn|18
|
|t:|1649976907
|move|p2a: Tornadus|Defog|p1a: Mew
|-sideend|p1: spaaartiate|Spikes|[from] move: Defog|[of] p2a: Tornadus
|-sideend|p1: spaaartiate|Stealth Rock|[from] move: Defog|[of] p2a: Tornadus
|-sideend|p2: FENDINI|Spikes|[from] move: Defog|[of] p2a: Tornadus
|-sideend|p2: FENDINI|Stealth Rock|[from] move: Defog|[of] p2a: Tornadus
|move|p1a: Mew|Body Press|p2a: Tornadus
|-resisted|p2a: Tornadus
|-damage|p2a: Tornadus|17/100
|
|-heal|p1a: Mew|63/100|[from] item: Leftovers
|upkeep
|turn|19
|
|t:|1649976920
|move|p2a: Tornadus|Knock Off|p1a: Mew
|-supereffective|p1a: Mew
|-end|p1a: Mew|Substitute
|move|p1a: Mew|Body Press|p2a: Tornadus
|-resisted|p2a: Tornadus
|-damage|p2a: Tornadus|6/100
|
|-heal|p1a: Mew|69/100|[from] item: Leftovers
|-end|p1a: Mew|move: Taunt
|upkeep
|turn|20
|
|t:|1649976931
|switch|p2a: Garchomp|Garchomp, M|100/100
|move|p1a: Mew|Body Press|p2a: Garchomp
|-damage|p2a: Garchomp|81/100
|-damage|p1a: Mew|57/100|[from] ability: Rough Skin|[of] p2a: Garchomp
|
|-heal|p2a: Garchomp|87/100|[from] item: Leftovers
|-heal|p1a: Mew|63/100|[from] item: Leftovers
|upkeep
|turn|21
|inactive|spaaartiate has 120 seconds left.
|
|t:|1649976960
|move|p2a: Garchomp|Stealth Rock|p1a: Mew
|-sidestart|p1: spaaartiate|move: Stealth Rock
|move|p1a: Mew|Substitute|p1a: Mew
|-start|p1a: Mew|Substitute
|-damage|p1a: Mew|38/100
|
|-heal|p2a: Garchomp|93/100|[from] item: Leftovers
|-heal|p1a: Mew|44/100|[from] item: Leftovers
|upkeep
|turn|22
|
|t:|1649976968
|move|p2a: Garchomp|Earthquake|p1a: Mew
|-crit|p1a: Mew
|-end|p1a: Mew|Substitute
|move|p1a: Mew|Cosmic Power|p1a: Mew
|-boost|p1a: Mew|def|1
|-boost|p1a: Mew|spd|1
|
|-heal|p2a: Garchomp|99/100|[from] item: Leftovers
|-heal|p1a: Mew|50/100|[from] item: Leftovers
|upkeep
|turn|23
|
|t:|1649976978
|move|p2a: Garchomp|Swords Dance|p2a: Garchomp
|-boost|p2a: Garchomp|atk|2
|move|p1a: Mew|Cosmic Power|p1a: Mew
|-boost|p1a: Mew|def|1
|-boost|p1a: Mew|spd|1
|
|-heal|p2a: Garchomp|100/100|[from] item: Leftovers
|-heal|p1a: Mew|57/100|[from] item: Leftovers
|upkeep
|turn|24
|
|t:|1649976991
|move|p2a: Garchomp|Earthquake|p1a: Mew
|-damage|p1a: Mew|13/100
|move|p1a: Mew|Cosmic Power|p1a: Mew
|-boost|p1a: Mew|def|1
|-boost|p1a: Mew|spd|1
|
|-heal|p1a: Mew|19/100|[from] item: Leftovers
|upkeep
|turn|25
|
|t:|1649976999
|move|p2a: Garchomp|Earthquake|p1a: Mew
|-damage|p1a: Mew|0 fnt
|faint|p1a: Mew
|
|upkeep
|
|t:|1649977004
|switch|p1a: Ninetales|Ninetales-Alola, M|63/100
|-damage|p1a: Ninetales|38/100|[from] Stealth Rock
|-weather|Hail|[from] ability: Snow Warning|[of] p1a: Ninetales
|turn|26
|
|t:|1649977010
|switch|p2a: Ferrothorn|Ferrothorn, M|85/100 slp
|move|p1a: Ninetales|Aurora Veil|p1a: Ninetales
|-sidestart|p1: spaaartiate|move: Aurora Veil
|
|-weather|Hail|[upkeep]
|-damage|p2a: Ferrothorn|79/100 slp|[from] Hail
|-heal|p2a: Ferrothorn|85/100 slp|[from] item: Leftovers
|upkeep
|turn|27
|
|t:|1649977018
|switch|p1a: Blaziken|Blaziken, M|100/100
|-damage|p1a: Blaziken|88/100|[from] Stealth Rock
|cant|p2a: Ferrothorn|slp
|
|-weather|Hail|[upkeep]
|-damage|p1a: Blaziken|82/100|[from] Hail
|-damage|p2a: Ferrothorn|79/100 slp|[from] Hail
|-heal|p2a: Ferrothorn|85/100 slp|[from] item: Leftovers
|upkeep
|turn|28
|
|t:|1649977027
|switch|p2a: Garchomp|Garchomp, M|100/100
|move|p1a: Blaziken|Swords Dance|p1a: Blaziken
|-boost|p1a: Blaziken|atk|2
|
|-weather|Hail|[upkeep]
|-damage|p2a: Garchomp|94/100|[from] Hail
|-damage|p1a: Blaziken|76/100|[from] Hail
|-heal|p2a: Garchomp|100/100|[from] item: Leftovers
|-ability|p1a: Blaziken|Speed Boost|boost
|-boost|p1a: Blaziken|spe|1
|upkeep
|turn|29
|
|t:|1649977037
|move|p1a: Blaziken|Close Combat|p2a: Garchomp
|-damage|p2a: Garchomp|0 fnt
|-unboost|p1a: Blaziken|def|1
|-unboost|p1a: Blaziken|spd|1
|-damage|p1a: Blaziken|64/100|[from] ability: Rough Skin|[of] p2a: Garchomp
|faint|p2a: Garchomp
|-damage|p1a: Blaziken|54/100|[from] item: Life Orb
|
|-weather|Hail|[upkeep]
|-damage|p1a: Blaziken|48/100|[from] Hail
|-ability|p1a: Blaziken|Speed Boost|boost
|-boost|p1a: Blaziken|spe|1
|upkeep
|
|t:|1649977057
|switch|p2a: Clefable|Clefable, F|100/100
|turn|30
|
|t:|1649977062
|switch|p2a: Ferrothorn|Ferrothorn, M|85/100 slp
|move|p1a: Blaziken|Flare Blitz|p2a: Ferrothorn
|-supereffective|p2a: Ferrothorn
|-damage|p2a: Ferrothorn|0 fnt
|-damage|p1a: Blaziken|36/100|[from] ability: Iron Barbs|[of] p2a: Ferrothorn
|faint|p2a: Ferrothorn
|-damage|p1a: Blaziken|3/100|[from] Recoil
|-damage|p1a: Blaziken|0 fnt|[from] item: Life Orb
|faint|p1a: Blaziken
|
|-weather|none
|-sideend|p1: spaaartiate|move: Aurora Veil
|upkeep
|
|t:|1649977083
|switch|p1a: Swampert|Swampert, M|88/100
|switch|p2a: Tornadus|Tornadus-Therian, M|39/100
|-damage|p1a: Swampert|82/100|[from] Stealth Rock
|turn|31
|
|t:|1649977093
|move|p2a: Tornadus|Knock Off|p1a: Swampert
|-damage|p1a: Swampert|63/100
|-enditem|p1a: Swampert|Leftovers|[from] move: Knock Off|[of] p2a: Tornadus
|move|p1a: Swampert|Toxic|p2a: Tornadus
|-status|p2a: Tornadus|tox
|
|-damage|p2a: Tornadus|33/100 tox|[from] psn
|upkeep
|turn|32
|
|t:|1649977102
|switch|p2a: Clefable|Clefable, F|100/100
|move|p1a: Swampert|Stealth Rock|p2a: Clefable
|-sidestart|p2: FENDINI|move: Stealth Rock
|
|upkeep
|turn|33
|
|t:|1649977118
|move|p2a: Clefable|Moonblast|p1a: Swampert
|-damage|p1a: Swampert|34/100
|-unboost|p1a: Swampert|spa|1
|move|p1a: Swampert|Flip Turn|p2a: Clefable
|-damage|p2a: Clefable|81/100
|
|t:|1649977126
|switch|p1a: Ninetales|Ninetales-Alola, M|38/100|[from]move: Flip Turn
|-damage|p1a: Ninetales|14/100|[from] Stealth Rock
|-weather|Hail|[from] ability: Snow Warning|[of] p1a: Ninetales
|
|-weather|Hail|[upkeep]
|upkeep
|turn|34
|
|t:|1649977147
|switch|p2a: Tornadus|Tornadus-Therian, M|66/100 tox
|move|p1a: Ninetales|Aurora Veil|p1a: Ninetales
|-sidestart|p1: spaaartiate|move: Aurora Veil
|
|-weather|Hail|[upkeep]
|-damage|p2a: Tornadus|60/100 tox|[from] Hail
|-damage|p2a: Tornadus|54/100 tox|[from] psn
|upkeep
|turn|35
|
|t:|1649977159
|move|p2a: Tornadus|Defog|p1a: Ninetales
|-unboost|p1a: Ninetales|evasion|1
|-sideend|p1: spaaartiate|move: Aurora Veil
|-sideend|p1: spaaartiate|Stealth Rock|[from] move: Defog|[of] p2a: Tornadus
|-sideend|p2: FENDINI|Stealth Rock|[from] move: Defog|[of] p2a: Tornadus
|move|p1a: Ninetales|Freeze-Dry|p2a: Tornadus
|-supereffective|p2a: Tornadus
|-damage|p2a: Tornadus|14/100 tox
|
|-weather|Hail|[upkeep]
|-damage|p2a: Tornadus|7/100 tox|[from] Hail
|-damage|p2a: Tornadus|0 fnt|[from] psn
|faint|p2a: Tornadus
|upkeep
|
|t:|1649977160
|switch|p2a: Weavile|Weavile, M|87/100
|-ability|p2a: Weavile|Pressure
|turn|36
|
|t:|1649977174
|move|p2a: Weavile|Icicle Crash|p1a: Ninetales
|-resisted|p1a: Ninetales
|-damage|p1a: Ninetales|0 fnt
|faint|p1a: Ninetales
|
|-weather|Hail|[upkeep]
|upkeep
|
|t:|1649977181
|switch|p1a: Skarmory|Skarmory, M|95/100
|turn|37
|
|t:|1649977202
|switch|p2a: Rotom|Rotom-Wash|100/100
|move|p1a: Skarmory|Body Press|p2a: Rotom
|-damage|p2a: Rotom|64/100
|
|-weather|none
|-heal|p2a: Rotom|70/100|[from] item: Leftovers
|upkeep
|turn|38
|
|t:|1649977220
|switch|p2a: Clefable|Clefable, F|81/100
|switch|p1a: Swampert|Swampert, M|34/100
|
|upkeep
|turn|39
|
|t:|1649977231
|move|p2a: Clefable|Calm Mind|p2a: Clefable
|-boost|p2a: Clefable|spa|1
|-boost|p2a: Clefable|spd|1
|move|p1a: Swampert|Stealth Rock|p2a: Clefable
|-sidestart|p2: FENDINI|move: Stealth Rock
|
|upkeep
|turn|40
|
|t:|1649977240
|move|p2a: Clefable|Moonblast|p1a: Swampert
|-damage|p1a: Swampert|0 fnt
|faint|p1a: Swampert
|
|upkeep
|
|t:|1649977245
|switch|p1a: Skarmory|Skarmory, M|95/100
|turn|41
|
|t:|1649977249
|move|p1a: Skarmory|Iron Defense|p1a: Skarmory
|-boost|p1a: Skarmory|def|2
|move|p2a: Clefable|Thunder|p1a: Skarmory
|-supereffective|p1a: Skarmory
|-damage|p1a: Skarmory|0 fnt
|faint|p1a: Skarmory
|
|win|FENDINI
|raw|spaaartiate's rating: 1662 &rarr; <strong>1645</strong><br />(-17 for losing)
|raw|FENDINI's rating: 1710 &rarr; <strong>1727</strong><br />(+17 for winning)
|l|☆spaaartiate
