|html|<div class="broadcast-blue"><strong>[Gen 8] OU is currently suspecting Melmetal! For information on how to participate check out the <a href="https://www.smogon.com/forums/threads/np-ss-ou-suspect-process-round-12-monster-mash.3709234/">suspect thread</a>.</strong></div>
|j|☆d18l
|j|☆RggV_YT
|t:|1666058470
|gametype|singles
|player|p1|d18l|backpacker|1708
|player|p2|RggV_YT|scientist-gen4|1878
|teamsize|p1|6
|teamsize|p2|6
|gen|8
|tier|[Gen 8] OU
|rated|
|rule|Sleep Clause Mod: Limit one foe put to sleep
|rule|Species Clause: Limit one of each Pokémon
|rule|OHKO Clause: OHKO moves are banned
|rule|Evasion Items Clause: Evasion items are banned
|rule|Evasion Moves Clause: Evasion moves are banned
|rule|Endless Battle Clause: Forcing endless battles is banned
|rule|HP Percentage Mod: HP is shown in percentages
|rule|Dynamax Clause: You cannot dynamax
|clearpoke
|poke|p1|Tapu Koko|
|poke|p1|Victini|
|poke|p1|Landorus-Therian, M|
|poke|p1|Tornadus-Therian, M|
|poke|p1|Rotom-Wash|
|poke|p1|Ferrothorn, F|
|poke|p2|Dragapult, M|
|poke|p2|Rotom-Wash|
|poke|p2|Landorus-Therian, M|
|poke|p2|Melmetal|
|poke|p2|Weavile, M|
|poke|p2|Kartana|
|teampreview
|inactive|Battle timer is ON: inactive players will automatically lose when time's up. (requested by RggV_YT)
|inactive|d18l has 120 seconds left.
|
|t:|1666058509
|start
|switch|p1a: Tapu Koko|Tapu Koko|100/100
|switch|p2a: Bandit|Weavile, M, shiny|100/100
|-fieldstart|move: Electric Terrain|[from] ability: Electric Surge|[of] p1a: Tapu Koko
|-ability|p2a: Bandit|Pressure
|turn|1
|
|t:|1666058520
|switch|p2a: Enten|Landorus-Therian, M, shiny|100/100
|-ability|p2a: Enten|Intimidate|boost
|-unboost|p1a: Tapu Koko|atk|1
|move|p1a: Tapu Koko|Dazzling Gleam|p2a: Enten
|-damage|p2a: Enten|60/100
|
|-heal|p2a: Enten|66/100|[from] item: Leftovers
|upkeep
|turn|2
|j| Jongruenwald
|j| MildlyOffended
|
|t:|1666058543
|switch|p1a: Landorus|Landorus-Therian, M|100/100
|-ability|p1a: Landorus|Intimidate|boost
|-unboost|p2a: Enten|atk|1
|move|p2a: Enten|Stealth Rock|p1a: Landorus
|-sidestart|p1: d18l|move: Stealth Rock
|
|-heal|p2a: Enten|72/100|[from] item: Leftovers
|upkeep
|turn|3
|
|t:|1666058545
|move|p1a: Landorus|Toxic|p2a: Enten
|-status|p2a: Enten|tox
|move|p2a: Enten|U-turn|p1a: Landorus
|-resisted|p1a: Landorus
|-damage|p1a: Landorus|94/100
|
|t:|1666058547
|switch|p2a: Bandit|Weavile, M, shiny|100/100|[from]move: U-turn
|-ability|p2a: Bandit|Pressure
|
|-heal|p1a: Landorus|99/100|[from] item: Leftovers
|upkeep
|turn|4
|
|t:|1666058550
|switch|p1a: Ferrothorn|Ferrothorn, F|100/100
|-damage|p1a: Ferrothorn|95/100|[from] Stealth Rock
|move|p2a: Bandit|Beat Up|p1a: Ferrothorn
|-damage|p1a: Ferrothorn|87/100
|-damage|p1a: Ferrothorn|82/100
|-damage|p1a: Ferrothorn|73/100
|-damage|p1a: Ferrothorn|65/100
|-damage|p1a: Ferrothorn|56/100
|-hitcount|p1a: Ferrothorn|5
|
|upkeep
|turn|5
|
|t:|1666058559
|switch|p2a: Leviathan|Dragapult, M, shiny|100/100
|move|p1a: Ferrothorn|Body Press|p2a: Leviathan
|-immune|p2a: Leviathan
|
|-fieldend|move: Electric Terrain
|upkeep
|turn|6
|j| fork gaming
|
|t:|1666058565
|switch|p1a: Landorus|Landorus-Therian, M|99/100
|-damage|p1a: Landorus|88/100|[from] Stealth Rock
|-ability|p1a: Landorus|Intimidate|boost
|-unboost|p2a: Leviathan|atk|1
|move|p2a: Leviathan|Shadow Ball|p1a: Landorus
|-damage|p1a: Landorus|36/100
|
|-heal|p1a: Landorus|42/100|[from] item: Leftovers
|upkeep
|turn|7
|l| fork gaming
|inactive|d18l has 120 seconds left.
|
|t:|1666058600
|switch|p1a: Tornadus|Tornadus-Therian, M|100/100
|-damage|p1a: Tornadus|76/100|[from] Stealth Rock
|move|p2a: Leviathan|Shadow Ball|p1a: Tornadus
|-damage|p1a: Tornadus|34/100
|
|upkeep
|turn|8
|-message|d18l forfeited.
|
|win|RggV_YT
|raw|d18l's rating: 1708 &rarr; <strong>1697</strong><br />(-11 for losing)
|raw|RggV_YT's rating: 1878 &rarr; <strong>1889</strong><br />(+11 for winning)
