|j|☆Sww-Suwa
|j|☆cogonahorse
|inactive|Battle timer is ON: inactive players will automatically lose when time's up.
|t:|1658611082
|gametype|singles
|player|p1|Sww-Suwa|lisia|
|player|p2|cogonahorse|hilbert-wonderlauncher|
|teamsize|p1|3
|teamsize|p2|3
|gen|8
|tier|[Gen 8] OU
|rated|Tournament battle
|rule|Sleep Clause Mod: Limit one foe put to sleep
|rule|Species Clause: Limit one of each Pokémon
|rule|OHKO Clause: OHKO moves are banned
|rule|Evasion Moves Clause: Evasion moves are banned
|rule|Endless Battle Clause: Forcing endless battles is banned
|rule|HP Percentage Mod: HP is shown in percentages
|clearpoke
|poke|p1|Charizard, M|
|poke|p1|Venusaur, M|
|poke|p1|Blastoise, F|
|poke|p2|Venusaur, M|
|poke|p2|Charizard, F|
|poke|p2|Blastoise, F|
|teampreview
|j|%ian_yo
|j|+Pinkacross
|j|+h moment
|c|☆Sww-Suwa|hf
|j| yaboiAshK.
|
|t:|1658611087
|start
|switch|p1a: Blastoise|Blastoise, F|100/100
|switch|p2a: Charizard|Charizard, F|100/100
|turn|1
|c|☆cogonahorse|hf
|j| Forwards
|
|t:|1658611092
|detailschange|p2a: Charizard|Charizard-Mega-Y, F
|-mega|p2a: Charizard|Charizard|Charizardite Y
|-weather|SunnyDay|[from] ability: Drought|[of] p2a: Charizard
|detailschange|p1a: Blastoise|Blastoise-Mega, F
|-mega|p1a: Blastoise|Blastoise|Blastoisinite
|move|p2a: Charizard|Solar Beam||[still]
|-prepare|p2a: Charizard|Solar Beam
|-anim|p2a: Charizard|Solar Beam|p1a: Blastoise
|-supereffective|p1a: Blastoise
|-damage|p1a: Blastoise|0 fnt
|faint|p1a: Blastoise
|
|-weather|SunnyDay|[upkeep]
|upkeep
|c|☆Sww-Suwa|stoise
|c|☆Sww-Suwa|you are
|c|☆Sww-Suwa|so bad
|c|☆Sww-Suwa|dided turn1
|c|☆Sww-Suwa|all 5 games
|c|☆cogonahorse|oof
|c| yaboiAshK.|lmajgksj
|
|t:|1658611109
|switch|p1a: Charizard|Charizard, M|100/100
|turn|2
|c|+h moment|maybe charizard is just op
|j| TheNewBrends11@!
|
|t:|1658611115
|move|p1a: Charizard|Ancient Power|p2a: Charizard
|-supereffective|p2a: Charizard
|-damage|p2a: Charizard|0 fnt
|faint|p2a: Charizard
|
|-weather|SunnyDay|[upkeep]
|-damage|p1a: Charizard|88/100|[from] ability: Solar Power|[of] p1a: Charizard
|upkeep
|c| yaboiAshK.|charizard supremacy PURRR
|
|t:|1658611120
|switch|p2a: Venusaur|Venusaur, M|100/100
|turn|3
|
|t:|1658611125
|-start|p1a: Charizard|Dynamax|
|-heal|p1a: Charizard|88/100|[silent]
|move|p2a: Venusaur|Sludge Bomb|p1a: Charizard
|-damage|p1a: Charizard|55/100
|-damage|p2a: Venusaur|91/100|[from] item: Life Orb
|move|p1a: Charizard|Max Airstream|p2a: Venusaur
|-supereffective|p2a: Venusaur
|-damage|p2a: Venusaur|0 fnt
|-boost|p1a: Charizard|spe|1
|faint|p2a: Venusaur
|
|-weather|SunnyDay|[upkeep]
|-damage|p1a: Charizard|48/100|[from] ability: Solar Power|[of] p1a: Charizard
|upkeep
|
|t:|1658611127
|switch|p2a: Blastoise|Blastoise, F|100/100
|turn|4
|l| Forwards
|
|t:|1658611138
|move|p1a: Charizard|Max Overgrowth|p2a: Blastoise
|-supereffective|p2a: Blastoise
|-enditem|p2a: Blastoise|Focus Sash
|-damage|p2a: Blastoise|1/100
|-fieldstart|move: Grassy Terrain
|move|p2a: Blastoise|Shell Smash|p2a: Blastoise
|-unboost|p2a: Blastoise|def|1
|-unboost|p2a: Blastoise|spd|1
|-boost|p2a: Blastoise|atk|2
|-boost|p2a: Blastoise|spa|2
|-boost|p2a: Blastoise|spe|2
|
|-weather|SunnyDay|[upkeep]
|-damage|p1a: Charizard|42/100|[from] ability: Solar Power|[of] p1a: Charizard
|-heal|p2a: Blastoise|7/100|[from] Grassy Terrain
|upkeep
|turn|5
|
|t:|1658611147
|-start|p2a: Blastoise|Dynamax|
|-heal|p2a: Blastoise|7/100|[silent]
|move|p2a: Blastoise|Max Geyser|p1a: Charizard
|-supereffective|p1a: Charizard
|-damage|p1a: Charizard|0 fnt
|-weather|RainDance
|faint|p1a: Charizard
|
|-weather|RainDance|[upkeep]
|-heal|p2a: Blastoise|10/100|[from] Grassy Terrain
|upkeep
|j| o7 CloudyEJ
|
|t:|1658611150
|switch|p1a: Venusaur|Venusaur, M|100/100
|turn|6
|l| o7 CloudyEJ
|c| yaboiAshK.|oop
|
|t:|1658611158
|move|p2a: Blastoise|Max Hailstorm|p1a: Venusaur
|-supereffective|p1a: Venusaur
|-damage|p1a: Venusaur|0 fnt
|-weather|Hail
|faint|p1a: Venusaur
|
|win|cogonahorse
|n|☆Sww-Suwa|swwsuwa
|n|☆cogonahorse|cogonahorse
|n| ian_yo|ianyo
|n| Pinkacross|pinkacross
|n| h moment|hmoment
|n| yaboiAshK.|yaboiashk
|n| TheNewBrends11@!|thenewbrends11
|c|☆Sww-Suwa|what
|l| yaboiAshK.
|l| TheNewBrends11
|c|☆Sww-Suwa|ggs
|c|☆cogonahorse|ggs
|l|☆Sww-Suwa
|l| Pinkacross
|l| ian_yo
|j| IceGuysFinishLast
|j| Forwards
|l| Forwards
