|j|☆FuckboyCharmander
|j|☆bizarman
|t:|1664009499
|gametype|singles
|player|p1|FuckboyCharmander|169|1718
|player|p2|bizarman|scientist-gen4|1704
|teamsize|p1|6
|teamsize|p2|6
|gen|8
|tier|[Gen 8] OU
|rated|
|rule|Sleep Clause Mod: Limit one foe put to sleep
|rule|Species Clause: Limit one of each Pokémon
|rule|OHKO Clause: OHKO moves are banned
|rule|Evasion Items Clause: Evasion items are banned
|rule|Evasion Moves Clause: Evasion moves are banned
|rule|Endless Battle Clause: Forcing endless battles is banned
|rule|HP Percentage Mod: HP is shown in percentages
|rule|Dynamax Clause: You cannot dynamax
|clearpoke
|poke|p1|Ninetales-Alola, F|
|poke|p1|Blaziken, M|
|poke|p1|Azumarill, M|
|poke|p1|Landorus-Therian, M|
|poke|p1|Rillaboom, M|
|poke|p1|Hawlucha, F|
|poke|p2|Garchomp, M|
|poke|p2|Heatran, M|
|poke|p2|Corviknight, M|
|poke|p2|Zeraora|
|poke|p2|Tapu Lele|
|poke|p2|Rotom-Wash|
|teampreview
|inactive|Battle timer is ON: inactive players will automatically lose when time's up. (requested by bizarman)
|inactive|FuckboyCharmander has 120 seconds left.
|
|t:|1664009540
|start
|switch|p1a: Landorus|Landorus-Therian, M|100/100
|switch|p2a: Heatran|Heatran, M|100/100
|-ability|p1a: Landorus|Intimidate|boost
|-unboost|p2a: Heatran|atk|1
|turn|1
|
|t:|1664009556
|switch|p1a: Blaziken|Blaziken, M|100/100
|switch|p2a: Corviknight|Corviknight, M|100/100
|-ability|p2a: Corviknight|Pressure
|
|upkeep
|turn|2
|
|t:|1664009562
|move|p1a: Blaziken|Swords Dance|p1a: Blaziken
|-boost|p1a: Blaziken|atk|2
|move|p2a: Corviknight|Brave Bird|p1a: Blaziken
|-supereffective|p1a: Blaziken
|-damage|p1a: Blaziken|0 fnt
|faint|p1a: Blaziken
|-damage|p2a: Corviknight|75/100|[from] Recoil
|
|upkeep
|
|t:|1664009569
|switch|p1a: Azumarill|Azumarill, M|100/100
|turn|3
|
|t:|1664009575
|move|p2a: Corviknight|U-turn|p1a: Azumarill
|-resisted|p1a: Azumarill
|-damage|p1a: Azumarill|93/100
|
|t:|1664009578
|switch|p2a: Rotom|Rotom-Wash|100/100|[from]move: U-turn
|move|p1a: Azumarill|Superpower|p2a: Rotom
|-damage|p2a: Rotom|46/100
|-unboost|p1a: Azumarill|atk|1
|-unboost|p1a: Azumarill|def|1
|-damage|p1a: Azumarill|83/100|[from] item: Life Orb
|
|-heal|p2a: Rotom|52/100|[from] item: Leftovers
|upkeep
|turn|4
|
|t:|1664009588
|switch|p1a: Rillaboom|Rillaboom, M|100/100
|-fieldstart|move: Grassy Terrain|[from] ability: Grassy Surge|[of] p1a: Rillaboom
|move|p2a: Rotom|Pain Split|p1a: Rillaboom
|-sethp|p1a: Rillaboom|74/100|[from] move: Pain Split|[silent]
|-sethp|p2a: Rotom|83/100|[from] move: Pain Split
|
|-heal|p1a: Rillaboom|80/100|[from] Grassy Terrain
|-heal|p2a: Rotom|89/100|[from] item: Leftovers
|upkeep
|turn|5
|j| TwoTreesWaiting
|
|t:|1664009599
|switch|p2a: Corviknight|Corviknight, M|75/100
|-ability|p2a: Corviknight|Pressure
|move|p1a: Rillaboom|Swords Dance|p1a: Rillaboom
|-boost|p1a: Rillaboom|atk|2
|
|-heal|p1a: Rillaboom|86/100|[from] Grassy Terrain
|upkeep
|turn|6
|
|t:|1664009606
|move|p1a: Rillaboom|Knock Off|p2a: Corviknight
|-damage|p2a: Corviknight|16/100
|-damage|p1a: Rillaboom|69/100|[from] item: Rocky Helmet|[of] p2a: Corviknight
|-enditem|p2a: Corviknight|Rocky Helmet|[from] move: Knock Off|[of] p1a: Rillaboom
|-damage|p1a: Rillaboom|59/100|[from] item: Life Orb
|move|p2a: Corviknight|Brave Bird|p1a: Rillaboom
|-supereffective|p1a: Rillaboom
|-damage|p1a: Rillaboom|0 fnt
|faint|p1a: Rillaboom
|-damage|p2a: Corviknight|0 fnt|[from] Recoil
|faint|p2a: Corviknight
|
|upkeep
|
|t:|1664009618
|switch|p1a: Hawlucha|Hawlucha, F|100/100
|switch|p2a: Heatran|Heatran, M|100/100
|-enditem|p1a: Hawlucha|Grassy Seed
|-boost|p1a: Hawlucha|def|1|[from] item: Grassy Seed
|turn|7
|
|t:|1664009625
|move|p1a: Hawlucha|Substitute|p1a: Hawlucha
|-start|p1a: Hawlucha|Substitute
|-damage|p1a: Hawlucha|76/100
|move|p2a: Heatran|Magma Storm|p1a: Hawlucha
|-end|p1a: Hawlucha|Substitute
|
|upkeep
|turn|8
|
|t:|1664009632
|switch|p2a: Rotom|Rotom-Wash|89/100
|move|p1a: Hawlucha|Substitute|p1a: Hawlucha
|-start|p1a: Hawlucha|Substitute
|-damage|p1a: Hawlucha|51/100
|
|-heal|p2a: Rotom|95/100|[from] item: Leftovers
|-fieldend|move: Grassy Terrain
|upkeep
|turn|9
|
|t:|1664009639
|move|p1a: Hawlucha|Swords Dance|p1a: Hawlucha
|-boost|p1a: Hawlucha|atk|2
|move|p2a: Rotom|Volt Switch|p1a: Hawlucha
|-supereffective|p1a: Hawlucha
|-end|p1a: Hawlucha|Substitute
|inactive|bizarman has 120 seconds left.
|
|t:|1664009675
|switch|p2a: Garchomp|Garchomp, M|100/100|[from]move: Volt Switch
|
|upkeep
|turn|10
|
|t:|1664009679
|move|p1a: Hawlucha|Close Combat|p2a: Garchomp
|-damage|p2a: Garchomp|0 fnt
|-unboost|p1a: Hawlucha|def|1
|-unboost|p1a: Hawlucha|spd|1
|-damage|p1a: Hawlucha|38/100|[from] ability: Rough Skin|[of] p2a: Garchomp
|faint|p2a: Garchomp
|
|upkeep
|
|t:|1664009686
|switch|p2a: Tapu Lele|Tapu Lele|100/100
|-fieldstart|move: Psychic Terrain|[from] ability: Psychic Surge|[of] p2a: Tapu Lele
|turn|11
|
|t:|1664009690
|move|p1a: Hawlucha|Acrobatics|p2a: Tapu Lele
|-damage|p2a: Tapu Lele|0 fnt
|faint|p2a: Tapu Lele
|
|upkeep
|
|t:|1664009695
|switch|p2a: Rotom|Rotom-Wash|95/100
|turn|12
|
|t:|1664009697
|move|p1a: Hawlucha|Close Combat|p2a: Rotom
|-damage|p2a: Rotom|11/100
|-unboost|p1a: Hawlucha|def|1
|-unboost|p1a: Hawlucha|spd|1
|move|p2a: Rotom|Volt Switch|p1a: Hawlucha
|-supereffective|p1a: Hawlucha
|-damage|p1a: Hawlucha|0 fnt
|faint|p1a: Hawlucha
|c|☆bizarman|i am stupid lol
|
|t:|1664009715
|switch|p2a: Heatran|Heatran, M|100/100|[from]move: Volt Switch
|
|upkeep
|
|t:|1664009719
|switch|p1a: Landorus|Landorus-Therian, M|100/100
|-ability|p1a: Landorus|Intimidate|boost
|-unboost|p2a: Heatran|atk|1
|turn|13
|
|t:|1664009723
|move|p1a: Landorus|Earthquake|p2a: Heatran
|-supereffective|p2a: Heatran
|-damage|p2a: Heatran|0 fnt
|faint|p2a: Heatran
|
|upkeep
|
|t:|1664009727
|switch|p2a: Rotom|Rotom-Wash|11/100
|turn|14
|
|t:|1664009730
|move|p1a: Landorus|Knock Off|p2a: Rotom
|-damage|p2a: Rotom|0 fnt
|-enditem|p2a: Rotom|Leftovers|[from] move: Knock Off|[of] p1a: Landorus
|faint|p2a: Rotom
|
|upkeep
|-message|bizarman forfeited.
|
|win|FuckboyCharmander
|raw|FuckboyCharmander's rating: 1718 &rarr; <strong>1737</strong><br />(+19 for winning)
|raw|bizarman's rating: 1704 &rarr; <strong>1685</strong><br />(-19 for losing)
|l|☆bizarman
|l|☆FuckboyCharmander
