|j|☆bruv42
|j|☆Mickey m
|t:|1608456275
|player|p1|bruv42|170|1363
|player|p2|Mickey m|hilbert-dueldisk|1345
|teamsize|p1|6
|teamsize|p2|6
|gametype|singles
|gen|8
|tier|[Gen 8] OU
|rated|
|clearpoke
|poke|p1|Heracross, F|
|poke|p1|Mamoswine, F|
|poke|p1|Incineroar, F|
|poke|p1|Slowking-Galar, F|
|poke|p1|Tornadus-Therian, M|
|poke|p1|Xurkitree|
|poke|p2|Dragonite, M|
|poke|p2|Zapdos|
|poke|p2|Urshifu-*, F|
|poke|p2|Cinderace, F|
|poke|p2|Garchomp, F|
|poke|p2|Magearna|
|rule|Sleep Clause Mod: Limit one foe put to sleep
|rule|Species Clause: Limit one of each Pokémon
|rule|OHKO Clause: OHKO moves are banned
|rule|Evasion Moves Clause: Evasion moves are banned
|rule|Endless Battle Clause: Forcing endless battles is banned
|rule|HP Percentage Mod: HP is shown in percentages
|rule|Dynamax Clause: You cannot dynamax
|teampreview
|inactive|Battle timer is ON: inactive players will automatically lose when time's up. (requested by Mickey m)
|
|t:|1608456293
|start
|switch|p1a: Heracross|Heracross, F|100/100
|switch|p2a: Cinderace|Cinderace, F|100/100
|turn|1
|
|t:|1608456302
|move|p1a: Heracross|Earthquake|p2a: Cinderace
|-supereffective|p2a: Cinderace
|-damage|p2a: Cinderace|7/100
|move|p2a: Cinderace|Bulk Up|p2a: Cinderace
|-start|p2a: Cinderace|typechange|Fighting|[from] ability: Libero
|-boost|p2a: Cinderace|atk|1
|-boost|p2a: Cinderace|def|1
|
|upkeep
|turn|2
|
|t:|1608456314
|switch|p2a: Dragonite|Dragonite, M|100/100
|move|p1a: Heracross|Earthquake|p2a: Dragonite
|-immune|p2a: Dragonite
|
|upkeep
|turn|3
|
|t:|1608456320
|switch|p1a: Mamoswine|Mamoswine, F|100/100
|move|p2a: Dragonite|Dragon Dance|p2a: Dragonite
|-boost|p2a: Dragonite|atk|1
|-boost|p2a: Dragonite|spe|1
|
|upkeep
|turn|4
|
|t:|1608456327
|move|p2a: Dragonite|Earthquake|p1a: Mamoswine
|-damage|p1a: Mamoswine|37/100
|move|p1a: Mamoswine|Icicle Crash|p2a: Dragonite
|-supereffective|p2a: Dragonite
|-damage|p2a: Dragonite|0 fnt
|faint|p2a: Dragonite
|
|-heal|p1a: Mamoswine|43/100|[from] item: Leftovers
|upkeep
|
|t:|1608456345
|switch|p2a: Cinderace|Cinderace, F|7/100
|turn|5
|
|t:|1608456353
|move|p2a: Cinderace|Sucker Punch|p1a: Mamoswine
|-start|p2a: Cinderace|typechange|Dark|[from] ability: Libero
|-damage|p1a: Mamoswine|0 fnt
|-damage|p2a: Cinderace|0 fnt|[from] item: Life Orb
|faint|p1a: Mamoswine
|faint|p2a: Cinderace
|
|upkeep
|
|t:|1608456368
|switch|p2a: Garchomp|Garchomp, F|100/100
|switch|p1a: Tornadus|Tornadus-Therian, M|100/100
|turn|6
|
|t:|1608456378
|move|p1a: Tornadus|Taunt|p2a: Garchomp
|-start|p2a: Garchomp|move: Taunt
|cant|p2a: Garchomp|move: Taunt|Swords Dance
|
|upkeep
|turn|7
|
|t:|1608456389
|move|p1a: Tornadus|Hurricane|p2a: Garchomp
|-damage|p2a: Garchomp|57/100
|move|p2a: Garchomp|Scale Shot|p1a: Tornadus
|-damage|p1a: Tornadus|84/100
|-damage|p1a: Tornadus|68/100
|-hitcount|p1a: Tornadus|2
|-unboost|p2a: Garchomp|def|1
|-boost|p2a: Garchomp|spe|1
|
|upkeep
|turn|8
|
|t:|1608456399
|move|p2a: Garchomp|Earthquake|p1a: Tornadus
|-immune|p1a: Tornadus
|move|p1a: Tornadus|Hurricane|p2a: Garchomp
|-damage|p2a: Garchomp|11/100
|-start|p2a: Garchomp|confusion
|
|-end|p2a: Garchomp|move: Taunt
|upkeep
|turn|9
|
|t:|1608456411
|-activate|p2a: Garchomp|confusion
|move|p2a: Garchomp|Stealth Rock|p1a: Tornadus
|-sidestart|p1: bruv42|move: Stealth Rock
|move|p1a: Tornadus|U-turn|p2a: Garchomp
|-damage|p2a: Garchomp|0 fnt
|-damage|p1a: Tornadus|55/100|[from] ability: Rough Skin|[of] p2a: Garchomp
|-damage|p1a: Tornadus|39/100|[from] item: Rocky Helmet|[of] p2a: Garchomp
|faint|p2a: Garchomp
|
|t:|1608456424
|switch|p1a: Xurkitree|Xurkitree|100/100|[from]move: U-turn
|-damage|p1a: Xurkitree|88/100|[from] Stealth Rock
|
|upkeep
|
|t:|1608456433
|switch|p2a: Urshifu|Urshifu, F|100/100
|turn|10
|
|t:|1608456439
|move|p2a: Urshifu|Sucker Punch|p1a: Xurkitree
|-damage|p1a: Xurkitree|2/100
|move|p1a: Xurkitree|Dazzling Gleam|p2a: Urshifu
|-supereffective|p2a: Urshifu
|-damage|p2a: Urshifu|0 fnt
|faint|p2a: Urshifu
|-ability|p1a: Xurkitree|Beast Boost|boost
|-boost|p1a: Xurkitree|spa|1
|
|upkeep
|
|t:|1608456451
|switch|p2a: Magearna|Magearna|100/100
|turn|11
|
|t:|1608456460
|switch|p1a: Incineroar|Incineroar, F|100/100
|-ability|p1a: Incineroar|Intimidate|boost
|-unboost|p2a: Magearna|atk|1
|move|p2a: Magearna|Calm Mind|p2a: Magearna
|-boost|p2a: Magearna|spa|1
|-boost|p2a: Magearna|spd|1
|
|upkeep
|turn|12
|
|t:|1608456469
|move|p2a: Magearna|Aura Sphere|p1a: Incineroar
|-supereffective|p1a: Incineroar
|-damage|p1a: Incineroar|25/100
|move|p1a: Incineroar|Flare Blitz|p2a: Magearna
|-supereffective|p2a: Magearna
|-damage|p2a: Magearna|29/100
|-damage|p1a: Incineroar|4/100|[from] Recoil
|
|-heal|p2a: Magearna|35/100|[from] item: Leftovers
|upkeep
|turn|13
|
|t:|1608456478
|move|p2a: Magearna|Dazzling Gleam|p1a: Incineroar
|-damage|p1a: Incineroar|0 fnt
|faint|p1a: Incineroar
|-ability|p2a: Magearna|Soul-Heart|boost
|-boost|p2a: Magearna|spa|1
|
|-heal|p2a: Magearna|41/100|[from] item: Leftovers
|upkeep
|
|t:|1608456488
|switch|p1a: Heracross|Heracross, F|100/100
|-damage|p1a: Heracross|88/100|[from] Stealth Rock
|turn|14
|
|t:|1608456502
|move|p1a: Heracross|Earthquake|p2a: Magearna
|-supereffective|p2a: Magearna
|-damage|p2a: Magearna|0 fnt
|faint|p2a: Magearna
|-ability|p1a: Heracross|Moxie|boost
|-boost|p1a: Heracross|atk|1
|
|upkeep
|-message|Mickey m forfeited.
|
|win|bruv42
|l|☆Mickey m
|raw|bruv42's rating: 1363 &rarr; <strong>1382</strong><br />(+19 for winning)
|raw|Mickey m's rating: 1345 &rarr; <strong>1326</strong><br />(-19 for losing)
