|j|☆PokemonCestDur
|j|☆TrepYT
|t:|1658608936
|gametype|singles
|player|p1|PokemonCestDur|#ruplixsleekslushrushers|1826
|player|p2|TrepYT|swimmerf|1842
|teamsize|p1|6
|teamsize|p2|6
|gen|8
|tier|[Gen 8] OU
|rated|
|rule|Sleep Clause Mod: Limit one foe put to sleep
|rule|Species Clause: Limit one of each Pokémon
|rule|OHKO Clause: OHKO moves are banned
|rule|Evasion Moves Clause: Evasion moves are banned
|rule|Endless Battle Clause: Forcing endless battles is banned
|rule|HP Percentage Mod: HP is shown in percentages
|rule|Dynamax Clause: You cannot dynamax
|clearpoke
|poke|p1|Tapu Bulu|
|poke|p1|Kartana|
|poke|p1|Zapdos|
|poke|p1|Landorus-Therian, M|
|poke|p1|Toxapex, M|
|poke|p1|Heatran, M|
|poke|p2|Buzzwole|
|poke|p2|Heatran, M|
|poke|p2|Dragonite, F|
|poke|p2|Tyranitar, M|
|poke|p2|Melmetal|
|poke|p2|Excadrill, M|
|teampreview
|
|t:|1658608950
|start
|switch|p1a: Landorus|Landorus-Therian, M|100/100
|switch|p2a: Tyranitar|Tyranitar, M|100/100
|-weather|Sandstorm|[from] ability: Sand Stream|[of] p2a: Tyranitar
|-ability|p1a: Landorus|Intimidate|boost
|-unboost|p2a: Tyranitar|atk|1
|turn|1
|j| Top G Drew
|j| Burnt Bright
|j| sdiubfgadfig
|j| YAROXO
|inactive|Battle timer is ON: inactive players will automatically lose when time's up. (requested by PokemonCestDur)
|l| YAROXO
|
|t:|1658609041
|switch|p1a: Toxapex|Toxapex, M|100/100
|move|p2a: Tyranitar|Stone Edge|p1a: Toxapex
|-damage|p1a: Toxapex|65/100
|
|-weather|Sandstorm|[upkeep]
|-damage|p1a: Toxapex|59/100|[from] Sandstorm
|upkeep
|turn|2
|
|t:|1658609050
|move|p2a: Tyranitar|Stone Edge|p1a: Toxapex
|-crit|p1a: Toxapex
|-damage|p1a: Toxapex|0 fnt
|faint|p1a: Toxapex
|
|-weather|Sandstorm|[upkeep]
|upkeep
|
|t:|1658609054
|switch|p1a: Tapu Bulu|Tapu Bulu|100/100
|-fieldstart|move: Grassy Terrain|[from] ability: Grassy Surge|[of] p1a: Tapu Bulu
|turn|3
|
|t:|1658609058
|switch|p1a: Zapdos|Zapdos|100/100
|switch|p2a: Buzzwole|Buzzwole|100/100
|
|-weather|Sandstorm|[upkeep]
|-damage|p2a: Buzzwole|94/100|[from] Sandstorm
|-damage|p1a: Zapdos|94/100|[from] Sandstorm
|-heal|p2a: Buzzwole|100/100|[from] Grassy Terrain
|upkeep
|turn|4
|
|t:|1658609067
|switch|p2a: Excadrill|Excadrill, M|100/100
|move|p1a: Zapdos|Volt Switch|p2a: Excadrill
|-immune|p2a: Excadrill
|
|-weather|Sandstorm|[upkeep]
|-damage|p1a: Zapdos|88/100|[from] Sandstorm
|upkeep
|turn|5
|
|t:|1658609075
|move|p2a: Excadrill|Rock Slide|p1a: Zapdos
|-supereffective|p1a: Zapdos
|-damage|p1a: Zapdos|0 fnt
|faint|p1a: Zapdos
|
|-weather|none
|upkeep
|
|t:|1658609080
|switch|p1a: Kartana|Kartana|100/100
|turn|6
|
|t:|1658609083
|switch|p2a: Buzzwole|Buzzwole|100/100
|move|p1a: Kartana|Knock Off|p2a: Buzzwole
|-resisted|p2a: Buzzwole
|-damage|p2a: Buzzwole|85/100
|-enditem|p2a: Buzzwole|Choice Scarf|[from] move: Knock Off|[of] p1a: Kartana
|
|-heal|p2a: Buzzwole|91/100|[from] Grassy Terrain
|upkeep
|turn|7
|
|t:|1658609092
|switch|p1a: Landorus|Landorus-Therian, M|100/100
|-ability|p1a: Landorus|Intimidate|boost
|-unboost|p2a: Buzzwole|atk|1
|move|p2a: Buzzwole|Ice Punch|p1a: Landorus
|-supereffective|p1a: Landorus
|-damage|p1a: Landorus|24/100
|
|-heal|p2a: Buzzwole|98/100|[from] Grassy Terrain
|-heal|p1a: Landorus|30/100|[from] item: Leftovers
|-fieldend|move: Grassy Terrain
|upkeep
|turn|8
|
|t:|1658609098
|switch|p1a: Heatran|Heatran, M|100/100
|move|p2a: Buzzwole|Close Combat|p1a: Heatran
|-supereffective|p1a: Heatran
|-damage|p1a: Heatran|29/100
|-unboost|p2a: Buzzwole|def|1
|-unboost|p2a: Buzzwole|spd|1
|
|-heal|p1a: Heatran|35/100|[from] item: Leftovers
|upkeep
|turn|9
|
|t:|1658609109
|switch|p2a: Tyranitar|Tyranitar, M|100/100
|-weather|Sandstorm|[from] ability: Sand Stream|[of] p2a: Tyranitar
|switch|p1a: Landorus|Landorus-Therian, M|30/100
|-ability|p1a: Landorus|Intimidate|boost
|-unboost|p2a: Tyranitar|atk|1
|
|-weather|Sandstorm|[upkeep]
|-heal|p1a: Landorus|36/100|[from] item: Leftovers
|upkeep
|turn|10
|j| YAROXO
|c| Top G Drew|top fucking G
|c| Top G Drew|plays
|j| hyperrot
|c| Top G Drew|getting goofed
|
|t:|1658609131
|move|p2a: Tyranitar|Crunch|p1a: Landorus
|-damage|p1a: Landorus|0 fnt
|faint|p1a: Landorus
|
|-weather|Sandstorm|[upkeep]
|upkeep
|
|t:|1658609135
|switch|p1a: Tapu Bulu|Tapu Bulu|100/100
|-fieldstart|move: Grassy Terrain|[from] ability: Grassy Surge|[of] p1a: Tapu Bulu
|turn|11
|
|t:|1658609140
|switch|p2a: Buzzwole|Buzzwole|98/100
|move|p1a: Tapu Bulu|Swords Dance|p1a: Tapu Bulu
|-boost|p1a: Tapu Bulu|atk|2
|
|-weather|Sandstorm|[upkeep]
|-damage|p2a: Buzzwole|91/100|[from] Sandstorm
|-damage|p1a: Tapu Bulu|94/100|[from] Sandstorm
|-heal|p2a: Buzzwole|98/100|[from] Grassy Terrain
|-heal|p1a: Tapu Bulu|100/100|[from] Grassy Terrain
|upkeep
|turn|12
|l| YAROXO
|
|t:|1658609146
|move|p2a: Buzzwole|Ice Punch|p1a: Tapu Bulu
|-supereffective|p1a: Tapu Bulu
|-damage|p1a: Tapu Bulu|37/100
|move|p1a: Tapu Bulu|Stone Edge|p2a: Buzzwole
|-damage|p2a: Buzzwole|36/100
|-damage|p1a: Tapu Bulu|27/100|[from] item: Life Orb
|
|-weather|Sandstorm|[upkeep]
|-damage|p2a: Buzzwole|30/100|[from] Sandstorm
|-damage|p1a: Tapu Bulu|21/100|[from] Sandstorm
|-heal|p2a: Buzzwole|36/100|[from] Grassy Terrain
|-heal|p1a: Tapu Bulu|27/100|[from] Grassy Terrain
|upkeep
|turn|13
|
|t:|1658609155
|move|p2a: Buzzwole|Close Combat|p1a: Tapu Bulu
|-resisted|p1a: Tapu Bulu
|-damage|p1a: Tapu Bulu|0 fnt
|-unboost|p2a: Buzzwole|def|1
|-unboost|p2a: Buzzwole|spd|1
|faint|p1a: Tapu Bulu
|-ability|p2a: Buzzwole|Beast Boost|boost
|-boost|p2a: Buzzwole|atk|1
|
|-weather|none
|-heal|p2a: Buzzwole|42/100|[from] Grassy Terrain
|upkeep
|
|t:|1658609158
|switch|p1a: Kartana|Kartana|100/100
|turn|14
|
|t:|1658609164
|move|p1a: Kartana|Sacred Sword|p2a: Buzzwole
|-resisted|p2a: Buzzwole
|-damage|p2a: Buzzwole|27/100
|move|p2a: Buzzwole|Close Combat|p1a: Kartana
|-supereffective|p1a: Kartana
|-damage|p1a: Kartana|0 fnt
|-unboost|p2a: Buzzwole|def|1
|-unboost|p2a: Buzzwole|spd|1
|faint|p1a: Kartana
|-ability|p2a: Buzzwole|Beast Boost|boost
|-boost|p2a: Buzzwole|atk|1
|
|-heal|p2a: Buzzwole|33/100|[from] Grassy Terrain
|upkeep
|l| hyperrot
|-message|PokemonCestDur forfeited.
|
|win|TrepYT
|raw|PokemonCestDur's rating: 1826 &rarr; <strong>1807</strong><br />(-19 for losing)
|raw|TrepYT's rating: 1842 &rarr; <strong>1861</strong><br />(+19 for winning)
|l|☆PokemonCestDur
|l| Top G Drew
||Ladder isn't responding, score probably updated but might not have (Request timeout).
