|html|<div class="broadcast-blue"><strong>[Gen 8] OU is currently suspecting Melmetal! For information on how to participate check out the <a href="https://www.smogon.com/forums/threads/np-ss-ou-suspect-process-round-12-monster-mash.3709234/">suspect thread</a>.</strong></div>
|j|☆Yoink 0
|j|☆ty-tyui↻
|t:|1665929581
|gametype|singles
|player|p1|Yoink 0|kukui|1665
|player|p2|ty-tyui↻|grace|1688
|teamsize|p1|6
|teamsize|p2|6
|gen|8
|tier|[Gen 8] OU
|rated|
|rule|Sleep Clause Mod: Limit one foe put to sleep
|rule|Species Clause: Limit one of each Pokémon
|rule|OHKO Clause: OHKO moves are banned
|rule|Evasion Items Clause: Evasion items are banned
|rule|Evasion Moves Clause: Evasion moves are banned
|rule|Endless Battle Clause: Forcing endless battles is banned
|rule|HP Percentage Mod: HP is shown in percentages
|rule|Dynamax Clause: You cannot dynamax
|clearpoke
|poke|p1|Dragapult, M|
|poke|p1|Heatran, M|
|poke|p1|Tapu Fini|
|poke|p1|Ferrothorn, F|
|poke|p1|Landorus-Therian, M|
|poke|p1|Slowking-Galar, F|
|poke|p2|Mienshao, M|
|poke|p2|Ninetales-Alola, M|
|poke|p2|Blacephalon|
|poke|p2|Landorus-Therian, M|
|poke|p2|Corviknight, M|
|poke|p2|Rotom-Wash|
|teampreview
|inactive|Battle timer is ON: inactive players will automatically lose when time's up. (requested by ty-tyui↻)
|
|t:|1665929595
|start
|switch|p1a: Dragapult|Dragapult, M|100/100
|switch|p2a: Rotom|Rotom-Wash|100/100
|turn|1
|
|t:|1665929598
|move|p1a: Dragapult|Dragon Darts|p2a: Rotom
|-damage|p2a: Rotom|58/100
|-anim|p1a: Dragapult|Dragon Darts|p2a: Rotom
|-damage|p2a: Rotom|13/100
|move|p2a: Rotom|Thunder Wave|p1a: Dragapult
|-status|p1a: Dragapult|par
|
|-heal|p2a: Rotom|19/100|[from] item: Leftovers
|upkeep
|turn|2
|c|☆Yoink 0|i just got a severe case of deja vu
|c|☆Yoink 0|have we played already?
|
|t:|1665929624
|switch|p1a: Slowking|Slowking-Galar, F|100/100
|move|p2a: Rotom|Volt Switch|p1a: Slowking
|-damage|p1a: Slowking|90/100
|c|☆ty-tyui↻|idk
|
|t:|1665929630
|switch|p2a: Mienshao|Mienshao, M, shiny|100/100|[from]move: Volt Switch
|
|upkeep
|turn|3
|
|t:|1665929637
|move|p2a: Mienshao|Knock Off|p1a: Slowking
|-supereffective|p1a: Slowking
|-crit|p1a: Slowking
|-damage|p1a: Slowking|0 fnt
|-enditem|p1a: Slowking|Assault Vest|[from] move: Knock Off|[of] p2a: Mienshao
|faint|p1a: Slowking
|-damage|p2a: Mienshao|91/100|[from] item: Life Orb
|
|upkeep
|j| darkcloud1986
|l| darkcloud1986
|inactive|Yoink 0 has 120 seconds left.
|
|t:|1665929668
|switch|p1a: Landorus|Landorus-Therian, M|100/100
|-ability|p1a: Landorus|Intimidate|boost
|-unboost|p2a: Mienshao|atk|1
|turn|4
|
|t:|1665929671
|move|p2a: Mienshao|Knock Off|p1a: Landorus
|-damage|p1a: Landorus|72/100
|-enditem|p1a: Landorus|Leftovers|[from] move: Knock Off|[of] p2a: Mienshao
|-damage|p2a: Mienshao|81/100|[from] item: Life Orb
|move|p1a: Landorus|U-turn|p2a: Mienshao
|-resisted|p2a: Mienshao
|-damage|p2a: Mienshao|61/100
|
|t:|1665929675
|switch|p1a: Tapu Fini|Tapu Fini|100/100|[from]move: U-turn
|-fieldstart|move: Misty Terrain|[from] ability: Misty Surge|[of] p1a: Tapu Fini
|
|upkeep
|turn|5
|
|t:|1665929680
|switch|p2a: Corviknight|Corviknight, M|100/100
|-ability|p2a: Corviknight|Pressure
|move|p1a: Tapu Fini|Moonblast|p2a: Corviknight
|-resisted|p2a: Corviknight
|-damage|p2a: Corviknight|88/100
|
|upkeep
|turn|6
|
|t:|1665929683
|switch|p1a: Heatran|Heatran, M|100/100
|-item|p1a: Heatran|Air Balloon
|move|p2a: Corviknight|U-turn|p1a: Heatran
|-resisted|p1a: Heatran
|-crit|p1a: Heatran
|-damage|p1a: Heatran|96/100
|-enditem|p1a: Heatran|Air Balloon
|
|t:|1665929685
|switch|p2a: Mienshao|Mienshao, M, shiny|94/100|[from]move: U-turn
|
|upkeep
|turn|7
|
|t:|1665929692
|switch|p1a: Landorus|Landorus-Therian, M|72/100
|-ability|p1a: Landorus|Intimidate|boost
|-unboost|p2a: Mienshao|atk|1
|move|p2a: Mienshao|Close Combat|p1a: Landorus
|-resisted|p1a: Landorus
|-damage|p1a: Landorus|45/100
|-unboost|p2a: Mienshao|def|1
|-unboost|p2a: Mienshao|spd|1
|-damage|p2a: Mienshao|84/100|[from] item: Life Orb
|
|upkeep
|turn|8
|
|t:|1665929696
|move|p2a: Mienshao|U-turn|p1a: Landorus
|-resisted|p1a: Landorus
|-damage|p1a: Landorus|35/100
|-damage|p2a: Mienshao|74/100|[from] item: Life Orb
|
|t:|1665929698
|switch|p2a: Corviknight|Corviknight, M|88/100|[from]move: U-turn
|-ability|p2a: Corviknight|Pressure
|move|p1a: Landorus|U-turn|p2a: Corviknight
|-resisted|p2a: Corviknight
|-damage|p2a: Corviknight|84/100
|-damage|p1a: Landorus|18/100|[from] item: Rocky Helmet|[of] p2a: Corviknight
|
|t:|1665929702
|switch|p1a: Heatran|Heatran, M|96/100|[from]move: U-turn
|
|-fieldend|Misty Terrain
|upkeep
|turn|9
|
|t:|1665929704
|switch|p2a: Rotom|Rotom-Wash|19/100
|move|p1a: Heatran|Stealth Rock|p2a: Rotom
|-sidestart|p2: ty-tyui↻|move: Stealth Rock
|
|-heal|p2a: Rotom|25/100|[from] item: Leftovers
|upkeep
|turn|10
|
|t:|1665929706
|move|p1a: Heatran|Magma Storm|p2a: Rotom
|-resisted|p2a: Rotom
|-damage|p2a: Rotom|4/100
|-activate|p2a: Rotom|move: Magma Storm|[of] p1a: Heatran
|move|p2a: Rotom|Pain Split|p1a: Heatran
|-sethp|p1a: Heatran|49/100|[from] move: Pain Split|[silent]
|-sethp|p2a: Rotom|52/100|[from] move: Pain Split
|
|-heal|p2a: Rotom|59/100|[from] item: Leftovers
|-damage|p2a: Rotom|46/100|[from] move: Magma Storm|[partiallytrapped]
|upkeep
|turn|11
|
|t:|1665929711
|switch|p1a: Dragapult|Dragapult, M|100/100 par
|move|p2a: Rotom|Hydro Pump|p1a: Dragapult
|-resisted|p1a: Dragapult
|-damage|p1a: Dragapult|72/100 par
|
|-heal|p2a: Rotom|52/100|[from] item: Leftovers
|-end|p2a: Rotom|Magma Storm|[partiallytrapped]|[silent]
|upkeep
|turn|12
|
|t:|1665929718
|move|p2a: Rotom|Volt Switch|p1a: Dragapult
|-resisted|p1a: Dragapult
|-damage|p1a: Dragapult|54/100 par
|
|t:|1665929719
|switch|p2a: Corviknight|Corviknight, M|84/100|[from]move: Volt Switch
|-damage|p2a: Corviknight|71/100|[from] Stealth Rock
|-ability|p2a: Corviknight|Pressure
|move|p1a: Dragapult|Fire Blast|p2a: Corviknight
|-supereffective|p2a: Corviknight
|-damage|p2a: Corviknight|35/100
|
|upkeep
|turn|13
|
|t:|1665929737
|switch|p1a: Landorus|Landorus-Therian, M|18/100
|-ability|p1a: Landorus|Intimidate|boost
|-unboost|p2a: Corviknight|atk|1
|move|p2a: Corviknight|Defog|p1a: Landorus
|-unboost|p1a: Landorus|evasion|1
|-sideend|p2: ty-tyui↻|Stealth Rock|[from] move: Defog|[of] p2a: Corviknight
|
|upkeep
|turn|14
|
|t:|1665929744
|switch|p1a: Ferrothorn|Ferrothorn, F|100/100
|move|p2a: Corviknight|Roost|p2a: Corviknight
|-heal|p2a: Corviknight|85/100
|-singleturn|p2a: Corviknight|move: Roost
|
|upkeep
|turn|15
|c|☆Yoink 0|surprised u sack that
|
|t:|1665929763
|move|p2a: Corviknight|U-turn|p1a: Ferrothorn
|-damage|p1a: Ferrothorn|95/100
|-damage|p2a: Corviknight|73/100|[from] ability: Iron Barbs|[of] p1a: Ferrothorn
|
|t:|1665929765
|switch|p2a: Mienshao|Mienshao, M, shiny|100/100|[from]move: U-turn
|move|p1a: Ferrothorn|Knock Off|p2a: Mienshao
|-resisted|p2a: Mienshao
|-damage|p2a: Mienshao|82/100
|-enditem|p2a: Mienshao|Life Orb|[from] move: Knock Off|[of] p1a: Ferrothorn
|
|-heal|p1a: Ferrothorn|100/100|[from] item: Leftovers
|upkeep
|turn|16
|
|t:|1665929769
|switch|p1a: Dragapult|Dragapult, M|54/100 par
|move|p2a: Mienshao|Close Combat|p1a: Dragapult
|-immune|p1a: Dragapult
|
|upkeep
|turn|17
|
|t:|1665929774
|move|p2a: Mienshao|Knock Off|p1a: Dragapult
|-supereffective|p1a: Dragapult
|-damage|p1a: Dragapult|0 fnt
|-enditem|p1a: Dragapult|Choice Band|[from] move: Knock Off|[of] p2a: Mienshao
|faint|p1a: Dragapult
|
|upkeep
|
|t:|1665929777
|switch|p1a: Tapu Fini|Tapu Fini|100/100
|-fieldstart|move: Misty Terrain|[from] ability: Misty Surge|[of] p1a: Tapu Fini
|turn|18
|c|☆ty-tyui↻|hmh it was a roll ?
|c|☆ty-tyui↻|so idk
|c|☆ty-tyui↻|i tried it
|
|t:|1665929789
|switch|p1a: Heatran|Heatran, M|49/100
|switch|p2a: Corviknight|Corviknight, M|73/100
|-ability|p2a: Corviknight|Pressure
|
|upkeep
|turn|19
|
|t:|1665929794
|switch|p2a: Rotom|Rotom-Wash|52/100
|move|p1a: Heatran|Magma Storm|p2a: Rotom|[miss]
|-miss|p1a: Heatran|p2a: Rotom
|
|-heal|p2a: Rotom|59/100|[from] item: Leftovers
|upkeep
|turn|20
|
|t:|1665929798
|switch|p1a: Ferrothorn|Ferrothorn, F|100/100
|move|p2a: Rotom|Volt Switch|p1a: Ferrothorn
|-resisted|p1a: Ferrothorn
|-damage|p1a: Ferrothorn|89/100
|
|t:|1665929801
|switch|p2a: Mienshao|Mienshao, M, shiny|100/100|[from]move: Volt Switch
|
|-heal|p1a: Ferrothorn|95/100|[from] item: Leftovers
|upkeep
|turn|21
|
|t:|1665929804
|move|p2a: Mienshao|Close Combat|p1a: Ferrothorn
|-supereffective|p1a: Ferrothorn
|-damage|p1a: Ferrothorn|20/100
|-unboost|p2a: Mienshao|def|1
|-unboost|p2a: Mienshao|spd|1
|-damage|p2a: Mienshao|88/100|[from] ability: Iron Barbs|[of] p1a: Ferrothorn
|move|p1a: Ferrothorn|Power Whip|p2a: Mienshao|[miss]
|-miss|p1a: Ferrothorn|p2a: Mienshao
|
|-heal|p1a: Ferrothorn|26/100|[from] item: Leftovers
|upkeep
|turn|22
|c|☆Yoink 0|gg
|-message|Yoink 0 forfeited.
|
|win|ty-tyui↻
|raw|Yoink 0's rating: 1665 &rarr; <strong>1646</strong><br />(-19 for losing)
|raw|ty-tyui↻'s rating: 1688 &rarr; <strong>1707</strong><br />(+19 for winning)
|l|☆Yoink 0
||Ladder isn't responding, score probably updated but might not have (Request timeout).
