|j|☆cump2
|j|☆Alolan Jose
|t:|1635121016
|gametype|singles
|player|p1|cump2|265|1402
|player|p2|Alolan Jose|yellow|1425
|teamsize|p1|6
|teamsize|p2|6
|gen|8
|tier|[Gen 8] OU
|rated|
|rule|Sleep Clause Mod: Limit one foe put to sleep
|rule|Species Clause: Limit one of each Pokémon
|rule|OHKO Clause: OHKO moves are banned
|rule|Evasion Moves Clause: Evasion moves are banned
|rule|Endless Battle Clause: Forcing endless battles is banned
|rule|HP Percentage Mod: HP is shown in percentages
|rule|Dynamax Clause: You cannot dynamax
|clearpoke
|poke|p1|Landorus-Therian, M|
|poke|p1|Tyranitar, M|
|poke|p1|Excadrill, F|
|poke|p1|Tyrantrum, M|
|poke|p1|Toxapex, F|
|poke|p1|Tornadus-Therian, M|
|poke|p2|Volcanion|
|poke|p2|Ninetales-Alola, M|
|poke|p2|Corviknight, M|
|poke|p2|Arctozolt|
|poke|p2|Landorus-Therian, M|
|poke|p2|Tornadus-Therian, M|
|teampreview
|
|t:|1635121028
|start
|switch|p1a: Landorus|Landorus-Therian, M|100/100
|switch|p2a: Ninetales|Ninetales-Alola, M|100/100
|-weather|Hail|[from] ability: Snow Warning|[of] p2a: Ninetales
|-ability|p1a: Landorus|Intimidate|boost
|-unboost|p2a: Ninetales|atk|1
|turn|1
|
|t:|1635121041
|switch|p1a: Tyranitar|Tyranitar, M|100/100
|-weather|Sandstorm|[from] ability: Sand Stream|[of] p1a: Tyranitar
|move|p2a: Ninetales|Freeze-Dry|p1a: Tyranitar
|-damage|p1a: Tyranitar|92/100
|
|-weather|Sandstorm|[upkeep]
|-damage|p2a: Ninetales|94/100|[from] Sandstorm
|upkeep
|turn|2
|
|t:|1635121058
|switch|p2a: Corviknight|Corviknight, M|100/100
|-ability|p2a: Corviknight|Pressure
|move|p1a: Tyranitar|Stealth Rock|p2a: Corviknight
|-sidestart|p2: Alolan Jose|move: Stealth Rock
|
|-weather|Sandstorm|[upkeep]
|upkeep
|turn|3
|
|t:|1635121066
|switch|p1a: Landorus|Landorus-Therian, M|100/100
|-ability|p1a: Landorus|Intimidate|boost
|-unboost|p2a: Corviknight|atk|1
|move|p2a: Corviknight|Defog|p1a: Landorus
|-unboost|p1a: Landorus|evasion|1
|-sideend|p2: Alolan Jose|Stealth Rock|[from] move: Defog|[of] p2a: Corviknight
|
|-weather|Sandstorm|[upkeep]
|upkeep
|turn|4
|
|t:|1635121069
|move|p1a: Landorus|Gravity|p1a: Landorus
|-fieldstart|move: Gravity
|move|p2a: Corviknight|U-turn|p1a: Landorus
|-resisted|p1a: Landorus
|-damage|p1a: Landorus|95/100
|
|t:|1635121094
|switch|p2a: Landorus|Landorus-Therian, M|100/100|[from]move: U-turn
|-ability|p2a: Landorus|Intimidate|boost
|-unboost|p1a: Landorus|atk|1
|
|-weather|Sandstorm|[upkeep]
|upkeep
|turn|5
|
|t:|1635121104
|move|p1a: Landorus|U-turn|p2a: Landorus
|-resisted|p2a: Landorus
|-damage|p2a: Landorus|92/100
|
|t:|1635121108
|switch|p1a: Tornadus|Tornadus-Therian, M|100/100|[from]move: U-turn
|move|p2a: Landorus|Toxic|p1a: Tornadus
|-status|p1a: Tornadus|tox
|
|-weather|Sandstorm|[upkeep]
|-damage|p1a: Tornadus|94/100 tox|[from] Sandstorm
|-heal|p2a: Landorus|98/100|[from] item: Leftovers
|-damage|p1a: Tornadus|88/100 tox|[from] psn
|upkeep
|turn|6
|
|t:|1635121113
|move|p1a: Tornadus|Hurricane|p2a: Landorus
|-damage|p2a: Landorus|61/100
|move|p2a: Landorus|Earthquake|p1a: Tornadus
|-damage|p1a: Tornadus|25/100 tox
|
|-weather|Sandstorm|[upkeep]
|-damage|p1a: Tornadus|19/100 tox|[from] Sandstorm
|-heal|p2a: Landorus|67/100|[from] item: Leftovers
|-damage|p1a: Tornadus|7/100 tox|[from] psn
|upkeep
|turn|7
|
|t:|1635121121
|move|p1a: Tornadus|Hurricane|p2a: Landorus
|-damage|p2a: Landorus|27/100
|-start|p2a: Landorus|confusion
|-activate|p2a: Landorus|confusion
|move|p2a: Landorus|Earthquake|p1a: Tornadus
|-damage|p1a: Tornadus|0 fnt
|faint|p1a: Tornadus
|
|-weather|Sandstorm|[upkeep]
|-heal|p2a: Landorus|33/100|[from] item: Leftovers
|upkeep
|
|t:|1635121138
|switch|p1a: Tyrantrum|Tyrantrum, M|100/100
|turn|8
|
|t:|1635121148
|move|p1a: Tyrantrum|Head Smash|p2a: Landorus
|-crit|p2a: Landorus
|-damage|p2a: Landorus|0 fnt
|faint|p2a: Landorus
|
|-weather|none
|-fieldend|move: Gravity
|upkeep
|
|t:|1635121158
|switch|p2a: Corviknight|Corviknight, M|100/100
|-ability|p2a: Corviknight|Pressure
|turn|9
|
|t:|1635121163
|move|p1a: Tyrantrum|Dragon Dance|p1a: Tyrantrum
|-boost|p1a: Tyrantrum|atk|1
|-boost|p1a: Tyrantrum|spe|1
|move|p2a: Corviknight|Body Press|p1a: Tyrantrum
|-supereffective|p1a: Tyrantrum
|-damage|p1a: Tyrantrum|46/100
|
|-heal|p1a: Tyrantrum|52/100|[from] item: Leftovers
|upkeep
|turn|10
|
|t:|1635121170
|move|p1a: Tyrantrum|Head Smash|p2a: Corviknight
|-damage|p2a: Corviknight|31/100
|-damage|p1a: Tyrantrum|36/100|[from] item: Rocky Helmet|[of] p2a: Corviknight
|move|p2a: Corviknight|Body Press|p1a: Tyrantrum
|-supereffective|p1a: Tyrantrum
|-damage|p1a: Tyrantrum|0 fnt
|faint|p1a: Tyrantrum
|
|upkeep
|
|t:|1635121176
|switch|p1a: Landorus|Landorus-Therian, M|95/100
|-ability|p1a: Landorus|Intimidate|boost
|-unboost|p2a: Corviknight|atk|1
|turn|11
|
|t:|1635121181
|move|p1a: Landorus|Gravity|p1a: Landorus
|-fieldstart|move: Gravity
|move|p2a: Corviknight|Roost|p2a: Corviknight
|-heal|p2a: Corviknight|81/100
|-singleturn|p2a: Corviknight|move: Roost
|
|upkeep
|turn|12
|
|t:|1635121187
|switch|p2a: Ninetales|Ninetales-Alola, M|94/100
|-weather|Hail|[from] ability: Snow Warning|[of] p2a: Ninetales
|move|p1a: Landorus|Earthquake|p2a: Ninetales
|-damage|p2a: Ninetales|13/100
|
|-weather|Hail|[upkeep]
|-damage|p1a: Landorus|89/100|[from] Hail
|upkeep
|turn|13
|
|t:|1635121200
|switch|p1a: Tyranitar|Tyranitar, M|92/100
|-weather|Sandstorm|[from] ability: Sand Stream|[of] p1a: Tyranitar
|move|p2a: Ninetales|Freeze-Dry|p1a: Tyranitar
|-damage|p1a: Tyranitar|83/100
|
|-weather|Sandstorm|[upkeep]
|-damage|p2a: Ninetales|7/100|[from] Sandstorm
|upkeep
|turn|14
|inactive|Battle timer is ON: inactive players will automatically lose when time's up. (requested by Alolan Jose)
|inactive|cump2 has 120 seconds left.
|
|t:|1635121277
|switch|p1a: Excadrill|Excadrill, F|100/100
|move|p2a: Ninetales|Pain Split|p1a: Excadrill
|-sethp|p1a: Excadrill|54/100|[from] move: Pain Split|[silent]
|-sethp|p2a: Ninetales|55/100|[from] move: Pain Split
|
|-weather|Sandstorm|[upkeep]
|-damage|p2a: Ninetales|49/100|[from] Sandstorm
|-heal|p1a: Excadrill|60/100|[from] item: Leftovers
|upkeep
|turn|15
|
|t:|1635121286
|switch|p2a: Corviknight|Corviknight, M|81/100
|-ability|p2a: Corviknight|Pressure
|move|p1a: Excadrill|Earthquake|p2a: Corviknight
|-supereffective|p2a: Corviknight
|-damage|p2a: Corviknight|9/100
|
|-weather|Sandstorm|[upkeep]
|-heal|p1a: Excadrill|66/100|[from] item: Leftovers
|-fieldend|move: Gravity
|upkeep
|turn|16
|
|t:|1635121309
|switch|p2a: Tornadus|Tornadus-Therian, M|100/100
|move|p1a: Excadrill|Iron Head|p2a: Tornadus
|-damage|p2a: Tornadus|50/100
|
|-weather|Sandstorm|[upkeep]
|-damage|p2a: Tornadus|43/100|[from] Sandstorm
|-heal|p1a: Excadrill|72/100|[from] item: Leftovers
|upkeep
|turn|17
|
|t:|1635121320
|switch|p2a: Volcanion|Volcanion|100/100
|move|p1a: Excadrill|Iron Head|p2a: Volcanion
|-resisted|p2a: Volcanion
|-damage|p2a: Volcanion|90/100
|
|-weather|Sandstorm|[upkeep]
|-damage|p2a: Volcanion|84/100|[from] Sandstorm
|-heal|p1a: Excadrill|78/100|[from] item: Leftovers
|upkeep
|turn|18
|
|t:|1635121335
|move|p1a: Excadrill|Iron Head|p2a: Volcanion
|-resisted|p2a: Volcanion
|-damage|p2a: Volcanion|73/100
|cant|p2a: Volcanion|flinch
|
|-weather|Sandstorm|[upkeep]
|-damage|p2a: Volcanion|67/100|[from] Sandstorm
|-heal|p1a: Excadrill|84/100|[from] item: Leftovers
|upkeep
|turn|19
|c|☆Alolan Jose|Lucky
|c|☆Alolan Jose|nice
|inactive|Alolan Jose has 120 seconds left.
|
|t:|1635121361
|move|p1a: Excadrill|Earthquake|p2a: Volcanion
|-supereffective|p2a: Volcanion
|-damage|p2a: Volcanion|0 fnt
|faint|p2a: Volcanion
|
|-weather|Sandstorm|[upkeep]
|-heal|p1a: Excadrill|90/100|[from] item: Leftovers
|upkeep
|c|☆Alolan Jose|lol
|c|☆Alolan Jose|Lucky and bad
|
|t:|1635121380
|switch|p2a: Tornadus|Tornadus-Therian, M|77/100
|turn|20
|
|t:|1635121386
|switch|p1a: Tyranitar|Tyranitar, M|83/100
|move|p2a: Tornadus|Heat Wave|p1a: Tyranitar
|-resisted|p1a: Tyranitar
|-damage|p1a: Tyranitar|79/100
|
|-weather|none
|upkeep
|turn|21
|
|t:|1635121389
|move|p2a: Tornadus|U-turn|p1a: Tyranitar
|-supereffective|p1a: Tyranitar
|-damage|p1a: Tyranitar|55/100
|
|t:|1635121394
|switch|p2a: Corviknight|Corviknight, M|9/100|[from]move: U-turn
|-ability|p2a: Corviknight|Pressure
|move|p1a: Tyranitar|Stealth Rock|p2a: Corviknight
|-sidestart|p2: Alolan Jose|move: Stealth Rock
|
|upkeep
|turn|22
|
|t:|1635121398
|move|p1a: Tyranitar|Crunch|p2a: Corviknight
|-damage|p2a: Corviknight|0 fnt
|-damage|p1a: Tyranitar|39/100|[from] item: Rocky Helmet|[of] p2a: Corviknight
|faint|p2a: Corviknight
|
|upkeep
|
|t:|1635121401
|switch|p2a: Arctozolt|Arctozolt|100/100
|-damage|p2a: Arctozolt|76/100|[from] Stealth Rock
|turn|23
|
|t:|1635121404
|switch|p1a: Toxapex|Toxapex, F|100/100
|move|p2a: Arctozolt|Substitute|p2a: Arctozolt
|-start|p2a: Arctozolt|Substitute
|-damage|p2a: Arctozolt|51/100
|
|-heal|p2a: Arctozolt|57/100|[from] item: Leftovers
|upkeep
|turn|24
|
|t:|1635121407
|move|p2a: Arctozolt|Freeze-Dry|p1a: Toxapex
|-supereffective|p1a: Toxapex
|-damage|p1a: Toxapex|58/100
|move|p1a: Toxapex|Scald|p2a: Arctozolt
|-activate|p2a: Arctozolt|move: Substitute|[damage]
|
|-heal|p2a: Arctozolt|63/100|[from] item: Leftovers
|upkeep
|turn|25
|
|t:|1635121414
|move|p2a: Arctozolt|Bolt Beak|p1a: Toxapex
|-supereffective|p1a: Toxapex
|-damage|p1a: Toxapex|0 fnt
|-damage|p2a: Arctozolt|47/100|[from] item: Rocky Helmet|[of] p1a: Toxapex
|faint|p1a: Toxapex
|
|-heal|p2a: Arctozolt|53/100|[from] item: Leftovers
|upkeep
|
|t:|1635121421
|switch|p1a: Tyranitar|Tyranitar, M|39/100
|-weather|Sandstorm|[from] ability: Sand Stream|[of] p1a: Tyranitar
|turn|26
|
|t:|1635121426
|move|p2a: Arctozolt|Bolt Beak|p1a: Tyranitar
|-damage|p1a: Tyranitar|0 fnt
|faint|p1a: Tyranitar
|
|-weather|Sandstorm|[upkeep]
|-damage|p2a: Arctozolt|47/100|[from] Sandstorm
|-heal|p2a: Arctozolt|53/100|[from] item: Leftovers
|upkeep
|
|t:|1635121428
|switch|p1a: Landorus|Landorus-Therian, M|89/100
|-ability|p1a: Landorus|Intimidate|boost
|-immune|p2a: Arctozolt
|turn|27
|
|t:|1635121439
|move|p1a: Landorus|Earthquake|p2a: Arctozolt
|-supereffective|p2a: Arctozolt
|-end|p2a: Arctozolt|Substitute
|move|p2a: Arctozolt|Blizzard|p1a: Landorus
|-supereffective|p1a: Landorus
|-crit|p1a: Landorus
|-damage|p1a: Landorus|0 fnt
|faint|p1a: Landorus
|
|-weather|Sandstorm|[upkeep]
|-damage|p2a: Arctozolt|47/100|[from] Sandstorm
|-heal|p2a: Arctozolt|53/100|[from] item: Leftovers
|upkeep
|
|t:|1635121441
|switch|p1a: Excadrill|Excadrill, F|90/100
|turn|28
|
|t:|1635121449
|switch|p2a: Ninetales|Ninetales-Alola, M|49/100
|-damage|p2a: Ninetales|24/100|[from] Stealth Rock
|-weather|Hail|[from] ability: Snow Warning|[of] p2a: Ninetales
|move|p1a: Excadrill|Rapid Spin|p2a: Ninetales
|-damage|p2a: Ninetales|0 fnt
|-boost|p1a: Excadrill|spe|1
|faint|p2a: Ninetales
|
|-weather|Hail|[upkeep]
|-damage|p1a: Excadrill|84/100|[from] Hail
|-heal|p1a: Excadrill|90/100|[from] item: Leftovers
|upkeep
|
|t:|1635121456
|switch|p2a: Arctozolt|Arctozolt|53/100
|-damage|p2a: Arctozolt|28/100|[from] Stealth Rock
|turn|29
|
|t:|1635121459
|move|p2a: Arctozolt|Blizzard|p1a: Excadrill
|-damage|p1a: Excadrill|43/100
|move|p1a: Excadrill|Earthquake|p2a: Arctozolt
|-supereffective|p2a: Arctozolt
|-damage|p2a: Arctozolt|0 fnt
|faint|p2a: Arctozolt
|
|-weather|Hail|[upkeep]
|-damage|p1a: Excadrill|37/100|[from] Hail
|-heal|p1a: Excadrill|43/100|[from] item: Leftovers
|upkeep
|
|t:|1635121463
|switch|p2a: Tornadus|Tornadus-Therian, M|100/100
|-damage|p2a: Tornadus|76/100|[from] Stealth Rock
|turn|30
|
|t:|1635121466
|move|p1a: Excadrill|Iron Head|p2a: Tornadus
|-damage|p2a: Tornadus|30/100
|cant|p2a: Tornadus|flinch
|
|-weather|Hail|[upkeep]
|-damage|p1a: Excadrill|37/100|[from] Hail
|-damage|p2a: Tornadus|24/100|[from] Hail
|-heal|p1a: Excadrill|43/100|[from] item: Leftovers
|upkeep
|turn|31
|c|☆Alolan Jose|Fuck this game
|inactive|Alolan Jose has 120 seconds left.
|c|☆Alolan Jose|i i outplay bad players and still fucking lose
|
|t:|1635121516
|move|p1a: Excadrill|Iron Head|p2a: Tornadus
|-damage|p2a: Tornadus|0 fnt
|faint|p2a: Tornadus
|
|win|cump2
|raw|cump2's rating: 1402 &rarr; <strong>1423</strong><br />(+21 for winning)
|raw|Alolan Jose's rating: 1425 &rarr; <strong>1404</strong><br />(-21 for losing)
|l|☆cump2
