|j|☆fardin
|j|☆Makuryu
|t:|1643311233
|gametype|singles
|player|p1|fardin|#ompl2021spindawheels|1744
|player|p2|Makuryu|koga|1713
|teamsize|p1|6
|teamsize|p2|6
|gen|8
|tier|[Gen 8] OU
|rated|
|rule|Sleep Clause Mod: Limit one foe put to sleep
|rule|Species Clause: Limit one of each Pokémon
|rule|OHKO Clause: OHKO moves are banned
|rule|Evasion Moves Clause: Evasion moves are banned
|rule|Endless Battle Clause: Forcing endless battles is banned
|rule|HP Percentage Mod: HP is shown in percentages
|rule|Dynamax Clause: You cannot dynamax
|clearpoke
|poke|p1|Landorus-Therian, M|
|poke|p1|Corviknight, M|
|poke|p1|Tapu Koko|
|poke|p1|Toxapex, F|
|poke|p1|Weavile, M|
|poke|p1|Blacephalon|
|poke|p2|Bisharp, M|
|poke|p2|Zapdos-Galar|
|poke|p2|Mew|
|poke|p2|Rillaboom, M|
|poke|p2|Garchomp, F|
|poke|p2|Dragapult, F|
|teampreview
|c|☆Makuryu|nice avatar
|j| FileFate
|j| SebusWebus
|j| Lasombralegendaria
|
|t:|1643311280
|start
|switch|p1a: Blacephalon|Blacephalon|100/100
|switch|p2a: Bisharp|Bisharp, M|100/100
|turn|1
|inactive|Battle timer is ON: inactive players will automatically lose when time's up. (requested by Makuryu)
|
|t:|1643311289
|move|p2a: Bisharp|Sucker Punch||[still]
|-fail|p2a: Bisharp
|move|p1a: Blacephalon|Trick|p2a: Bisharp
|-activate|p1a: Blacephalon|move: Trick|[of] p2a: Bisharp
|-item|p2a: Bisharp|Choice Specs|[from] move: Trick
|-item|p1a: Blacephalon|Black Glasses|[from] move: Trick
|
|upkeep
|turn|2
|
|t:|1643311309
|move|p2a: Bisharp|Sucker Punch|p1a: Blacephalon
|-supereffective|p1a: Blacephalon
|-damage|p1a: Blacephalon|0 fnt
|faint|p1a: Blacephalon
|
|upkeep
|
|t:|1643311313
|switch|p1a: Toxapex|Toxapex, F|100/100
|turn|3
|
|t:|1643311318
|switch|p2a: Mew|Mew|100/100
|move|p1a: Toxapex|Toxic Spikes|p2a: Mew
|-sidestart|p2: Makuryu|move: Toxic Spikes
|
|upkeep
|turn|4
|
|t:|1643311323
|move|p2a: Mew|Stealth Rock|p1a: Toxapex
|-sidestart|p1: fardin|move: Stealth Rock
|move|p1a: Toxapex|Knock Off|p2a: Mew
|-supereffective|p2a: Mew
|-damage|p2a: Mew|75/100
|-enditem|p2a: Mew|Focus Sash|[from] move: Knock Off|[of] p1a: Toxapex
|
|upkeep
|turn|5
|
|t:|1643311333
|move|p2a: Mew|Taunt|p1a: Toxapex
|-start|p1a: Toxapex|move: Taunt
|cant|p1a: Toxapex|move: Taunt|Toxic Spikes
|
|upkeep
|turn|6
|j| gare23limit
|j| quentcr
|
|t:|1643311338
|move|p2a: Mew|Spikes|p1a: Toxapex
|-sidestart|p1: fardin|Spikes
|move|p1a: Toxapex|Knock Off|p2a: Mew
|-supereffective|p2a: Mew
|-damage|p2a: Mew|55/100
|
|upkeep
|turn|7
|
|t:|1643311342
|move|p2a: Mew|Spikes|p1a: Toxapex
|-sidestart|p1: fardin|Spikes
|move|p1a: Toxapex|Knock Off|p2a: Mew
|-supereffective|p2a: Mew
|-damage|p2a: Mew|37/100
|
|-end|p1a: Toxapex|move: Taunt
|upkeep
|turn|8
|
|t:|1643311351
|switch|p1a: Tapu Koko|Tapu Koko|100/100
|-fieldstart|move: Electric Terrain|[from] ability: Electric Surge|[of] p1a: Tapu Koko
|move|p2a: Mew|Taunt|p1a: Tapu Koko
|-start|p1a: Tapu Koko|move: Taunt
|
|upkeep
|turn|9
|
|t:|1643311358
|move|p1a: Tapu Koko|Thunderbolt|p2a: Mew
|-damage|p2a: Mew|0 fnt
|faint|p2a: Mew
|
|upkeep
|
|t:|1643311366
|switch|p2a: Bisharp|Bisharp, M|100/100
|turn|10
|
|t:|1643311376
|move|p1a: Tapu Koko|Thunderbolt|p2a: Bisharp
|-damage|p2a: Bisharp|13/100
|move|p2a: Bisharp|Knock Off|p1a: Tapu Koko
|-resisted|p1a: Tapu Koko
|-damage|p1a: Tapu Koko|63/100
|-enditem|p1a: Tapu Koko|Heavy-Duty Boots|[from] move: Knock Off|[of] p2a: Bisharp
|
|-end|p1a: Tapu Koko|move: Taunt
|upkeep
|turn|11
|
|t:|1643311384
|move|p1a: Tapu Koko|Roost|p1a: Tapu Koko
|-heal|p1a: Tapu Koko|100/100
|-singleturn|p1a: Tapu Koko|move: Roost
|move|p2a: Bisharp|Knock Off|p1a: Tapu Koko
|-resisted|p1a: Tapu Koko
|-damage|p1a: Tapu Koko|77/100
|
|upkeep
|turn|12
|
|t:|1643311389
|move|p1a: Tapu Koko|Dazzling Gleam|p2a: Bisharp
|-damage|p2a: Bisharp|0 fnt
|faint|p2a: Bisharp
|
|-fieldend|move: Electric Terrain
|upkeep
|j| Yb is Better
|
|t:|1643311401
|switch|p2a: Rillaboom|Rillaboom, M|100/100
|-status|p2a: Rillaboom|psn
|-fieldstart|move: Grassy Terrain|[from] ability: Grassy Surge|[of] p2a: Rillaboom
|turn|13
|
|t:|1643311407
|switch|p2a: Dragapult|Dragapult, F|100/100
|-status|p2a: Dragapult|psn
|move|p1a: Tapu Koko|U-turn|p2a: Dragapult
|-resisted|p2a: Dragapult
|-damage|p2a: Dragapult|88/100 psn
|
|t:|1643311410
|switch|p1a: Landorus|Landorus-Therian, M|100/100|[from]move: U-turn
|-damage|p1a: Landorus|88/100|[from] Stealth Rock
|-ability|p1a: Landorus|Intimidate|boost
|-unboost|p2a: Dragapult|atk|1
|
|-heal|p2a: Dragapult|94/100 psn|[from] Grassy Terrain
|-heal|p1a: Landorus|94/100|[from] item: Leftovers
|-damage|p2a: Dragapult|82/100 psn|[from] psn
|upkeep
|turn|14
|l| Yb is Better
|
|t:|1643311421
|move|p2a: Dragapult|Hydro Pump|p1a: Landorus
|-supereffective|p1a: Landorus
|-damage|p1a: Landorus|35/100
|-damage|p2a: Dragapult|72/100 psn|[from] item: Life Orb
|move|p1a: Landorus|U-turn|p2a: Dragapult
|-resisted|p2a: Dragapult
|-damage|p2a: Dragapult|56/100 psn
|
|t:|1643311428
|switch|p1a: Toxapex|Toxapex, F|100/100|[from]move: U-turn
|-damage|p1a: Toxapex|84/100|[from] Spikes
|-damage|p1a: Toxapex|72/100|[from] Stealth Rock
|
|-heal|p2a: Dragapult|62/100 psn|[from] Grassy Terrain
|-heal|p1a: Toxapex|78/100|[from] Grassy Terrain
|-damage|p2a: Dragapult|49/100 psn|[from] psn
|upkeep
|turn|15
|
|t:|1643311440
|switch|p2a: Zapdos|Zapdos-Galar|100/100
|move|p1a: Toxapex|Knock Off|p2a: Zapdos
|-resisted|p2a: Zapdos
|-damage|p2a: Zapdos|93/100
|-enditem|p2a: Zapdos|Choice Band|[from] move: Knock Off|[of] p1a: Toxapex
|
|-heal|p1a: Toxapex|84/100|[from] Grassy Terrain
|upkeep
|turn|16
|
|t:|1643311449
|move|p2a: Zapdos|Thunderous Kick|p1a: Toxapex
|-resisted|p1a: Toxapex
|-damage|p1a: Toxapex|67/100
|-unboost|p1a: Toxapex|def|1
|-enditem|p1a: Toxapex|Eject Button
|
|t:|1643311461
|switch|p1a: Tapu Koko|Tapu Koko|77/100
|-damage|p1a: Tapu Koko|61/100|[from] Spikes
|-damage|p1a: Tapu Koko|48/100|[from] Stealth Rock
|-fieldstart|move: Electric Terrain|[from] ability: Electric Surge|[of] p1a: Tapu Koko
|
|upkeep
|turn|17
|
|t:|1643311481
|move|p1a: Tapu Koko|Dazzling Gleam|p2a: Zapdos
|-supereffective|p2a: Zapdos
|-damage|p2a: Zapdos|18/100
|move|p2a: Zapdos|U-turn|p1a: Tapu Koko
|-resisted|p1a: Tapu Koko
|-damage|p1a: Tapu Koko|30/100
|
|t:|1643311489
|switch|p2a: Rillaboom|Rillaboom, M|100/100 psn|[from]move: U-turn
|-fieldstart|move: Grassy Terrain|[from] ability: Grassy Surge|[of] p2a: Rillaboom
|
|-heal|p1a: Tapu Koko|36/100|[from] Grassy Terrain
|-damage|p2a: Rillaboom|88/100 psn|[from] psn
|upkeep
|turn|18
|
|t:|1643311496
|switch|p1a: Corviknight|Corviknight, M|100/100
|-damage|p1a: Corviknight|88/100|[from] Stealth Rock
|-ability|p1a: Corviknight|Pressure
|move|p2a: Rillaboom|Grassy Glide|p1a: Corviknight
|-resisted|p1a: Corviknight
|-damage|p1a: Corviknight|79/100
|-damage|p2a: Rillaboom|72/100 psn|[from] item: Rocky Helmet|[of] p1a: Corviknight
|-damage|p2a: Rillaboom|62/100 psn|[from] item: Life Orb
|
|-heal|p2a: Rillaboom|68/100 psn|[from] Grassy Terrain
|-damage|p2a: Rillaboom|56/100 psn|[from] psn
|upkeep
|turn|19
|j| L0lL
|
|t:|1643311509
|switch|p2a: Zapdos|Zapdos-Galar|18/100
|move|p1a: Corviknight|Brave Bird|p2a: Zapdos
|-supereffective|p2a: Zapdos
|-damage|p2a: Zapdos|0 fnt
|faint|p2a: Zapdos
|-damage|p1a: Corviknight|75/100|[from] Recoil
|
|upkeep
|
|t:|1643311520
|switch|p2a: Garchomp|Garchomp, F|100/100
|-status|p2a: Garchomp|psn
|turn|20
|l| L0lL
|
|t:|1643311525
|move|p2a: Garchomp|Swords Dance|p2a: Garchomp
|-boost|p2a: Garchomp|atk|2
|move|p1a: Corviknight|Defog|p2a: Garchomp
|-unboost|p2a: Garchomp|evasion|1
|-sideend|p2: Makuryu|Toxic Spikes|[from] move: Defog|[of] p1a: Corviknight
|-sideend|p1: fardin|Spikes|[from] move: Defog|[of] p1a: Corviknight
|-sideend|p1: fardin|Stealth Rock|[from] move: Defog|[of] p1a: Corviknight
|-fieldend|move: Grassy Terrain
|
|-damage|p2a: Garchomp|88/100 psn|[from] psn
|upkeep
|turn|21
|
|t:|1643311534
|switch|p1a: Toxapex|Toxapex, F|100/100
|move|p2a: Garchomp|Scale Shot|p1a: Toxapex
|-damage|p1a: Toxapex|83/100
|-damage|p1a: Toxapex|64/100
|-damage|p1a: Toxapex|45/100
|-hitcount|p1a: Toxapex|3
|-unboost|p2a: Garchomp|def|1
|-boost|p2a: Garchomp|spe|1
|
|-heal|p2a: Garchomp|94/100 psn|[from] item: Leftovers
|-damage|p2a: Garchomp|82/100 psn|[from] psn
|upkeep
|turn|22
|
|t:|1643311546
|switch|p1a: Landorus|Landorus-Therian, M|35/100
|-ability|p1a: Landorus|Intimidate|boost
|-unboost|p2a: Garchomp|atk|1
|move|p2a: Garchomp|Earthquake|p1a: Landorus
|-immune|p1a: Landorus
|
|-heal|p2a: Garchomp|88/100 psn|[from] item: Leftovers
|-heal|p1a: Landorus|41/100|[from] item: Leftovers
|-damage|p2a: Garchomp|76/100 psn|[from] psn
|upkeep
|turn|23
|
|t:|1643311556
|move|p2a: Garchomp|Scale Shot|p1a: Landorus
|-damage|p1a: Landorus|23/100
|-damage|p1a: Landorus|3/100
|-hitcount|p1a: Landorus|2
|-unboost|p2a: Garchomp|def|1
|-boost|p2a: Garchomp|spe|1
|move|p1a: Landorus|U-turn|p2a: Garchomp
|-damage|p2a: Garchomp|31/100 psn
|-damage|p1a: Landorus|0 fnt|[from] ability: Rough Skin|[of] p2a: Garchomp
|faint|p1a: Landorus
|
|-heal|p2a: Garchomp|37/100 psn|[from] item: Leftovers
|-damage|p2a: Garchomp|25/100 psn|[from] psn
|upkeep
|
|t:|1643311560
|switch|p1a: Weavile|Weavile, M|100/100
|-ability|p1a: Weavile|Pressure
|turn|24
|j| vip10086
|
|t:|1643311572
|move|p1a: Weavile|Ice Shard|p2a: Garchomp
|-supereffective|p2a: Garchomp
|-damage|p2a: Garchomp|0 fnt
|faint|p2a: Garchomp
|
|upkeep
|-message|Makuryu forfeited.
|
|win|fardin
|raw|fardin's rating: 1744 &rarr; <strong>1762</strong><br />(+18 for winning)
|raw|Makuryu's rating: 1713 &rarr; <strong>1695</strong><br />(-18 for losing)
|l|☆Makuryu
|l| quentcr
