|raw|<div class="broadcast-blue"><strong>This battle is required to be public due to a player having a name prefixed by 'LT71LX'.</div>
|j|☆LT71LX John W
|j|☆LT71LX Storm
|t:|1597123837
|player|p1|LT71LX John W|266|2124
|player|p2|LT71LX Storm|lusamine-nihilego|2098
|teamsize|p1|6
|teamsize|p2|6
|gametype|singles
|gen|8
|tier|[Gen 8] OU
|rated|
|clearpoke
|poke|p1|Kyurem|
|poke|p1|Corviknight, F|
|poke|p1|Ditto|
|poke|p1|Toxapex, F|
|poke|p1|Clefable, M|
|poke|p1|Blissey, F|
|poke|p2|Toxtricity, M|
|poke|p2|Rillaboom, M|
|poke|p2|Volcarona, M|
|poke|p2|Kyurem|
|poke|p2|Excadrill, M|
|poke|p2|Urshifu-*, M|
|rule|Sleep Clause Mod: Limit one foe put to sleep
|rule|Species Clause: Limit one of each Pokémon
|rule|OHKO Clause: OHKO moves are banned
|rule|Evasion Moves Clause: Evasion moves are banned
|rule|Endless Battle Clause: Forcing endless battles is banned
|rule|HP Percentage Mod: HP is shown in percentages
|rule|Dynamax Clause: You cannot dynamax
|teampreview
|j| LT71LX Tace
|j| lt71lx cuzzie
|j| outu dac
|j| venerti
|c|☆LT71LX John W|hf
|c| lt71lx cuzzie|game of the century
|c|☆LT71LX Storm|hf bro
|j| wyn
|j| team crisis
|j| Yashyashashketchjm
|c| lt71lx cuzzie|*cycle
|j| always simple
|j| serena4ever
|j| LT71LX JTD
|j| Crawdunked
|j| afkwhilenappin
|c| LT71LX JTD|poggers
|c| Crawdunked|storm!
|j| Juseth sepulveda
|
|t:|1597123888
|start
|switch|p1a: Corviknight|Corviknight, F|100/100
|switch|p2a: Stark|Kyurem, shiny|100/100
|-ability|p2a: Stark|Pressure
|-ability|p1a: Corviknight|Pressure
|turn|1
|j| lt71lx pj
|j| torao1102
|j| lt71lx vaboh
|j| LT71LX wd
|
|t:|1597123909
|move|p2a: Stark|Ice Beam|p1a: Corviknight
|-damage|p1a: Corviknight|32/100
|move|p1a: Corviknight|Body Press|p2a: Stark
|-supereffective|p2a: Stark
|-damage|p2a: Stark|50/100
|
|upkeep
|turn|2
|j| Pokemon Hates Me
|j| outz u
|j| OUTU Hide And Seek
|j| jej idiota
|
|t:|1597123937
|switch|p1a: Toxapex|Toxapex, F|100/100
|move|p2a: Stark|Ice Beam|p1a: Toxapex
|-resisted|p1a: Toxapex
|-damage|p1a: Toxapex|71/100
|
|upkeep
|turn|3
|
|t:|1597123947
|move|p2a: Stark|Ice Beam|p1a: Toxapex
|-resisted|p1a: Toxapex
|-damage|p1a: Toxapex|41/100
|move|p1a: Toxapex|Knock Off|p2a: Stark
|-damage|p2a: Stark|36/100
|-enditem|p2a: Stark|Choice Specs|[from] move: Knock Off|[of] p1a: Toxapex
|
|upkeep
|turn|4
|j| koookie
|l| koookie
|
|t:|1597123960
|switch|p1a: Blissey|Blissey, F|100/100
|move|p2a: Stark|Freeze-Dry|p1a: Blissey
|-damage|p1a: Blissey|87/100
|
|upkeep
|turn|5
|j| n00b_StOMPEER
|j| EG Jhonx
|
|t:|1597123969
|move|p2a: Stark|Ice Beam|p1a: Blissey
|-damage|p1a: Blissey|69/100
|move|p1a: Blissey|Teleport|p1a: Blissey
|
|t:|1597123973
|switch|p1a: Ditto|Ditto, shiny|100/100|[from]move: Teleport
|-transform|p1a: Ditto|p2a: Stark|[from] ability: Imposter
|-ability|p1a: Ditto|Pressure
|
|upkeep
|turn|6
|j| lt71lx neider
|c| EG Jhonx|Gg
|j| LT71LX Luthier
|j| Sahki
|j| edgar allan poem
|j| Lesherow
|c|☆LT71LX Storm|it aint over
|j| yebish
|j| ez
|
|t:|1597123999
|switch|p2a: Impaler|Excadrill, M, shiny|100/100
|-ability|p2a: Impaler|Mold Breaker
|move|p1a: Ditto|Ice Beam|p2a: Impaler
|-damage|p2a: Impaler|63/100
|
|-heal|p2a: Impaler|70/100|[from] item: Leftovers
|upkeep
|turn|7
|c| Crawdunked|yea stfu
|j| LT71LX Jacked
|c| team crisis|0
|
|t:|1597124007
|switch|p1a: Corviknight|Corviknight, F|32/100
|-ability|p1a: Corviknight|Pressure
|move|p2a: Impaler|Stealth Rock|p1a: Corviknight
|-sidestart|p1: LT71LX John W|move: Stealth Rock
|
|-heal|p2a: Impaler|76/100|[from] item: Leftovers
|upkeep
|turn|8
|
|t:|1597124017
|switch|p2a: Kyotaro|Toxtricity, M|100/100
|move|p1a: Corviknight|Roost|p1a: Corviknight
|-heal|p1a: Corviknight|82/100
|-singleturn|p1a: Corviknight|move: Roost
|
|upkeep
|turn|9
|c| EG Jhonx|Whoa aggresive stfu
|
|t:|1597124022
|switch|p1a: Blissey|Blissey, F|69/100
|move|p2a: Kyotaro|Overdrive|p1a: Blissey
|-damage|p1a: Blissey|43/100
|-damage|p2a: Kyotaro|91/100|[from] item: Life Orb
|
|upkeep
|turn|10
|l| EG Jhonx
|j| Arnav_73
|
|t:|1597124071
|move|p2a: Kyotaro|Drain Punch|p1a: Blissey
|-supereffective|p1a: Blissey
|-damage|p1a: Blissey|0 fnt
|-heal|p2a: Kyotaro|100/100|[from] drain|[of] p1a: Blissey
|-damage|p2a: Kyotaro|91/100|[from] item: Life Orb
|faint|p1a: Blissey
|
|upkeep
|j| macho asdfqwert
|j| Syho
|
|t:|1597124081
|switch|p1a: Kyurem|Kyurem|100/100
|-ability|p1a: Kyurem|Pressure
|turn|11
|j| mekane
|j| Furret Autista
|j| adcas0203
|j| gen 8 fish
|
|t:|1597124098
|switch|p2a: Amaterasu|Volcarona, M, shiny|100/100
|move|p1a: Kyurem|Icicle Spear|p2a: Amaterasu
|-resisted|p2a: Amaterasu
|-damage|p2a: Amaterasu|95/100
|-resisted|p2a: Amaterasu
|-damage|p2a: Amaterasu|90/100
|-resisted|p2a: Amaterasu
|-damage|p2a: Amaterasu|84/100
|-hitcount|p2a: Amaterasu|3
|
|upkeep
|turn|12
|j| Migatte No Borja
|j| koookie
|j| Camus382
|
|t:|1597124109
|switch|p1a: Toxapex|Toxapex, F|74/100
|-damage|p1a: Toxapex|62/100|[from] Stealth Rock
|move|p2a: Amaterasu|Quiver Dance|p2a: Amaterasu
|-boost|p2a: Amaterasu|spa|1
|-boost|p2a: Amaterasu|spd|1
|-boost|p2a: Amaterasu|spe|1
|
|upkeep
|turn|13
|
|t:|1597124115
|switch|p2a: Stark|Kyurem, shiny|36/100
|-ability|p2a: Stark|Pressure
|move|p1a: Toxapex|Recover|p1a: Toxapex
|-heal|p1a: Toxapex|100/100
|
|upkeep
|turn|14
|l| Juseth sepulveda
|j| Yasashisa no riyuu
|
|t:|1597124131
|switch|p1a: Clefable|Clefable, M|100/100
|move|p2a: Stark|Freeze-Dry|p1a: Clefable
|-damage|p1a: Clefable|62/100
|
|-heal|p1a: Clefable|68/100|[from] item: Leftovers
|upkeep
|turn|15
|
|t:|1597124140
|move|p2a: Stark|Ice Beam|p1a: Clefable
|-damage|p1a: Clefable|17/100
|move|p1a: Clefable|Soft-Boiled|p1a: Clefable
|-heal|p1a: Clefable|67/100
|
|-heal|p1a: Clefable|73/100|[from] item: Leftovers
|upkeep
|turn|16
|j| I Eat Snoms
|
|t:|1597124147
|switch|p2a: Kyotaro|Toxtricity, M|91/100
|move|p1a: Clefable|Moonblast|p2a: Kyotaro
|-resisted|p2a: Kyotaro
|-damage|p2a: Kyotaro|67/100
|
|-heal|p1a: Clefable|79/100|[from] item: Leftovers
|upkeep
|turn|17
|
|t:|1597124149
|switch|p1a: Kyurem|Kyurem|100/100
|-ability|p1a: Kyurem|Pressure
|move|p2a: Kyotaro|Boomburst|p1a: Kyurem
|-damage|p1a: Kyurem|28/100
|-damage|p2a: Kyotaro|57/100|[from] item: Life Orb
|
|upkeep
|turn|18
|j| Commando 55
|l| Syho
|l| Commando 55
|j| zinaking
|j| mamba9
|l| afkwhilenappin
|
|t:|1597124179
|switch|p2a: Stark|Kyurem, shiny|36/100
|-ability|p2a: Stark|Pressure
|move|p1a: Kyurem|Icicle Spear|p2a: Stark
|-damage|p2a: Stark|24/100
|-damage|p2a: Stark|12/100
|-hitcount|p2a: Stark|2
|
|upkeep
|turn|19
|j| tazz
|c|☆LT71LX John W|man
|j|@Teclis
|l| edgar allan poem
|j| Mellow1004
|c| Crawdunked|decided to ladder at the wrong time
|
|t:|1597124223
|move|p2a: Stark|Freeze-Dry|p1a: Kyurem
|-damage|p1a: Kyurem|0 fnt
|faint|p1a: Kyurem
|
|upkeep
|c|☆LT71LX John W|not even that
|c|☆LT71LX John W|lol
|
|t:|1597124233
|switch|p1a: Ditto|Ditto, shiny|100/100
|-damage|p1a: Ditto|88/100|[from] Stealth Rock
|-transform|p1a: Ditto|p2a: Stark|[from] ability: Imposter
|-ability|p1a: Ditto|Pressure
|turn|20
|c| LT71LX wd|owned by offense
|
|t:|1597124249
|switch|p2a: Amaterasu|Volcarona, M, shiny|84/100
|move|p1a: Ditto|Earth Power|p2a: Amaterasu
|-damage|p2a: Amaterasu|57/100
|
|upkeep
|turn|21
|
|t:|1597124252
|switch|p1a: Toxapex|Toxapex, F|100/100
|-damage|p1a: Toxapex|88/100|[from] Stealth Rock
|move|p2a: Amaterasu|Roost|p2a: Amaterasu
|-heal|p2a: Amaterasu|100/100
|-singleturn|p2a: Amaterasu|move: Roost
|
|upkeep
|turn|22
|c| LT71LX wd|stormzone is an offense chad
|c| LT71LX wd|youre a stallbaby beta
|j| hipster garbage
|j| EG Jhonx
|l| hipster garbage
|c| Crawdunked|L
|raw|<div class="broadcast-red"><strong>Moderated chat was set to +!</strong><br />Only users of rank + and higher can talk.</div>
|
|t:|1597124287
|move|p2a: Amaterasu|Safeguard|p2a: Amaterasu
|-sidestart|p2: LT71LX Storm|Safeguard
|move|p1a: Toxapex|Scald|p2a: Amaterasu
|-supereffective|p2a: Amaterasu
|-damage|p2a: Amaterasu|76/100
|
|upkeep
|turn|23
|
|t:|1597124290
|switch|p2a: Tama Tonga|Rillaboom, M|100/100
|-fieldstart|move: Grassy Terrain|[from] ability: Grassy Surge|[of] p2a: Tama Tonga
|move|p1a: Toxapex|Scald|p2a: Tama Tonga
|-resisted|p2a: Tama Tonga
|-damage|p2a: Tama Tonga|91/100
|
|-heal|p2a: Tama Tonga|97/100|[from] Grassy Terrain
|-heal|p1a: Toxapex|94/100|[from] Grassy Terrain
|upkeep
|turn|24
|
|t:|1597124295
|move|p2a: Tama Tonga|Swords Dance|p2a: Tama Tonga
|-boost|p2a: Tama Tonga|atk|2
|move|p1a: Toxapex|Haze|p1a: Toxapex
|-clearallboost
|
|-heal|p2a: Tama Tonga|100/100|[from] Grassy Terrain
|-heal|p1a: Toxapex|99/100|[from] Grassy Terrain
|upkeep
|turn|25
|
|t:|1597124300
|move|p2a: Tama Tonga|Swords Dance|p2a: Tama Tonga
|-boost|p2a: Tama Tonga|atk|2
|move|p1a: Toxapex|Haze|p1a: Toxapex
|-clearallboost
|
|-heal|p1a: Toxapex|100/100|[from] Grassy Terrain
|upkeep
|turn|26
|
|t:|1597124306
|move|p2a: Tama Tonga|High Horsepower|p1a: Toxapex
|-supereffective|p1a: Toxapex
|-crit|p1a: Toxapex
|-damage|p1a: Toxapex|6/100
|-damage|p2a: Tama Tonga|84/100|[from] item: Rocky Helmet|[of] p1a: Toxapex
|-damage|p2a: Tama Tonga|74/100|[from] item: Life Orb
|move|p1a: Toxapex|Haze|p1a: Toxapex
|-clearallboost
|
|-heal|p2a: Tama Tonga|80/100|[from] Grassy Terrain
|-heal|p1a: Toxapex|12/100|[from] Grassy Terrain
|-sideend|p2: LT71LX Storm|Safeguard
|upkeep
|turn|27
|j|+playerW17
|
|t:|1597124314
|switch|p1a: Corviknight|Corviknight, F|82/100
|-damage|p1a: Corviknight|70/100|[from] Stealth Rock
|-ability|p1a: Corviknight|Pressure
|move|p2a: Tama Tonga|Grassy Glide|p1a: Corviknight
|-resisted|p1a: Corviknight
|-damage|p1a: Corviknight|61/100
|-damage|p2a: Tama Tonga|70/100|[from] item: Life Orb
|
|-heal|p2a: Tama Tonga|76/100|[from] Grassy Terrain
|-fieldend|move: Grassy Terrain
|upkeep
|turn|28
|
|t:|1597124321
|move|p2a: Tama Tonga|Swords Dance|p2a: Tama Tonga
|-boost|p2a: Tama Tonga|atk|2
|move|p1a: Corviknight|U-turn|p2a: Tama Tonga
|-supereffective|p2a: Tama Tonga
|-damage|p2a: Tama Tonga|45/100
|
|t:|1597124323
|switch|p1a: Ditto|Ditto, shiny|88/100|[from]move: U-turn
|-damage|p1a: Ditto|76/100|[from] Stealth Rock
|-transform|p1a: Ditto|p2a: Tama Tonga|[from] ability: Imposter
|-fieldstart|move: Grassy Terrain|[from] ability: Grassy Surge|[of] p1a: Ditto
|
|-heal|p1a: Ditto|82/100|[from] Grassy Terrain
|-heal|p2a: Tama Tonga|51/100|[from] Grassy Terrain
|upkeep
|turn|29
|
|t:|1597124348
|move|p1a: Ditto|Grassy Glide|p2a: Tama Tonga
|-resisted|p2a: Tama Tonga
|-damage|p2a: Tama Tonga|0 fnt
|faint|p2a: Tama Tonga
|
|-heal|p1a: Ditto|88/100|[from] Grassy Terrain
|upkeep
|
|t:|1597124351
|switch|p2a: Amaterasu|Volcarona, M, shiny|76/100
|turn|30
|
|t:|1597124364
|switch|p1a: Toxapex|Toxapex, F|45/100
|-damage|p1a: Toxapex|33/100|[from] Stealth Rock
|switch|p2a: Kyotaro|Toxtricity, M|57/100
|
|-heal|p2a: Kyotaro|63/100|[from] Grassy Terrain
|-heal|p1a: Toxapex|39/100|[from] Grassy Terrain
|upkeep
|turn|31
|
|t:|1597124371
|switch|p1a: Ditto|Ditto, shiny|88/100
|-damage|p1a: Ditto|75/100|[from] Stealth Rock
|-transform|p1a: Ditto|p2a: Kyotaro|[from] ability: Imposter
|move|p2a: Kyotaro|Boomburst|p1a: Ditto
|-damage|p1a: Ditto|14/100
|-damage|p2a: Kyotaro|53/100|[from] item: Life Orb
|
|-heal|p1a: Ditto|20/100|[from] Grassy Terrain
|-heal|p2a: Kyotaro|59/100|[from] Grassy Terrain
|upkeep
|turn|32
|
|t:|1597124388
|switch|p2a: Stark|Kyurem, shiny|12/100
|-ability|p2a: Stark|Pressure
|move|p1a: Ditto|Boomburst|p2a: Stark
|-damage|p2a: Stark|0 fnt
|faint|p2a: Stark
|
|-heal|p1a: Ditto|26/100|[from] Grassy Terrain
|-fieldend|move: Grassy Terrain
|upkeep
|
|t:|1597124402
|switch|p2a: Impaler|Excadrill, M, shiny|76/100
|-ability|p2a: Impaler|Mold Breaker
|turn|33
|
|t:|1597124410
|switch|p1a: Corviknight|Corviknight, F|61/100
|-damage|p1a: Corviknight|48/100|[from] Stealth Rock
|-ability|p1a: Corviknight|Pressure
|move|p2a: Impaler|Earthquake|p1a: Corviknight
|-immune|p1a: Corviknight
|
|-heal|p2a: Impaler|82/100|[from] item: Leftovers
|upkeep
|turn|34
|
|t:|1597124416
|switch|p2a: Kyotaro|Toxtricity, M|59/100
|move|p1a: Corviknight|U-turn|p2a: Kyotaro
|-resisted|p2a: Kyotaro
|-damage|p2a: Kyotaro|48/100
|
|t:|1597124420
|switch|p1a: Ditto|Ditto, shiny|26/100|[from]move: U-turn
|-damage|p1a: Ditto|13/100|[from] Stealth Rock
|-transform|p1a: Ditto|p2a: Kyotaro|[from] ability: Imposter
|
|upkeep
|turn|35
|
|t:|1597124431
|switch|p2a: Amaterasu|Volcarona, M, shiny|76/100
|move|p1a: Ditto|Drain Punch|p2a: Amaterasu
|-resisted|p2a: Amaterasu
|-damage|p2a: Amaterasu|69/100
|-heal|p1a: Ditto|18/100|[from] drain|[of] p2a: Amaterasu
|-status|p1a: Ditto|brn|[from] ability: Flame Body|[of] p2a: Amaterasu
|
|-damage|p1a: Ditto|12/100 brn|[from] brn
|upkeep
|turn|36
|
|t:|1597124437
|switch|p1a: Toxapex|Toxapex, F|72/100
|-damage|p1a: Toxapex|60/100|[from] Stealth Rock
|move|p2a: Amaterasu|Flamethrower|p1a: Toxapex
|-resisted|p1a: Toxapex
|-damage|p1a: Toxapex|45/100
|
|upkeep
|turn|37
|
|t:|1597124443
|move|p2a: Amaterasu|Safeguard|p2a: Amaterasu
|-sidestart|p2: LT71LX Storm|Safeguard
|move|p1a: Toxapex|Scald|p2a: Amaterasu
|-supereffective|p2a: Amaterasu
|-damage|p2a: Amaterasu|43/100
|
|upkeep
|turn|38
|
|t:|1597124453
|switch|p2a: Silhouette|Urshifu, M|100/100
|move|p1a: Toxapex|Recover|p1a: Toxapex
|-heal|p1a: Toxapex|95/100
|
|upkeep
|turn|39
|
|t:|1597124458
|switch|p1a: Clefable|Clefable, M|79/100
|move|p2a: Silhouette|Wicked Blow|p1a: Clefable
|-resisted|p1a: Clefable
|-crit|p1a: Clefable
|-damage|p1a: Clefable|48/100
|-damage|p2a: Silhouette|91/100|[from] item: Life Orb
|
|-heal|p1a: Clefable|54/100|[from] item: Leftovers
|upkeep
|turn|40
|
|t:|1597124463
|move|p2a: Silhouette|Poison Jab|p1a: Clefable
|-supereffective|p1a: Clefable
|-damage|p1a: Clefable|0 fnt
|-damage|p2a: Silhouette|81/100|[from] item: Life Orb
|faint|p1a: Clefable
|
|upkeep
|
|t:|1597124466
|switch|p1a: Toxapex|Toxapex, F|100/100
|-damage|p1a: Toxapex|88/100|[from] Stealth Rock
|turn|41
|
|t:|1597124469
|move|p2a: Silhouette|Bulk Up|p2a: Silhouette
|-boost|p2a: Silhouette|atk|1
|-boost|p2a: Silhouette|def|1
|move|p1a: Toxapex|Recover|p1a: Toxapex
|-heal|p1a: Toxapex|100/100
|
|-sideend|p2: LT71LX Storm|Safeguard
|upkeep
|turn|42
|
|t:|1597124471
|move|p2a: Silhouette|Wicked Blow|p1a: Toxapex
|-crit|p1a: Toxapex
|-damage|p1a: Toxapex|12/100
|-damage|p2a: Silhouette|64/100|[from] item: Rocky Helmet|[of] p1a: Toxapex
|-damage|p2a: Silhouette|54/100|[from] item: Life Orb
|move|p1a: Toxapex|Scald|p2a: Silhouette
|-damage|p2a: Silhouette|33/100
|-status|p2a: Silhouette|brn
|
|-damage|p2a: Silhouette|27/100 brn|[from] brn
|upkeep
|turn|43
|
|t:|1597124475
|switch|p1a: Corviknight|Corviknight, F|48/100
|-damage|p1a: Corviknight|36/100|[from] Stealth Rock
|-ability|p1a: Corviknight|Pressure
|move|p2a: Silhouette|Wicked Blow|p1a: Corviknight
|-crit|p1a: Corviknight
|-damage|p1a: Corviknight|0 fnt
|-damage|p2a: Silhouette|17/100 brn|[from] item: Life Orb
|faint|p1a: Corviknight
|
|-damage|p2a: Silhouette|10/100 brn|[from] brn
|upkeep
|
|t:|1597124477
|switch|p1a: Toxapex|Toxapex, F|45/100
|-damage|p1a: Toxapex|33/100|[from] Stealth Rock
|turn|44
|
|t:|1597124482
|move|p2a: Silhouette|Wicked Blow|p1a: Toxapex
|-crit|p1a: Toxapex
|-damage|p1a: Toxapex|0 fnt
|-damage|p2a: Silhouette|0 fnt|[from] item: Rocky Helmet|[of] p1a: Toxapex
|faint|p1a: Toxapex
|faint|p2a: Silhouette
|
|upkeep
|
|t:|1597124485
|switch|p2a: Kyotaro|Toxtricity, M|48/100
|switch|p1a: Ditto|Ditto, shiny|12/100 brn
|-damage|p1a: Ditto|0 fnt|[from] Stealth Rock
|faint|p1a: Ditto
|
|win|LT71LX Storm
|raw|LT71LX John W's rating: 2125 &rarr; <strong>2103</strong><br />(-22 for losing)
|raw|LT71LX Storm's rating: 2098 &rarr; <strong>2120</strong><br />(+22 for winning)
|c|☆LT71LX Storm|gg man
|l|☆LT71LX John W
|l|+playerW17
|l|☆LT71LX Storm
|l|@Teclis
|j|☆LT71LX John W
|player|p1|LT71LX John W|266
