|raw|<div class="broadcast-blue"><strong>This battle is required to be public due to a player having a name prefixed by 'LT72MS'.</div>
|j|☆relic stone
|j|☆LT72MS Chait
|t:|1597964035
|player|p1|relic stone|lusamine-nihilego|1869
|player|p2|LT72MS Chait|veteran|1921
|teamsize|p1|6
|teamsize|p2|6
|gametype|singles
|gen|8
|tier|[Gen 8] OU
|rated|
|clearpoke
|poke|p1|Rotom-Wash|
|poke|p1|Lucario, M|
|poke|p1|Lycanroc-Dusk, M|
|poke|p1|Golurk|
|poke|p1|Amoonguss, M|
|poke|p1|Togekiss, M|
|poke|p2|Kommo-o, F|
|poke|p2|Mantine, M|
|poke|p2|Aegislash, F|
|poke|p2|Clefable, M|
|poke|p2|Zeraora|
|poke|p2|Kyurem|
|rule|Sleep Clause Mod: Limit one foe put to sleep
|rule|Species Clause: Limit one of each Pokémon
|rule|OHKO Clause: OHKO moves are banned
|rule|Evasion Moves Clause: Evasion moves are banned
|rule|Endless Battle Clause: Forcing endless battles is banned
|rule|HP Percentage Mod: HP is shown in percentages
|rule|Dynamax Clause: You cannot dynamax
|teampreview
|inactive|Battle timer is ON: inactive players will automatically lose when time's up. (requested by LT72MS Chait)
|c|☆relic stone|hf!
|c|☆LT72MS Chait|hf
|
|t:|1597964056
|start
|switch|p1a: Moon Man|Golurk|100/100
|switch|p2a: Kommo-o|Kommo-o, F|100/100
|turn|1
|
|t:|1597964061
|move|p2a: Kommo-o|Stealth Rock|p1a: Moon Man
|-sidestart|p1: relic stone|move: Stealth Rock
|move|p1a: Moon Man|Stealth Rock|p2a: Kommo-o
|-sidestart|p2: LT72MS Chait|move: Stealth Rock
|
|upkeep
|turn|2
|
|t:|1597964063
|move|p2a: Kommo-o|Flamethrower|p1a: Moon Man
|-damage|p1a: Moon Man|72/100
|move|p1a: Moon Man|Poltergeist|p2a: Kommo-o
|-activate|p2a: Kommo-o|move: Poltergeist|Leftovers
|-damage|p2a: Kommo-o|63/100
|
|-heal|p2a: Kommo-o|69/100|[from] item: Leftovers
|upkeep
|turn|3
|
|t:|1597964068
|move|p2a: Kommo-o|Flamethrower|p1a: Moon Man
|-damage|p1a: Moon Man|47/100
|move|p1a: Moon Man|Poltergeist|p2a: Kommo-o
|-activate|p2a: Kommo-o|move: Poltergeist|Leftovers
|-damage|p2a: Kommo-o|29/100
|
|-heal|p2a: Kommo-o|36/100|[from] item: Leftovers
|upkeep
|turn|4
|
|t:|1597964080
|switch|p2a: Mantine|Mantine, M|100/100
|move|p1a: Moon Man|Poltergeist|p2a: Mantine
|-activate|p2a: Mantine|move: Poltergeist|Heavy-Duty Boots
|-damage|p2a: Mantine|32/100
|
|upkeep
|turn|5
|
|t:|1597964084
|move|p1a: Moon Man|Poltergeist|p2a: Mantine
|-activate|p2a: Mantine|move: Poltergeist|Heavy-Duty Boots
|-damage|p2a: Mantine|0 fnt
|faint|p2a: Mantine
|
|upkeep
|
|t:|1597964086
|switch|p2a: Zeraora|Zeraora|100/100
|-damage|p2a: Zeraora|88/100|[from] Stealth Rock
|turn|6
|
|t:|1597964090
|switch|p1a: Fungus|Amoonguss, M|100/100
|-damage|p1a: Fungus|88/100|[from] Stealth Rock
|move|p2a: Zeraora|Grass Knot|p1a: Fungus
|-resisted|p1a: Fungus
|-damage|p1a: Fungus|85/100
|
|-heal|p1a: Fungus|91/100|[from] item: Black Sludge
|upkeep
|turn|7
|
|t:|1597964095
|move|p2a: Zeraora|Volt Switch|p1a: Fungus
|-resisted|p1a: Fungus
|-damage|p1a: Fungus|73/100
|
|t:|1597964096
|switch|p2a: Kommo-o|Kommo-o, F|36/100|[from]move: Volt Switch
|-damage|p2a: Kommo-o|29/100|[from] Stealth Rock
|move|p1a: Fungus|Spore|p2a: Kommo-o
|-immune|p2a: Kommo-o|[from] ability: Overcoat
|
|-heal|p2a: Kommo-o|36/100|[from] item: Leftovers
|-heal|p1a: Fungus|79/100|[from] item: Black Sludge
|upkeep
|turn|8
|
|t:|1597964102
|switch|p1a: Hope|Togekiss, M|100/100
|move|p2a: Kommo-o|Flamethrower|p1a: Hope
|-damage|p1a: Hope|84/100
|
|-heal|p2a: Kommo-o|42/100|[from] item: Leftovers
|upkeep
|turn|9
|
|t:|1597964108
|switch|p2a: Zeraora|Zeraora|88/100
|-damage|p2a: Zeraora|76/100|[from] Stealth Rock
|move|p1a: Hope|Air Slash|p2a: Zeraora
|-resisted|p2a: Zeraora
|-damage|p2a: Zeraora|57/100
|
|upkeep
|turn|10
|
|t:|1597964111
|switch|p1a: Fungus|Amoonguss, M|100/100
|-damage|p1a: Fungus|88/100|[from] Stealth Rock
|move|p2a: Zeraora|Volt Switch|p1a: Fungus
|-resisted|p1a: Fungus
|-damage|p1a: Fungus|68/100
|
|t:|1597964113
|switch|p2a: Kyurem|Kyurem|100/100|[from]move: Volt Switch
|-damage|p2a: Kyurem|76/100|[from] Stealth Rock
|-ability|p2a: Kyurem|Pressure
|
|-heal|p1a: Fungus|74/100|[from] item: Black Sludge
|upkeep
|turn|11
|
|t:|1597964121
|switch|p1a: Moon Man|Golurk|47/100
|-damage|p1a: Moon Man|41/100|[from] Stealth Rock
|move|p2a: Kyurem|Ice Beam|p1a: Moon Man
|-supereffective|p1a: Moon Man
|-damage|p1a: Moon Man|0 fnt
|faint|p1a: Moon Man
|
|upkeep
|
|t:|1597964127
|switch|p1a: Ashura Areson|Lucario, M|100/100
|-damage|p1a: Ashura Areson|98/100|[from] Stealth Rock
|turn|12
|
|t:|1597964132
|move|p2a: Kyurem|Ice Beam|p1a: Ashura Areson
|-resisted|p1a: Ashura Areson
|-damage|p1a: Ashura Areson|39/100
|move|p1a: Ashura Areson|Flash Cannon|p2a: Kyurem
|-supereffective|p2a: Kyurem
|-damage|p2a: Kyurem|0 fnt
|-damage|p1a: Ashura Areson|29/100|[from] item: Life Orb
|faint|p2a: Kyurem
|
|upkeep
|j| sdfghyjuyhgfd
|
|t:|1597964152
|switch|p2a: Zeraora|Zeraora|57/100
|-damage|p2a: Zeraora|44/100|[from] Stealth Rock
|turn|13
|
|t:|1597964156
|move|p1a: Ashura Areson|Vacuum Wave|p2a: Zeraora
|-damage|p2a: Zeraora|10/100
|-damage|p1a: Ashura Areson|19/100|[from] item: Life Orb
|move|p2a: Zeraora|Volt Switch|p1a: Ashura Areson
|-damage|p1a: Ashura Areson|0 fnt
|faint|p1a: Ashura Areson
|j| Jo' Zzzz
|
|t:|1597964175
|switch|p2a: Aegislash|Aegislash, F|100/100|[from]move: Volt Switch
|-damage|p2a: Aegislash|94/100|[from] Stealth Rock
|
|upkeep
|
|t:|1597964180
|switch|p1a: Phantom|Rotom-Wash, shiny|100/100
|-damage|p1a: Phantom|88/100|[from] Stealth Rock
|turn|14
|
|t:|1597964185
|move|p1a: Phantom|Trick|p2a: Aegislash
|-activate|p1a: Phantom|move: Trick|[of] p2a: Aegislash
|-item|p2a: Aegislash|Choice Scarf|[from] move: Trick
|-item|p1a: Phantom|Spell Tag|[from] move: Trick
|-formechange|p2a: Aegislash|Aegislash-Blade||[from] ability: Stance Change
|move|p2a: Aegislash|Shadow Ball|p1a: Phantom
|-damage|p1a: Phantom|26/100
|
|upkeep
|turn|15
|
|t:|1597964190
|move|p2a: Aegislash|Shadow Ball|p1a: Phantom
|-damage|p1a: Phantom|0 fnt
|faint|p1a: Phantom
|
|upkeep
|
|t:|1597964194
|switch|p1a: Hope|Togekiss, M|84/100
|turn|16
|
|t:|1597964198
|switch|p2a: Clefable|Clefable, M|100/100
|move|p1a: Hope|Thunder Wave|p2a: Clefable
|-status|p2a: Clefable|par
|
|upkeep
|turn|17
|
|t:|1597964203
|switch|p2a: Aegislash|Aegislash, F|94/100
|-damage|p2a: Aegislash|88/100|[from] Stealth Rock
|move|p1a: Hope|Air Slash|p2a: Aegislash
|-resisted|p2a: Aegislash
|-damage|p2a: Aegislash|72/100
|
|upkeep
|turn|18
|
|t:|1597964206
|-formechange|p2a: Aegislash|Aegislash-Blade||[from] ability: Stance Change
|move|p2a: Aegislash|Flash Cannon|p1a: Hope
|-supereffective|p1a: Hope
|-damage|p1a: Hope|15/100
|move|p1a: Hope|Thunder Wave|p2a: Aegislash
|-status|p2a: Aegislash|par
|
|upkeep
|turn|19
|
|t:|1597964212
|switch|p2a: Clefable|Clefable, M|100/100 par
|move|p1a: Hope|Air Slash|p2a: Clefable
|-damage|p2a: Clefable|73/100 par
|
|-heal|p2a: Clefable|79/100 par|[from] item: Leftovers
|upkeep
|turn|20
|
|t:|1597964217
|switch|p2a: Aegislash|Aegislash, F|72/100 par
|-damage|p2a: Aegislash|66/100 par|[from] Stealth Rock
|move|p1a: Hope|Air Slash|p2a: Aegislash
|-resisted|p2a: Aegislash
|-damage|p2a: Aegislash|49/100 par
|
|upkeep
|turn|21
|
|t:|1597964219
|cant|p2a: Aegislash|par
|move|p1a: Hope|Roost|p1a: Hope
|-heal|p1a: Hope|65/100
|-singleturn|p1a: Hope|move: Roost
|
|upkeep
|turn|22
|
|t:|1597964223
|move|p1a: Hope|Air Slash|p2a: Aegislash
|-resisted|p2a: Aegislash
|-crit|p2a: Aegislash
|-damage|p2a: Aegislash|25/100 par
|-formechange|p2a: Aegislash|Aegislash-Blade||[from] ability: Stance Change
|move|p2a: Aegislash|Flash Cannon|p1a: Hope
|-supereffective|p1a: Hope
|-damage|p1a: Hope|0 fnt
|faint|p1a: Hope
|
|upkeep
|
|t:|1597964231
|switch|p1a: Ylvis|Lycanroc-Dusk, M|100/100
|-damage|p1a: Ylvis|88/100|[from] Stealth Rock
|turn|23
|
|t:|1597964235
|move|p1a: Ylvis|Accelerock|p2a: Aegislash
|-resisted|p2a: Aegislash
|-damage|p2a: Aegislash|0 fnt
|-damage|p1a: Ylvis|78/100|[from] item: Life Orb
|faint|p2a: Aegislash
|
|upkeep
|
|t:|1597964238
|switch|p2a: Kommo-o|Kommo-o, F|42/100
|-damage|p2a: Kommo-o|36/100|[from] Stealth Rock
|turn|24
|
|t:|1597964241
|move|p1a: Ylvis|Psychic Fangs|p2a: Kommo-o
|-supereffective|p2a: Kommo-o
|-damage|p2a: Kommo-o|0 fnt
|-damage|p1a: Ylvis|68/100|[from] item: Life Orb
|faint|p2a: Kommo-o
|
|upkeep
|
|t:|1597964243
|switch|p2a: Clefable|Clefable, M|79/100 par
|turn|25
|
|t:|1597964245
|cant|p2a: Clefable|par
|move|p1a: Ylvis|Swords Dance|p1a: Ylvis
|-boost|p1a: Ylvis|atk|2
|
|-heal|p2a: Clefable|85/100 par|[from] item: Leftovers
|upkeep
|turn|26
|
|t:|1597964249
|move|p2a: Clefable|Protect|p2a: Clefable
|-singleturn|p2a: Clefable|Protect
|move|p1a: Ylvis|Psychic Fangs|p2a: Clefable
|-activate|p2a: Clefable|move: Protect
|
|-heal|p2a: Clefable|91/100 par|[from] item: Leftovers
|upkeep
|turn|27
|
|t:|1597964252
|move|p1a: Ylvis|Psychic Fangs|p2a: Clefable
|-damage|p2a: Clefable|16/100 par
|-damage|p1a: Ylvis|58/100|[from] item: Life Orb
|move|p2a: Clefable|Moonblast|p1a: Ylvis
|-damage|p1a: Ylvis|4/100
|
|-heal|p2a: Clefable|22/100 par|[from] item: Leftovers
|upkeep
|turn|28
|
|t:|1597964257
|move|p2a: Clefable|Protect|p2a: Clefable
|-singleturn|p2a: Clefable|Protect
|move|p1a: Ylvis|Close Combat|p2a: Clefable
|-activate|p2a: Clefable|move: Protect
|
|-heal|p2a: Clefable|28/100 par|[from] item: Leftovers
|upkeep
|turn|29
|j| Mannat
|-message|LT72MS Chait forfeited.
|
|win|relic stone
|l|☆LT72MS Chait
