|j|☆Run For Me Plz
|j|☆ayevon
|t:|1644527309
|gametype|singles
|player|p1|Run For Me Plz|grimsley-gen7|1717
|player|p2|ayevon|101|1798
|teamsize|p1|6
|teamsize|p2|6
|gen|8
|tier|[Gen 8] OU
|rated|
|rule|Sleep Clause Mod: Limit one foe put to sleep
|rule|Species Clause: Limit one of each Pokémon
|rule|OHKO Clause: OHKO moves are banned
|rule|Evasion Moves Clause: Evasion moves are banned
|rule|Endless Battle Clause: Forcing endless battles is banned
|rule|HP Percentage Mod: HP is shown in percentages
|rule|Dynamax Clause: You cannot dynamax
|clearpoke
|poke|p1|Buzzwole|
|poke|p1|Slowbro, M|
|poke|p1|Nidoking, M|
|poke|p1|Weavile, F|
|poke|p1|Blissey, F|
|poke|p1|Corviknight, F|
|poke|p2|Reuniclus, F|
|poke|p2|Rotom-Wash|
|poke|p2|Ferrothorn, M|
|poke|p2|Dragonite, M|
|poke|p2|Clefable, M|
|poke|p2|Tornadus-Therian, M|
|teampreview
|inactive|Battle timer is ON: inactive players will automatically lose when time's up. (requested by ayevon)
|
|t:|1644527329
|start
|switch|p1a: Agent✔️|Weavile, F, shiny|100/100
|switch|p2a: Clefable|Clefable, M|100/100
|-ability|p1a: Agent✔️|Pressure
|turn|1
|
|t:|1644527332
|move|p1a: Agent✔️|Poison Jab|p2a: Clefable
|-supereffective|p2a: Clefable
|-damage|p2a: Clefable|25/100
|move|p2a: Clefable|Moonblast|p1a: Agent✔️
|-supereffective|p1a: Agent✔️
|-damage|p1a: Agent✔️|7/100
|-unboost|p1a: Agent✔️|spa|1
|
|upkeep
|turn|2
|
|t:|1644527338
|switch|p1a: Happy Feet✔️|Nidoking, M, shiny|100/100
|switch|p2a: Ferrothorn|Ferrothorn, M|100/100
|
|upkeep
|turn|3
|
|t:|1644527352
|switch|p2a: Tornadus|Tornadus-Therian, M|100/100
|move|p1a: Happy Feet✔️|Ice Beam|p2a: Tornadus
|-supereffective|p2a: Tornadus
|-damage|p2a: Tornadus|40/100
|
|upkeep
|turn|4
|
|t:|1644527358
|move|p2a: Tornadus|U-turn|p1a: Happy Feet✔️
|-resisted|p1a: Happy Feet✔️
|-damage|p1a: Happy Feet✔️|91/100
|
|t:|1644527360
|switch|p2a: Rotom|Rotom-Wash|100/100|[from]move: U-turn
|move|p1a: Happy Feet✔️|Sludge Wave|p2a: Rotom
|-damage|p2a: Rotom|40/100
|
|-heal|p2a: Rotom|46/100|[from] item: Leftovers
|upkeep
|turn|5
|
|t:|1644527373
|switch|p1a: Cheater✔️|Blissey, F, shiny|100/100
|switch|p2a: Ferrothorn|Ferrothorn, M|100/100
|
|upkeep
|turn|6
|
|t:|1644527380
|switch|p1a: Happy Feet✔️|Nidoking, M, shiny|91/100
|move|p2a: Ferrothorn|Spikes|p1a: Happy Feet✔️
|-sidestart|p1: Run For Me Plz|Spikes
|
|upkeep
|turn|7
|
|t:|1644527390
|switch|p2a: Tornadus|Tornadus-Therian, M|73/100
|move|p1a: Happy Feet✔️|Flamethrower|p2a: Tornadus
|-damage|p2a: Tornadus|43/100
|
|upkeep
|turn|8
|
|t:|1644527397
|move|p2a: Tornadus|U-turn|p1a: Happy Feet✔️
|-resisted|p1a: Happy Feet✔️
|-damage|p1a: Happy Feet✔️|81/100
|
|t:|1644527402
|switch|p2a: Rotom|Rotom-Wash|46/100|[from]move: U-turn
|move|p1a: Happy Feet✔️|Sludge Wave|p2a: Rotom
|-damage|p2a: Rotom|0 fnt
|faint|p2a: Rotom
|
|upkeep
|
|t:|1644527405
|switch|p2a: Tornadus|Tornadus-Therian, M|76/100
|turn|9
|j| Crowv2
|j| Nesnot
|
|t:|1644527412
|switch|p1a: Cheater✔️|Blissey, F, shiny|100/100
|move|p2a: Tornadus|Knock Off|p1a: Cheater✔️
|-damage|p1a: Cheater✔️|82/100
|-enditem|p1a: Cheater✔️|Heavy-Duty Boots|[from] move: Knock Off|[of] p2a: Tornadus
|
|upkeep
|turn|10
|
|t:|1644527416
|switch|p1a: ParaFullPara✔️|Corviknight, F, shiny|100/100
|-ability|p1a: ParaFullPara✔️|Pressure
|move|p2a: Tornadus|U-turn|p1a: ParaFullPara✔️
|-resisted|p1a: ParaFullPara✔️
|-damage|p1a: ParaFullPara✔️|97/100
|
|t:|1644527421
|switch|p2a: Clefable|Clefable, M|25/100|[from]move: U-turn
|
|-heal|p1a: ParaFullPara✔️|100/100|[from] item: Leftovers
|upkeep
|turn|11
|
|t:|1644527425
|move|p2a: Clefable|Trick|p1a: ParaFullPara✔️
|-activate|p2a: Clefable|move: Trick|[of] p1a: ParaFullPara✔️
|-item|p1a: ParaFullPara✔️|Sticky Barb|[from] move: Trick
|-item|p2a: Clefable|Leftovers|[from] move: Trick
|move|p1a: ParaFullPara✔️|U-turn|p2a: Clefable
|-resisted|p2a: Clefable
|-damage|p2a: Clefable|19/100
|
|t:|1644527431
|switch|p1a: Happy Feet✔️|Nidoking, M, shiny|81/100|[from]move: U-turn
|-damage|p1a: Happy Feet✔️|69/100|[from] Spikes
|
|-heal|p2a: Clefable|25/100|[from] item: Leftovers
|upkeep
|turn|12
|
|t:|1644527436
|switch|p2a: Tornadus|Tornadus-Therian, M|100/100
|move|p1a: Happy Feet✔️|Ice Beam|p2a: Tornadus
|-supereffective|p2a: Tornadus
|-damage|p2a: Tornadus|35/100
|
|upkeep
|turn|13
|
|t:|1644527444
|move|p2a: Tornadus|Hurricane|p1a: Happy Feet✔️
|-damage|p1a: Happy Feet✔️|13/100
|-start|p1a: Happy Feet✔️|confusion
|-activate|p1a: Happy Feet✔️|confusion
|move|p1a: Happy Feet✔️|Ice Beam|p2a: Tornadus
|-supereffective|p2a: Tornadus
|-damage|p2a: Tornadus|0 fnt
|faint|p2a: Tornadus
|
|upkeep
|
|t:|1644527448
|switch|p2a: Reuniclus|Reuniclus, F|100/100
|turn|14
|
|t:|1644527451
|switch|p1a: ParaFullPara✔️|Corviknight, F, shiny|100/100
|-ability|p1a: ParaFullPara✔️|Pressure
|move|p2a: Reuniclus|Calm Mind|p2a: Reuniclus
|-boost|p2a: Reuniclus|spa|1
|-boost|p2a: Reuniclus|spd|1
|
|-damage|p1a: ParaFullPara✔️|88/100|[from] item: Sticky Barb
|upkeep
|turn|15
|
|t:|1644527456
|switch|p2a: Clefable|Clefable, M|25/100
|move|p1a: ParaFullPara✔️|Defog|p2a: Clefable
|-unboost|p2a: Clefable|evasion|1
|-sideend|p1: Run For Me Plz|Spikes|[from] move: Defog|[of] p1a: ParaFullPara✔️
|
|-heal|p2a: Clefable|31/100|[from] item: Leftovers
|-damage|p1a: ParaFullPara✔️|75/100|[from] item: Sticky Barb
|upkeep
|turn|16
|
|t:|1644527461
|move|p2a: Clefable|Moonblast|p1a: ParaFullPara✔️
|-resisted|p1a: ParaFullPara✔️
|-damage|p1a: ParaFullPara✔️|64/100
|move|p1a: ParaFullPara✔️|U-turn|p2a: Clefable
|-resisted|p2a: Clefable
|-damage|p2a: Clefable|25/100
|
|t:|1644527465
|switch|p1a: Happy Feet✔️|Nidoking, M, shiny|13/100|[from]move: U-turn
|
|-heal|p2a: Clefable|31/100|[from] item: Leftovers
|upkeep
|turn|17
|j| yuy
|
|t:|1644527475
|switch|p2a: Ferrothorn|Ferrothorn, M|100/100
|move|p1a: Happy Feet✔️|Sludge Wave|p2a: Ferrothorn
|-immune|p2a: Ferrothorn
|
|upkeep
|turn|18
|
|t:|1644527486
|switch|p2a: Reuniclus|Reuniclus, F|100/100
|move|p1a: Happy Feet✔️|Flamethrower|p2a: Reuniclus
|-damage|p2a: Reuniclus|62/100
|
|-heal|p2a: Reuniclus|68/100|[from] item: Leftovers
|upkeep
|turn|19
|
|t:|1644527490
|switch|p1a: ParaFullPara✔️|Corviknight, F, shiny|64/100
|-ability|p1a: ParaFullPara✔️|Pressure
|move|p2a: Reuniclus|Stored Power|p1a: ParaFullPara✔️
|-resisted|p1a: ParaFullPara✔️
|-damage|p1a: ParaFullPara✔️|61/100
|
|-heal|p2a: Reuniclus|74/100|[from] item: Leftovers
|-damage|p1a: ParaFullPara✔️|49/100|[from] item: Sticky Barb
|upkeep
|turn|20
|l|☆Run For Me Plz
|inactive|Run For Me Plz disconnected and has a minute to reconnect!
|player|p1|
|
|t:|1644527497
|move|p1a: ParaFullPara✔️|U-turn|p2a: Reuniclus
|-supereffective|p2a: Reuniclus
|-damage|p2a: Reuniclus|53/100
|j|☆Run For Me Plz
|inactive|Run For Me Plz reconnected and has 130 seconds left.
|player|p1|Run For Me Plz|grimsley-gen7
|inactive|Run For Me Plz has 120 seconds left.
|
|t:|1644527534
|switch|p1a: Red✔️|Buzzwole|100/100|[from]move: U-turn
|move|p2a: Reuniclus|Recover|p2a: Reuniclus
|-heal|p2a: Reuniclus|100/100
|
|upkeep
|turn|21
|inactive|Run For Me Plz has 120 seconds left.
|
|t:|1644527548
|switch|p1a: Cheater✔️|Blissey, F, shiny|82/100
|move|p2a: Reuniclus|Acid Armor|p2a: Reuniclus
|-boost|p2a: Reuniclus|def|2
|
|upkeep
|turn|22
|
|t:|1644527558
|move|p1a: Cheater✔️|Toxic|p2a: Reuniclus
|-status|p2a: Reuniclus|tox
|move|p2a: Reuniclus|Acid Armor|p2a: Reuniclus
|-boost|p2a: Reuniclus|def|2
|
|upkeep
|turn|23
|
|t:|1644527562
|move|p1a: Cheater✔️|Seismic Toss|p2a: Reuniclus
|-damage|p2a: Reuniclus|77/100 tox
|move|p2a: Reuniclus|Calm Mind|p2a: Reuniclus
|-boost|p2a: Reuniclus|spa|1
|-boost|p2a: Reuniclus|spd|1
|
|-heal|p2a: Reuniclus|83/100 tox|[from] item: Leftovers
|upkeep
|turn|24
|
|t:|1644527565
|move|p1a: Cheater✔️|Seismic Toss|p2a: Reuniclus
|-damage|p2a: Reuniclus|59/100 tox
|move|p2a: Reuniclus|Calm Mind|p2a: Reuniclus
|-boost|p2a: Reuniclus|spa|1
|-boost|p2a: Reuniclus|spd|1
|
|-heal|p2a: Reuniclus|66/100 tox|[from] item: Leftovers
|upkeep
|turn|25
|
|t:|1644527568
|switch|p1a: Agent✔️|Weavile, F, shiny|7/100
|-ability|p1a: Agent✔️|Pressure
|move|p2a: Reuniclus|Recover|p2a: Reuniclus
|-heal|p2a: Reuniclus|100/100 tox
|
|upkeep
|turn|26
|
|t:|1644527575
|move|p1a: Agent✔️|Poison Jab|p2a: Reuniclus
|-damage|p2a: Reuniclus|91/100 tox
|move|p2a: Reuniclus|Stored Power|p1a: Agent✔️
|-immune|p1a: Agent✔️
|
|-heal|p2a: Reuniclus|97/100 tox|[from] item: Leftovers
|upkeep
|turn|27
|
|t:|1644527604
|move|p1a: Agent✔️|Poison Jab|p2a: Reuniclus
|-damage|p2a: Reuniclus|87/100 tox
|move|p2a: Reuniclus|Calm Mind|p2a: Reuniclus
|-boost|p2a: Reuniclus|spa|1
|-boost|p2a: Reuniclus|spd|1
|
|-heal|p2a: Reuniclus|93/100 tox|[from] item: Leftovers
|upkeep
|turn|28
|
|t:|1644527607
|switch|p2a: Ferrothorn|Ferrothorn, M|100/100
|move|p1a: Agent✔️|Poison Jab|p2a: Ferrothorn
|-immune|p2a: Ferrothorn
|
|upkeep
|turn|29
|l| Nesnot
|inactive|Run For Me Plz has 120 seconds left.
|
|t:|1644527643
|switch|p1a: Nestle✔️|Slowbro, M, shiny|100/100
|move|p2a: Ferrothorn|Spikes|p1a: Nestle✔️
|-sidestart|p1: Run For Me Plz|Spikes
|
|upkeep
|turn|30
|inactive|ayevon has 120 seconds left.
|
|t:|1644527676
|switch|p2a: Clefable|Clefable, M|31/100
|move|p1a: Nestle✔️|Teleport|p1a: Nestle✔️
|inactive|Run For Me Plz has 120 seconds left.
|j| DrChriz
|c| DrChriz|You aren't people
|
|t:|1644527711
|switch|p1a: ParaFullPara✔️|Corviknight, F, shiny|49/100|[from]move: Teleport
|-ability|p1a: ParaFullPara✔️|Pressure
|
|-heal|p2a: Clefable|37/100|[from] item: Leftovers
|-damage|p1a: ParaFullPara✔️|36/100|[from] item: Sticky Barb
|upkeep
|turn|31
|j| afduihidsuhfiuhds
|
|t:|1644527723
|move|p2a: Clefable|Soft-Boiled|p2a: Clefable
|-heal|p2a: Clefable|87/100
|move|p1a: ParaFullPara✔️|Roost|p1a: ParaFullPara✔️
|-heal|p1a: ParaFullPara✔️|86/100
|-singleturn|p1a: ParaFullPara✔️|move: Roost
|
|-heal|p2a: Clefable|93/100|[from] item: Leftovers
|-damage|p1a: ParaFullPara✔️|74/100|[from] item: Sticky Barb
|upkeep
|turn|32
|c| DrChriz|Hahahahaha
|inactive|Run For Me Plz has 90 seconds left.
|
|t:|1644527757
|move|p2a: Clefable|Moonblast|p1a: ParaFullPara✔️
|-resisted|p1a: ParaFullPara✔️
|-damage|p1a: ParaFullPara✔️|63/100
|move|p1a: ParaFullPara✔️|Defog|p2a: Clefable
|-unboost|p2a: Clefable|evasion|1
|-sideend|p1: Run For Me Plz|Spikes|[from] move: Defog|[of] p1a: ParaFullPara✔️
|
|-heal|p2a: Clefable|99/100|[from] item: Leftovers
|-damage|p1a: ParaFullPara✔️|50/100|[from] item: Sticky Barb
|upkeep
|turn|33
|
|t:|1644527766
|move|p2a: Clefable|Stealth Rock|p1a: ParaFullPara✔️
|-sidestart|p1: Run For Me Plz|move: Stealth Rock
|move|p1a: ParaFullPara✔️|U-turn|p2a: Clefable
|-resisted|p2a: Clefable
|-damage|p2a: Clefable|92/100
|inactive|Run For Me Plz has 90 seconds left.
|l| DrChriz
|
|t:|1644527784
|switch|p1a: Nestle✔️|Slowbro, M, shiny|100/100|[from]move: U-turn
|-damage|p1a: Nestle✔️|88/100|[from] Stealth Rock
|
|-heal|p2a: Clefable|98/100|[from] item: Leftovers
|upkeep
|turn|34
|
|t:|1644527795
|switch|p2a: Reuniclus|Reuniclus, F|93/100 tox
|move|p1a: Nestle✔️|Future Sight|p2a: Reuniclus
|-start|p1a: Nestle✔️|move: Future Sight
|
|-heal|p2a: Reuniclus|99/100 tox|[from] item: Leftovers
|upkeep
|turn|35
|inactive|Run For Me Plz has 90 seconds left.
|
|t:|1644527828
|switch|p2a: Ferrothorn|Ferrothorn, M|100/100
|move|p1a: Nestle✔️|Teleport|p1a: Nestle✔️
|
|t:|1644527831
|switch|p1a: ParaFullPara✔️|Corviknight, F, shiny|50/100|[from]move: Teleport
|-damage|p1a: ParaFullPara✔️|38/100|[from] Stealth Rock
|-ability|p1a: ParaFullPara✔️|Pressure
|
|-damage|p1a: ParaFullPara✔️|25/100|[from] item: Sticky Barb
|upkeep
|turn|36
|
|t:|1644527839
|move|p1a: ParaFullPara✔️|Roost|p1a: ParaFullPara✔️
|-heal|p1a: ParaFullPara✔️|75/100
|-singleturn|p1a: ParaFullPara✔️|move: Roost
|move|p2a: Ferrothorn|Leech Seed|p1a: ParaFullPara✔️
|-start|p1a: ParaFullPara✔️|move: Leech Seed
|
|-end|p2a: Ferrothorn|move: Future Sight
|-resisted|p2a: Ferrothorn
|-damage|p2a: Ferrothorn|83/100
|-damage|p1a: ParaFullPara✔️|63/100|[from] Leech Seed|[of] p2a: Ferrothorn
|-heal|p2a: Ferrothorn|98/100|[silent]
|-damage|p1a: ParaFullPara✔️|50/100|[from] item: Sticky Barb
|upkeep
|turn|37
|
|t:|1644527843
|move|p1a: ParaFullPara✔️|Defog|p2a: Ferrothorn
|-unboost|p2a: Ferrothorn|evasion|1
|-sideend|p1: Run For Me Plz|Stealth Rock|[from] move: Defog|[of] p1a: ParaFullPara✔️
|move|p2a: Ferrothorn|Spikes|p1a: ParaFullPara✔️
|-sidestart|p1: Run For Me Plz|Spikes
|
|-damage|p1a: ParaFullPara✔️|38/100|[from] Leech Seed|[of] p2a: Ferrothorn
|-heal|p2a: Ferrothorn|100/100|[silent]
|-damage|p1a: ParaFullPara✔️|25/100|[from] item: Sticky Barb
|upkeep
|turn|38
|j| Bidolf
|
|t:|1644527857
|move|p1a: ParaFullPara✔️|Roost|p1a: ParaFullPara✔️
|-heal|p1a: ParaFullPara✔️|75/100
|-singleturn|p1a: ParaFullPara✔️|move: Roost
|move|p2a: Ferrothorn|Spikes|p1a: ParaFullPara✔️
|-sidestart|p1: Run For Me Plz|Spikes
|
|-damage|p1a: ParaFullPara✔️|63/100|[from] Leech Seed|[of] p2a: Ferrothorn
|-damage|p1a: ParaFullPara✔️|50/100|[from] item: Sticky Barb
|upkeep
|turn|39
|
|t:|1644527863
|move|p1a: ParaFullPara✔️|Roost|p1a: ParaFullPara✔️
|-heal|p1a: ParaFullPara✔️|100/100
|-singleturn|p1a: ParaFullPara✔️|move: Roost
|move|p2a: Ferrothorn|Spikes|p1a: ParaFullPara✔️
|-sidestart|p1: Run For Me Plz|Spikes
|
|-damage|p1a: ParaFullPara✔️|88/100|[from] Leech Seed|[of] p2a: Ferrothorn
|-damage|p1a: ParaFullPara✔️|75/100|[from] item: Sticky Barb
|upkeep
|turn|40
|
|t:|1644527866
|move|p1a: ParaFullPara✔️|Defog|p2a: Ferrothorn
|-unboost|p2a: Ferrothorn|evasion|1
|-sideend|p1: Run For Me Plz|Spikes|[from] move: Defog|[of] p1a: ParaFullPara✔️
|move|p2a: Ferrothorn|Spikes|p1a: ParaFullPara✔️
|-sidestart|p1: Run For Me Plz|Spikes
|
|-damage|p1a: ParaFullPara✔️|63/100|[from] Leech Seed|[of] p2a: Ferrothorn
|-damage|p1a: ParaFullPara✔️|50/100|[from] item: Sticky Barb
|upkeep
|turn|41
|
|t:|1644527870
|switch|p2a: Clefable|Clefable, M|98/100
|move|p1a: ParaFullPara✔️|Roost|p1a: ParaFullPara✔️
|-heal|p1a: ParaFullPara✔️|100/100
|-singleturn|p1a: ParaFullPara✔️|move: Roost
|
|-heal|p2a: Clefable|100/100|[from] item: Leftovers
|-damage|p1a: ParaFullPara✔️|88/100|[from] Leech Seed|[of] p2a: Clefable
|-damage|p1a: ParaFullPara✔️|75/100|[from] item: Sticky Barb
|upkeep
|turn|42
|
|t:|1644527873
|move|p2a: Clefable|Moonblast|p1a: ParaFullPara✔️
|-resisted|p1a: ParaFullPara✔️
|-damage|p1a: ParaFullPara✔️|65/100
|-unboost|p1a: ParaFullPara✔️|spa|1
|move|p1a: ParaFullPara✔️|Defog|p2a: Clefable
|-unboost|p2a: Clefable|evasion|1
|-sideend|p1: Run For Me Plz|Spikes|[from] move: Defog|[of] p1a: ParaFullPara✔️
|
|-damage|p1a: ParaFullPara✔️|52/100|[from] Leech Seed|[of] p2a: Clefable
|-damage|p1a: ParaFullPara✔️|40/100|[from] item: Sticky Barb
|upkeep
|turn|43
|l| Bidolf
|
|t:|1644527879
|move|p2a: Clefable|Stealth Rock|p1a: ParaFullPara✔️
|-sidestart|p1: Run For Me Plz|move: Stealth Rock
|move|p1a: ParaFullPara✔️|U-turn|p2a: Clefable
|-resisted|p2a: Clefable
|-damage|p2a: Clefable|94/100
|
|t:|1644527881
|switch|p1a: Nestle✔️|Slowbro, M, shiny|100/100|[from]move: U-turn
|-damage|p1a: Nestle✔️|88/100|[from] Stealth Rock
|
|-heal|p2a: Clefable|99/100|[from] item: Leftovers
|upkeep
|turn|44
|
|t:|1644527893
|switch|p2a: Reuniclus|Reuniclus, F|99/100 tox
|move|p1a: Nestle✔️|Teleport|p1a: Nestle✔️
|
|t:|1644527896
|switch|p1a: ParaFullPara✔️|Corviknight, F, shiny|40/100|[from]move: Teleport
|-damage|p1a: ParaFullPara✔️|27/100|[from] Stealth Rock
|-ability|p1a: ParaFullPara✔️|Pressure
|
|-heal|p2a: Reuniclus|100/100 tox|[from] item: Leftovers
|-damage|p1a: ParaFullPara✔️|15/100|[from] item: Sticky Barb
|upkeep
|turn|45
|
|t:|1644527909
|switch|p2a: Ferrothorn|Ferrothorn, M|100/100
|move|p1a: ParaFullPara✔️|Roost|p1a: ParaFullPara✔️
|-heal|p1a: ParaFullPara✔️|65/100
|-singleturn|p1a: ParaFullPara✔️|move: Roost
|
|-damage|p1a: ParaFullPara✔️|52/100|[from] item: Sticky Barb
|upkeep
|turn|46
|
|t:|1644527921
|move|p1a: ParaFullPara✔️|Roost|p1a: ParaFullPara✔️
|-heal|p1a: ParaFullPara✔️|100/100
|-singleturn|p1a: ParaFullPara✔️|move: Roost
|move|p2a: Ferrothorn|Leech Seed|p1a: ParaFullPara✔️
|-start|p1a: ParaFullPara✔️|move: Leech Seed
|
|-damage|p1a: ParaFullPara✔️|88/100|[from] Leech Seed|[of] p2a: Ferrothorn
|-damage|p1a: ParaFullPara✔️|75/100|[from] item: Sticky Barb
|upkeep
|turn|47
|
|t:|1644527929
|move|p1a: ParaFullPara✔️|Defog|p2a: Ferrothorn
|-unboost|p2a: Ferrothorn|evasion|1
|-sideend|p1: Run For Me Plz|Stealth Rock|[from] move: Defog|[of] p1a: ParaFullPara✔️
|move|p2a: Ferrothorn|Spikes|p1a: ParaFullPara✔️
|-sidestart|p1: Run For Me Plz|Spikes
|
|-damage|p1a: ParaFullPara✔️|63/100|[from] Leech Seed|[of] p2a: Ferrothorn
|-damage|p1a: ParaFullPara✔️|50/100|[from] item: Sticky Barb
|upkeep
|turn|48
|
|t:|1644527934
|move|p1a: ParaFullPara✔️|Roost|p1a: ParaFullPara✔️
|-heal|p1a: ParaFullPara✔️|100/100
|-singleturn|p1a: ParaFullPara✔️|move: Roost
|move|p2a: Ferrothorn|Spikes|p1a: ParaFullPara✔️
|-sidestart|p1: Run For Me Plz|Spikes
|
|-damage|p1a: ParaFullPara✔️|88/100|[from] Leech Seed|[of] p2a: Ferrothorn
|-damage|p1a: ParaFullPara✔️|75/100|[from] item: Sticky Barb
|upkeep
|turn|49
|
|t:|1644527940
|switch|p1a: Nestle✔️|Slowbro, M, shiny|100/100
|-damage|p1a: Nestle✔️|84/100|[from] Spikes
|move|p2a: Ferrothorn|Gyro Ball|p1a: Nestle✔️
|-resisted|p1a: Nestle✔️
|-damage|p1a: Nestle✔️|80/100
|-damage|p2a: Ferrothorn|84/100|[from] item: Rocky Helmet|[of] p1a: Nestle✔️
|
|upkeep
|turn|50
|
|t:|1644527952
|switch|p2a: Clefable|Clefable, M|99/100
|move|p1a: Nestle✔️|Scald|p2a: Clefable
|-damage|p2a: Clefable|78/100
|-status|p2a: Clefable|brn
|
|-heal|p2a: Clefable|84/100 brn|[from] item: Leftovers
|upkeep
|turn|51
|
|t:|1644527962
|move|p2a: Clefable|Stealth Rock|p1a: Nestle✔️
|-sidestart|p1: Run For Me Plz|move: Stealth Rock
|move|p1a: Nestle✔️|Teleport|p1a: Nestle✔️
|
|t:|1644527963
|switch|p1a: ParaFullPara✔️|Corviknight, F, shiny|75/100|[from]move: Teleport
|-damage|p1a: ParaFullPara✔️|63/100|[from] Stealth Rock
|-ability|p1a: ParaFullPara✔️|Pressure
|
|-heal|p2a: Clefable|90/100 brn|[from] item: Leftovers
|-damage|p1a: ParaFullPara✔️|50/100|[from] item: Sticky Barb
|upkeep
|turn|52
|
|t:|1644527968
|move|p2a: Clefable|Moonblast|p1a: ParaFullPara✔️
|-resisted|p1a: ParaFullPara✔️
|-damage|p1a: ParaFullPara✔️|39/100
|move|p1a: ParaFullPara✔️|Defog|p2a: Clefable
|-unboost|p2a: Clefable|evasion|1
|-sideend|p1: Run For Me Plz|Spikes|[from] move: Defog|[of] p1a: ParaFullPara✔️
|-sideend|p1: Run For Me Plz|Stealth Rock|[from] move: Defog|[of] p1a: ParaFullPara✔️
|
|-heal|p2a: Clefable|96/100 brn|[from] item: Leftovers
|-damage|p1a: ParaFullPara✔️|27/100|[from] item: Sticky Barb
|upkeep
|turn|53
|
|t:|1644527971
|move|p2a: Clefable|Stealth Rock|p1a: ParaFullPara✔️
|-sidestart|p1: Run For Me Plz|move: Stealth Rock
|move|p1a: ParaFullPara✔️|Roost|p1a: ParaFullPara✔️
|-heal|p1a: ParaFullPara✔️|77/100
|-singleturn|p1a: ParaFullPara✔️|move: Roost
|
|-heal|p2a: Clefable|100/100 brn|[from] item: Leftovers
|-damage|p1a: ParaFullPara✔️|64/100|[from] item: Sticky Barb
|upkeep
|turn|54
|
|t:|1644527983
|move|p2a: Clefable|Moonblast|p1a: ParaFullPara✔️
|-resisted|p1a: ParaFullPara✔️
|-damage|p1a: ParaFullPara✔️|54/100
|move|p1a: ParaFullPara✔️|Defog|p2a: Clefable
|-unboost|p2a: Clefable|evasion|1
|-sideend|p1: Run For Me Plz|Stealth Rock|[from] move: Defog|[of] p1a: ParaFullPara✔️
|
|-damage|p1a: ParaFullPara✔️|41/100|[from] item: Sticky Barb
|upkeep
|turn|55
|
|t:|1644527990
|move|p2a: Clefable|Stealth Rock|p1a: ParaFullPara✔️
|-sidestart|p1: Run For Me Plz|move: Stealth Rock
|move|p1a: ParaFullPara✔️|Roost|p1a: ParaFullPara✔️
|-heal|p1a: ParaFullPara✔️|91/100
|-singleturn|p1a: ParaFullPara✔️|move: Roost
|
|-damage|p1a: ParaFullPara✔️|79/100|[from] item: Sticky Barb
|upkeep
|turn|56
|
|t:|1644527992
|switch|p2a: Ferrothorn|Ferrothorn, M|84/100
|move|p1a: ParaFullPara✔️|Defog|p2a: Ferrothorn
|-unboost|p2a: Ferrothorn|evasion|1
|-sideend|p1: Run For Me Plz|Stealth Rock|[from] move: Defog|[of] p1a: ParaFullPara✔️
|
|-damage|p1a: ParaFullPara✔️|66/100|[from] item: Sticky Barb
|upkeep
|turn|57
|
|t:|1644527996
|switch|p1a: Nestle✔️|Slowbro, M, shiny|100/100
|move|p2a: Ferrothorn|Spikes|p1a: Nestle✔️
|-sidestart|p1: Run For Me Plz|Spikes
|
|upkeep
|turn|58
|
|t:|1644527999
|switch|p2a: Clefable|Clefable, M|100/100 brn
|move|p1a: Nestle✔️|Scald|p2a: Clefable
|-damage|p2a: Clefable|79/100 brn
|
|-heal|p2a: Clefable|85/100 brn|[from] item: Leftovers
|upkeep
|turn|59
|
|t:|1644528005
|move|p2a: Clefable|Stealth Rock|p1a: Nestle✔️
|-sidestart|p1: Run For Me Plz|move: Stealth Rock
|move|p1a: Nestle✔️|Future Sight|p2a: Clefable
|-start|p1a: Nestle✔️|move: Future Sight
|
|-heal|p2a: Clefable|91/100 brn|[from] item: Leftovers
|upkeep
|turn|60
|
|t:|1644528008
|move|p2a: Clefable|Moonblast|p1a: Nestle✔️
|-damage|p1a: Nestle✔️|70/100
|move|p1a: Nestle✔️|Teleport|p1a: Nestle✔️
|
|t:|1644528010
|switch|p1a: ParaFullPara✔️|Corviknight, F, shiny|66/100|[from]move: Teleport
|-damage|p1a: ParaFullPara✔️|54/100|[from] Stealth Rock
|-ability|p1a: ParaFullPara✔️|Pressure
|
|-heal|p2a: Clefable|97/100 brn|[from] item: Leftovers
|-damage|p1a: ParaFullPara✔️|41/100|[from] item: Sticky Barb
|upkeep
|turn|61
|
|t:|1644528014
|move|p2a: Clefable|Moonblast|p1a: ParaFullPara✔️
|-resisted|p1a: ParaFullPara✔️
|-damage|p1a: ParaFullPara✔️|30/100
|-unboost|p1a: ParaFullPara✔️|spa|1
|move|p1a: ParaFullPara✔️|Defog|p2a: Clefable
|-unboost|p2a: Clefable|evasion|1
|-sideend|p1: Run For Me Plz|Spikes|[from] move: Defog|[of] p1a: ParaFullPara✔️
|-sideend|p1: Run For Me Plz|Stealth Rock|[from] move: Defog|[of] p1a: ParaFullPara✔️
|
|-end|p2a: Clefable|move: Future Sight
|-damage|p2a: Clefable|64/100 brn
|-heal|p2a: Clefable|71/100 brn|[from] item: Leftovers
|-damage|p1a: ParaFullPara✔️|18/100|[from] item: Sticky Barb
|upkeep
|turn|62
|
|t:|1644528018
|move|p2a: Clefable|Soft-Boiled|p2a: Clefable
|-heal|p2a: Clefable|100/100 brn
|move|p1a: ParaFullPara✔️|Roost|p1a: ParaFullPara✔️
|-heal|p1a: ParaFullPara✔️|68/100
|-singleturn|p1a: ParaFullPara✔️|move: Roost
|
|-damage|p1a: ParaFullPara✔️|55/100|[from] item: Sticky Barb
|upkeep
|turn|63
|
|t:|1644528021
|move|p2a: Clefable|Moonblast|p1a: ParaFullPara✔️
|-resisted|p1a: ParaFullPara✔️
|-damage|p1a: ParaFullPara✔️|45/100
|move|p1a: ParaFullPara✔️|Roost|p1a: ParaFullPara✔️
|-heal|p1a: ParaFullPara✔️|95/100
|-singleturn|p1a: ParaFullPara✔️|move: Roost
|
|-damage|p1a: ParaFullPara✔️|82/100|[from] item: Sticky Barb
|upkeep
|turn|64
|
|t:|1644528023
|move|p2a: Clefable|Stealth Rock|p1a: ParaFullPara✔️
|-sidestart|p1: Run For Me Plz|move: Stealth Rock
|move|p1a: ParaFullPara✔️|Brave Bird|p2a: Clefable
|-damage|p2a: Clefable|66/100 brn
|-damage|p1a: ParaFullPara✔️|71/100|[from] Recoil
|
|-heal|p2a: Clefable|72/100 brn|[from] item: Leftovers
|-damage|p1a: ParaFullPara✔️|58/100|[from] item: Sticky Barb
|upkeep
|turn|65
|
|t:|1644528028
|move|p2a: Clefable|Moonblast|p1a: ParaFullPara✔️
|-resisted|p1a: ParaFullPara✔️
|-damage|p1a: ParaFullPara✔️|48/100
|move|p1a: ParaFullPara✔️|Defog|p2a: Clefable
|-unboost|p2a: Clefable|evasion|1
|-sideend|p1: Run For Me Plz|Stealth Rock|[from] move: Defog|[of] p1a: ParaFullPara✔️
|
|-heal|p2a: Clefable|78/100 brn|[from] item: Leftovers
|-damage|p1a: ParaFullPara✔️|35/100|[from] item: Sticky Barb
|upkeep
|turn|66
|
|t:|1644528032
|move|p2a: Clefable|Stealth Rock|p1a: ParaFullPara✔️
|-sidestart|p1: Run For Me Plz|move: Stealth Rock
|move|p1a: ParaFullPara✔️|Defog|p2a: Clefable
|-unboost|p2a: Clefable|evasion|1
|-sideend|p1: Run For Me Plz|Stealth Rock|[from] move: Defog|[of] p1a: ParaFullPara✔️
|
|-heal|p2a: Clefable|85/100 brn|[from] item: Leftovers
|-damage|p1a: ParaFullPara✔️|23/100|[from] item: Sticky Barb
|upkeep
|turn|67
|
|t:|1644528036
|move|p2a: Clefable|Stealth Rock|p1a: ParaFullPara✔️
|-sidestart|p1: Run For Me Plz|move: Stealth Rock
|move|p1a: ParaFullPara✔️|Defog|p2a: Clefable
|-unboost|p2a: Clefable|evasion|1
|-sideend|p1: Run For Me Plz|Stealth Rock|[from] move: Defog|[of] p1a: ParaFullPara✔️
|
|-heal|p2a: Clefable|91/100 brn|[from] item: Leftovers
|-damage|p1a: ParaFullPara✔️|10/100|[from] item: Sticky Barb
|upkeep
|turn|68
|
|t:|1644528041
|switch|p2a: Reuniclus|Reuniclus, F|100/100 tox
|move|p1a: ParaFullPara✔️|Defog|p2a: Reuniclus
|-unboost|p2a: Reuniclus|evasion|1
|
|-damage|p1a: ParaFullPara✔️|0 fnt|[from] item: Sticky Barb
|faint|p1a: ParaFullPara✔️
|upkeep
|
|t:|1644528046
|switch|p1a: Agent✔️|Weavile, F, shiny|7/100
|-ability|p1a: Agent✔️|Pressure
|turn|69
|
|t:|1644528050
|move|p1a: Agent✔️|Knock Off|p2a: Reuniclus
|-supereffective|p2a: Reuniclus
|-damage|p2a: Reuniclus|0 fnt
|-enditem|p2a: Reuniclus|Leftovers|[from] move: Knock Off|[of] p1a: Agent✔️
|faint|p2a: Reuniclus
|
|upkeep
|
|t:|1644528055
|switch|p2a: Ferrothorn|Ferrothorn, M|84/100
|turn|70
|j| Swamprattata
|
|t:|1644528060
|move|p1a: Agent✔️|Knock Off|p2a: Ferrothorn
|-damage|p2a: Ferrothorn|38/100
|-damage|p1a: Agent✔️|0 fnt|[from] ability: Iron Barbs|[of] p2a: Ferrothorn
|faint|p1a: Agent✔️
|move|p2a: Ferrothorn|Spikes|p1: Agent✔️
|-sidestart|p1: Run For Me Plz|Spikes
|
|upkeep
|
|t:|1644528064
|switch|p1a: Happy Feet✔️|Nidoking, M, shiny|13/100
|-damage|p1a: Happy Feet✔️|1/100|[from] Spikes
|turn|71
|
|t:|1644528069
|switch|p2a: Dragonite|Dragonite, M|100/100
|move|p1a: Happy Feet✔️|Flamethrower|p2a: Dragonite
|-resisted|p2a: Dragonite
|-damage|p2a: Dragonite|91/100
|
|upkeep
|turn|72
|
|t:|1644528072
|switch|p2a: Clefable|Clefable, M|91/100 brn
|move|p1a: Happy Feet✔️|Ice Beam|p2a: Clefable
|-damage|p2a: Clefable|57/100 brn
|
|-heal|p2a: Clefable|63/100 brn|[from] item: Leftovers
|upkeep
|turn|73
|-message|ayevon forfeited.
|
|win|Run For Me Plz
|raw|Run For Me Plz's rating: 1717 &rarr; <strong>1742</strong><br />(+25 for winning)
|raw|ayevon's rating: 1798 &rarr; <strong>1773</strong><br />(-25 for losing)
|l|☆ayevon
|l| Swamprattata
|l|☆Run For Me Plz
|l| afduihidsuhfiuhds
||Ladder isn't responding, score probably updated but might not have (Request timeout).
