|j|☆xqiht
|j|☆Elite4Donovan
|t:|1658897693
|gametype|singles
|player|p1|xqiht|elesa-gen5bw2|1559
|player|p2|Elite4Donovan|lucas|1745
|teamsize|p1|6
|teamsize|p2|6
|gen|8
|tier|[Gen 8] OU
|rated|
|rule|Sleep Clause Mod: Limit one foe put to sleep
|rule|Species Clause: Limit one of each Pokémon
|rule|OHKO Clause: OHKO moves are banned
|rule|Evasion Moves Clause: Evasion moves are banned
|rule|Endless Battle Clause: Forcing endless battles is banned
|rule|HP Percentage Mod: HP is shown in percentages
|rule|Dynamax Clause: You cannot dynamax
|clearpoke
|poke|p1|Slowking, M|
|poke|p1|Volcanion|
|poke|p1|Pelipper, M|
|poke|p1|Barraskewda, F|
|poke|p1|Zapdos|
|poke|p1|Seismitoad, F|
|poke|p2|Lilligant, F|
|poke|p2|Magnezone|
|poke|p2|Garchomp, F|
|poke|p2|Mandibuzz, F|
|poke|p2|Buzzwole|
|poke|p2|Tapu Lele|
|teampreview
|
|t:|1658897712
|start
|switch|p1a: POTUS|Pelipper, M|100/100
|switch|p2a: Garchomp|Garchomp, F|100/100
|-weather|RainDance|[from] ability: Drizzle|[of] p1a: POTUS
|turn|1
|
|t:|1658897725
|move|p2a: Garchomp|Draco Meteor|p1a: POTUS
|-damage|p1a: POTUS|16/100
|-unboost|p2a: Garchomp|spa|2
|-damage|p2a: Garchomp|91/100|[from] item: Life Orb
|move|p1a: POTUS|U-turn|p2a: Garchomp
|-damage|p2a: Garchomp|82/100
|-damage|p1a: POTUS|4/100|[from] ability: Rough Skin|[of] p2a: Garchomp
|c|☆xqiht|wtf
|
|t:|1658897735
|switch|p1a: SICE IS A TOADROFL|Seismitoad, F|100/100|[from]move: U-turn
|
|-weather|RainDance|[upkeep]
|upkeep
|turn|2
|
|t:|1658897745
|switch|p2a: Mandibuzz|Mandibuzz, F|100/100
|move|p1a: SICE IS A TOADROFL|Weather Ball|p2a: Mandibuzz
|-damage|p2a: Mandibuzz|45/100
|-damage|p1a: SICE IS A TOADROFL|91/100|[from] item: Life Orb
|
|-weather|RainDance|[upkeep]
|upkeep
|turn|3
|
|t:|1658897753
|move|p1a: SICE IS A TOADROFL|Weather Ball|p2a: Mandibuzz
|-damage|p2a: Mandibuzz|0 fnt
|faint|p2a: Mandibuzz
|-damage|p1a: SICE IS A TOADROFL|81/100|[from] item: Life Orb
|
|-weather|RainDance|[upkeep]
|upkeep
|
|t:|1658897777
|switch|p2a: Tapu Lele|Tapu Lele|100/100
|-fieldstart|move: Psychic Terrain|[from] ability: Psychic Surge|[of] p2a: Tapu Lele
|turn|4
|
|t:|1658897787
|switch|p1a: Mishlef|Slowking, M, shiny|100/100
|move|p2a: Tapu Lele|Psyshock|p1a: Mishlef
|-resisted|p1a: Mishlef
|-damage|p1a: Mishlef|75/100
|-enditem|p1a: Mishlef|Eject Button
|
|t:|1658897792
|switch|p1a: CAMPFIRESONGCAMPF|Barraskewda, F|100/100
|
|-weather|RainDance|[upkeep]
|upkeep
|turn|5
|
|t:|1658897799
|switch|p2a: Buzzwole|Buzzwole|100/100
|move|p1a: CAMPFIRESONGCAMPF|Liquidation|p2a: Buzzwole
|-damage|p2a: Buzzwole|27/100
|-damage|p1a: CAMPFIRESONGCAMPF|84/100|[from] item: Rocky Helmet|[of] p2a: Buzzwole
|
|-weather|RainDance|[upkeep]
|upkeep
|turn|6
|
|t:|1658897803
|move|p1a: CAMPFIRESONGCAMPF|Liquidation|p2a: Buzzwole
|-damage|p2a: Buzzwole|0 fnt
|-damage|p1a: CAMPFIRESONGCAMPF|68/100|[from] item: Rocky Helmet|[of] p2a: Buzzwole
|faint|p2a: Buzzwole
|
|-weather|RainDance|[upkeep]
|upkeep
|
|t:|1658897806
|switch|p2a: Lilligant|Lilligant, F|100/100
|turn|7
|
|t:|1658897809
|switch|p1a: urfugurggle|Zapdos|100/100
|move|p2a: Lilligant|Giga Drain|p1a: urfugurggle
|-resisted|p1a: urfugurggle
|-damage|p1a: urfugurggle|78/100
|
|-weather|RainDance|[upkeep]
|upkeep
|turn|8
|
|t:|1658897816
|switch|p2a: Garchomp|Garchomp, F|82/100
|move|p1a: urfugurggle|Hurricane|p2a: Garchomp
|-damage|p2a: Garchomp|16/100
|
|-weather|none
|-fieldend|move: Psychic Terrain
|upkeep
|turn|9
|
|t:|1658897825
|switch|p1a: POTUS|Pelipper, M|4/100
|-weather|RainDance|[from] ability: Drizzle|[of] p1a: POTUS
|move|p2a: Garchomp|Stealth Rock|p1a: POTUS
|-sidestart|p1: xqiht|move: Stealth Rock
|
|-weather|RainDance|[upkeep]
|upkeep
|turn|10
|
|t:|1658897830
|move|p2a: Garchomp|Fire Blast|p1a: POTUS
|-resisted|p1a: POTUS
|-damage|p1a: POTUS|0 fnt
|faint|p1a: POTUS
|-damage|p2a: Garchomp|6/100|[from] item: Life Orb
|
|-weather|RainDance|[upkeep]
|upkeep
|
|t:|1658897835
|switch|p1a: SICE IS A TOADROFL|Seismitoad, F|81/100
|-damage|p1a: SICE IS A TOADROFL|75/100|[from] Stealth Rock
|turn|11
|
|t:|1658897839
|move|p1a: SICE IS A TOADROFL|Earth Power|p2a: Garchomp
|-damage|p2a: Garchomp|0 fnt
|faint|p2a: Garchomp
|-damage|p1a: SICE IS A TOADROFL|65/100|[from] item: Life Orb
|
|-weather|RainDance|[upkeep]
|upkeep
|
|t:|1658897843
|switch|p2a: Tapu Lele|Tapu Lele|100/100
|-fieldstart|move: Psychic Terrain|[from] ability: Psychic Surge|[of] p2a: Tapu Lele
|turn|12
|
|t:|1658897850
|switch|p1a: Mishlef|Slowking, M, shiny|100/100
|-damage|p1a: Mishlef|88/100|[from] Stealth Rock
|move|p2a: Tapu Lele|Moonblast|p1a: Mishlef
|-damage|p1a: Mishlef|58/100
|
|-weather|RainDance|[upkeep]
|upkeep
|turn|13
|
|t:|1658897855
|move|p2a: Tapu Lele|Moonblast|p1a: Mishlef
|-damage|p1a: Mishlef|27/100
|move|p1a: Mishlef|Thunder Wave|p2a: Tapu Lele
|-status|p2a: Tapu Lele|par
|
|-weather|RainDance|[upkeep]
|upkeep
|turn|14
|
|t:|1658897860
|move|p2a: Tapu Lele|Moonblast|p1a: Mishlef
|-damage|p1a: Mishlef|0 fnt
|faint|p1a: Mishlef
|
|-weather|RainDance|[upkeep]
|upkeep
|
|t:|1658897863
|switch|p1a: CAMPFIRESONGCAMPF|Barraskewda, F|68/100
|-damage|p1a: CAMPFIRESONGCAMPF|56/100|[from] Stealth Rock
|turn|15
|
|t:|1658897865
|move|p1a: CAMPFIRESONGCAMPF|Liquidation|p2a: Tapu Lele
|-damage|p2a: Tapu Lele|0 fnt
|faint|p2a: Tapu Lele
|
|-weather|RainDance|[upkeep]
|upkeep
|
|t:|1658897868
|switch|p2a: Magnezone|Magnezone|100/100
|turn|16
|
|t:|1658897871
|move|p1a: CAMPFIRESONGCAMPF|Liquidation|p2a: Magnezone
|-damage|p2a: Magnezone|1/100
|-unboost|p2a: Magnezone|def|1
|move|p2a: Magnezone|Flash Cannon|p1a: CAMPFIRESONGCAMPF
|-resisted|p1a: CAMPFIRESONGCAMPF
|-damage|p1a: CAMPFIRESONGCAMPF|10/100
|
|-weather|none
|-fieldend|move: Psychic Terrain
|upkeep
|turn|17
|
|t:|1658897878
|move|p1a: CAMPFIRESONGCAMPF|Liquidation|p2a: Magnezone
|-damage|p2a: Magnezone|0 fnt
|faint|p2a: Magnezone
|
|upkeep
|
|t:|1658897879
|switch|p2a: Lilligant|Lilligant, F|100/100
|turn|18
|
|t:|1658897881
|move|p1a: CAMPFIRESONGCAMPF|Liquidation|p2a: Lilligant
|-resisted|p2a: Lilligant
|-damage|p2a: Lilligant|46/100
|move|p2a: Lilligant|Quiver Dance|p2a: Lilligant
|-boost|p2a: Lilligant|spa|1
|-boost|p2a: Lilligant|spd|1
|-boost|p2a: Lilligant|spe|1
|
|upkeep
|turn|19
|
|t:|1658897889
|move|p2a: Lilligant|Giga Drain|p1a: CAMPFIRESONGCAMPF
|-supereffective|p1a: CAMPFIRESONGCAMPF
|-damage|p1a: CAMPFIRESONGCAMPF|0 fnt
|-heal|p2a: Lilligant|50/100|[from] drain|[of] p1a: CAMPFIRESONGCAMPF
|faint|p1a: CAMPFIRESONGCAMPF
|
|upkeep
|
|t:|1658897891
|switch|p1a: Free Palestine|Volcanion|100/100
|-damage|p1a: Free Palestine|76/100|[from] Stealth Rock
|turn|20
|
|t:|1658897905
|move|p2a: Lilligant|Sleep Powder|p1a: Free Palestine|[miss]
|-miss|p2a: Lilligant|p1a: Free Palestine
|move|p1a: Free Palestine|Flamethrower|p2a: Lilligant
|-supereffective|p2a: Lilligant
|-damage|p2a: Lilligant|0 fnt
|faint|p2a: Lilligant
|
|win|xqiht
|raw|xqiht's rating: 1577 &rarr; <strong>1606</strong><br />(+29 for winning)
|raw|Elite4Donovan's rating: 1745 &rarr; <strong>1716</strong><br />(-29 for losing)
