|html|<div class="broadcast-blue"><strong>[Gen 8] OU is currently suspecting Melmetal! For information on how to participate check out the <a href="https://www.smogon.com/forums/threads/np-ss-ou-suspect-process-round-12-monster-mash.3709234/">suspect thread</a>.</strong></div>
|j|☆Copland
|j|☆Aim on mai wei
|t:|1666162924
|gametype|singles
|player|p1|Copland|guitarist|1795
|player|p2|Aim on mai wei|169|1724
|teamsize|p1|6
|teamsize|p2|6
|gen|8
|tier|[Gen 8] OU
|rated|
|rule|Sleep Clause Mod: Limit one foe put to sleep
|rule|Species Clause: Limit one of each Pokémon
|rule|OHKO Clause: OHKO moves are banned
|rule|Evasion Items Clause: Evasion items are banned
|rule|Evasion Moves Clause: Evasion moves are banned
|rule|Endless Battle Clause: Forcing endless battles is banned
|rule|HP Percentage Mod: HP is shown in percentages
|rule|Dynamax Clause: You cannot dynamax
|clearpoke
|poke|p1|Toxapex, F|
|poke|p1|Melmetal|
|poke|p1|Clefable, M|
|poke|p1|Tornadus-Therian, M|
|poke|p1|Garchomp, M|
|poke|p1|Hydreigon, F|
|poke|p2|Ditto|
|poke|p2|Blissey, F|
|poke|p2|Corviknight, M|
|poke|p2|Dragonite, M|
|poke|p2|Quagsire, M|
|poke|p2|Victini|
|teampreview
|
|t:|1666162937
|start
|switch|p1a: Tornadus|Tornadus-Therian, M|100/100
|switch|p2a: Blissey|Blissey, F|100/100
|turn|1
|
|t:|1666162940
|move|p1a: Tornadus|Knock Off|p2a: Blissey
|-damage|p2a: Blissey|83/100
|-enditem|p2a: Blissey|Heavy-Duty Boots|[from] move: Knock Off|[of] p1a: Tornadus
|move|p2a: Blissey|Stealth Rock|p1a: Tornadus
|-sidestart|p1: Copland|move: Stealth Rock
|
|upkeep
|turn|2
|j| PurpleJWK
|
|t:|1666162943
|move|p1a: Tornadus|Defog|p2a: Blissey
|-unboost|p2a: Blissey|evasion|1
|-sideend|p1: Copland|Stealth Rock|[from] move: Defog|[of] p1a: Tornadus
|move|p2a: Blissey|Seismic Toss|p1a: Tornadus
|-damage|p1a: Tornadus|73/100
|
|upkeep
|turn|3
|j| kitahara haruki
|
|t:|1666162951
|move|p1a: Tornadus|U-turn|p2a: Blissey
|-damage|p2a: Blissey|70/100
|
|t:|1666162960
|switch|p1a: Melmetal|Melmetal|100/100|[from]move: U-turn
|move|p2a: Blissey|Stealth Rock|p1a: Melmetal
|-sidestart|p1: Copland|move: Stealth Rock
|
|upkeep
|turn|4
|
|t:|1666162964
|switch|p2a: Quagsire|Quagsire, M|100/100
|switch|p1a: Tornadus|Tornadus-Therian, M|100/100
|
|upkeep
|turn|5
|
|t:|1666162973
|switch|p2a: Blissey|Blissey, F|70/100
|move|p1a: Tornadus|Knock Off|p2a: Blissey
|-damage|p2a: Blissey|58/100
|
|upkeep
|turn|6
|
|t:|1666162978
|move|p1a: Tornadus|U-turn|p2a: Blissey
|-damage|p2a: Blissey|45/100
|
|t:|1666162981
|switch|p1a: Melmetal|Melmetal|100/100|[from]move: U-turn
|-damage|p1a: Melmetal|94/100|[from] Stealth Rock
|move|p2a: Blissey|Soft-Boiled|p2a: Blissey
|-heal|p2a: Blissey|95/100
|
|-heal|p1a: Melmetal|100/100|[from] item: Leftovers
|upkeep
|turn|7
|
|t:|1666162987
|switch|p2a: Quagsire|Quagsire, M|100/100
|move|p1a: Melmetal|Toxic|p2a: Quagsire
|-status|p2a: Quagsire|tox
|
|-damage|p2a: Quagsire|94/100 tox|[from] psn
|upkeep
|turn|8
|
|t:|1666162997
|switch|p1a: Hydreigon|Hydreigon, F|100/100
|-damage|p1a: Hydreigon|88/100|[from] Stealth Rock
|switch|p2a: Corviknight|Corviknight, M|100/100
|-ability|p2a: Corviknight|Pressure
|
|-heal|p1a: Hydreigon|94/100|[from] item: Leftovers
|upkeep
|turn|9
|
|t:|1666163004
|switch|p1a: Tornadus|Tornadus-Therian, M|100/100
|move|p2a: Corviknight|U-turn|p1a: Tornadus
|-resisted|p1a: Tornadus
|-damage|p1a: Tornadus|93/100
|
|t:|1666163023
|switch|p2a: Blissey|Blissey, F|95/100|[from]move: U-turn
|
|upkeep
|turn|10
|
|t:|1666163028
|move|p1a: Tornadus|Knock Off|p2a: Blissey
|-damage|p2a: Blissey|84/100
|move|p2a: Blissey|Heal Bell|p2a: Blissey
|-activate|p2a: Blissey|move: Heal Bell
|-curestatus|p2: Quagsire|tox|[msg]
|
|upkeep
|turn|11
|
|t:|1666163035
|move|p1a: Tornadus|Defog|p2a: Blissey
|-unboost|p2a: Blissey|evasion|1
|-sideend|p1: Copland|Stealth Rock|[from] move: Defog|[of] p1a: Tornadus
|move|p2a: Blissey|Seismic Toss|p1a: Tornadus
|-damage|p1a: Tornadus|66/100
|
|upkeep
|turn|12
|
|t:|1666163037
|move|p1a: Tornadus|U-turn|p2a: Blissey
|-damage|p2a: Blissey|72/100
|
|t:|1666163040
|switch|p1a: Garchomp|Garchomp, M|100/100|[from]move: U-turn
|move|p2a: Blissey|Stealth Rock|p1a: Garchomp
|-sidestart|p1: Copland|move: Stealth Rock
|
|upkeep
|turn|13
|
|t:|1666163051
|switch|p2a: Corviknight|Corviknight, M|100/100
|-ability|p2a: Corviknight|Pressure
|move|p1a: Garchomp|Stealth Rock|p2a: Corviknight
|-sidestart|p2: Aim on mai wei|move: Stealth Rock
|
|upkeep
|turn|14
|
|t:|1666163059
|switch|p1a: Clefable|Clefable, M|100/100
|move|p2a: Corviknight|Defog|p1a: Clefable
|-unboost|p1a: Clefable|evasion|1
|-sideend|p1: Copland|Stealth Rock|[from] move: Defog|[of] p2a: Corviknight
|-sideend|p2: Aim on mai wei|Stealth Rock|[from] move: Defog|[of] p2a: Corviknight
|
|upkeep
|turn|15
|
|t:|1666163067
|switch|p2a: Blissey|Blissey, F|72/100
|move|p1a: Clefable|Trick|p2a: Blissey
|-activate|p1a: Clefable|move: Trick|[of] p2a: Blissey
|-item|p2a: Blissey|Sticky Barb|[from] move: Trick
|-enditem|p1a: Clefable|Sticky Barb|[silent]|[from] move: Trick
|
|-damage|p2a: Blissey|59/100|[from] item: Sticky Barb
|upkeep
|turn|16
|
|t:|1666163077
|move|p1a: Clefable|Calm Mind|p1a: Clefable
|-boost|p1a: Clefable|spa|1
|-boost|p1a: Clefable|spd|1
|move|p2a: Blissey|Soft-Boiled|p2a: Blissey
|-heal|p2a: Blissey|100/100
|
|-damage|p2a: Blissey|88/100|[from] item: Sticky Barb
|upkeep
|turn|17
|
|t:|1666163086
|switch|p2a: Victini|Victini|100/100
|move|p1a: Clefable|Trick|p2a: Victini
|-activate|p1a: Clefable|move: Trick|[of] p2a: Victini
|-enditem|p2a: Victini|Choice Band|[silent]|[from] move: Trick
|-item|p1a: Clefable|Choice Band|[from] move: Trick
|
|upkeep
|turn|18
|
|t:|1666163102
|switch|p1a: Toxapex|Toxapex, F|100/100
|move|p2a: Victini|U-turn|p1a: Toxapex
|-resisted|p1a: Toxapex
|-damage|p1a: Toxapex|94/100
|-damage|p2a: Victini|84/100|[from] item: Rocky Helmet|[of] p1a: Toxapex
|
|t:|1666163112
|switch|p2a: Blissey|Blissey, F|88/100|[from]move: U-turn
|
|-damage|p2a: Blissey|76/100|[from] item: Sticky Barb
|upkeep
|turn|19
|
|t:|1666163119
|switch|p1a: Garchomp|Garchomp, M|100/100
|move|p2a: Blissey|Stealth Rock|p1a: Garchomp
|-sidestart|p1: Copland|move: Stealth Rock
|
|-damage|p2a: Blissey|63/100|[from] item: Sticky Barb
|upkeep
|turn|20
|
|t:|1666163125
|switch|p2a: Corviknight|Corviknight, M|100/100
|-ability|p2a: Corviknight|Pressure
|move|p1a: Garchomp|Stealth Rock|p2a: Corviknight
|-sidestart|p2: Aim on mai wei|move: Stealth Rock
|
|upkeep
|turn|21
|
|t:|1666163139
|switch|p1a: Clefable|Clefable, M|100/100
|move|p2a: Corviknight|Defog|p1a: Clefable
|-unboost|p1a: Clefable|evasion|1
|-sideend|p1: Copland|Stealth Rock|[from] move: Defog|[of] p2a: Corviknight
|-sideend|p2: Aim on mai wei|Stealth Rock|[from] move: Defog|[of] p2a: Corviknight
|
|upkeep
|turn|22
|
|t:|1666163153
|switch|p2a: Victini|Victini|84/100
|move|p1a: Clefable|Moonblast|p2a: Victini
|-resisted|p2a: Victini
|-damage|p2a: Victini|70/100
|-unboost|p2a: Victini|spa|1
|
|upkeep
|turn|23
|
|t:|1666163163
|switch|p1a: Toxapex|Toxapex, F|100/100
|move|p2a: Victini|Trick|p1a: Toxapex
|-activate|p2a: Victini|move: Trick|[of] p1a: Toxapex
|-enditem|p1a: Toxapex|Rocky Helmet|[silent]|[from] move: Trick
|-item|p2a: Victini|Rocky Helmet|[from] move: Trick
|
|upkeep
|turn|24
|
|t:|1666163173
|switch|p2a: Blissey|Blissey, F|63/100
|switch|p1a: Garchomp|Garchomp, M|100/100
|
|-damage|p2a: Blissey|51/100|[from] item: Sticky Barb
|upkeep
|turn|25
|
|t:|1666163178
|switch|p2a: Corviknight|Corviknight, M|100/100
|-ability|p2a: Corviknight|Pressure
|move|p1a: Garchomp|Earthquake|p2a: Corviknight
|-immune|p2a: Corviknight
|
|upkeep
|turn|26
|
|t:|1666163188
|switch|p1a: Toxapex|Toxapex, F|100/100
|move|p2a: Corviknight|Body Press|p1a: Toxapex
|-resisted|p1a: Toxapex
|-damage|p1a: Toxapex|93/100
|
|upkeep
|turn|27
|
|t:|1666163193
|switch|p1a: Garchomp|Garchomp, M|100/100
|move|p2a: Corviknight|U-turn|p1a: Garchomp
|-damage|p1a: Garchomp|88/100
|-damage|p2a: Corviknight|88/100|[from] ability: Rough Skin|[of] p1a: Garchomp
|
|t:|1666163213
|switch|p2a: Ditto|Ditto|100/100|[from]move: U-turn
|-transform|p2a: Ditto|p1a: Garchomp|[from] ability: Imposter
|
|-heal|p1a: Garchomp|94/100|[from] item: Leftovers
|upkeep
|turn|28
|
|t:|1666163222
|switch|p2a: Corviknight|Corviknight, M|88/100
|-ability|p2a: Corviknight|Pressure
|switch|p1a: Clefable|Clefable, M|100/100
|
|upkeep
|turn|29
|
|t:|1666163244
|switch|p2a: Victini|Victini|70/100
|move|p1a: Clefable|Trick|p2a: Victini
|-activate|p1a: Clefable|move: Trick|[of] p2a: Victini
|-item|p2a: Victini|Choice Band|[from] move: Trick
|-item|p1a: Clefable|Rocky Helmet|[from] move: Trick
|
|upkeep
|turn|30
|
|t:|1666163256
|move|p2a: Victini|Trick|p1a: Clefable
|-activate|p2a: Victini|move: Trick|[of] p1a: Clefable
|-item|p1a: Clefable|Choice Band|[from] move: Trick
|-item|p2a: Victini|Rocky Helmet|[from] move: Trick
|move|p1a: Clefable|Soft-Boiled||[still]
|-fail|p1a: Clefable|heal
|
|upkeep
|turn|31
|
|t:|1666163274
|switch|p2a: Quagsire|Quagsire, M|94/100
|switch|p1a: Garchomp|Garchomp, M|94/100
|
|-heal|p1a: Garchomp|99/100|[from] item: Leftovers
|-heal|p2a: Quagsire|100/100|[from] item: Leftovers
|upkeep
|turn|32
|
|t:|1666163278
|switch|p1a: Clefable|Clefable, M|100/100
|switch|p2a: Corviknight|Corviknight, M|88/100
|-ability|p2a: Corviknight|Pressure
|
|upkeep
|turn|33
|
|t:|1666163283
|switch|p2a: Victini|Victini|70/100
|move|p1a: Clefable|Trick|p2a: Victini
|-activate|p1a: Clefable|move: Trick|[of] p2a: Victini
|-item|p2a: Victini|Choice Band|[from] move: Trick
|-item|p1a: Clefable|Rocky Helmet|[from] move: Trick
|
|upkeep
|turn|34
|
|t:|1666163300
|move|p2a: Victini|Trick|p1a: Clefable
|-activate|p2a: Victini|move: Trick|[of] p1a: Clefable
|-item|p1a: Clefable|Choice Band|[from] move: Trick
|-item|p2a: Victini|Rocky Helmet|[from] move: Trick
|move|p1a: Clefable|Moonblast|p2a: Victini
|-resisted|p2a: Victini
|-damage|p2a: Victini|55/100
|-unboost|p2a: Victini|spa|1
|
|upkeep
|turn|35
|
|t:|1666163323
|switch|p2a: Dragonite|Dragonite, M|100/100
|switch|p1a: Garchomp|Garchomp, M|99/100
|
|-heal|p1a: Garchomp|100/100|[from] item: Leftovers
|upkeep
|turn|36
|
|t:|1666163328
|switch|p1a: Tornadus|Tornadus-Therian, M|99/100
|move|p2a: Dragonite|Ice Beam|p1a: Tornadus
|-supereffective|p1a: Tornadus
|-damage|p1a: Tornadus|59/100
|
|upkeep
|turn|37
|
|t:|1666163342
|switch|p2a: Blissey|Blissey, F|51/100
|move|p1a: Tornadus|U-turn|p2a: Blissey
|-damage|p2a: Blissey|39/100
|
|t:|1666163345
|switch|p1a: Melmetal|Melmetal|100/100|[from]move: U-turn
|
|-damage|p2a: Blissey|27/100|[from] item: Sticky Barb
|upkeep
|turn|38
|
|t:|1666163352
|switch|p2a: Corviknight|Corviknight, M|88/100
|-ability|p2a: Corviknight|Pressure
|switch|p1a: Clefable|Clefable, M|100/100
|
|upkeep
|turn|39
|
|t:|1666163364
|switch|p2a: Blissey|Blissey, F|27/100
|move|p1a: Clefable|Moonblast|p2a: Blissey
|-damage|p2a: Blissey|16/100
|
|-damage|p2a: Blissey|4/100|[from] item: Sticky Barb
|upkeep
|turn|40
|
|t:|1666163372
|switch|p2a: Corviknight|Corviknight, M|88/100
|-ability|p2a: Corviknight|Pressure
|move|p1a: Clefable|Moonblast|p2a: Corviknight
|-resisted|p2a: Corviknight
|-damage|p2a: Corviknight|73/100
|
|upkeep
|turn|41
|
|t:|1666163380
|switch|p1a: Tornadus|Tornadus-Therian, M|92/100
|move|p2a: Corviknight|U-turn|p1a: Tornadus
|-resisted|p1a: Tornadus
|-damage|p1a: Tornadus|83/100
|
|t:|1666163388
|switch|p2a: Dragonite|Dragonite, M|100/100|[from]move: U-turn
|
|upkeep
|turn|42
|
|t:|1666163394
|move|p1a: Tornadus|U-turn|p2a: Dragonite
|-resisted|p2a: Dragonite
|-damage|p2a: Dragonite|98/100
|
|t:|1666163396
|switch|p1a: Toxapex|Toxapex, F|100/100|[from]move: U-turn
|move|p2a: Dragonite|Ice Beam|p1a: Toxapex
|-resisted|p1a: Toxapex
|-damage|p1a: Toxapex|92/100
|
|upkeep
|turn|43
|
|t:|1666163404
|switch|p2a: Corviknight|Corviknight, M|73/100
|-ability|p2a: Corviknight|Pressure
|move|p1a: Toxapex|Scald|p2a: Corviknight
|-damage|p2a: Corviknight|59/100
|-status|p2a: Corviknight|brn
|
|-damage|p2a: Corviknight|53/100 brn|[from] brn
|upkeep
|turn|44
|
|t:|1666163409
|switch|p1a: Clefable|Clefable, M|100/100
|move|p2a: Corviknight|Roost|p2a: Corviknight
|-heal|p2a: Corviknight|100/100 brn
|-singleturn|p2a: Corviknight|move: Roost
|
|-damage|p2a: Corviknight|94/100 brn|[from] brn
|upkeep
|turn|45
|
|t:|1666163419
|switch|p2a: Victini|Victini|55/100
|move|p1a: Clefable|Trick|p2a: Victini
|-activate|p1a: Clefable|move: Trick|[of] p2a: Victini
|-item|p2a: Victini|Choice Band|[from] move: Trick
|-item|p1a: Clefable|Rocky Helmet|[from] move: Trick
|
|upkeep
|turn|46
|
|t:|1666163441
|move|p2a: Victini|V-create|p1a: Clefable
|-crit|p1a: Clefable
|-damage|p1a: Clefable|0 fnt
|-unboost|p2a: Victini|spe|1
|-unboost|p2a: Victini|def|1
|-unboost|p2a: Victini|spd|1
|-damage|p2a: Victini|38/100|[from] item: Rocky Helmet|[of] p1a: Clefable
|faint|p1a: Clefable
|
|upkeep
|
|t:|1666163445
|switch|p1a: Hydreigon|Hydreigon, F|94/100
|turn|47
|
|t:|1666163458
|switch|p2a: Ditto|Ditto|100/100
|-transform|p2a: Ditto|p1a: Hydreigon|[from] ability: Imposter
|move|p1a: Hydreigon|Dark Pulse|p2a: Ditto
|-resisted|p2a: Ditto
|-damage|p2a: Ditto|75/100
|
|-heal|p1a: Hydreigon|100/100|[from] item: Leftovers
|upkeep
|turn|48
|
|t:|1666163481
|move|p2a: Ditto|Taunt|p1a: Hydreigon
|-start|p1a: Hydreigon|move: Taunt
|move|p1a: Hydreigon|Dark Pulse|p2a: Ditto
|-resisted|p2a: Ditto
|-damage|p2a: Ditto|53/100
|
|upkeep
|turn|49
|
|t:|1666163490
|switch|p2a: Dragonite|Dragonite, M|98/100
|switch|p1a: Garchomp|Garchomp, M|100/100
|
|upkeep
|turn|50
|
|t:|1666163495
|switch|p2a: Corviknight|Corviknight, M|94/100 brn
|-ability|p2a: Corviknight|Pressure
|move|p1a: Garchomp|Stealth Rock|p2a: Corviknight
|-sidestart|p2: Aim on mai wei|move: Stealth Rock
|
|-damage|p2a: Corviknight|88/100 brn|[from] brn
|upkeep
|turn|51
|
|t:|1666163502
|switch|p1a: Hydreigon|Hydreigon, F|100/100
|move|p2a: Corviknight|Defog|p1a: Hydreigon
|-unboost|p1a: Hydreigon|evasion|1
|-sideend|p2: Aim on mai wei|Stealth Rock|[from] move: Defog|[of] p2a: Corviknight
|
|-damage|p2a: Corviknight|82/100 brn|[from] brn
|upkeep
|turn|52
|
|t:|1666163506
|move|p1a: Hydreigon|Dark Pulse|p2a: Corviknight
|-damage|p2a: Corviknight|46/100 brn
|move|p2a: Corviknight|U-turn|p1a: Hydreigon
|-supereffective|p1a: Hydreigon
|-damage|p1a: Hydreigon|84/100
|
|t:|1666163522
|switch|p2a: Victini|Victini|38/100|[from]move: U-turn
|
|-heal|p1a: Hydreigon|90/100|[from] item: Leftovers
|upkeep
|turn|53
|
|t:|1666163528
|switch|p1a: Tornadus|Tornadus-Therian, M|100/100
|move|p2a: Victini|Trick|p1a: Tornadus
|-activate|p2a: Victini|move: Trick|[of] p1a: Tornadus
|-item|p1a: Tornadus|Choice Band|[from] move: Trick
|-item|p2a: Victini|Heavy-Duty Boots|[from] move: Trick
|
|upkeep
|turn|54
|
|t:|1666163542
|switch|p2a: Dragonite|Dragonite, M|98/100
|move|p1a: Tornadus|Knock Off|p2a: Dragonite
|-damage|p2a: Dragonite|79/100
|-enditem|p2a: Dragonite|Heavy-Duty Boots|[from] move: Knock Off|[of] p1a: Tornadus
|
|upkeep
|turn|55
|
|t:|1666163558
|switch|p1a: Melmetal|Melmetal|100/100
|move|p2a: Dragonite|Earthquake|p1a: Melmetal
|-supereffective|p1a: Melmetal
|-damage|p1a: Melmetal|68/100
|
|-heal|p1a: Melmetal|74/100|[from] item: Leftovers
|upkeep
|turn|56
|
|t:|1666163575
|switch|p2a: Ditto|Ditto|53/100
|-transform|p2a: Ditto|p1a: Melmetal|[from] ability: Imposter
|move|p1a: Melmetal|Toxic|p2a: Ditto
|-immune|p2a: Ditto
|
|-heal|p1a: Melmetal|80/100|[from] item: Leftovers
|upkeep
|turn|57
|j| smilega
|
|t:|1666163584
|switch|p2a: Corviknight|Corviknight, M|46/100 brn
|-ability|p2a: Corviknight|Pressure
|move|p1a: Melmetal|Protect||[still]
|-fail|p1a: Melmetal
|
|-heal|p1a: Melmetal|86/100|[from] item: Leftovers
|-damage|p2a: Corviknight|39/100 brn|[from] brn
|upkeep
|turn|58
|
|t:|1666163588
|move|p2a: Corviknight|Roost|p2a: Corviknight
|-heal|p2a: Corviknight|89/100 brn
|-singleturn|p2a: Corviknight|move: Roost
|move|p1a: Melmetal|Earthquake|p2a: Corviknight
|-supereffective|p2a: Corviknight
|-damage|p2a: Corviknight|44/100 brn
|
|-heal|p1a: Melmetal|93/100|[from] item: Leftovers
|-damage|p2a: Corviknight|38/100 brn|[from] brn
|upkeep
|turn|59
|
|t:|1666163594
|move|p2a: Corviknight|Roost|p2a: Corviknight
|-heal|p2a: Corviknight|88/100 brn
|-singleturn|p2a: Corviknight|move: Roost
|move|p1a: Melmetal|Earthquake|p2a: Corviknight
|-supereffective|p2a: Corviknight
|-damage|p2a: Corviknight|44/100 brn
|
|-heal|p1a: Melmetal|99/100|[from] item: Leftovers
|-damage|p2a: Corviknight|38/100 brn|[from] brn
|upkeep
|turn|60
|
|t:|1666163602
|move|p2a: Corviknight|Roost|p2a: Corviknight
|-heal|p2a: Corviknight|88/100 brn
|-singleturn|p2a: Corviknight|move: Roost
|move|p1a: Melmetal|Earthquake|p2a: Corviknight
|-supereffective|p2a: Corviknight
|-damage|p2a: Corviknight|39/100 brn
|
|-heal|p1a: Melmetal|100/100|[from] item: Leftovers
|-damage|p2a: Corviknight|33/100 brn|[from] brn
|upkeep
|turn|61
|l| smilega
|
|t:|1666163609
|move|p2a: Corviknight|Roost|p2a: Corviknight
|-heal|p2a: Corviknight|83/100 brn
|-singleturn|p2a: Corviknight|move: Roost
|move|p1a: Melmetal|Earthquake|p2a: Corviknight
|-supereffective|p2a: Corviknight
|-damage|p2a: Corviknight|37/100 brn
|
|-damage|p2a: Corviknight|30/100 brn|[from] brn
|upkeep
|turn|62
|
|t:|1666163616
|move|p2a: Corviknight|Roost|p2a: Corviknight
|-heal|p2a: Corviknight|80/100 brn
|-singleturn|p2a: Corviknight|move: Roost
|move|p1a: Melmetal|Earthquake|p2a: Corviknight
|-supereffective|p2a: Corviknight
|-damage|p2a: Corviknight|32/100 brn
|
|-damage|p2a: Corviknight|26/100 brn|[from] brn
|upkeep
|turn|63
|
|t:|1666163623
|move|p2a: Corviknight|Roost|p2a: Corviknight
|-heal|p2a: Corviknight|76/100 brn
|-singleturn|p2a: Corviknight|move: Roost
|move|p1a: Melmetal|Earthquake|p2a: Corviknight
|-supereffective|p2a: Corviknight
|-damage|p2a: Corviknight|34/100 brn
|
|-damage|p2a: Corviknight|27/100 brn|[from] brn
|upkeep
|turn|64
|
|t:|1666163633
|move|p2a: Corviknight|Roost|p2a: Corviknight
|-heal|p2a: Corviknight|77/100 brn
|-singleturn|p2a: Corviknight|move: Roost
|move|p1a: Melmetal|Earthquake|p2a: Corviknight
|-supereffective|p2a: Corviknight
|-damage|p2a: Corviknight|31/100 brn
|
|-damage|p2a: Corviknight|25/100 brn|[from] brn
|upkeep
|turn|65
|
|t:|1666163641
|switch|p1a: Tornadus|Tornadus-Therian, M|100/100
|move|p2a: Corviknight|Roost|p2a: Corviknight
|-heal|p2a: Corviknight|75/100 brn
|-singleturn|p2a: Corviknight|move: Roost
|
|-damage|p2a: Corviknight|69/100 brn|[from] brn
|upkeep
|turn|66
|
|t:|1666163648
|move|p1a: Tornadus|Knock Off|p2a: Corviknight
|-damage|p2a: Corviknight|48/100 brn
|-enditem|p2a: Corviknight|Shed Shell|[from] move: Knock Off|[of] p1a: Tornadus
|move|p2a: Corviknight|Roost|p2a: Corviknight
|-heal|p2a: Corviknight|98/100 brn
|-singleturn|p2a: Corviknight|move: Roost
|
|-damage|p2a: Corviknight|92/100 brn|[from] brn
|upkeep
|turn|67
|
|t:|1666163653
|move|p1a: Tornadus|Knock Off|p2a: Corviknight
|-damage|p2a: Corviknight|80/100 brn
|move|p2a: Corviknight|U-turn|p1a: Tornadus
|-resisted|p1a: Tornadus
|-damage|p1a: Tornadus|97/100
|
|t:|1666163665
|switch|p2a: Dragonite|Dragonite, M|79/100|[from]move: U-turn
|
|upkeep
|turn|68
|
|t:|1666163681
|switch|p1a: Melmetal|Melmetal|100/100
|move|p2a: Dragonite|Ice Beam|p1a: Melmetal
|-resisted|p1a: Melmetal
|-damage|p1a: Melmetal|92/100
|
|-heal|p1a: Melmetal|98/100|[from] item: Leftovers
|upkeep
|turn|69
|
|t:|1666163686
|switch|p2a: Corviknight|Corviknight, M|80/100 brn
|-ability|p2a: Corviknight|Pressure
|move|p1a: Melmetal|Double Iron Bash|p2a: Corviknight
|-resisted|p2a: Corviknight
|-damage|p2a: Corviknight|67/100 brn
|-resisted|p2a: Corviknight
|-damage|p2a: Corviknight|56/100 brn
|-hitcount|p2a: Corviknight|2
|
|-heal|p1a: Melmetal|100/100|[from] item: Leftovers
|-damage|p2a: Corviknight|49/100 brn|[from] brn
|upkeep
|turn|70
|
|t:|1666163692
|move|p1a: Melmetal|Protect|p1a: Melmetal
|-singleturn|p1a: Melmetal|Protect
|move|p2a: Corviknight|Roost|p2a: Corviknight
|-heal|p2a: Corviknight|99/100 brn
|-singleturn|p2a: Corviknight|move: Roost
|
|-damage|p2a: Corviknight|93/100 brn|[from] brn
|upkeep
|turn|71
|
|t:|1666163699
|move|p1a: Melmetal|Protect||[still]
|-fail|p1a: Melmetal
|move|p2a: Corviknight|Body Press|p1a: Melmetal
|-supereffective|p1a: Melmetal
|-damage|p1a: Melmetal|88/100
|
|-heal|p1a: Melmetal|94/100|[from] item: Leftovers
|-damage|p2a: Corviknight|87/100 brn|[from] brn
|upkeep
|turn|72
|
|t:|1666163708
|switch|p1a: Tornadus|Tornadus-Therian, M|100/100
|move|p2a: Corviknight|U-turn|p1a: Tornadus
|-resisted|p1a: Tornadus
|-damage|p1a: Tornadus|97/100
|
|t:|1666163715
|switch|p2a: Dragonite|Dragonite, M|79/100|[from]move: U-turn
|
|upkeep
|turn|73
|
|t:|1666163718
|move|p1a: Tornadus|Hurricane|p2a: Dragonite
|-damage|p2a: Dragonite|41/100
|move|p2a: Dragonite|Roost|p2a: Dragonite
|-heal|p2a: Dragonite|91/100
|-singleturn|p2a: Dragonite|move: Roost
|
|upkeep
|turn|74
|
|t:|1666163729
|switch|p1a: Toxapex|Toxapex, F|100/100
|move|p2a: Dragonite|Roost|p2a: Dragonite
|-heal|p2a: Dragonite|100/100
|-singleturn|p2a: Dragonite|move: Roost
|
|upkeep
|turn|75
|
|t:|1666163738
|switch|p2a: Corviknight|Corviknight, M|87/100 brn
|-ability|p2a: Corviknight|Pressure
|switch|p1a: Hydreigon|Hydreigon, F|90/100
|
|-heal|p1a: Hydreigon|96/100|[from] item: Leftovers
|-damage|p2a: Corviknight|81/100 brn|[from] brn
|upkeep
|turn|76
|
|t:|1666163746
|move|p1a: Hydreigon|Nasty Plot|p1a: Hydreigon
|-boost|p1a: Hydreigon|spa|2
|move|p2a: Corviknight|U-turn|p1a: Hydreigon
|-supereffective|p1a: Hydreigon
|-damage|p1a: Hydreigon|79/100
|
|t:|1666163755
|switch|p2a: Victini|Victini|38/100|[from]move: U-turn
|
|-heal|p1a: Hydreigon|85/100|[from] item: Leftovers
|upkeep
|turn|77
|j| yuhanong
|
|t:|1666163761
|switch|p1a: Garchomp|Garchomp, M|100/100
|move|p2a: Victini|U-turn|p1a: Garchomp
|-damage|p1a: Garchomp|83/100
|-damage|p2a: Victini|26/100|[from] ability: Rough Skin|[of] p1a: Garchomp
|
|t:|1666163769
|switch|p2a: Corviknight|Corviknight, M|81/100 brn|[from]move: U-turn
|-ability|p2a: Corviknight|Pressure
|
|-heal|p1a: Garchomp|89/100|[from] item: Leftovers
|-damage|p2a: Corviknight|74/100 brn|[from] brn
|upkeep
|turn|78
|l| yuhanong
|
|t:|1666163781
|move|p1a: Garchomp|Stealth Rock|p2a: Corviknight
|-sidestart|p2: Aim on mai wei|move: Stealth Rock
|move|p2a: Corviknight|Body Press|p1a: Garchomp
|-damage|p1a: Garchomp|78/100
|-damage|p2a: Corviknight|62/100 brn|[from] ability: Rough Skin|[of] p1a: Garchomp
|
|-heal|p1a: Garchomp|85/100|[from] item: Leftovers
|-damage|p2a: Corviknight|56/100 brn|[from] brn
|upkeep
|turn|79
|
|t:|1666163785
|move|p1a: Garchomp|Protect|p1a: Garchomp
|-singleturn|p1a: Garchomp|Protect
|move|p2a: Corviknight|Defog|p1a: Garchomp
|-activate|p1a: Garchomp|move: Protect
|
|-heal|p1a: Garchomp|91/100|[from] item: Leftovers
|-damage|p2a: Corviknight|49/100 brn|[from] brn
|upkeep
|turn|80
|
|t:|1666163791
|move|p1a: Garchomp|Toxic||[still]
|-fail|p1a: Garchomp
|move|p2a: Corviknight|Defog|p1a: Garchomp
|-unboost|p1a: Garchomp|evasion|1
|-sideend|p2: Aim on mai wei|Stealth Rock|[from] move: Defog|[of] p2a: Corviknight
|
|-heal|p1a: Garchomp|97/100|[from] item: Leftovers
|-damage|p2a: Corviknight|43/100 brn|[from] brn
|upkeep
|turn|81
|
|t:|1666163794
|move|p1a: Garchomp|Stealth Rock|p2a: Corviknight
|-sidestart|p2: Aim on mai wei|move: Stealth Rock
|move|p2a: Corviknight|Roost|p2a: Corviknight
|-heal|p2a: Corviknight|93/100 brn
|-singleturn|p2a: Corviknight|move: Roost
|
|-heal|p1a: Garchomp|100/100|[from] item: Leftovers
|-damage|p2a: Corviknight|87/100 brn|[from] brn
|upkeep
|turn|82
|
|t:|1666163799
|switch|p1a: Hydreigon|Hydreigon, F|85/100
|move|p2a: Corviknight|Defog|p1a: Hydreigon
|-unboost|p1a: Hydreigon|evasion|1
|-sideend|p2: Aim on mai wei|Stealth Rock|[from] move: Defog|[of] p2a: Corviknight
|
|-heal|p1a: Hydreigon|91/100|[from] item: Leftovers
|-damage|p2a: Corviknight|81/100 brn|[from] brn
|upkeep
|turn|83
|
|t:|1666163804
|move|p1a: Hydreigon|Nasty Plot|p1a: Hydreigon
|-boost|p1a: Hydreigon|spa|2
|move|p2a: Corviknight|U-turn|p1a: Hydreigon
|-supereffective|p1a: Hydreigon
|-damage|p1a: Hydreigon|76/100
|
|t:|1666163810
|switch|p2a: Victini|Victini|26/100|[from]move: U-turn
|
|-heal|p1a: Hydreigon|82/100|[from] item: Leftovers
|upkeep
|turn|84
|
|t:|1666163814
|move|p2a: Victini|U-turn|p1a: Hydreigon
|-supereffective|p1a: Hydreigon
|-damage|p1a: Hydreigon|31/100
|
|t:|1666163825
|switch|p2a: Blissey|Blissey, F|4/100|[from]move: U-turn
|move|p1a: Hydreigon|Dark Pulse|p2a: Blissey
|-damage|p2a: Blissey|0 fnt
|faint|p2a: Blissey
|
|-heal|p1a: Hydreigon|37/100|[from] item: Leftovers
|upkeep
|
|t:|1666163827
|switch|p2a: Ditto|Ditto|53/100
|-transform|p2a: Ditto|p1a: Hydreigon|[from] ability: Imposter
|turn|85
|
|t:|1666163834
|switch|p1a: Toxapex|Toxapex, F|100/100
|move|p2a: Ditto|Dark Pulse|p1a: Toxapex
|-damage|p1a: Toxapex|33/100
|
|upkeep
|turn|86
|
|t:|1666163837
|move|p1a: Toxapex|Baneful Bunker|p1a: Toxapex
|-singleturn|p1a: Toxapex|move: Protect
|move|p2a: Ditto|Dark Pulse|p1a: Toxapex
|-activate|p1a: Toxapex|move: Protect
|
|upkeep
|turn|87
|
|t:|1666163840
|switch|p1a: Garchomp|Garchomp, M|100/100
|move|p2a: Ditto|Dark Pulse|p1a: Garchomp
|-damage|p1a: Garchomp|48/100
|
|-heal|p1a: Garchomp|54/100|[from] item: Leftovers
|upkeep
|turn|88
|
|t:|1666163849
|move|p1a: Garchomp|Protect|p1a: Garchomp
|-singleturn|p1a: Garchomp|Protect
|move|p2a: Ditto|Dark Pulse|p1a: Garchomp
|-activate|p1a: Garchomp|move: Protect
|
|-heal|p1a: Garchomp|60/100|[from] item: Leftovers
|upkeep
|turn|89
|
|t:|1666163854
|move|p2a: Ditto|Dark Pulse|p1a: Garchomp
|-damage|p1a: Garchomp|4/100
|move|p1a: Garchomp|Toxic|p2a: Ditto
|-status|p2a: Ditto|tox
|
|-heal|p1a: Garchomp|10/100|[from] item: Leftovers
|-damage|p2a: Ditto|47/100 tox|[from] psn
|upkeep
|turn|90
|
|t:|1666163863
|switch|p2a: Dragonite|Dragonite, M|100/100
|move|p1a: Garchomp|Stealth Rock|p2a: Dragonite
|-sidestart|p2: Aim on mai wei|move: Stealth Rock
|
|-heal|p1a: Garchomp|16/100|[from] item: Leftovers
|upkeep
|turn|91
|
|t:|1666163874
|move|p1a: Garchomp|Protect|p1a: Garchomp
|-singleturn|p1a: Garchomp|Protect
|move|p2a: Dragonite|Ice Beam|p1a: Garchomp
|-activate|p1a: Garchomp|move: Protect
|
|-heal|p1a: Garchomp|22/100|[from] item: Leftovers
|upkeep
|turn|92
|j| nolifenohope
|
|t:|1666163883
|switch|p1a: Melmetal|Melmetal|94/100
|move|p2a: Dragonite|Ice Beam|p1a: Melmetal
|-resisted|p1a: Melmetal
|-damage|p1a: Melmetal|87/100
|
|-heal|p1a: Melmetal|93/100|[from] item: Leftovers
|upkeep
|turn|93
|
|t:|1666163894
|switch|p2a: Corviknight|Corviknight, M|81/100 brn
|-damage|p2a: Corviknight|68/100 brn|[from] Stealth Rock
|-ability|p2a: Corviknight|Pressure
|move|p1a: Melmetal|Toxic||[still]
|-fail|p1a: Melmetal
|
|-heal|p1a: Melmetal|99/100|[from] item: Leftovers
|-damage|p2a: Corviknight|62/100 brn|[from] brn
|upkeep
|turn|94
|
|t:|1666163898
|move|p1a: Melmetal|Protect|p1a: Melmetal
|-singleturn|p1a: Melmetal|Protect
|move|p2a: Corviknight|Defog|p1a: Melmetal
|-activate|p1a: Melmetal|move: Protect
|
|-heal|p1a: Melmetal|100/100|[from] item: Leftovers
|-damage|p2a: Corviknight|56/100 brn|[from] brn
|upkeep
|turn|95
|
|t:|1666163902
|switch|p1a: Garchomp|Garchomp, M|22/100
|move|p2a: Corviknight|Defog|p1a: Garchomp
|-unboost|p1a: Garchomp|evasion|1
|-sideend|p2: Aim on mai wei|Stealth Rock|[from] move: Defog|[of] p2a: Corviknight
|
|-heal|p1a: Garchomp|28/100|[from] item: Leftovers
|-damage|p2a: Corviknight|49/100 brn|[from] brn
|upkeep
|turn|96
|
|t:|1666163922
|move|p1a: Garchomp|Stealth Rock|p2a: Corviknight
|-sidestart|p2: Aim on mai wei|move: Stealth Rock
|move|p2a: Corviknight|Roost|p2a: Corviknight
|-heal|p2a: Corviknight|99/100 brn
|-singleturn|p2a: Corviknight|move: Roost
|
|-heal|p1a: Garchomp|35/100|[from] item: Leftovers
|-damage|p2a: Corviknight|93/100 brn|[from] brn
|upkeep
|turn|97
|
|t:|1666163926
|move|p1a: Garchomp|Protect|p1a: Garchomp
|-singleturn|p1a: Garchomp|Protect
|move|p2a: Corviknight|Defog|p1a: Garchomp
|-activate|p1a: Garchomp|move: Protect
|
|-heal|p1a: Garchomp|41/100|[from] item: Leftovers
|-damage|p2a: Corviknight|87/100 brn|[from] brn
|upkeep
|turn|98
|
|t:|1666163931
|move|p1a: Garchomp|Toxic||[still]
|-fail|p1a: Garchomp
|move|p2a: Corviknight|Defog|p1a: Garchomp
|-unboost|p1a: Garchomp|evasion|1
|-sideend|p2: Aim on mai wei|Stealth Rock|[from] move: Defog|[of] p2a: Corviknight
|
|-heal|p1a: Garchomp|47/100|[from] item: Leftovers
|-damage|p2a: Corviknight|81/100 brn|[from] brn
|upkeep
|turn|99
|
|t:|1666163958
|switch|p2a: Victini|Victini|26/100
|move|p1a: Garchomp|Stealth Rock|p2a: Victini
|-sidestart|p2: Aim on mai wei|move: Stealth Rock
|
|-heal|p1a: Garchomp|53/100|[from] item: Leftovers
|upkeep
|turn|100
|j| Ragnnis
|
|t:|1666163969
|move|p2a: Victini|Trick|p1a: Garchomp
|-activate|p2a: Victini|move: Trick|[of] p1a: Garchomp
|-item|p1a: Garchomp|Heavy-Duty Boots|[from] move: Trick
|-item|p2a: Victini|Leftovers|[from] move: Trick
|move|p1a: Garchomp|Earthquake|p2a: Victini
|-supereffective|p2a: Victini
|-damage|p2a: Victini|0 fnt
|faint|p2a: Victini
|
|upkeep
|
|t:|1666163996
|switch|p2a: Dragonite|Dragonite, M|100/100
|-damage|p2a: Dragonite|76/100|[from] Stealth Rock
|turn|101
|
|t:|1666164004
|switch|p1a: Toxapex|Toxapex, F|66/100
|move|p2a: Dragonite|Ice Beam|p1a: Toxapex
|-resisted|p1a: Toxapex
|-damage|p1a: Toxapex|57/100
|
|upkeep
|turn|102
|
|t:|1666164011
|switch|p1a: Melmetal|Melmetal|100/100
|move|p2a: Dragonite|Earthquake|p1a: Melmetal
|-supereffective|p1a: Melmetal
|-damage|p1a: Melmetal|68/100
|
|-heal|p1a: Melmetal|74/100|[from] item: Leftovers
|upkeep
|turn|103
|
|t:|1666164026
|move|p2a: Dragonite|Fire Blast|p1a: Melmetal
|-supereffective|p1a: Melmetal
|-damage|p1a: Melmetal|38/100
|move|p1a: Melmetal|Toxic|p2a: Dragonite
|-status|p2a: Dragonite|tox
|
|-heal|p1a: Melmetal|44/100|[from] item: Leftovers
|-damage|p2a: Dragonite|69/100 tox|[from] psn
|upkeep
|turn|104
|
|t:|1666164033
|move|p1a: Melmetal|Protect|p1a: Melmetal
|-singleturn|p1a: Melmetal|Protect
|move|p2a: Dragonite|Roost|p2a: Dragonite
|-heal|p2a: Dragonite|100/100 tox
|-singleturn|p2a: Dragonite|move: Roost
|
|-heal|p1a: Melmetal|50/100|[from] item: Leftovers
|-damage|p2a: Dragonite|88/100 tox|[from] psn
|upkeep
|turn|105
|
|t:|1666164040
|switch|p1a: Toxapex|Toxapex, F|90/100
|move|p2a: Dragonite|Earthquake|p1a: Toxapex
|-supereffective|p1a: Toxapex
|-damage|p1a: Toxapex|55/100
|
|-damage|p2a: Dragonite|69/100 tox|[from] psn
|upkeep
|turn|106
|
|t:|1666164045
|switch|p2a: Corviknight|Corviknight, M|81/100 brn
|-damage|p2a: Corviknight|68/100 brn|[from] Stealth Rock
|-ability|p2a: Corviknight|Pressure
|move|p1a: Toxapex|Poison Jab|p2a: Corviknight
|-immune|p2a: Corviknight
|
|-damage|p2a: Corviknight|62/100 brn|[from] brn
|upkeep
|turn|107
|
|t:|1666164052
|move|p2a: Corviknight|Defog|p1a: Toxapex
|-unboost|p1a: Toxapex|evasion|1
|-sideend|p2: Aim on mai wei|Stealth Rock|[from] move: Defog|[of] p2a: Corviknight
|move|p1a: Toxapex|Recover|p1a: Toxapex
|-heal|p1a: Toxapex|100/100
|
|-damage|p2a: Corviknight|56/100 brn|[from] brn
|upkeep
|turn|108
|
|t:|1666164055
|move|p2a: Corviknight|U-turn|p1a: Toxapex
|-resisted|p1a: Toxapex
|-damage|p1a: Toxapex|98/100
|
|t:|1666164062
|switch|p2a: Ditto|Ditto|47/100 tox|[from]move: U-turn
|-transform|p2a: Ditto|p1a: Toxapex|[from] ability: Imposter
|move|p1a: Toxapex|Scald|p2a: Ditto
|-resisted|p2a: Ditto
|-damage|p2a: Ditto|41/100 tox
|
|-damage|p2a: Ditto|35/100 tox|[from] psn
|upkeep
|turn|109
|
|t:|1666164077
|switch|p2a: Dragonite|Dragonite, M|69/100 tox
|switch|p1a: Tornadus|Tornadus-Therian, M|100/100
|
|-damage|p2a: Dragonite|63/100 tox|[from] psn
|upkeep
|turn|110
|
|t:|1666164083
|move|p1a: Tornadus|Hurricane|p2a: Dragonite
|-damage|p2a: Dragonite|29/100 tox
|-start|p2a: Dragonite|confusion
|-activate|p2a: Dragonite|confusion
|-damage|p2a: Dragonite|20/100 tox|[from] confusion
|
|-damage|p2a: Dragonite|8/100 tox|[from] psn
|upkeep
|turn|111
|
|t:|1666164095
|move|p1a: Tornadus|Hurricane|p2a: Dragonite
|-damage|p2a: Dragonite|0 fnt
|faint|p2a: Dragonite
|
|upkeep
|
|t:|1666164098
|switch|p2a: Quagsire|Quagsire, M|100/100
|turn|112
|
|t:|1666164105
|switch|p1a: Toxapex|Toxapex, F|100/100
|move|p2a: Quagsire|Earthquake|p1a: Toxapex
|-supereffective|p1a: Toxapex
|-damage|p1a: Toxapex|67/100
|
|upkeep
|turn|113
|
|t:|1666164115
|switch|p1a: Tornadus|Tornadus-Therian, M|100/100
|switch|p2a: Ditto|Ditto|68/100 tox
|-transform|p2a: Ditto|p1a: Tornadus|[from] ability: Imposter
|
|-damage|p2a: Ditto|62/100 tox|[from] psn
|upkeep
|turn|114
|
|t:|1666164119
|switch|p2a: Corviknight|Corviknight, M|56/100 brn
|-ability|p2a: Corviknight|Pressure
|move|p1a: Tornadus|Knock Off|p2a: Corviknight
|-damage|p2a: Corviknight|43/100 brn
|
|-damage|p2a: Corviknight|36/100 brn|[from] brn
|upkeep
|turn|115
|
|t:|1666164126
|move|p1a: Tornadus|Knock Off|p2a: Corviknight
|-damage|p2a: Corviknight|23/100 brn
|move|p2a: Corviknight|Roost|p2a: Corviknight
|-heal|p2a: Corviknight|73/100 brn
|-singleturn|p2a: Corviknight|move: Roost
|
|-damage|p2a: Corviknight|67/100 brn|[from] brn
|upkeep
|turn|116
|
|t:|1666164132
|move|p1a: Tornadus|Knock Off|p2a: Corviknight
|-damage|p2a: Corviknight|54/100 brn
|move|p2a: Corviknight|U-turn|p1a: Tornadus
|-resisted|p1a: Tornadus
|-damage|p1a: Tornadus|97/100
|
|t:|1666164134
|switch|p2a: Quagsire|Quagsire, M|100/100|[from]move: U-turn
|
|upkeep
|turn|117
|
|t:|1666164136
|move|p1a: Tornadus|Knock Off|p2a: Quagsire
|-damage|p2a: Quagsire|80/100
|-enditem|p2a: Quagsire|Leftovers|[from] move: Knock Off|[of] p1a: Tornadus
|move|p2a: Quagsire|Toxic|p1a: Tornadus
|-status|p1a: Tornadus|tox
|
|-damage|p1a: Tornadus|91/100 tox|[from] psn
|upkeep
|turn|118
|
|t:|1666164142
|switch|p1a: Toxapex|Toxapex, F|99/100
|move|p2a: Quagsire|Scald|p1a: Toxapex
|-resisted|p1a: Toxapex
|-damage|p1a: Toxapex|92/100
|
|upkeep
|turn|119
|
|t:|1666164151
|switch|p1a: Garchomp|Garchomp, M|53/100
|switch|p2a: Ditto|Ditto|95/100 tox
|-transform|p2a: Ditto|p1a: Garchomp|[from] ability: Imposter
|
|-damage|p2a: Ditto|89/100 tox|[from] psn
|upkeep
|turn|120
|j| yuhanong
|
|t:|1666164162
|move|p1a: Garchomp|Protect|p1a: Garchomp
|-singleturn|p1a: Garchomp|Protect
|move|p2a: Ditto|Stealth Rock|p1a: Garchomp
|-sidestart|p1: Copland|move: Stealth Rock
|
|-damage|p2a: Ditto|77/100 tox|[from] psn
|upkeep
|turn|121
|l| nolifenohope
|l| yuhanong
|
|t:|1666164169
|switch|p2a: Quagsire|Quagsire, M|80/100
|move|p1a: Garchomp|Stealth Rock|p2a: Quagsire
|-sidestart|p2: Aim on mai wei|move: Stealth Rock
|
|upkeep
|turn|122
|
|t:|1666164172
|move|p1a: Garchomp|Toxic|p2a: Quagsire
|-status|p2a: Quagsire|tox
|move|p2a: Quagsire|Toxic|p1a: Garchomp
|-status|p1a: Garchomp|tox
|
|-damage|p1a: Garchomp|47/100 tox|[from] psn
|-damage|p2a: Quagsire|74/100 tox|[from] psn
|upkeep
|turn|123
|
|t:|1666164178
|switch|p1a: Melmetal|Melmetal|50/100
|-damage|p1a: Melmetal|44/100|[from] Stealth Rock
|move|p2a: Quagsire|Recover|p2a: Quagsire
|-heal|p2a: Quagsire|100/100 tox
|
|-heal|p1a: Melmetal|50/100|[from] item: Leftovers
|-damage|p2a: Quagsire|88/100 tox|[from] psn
|upkeep
|turn|124
|
|t:|1666164187
|switch|p2a: Corviknight|Corviknight, M|54/100 brn
|-damage|p2a: Corviknight|42/100 brn|[from] Stealth Rock
|-ability|p2a: Corviknight|Pressure
|move|p1a: Melmetal|Double Iron Bash|p2a: Corviknight
|-resisted|p2a: Corviknight
|-damage|p2a: Corviknight|29/100 brn
|-resisted|p2a: Corviknight
|-damage|p2a: Corviknight|17/100 brn
|-hitcount|p2a: Corviknight|2
|
|-heal|p1a: Melmetal|57/100|[from] item: Leftovers
|-damage|p2a: Corviknight|11/100 brn|[from] brn
|upkeep
|turn|125
|
|t:|1666164197
|move|p2a: Corviknight|Roost|p2a: Corviknight
|-heal|p2a: Corviknight|61/100 brn
|-singleturn|p2a: Corviknight|move: Roost
|move|p1a: Melmetal|Earthquake|p2a: Corviknight
|-supereffective|p2a: Corviknight
|-damage|p2a: Corviknight|19/100 brn
|
|-heal|p1a: Melmetal|63/100|[from] item: Leftovers
|-damage|p2a: Corviknight|13/100 brn|[from] brn
|upkeep
|turn|126
|
|t:|1666164203
|move|p1a: Melmetal|Protect|p1a: Melmetal
|-singleturn|p1a: Melmetal|Protect
|move|p2a: Corviknight|Roost|p2a: Corviknight
|-heal|p2a: Corviknight|63/100 brn
|-singleturn|p2a: Corviknight|move: Roost
|
|-heal|p1a: Melmetal|69/100|[from] item: Leftovers
|-damage|p2a: Corviknight|57/100 brn|[from] brn
|upkeep
|turn|127
|j| nolifenohope
|
|t:|1666164210
|move|p2a: Corviknight|Body Press|p1a: Melmetal
|-supereffective|p1a: Melmetal
|-damage|p1a: Melmetal|56/100
|move|p1a: Melmetal|Toxic||[still]
|-fail|p1a: Melmetal
|
|-heal|p1a: Melmetal|62/100|[from] item: Leftovers
|-damage|p2a: Corviknight|50/100 brn|[from] brn
|upkeep
|turn|128
|
|t:|1666164218
|move|p1a: Melmetal|Protect|p1a: Melmetal
|-singleturn|p1a: Melmetal|Protect
|move|p2a: Corviknight|Body Press|p1a: Melmetal
|-activate|p1a: Melmetal|move: Protect
|
|-heal|p1a: Melmetal|68/100|[from] item: Leftovers
|-damage|p2a: Corviknight|44/100 brn|[from] brn
|upkeep
|turn|129
|
|t:|1666164220
|switch|p1a: Toxapex|Toxapex, F|100/100
|-damage|p1a: Toxapex|88/100|[from] Stealth Rock
|move|p2a: Corviknight|Body Press|p1a: Toxapex
|-resisted|p1a: Toxapex
|-damage|p1a: Toxapex|84/100
|
|-damage|p2a: Corviknight|38/100 brn|[from] brn
|upkeep
|turn|130
|
|t:|1666164224
|switch|p1a: Tornadus|Tornadus-Therian, M|100/100 tox
|-damage|p1a: Tornadus|76/100 tox|[from] Stealth Rock
|move|p2a: Corviknight|U-turn|p1a: Tornadus
|-resisted|p1a: Tornadus
|-damage|p1a: Tornadus|72/100 tox
|
|t:|1666164232
|switch|p2a: Ditto|Ditto|77/100 tox|[from]move: U-turn
|-damage|p2a: Ditto|65/100 tox|[from] Stealth Rock
|-transform|p2a: Ditto|p1a: Tornadus|[from] ability: Imposter
|
|-damage|p2a: Ditto|59/100 tox|[from] psn
|-damage|p1a: Tornadus|66/100 tox|[from] psn
|upkeep
|turn|131
|
|t:|1666164240
|move|p2a: Ditto|Hurricane|p1a: Tornadus
|-damage|p1a: Tornadus|27/100 tox
|move|p1a: Tornadus|Hurricane|p2a: Ditto
|-damage|p2a: Ditto|9/100 tox
|
|-damage|p2a: Ditto|0 fnt|[from] psn
|faint|p2a: Ditto
|-damage|p1a: Tornadus|15/100 tox|[from] psn
|upkeep
|
|t:|1666164249
|switch|p2a: Quagsire|Quagsire, M|88/100 tox
|-damage|p2a: Quagsire|82/100 tox|[from] Stealth Rock
|turn|132
|
|t:|1666164253
|move|p1a: Tornadus|Hurricane|p2a: Quagsire
|-damage|p2a: Quagsire|28/100 tox
|move|p2a: Quagsire|Recover|p2a: Quagsire
|-heal|p2a: Quagsire|78/100 tox
|
|-damage|p1a: Tornadus|0 fnt|[from] psn
|faint|p1a: Tornadus
|-damage|p2a: Quagsire|72/100 tox|[from] psn
|upkeep
|
|t:|1666164256
|switch|p1a: Hydreigon|Hydreigon, F|37/100
|-damage|p1a: Hydreigon|25/100|[from] Stealth Rock
|turn|133
|
|t:|1666164262
|move|p1a: Hydreigon|Taunt|p2a: Quagsire
|-start|p2a: Quagsire|move: Taunt
|move|p2a: Quagsire|Scald|p1a: Hydreigon
|-resisted|p1a: Hydreigon
|-damage|p1a: Hydreigon|13/100
|
|-heal|p1a: Hydreigon|19/100|[from] item: Leftovers
|-damage|p2a: Quagsire|60/100 tox|[from] psn
|upkeep
|turn|134
|c|☆Copland|gg
|-message|Aim on mai wei forfeited.
|
|win|Copland
|raw|Copland's rating: 1795 &rarr; <strong>1811</strong><br />(+16 for winning)
|raw|Aim on mai wei's rating: 1724 &rarr; <strong>1708</strong><br />(-16 for losing)
|l|☆Aim on mai wei
|l| Ragnnis
