|html|<div class="broadcast-blue"><strong>[Gen 8] OU is currently suspecting Melmetal! For information on how to participate check out the <a href="https://www.smogon.com/forums/threads/np-ss-ou-suspect-process-round-12-monster-mash.3709234/">suspect thread</a>.</strong></div>
|j|☆samohi0
|j|☆Spookypatata
|t:|1665896027
|gametype|singles
|player|p1|samohi0|265|1610
|player|p2|Spookypatata|kimonogirl|1621
|teamsize|p1|6
|teamsize|p2|6
|gen|8
|tier|[Gen 8] OU
|rated|
|rule|Sleep Clause Mod: Limit one foe put to sleep
|rule|Species Clause: Limit one of each Pokémon
|rule|OHKO Clause: OHKO moves are banned
|rule|Evasion Items Clause: Evasion items are banned
|rule|Evasion Moves Clause: Evasion moves are banned
|rule|Endless Battle Clause: Forcing endless battles is banned
|rule|HP Percentage Mod: HP is shown in percentages
|rule|Dynamax Clause: You cannot dynamax
|clearpoke
|poke|p1|Heatran, F|
|poke|p1|Dragapult, F|
|poke|p1|Toxapex, M|
|poke|p1|Hydreigon, F|
|poke|p1|Landorus-Therian, M|
|poke|p1|Rillaboom, M|
|poke|p2|Melmetal|
|poke|p2|Dragapult, M|
|poke|p2|Garchomp, F|
|poke|p2|Zapdos|
|poke|p2|Ferrothorn, M|
|poke|p2|Clefable, M|
|teampreview
|j| Outhippowdon
|inactive|Battle timer is ON: inactive players will automatically lose when time's up. (requested by samohi0)
|
|t:|1665896078
|start
|switch|p1a: Dragapult|Dragapult, F, shiny|100/100
|switch|p2a: Dragapult|Dragapult, M|100/100
|turn|1
|j| pickin up pieces
|
|t:|1665896102
|switch|p1a: Heatran|Heatran, F, shiny|100/100
|switch|p2a: Clefable|Clefable, M|100/100
|
|upkeep
|turn|2
|
|t:|1665896116
|move|p1a: Heatran|Magma Storm|p2a: Clefable
|-damage|p2a: Clefable|71/100
|-activate|p2a: Clefable|move: Magma Storm|[of] p1a: Heatran
|move|p2a: Clefable|Calm Mind|p2a: Clefable
|-boost|p2a: Clefable|spa|1
|-boost|p2a: Clefable|spd|1
|
|upkeep
|turn|3
|
|t:|1665896127
|move|p1a: Heatran|Stealth Rock|p2a: Clefable
|-sidestart|p2: Spookypatata|move: Stealth Rock
|move|p2a: Clefable|Thunder|p1a: Heatran
|-damage|p1a: Heatran|71/100
|
|-heal|p1a: Heatran|77/100|[from] item: Leftovers
|upkeep
|turn|4
|
|t:|1665896145
|switch|p1a: Rillaboom|Rillaboom, M, shiny|100/100
|-fieldstart|move: Grassy Terrain|[from] ability: Grassy Surge|[of] p1a: Rillaboom
|move|p2a: Clefable|Thunder|p1a: Rillaboom|[miss]
|-miss|p2a: Clefable|p1a: Rillaboom
|
|-heal|p2a: Clefable|78/100|[from] Grassy Terrain
|-end|p2a: Clefable|Magma Storm|[partiallytrapped]|[silent]
|upkeep
|turn|5
|
|t:|1665896166
|switch|p2a: Zapdos|Zapdos|100/100
|move|p1a: Rillaboom|Knock Off|p2a: Zapdos
|-damage|p2a: Zapdos|41/100
|-enditem|p2a: Zapdos|Heavy-Duty Boots|[from] move: Knock Off|[of] p1a: Rillaboom
|-damage|p1a: Rillaboom|91/100|[from] item: Life Orb
|
|-heal|p1a: Rillaboom|97/100|[from] Grassy Terrain
|upkeep
|turn|6
|inactive|Spookypatata has 120 seconds left.
|l|☆Spookypatata
|inactive|Spookypatata disconnected and has a minute to reconnect!
|player|p2|
|j|☆Spookypatata
|inactive|Spookypatata reconnected and has 90 seconds left.
|player|p2|Spookypatata|kimonogirl
|
|t:|1665896215
|switch|p2a: Ferrothorn|Ferrothorn, M|100/100
|-damage|p2a: Ferrothorn|94/100|[from] Stealth Rock
|switch|p1a: Dragapult|Dragapult, F, shiny|100/100
|
|-heal|p2a: Ferrothorn|100/100|[from] Grassy Terrain
|upkeep
|turn|7
|inactive|Spookypatata has 90 seconds left.
|
|t:|1665896247
|switch|p2a: Garchomp|Garchomp, F|100/100
|-damage|p2a: Garchomp|94/100|[from] Stealth Rock
|move|p1a: Dragapult|Flamethrower|p2a: Garchomp
|-resisted|p2a: Garchomp
|-damage|p2a: Garchomp|71/100
|
|-heal|p2a: Garchomp|78/100|[from] Grassy Terrain
|-heal|p2a: Garchomp|84/100|[from] item: Leftovers
|upkeep
|turn|8
|
|t:|1665896270
|switch|p1a: Landorus|Landorus-Therian, M, shiny|100/100
|-ability|p1a: Landorus|Intimidate|boost
|-unboost|p2a: Garchomp|atk|1
|move|p2a: Garchomp|Swords Dance|p2a: Garchomp
|-boost|p2a: Garchomp|atk|2
|
|-heal|p2a: Garchomp|90/100|[from] Grassy Terrain
|-heal|p2a: Garchomp|96/100|[from] item: Leftovers
|-fieldend|move: Grassy Terrain
|upkeep
|turn|9
|
|t:|1665896280
|move|p2a: Garchomp|Scale Shot|p1a: Landorus
|-damage|p1a: Landorus|81/100
|-damage|p1a: Landorus|62/100
|-damage|p1a: Landorus|43/100
|-hitcount|p1a: Landorus|3
|-unboost|p2a: Garchomp|def|1
|-boost|p2a: Garchomp|spe|1
|move|p1a: Landorus|Earthquake|p2a: Garchomp
|-damage|p2a: Garchomp|27/100
|
|-heal|p2a: Garchomp|33/100|[from] item: Leftovers
|-heal|p1a: Landorus|49/100|[from] item: Leftovers
|upkeep
|turn|10
|inactive|Spookypatata has 60 seconds left.
|
|t:|1665896316
|move|p2a: Garchomp|Scale Shot|p1a: Landorus
|-damage|p1a: Landorus|29/100
|-damage|p1a: Landorus|9/100
|-damage|p1a: Landorus|0 fnt
|faint|p1a: Landorus
|-hitcount|p1: Landorus|3
|-unboost|p2a: Garchomp|def|1
|-boost|p2a: Garchomp|spe|1
|
|-heal|p2a: Garchomp|39/100|[from] item: Leftovers
|upkeep
|inactive|samohi0 has 120 seconds left.
|inactive|samohi0 has 90 seconds left.
|
|t:|1665896374
|switch|p1a: Rillaboom|Rillaboom, M, shiny|97/100
|-fieldstart|move: Grassy Terrain|[from] ability: Grassy Surge|[of] p1a: Rillaboom
|turn|11
|
|t:|1665896385
|switch|p2a: Ferrothorn|Ferrothorn, M|100/100
|-damage|p2a: Ferrothorn|94/100|[from] Stealth Rock
|move|p1a: Rillaboom|Grassy Glide|p2a: Ferrothorn
|-resisted|p2a: Ferrothorn
|-damage|p2a: Ferrothorn|84/100
|-damage|p1a: Rillaboom|84/100|[from] ability: Iron Barbs|[of] p2a: Ferrothorn
|-damage|p1a: Rillaboom|75/100|[from] item: Life Orb
|
|-heal|p1a: Rillaboom|81/100|[from] Grassy Terrain
|-heal|p2a: Ferrothorn|91/100|[from] Grassy Terrain
|-heal|p2a: Ferrothorn|97/100|[from] item: Leftovers
|upkeep
|turn|12
|inactive|samohi0 has 90 seconds left.
|
|t:|1665896402
|switch|p1a: Heatran|Heatran, F, shiny|77/100
|move|p2a: Ferrothorn|Stealth Rock|p1a: Heatran
|-sidestart|p1: samohi0|move: Stealth Rock
|
|-heal|p1a: Heatran|84/100|[from] Grassy Terrain
|-heal|p1a: Heatran|90/100|[from] item: Leftovers
|-heal|p2a: Ferrothorn|100/100|[from] Grassy Terrain
|upkeep
|turn|13
|inactive|Spookypatata has 60 seconds left.
|
|t:|1665896426
|switch|p2a: Garchomp|Garchomp, F|39/100
|-damage|p2a: Garchomp|33/100|[from] Stealth Rock
|move|p1a: Heatran|Magma Storm|p2a: Garchomp
|-resisted|p2a: Garchomp
|-damage|p2a: Garchomp|9/100
|-activate|p2a: Garchomp|move: Magma Storm|[of] p1a: Heatran
|
|-heal|p2a: Garchomp|15/100|[from] Grassy Terrain
|-heal|p2a: Garchomp|21/100|[from] item: Leftovers
|-heal|p1a: Heatran|96/100|[from] Grassy Terrain
|-heal|p1a: Heatran|100/100|[from] item: Leftovers
|-damage|p2a: Garchomp|9/100|[from] move: Magma Storm|[partiallytrapped]
|upkeep
|turn|14
|
|t:|1665896448
|move|p2a: Garchomp|Scale Shot|p1a: Heatran
|-resisted|p1a: Heatran
|-damage|p1a: Heatran|95/100
|-resisted|p1a: Heatran
|-damage|p1a: Heatran|90/100
|-resisted|p1a: Heatran
|-damage|p1a: Heatran|84/100
|-resisted|p1a: Heatran
|-damage|p1a: Heatran|79/100
|-resisted|p1a: Heatran
|-damage|p1a: Heatran|73/100
|-hitcount|p1a: Heatran|5
|-unboost|p2a: Garchomp|def|1
|-boost|p2a: Garchomp|spe|1
|move|p1a: Heatran|Earth Power|p2a: Garchomp
|-damage|p2a: Garchomp|0 fnt
|faint|p2a: Garchomp
|
|-heal|p1a: Heatran|80/100|[from] Grassy Terrain
|-heal|p1a: Heatran|86/100|[from] item: Leftovers
|upkeep
|inactive|Spookypatata has 30 seconds left.
|
|t:|1665896462
|switch|p2a: Clefable|Clefable, M|78/100
|turn|15
|
|t:|1665896474
|switch|p1a: Rillaboom|Rillaboom, M, shiny|81/100
|-damage|p1a: Rillaboom|68/100|[from] Stealth Rock
|move|p2a: Clefable|Calm Mind|p2a: Clefable
|-boost|p2a: Clefable|spa|1
|-boost|p2a: Clefable|spd|1
|
|-heal|p1a: Rillaboom|75/100|[from] Grassy Terrain
|-heal|p2a: Clefable|84/100|[from] Grassy Terrain
|-fieldend|move: Grassy Terrain
|upkeep
|turn|16
|
|t:|1665896488
|move|p1a: Rillaboom|Swords Dance|p1a: Rillaboom
|-boost|p1a: Rillaboom|atk|2
|move|p2a: Clefable|Moonblast|p1a: Rillaboom
|-damage|p1a: Rillaboom|10/100
|
|upkeep
|turn|17
|
|t:|1665896501
|switch|p2a: Ferrothorn|Ferrothorn, M|100/100
|-damage|p2a: Ferrothorn|94/100|[from] Stealth Rock
|move|p1a: Rillaboom|Superpower|p2a: Ferrothorn
|-supereffective|p2a: Ferrothorn
|-damage|p2a: Ferrothorn|0 fnt
|-unboost|p1a: Rillaboom|atk|1
|-unboost|p1a: Rillaboom|def|1
|-damage|p1a: Rillaboom|0 fnt|[from] ability: Iron Barbs|[of] p2a: Ferrothorn
|faint|p2a: Ferrothorn
|faint|p1a: Rillaboom
|
|upkeep
|
|t:|1665896515
|switch|p1a: Dragapult|Dragapult, F, shiny|100/100
|switch|p2a: Clefable|Clefable, M|84/100
|-damage|p1a: Dragapult|88/100|[from] Stealth Rock
|turn|18
|
|t:|1665896519
|move|p1a: Dragapult|Shadow Ball|p2a: Clefable
|-damage|p2a: Clefable|42/100
|move|p2a: Clefable|Calm Mind|p2a: Clefable
|-boost|p2a: Clefable|spa|1
|-boost|p2a: Clefable|spd|1
|
|upkeep
|turn|19
|
|t:|1665896524
|move|p1a: Dragapult|Shadow Ball|p2a: Clefable
|-damage|p2a: Clefable|16/100
|move|p2a: Clefable|Soft-Boiled|p2a: Clefable
|-heal|p2a: Clefable|66/100
|
|upkeep
|turn|20
|
|t:|1665896527
|move|p1a: Dragapult|Shadow Ball|p2a: Clefable
|-damage|p2a: Clefable|38/100
|-unboost|p2a: Clefable|spd|1
|move|p2a: Clefable|Soft-Boiled|p2a: Clefable
|-heal|p2a: Clefable|88/100
|
|upkeep
|turn|21
|
|t:|1665896532
|move|p1a: Dragapult|Shadow Ball|p2a: Clefable
|-damage|p2a: Clefable|47/100
|move|p2a: Clefable|Calm Mind|p2a: Clefable
|-boost|p2a: Clefable|spa|1
|-boost|p2a: Clefable|spd|1
|
|upkeep
|turn|22
|
|t:|1665896536
|move|p1a: Dragapult|Shadow Ball|p2a: Clefable
|-damage|p2a: Clefable|21/100
|move|p2a: Clefable|Soft-Boiled|p2a: Clefable
|-heal|p2a: Clefable|71/100
|
|upkeep
|turn|23
|c|☆Spookypatata|stop clicking shadow ball cringelord
|
|t:|1665896565
|move|p1a: Dragapult|Shadow Ball|p2a: Clefable
|-damage|p2a: Clefable|45/100
|move|p2a: Clefable|Soft-Boiled|p2a: Clefable
|-heal|p2a: Clefable|95/100
|
|upkeep
|turn|24
|c|☆samohi0|says the guy using Clefable
|
|t:|1665896579
|move|p1a: Dragapult|Shadow Ball|p2a: Clefable
|-damage|p2a: Clefable|68/100
|move|p2a: Clefable|Calm Mind|p2a: Clefable
|-boost|p2a: Clefable|spa|1
|-boost|p2a: Clefable|spd|1
|
|upkeep
|turn|25
|
|t:|1665896590
|switch|p1a: Toxapex|Toxapex, M|100/100
|-damage|p1a: Toxapex|88/100|[from] Stealth Rock
|move|p2a: Clefable|Soft-Boiled|p2a: Clefable
|-heal|p2a: Clefable|100/100
|
|upkeep
|turn|26
|
|t:|1665896606
|move|p2a: Clefable|Moonblast|p1a: Toxapex
|-resisted|p1a: Toxapex
|-damage|p1a: Toxapex|47/100
|move|p1a: Toxapex|Haze|p1a: Toxapex
|-clearallboost
|
|upkeep
|turn|27
|
|t:|1665896611
|move|p2a: Clefable|Calm Mind|p2a: Clefable
|-boost|p2a: Clefable|spa|1
|-boost|p2a: Clefable|spd|1
|move|p1a: Toxapex|Poison Jab|p2a: Clefable
|-supereffective|p2a: Clefable
|-damage|p2a: Clefable|65/100
|
|upkeep
|turn|28
|
|t:|1665896615
|move|p2a: Clefable|Thunder|p1a: Toxapex
|-supereffective|p1a: Toxapex
|-damage|p1a: Toxapex|0 fnt
|faint|p1a: Toxapex
|
|upkeep
|
|t:|1665896618
|switch|p1a: Dragapult|Dragapult, F, shiny|88/100
|-damage|p1a: Dragapult|76/100|[from] Stealth Rock
|turn|29
|
|t:|1665896620
|move|p1a: Dragapult|Shadow Ball|p2a: Clefable
|-damage|p2a: Clefable|37/100
|move|p2a: Clefable|Soft-Boiled|p2a: Clefable
|-heal|p2a: Clefable|87/100
|
|upkeep
|turn|30
|
|t:|1665896624
|move|p1a: Dragapult|Shadow Ball|p2a: Clefable
|-damage|p2a: Clefable|62/100
|move|p2a: Clefable|Calm Mind|p2a: Clefable
|-boost|p2a: Clefable|spa|1
|-boost|p2a: Clefable|spd|1
|
|upkeep
|turn|31
|
|t:|1665896629
|move|p1a: Dragapult|Shadow Ball|p2a: Clefable
|-damage|p2a: Clefable|42/100
|move|p2a: Clefable|Soft-Boiled|p2a: Clefable
|-heal|p2a: Clefable|93/100
|
|upkeep
|turn|32
|
|t:|1665896632
|move|p1a: Dragapult|Shadow Ball|p2a: Clefable
|-damage|p2a: Clefable|71/100
|move|p2a: Clefable|Moonblast|p1a: Dragapult
|-supereffective|p1a: Dragapult
|-damage|p1a: Dragapult|0 fnt
|faint|p1a: Dragapult
|
|upkeep
|-message|samohi0 forfeited.
|
|win|Spookypatata
|raw|samohi0's rating: 1588 &rarr; <strong>1570</strong><br />(-18 for losing)
|raw|Spookypatata's rating: 1621 &rarr; <strong>1639</strong><br />(+18 for winning)
|l|☆samohi0
|l| pickin up pieces
