|raw|<div class="broadcast-blue"><strong>This battle is required to be public due to a player having a name starting with 'lt91bb'.</div>
|j|☆Banned by week 2
|j|☆LT91BB halid
|t:|1659464445
|gametype|singles
|player|p1|Banned by week 2|picnicker|1911
|player|p2|LT91BB halid|unknownf|1844
|teamsize|p1|6
|teamsize|p2|6
|gen|8
|tier|[Gen 8] OU
|rated|
|rule|Sleep Clause Mod: Limit one foe put to sleep
|rule|Species Clause: Limit one of each Pokémon
|rule|OHKO Clause: OHKO moves are banned
|rule|Evasion Moves Clause: Evasion moves are banned
|rule|Endless Battle Clause: Forcing endless battles is banned
|rule|HP Percentage Mod: HP is shown in percentages
|rule|Dynamax Clause: You cannot dynamax
|clearpoke
|poke|p1|Garchomp, F|
|poke|p1|Landorus-Therian, M|
|poke|p1|Tapu Fini|
|poke|p1|Kartana|
|poke|p1|Tapu Lele|
|poke|p1|Magnezone|
|poke|p2|Ferrothorn, M|
|poke|p2|Blacephalon|
|poke|p2|Tapu Koko|
|poke|p2|Cloyster, M|
|poke|p2|Hawlucha, M|
|poke|p2|Diggersby, M|
|teampreview
|j| Tctcycyc
|
|t:|1659464457
|start
|switch|p1a: Landorus|Landorus-Therian, M|100/100
|switch|p2a: Quintessa|Tapu Koko, shiny|100/100
|-fieldstart|move: Electric Terrain|[from] ability: Electric Surge|[of] p2a: Quintessa
|-ability|p1a: Landorus|Intimidate|boost
|-unboost|p2a: Quintessa|atk|1
|turn|1
|
|t:|1659464460
|move|p2a: Quintessa|U-turn|p1a: Landorus
|-resisted|p1a: Landorus
|-damage|p1a: Landorus|94/100
|l| Tctcycyc
|
|t:|1659464465
|switch|p2a: Ferrothorn|Ferrothorn, M|100/100|[from]move: U-turn
|move|p1a: Landorus|Stealth Rock|p2a: Ferrothorn
|-sidestart|p2: LT91BB halid|move: Stealth Rock
|
|upkeep
|turn|2
|
|t:|1659464468
|switch|p1a: Magnezone|Magnezone|100/100
|move|p2a: Ferrothorn|Spikes|p1a: Magnezone
|-sidestart|p1: Banned by week 2|Spikes
|
|upkeep
|turn|3
|j| NDHB
|
|t:|1659464472
|move|p1a: Magnezone|Iron Defense|p1a: Magnezone
|-boost|p1a: Magnezone|def|2
|move|p2a: Ferrothorn|Stealth Rock|p1a: Magnezone
|-sidestart|p1: Banned by week 2|move: Stealth Rock
|
|upkeep
|turn|4
|
|t:|1659464475
|move|p1a: Magnezone|Iron Defense|p1a: Magnezone
|-boost|p1a: Magnezone|def|2
|move|p2a: Ferrothorn|Spikes|p1a: Magnezone
|-sidestart|p1: Banned by week 2|Spikes
|
|upkeep
|turn|5
|
|t:|1659464477
|move|p1a: Magnezone|Body Press|p2a: Ferrothorn
|-supereffective|p2a: Ferrothorn
|-enditem|p2a: Ferrothorn|Chople Berry|[eat]
|-enditem|p2a: Ferrothorn|Chople Berry|[weaken]
|-damage|p2a: Ferrothorn|55/100
|-damage|p1a: Magnezone|88/100|[from] ability: Iron Barbs|[of] p2a: Ferrothorn
|move|p2a: Ferrothorn|Spikes|p1a: Magnezone
|-sidestart|p1: Banned by week 2|Spikes
|
|-fieldend|move: Electric Terrain
|upkeep
|turn|6
|
|t:|1659464481
|move|p1a: Magnezone|Body Press|p2a: Ferrothorn
|-supereffective|p2a: Ferrothorn
|-damage|p2a: Ferrothorn|0 fnt
|-damage|p1a: Magnezone|76/100|[from] ability: Iron Barbs|[of] p2a: Ferrothorn
|faint|p2a: Ferrothorn
|
|upkeep
|
|t:|1659464487
|switch|p2a: Hyperspace|Blacephalon, shiny|100/100
|-damage|p2a: Hyperspace|76/100|[from] Stealth Rock
|turn|7
|
|t:|1659464492
|move|p2a: Hyperspace|Flamethrower|p1a: Magnezone
|-supereffective|p1a: Magnezone
|-damage|p1a: Magnezone|0 fnt
|faint|p1a: Magnezone
|-ability|p2a: Hyperspace|Beast Boost|boost
|-boost|p2a: Hyperspace|spa|1
|
|upkeep
|
|t:|1659464498
|switch|p1a: Kartana|Kartana|100/100
|-damage|p1a: Kartana|76/100|[from] Spikes
|-damage|p1a: Kartana|70/100|[from] Stealth Rock
|turn|8
|
|t:|1659464503
|switch|p2a: Quintessa|Tapu Koko, shiny|100/100
|-damage|p2a: Quintessa|88/100|[from] Stealth Rock
|-fieldstart|move: Electric Terrain|[from] ability: Electric Surge|[of] p2a: Quintessa
|move|p1a: Kartana|Leaf Blade|p2a: Quintessa
|-damage|p2a: Quintessa|0 fnt
|faint|p2a: Quintessa
|-ability|p1a: Kartana|Beast Boost|boost
|-boost|p1a: Kartana|atk|1
|
|upkeep
|
|t:|1659464507
|switch|p2a: Antichrist|Hawlucha, M, shiny|100/100
|-damage|p2a: Antichrist|88/100|[from] Stealth Rock
|-enditem|p2a: Antichrist|Electric Seed
|-boost|p2a: Antichrist|def|1|[from] item: Electric Seed
|turn|9
|
|t:|1659464515
|switch|p1a: Landorus|Landorus-Therian, M|94/100
|-damage|p1a: Landorus|82/100|[from] Stealth Rock
|-ability|p1a: Landorus|Intimidate|boost
|-unboost|p2a: Antichrist|atk|1
|move|p2a: Antichrist|Swords Dance|p2a: Antichrist
|-boost|p2a: Antichrist|atk|2
|
|upkeep
|turn|10
|
|t:|1659464518
|move|p2a: Antichrist|Substitute|p2a: Antichrist
|-start|p2a: Antichrist|Substitute
|-damage|p2a: Antichrist|63/100
|move|p1a: Landorus|Explosion|p2a: Antichrist
|-enditem|p1a: Landorus|Normal Gem|[from] gem
|-end|p2a: Antichrist|Substitute
|faint|p1a: Landorus
|
|upkeep
|
|t:|1659464524
|switch|p1a: Tapu Fini|Tapu Fini|100/100
|-damage|p1a: Tapu Fini|76/100|[from] Spikes
|-damage|p1a: Tapu Fini|63/100|[from] Stealth Rock
|-fieldstart|move: Misty Terrain|[from] ability: Misty Surge|[of] p1a: Tapu Fini
|turn|11
|
|t:|1659464527
|move|p2a: Antichrist|Acrobatics|p1a: Tapu Fini
|-damage|p1a: Tapu Fini|0 fnt
|faint|p1a: Tapu Fini
|
|upkeep
|
|t:|1659464532
|switch|p1a: Tapu Lele|Tapu Lele|100/100
|-damage|p1a: Tapu Lele|76/100|[from] Spikes
|-damage|p1a: Tapu Lele|63/100|[from] Stealth Rock
|-fieldstart|move: Psychic Terrain|[from] ability: Psychic Surge|[of] p1a: Tapu Lele
|turn|12
|
|t:|1659464535
|move|p2a: Antichrist|Acrobatics|p1a: Tapu Lele
|-damage|p1a: Tapu Lele|0 fnt
|faint|p1a: Tapu Lele
|
|upkeep
|
|t:|1659464538
|switch|p1a: Garchomp|Garchomp, F|100/100
|-damage|p1a: Garchomp|76/100|[from] Spikes
|-damage|p1a: Garchomp|69/100|[from] Stealth Rock
|turn|13
|
|t:|1659464540
|move|p2a: Antichrist|Close Combat|p1a: Garchomp
|-damage|p1a: Garchomp|0 fnt
|-unboost|p2a: Antichrist|def|1
|-unboost|p2a: Antichrist|spd|1
|-damage|p2a: Antichrist|51/100|[from] ability: Rough Skin|[of] p1a: Garchomp
|faint|p1a: Garchomp
|
|upkeep
|
|t:|1659464544
|switch|p1a: Kartana|Kartana|70/100
|-damage|p1a: Kartana|45/100|[from] Spikes
|-damage|p1a: Kartana|39/100|[from] Stealth Rock
|turn|14
|
|t:|1659464546
|move|p2a: Antichrist|Acrobatics|p1a: Kartana
|-damage|p1a: Kartana|0 fnt
|faint|p1a: Kartana
|
|win|LT91BB halid
|raw|Banned by week 2's rating: 1911 &rarr; <strong>1887</strong><br />(-24 for losing)
|raw|LT91BB halid's rating: 1844 &rarr; <strong>1868</strong><br />(+24 for winning)
|l|☆Banned by week 2
|l|☆LT91BB halid
||Ladder isn't responding, score probably updated but might not have (Request timeout).
