|j|☆Tagalinha
|j|☆PQPP214
|t:|1645611494
|gametype|singles
|player|p1|Tagalinha|li|1376
|player|p2|PQPP214|170|1424
|teamsize|p1|6
|teamsize|p2|6
|gen|8
|tier|[Gen 8] OU
|rated|
|rule|Sleep Clause Mod: Limit one foe put to sleep
|rule|Species Clause: Limit one of each Pokémon
|rule|OHKO Clause: OHKO moves are banned
|rule|Evasion Moves Clause: Evasion moves are banned
|rule|Endless Battle Clause: Forcing endless battles is banned
|rule|HP Percentage Mod: HP is shown in percentages
|rule|Dynamax Clause: You cannot dynamax
|clearpoke
|poke|p1|Tyranitar, M|
|poke|p1|Dragapult, F|
|poke|p1|Corviknight, F|
|poke|p1|Excadrill, F|
|poke|p1|Zapdos|
|poke|p1|Rillaboom, M|
|poke|p2|Landorus-Therian, M|
|poke|p2|Tornadus-Therian, M|
|poke|p2|Zeraora|
|poke|p2|Zapdos-Galar|
|poke|p2|Jirachi|
|poke|p2|Toxapex, F|
|teampreview
|inactive|Battle timer is ON: inactive players will automatically lose when time's up. (requested by PQPP214)
|inactiveoff|Battle timer is now OFF.
|inactive|Battle timer is ON: inactive players will automatically lose when time's up. (requested by Tagalinha)
|
|t:|1645611509
|start
|switch|p1a: corno gourmet|Dragapult, F|100/100
|switch|p2a: Landorus|Landorus-Therian, M, shiny|100/100
|-ability|p2a: Landorus|Intimidate|boost
|-fail|p1a: corno gourmet|unboost|[from] ability: Clear Body|[of] p1a: corno gourmet
|turn|1
|
|t:|1645611513
|switch|p2a: Toxapex|Toxapex, F, shiny|100/100
|move|p1a: corno gourmet|Draco Meteor|p2a: Toxapex
|-damage|p2a: Toxapex|36/100
|-unboost|p1a: corno gourmet|spa|2
|
|upkeep
|turn|2
|
|t:|1645611524
|switch|p1a: ronaldo|Tyranitar, M|100/100
|-weather|Sandstorm|[from] ability: Sand Stream|[of] p1a: ronaldo
|move|p2a: Toxapex|Knock Off|p1a: ronaldo
|-resisted|p1a: ronaldo
|-damage|p1a: ronaldo|94/100
|-enditem|p1a: ronaldo|Smooth Rock|[from] move: Knock Off|[of] p2a: Toxapex
|
|-weather|Sandstorm|[upkeep]
|-damage|p2a: Toxapex|30/100|[from] Sandstorm
|upkeep
|turn|3
|
|t:|1645611534
|switch|p2a: Landorus|Landorus-Therian, M, shiny|100/100
|-ability|p2a: Landorus|Intimidate|boost
|-unboost|p1a: ronaldo|atk|1
|move|p1a: ronaldo|Stealth Rock|p2a: Landorus
|-sidestart|p2: PQPP214|move: Stealth Rock
|
|-weather|Sandstorm|[upkeep]
|upkeep
|turn|4
|
|t:|1645611541
|switch|p1a: aids 2|Zapdos|100/100
|move|p2a: Landorus|Defog|p1a: aids 2
|-unboost|p1a: aids 2|evasion|1
|-sideend|p2: PQPP214|Stealth Rock|[from] move: Defog|[of] p2a: Landorus
|
|-weather|Sandstorm|[upkeep]
|-damage|p1a: aids 2|94/100|[from] Sandstorm
|upkeep
|turn|5
|
|t:|1645611546
|switch|p2a: Jirachi|Jirachi, shiny|100/100
|move|p1a: aids 2|Toxic|p2a: Jirachi|[miss]
|-miss|p1a: aids 2|p2a: Jirachi
|
|-weather|Sandstorm|[upkeep]
|-damage|p1a: aids 2|88/100|[from] Sandstorm
|upkeep
|turn|6
|
|t:|1645611551
|move|p2a: Jirachi|Stealth Rock|p1a: aids 2
|-sidestart|p1: Tagalinha|move: Stealth Rock
|move|p1a: aids 2|Heat Wave|p2a: Jirachi
|-supereffective|p2a: Jirachi
|-damage|p2a: Jirachi|68/100
|
|-weather|Sandstorm|[upkeep]
|-damage|p1a: aids 2|82/100|[from] Sandstorm
|-heal|p2a: Jirachi|74/100|[from] item: Leftovers
|upkeep
|turn|7
|
|t:|1645611559
|switch|p2a: Zeraora|Zeraora, shiny|100/100
|move|p1a: aids 2|Heat Wave|p2a: Zeraora
|-damage|p2a: Zeraora|68/100
|-status|p2a: Zeraora|brn
|
|-weather|Sandstorm|[upkeep]
|-damage|p2a: Zeraora|62/100 brn|[from] Sandstorm
|-damage|p1a: aids 2|75/100|[from] Sandstorm
|-damage|p2a: Zeraora|56/100 brn|[from] brn
|upkeep
|turn|8
|
|t:|1645611566
|move|p2a: Zeraora|Knock Off|p1a: aids 2
|-damage|p1a: aids 2|65/100
|-enditem|p1a: aids 2|Heavy-Duty Boots|[from] move: Knock Off|[of] p2a: Zeraora
|move|p1a: aids 2|Roost|p1a: aids 2
|-heal|p1a: aids 2|100/100
|-singleturn|p1a: aids 2|move: Roost
|
|-weather|Sandstorm|[upkeep]
|-damage|p2a: Zeraora|50/100 brn|[from] Sandstorm
|-damage|p1a: aids 2|94/100|[from] Sandstorm
|-damage|p2a: Zeraora|44/100 brn|[from] brn
|upkeep
|turn|9
|
|t:|1645611580
|switch|p2a: Landorus|Landorus-Therian, M, shiny|100/100
|-ability|p2a: Landorus|Intimidate|boost
|-unboost|p1a: aids 2|atk|1
|move|p1a: aids 2|Roost|p1a: aids 2
|-heal|p1a: aids 2|100/100
|-singleturn|p1a: aids 2|move: Roost
|
|-weather|none
|upkeep
|turn|10
|l|☆PQPP214
|inactive|PQPP214 disconnected and has a minute to reconnect!
|player|p2|
|j|☆PQPP214
|inactive|PQPP214 reconnected and has 125 seconds left.
|player|p2|PQPP214|170
|inactive|PQPP214 has 120 seconds left.
|
|t:|1645611612
|move|p1a: aids 2|Toxic|p2a: Landorus
|-status|p2a: Landorus|tox
|move|p2a: Landorus|Toxic|p1a: aids 2
|-status|p1a: aids 2|tox
|
|-damage|p1a: aids 2|94/100 tox|[from] psn
|-damage|p2a: Landorus|94/100 tox|[from] psn
|upkeep
|turn|11
|inactive|Tagalinha has 120 seconds left.
|inactive|Tagalinha has 90 seconds left.
|l|☆PQPP214
|inactive|PQPP214 disconnected and has a minute to reconnect!
|player|p2|
|
|t:|1645611695
|switch|p1a: gordo|Corviknight, F|100/100
|-damage|p1a: gordo|88/100|[from] Stealth Rock
|-ability|p1a: gordo|Pressure
|switch|p2a: Toxapex|Toxapex, F, shiny|64/100
|
|-heal|p1a: gordo|94/100|[from] item: Leftovers
|upkeep
|turn|12
|j|☆PQPP214
|inactive|PQPP214 reconnected and has 130 seconds left.
|player|p2|PQPP214|170
|inactive|PQPP214 has 120 seconds left.
|
|t:|1645611718
|switch|p2a: Tornadus|Tornadus-Therian, M, shiny|100/100
|move|p1a: gordo|Defog|p2a: Tornadus
|-unboost|p2a: Tornadus|evasion|1
|-sideend|p1: Tagalinha|Stealth Rock|[from] move: Defog|[of] p1a: gordo
|
|-heal|p1a: gordo|100/100|[from] item: Leftovers
|upkeep
|turn|13
|inactive|PQPP214 has 120 seconds left.
|
|t:|1645611724
|move|p2a: Tornadus|Heat Wave|p1a: gordo
|-supereffective|p1a: gordo
|-damage|p1a: gordo|54/100
|move|p1a: gordo|U-turn|p2a: Tornadus
|-resisted|p2a: Tornadus
|-damage|p2a: Tornadus|93/100
|
|t:|1645611736
|switch|p1a: ronaldo|Tyranitar, M|94/100|[from]move: U-turn
|-weather|Sandstorm|[from] ability: Sand Stream|[of] p1a: ronaldo
|
|-weather|Sandstorm|[upkeep]
|-damage|p2a: Tornadus|87/100|[from] Sandstorm
|upkeep
|turn|14
|inactive|PQPP214 has 120 seconds left.
|
|t:|1645611768
|switch|p1a: aids 2|Zapdos|94/100 tox
|move|p2a: Tornadus|U-turn|p1a: aids 2
|-resisted|p1a: aids 2
|-damage|p1a: aids 2|89/100 tox
|
|t:|1645611778
|switch|p2a: Jirachi|Jirachi, shiny|74/100|[from]move: U-turn
|
|-weather|Sandstorm|[upkeep]
|-damage|p1a: aids 2|83/100 tox|[from] Sandstorm
|-heal|p2a: Jirachi|80/100|[from] item: Leftovers
|-damage|p1a: aids 2|77/100 tox|[from] psn
|upkeep
|turn|15
|inactive|Tagalinha has 90 seconds left.
|
|t:|1645611785
|move|p2a: Jirachi|Stealth Rock|p1a: aids 2
|-sidestart|p1: Tagalinha|move: Stealth Rock
|move|p1a: aids 2|Heat Wave|p2a: Jirachi
|-supereffective|p2a: Jirachi
|-damage|p2a: Jirachi|49/100
|
|-weather|Sandstorm|[upkeep]
|-damage|p1a: aids 2|70/100 tox|[from] Sandstorm
|-heal|p2a: Jirachi|55/100|[from] item: Leftovers
|-damage|p1a: aids 2|58/100 tox|[from] psn
|upkeep
|turn|16
|inactive|PQPP214 has 120 seconds left.
|
|t:|1645611796
|switch|p2a: Zeraora|Zeraora, shiny|44/100 brn
|move|p1a: aids 2|Roost|p1a: aids 2
|-heal|p1a: aids 2|100/100 tox
|-singleturn|p1a: aids 2|move: Roost
|
|-weather|Sandstorm|[upkeep]
|-damage|p2a: Zeraora|38/100 brn|[from] Sandstorm
|-damage|p1a: aids 2|94/100 tox|[from] Sandstorm
|-damage|p1a: aids 2|75/100 tox|[from] psn
|-damage|p2a: Zeraora|32/100 brn|[from] brn
|upkeep
|turn|17
|inactive|PQPP214 has 120 seconds left.
|
|t:|1645611804
|switch|p2a: Toxapex|Toxapex, F, shiny|97/100
|move|p1a: aids 2|Roost|p1a: aids 2
|-heal|p1a: aids 2|100/100 tox
|-singleturn|p1a: aids 2|move: Roost
|
|-weather|none
|-damage|p1a: aids 2|75/100 tox|[from] psn
|upkeep
|turn|18
|
|t:|1645611814
|switch|p1a: gordo|Corviknight, F|54/100
|-damage|p1a: gordo|42/100|[from] Stealth Rock
|-ability|p1a: gordo|Pressure
|switch|p2a: Zeraora|Zeraora, shiny|32/100 brn
|
|-heal|p1a: gordo|48/100|[from] item: Leftovers
|-damage|p2a: Zeraora|26/100 brn|[from] brn
|upkeep
|turn|19
|
|t:|1645611828
|switch|p1a: ronaldo|Tyranitar, M|94/100
|-damage|p1a: ronaldo|82/100|[from] Stealth Rock
|-weather|Sandstorm|[from] ability: Sand Stream|[of] p1a: ronaldo
|move|p2a: Zeraora|Knock Off|p1a: ronaldo
|-resisted|p1a: ronaldo
|-damage|p1a: ronaldo|78/100
|
|-weather|Sandstorm|[upkeep]
|-damage|p2a: Zeraora|20/100 brn|[from] Sandstorm
|-damage|p2a: Zeraora|14/100 brn|[from] brn
|upkeep
|turn|20
|
|t:|1645611846
|move|p2a: Zeraora|Close Combat|p1a: ronaldo
|-supereffective|p1a: ronaldo
|-damage|p1a: ronaldo|20/100
|-unboost|p2a: Zeraora|def|1
|-unboost|p2a: Zeraora|spd|1
|move|p1a: ronaldo|Stealth Rock|p2a: Zeraora
|-sidestart|p2: PQPP214|move: Stealth Rock
|
|-weather|Sandstorm|[upkeep]
|-damage|p2a: Zeraora|8/100 brn|[from] Sandstorm
|-damage|p2a: Zeraora|2/100 brn|[from] brn
|upkeep
|turn|21
|inactive|Tagalinha has 90 seconds left.
|inactive|Tagalinha has 60 seconds left.
|
|t:|1645611903
|switch|p2a: Tornadus|Tornadus-Therian, M, shiny|100/100
|switch|p1a: aids 2|Zapdos|75/100 tox
|-damage|p1a: aids 2|50/100 tox|[from] Stealth Rock
|
|-weather|Sandstorm|[upkeep]
|-damage|p2a: Tornadus|94/100|[from] Sandstorm
|-damage|p1a: aids 2|44/100 tox|[from] Sandstorm
|-damage|p1a: aids 2|38/100 tox|[from] psn
|upkeep
|turn|22
|
|t:|1645611914
|move|p2a: Tornadus|Heat Wave|p1a: aids 2
|-damage|p1a: aids 2|14/100 tox
|move|p1a: aids 2|Roost|p1a: aids 2
|-heal|p1a: aids 2|64/100 tox
|-singleturn|p1a: aids 2|move: Roost
|
|-weather|Sandstorm|[upkeep]
|-damage|p2a: Tornadus|88/100|[from] Sandstorm
|-damage|p1a: aids 2|57/100 tox|[from] Sandstorm
|-damage|p1a: aids 2|45/100 tox|[from] psn
|upkeep
|turn|23
|
|t:|1645611923
|switch|p2a: Jirachi|Jirachi, shiny|55/100
|-damage|p2a: Jirachi|49/100|[from] Stealth Rock
|move|p1a: aids 2|Toxic|p2a: Jirachi
|-immune|p2a: Jirachi
|
|-weather|none
|-heal|p2a: Jirachi|55/100|[from] item: Leftovers
|-damage|p1a: aids 2|26/100 tox|[from] psn
|upkeep
|turn|24
|
|t:|1645611935
|move|p2a: Jirachi|U-turn|p1a: aids 2
|-resisted|p1a: aids 2
|-damage|p1a: aids 2|21/100 tox
|
|t:|1645611945
|switch|p2a: Toxapex|Toxapex, F, shiny|100/100|[from]move: U-turn
|-damage|p2a: Toxapex|88/100|[from] Stealth Rock
|move|p1a: aids 2|Roost|p1a: aids 2
|-heal|p1a: aids 2|71/100 tox
|-singleturn|p1a: aids 2|move: Roost
|
|-damage|p1a: aids 2|46/100 tox|[from] psn
|upkeep
|turn|25
|
|t:|1645611953
|switch|p2a: Landorus|Landorus-Therian, M, shiny|94/100 tox
|-damage|p2a: Landorus|82/100 tox|[from] Stealth Rock
|-ability|p2a: Landorus|Intimidate|boost
|-unboost|p1a: aids 2|atk|1
|move|p1a: aids 2|Volt Switch|p2a: Landorus
|-immune|p2a: Landorus
|
|-heal|p2a: Landorus|88/100 tox|[from] item: Leftovers
|-damage|p1a: aids 2|14/100 tox|[from] psn
|-damage|p2a: Landorus|82/100 tox|[from] psn
|upkeep
|turn|26
|
|t:|1645611962
|move|p1a: aids 2|Roost|p1a: aids 2
|-heal|p1a: aids 2|64/100 tox
|-singleturn|p1a: aids 2|move: Roost
|move|p2a: Landorus|Earthquake|p1a: aids 2
|-supereffective|p1a: aids 2
|-damage|p1a: aids 2|0 fnt
|faint|p1a: aids 2
|
|-heal|p2a: Landorus|88/100 tox|[from] item: Leftovers
|-damage|p2a: Landorus|76/100 tox|[from] psn
|upkeep
|
|t:|1645611969
|switch|p1a: gordo|Corviknight, F|48/100
|-damage|p1a: gordo|36/100|[from] Stealth Rock
|-ability|p1a: gordo|Pressure
|turn|27
|
|t:|1645611975
|move|p2a: Landorus|U-turn|p1a: gordo
|-resisted|p1a: gordo
|-damage|p1a: gordo|32/100
|
|t:|1645611978
|switch|p2a: Zapdos|Zapdos-Galar|100/100|[from]move: U-turn
|-damage|p2a: Zapdos|88/100|[from] Stealth Rock
|move|p1a: gordo|Roost|p1a: gordo
|-heal|p1a: gordo|82/100
|-singleturn|p1a: gordo|move: Roost
|
|-heal|p1a: gordo|89/100|[from] item: Leftovers
|upkeep
|turn|28
|
|t:|1645611988
|switch|p2a: Toxapex|Toxapex, F, shiny|100/100
|-damage|p2a: Toxapex|88/100|[from] Stealth Rock
|move|p1a: gordo|U-turn|p2a: Toxapex
|-resisted|p2a: Toxapex
|-damage|p2a: Toxapex|84/100
|-damage|p1a: gordo|72/100|[from] item: Rocky Helmet|[of] p2a: Toxapex
|
|t:|1645612003
|switch|p1a: ronaldo|Tyranitar, M|20/100|[from]move: U-turn
|-damage|p1a: ronaldo|7/100|[from] Stealth Rock
|-weather|Sandstorm|[from] ability: Sand Stream|[of] p1a: ronaldo
|
|-weather|Sandstorm|[upkeep]
|-damage|p2a: Toxapex|78/100|[from] Sandstorm
|upkeep
|turn|29
|
|t:|1645612020
|switch|p2a: Jirachi|Jirachi, shiny|55/100
|-damage|p2a: Jirachi|49/100|[from] Stealth Rock
|move|p1a: ronaldo|Stone Edge|p2a: Jirachi
|-resisted|p2a: Jirachi
|-damage|p2a: Jirachi|30/100
|
|-weather|Sandstorm|[upkeep]
|-heal|p2a: Jirachi|36/100|[from] item: Leftovers
|upkeep
|turn|30
|
|t:|1645612030
|switch|p1a: gordo|Corviknight, F|72/100
|-damage|p1a: gordo|60/100|[from] Stealth Rock
|-ability|p1a: gordo|Pressure
|move|p2a: Jirachi|U-turn|p1a: gordo
|-resisted|p1a: gordo
|-damage|p1a: gordo|57/100
|
|t:|1645612038
|switch|p2a: Tornadus|Tornadus-Therian, M, shiny|100/100|[from]move: U-turn
|
|-weather|Sandstorm|[upkeep]
|-damage|p2a: Tornadus|94/100|[from] Sandstorm
|-heal|p1a: gordo|64/100|[from] item: Leftovers
|upkeep
|turn|31
|
|t:|1645612043
|move|p2a: Tornadus|Knock Off|p1a: gordo
|-damage|p1a: gordo|52/100
|-enditem|p1a: gordo|Leftovers|[from] move: Knock Off|[of] p2a: Tornadus
|move|p1a: gordo|Roost|p1a: gordo
|-heal|p1a: gordo|100/100
|-singleturn|p1a: gordo|move: Roost
|
|-weather|Sandstorm|[upkeep]
|-damage|p2a: Tornadus|88/100|[from] Sandstorm
|upkeep
|turn|32
|
|t:|1645612049
|move|p2a: Tornadus|Heat Wave|p1a: gordo
|-supereffective|p1a: gordo
|-damage|p1a: gordo|52/100
|move|p1a: gordo|Defog|p2a: Tornadus
|-unboost|p2a: Tornadus|evasion|1
|-sideend|p2: PQPP214|Stealth Rock|[from] move: Defog|[of] p1a: gordo
|-sideend|p1: Tagalinha|Stealth Rock|[from] move: Defog|[of] p1a: gordo
|
|-weather|none
|upkeep
|turn|33
|
|t:|1645612056
|move|p2a: Tornadus|Heat Wave|p1a: gordo
|-supereffective|p1a: gordo
|-damage|p1a: gordo|5/100
|-status|p1a: gordo|brn
|move|p1a: gordo|Roost|p1a: gordo
|-heal|p1a: gordo|55/100 brn
|-singleturn|p1a: gordo|move: Roost
|
|-damage|p1a: gordo|49/100 brn|[from] brn
|upkeep
|turn|34
|
|t:|1645612062
|switch|p1a: ronaldo|Tyranitar, M|7/100
|-weather|Sandstorm|[from] ability: Sand Stream|[of] p1a: ronaldo
|move|p2a: Tornadus|Heat Wave|p1a: ronaldo
|-resisted|p1a: ronaldo
|-damage|p1a: ronaldo|2/100
|-status|p1a: ronaldo|brn
|
|-weather|Sandstorm|[upkeep]
|-damage|p2a: Tornadus|82/100|[from] Sandstorm
|-damage|p1a: ronaldo|0 fnt|[from] brn
|faint|p1a: ronaldo
|upkeep
|
|t:|1645612070
|switch|p1a: drilo|Excadrill, F|100/100
|turn|35
|
|t:|1645612076
|switch|p2a: Landorus|Landorus-Therian, M, shiny|76/100 tox
|-ability|p2a: Landorus|Intimidate|boost
|-unboost|p1a: drilo|atk|1
|move|p1a: drilo|Swords Dance|p1a: drilo
|-boost|p1a: drilo|atk|2
|
|-weather|Sandstorm|[upkeep]
|-heal|p2a: Landorus|82/100 tox|[from] item: Leftovers
|-damage|p2a: Landorus|76/100 tox|[from] psn
|upkeep
|turn|36
|
|t:|1645612090
|switch|p2a: Jirachi|Jirachi, shiny|36/100
|move|p1a: drilo|Swords Dance|p1a: drilo
|-boost|p1a: drilo|atk|2
|
|-weather|Sandstorm|[upkeep]
|-heal|p2a: Jirachi|42/100|[from] item: Leftovers
|upkeep
|turn|37
|
|t:|1645612112
|switch|p2a: Landorus|Landorus-Therian, M, shiny|76/100 tox
|-ability|p2a: Landorus|Intimidate|boost
|-unboost|p1a: drilo|atk|1
|move|p1a: drilo|Iron Head|p2a: Landorus
|-damage|p2a: Landorus|3/100 tox
|
|-weather|Sandstorm|[upkeep]
|-heal|p2a: Landorus|9/100 tox|[from] item: Leftovers
|-damage|p2a: Landorus|3/100 tox|[from] psn
|upkeep
|turn|38
|
|t:|1645612122
|move|p1a: drilo|Iron Head|p2a: Landorus
|-damage|p2a: Landorus|0 fnt
|faint|p2a: Landorus
|
|-weather|none
|upkeep
|
|t:|1645612129
|switch|p2a: Zapdos|Zapdos-Galar|88/100
|turn|39
|
|t:|1645612147
|switch|p1a: gordo|Corviknight, F|49/100 brn
|-ability|p1a: gordo|Pressure
|move|p2a: Zapdos|Close Combat|p1a: gordo
|-damage|p1a: gordo|0 fnt
|-unboost|p2a: Zapdos|def|1
|-unboost|p2a: Zapdos|spd|1
|faint|p1a: gordo
|
|upkeep
|
|t:|1645612154
|switch|p1a: corno gourmet|Dragapult, F|100/100
|turn|40
|
|t:|1645612158
|switch|p2a: Toxapex|Toxapex, F, shiny|100/100
|move|p1a: corno gourmet|Shadow Ball|p2a: Toxapex
|-damage|p2a: Toxapex|57/100
|
|upkeep
|turn|41
|
|t:|1645612165
|move|p1a: corno gourmet|Shadow Ball|p2a: Toxapex
|-crit|p2a: Toxapex
|-damage|p2a: Toxapex|0 fnt
|faint|p2a: Toxapex
|
|upkeep
|
|t:|1645612170
|switch|p2a: Tornadus|Tornadus-Therian, M, shiny|100/100
|turn|42
|
|t:|1645612182
|switch|p1a: drilo|Excadrill, F|100/100
|move|p2a: Tornadus|Knock Off|p1a: drilo
|-damage|p1a: drilo|76/100
|-enditem|p1a: drilo|Leftovers|[from] move: Knock Off|[of] p2a: Tornadus
|
|upkeep
|turn|43
|
|t:|1645612191
|move|p2a: Tornadus|Heat Wave|p1a: drilo
|-supereffective|p1a: drilo
|-damage|p1a: drilo|18/100
|move|p1a: drilo|Iron Head|p2a: Tornadus
|-damage|p2a: Tornadus|64/100
|
|upkeep
|turn|44
|
|t:|1645612204
|move|p2a: Tornadus|Heat Wave|p1a: drilo
|-supereffective|p1a: drilo
|-damage|p1a: drilo|0 fnt
|faint|p1a: drilo
|
|upkeep
|
|t:|1645612206
|switch|p1a: corno gourmet|Dragapult, F|100/100
|turn|45
|
|t:|1645612213
|switch|p2a: Jirachi|Jirachi, shiny|42/100
|move|p1a: corno gourmet|Draco Meteor|p2a: Jirachi
|-resisted|p2a: Jirachi
|-damage|p2a: Jirachi|18/100
|-unboost|p1a: corno gourmet|spa|2
|
|-heal|p2a: Jirachi|25/100|[from] item: Leftovers
|upkeep
|turn|46
|
|t:|1645612219
|switch|p1a: monkey|Rillaboom, M|100/100
|-fieldstart|move: Grassy Terrain|[from] ability: Grassy Surge|[of] p1a: monkey
|move|p2a: Jirachi|Healing Wish|p2a: Jirachi
|faint|p2a: Jirachi
|
|upkeep
|
|t:|1645612223
|switch|p2a: Zeraora|Zeraora, shiny|2/100 brn
|-heal|p2a: Zeraora|100/100|[from] move: Healing Wish
|turn|47
|
|t:|1645612232
|switch|p2a: Tornadus|Tornadus-Therian, M, shiny|97/100
|move|p1a: monkey|Wood Hammer|p2a: Tornadus
|-resisted|p2a: Tornadus
|-damage|p2a: Tornadus|33/100
|-damage|p1a: monkey|81/100|[from] Recoil
|
|-heal|p1a: monkey|88/100|[from] Grassy Terrain
|upkeep
|turn|48
|
|t:|1645612243
|switch|p2a: Zapdos|Zapdos-Galar|88/100
|move|p1a: monkey|Wood Hammer|p2a: Zapdos
|-resisted|p2a: Zapdos
|-damage|p2a: Zapdos|16/100
|-damage|p1a: monkey|69/100|[from] Recoil
|
|-heal|p1a: monkey|75/100|[from] Grassy Terrain
|upkeep
|turn|49
|
|t:|1645612255
|switch|p1a: corno gourmet|Dragapult, F|100/100
|move|p2a: Zapdos|Brave Bird|p1a: corno gourmet
|-damage|p1a: corno gourmet|0 fnt
|faint|p1a: corno gourmet
|-damage|p2a: Zapdos|0 fnt|[from] Recoil
|faint|p2a: Zapdos
|
|upkeep
|
|t:|1645612266
|switch|p1a: monkey|Rillaboom, M|75/100
|switch|p2a: Tornadus|Tornadus-Therian, M, shiny|66/100
|turn|50
|
|t:|1645612283
|move|p1a: monkey|Grassy Glide|p2a: Tornadus
|-resisted|p2a: Tornadus
|-damage|p2a: Tornadus|29/100
|move|p2a: Tornadus|Hurricane|p1a: monkey
|-supereffective|p1a: monkey
|-damage|p1a: monkey|0 fnt
|faint|p1a: monkey
|
|win|PQPP214
|raw|Tagalinha's rating: 1376 &rarr; <strong>1359</strong><br />(-17 for losing)
|raw|PQPP214's rating: 1424 &rarr; <strong>1441</strong><br />(+17 for winning)
|l|☆Tagalinha
