|j|☆IM AT MY LIMIT
|j|☆majin vejeto
|inactive|Battle timer is ON: inactive players will automatically lose when time's up.
|t:|1608442955
|player|p1|IM AT MY LIMIT|backpackerf|
|player|p2|majin vejeto|265|
|teamsize|p1|6
|teamsize|p2|6
|gametype|singles
|gen|8
|tier|[Gen 8] OU
|rated|Tournament battle
|clearpoke
|poke|p1|Reuniclus, F|
|poke|p1|Toxapex, M|
|poke|p1|Corviknight, M|
|poke|p1|Blissey, F|
|poke|p1|Clefable, M|
|poke|p1|Quagsire, F|
|poke|p2|Volcarona, F|
|poke|p2|Magearna|
|poke|p2|Cinderace, F|
|poke|p2|Landorus-Therian, M|
|poke|p2|Tapu Koko|
|poke|p2|Hawlucha, F|
|rule|Sleep Clause Mod: Limit one foe put to sleep
|rule|Species Clause: Limit one of each Pokémon
|rule|OHKO Clause: OHKO moves are banned
|rule|Evasion Moves Clause: Evasion moves are banned
|rule|Endless Battle Clause: Forcing endless battles is banned
|rule|HP Percentage Mod: HP is shown in percentages
|rule|Dynamax Clause: You cannot dynamax
|teampreview
|j| Climbinto2k
|
|t:|1608442967
|start
|switch|p1a: Space fetus|Reuniclus, F, shiny|100/100
|switch|p2a: Tapu Koko|Tapu Koko|100/100
|-fieldstart|move: Electric Terrain|[from] ability: Electric Surge|[of] p2a: Tapu Koko
|turn|1
|
|t:|1608442975
|move|p2a: Tapu Koko|Light Screen|p2a: Tapu Koko
|-sidestart|p2: majin vejeto|move: Light Screen
|move|p1a: Space fetus|Knock Off|p2a: Tapu Koko
|-resisted|p2a: Tapu Koko
|-damage|p2a: Tapu Koko|89/100
|-enditem|p2a: Tapu Koko|Light Clay|[from] move: Knock Off|[of] p1a: Space fetus
|
|upkeep
|turn|2
|
|t:|1608442982
|move|p2a: Tapu Koko|U-turn|p1a: Space fetus
|-supereffective|p1a: Space fetus
|-damage|p1a: Space fetus|57/100
|
|t:|1608442986
|switch|p2a: Volcarona|Volcarona, F|100/100|[from]move: U-turn
|move|p1a: Space fetus|Future Sight|p2a: Volcarona
|-start|p1a: Space fetus|move: Future Sight
|
|upkeep
|turn|3
|
|t:|1608442994
|move|p2a: Volcarona|Quiver Dance|p2a: Volcarona
|-boost|p2a: Volcarona|spa|1
|-boost|p2a: Volcarona|spd|1
|-boost|p2a: Volcarona|spe|1
|move|p1a: Space fetus|Knock Off|p2a: Volcarona
|-damage|p2a: Volcarona|75/100
|-enditem|p2a: Volcarona|Heavy-Duty Boots|[from] move: Knock Off|[of] p1a: Space fetus
|
|upkeep
|turn|4
|
|t:|1608443004
|switch|p1a: Fatass|Blissey, F|100/100
|move|p2a: Volcarona|Quiver Dance|p2a: Volcarona
|-boost|p2a: Volcarona|spa|1
|-boost|p2a: Volcarona|spd|1
|-boost|p2a: Volcarona|spe|1
|
|-end|p2a: Volcarona|move: Future Sight
|-damage|p2a: Volcarona|50/100
|upkeep
|turn|5
|j| 4th place loser
|
|t:|1608443012
|move|p2a: Volcarona|Giga Drain|p1a: Fatass
|-damage|p1a: Fatass|80/100
|-heal|p2a: Volcarona|74/100|[from] drain|[of] p1a: Fatass
|move|p1a: Fatass|Toxic|p2a: Volcarona
|-status|p2a: Volcarona|tox
|
|-damage|p2a: Volcarona|68/100 tox|[from] psn
|-fieldend|move: Electric Terrain
|upkeep
|turn|6
|
|t:|1608443022
|move|p2a: Volcarona|Bug Buzz|p1a: Fatass
|-damage|p1a: Fatass|43/100
|move|p1a: Fatass|Stealth Rock|p2a: Volcarona
|-sidestart|p2: majin vejeto|move: Stealth Rock
|
|-damage|p2a: Volcarona|55/100 tox|[from] psn
|upkeep
|turn|7
|
|t:|1608443034
|switch|p2a: Tapu Koko|Tapu Koko|89/100
|-damage|p2a: Tapu Koko|76/100|[from] Stealth Rock
|-fieldstart|move: Electric Terrain|[from] ability: Electric Surge|[of] p2a: Tapu Koko
|move|p1a: Fatass|Soft-Boiled|p1a: Fatass
|-heal|p1a: Fatass|93/100
|
|upkeep
|turn|8
|
|t:|1608443045
|switch|p2a: Magearna|Magearna|100/100
|-damage|p2a: Magearna|94/100|[from] Stealth Rock
|move|p1a: Fatass|Seismic Toss|p2a: Magearna
|-damage|p2a: Magearna|67/100
|
|-sideend|p2: majin vejeto|move: Light Screen
|upkeep
|turn|9
|
|t:|1608443052
|switch|p1a: Space fetus|Reuniclus, F, shiny|90/100
|move|p2a: Magearna|Shift Gear|p2a: Magearna
|-boost|p2a: Magearna|spe|2
|-boost|p2a: Magearna|atk|1
|
|upkeep
|turn|10
|
|t:|1608443058
|move|p2a: Magearna|Shift Gear|p2a: Magearna
|-boost|p2a: Magearna|spe|2
|-boost|p2a: Magearna|atk|1
|move|p1a: Space fetus|Knock Off|p2a: Magearna
|-resisted|p2a: Magearna
|-damage|p2a: Magearna|61/100
|-enditem|p2a: Magearna|Weakness Policy|[from] move: Knock Off|[of] p1a: Space fetus
|
|upkeep
|turn|11
|
|t:|1608443070
|switch|p1a: Porn hub sucks|Quagsire, F|100/100
|move|p2a: Magearna|Draining Kiss|p1a: Porn hub sucks
|-damage|p1a: Porn hub sucks|78/100
|-heal|p2a: Magearna|79/100|[from] drain|[of] p1a: Porn hub sucks
|
|-heal|p1a: Porn hub sucks|85/100|[from] item: Leftovers
|-fieldend|move: Electric Terrain
|upkeep
|turn|12
|
|t:|1608443077
|move|p2a: Magearna|Stored Power|p1a: Porn hub sucks
|-damage|p1a: Porn hub sucks|40/100
|move|p1a: Porn hub sucks|Recover|p1a: Porn hub sucks
|-heal|p1a: Porn hub sucks|90/100
|
|-heal|p1a: Porn hub sucks|96/100|[from] item: Leftovers
|upkeep
|turn|13
|
|t:|1608443088
|move|p2a: Magearna|Shift Gear|p2a: Magearna
|-boost|p2a: Magearna|spe|2
|-boost|p2a: Magearna|atk|1
|move|p1a: Porn hub sucks|Earthquake|p2a: Magearna
|-supereffective|p2a: Magearna
|-damage|p2a: Magearna|29/100
|
|-heal|p1a: Porn hub sucks|100/100|[from] item: Leftovers
|upkeep
|turn|14
|
|t:|1608443097
|move|p2a: Magearna|Draining Kiss|p1a: Porn hub sucks
|-damage|p1a: Porn hub sucks|79/100
|-heal|p2a: Magearna|47/100|[from] drain|[of] p1a: Porn hub sucks
|move|p1a: Porn hub sucks|Earthquake|p2a: Magearna
|-supereffective|p2a: Magearna
|-damage|p2a: Magearna|0 fnt
|faint|p2a: Magearna
|
|-heal|p1a: Porn hub sucks|85/100|[from] item: Leftovers
|upkeep
|
|t:|1608443110
|switch|p2a: Volcarona|Volcarona, F|55/100 tox
|-damage|p2a: Volcarona|6/100 tox|[from] Stealth Rock
|turn|15
|
|t:|1608443115
|switch|p1a: Space fetus|Reuniclus, F, shiny|100/100
|move|p2a: Volcarona|Bug Buzz|p1a: Space fetus
|-supereffective|p1a: Space fetus
|-damage|p1a: Space fetus|56/100
|
|-damage|p2a: Volcarona|0 fnt|[from] psn
|faint|p2a: Volcarona
|upkeep
|
|t:|1608443125
|switch|p2a: Landorus|Landorus-Therian, M|100/100
|-damage|p2a: Landorus|88/100|[from] Stealth Rock
|-ability|p2a: Landorus|Intimidate|boost
|-unboost|p1a: Space fetus|atk|1
|turn|16
|
|t:|1608443128
|switch|p1a: Fucking skarmory|Corviknight, M, shiny|100/100
|-ability|p1a: Fucking skarmory|Pressure
|move|p2a: Landorus|Knock Off|p1a: Fucking skarmory
|-damage|p1a: Fucking skarmory|80/100
|-enditem|p1a: Fucking skarmory|Leftovers|[from] move: Knock Off|[of] p2a: Landorus
|
|upkeep
|turn|17
|
|t:|1608443134
|move|p2a: Landorus|Stealth Rock|p1a: Fucking skarmory
|-sidestart|p1: IM AT MY LIMIT|move: Stealth Rock
|move|p1a: Fucking skarmory|U-turn|p2a: Landorus
|-resisted|p2a: Landorus
|-damage|p2a: Landorus|79/100
|
|t:|1608443140
|switch|p1a: Pick pocket camp|Toxapex, M|100/100|[from]move: U-turn
|-damage|p1a: Pick pocket camp|88/100|[from] Stealth Rock
|
|-heal|p1a: Pick pocket camp|94/100|[from] item: Black Sludge
|upkeep
|turn|18
|
|t:|1608443154
|switch|p1a: Fucking skarmory|Corviknight, M, shiny|80/100
|-damage|p1a: Fucking skarmory|68/100|[from] Stealth Rock
|-ability|p1a: Fucking skarmory|Pressure
|move|p2a: Landorus|Knock Off|p1a: Fucking skarmory
|-damage|p1a: Fucking skarmory|54/100
|
|upkeep
|turn|19
|
|t:|1608443164
|switch|p2a: Tapu Koko|Tapu Koko|76/100
|-damage|p2a: Tapu Koko|64/100|[from] Stealth Rock
|-fieldstart|move: Electric Terrain|[from] ability: Electric Surge|[of] p2a: Tapu Koko
|move|p1a: Fucking skarmory|Defog|p2a: Tapu Koko
|-unboost|p2a: Tapu Koko|evasion|1
|-sideend|p2: majin vejeto|Stealth Rock|[from] move: Defog|[of] p1a: Fucking skarmory
|-sideend|p1: IM AT MY LIMIT|Stealth Rock|[from] move: Defog|[of] p1a: Fucking skarmory
|-fieldend|move: Electric Terrain
|
|upkeep
|turn|20
|j| AquaVanillla
|
|t:|1608443177
|move|p2a: Tapu Koko|Wild Charge|p1a: Fucking skarmory
|-supereffective|p1a: Fucking skarmory
|-damage|p1a: Fucking skarmory|0 fnt
|-damage|p2a: Tapu Koko|45/100|[from] Recoil
|faint|p1a: Fucking skarmory
|
|upkeep
|c|☆IM AT MY LIMIT|Wait
|c|☆IM AT MY LIMIT|Nvm
|l| AquaVanillla
|
|t:|1608443197
|switch|p1a: Porn hub sucks|Quagsire, F|85/100
|turn|21
|
|t:|1608443204
|switch|p2a: Landorus|Landorus-Therian, M|79/100
|-ability|p2a: Landorus|Intimidate|boost
|-unboost|p1a: Porn hub sucks|atk|1
|move|p1a: Porn hub sucks|Earthquake|p2a: Landorus
|-immune|p2a: Landorus
|
|-heal|p1a: Porn hub sucks|91/100|[from] item: Leftovers
|upkeep
|turn|22
|
|t:|1608443214
|switch|p1a: Pick pocket camp|Toxapex, M|100/100
|move|p2a: Landorus|Knock Off|p1a: Pick pocket camp
|-damage|p1a: Pick pocket camp|78/100
|-enditem|p1a: Pick pocket camp|Black Sludge|[from] move: Knock Off|[of] p2a: Landorus
|
|upkeep
|turn|23
|
|t:|1608443235
|switch|p1a: Space fetus|Reuniclus, F, shiny|89/100
|move|p2a: Landorus|Earthquake|p1a: Space fetus
|-damage|p1a: Space fetus|36/100
|
|upkeep
|turn|24
|
|t:|1608443249
|move|p2a: Landorus|Earthquake|p1a: Space fetus
|-damage|p1a: Space fetus|0 fnt
|faint|p1a: Space fetus
|
|upkeep
|
|t:|1608443250
|switch|p1a: Pick pocket camp|Toxapex, M|100/100
|turn|25
|
|t:|1608443255
|move|p2a: Landorus|Earthquake|p1a: Pick pocket camp
|-supereffective|p1a: Pick pocket camp
|-damage|p1a: Pick pocket camp|33/100
|move|p1a: Pick pocket camp|Scald|p2a: Landorus
|-supereffective|p2a: Landorus
|-damage|p2a: Landorus|38/100
|
|upkeep
|turn|26
|
|t:|1608443265
|switch|p1a: Porn hub sucks|Quagsire, F|91/100
|move|p2a: Landorus|Earthquake|p1a: Porn hub sucks
|-damage|p1a: Porn hub sucks|35/100
|
|-heal|p1a: Porn hub sucks|41/100|[from] item: Leftovers
|upkeep
|turn|27
|
|t:|1608443269
|move|p2a: Landorus|Earthquake|p1a: Porn hub sucks
|-damage|p1a: Porn hub sucks|0 fnt
|faint|p1a: Porn hub sucks
|
|upkeep
|
|t:|1608443276
|switch|p1a: Mfw|Clefable, M|100/100
|turn|28
|
|t:|1608443283
|switch|p2a: Cinderace|Cinderace, F|100/100
|move|p1a: Mfw|Moonblast|p2a: Cinderace
|-resisted|p2a: Cinderace
|-damage|p2a: Cinderace|77/100
|
|upkeep
|turn|29
|
|t:|1608443286
|switch|p1a: Pick pocket camp|Toxapex, M|67/100
|move|p2a: Cinderace|Gunk Shot|p1a: Pick pocket camp
|-start|p2a: Cinderace|typechange|Poison|[from] ability: Libero
|-resisted|p1a: Pick pocket camp
|-damage|p1a: Pick pocket camp|43/100
|-damage|p2a: Cinderace|67/100|[from] item: Life Orb
|
|upkeep
|turn|30
|
|t:|1608443304
|move|p2a: Cinderace|Gunk Shot|p1a: Pick pocket camp
|-resisted|p1a: Pick pocket camp
|-damage|p1a: Pick pocket camp|22/100
|-damage|p2a: Cinderace|57/100|[from] item: Life Orb
|move|p1a: Pick pocket camp|Recover|p1a: Pick pocket camp
|-heal|p1a: Pick pocket camp|72/100
|
|upkeep
|turn|31
|
|t:|1608443313
|switch|p2a: Tapu Koko|Tapu Koko|45/100
|-fieldstart|move: Electric Terrain|[from] ability: Electric Surge|[of] p2a: Tapu Koko
|move|p1a: Pick pocket camp|Scald|p2a: Tapu Koko
|-damage|p2a: Tapu Koko|20/100
|
|upkeep
|turn|32
|
|t:|1608443323
|move|p1a: Pick pocket camp|Baneful Bunker|p1a: Pick pocket camp
|-singleturn|p1a: Pick pocket camp|move: Protect
|move|p2a: Tapu Koko|Wild Charge|p1a: Pick pocket camp
|-activate|p1a: Pick pocket camp|move: Protect
|-status|p2a: Tapu Koko|psn
|
|-damage|p2a: Tapu Koko|7/100 psn|[from] psn
|upkeep
|turn|33
|
|t:|1608443329
|switch|p1a: Fatass|Blissey, F|93/100
|move|p2a: Tapu Koko|Wild Charge|p1a: Fatass
|-damage|p1a: Fatass|46/100
|-damage|p2a: Tapu Koko|0 fnt|[from] Recoil
|faint|p2a: Tapu Koko
|
|upkeep
|
|t:|1608443334
|switch|p2a: Hawlucha|Hawlucha, F|100/100
|-enditem|p2a: Hawlucha|Electric Seed
|-boost|p2a: Hawlucha|def|1|[from] item: Electric Seed
|turn|34
|
|t:|1608443344
|move|p2a: Hawlucha|Swords Dance|p2a: Hawlucha
|-boost|p2a: Hawlucha|atk|2
|move|p1a: Fatass|Toxic|p2a: Hawlucha
|-status|p2a: Hawlucha|tox
|
|-damage|p2a: Hawlucha|94/100 tox|[from] psn
|upkeep
|turn|35
|
|t:|1608443347
|move|p2a: Hawlucha|Close Combat|p1a: Fatass
|-supereffective|p1a: Fatass
|-damage|p1a: Fatass|0 fnt
|-unboost|p2a: Hawlucha|def|1
|-unboost|p2a: Hawlucha|spd|1
|faint|p1a: Fatass
|
|-damage|p2a: Hawlucha|82/100 tox|[from] psn
|-fieldend|move: Electric Terrain
|upkeep
|
|t:|1608443349
|switch|p1a: Mfw|Clefable, M|100/100
|turn|36
|
|t:|1608443357
|move|p2a: Hawlucha|Acrobatics|p1a: Mfw
|-damage|p1a: Mfw|61/100
|move|p1a: Mfw|Moonblast|p2a: Hawlucha
|-supereffective|p2a: Hawlucha
|-damage|p2a: Hawlucha|0 fnt
|faint|p2a: Hawlucha
|
|upkeep
|
|t:|1608443365
|switch|p2a: Landorus|Landorus-Therian, M|38/100
|-ability|p2a: Landorus|Intimidate|boost
|-unboost|p1a: Mfw|atk|1
|turn|37
|
|t:|1608443372
|move|p2a: Landorus|Earthquake|p1a: Mfw
|-damage|p1a: Mfw|21/100
|move|p1a: Mfw|Moonblast|p2a: Landorus
|-damage|p2a: Landorus|0 fnt
|faint|p2a: Landorus
|
|upkeep
|
|t:|1608443376
|switch|p2a: Cinderace|Cinderace, F|57/100
|turn|38
|
|t:|1608443388
|move|p2a: Cinderace|Gunk Shot|p1a: Mfw
|-start|p2a: Cinderace|typechange|Poison|[from] ability: Libero
|-supereffective|p1a: Mfw
|-damage|p1a: Mfw|0 fnt
|-damage|p2a: Cinderace|47/100|[from] item: Life Orb
|faint|p1a: Mfw
|
|upkeep
|l| 4th place loser
|
|t:|1608443390
|switch|p1a: Pick pocket camp|Toxapex, M|100/100
|turn|39
|
|t:|1608443399
|move|p2a: Cinderace|High Jump Kick|p1a: Pick pocket camp
|-start|p2a: Cinderace|typechange|Fighting|[from] ability: Libero
|-resisted|p1a: Pick pocket camp
|-damage|p1a: Pick pocket camp|77/100
|-damage|p2a: Cinderace|37/100|[from] item: Life Orb
|move|p1a: Pick pocket camp|Scald|p2a: Cinderace
|-damage|p2a: Cinderace|12/100
|
|upkeep
|turn|40
|
|t:|1608443407
|move|p1a: Pick pocket camp|Baneful Bunker|p1a: Pick pocket camp
|-singleturn|p1a: Pick pocket camp|move: Protect
|move|p2a: Cinderace|Sucker Punch||[still]
|-fail|p2a: Cinderace
|
|upkeep
|turn|41
|
|t:|1608443412
|move|p2a: Cinderace|Sucker Punch|p1a: Pick pocket camp
|-start|p2a: Cinderace|typechange|Dark|[from] ability: Libero
|-damage|p1a: Pick pocket camp|51/100
|-damage|p2a: Cinderace|2/100|[from] item: Life Orb
|move|p1a: Pick pocket camp|Scald|p2a: Cinderace
|-damage|p2a: Cinderace|0 fnt
|faint|p2a: Cinderace
|
|win|IM AT MY LIMIT
|n|☆IM AT MY LIMIT|imatmylimit
|n|☆majin vejeto|majinvejeto
|n| Climbinto2k|climbinto2k
|l|☆majin vejeto
