|j|☆Delibird Heart
|j|☆ArctozoltCult
|t:|1665623426
|gametype|singles
|player|p1|Delibird Heart|guitarist-gen4|1454
|player|p2|ArctozoltCult|winona|1453
|teamsize|p1|6
|teamsize|p2|6
|gen|8
|tier|[Gen 8] OU
|rated|
|rule|Sleep Clause Mod: Limit one foe put to sleep
|rule|Species Clause: Limit one of each Pokémon
|rule|OHKO Clause: OHKO moves are banned
|rule|Evasion Items Clause: Evasion items are banned
|rule|Evasion Moves Clause: Evasion moves are banned
|rule|Endless Battle Clause: Forcing endless battles is banned
|rule|HP Percentage Mod: HP is shown in percentages
|rule|Dynamax Clause: You cannot dynamax
|clearpoke
|poke|p1|Regirock|
|poke|p1|Regice|
|poke|p1|Registeel|
|poke|p1|Regieleki|
|poke|p1|Regidrago|
|poke|p1|Regigigas|
|poke|p2|Landorus-Therian, M|
|poke|p2|Ninetales-Alola, M|
|poke|p2|Slowking-Galar, M|
|poke|p2|Kartana|
|poke|p2|Tyranitar, M|
|poke|p2|Slowbro, F|
|teampreview
|inactive|Battle timer is ON: inactive players will automatically lose when time's up. (requested by Delibird Heart)
|
|t:|1665623453
|start
|switch|p1a: Regigigas|Regigigas|100/100
|switch|p2a: Kartana|Kartana|100/100
|-start|p1a: Regigigas|ability: Slow Start
|turn|1
|
|t:|1665623459
|-end|p1a: Regigigas|Slow Start|[silent]
|switch|p1a: Registeel|Registeel|100/100
|move|p2a: Kartana|Swords Dance|p2a: Kartana
|-boost|p2a: Kartana|atk|2
|
|upkeep
|turn|2
|
|t:|1665623461
|move|p2a: Kartana|Sacred Sword|p1a: Registeel
|-supereffective|p1a: Registeel
|-damage|p1a: Registeel|0 fnt
|faint|p1a: Registeel
|-ability|p2a: Kartana|Beast Boost|boost
|-boost|p2a: Kartana|atk|1
|-damage|p2a: Kartana|91/100|[from] item: Life Orb
|
|upkeep
|
|t:|1665623471
|switch|p1a: Regieleki|Regieleki|100/100
|turn|3
|
|t:|1665623478
|switch|p1a: Regice|Regice|100/100
|switch|p2a: Landorus|Landorus-Therian, M|100/100
|-ability|p2a: Landorus|Intimidate|boost
|-fail|p1a: Regice|unboost|[from] ability: Clear Body|[of] p1a: Regice
|
|upkeep
|turn|4
|
|t:|1665623507
|switch|p2a: Tyranitar|Tyranitar, M|100/100
|-weather|Sandstorm|[from] ability: Sand Stream|[of] p2a: Tyranitar
|move|p1a: Regice|Ice Beam|p2a: Tyranitar
|-damage|p2a: Tyranitar|73/100
|
|-weather|Sandstorm|[upkeep]
|-damage|p1a: Regice|95/100|[from] Sandstorm
|upkeep
|turn|5
|
|t:|1665623514
|move|p2a: Tyranitar|Rock Polish|p2a: Tyranitar
|-boost|p2a: Tyranitar|spe|2
|move|p1a: Regice|Focus Blast|p2a: Tyranitar
|-supereffective|p2a: Tyranitar
|-crit|p2a: Tyranitar
|-damage|p2a: Tyranitar|0 fnt
|faint|p2a: Tyranitar
|
|-weather|Sandstorm|[upkeep]
|-damage|p1a: Regice|89/100|[from] Sandstorm
|upkeep
|
|t:|1665623517
|switch|p2a: Kartana|Kartana|91/100
|turn|6
|
|t:|1665623528
|move|p2a: Kartana|Sacred Sword|p1a: Regice
|-supereffective|p1a: Regice
|-damage|p1a: Regice|0 fnt
|faint|p1a: Regice
|-ability|p2a: Kartana|Beast Boost|boost
|-boost|p2a: Kartana|atk|1
|-damage|p2a: Kartana|81/100|[from] item: Life Orb
|
|-weather|Sandstorm|[upkeep]
|upkeep
|c|☆Delibird Heart|bruh wtf that shouldnt kill so easily
|inactive|Delibird Heart has 120 seconds left.
|c|☆Delibird Heart|ur doing banded dmg with life orb
|c|☆ArctozoltCult|im a kartana broski
|c|☆ArctozoltCult|lmao
|c|☆Delibird Heart|degenerate adamant player
|c|☆ArctozoltCult|nah im joly
|c|☆ArctozoltCult|*jolly
|c|☆ArctozoltCult|lmao
|c|☆Delibird Heart|then ur hacking
|c|☆Delibird Heart|literally impossible damage rolls
|c|☆ArctozoltCult|so true
|inactive|Delibird Heart has 90 seconds left.
|
|t:|1665623579
|switch|p1a: Regirock|Regirock|100/100
|turn|7
|
|t:|1665623585
|move|p2a: Kartana|Leaf Blade|p1a: Regirock
|-supereffective|p1a: Regirock
|-ability|p1a: Regirock|Sturdy
|-damage|p1a: Regirock|1/100
|-enditem|p1a: Regirock|Weakness Policy
|-boost|p1a: Regirock|atk|2|[from] item: Weakness Policy
|-boost|p1a: Regirock|spa|2|[from] item: Weakness Policy
|-damage|p2a: Kartana|72/100|[from] item: Life Orb
|move|p1a: Regirock|Earthquake|p2a: Kartana
|-damage|p2a: Kartana|6/100
|
|-weather|Sandstorm|[upkeep]
|upkeep
|turn|8
|
|t:|1665623591
|move|p2a: Kartana|Knock Off|p1a: Regirock
|-damage|p1a: Regirock|0 fnt
|faint|p1a: Regirock
|-ability|p2a: Kartana|Beast Boost|boost
|-boost|p2a: Kartana|atk|1
|-damage|p2a: Kartana|0 fnt|[from] item: Life Orb
|faint|p2a: Kartana
|
|-weather|none
|upkeep
|
|t:|1665623598
|switch|p2a: Ninetales|Ninetales-Alola, M|100/100
|switch|p1a: Regigigas|Regigigas|100/100
|-weather|Hail|[from] ability: Snow Warning|[of] p2a: Ninetales
|-start|p1a: Regigigas|ability: Slow Start
|turn|9
|
|t:|1665623607
|move|p2a: Ninetales|Aurora Veil|p2a: Ninetales
|-sidestart|p2: ArctozoltCult|move: Aurora Veil
|move|p1a: Regigigas|Substitute|p1a: Regigigas
|-start|p1a: Regigigas|Substitute
|-damage|p1a: Regigigas|75/100
|
|-weather|Hail|[upkeep]
|-damage|p1a: Regigigas|69/100|[from] Hail
|-heal|p1a: Regigigas|75/100|[from] item: Leftovers
|upkeep
|turn|10
|
|t:|1665623614
|switch|p2a: Slowking|Slowking-Galar, M|100/100
|move|p1a: Regigigas|Body Slam|p2a: Slowking
|-damage|p2a: Slowking|91/100
|-status|p2a: Slowking|par
|
|-weather|Hail|[upkeep]
|-damage|p1a: Regigigas|69/100|[from] Hail
|-damage|p2a: Slowking|85/100 par|[from] Hail
|-heal|p1a: Regigigas|75/100|[from] item: Leftovers
|upkeep
|turn|11
|
|t:|1665623617
|move|p1a: Regigigas|Power-Up Punch|p2a: Slowking
|-resisted|p2a: Slowking
|-damage|p2a: Slowking|84/100 par
|-boost|p1a: Regigigas|atk|1
|move|p2a: Slowking|Sludge Bomb|p1a: Regigigas
|-end|p1a: Regigigas|Substitute
|
|-weather|Hail|[upkeep]
|-damage|p1a: Regigigas|69/100|[from] Hail
|-damage|p2a: Slowking|78/100 par|[from] Hail
|-heal|p1a: Regigigas|75/100|[from] item: Leftovers
|upkeep
|turn|12
|
|t:|1665623620
|move|p1a: Regigigas|Substitute|p1a: Regigigas
|-start|p1a: Regigigas|Substitute
|-damage|p1a: Regigigas|50/100
|move|p2a: Slowking|Sludge Bomb|p1a: Regigigas
|-end|p1a: Regigigas|Substitute
|
|-weather|Hail|[upkeep]
|-damage|p1a: Regigigas|44/100|[from] Hail
|-damage|p2a: Slowking|72/100 par|[from] Hail
|-heal|p1a: Regigigas|50/100|[from] item: Leftovers
|upkeep
|turn|13
|
|t:|1665623623
|move|p1a: Regigigas|Substitute|p1a: Regigigas
|-start|p1a: Regigigas|Substitute
|-damage|p1a: Regigigas|25/100
|cant|p2a: Slowking|par
|
|-weather|none
|-heal|p1a: Regigigas|32/100|[from] item: Leftovers
|-end|p1a: Regigigas|Slow Start
|upkeep
|turn|14
|
|t:|1665623628
|move|p1a: Regigigas|Power-Up Punch|p2a: Slowking
|-resisted|p2a: Slowking
|-damage|p2a: Slowking|70/100 par
|-boost|p1a: Regigigas|atk|1
|move|p2a: Slowking|Sludge Bomb|p1a: Regigigas
|-crit|p1a: Regigigas
|-end|p1a: Regigigas|Substitute
|
|-heal|p1a: Regigigas|38/100|[from] item: Leftovers
|upkeep
|turn|15
|
|t:|1665623635
|move|p1a: Regigigas|Substitute|p1a: Regigigas
|-start|p1a: Regigigas|Substitute
|-damage|p1a: Regigigas|13/100
|cant|p2a: Slowking|par
|
|-heal|p1a: Regigigas|19/100|[from] item: Leftovers
|upkeep
|turn|16
|
|t:|1665623643
|move|p1a: Regigigas|Darkest Lariat|p2a: Slowking
|-supereffective|p2a: Slowking
|-damage|p2a: Slowking|24/100 par
|cant|p2a: Slowking|par
|
|-heal|p1a: Regigigas|25/100|[from] item: Leftovers
|-sideend|p2: ArctozoltCult|move: Aurora Veil
|upkeep
|turn|17
|
|t:|1665623647
|move|p1a: Regigigas|Darkest Lariat|p2a: Slowking
|-supereffective|p2a: Slowking
|-damage|p2a: Slowking|0 fnt
|faint|p2a: Slowking
|
|-heal|p1a: Regigigas|31/100|[from] item: Leftovers
|upkeep
|
|t:|1665623651
|switch|p2a: Slowbro|Slowbro, F|100/100
|turn|18
|
|t:|1665623654
|move|p1a: Regigigas|Body Slam|p2a: Slowbro
|-damage|p2a: Slowbro|38/100
|move|p2a: Slowbro|Scald|p1a: Regigigas
|-activate|p1a: Regigigas|move: Substitute|[damage]
|
|-heal|p1a: Regigigas|38/100|[from] item: Leftovers
|upkeep
|turn|19
|
|t:|1665623659
|move|p1a: Regigigas|Body Slam|p2a: Slowbro
|-damage|p2a: Slowbro|0 fnt
|faint|p2a: Slowbro
|
|-heal|p1a: Regigigas|44/100|[from] item: Leftovers
|upkeep
|-message|ArctozoltCult forfeited.
|
|win|Delibird Heart
|raw|Delibird Heart's rating: 1454 &rarr; <strong>1474</strong><br />(+20 for winning)
|raw|ArctozoltCult's rating: 1453 &rarr; <strong>1433</strong><br />(-20 for losing)
|l|☆ArctozoltCult
|c|☆Delibird Heart|ez
|j| okonoko
|l|☆Delibird Heart
||Ladder isn't responding, score probably updated but might not have (Request timeout).
|j| Drop a burn
|j| bhkg
|l| bhkg
|j| Nauts
|j| Pikablu007
|l| Pikablu007
|j| booclipse
|l| Drop a burn
|j|☆Delibird Heart
|player|p1|Delibird Heart|guitarist-gen4
|l| booclipse
|j| yeshahr
|l| yeshahr
