|j|☆Natasha Grieves
|j|☆Draco09876
|t:|1621475555
|gametype|singles
|player|p1|Natasha Grieves|dawn|1788
|player|p2|Draco09876|1|1768
|teamsize|p1|6
|teamsize|p2|6
|gen|8
|tier|[Gen 8] OU
|rated|
|rule|Sleep Clause Mod: Limit one foe put to sleep
|rule|Species Clause: Limit one of each Pokémon
|rule|OHKO Clause: OHKO moves are banned
|rule|Evasion Moves Clause: Evasion moves are banned
|rule|Endless Battle Clause: Forcing endless battles is banned
|rule|HP Percentage Mod: HP is shown in percentages
|rule|Dynamax Clause: You cannot dynamax
|clearpoke
|poke|p1|Tapu Fini|
|poke|p1|Landorus-Therian, M|
|poke|p1|Tyranitar, F|
|poke|p1|Zapdos|
|poke|p1|Ferrothorn, M|
|poke|p1|Mew|
|poke|p2|Clefable, M|
|poke|p2|Dragapult, F|
|poke|p2|Landorus-Therian, M|
|poke|p2|Slowking-Galar, M|
|poke|p2|Ferrothorn, M|
|poke|p2|Mandibuzz, F|
|teampreview
|j| Ctannn
|
|t:|1621475582
|start
|switch|p1a: Mew|Mew, shiny|100/100
|switch|p2a: Dragapult|Dragapult, F|100/100
|turn|1
|inactive|Battle timer is ON: inactive players will automatically lose when time's up. (requested by Draco09876)
|
|t:|1621475588
|switch|p1a: Landorus|Landorus-Therian, M, shiny|100/100
|-ability|p1a: Landorus|Intimidate|boost
|-fail|p2a: Dragapult|unboost|[from] ability: Clear Body|[of] p2a: Dragapult
|move|p2a: Dragapult|U-turn|p1a: Landorus
|-resisted|p1a: Landorus
|-damage|p1a: Landorus|93/100
|
|t:|1621475591
|switch|p2a: Clefable|Clefable, M|100/100|[from]move: U-turn
|
|-heal|p1a: Landorus|99/100|[from] item: Leftovers
|upkeep
|turn|2
|j| TyronWatermlone
|
|t:|1621475604
|move|p2a: Clefable|Trick|p1a: Landorus
|-activate|p2a: Clefable|move: Trick|[of] p1a: Landorus
|-item|p1a: Landorus|Choice Scarf|[from] move: Trick
|-item|p2a: Clefable|Leftovers|[from] move: Trick
|move|p1a: Landorus|U-turn|p2a: Clefable
|-resisted|p2a: Clefable
|-damage|p2a: Clefable|88/100
|
|t:|1621475613
|switch|p1a: Mew|Mew, shiny|100/100|[from]move: U-turn
|
|-heal|p2a: Clefable|94/100|[from] item: Leftovers
|upkeep
|turn|3
|
|t:|1621475617
|switch|p2a: Dragapult|Dragapult, F|100/100
|move|p1a: Mew|Knock Off|p2a: Dragapult
|-supereffective|p2a: Dragapult
|-damage|p2a: Dragapult|41/100
|-enditem|p2a: Dragapult|Choice Specs|[from] move: Knock Off|[of] p1a: Mew
|
|upkeep
|turn|4
|
|t:|1621475632
|switch|p1a: Ferrothorn|Ferrothorn, M, shiny|100/100
|move|p2a: Dragapult|U-turn|p1a: Ferrothorn
|-damage|p1a: Ferrothorn|91/100
|-damage|p2a: Dragapult|28/100|[from] ability: Iron Barbs|[of] p1a: Ferrothorn
|
|t:|1621475636
|switch|p2a: Slowking|Slowking-Galar, M|100/100|[from]move: U-turn
|
|-heal|p1a: Ferrothorn|97/100|[from] item: Leftovers
|upkeep
|turn|5
|c| Ctannn|Can I ask why clear body on choice specs
|c|☆Draco09876|sticky webs and what not
|inactive|Draco09876 has 120 seconds left.
|c|☆Draco09876|and it is distracting
|
|t:|1621475672
|switch|p1a: Mew|Mew, shiny|100/100
|move|p2a: Slowking|Scald|p1a: Mew
|-damage|p1a: Mew|82/100
|
|-heal|p1a: Mew|89/100|[from] item: Leftovers
|upkeep
|turn|6
|j| Partynparadise
|
|t:|1621475692
|switch|p2a: Mandibuzz|Mandibuzz, F|100/100
|move|p1a: Mew|Knock Off|p2a: Mandibuzz
|-resisted|p2a: Mandibuzz
|-damage|p2a: Mandibuzz|94/100
|-enditem|p2a: Mandibuzz|Heavy-Duty Boots|[from] move: Knock Off|[of] p1a: Mew
|
|-heal|p1a: Mew|95/100|[from] item: Leftovers
|upkeep
|turn|7
|j| krayz005
|c| Ctannn|Didn’t think of webs
|
|t:|1621475702
|switch|p1a: Ferrothorn|Ferrothorn, M, shiny|97/100
|move|p2a: Mandibuzz|Knock Off|p1a: Ferrothorn
|-damage|p1a: Ferrothorn|83/100
|-damage|p2a: Mandibuzz|82/100|[from] ability: Iron Barbs|[of] p1a: Ferrothorn
|-enditem|p1a: Ferrothorn|Leftovers|[from] move: Knock Off|[of] p2a: Mandibuzz
|
|upkeep
|turn|8
|
|t:|1621475710
|switch|p2a: Slowking|Slowking-Galar, M|100/100
|move|p1a: Ferrothorn|Spikes|p2a: Slowking
|-sidestart|p2: Draco09876|Spikes
|
|upkeep
|turn|9
|
|t:|1621475716
|switch|p1a: Mew|Mew, shiny|95/100
|move|p2a: Slowking|Flamethrower|p1a: Mew
|-damage|p1a: Mew|76/100
|-status|p1a: Mew|brn
|-activate|p1a: Mew|ability: Synchronize
|-status|p2a: Slowking|brn
|
|-heal|p1a: Mew|82/100 brn|[from] item: Leftovers
|-damage|p1a: Mew|76/100 brn|[from] brn
|-damage|p2a: Slowking|94/100 brn|[from] brn
|upkeep
|turn|10
|
|t:|1621475728
|move|p1a: Mew|Taunt|p2a: Slowking
|-start|p2a: Slowking|move: Taunt
|move|p2a: Slowking|Sludge Bomb|p1a: Mew
|-damage|p1a: Mew|50/100 brn
|
|-heal|p1a: Mew|56/100 brn|[from] item: Leftovers
|-damage|p1a: Mew|50/100 brn|[from] brn
|-damage|p2a: Slowking|88/100 brn|[from] brn
|upkeep
|turn|11
|
|t:|1621475738
|switch|p2a: Mandibuzz|Mandibuzz, F|82/100
|move|p1a: Mew|Roost|p1a: Mew
|-heal|p1a: Mew|99/100 brn
|-singleturn|p1a: Mew|move: Roost
|
|-heal|p1a: Mew|100/100 brn|[from] item: Leftovers
|-damage|p1a: Mew|94/100 brn|[from] brn
|upkeep
|turn|12
|
|t:|1621475748
|switch|p1a: Ferrothorn|Ferrothorn, M, shiny|83/100
|move|p2a: Mandibuzz|Defog|p1a: Ferrothorn
|-unboost|p1a: Ferrothorn|evasion|1
|-sideend|p2: Draco09876|Spikes|[from] move: Defog|[of] p2a: Mandibuzz
|
|upkeep
|turn|13
|
|t:|1621475754
|switch|p2a: Slowking|Slowking-Galar, M|100/100 brn
|move|p1a: Ferrothorn|Spikes|p2a: Slowking
|-sidestart|p2: Draco09876|Spikes
|
|-damage|p2a: Slowking|94/100 brn|[from] brn
|upkeep
|turn|14
|
|t:|1621475760
|switch|p1a: Mew|Mew, shiny|94/100 brn
|move|p2a: Slowking|Future Sight|p1a: Mew
|-start|p2a: Slowking|move: Future Sight
|
|-heal|p1a: Mew|100/100 brn|[from] item: Leftovers
|-damage|p1a: Mew|94/100 brn|[from] brn
|-damage|p2a: Slowking|88/100 brn|[from] brn
|upkeep
|turn|15
|l| TyronWatermlone
|
|t:|1621475767
|switch|p2a: Mandibuzz|Mandibuzz, F|82/100
|move|p1a: Mew|Night Shade|p2a: Mandibuzz
|-damage|p2a: Mandibuzz|58/100
|
|-heal|p1a: Mew|100/100 brn|[from] item: Leftovers
|-damage|p1a: Mew|94/100 brn|[from] brn
|upkeep
|turn|16
|
|t:|1621475776
|switch|p1a: Ferrothorn|Ferrothorn, M, shiny|83/100
|move|p2a: Mandibuzz|Knock Off|p1a: Ferrothorn
|-damage|p1a: Ferrothorn|73/100
|-damage|p2a: Mandibuzz|46/100|[from] ability: Iron Barbs|[of] p1a: Ferrothorn
|
|-end|p1a: Ferrothorn|move: Future Sight
|-resisted|p1a: Ferrothorn
|-damage|p1a: Ferrothorn|48/100
|upkeep
|turn|17
|
|t:|1621475785
|move|p2a: Mandibuzz|Roost|p2a: Mandibuzz
|-heal|p2a: Mandibuzz|96/100
|-singleturn|p2a: Mandibuzz|move: Roost
|move|p1a: Ferrothorn|Leech Seed|p2a: Mandibuzz
|-start|p2a: Mandibuzz|move: Leech Seed
|
|-damage|p2a: Mandibuzz|84/100|[from] Leech Seed|[of] p1a: Ferrothorn
|-heal|p1a: Ferrothorn|63/100|[silent]
|upkeep
|turn|18
|
|t:|1621475793
|switch|p2a: Slowking|Slowking-Galar, M|100/100 brn
|-damage|p2a: Slowking|88/100 brn|[from] Spikes
|move|p1a: Ferrothorn|Spikes|p2a: Slowking
|-sidestart|p2: Draco09876|Spikes
|
|-damage|p2a: Slowking|82/100 brn|[from] brn
|upkeep
|turn|19
|
|t:|1621475800
|switch|p2a: Mandibuzz|Mandibuzz, F|84/100
|switch|p1a: Landorus|Landorus-Therian, M, shiny|99/100
|-ability|p1a: Landorus|Intimidate|boost
|-unboost|p2a: Mandibuzz|atk|1
|
|upkeep
|turn|20
|
|t:|1621475807
|move|p1a: Landorus|Toxic|p2a: Mandibuzz
|-status|p2a: Mandibuzz|tox
|move|p2a: Mandibuzz|Defog|p1a: Landorus
|-unboost|p1a: Landorus|evasion|1
|-sideend|p2: Draco09876|Spikes|[from] move: Defog|[of] p2a: Mandibuzz
|
|-damage|p2a: Mandibuzz|78/100 tox|[from] psn
|upkeep
|turn|21
|
|t:|1621475823
|switch|p1a: Zapdos|Zapdos, shiny|100/100
|switch|p2a: Ferrothorn|Ferrothorn, M|100/100
|
|upkeep
|turn|22
|
|t:|1621475830
|switch|p2a: Slowking|Slowking-Galar, M|100/100 brn
|move|p1a: Zapdos|Hurricane|p2a: Slowking|[miss]
|-miss|p1a: Zapdos|p2a: Slowking
|
|-damage|p2a: Slowking|94/100 brn|[from] brn
|upkeep
|turn|23
|
|t:|1621475836
|move|p1a: Zapdos|Volt Switch|p2a: Slowking
|-damage|p2a: Slowking|79/100 brn
|j| from you
|
|t:|1621475842
|switch|p1a: Mew|Mew, shiny|94/100 brn|[from]move: Volt Switch
|move|p2a: Slowking|Scald|p1a: Mew
|-damage|p1a: Mew|79/100 brn
|
|-heal|p1a: Mew|85/100 brn|[from] item: Leftovers
|-damage|p1a: Mew|79/100 brn|[from] brn
|-damage|p2a: Slowking|73/100 brn|[from] brn
|upkeep
|turn|24
|
|t:|1621475855
|switch|p2a: Ferrothorn|Ferrothorn, M|100/100
|move|p1a: Mew|Knock Off|p2a: Ferrothorn
|-damage|p2a: Ferrothorn|94/100
|-damage|p1a: Mew|66/100 brn|[from] ability: Iron Barbs|[of] p2a: Ferrothorn
|-damage|p1a: Mew|50/100 brn|[from] item: Rocky Helmet|[of] p2a: Ferrothorn
|-enditem|p2a: Ferrothorn|Rocky Helmet|[from] move: Knock Off|[of] p1a: Mew
|
|-heal|p1a: Mew|56/100 brn|[from] item: Leftovers
|-damage|p1a: Mew|50/100 brn|[from] brn
|upkeep
|turn|25
|j| NotEnoughGodPlayz
|
|t:|1621475867
|move|p1a: Mew|Roost|p1a: Mew
|-heal|p1a: Mew|99/100 brn
|-singleturn|p1a: Mew|move: Roost
|move|p2a: Ferrothorn|Knock Off|p1a: Mew
|-supereffective|p1a: Mew
|-damage|p1a: Mew|63/100 brn
|-enditem|p1a: Mew|Leftovers|[from] move: Knock Off|[of] p2a: Ferrothorn
|
|-damage|p1a: Mew|56/100 brn|[from] brn
|upkeep
|turn|26
|
|t:|1621475874
|switch|p2a: Dragapult|Dragapult, F|28/100
|move|p1a: Mew|Taunt|p2a: Dragapult
|-start|p2a: Dragapult|move: Taunt
|
|-damage|p1a: Mew|50/100 brn|[from] brn
|upkeep
|turn|27
|
|t:|1621475883
|switch|p1a: Tyranitar|Tyranitar, F, shiny|100/100
|-weather|Sandstorm|[from] ability: Sand Stream|[of] p1a: Tyranitar
|move|p2a: Dragapult|U-turn|p1a: Tyranitar
|-supereffective|p1a: Tyranitar
|-damage|p1a: Tyranitar|69/100
|
|t:|1621475886
|switch|p2a: Landorus|Landorus-Therian, M|100/100|[from]move: U-turn
|-ability|p2a: Landorus|Intimidate|boost
|-unboost|p1a: Tyranitar|atk|1
|
|-weather|Sandstorm|[upkeep]
|upkeep
|turn|28
|
|t:|1621475896
|switch|p1a: Landorus|Landorus-Therian, M, shiny|99/100
|-ability|p1a: Landorus|Intimidate|boost
|-unboost|p2a: Landorus|atk|1
|move|p2a: Landorus|U-turn|p1a: Landorus
|-resisted|p1a: Landorus
|-damage|p1a: Landorus|91/100
|
|t:|1621475904
|switch|p2a: Ferrothorn|Ferrothorn, M|94/100|[from]move: U-turn
|
|-weather|Sandstorm|[upkeep]
|upkeep
|turn|29
|
|t:|1621475910
|move|p1a: Landorus|Stealth Rock|p2a: Ferrothorn
|-sidestart|p2: Draco09876|move: Stealth Rock
|move|p2a: Ferrothorn|Stealth Rock|p1a: Landorus
|-sidestart|p1: Natasha Grieves|move: Stealth Rock
|
|-weather|Sandstorm|[upkeep]
|upkeep
|turn|30
|j| hangee
|
|t:|1621475920
|switch|p1a: Ferrothorn|Ferrothorn, M, shiny|63/100
|-damage|p1a: Ferrothorn|57/100|[from] Stealth Rock
|move|p2a: Ferrothorn|Leech Seed|p1a: Ferrothorn
|-immune|p1a: Ferrothorn
|
|-weather|Sandstorm|[upkeep]
|upkeep
|turn|31
|
|t:|1621475940
|switch|p1a: Zapdos|Zapdos, shiny|100/100
|move|p2a: Ferrothorn|Body Press|p1a: Zapdos
|-resisted|p1a: Zapdos
|-damage|p1a: Zapdos|89/100
|
|-weather|none
|upkeep
|turn|32
|
|t:|1621475951
|move|p1a: Zapdos|Volt Switch|p2a: Ferrothorn
|-resisted|p2a: Ferrothorn
|-damage|p2a: Ferrothorn|83/100
|
|t:|1621475957
|switch|p1a: Landorus|Landorus-Therian, M, shiny|91/100|[from]move: Volt Switch
|-damage|p1a: Landorus|78/100|[from] Stealth Rock
|-ability|p1a: Landorus|Intimidate|boost
|-unboost|p2a: Ferrothorn|atk|1
|move|p2a: Ferrothorn|Leech Seed|p1a: Landorus
|-start|p1a: Landorus|move: Leech Seed
|
|-damage|p1a: Landorus|66/100|[from] Leech Seed|[of] p2a: Ferrothorn
|-heal|p2a: Ferrothorn|96/100|[silent]
|upkeep
|turn|33
|l| hangee
|
|t:|1621475967
|switch|p1a: Mew|Mew, shiny|50/100 brn
|-damage|p1a: Mew|38/100 brn|[from] Stealth Rock
|move|p2a: Ferrothorn|Knock Off|p1a: Mew
|-supereffective|p1a: Mew
|-damage|p1a: Mew|20/100 brn
|
|-damage|p1a: Mew|14/100 brn|[from] brn
|upkeep
|turn|34
|
|t:|1621475975
|switch|p2a: Landorus|Landorus-Therian, M|100/100
|-damage|p2a: Landorus|88/100|[from] Stealth Rock
|-ability|p2a: Landorus|Intimidate|boost
|-unboost|p1a: Mew|atk|1
|move|p1a: Mew|Roost|p1a: Mew
|-heal|p1a: Mew|64/100 brn
|-singleturn|p1a: Mew|move: Roost
|
|-damage|p1a: Mew|58/100 brn|[from] brn
|upkeep
|turn|35
|
|t:|1621475992
|switch|p1a: Landorus|Landorus-Therian, M, shiny|66/100
|-damage|p1a: Landorus|54/100|[from] Stealth Rock
|-ability|p1a: Landorus|Intimidate|boost
|-unboost|p2a: Landorus|atk|1
|move|p2a: Landorus|U-turn|p1a: Landorus
|-resisted|p1a: Landorus
|-damage|p1a: Landorus|45/100
|
|t:|1621475997
|switch|p2a: Ferrothorn|Ferrothorn, M|96/100|[from]move: U-turn
|-damage|p2a: Ferrothorn|90/100|[from] Stealth Rock
|
|upkeep
|turn|36
|j| the baddest boy
|
|t:|1621476005
|switch|p1a: Mew|Mew, shiny|58/100 brn
|-damage|p1a: Mew|46/100 brn|[from] Stealth Rock
|move|p2a: Ferrothorn|Leech Seed|p1a: Mew
|-start|p1a: Mew|move: Leech Seed
|
|-damage|p1a: Mew|33/100 brn|[from] Leech Seed|[of] p2a: Ferrothorn
|-heal|p2a: Ferrothorn|100/100|[silent]
|-damage|p1a: Mew|27/100 brn|[from] brn
|upkeep
|turn|37
|
|t:|1621476014
|switch|p2a: Dragapult|Dragapult, F|28/100
|-damage|p2a: Dragapult|16/100|[from] Stealth Rock
|move|p1a: Mew|Roost|p1a: Mew
|-heal|p1a: Mew|77/100 brn
|-singleturn|p1a: Mew|move: Roost
|
|-damage|p1a: Mew|65/100 brn|[from] Leech Seed|[of] p2a: Dragapult
|-heal|p2a: Dragapult|32/100|[silent]
|-damage|p1a: Mew|59/100 brn|[from] brn
|upkeep
|turn|38
|
|t:|1621476024
|switch|p1a: Tapu Fini|Tapu Fini, shiny|100/100
|-damage|p1a: Tapu Fini|88/100|[from] Stealth Rock
|-fieldstart|move: Misty Terrain|[from] ability: Misty Surge|[of] p1a: Tapu Fini
|move|p2a: Dragapult|U-turn|p1a: Tapu Fini
|-resisted|p1a: Tapu Fini
|-damage|p1a: Tapu Fini|78/100
|
|t:|1621476028
|switch|p2a: Slowking|Slowking-Galar, M|100/100 brn|[from]move: U-turn
|-damage|p2a: Slowking|88/100 brn|[from] Stealth Rock
|
|-damage|p2a: Slowking|82/100 brn|[from] brn
|upkeep
|turn|39
|
|t:|1621476048
|switch|p1a: Mew|Mew, shiny|59/100 brn
|-damage|p1a: Mew|46/100 brn|[from] Stealth Rock
|move|p2a: Slowking|Scald|p1a: Mew
|-damage|p1a: Mew|30/100 brn
|
|-damage|p1a: Mew|24/100 brn|[from] brn
|-damage|p2a: Slowking|76/100 brn|[from] brn
|upkeep
|turn|40
|
|t:|1621476060
|switch|p2a: Landorus|Landorus-Therian, M|88/100
|-damage|p2a: Landorus|76/100|[from] Stealth Rock
|-ability|p2a: Landorus|Intimidate|boost
|-unboost|p1a: Mew|atk|1
|move|p1a: Mew|Roost|p1a: Mew
|-heal|p1a: Mew|74/100 brn
|-singleturn|p1a: Mew|move: Roost
|
|-damage|p1a: Mew|67/100 brn|[from] brn
|upkeep
|turn|41
|
|t:|1621476070
|switch|p1a: Zapdos|Zapdos, shiny|89/100
|move|p2a: Landorus|U-turn|p1a: Zapdos
|-resisted|p1a: Zapdos
|-damage|p1a: Zapdos|80/100
|
|t:|1621476074
|switch|p2a: Dragapult|Dragapult, F|32/100|[from]move: U-turn
|-damage|p2a: Dragapult|19/100|[from] Stealth Rock
|
|upkeep
|turn|42
|inactive|Natasha Grieves has 120 seconds left.
|inactive|Natasha Grieves has 90 seconds left.
|
|t:|1621476150
|switch|p2a: Slowking|Slowking-Galar, M|100/100 brn
|-damage|p2a: Slowking|88/100 brn|[from] Stealth Rock
|switch|p1a: Tyranitar|Tyranitar, F, shiny|69/100
|-damage|p1a: Tyranitar|57/100|[from] Stealth Rock
|-weather|Sandstorm|[from] ability: Sand Stream|[of] p1a: Tyranitar
|
|-weather|Sandstorm|[upkeep]
|-damage|p2a: Slowking|82/100 brn|[from] Sandstorm
|-damage|p2a: Slowking|76/100 brn|[from] brn
|-fieldend|Misty Terrain
|upkeep
|turn|43
|
|t:|1621476164
|switch|p2a: Ferrothorn|Ferrothorn, M|100/100
|-damage|p2a: Ferrothorn|95/100|[from] Stealth Rock
|move|p1a: Tyranitar|Rock Blast|p2a: Ferrothorn
|-resisted|p2a: Ferrothorn
|-damage|p2a: Ferrothorn|88/100
|-resisted|p2a: Ferrothorn
|-damage|p2a: Ferrothorn|81/100
|-resisted|p2a: Ferrothorn
|-damage|p2a: Ferrothorn|75/100
|-resisted|p2a: Ferrothorn
|-damage|p2a: Ferrothorn|69/100
|-resisted|p2a: Ferrothorn
|-damage|p2a: Ferrothorn|63/100
|-hitcount|p2a: Ferrothorn|5
|
|-weather|Sandstorm|[upkeep]
|upkeep
|turn|44
|
|t:|1621476183
|switch|p1a: Ferrothorn|Ferrothorn, M, shiny|57/100
|-damage|p1a: Ferrothorn|51/100|[from] Stealth Rock
|move|p2a: Ferrothorn|Leech Seed|p1a: Ferrothorn
|-immune|p1a: Ferrothorn
|
|-weather|Sandstorm|[upkeep]
|upkeep
|turn|45
|inactive|Natasha Grieves has 60 seconds left.
|l| Ctannn
|
|t:|1621476212
|move|p1a: Ferrothorn|Body Press|p2a: Ferrothorn
|-supereffective|p2a: Ferrothorn
|-damage|p2a: Ferrothorn|25/100
|-damage|p1a: Ferrothorn|39/100|[from] ability: Iron Barbs|[of] p2a: Ferrothorn
|move|p2a: Ferrothorn|Knock Off|p1a: Ferrothorn
|-damage|p1a: Ferrothorn|30/100
|-damage|p2a: Ferrothorn|13/100|[from] ability: Iron Barbs|[of] p1a: Ferrothorn
|
|-weather|Sandstorm|[upkeep]
|upkeep
|turn|46
|inactive|Natasha Grieves has 60 seconds left.
|l| Partynparadise
|j| Partynparadise
|
|t:|1621476244
|switch|p1a: Landorus|Landorus-Therian, M, shiny|45/100
|-damage|p1a: Landorus|33/100|[from] Stealth Rock
|-ability|p1a: Landorus|Intimidate|boost
|-unboost|p2a: Ferrothorn|atk|1
|move|p2a: Ferrothorn|Knock Off|p1a: Landorus
|-damage|p1a: Landorus|18/100
|-enditem|p1a: Landorus|Choice Scarf|[from] move: Knock Off|[of] p2a: Ferrothorn
|
|-weather|none
|upkeep
|turn|47
|
|t:|1621476254
|switch|p2a: Landorus|Landorus-Therian, M|76/100
|-damage|p2a: Landorus|64/100|[from] Stealth Rock
|-ability|p2a: Landorus|Intimidate|boost
|-unboost|p1a: Landorus|atk|1
|move|p1a: Landorus|Earthquake|p2a: Landorus
|-immune|p2a: Landorus
|
|upkeep
|turn|48
|
|t:|1621476273
|move|p2a: Landorus|Knock Off|p1a: Landorus
|-damage|p1a: Landorus|0 fnt
|faint|p1a: Landorus
|
|upkeep
|l| from you
|inactive|Natasha Grieves has 30 seconds left.
|
|t:|1621476287
|switch|p1a: Tapu Fini|Tapu Fini, shiny|78/100
|-damage|p1a: Tapu Fini|66/100|[from] Stealth Rock
|-fieldstart|move: Misty Terrain|[from] ability: Misty Surge|[of] p1a: Tapu Fini
|turn|49
|
|t:|1621476305
|switch|p2a: Ferrothorn|Ferrothorn, M|13/100
|-damage|p2a: Ferrothorn|7/100|[from] Stealth Rock
|move|p1a: Tapu Fini|Surf|p2a: Ferrothorn
|-resisted|p2a: Ferrothorn
|-damage|p2a: Ferrothorn|0 fnt
|faint|p2a: Ferrothorn
|
|upkeep
|
|t:|1621476310
|switch|p2a: Slowking|Slowking-Galar, M|100/100 brn
|-damage|p2a: Slowking|88/100 brn|[from] Stealth Rock
|turn|50
|
|t:|1621476320
|switch|p1a: Mew|Mew, shiny|67/100 brn
|-damage|p1a: Mew|55/100 brn|[from] Stealth Rock
|move|p2a: Slowking|Scald|p1a: Mew
|-damage|p1a: Mew|39/100 brn
|
|-damage|p1a: Mew|33/100 brn|[from] brn
|-damage|p2a: Slowking|82/100 brn|[from] brn
|upkeep
|turn|51
|
|t:|1621476328
|switch|p2a: Landorus|Landorus-Therian, M|64/100
|-damage|p2a: Landorus|52/100|[from] Stealth Rock
|-ability|p2a: Landorus|Intimidate|boost
|-unboost|p1a: Mew|atk|1
|move|p1a: Mew|Roost|p1a: Mew
|-heal|p1a: Mew|83/100 brn
|-singleturn|p1a: Mew|move: Roost
|
|-damage|p1a: Mew|77/100 brn|[from] brn
|upkeep
|turn|52
|inactive|Natasha Grieves has 60 seconds left.
|
|t:|1621476337
|switch|p1a: Zapdos|Zapdos, shiny|80/100
|move|p2a: Landorus|U-turn|p1a: Zapdos
|-resisted|p1a: Zapdos
|-damage|p1a: Zapdos|70/100
|
|t:|1621476342
|switch|p2a: Slowking|Slowking-Galar, M|100/100 brn|[from]move: U-turn
|-damage|p2a: Slowking|88/100 brn|[from] Stealth Rock
|
|-damage|p2a: Slowking|82/100 brn|[from] brn
|upkeep
|turn|53
|
|t:|1621476348
|move|p1a: Zapdos|Volt Switch|p2a: Slowking
|-crit|p2a: Slowking
|-damage|p2a: Slowking|58/100 brn
|
|t:|1621476352
|switch|p1a: Mew|Mew, shiny|77/100 brn|[from]move: Volt Switch
|-damage|p1a: Mew|65/100 brn|[from] Stealth Rock
|move|p2a: Slowking|Scald|p1a: Mew
|-damage|p1a: Mew|47/100 brn
|
|-damage|p1a: Mew|41/100 brn|[from] brn
|-damage|p2a: Slowking|52/100 brn|[from] brn
|-fieldend|Misty Terrain
|upkeep
|turn|54
|
|t:|1621476361
|move|p1a: Mew|Roost|p1a: Mew
|-heal|p1a: Mew|91/100 brn
|-singleturn|p1a: Mew|move: Roost
|move|p2a: Slowking|Sludge Bomb|p1a: Mew
|-damage|p1a: Mew|63/100 brn
|
|-damage|p1a: Mew|57/100 brn|[from] brn
|-damage|p2a: Slowking|46/100 brn|[from] brn
|upkeep
|turn|55
|
|t:|1621476370
|switch|p2a: Clefable|Clefable, M|94/100
|move|p1a: Mew|Knock Off|p2a: Clefable
|-resisted|p2a: Clefable
|-damage|p2a: Clefable|88/100
|-enditem|p2a: Clefable|Leftovers|[from] move: Knock Off|[of] p1a: Mew
|
|-damage|p1a: Mew|50/100 brn|[from] brn
|upkeep
|turn|56
|inactive|Natasha Grieves has 90 seconds left.
|
|t:|1621476378
|move|p1a: Mew|Roost|p1a: Mew
|-heal|p1a: Mew|100/100 brn
|-singleturn|p1a: Mew|move: Roost
|move|p2a: Clefable|Moonblast|p1a: Mew
|-damage|p1a: Mew|82/100 brn
|
|-damage|p1a: Mew|76/100 brn|[from] brn
|upkeep
|turn|57
|inactive|Natasha Grieves has 90 seconds left.
|
|t:|1621476389
|move|p1a: Mew|Knock Off|p2a: Clefable
|-resisted|p2a: Clefable
|-damage|p2a: Clefable|84/100
|move|p2a: Clefable|Moonblast|p1a: Mew
|-damage|p1a: Mew|57/100 brn
|-unboost|p1a: Mew|spa|1
|
|-damage|p1a: Mew|51/100 brn|[from] brn
|upkeep
|turn|58
|j| ImKazi
|j| ForestCave
|
|t:|1621476399
|move|p1a: Mew|Roost|p1a: Mew
|-heal|p1a: Mew|100/100 brn
|-singleturn|p1a: Mew|move: Roost
|move|p2a: Clefable|Moonblast|p1a: Mew
|-damage|p1a: Mew|82/100 brn
|-unboost|p1a: Mew|spa|1
|
|-damage|p1a: Mew|76/100 brn|[from] brn
|upkeep
|turn|59
|
|t:|1621476406
|move|p1a: Mew|Night Shade|p2a: Clefable
|-damage|p2a: Clefable|59/100
|move|p2a: Clefable|Moonblast|p1a: Mew
|-damage|p1a: Mew|57/100 brn
|
|-damage|p1a: Mew|50/100 brn|[from] brn
|upkeep
|turn|60
|
|t:|1621476429
|move|p1a: Mew|Night Shade|p2a: Clefable
|-damage|p2a: Clefable|33/100
|move|p2a: Clefable|Moonblast|p1a: Mew
|-damage|p1a: Mew|32/100 brn
|
|-damage|p1a: Mew|25/100 brn|[from] brn
|upkeep
|turn|61
|
|t:|1621476438
|move|p1a: Mew|Roost|p1a: Mew
|-heal|p1a: Mew|75/100 brn
|-singleturn|p1a: Mew|move: Roost
|move|p2a: Clefable|Soft-Boiled|p2a: Clefable
|-heal|p2a: Clefable|83/100
|
|-damage|p1a: Mew|69/100 brn|[from] brn
|upkeep
|turn|62
|
|t:|1621476444
|move|p1a: Mew|Night Shade|p2a: Clefable
|-damage|p2a: Clefable|58/100
|move|p2a: Clefable|Moonblast|p1a: Mew
|-damage|p1a: Mew|50/100 brn
|
|-damage|p1a: Mew|44/100 brn|[from] brn
|upkeep
|turn|63
|c| ImKazi|Lol both annoying players
|
|t:|1621476453
|move|p1a: Mew|Roost|p1a: Mew
|-heal|p1a: Mew|94/100 brn
|-singleturn|p1a: Mew|move: Roost
|move|p2a: Clefable|Moonblast|p1a: Mew
|-damage|p1a: Mew|73/100 brn
|
|-damage|p1a: Mew|67/100 brn|[from] brn
|upkeep
|turn|64
|l| ForestCave
|j| ForestCave
|inactive|Natasha Grieves has 120 seconds left.
|
|t:|1621476460
|move|p1a: Mew|Taunt|p2a: Clefable
|-start|p2a: Clefable|move: Taunt
|cant|p2a: Clefable|move: Taunt|Soft-Boiled
|
|-damage|p1a: Mew|61/100 brn|[from] brn
|upkeep
|turn|65
|
|t:|1621476467
|switch|p2a: Landorus|Landorus-Therian, M|52/100
|-damage|p2a: Landorus|39/100|[from] Stealth Rock
|-ability|p2a: Landorus|Intimidate|boost
|-unboost|p1a: Mew|atk|1
|move|p1a: Mew|Night Shade|p2a: Landorus
|-damage|p2a: Landorus|8/100
|
|-damage|p1a: Mew|55/100 brn|[from] brn
|upkeep
|turn|66
|
|t:|1621476476
|switch|p1a: Ferrothorn|Ferrothorn, M, shiny|30/100
|-damage|p1a: Ferrothorn|24/100|[from] Stealth Rock
|move|p2a: Landorus|Earthquake|p1a: Ferrothorn
|-damage|p1a: Ferrothorn|0 fnt
|faint|p1a: Ferrothorn
|
|upkeep
|
|t:|1621476486
|switch|p1a: Zapdos|Zapdos, shiny|70/100
|turn|67
|l| the baddest boy
|
|t:|1621476494
|switch|p2a: Slowking|Slowking-Galar, M|79/100 brn
|-damage|p2a: Slowking|67/100 brn|[from] Stealth Rock
|move|p1a: Zapdos|Roost|p1a: Zapdos
|-heal|p1a: Zapdos|100/100
|-singleturn|p1a: Zapdos|move: Roost
|
|-damage|p2a: Slowking|61/100 brn|[from] brn
|upkeep
|turn|68
|
|t:|1621476515
|move|p1a: Zapdos|Volt Switch|p2a: Slowking
|-damage|p2a: Slowking|46/100 brn
|
|t:|1621476518
|switch|p1a: Mew|Mew, shiny|55/100 brn|[from]move: Volt Switch
|-damage|p1a: Mew|42/100 brn|[from] Stealth Rock
|move|p2a: Slowking|Sludge Bomb|p1a: Mew
|-damage|p1a: Mew|14/100 brn
|
|-damage|p1a: Mew|7/100 brn|[from] brn
|-damage|p2a: Slowking|40/100 brn|[from] brn
|upkeep
|turn|69
|l| ImKazi
|
|t:|1621476529
|switch|p2a: Dragapult|Dragapult, F|19/100
|-damage|p2a: Dragapult|7/100|[from] Stealth Rock
|move|p1a: Mew|Roost|p1a: Mew
|-heal|p1a: Mew|58/100 brn
|-singleturn|p1a: Mew|move: Roost
|
|-damage|p1a: Mew|51/100 brn|[from] brn
|upkeep
|turn|70
|inactive|Natasha Grieves has 120 seconds left.
|
|t:|1621476573
|switch|p1a: Tyranitar|Tyranitar, F, shiny|57/100
|-damage|p1a: Tyranitar|44/100|[from] Stealth Rock
|-weather|Sandstorm|[from] ability: Sand Stream|[of] p1a: Tyranitar
|move|p2a: Dragapult|U-turn|p1a: Tyranitar
|-supereffective|p1a: Tyranitar
|-damage|p1a: Tyranitar|12/100
|l| Partynparadise
|
|t:|1621476580
|switch|p2a: Clefable|Clefable, M|58/100|[from]move: U-turn
|
|-weather|Sandstorm|[upkeep]
|upkeep
|turn|71
|
|t:|1621476586
|move|p1a: Tyranitar|Rock Blast|p2a: Clefable
|-damage|p2a: Clefable|33/100
|-damage|p2a: Clefable|10/100
|-damage|p2a: Clefable|0 fnt
|faint|p2a: Clefable
|-hitcount|p2: Clefable|3
|
|-weather|Sandstorm|[upkeep]
|upkeep
|j| Partynparadise
|
|t:|1621476590
|switch|p2a: Mandibuzz|Mandibuzz, F|78/100 tox
|-damage|p2a: Mandibuzz|53/100 tox|[from] Stealth Rock
|turn|72
|
|t:|1621476597
|move|p1a: Tyranitar|Rock Blast|p2a: Mandibuzz
|-supereffective|p2a: Mandibuzz
|-damage|p2a: Mandibuzz|28/100 tox
|-supereffective|p2a: Mandibuzz
|-damage|p2a: Mandibuzz|1/100 tox
|-supereffective|p2a: Mandibuzz
|-damage|p2a: Mandibuzz|0 fnt
|faint|p2a: Mandibuzz
|-hitcount|p2: Mandibuzz|3
|
|-weather|Sandstorm|[upkeep]
|upkeep
|
|t:|1621476602
|switch|p2a: Landorus|Landorus-Therian, M|8/100
|-damage|p2a: Landorus|0 fnt|[from] Stealth Rock
|faint|p2a: Landorus
|
|t:|1621476605
|switch|p2a: Slowking|Slowking-Galar, M|74/100 brn
|-damage|p2a: Slowking|61/100 brn|[from] Stealth Rock
|turn|73
|
|t:|1621476611
|move|p1a: Tyranitar|Rock Blast|p2a: Slowking
|-damage|p2a: Slowking|39/100 brn
|-damage|p2a: Slowking|14/100 brn
|-damage|p2a: Slowking|0 fnt
|faint|p2a: Slowking
|-hitcount|p2: Slowking|3
|
|-weather|Sandstorm|[upkeep]
|upkeep
|-message|Draco09876 forfeited.
|
|win|Natasha Grieves
|raw|Natasha Grieves's rating: 1788 &rarr; <strong>1807</strong><br />(+19 for winning)
|raw|Draco09876's rating: 1768 &rarr; <strong>1749</strong><br />(-19 for losing)
|l|☆Draco09876
|l|☆Natasha Grieves
