|j|☆TheLindomar
|j|☆Anirav
|player|p1|TheLindomar|red|1734
|player|p2|Anirav|unknown|1741
|teamsize|p1|6
|teamsize|p2|6
|gametype|singles
|gen|8
|tier|[Gen 8] OU
|rated|
|clearpoke
|poke|p1|Rillaboom, M|
|poke|p1|Magearna-Original|
|poke|p1|Urshifu-*, M|
|poke|p1|Mandibuzz, F|
|poke|p1|Kommo-o, M|
|poke|p1|Toxapex, M|
|poke|p2|Urshifu-*, M|
|poke|p2|Mandibuzz, F|
|poke|p2|Hippowdon, M|
|poke|p2|Magearna|
|poke|p2|Slowbro, M|
|poke|p2|Rotom-Heat|
|rule|Sleep Clause Mod: Limit one foe put to sleep
|rule|Species Clause: Limit one of each Pokémon
|rule|OHKO Clause: OHKO moves are banned
|rule|Evasion Moves Clause: Evasion moves are banned
|rule|Endless Battle Clause: Forcing endless battles is banned
|rule|HP Percentage Mod: HP is shown in percentages
|rule|Dynamax Clause: You cannot dynamax
|teampreview
|j| zNikolai
|inactive|Battle timer is ON: inactive players will automatically lose when time's up. (requested by TheLindomar)
|
|start
|switch|p1a: Toxapex|Toxapex, M|100/100
|switch|p2a: Rotom|Rotom-Heat|100/100
|turn|1
|
|move|p2a: Rotom|Discharge|p1a: Toxapex
|-supereffective|p1a: Toxapex
|-damage|p1a: Toxapex|50/100
|move|p1a: Toxapex|Toxic|p2a: Rotom
|-status|p2a: Rotom|tox
|
|-heal|p1a: Toxapex|57/100|[from] item: Black Sludge
|-damage|p2a: Rotom|95/100 tox|[from] psn
|upkeep
|turn|2
|
|switch|p2a: Magearna|Magearna|100/100
|switch|p1a: Kommo-o|Kommo-o, M|100/100
|
|upkeep
|turn|3
|
|move|p1a: Kommo-o|Taunt|p2a: Magearna
|-start|p2a: Magearna|move: Taunt
|move|p2a: Magearna|Fleur Cannon|p1a: Kommo-o|[miss]
|-miss|p2a: Magearna|p1a: Kommo-o
|
|upkeep
|turn|4
|
|switch|p1a: Toxapex|Toxapex, M|90/100
|switch|p2a: Rotom|Rotom-Heat|95/100 tox
|
|-heal|p1a: Toxapex|96/100|[from] item: Black Sludge
|-damage|p2a: Rotom|89/100 tox|[from] psn
|upkeep
|turn|5
|
|switch|p1a: Kommo-o|Kommo-o, M|100/100
|move|p2a: Rotom|Discharge|p1a: Kommo-o
|-resisted|p1a: Kommo-o
|-damage|p1a: Kommo-o|87/100
|-status|p1a: Kommo-o|par
|
|-heal|p1a: Kommo-o|93/100 par|[from] item: Leftovers
|-damage|p2a: Rotom|77/100 tox|[from] psn
|upkeep
|turn|6
|
|switch|p2a: Magearna|Magearna|100/100
|move|p1a: Kommo-o|Stealth Rock|p2a: Magearna
|-sidestart|p2: Anirav|move: Stealth Rock
|
|-heal|p1a: Kommo-o|99/100 par|[from] item: Leftovers
|upkeep
|turn|7
|
|switch|p1a: Toxapex|Toxapex, M|100/100
|move|p2a: Magearna|Volt Switch|p1a: Toxapex
|-supereffective|p1a: Toxapex
|-damage|p1a: Toxapex|38/100
|j| Kyurem
|
|switch|p2a: Urshifu|Urshifu, M|100/100|[from]move: Volt Switch
|-damage|p2a: Urshifu|94/100|[from] Stealth Rock
|
|-heal|p1a: Toxapex|44/100|[from] item: Black Sludge
|upkeep
|turn|8
|
|switch|p1a: Kommo-o|Kommo-o, M|99/100 par
|move|p2a: Urshifu|U-turn|p1a: Kommo-o
|-resisted|p1a: Kommo-o
|-damage|p1a: Kommo-o|87/100 par
|
|switch|p2a: Magearna|Magearna|100/100|[from]move: U-turn
|-damage|p2a: Magearna|94/100|[from] Stealth Rock
|
|-heal|p1a: Kommo-o|94/100 par|[from] item: Leftovers
|upkeep
|turn|9
|
|switch|p1a: Toxapex|Toxapex, M|77/100
|move|p2a: Magearna|Fleur Cannon|p1a: Toxapex
|-resisted|p1a: Toxapex
|-damage|p1a: Toxapex|31/100
|-unboost|p2a: Magearna|spa|2
|
|-heal|p1a: Toxapex|38/100|[from] item: Black Sludge
|upkeep
|turn|10
|c| zNikolai|is it just me or is urshifu texture bugged
|
|switch|p2a: Rotom|Rotom-Heat|77/100 tox
|move|p1a: Toxapex|Recover|p1a: Toxapex
|-heal|p1a: Toxapex|88/100
|
|-heal|p1a: Toxapex|94/100|[from] item: Black Sludge
|-damage|p2a: Rotom|71/100 tox|[from] psn
|upkeep
|turn|11
|c|☆TheLindomar|its not working yet
|c| zNikolai|sad
|
|switch|p1a: Kommo-o|Kommo-o, M|94/100 par
|move|p2a: Rotom|Discharge|p1a: Kommo-o
|-resisted|p1a: Kommo-o
|-damage|p1a: Kommo-o|80/100 par
|
|-heal|p1a: Kommo-o|86/100 par|[from] item: Leftovers
|-damage|p2a: Rotom|59/100 tox|[from] psn
|upkeep
|turn|12
|
|switch|p2a: Slowbro|Slowbro, M|100/100
|-damage|p2a: Slowbro|88/100|[from] Stealth Rock
|move|p1a: Kommo-o|Taunt|p2a: Slowbro
|-start|p2a: Slowbro|move: Taunt
|
|-heal|p1a: Kommo-o|93/100 par|[from] item: Leftovers
|upkeep
|turn|13
|
|switch|p1a: Toxapex|Toxapex, M|100/100
|move|p2a: Slowbro|Future Sight|p1a: Toxapex
|-start|p2a: Slowbro|move: Future Sight
|
|upkeep
|turn|14
|j| bondofgames
|
|switch|p2a: Magearna|Magearna|94/100
|-damage|p2a: Magearna|88/100|[from] Stealth Rock
|move|p1a: Toxapex|Toxic|p2a: Magearna
|-immune|p2a: Magearna
|
|upkeep
|turn|15
|
|move|p2a: Magearna|Fleur Cannon|p1a: Toxapex
|-resisted|p1a: Toxapex
|-damage|p1a: Toxapex|58/100
|-unboost|p2a: Magearna|spa|2
|move|p1a: Toxapex|Recover|p1a: Toxapex
|-heal|p1a: Toxapex|100/100
|
|-end|p1a: Toxapex|move: Future Sight
|-supereffective|p1a: Toxapex
|-damage|p1a: Toxapex|35/100
|-heal|p1a: Toxapex|42/100|[from] item: Black Sludge
|upkeep
|turn|16
|
|move|p2a: Magearna|Fleur Cannon|p1a: Toxapex|[miss]
|-miss|p2a: Magearna|p1a: Toxapex
|move|p1a: Toxapex|Recover|p1a: Toxapex
|-heal|p1a: Toxapex|92/100
|
|-heal|p1a: Toxapex|98/100|[from] item: Black Sludge
|upkeep
|turn|17
|
|switch|p2a: Mandibuzz|Mandibuzz, F|100/100
|move|p1a: Toxapex|Scald|p2a: Mandibuzz
|-damage|p2a: Mandibuzz|90/100
|
|-heal|p1a: Toxapex|100/100|[from] item: Black Sludge
|upkeep
|turn|18
|
|switch|p2a: Rotom|Rotom-Heat|59/100 tox
|move|p1a: Toxapex|Toxic|p2a: Rotom
|-fail|p2a: Rotom|tox
|
|-damage|p2a: Rotom|53/100 tox|[from] psn
|upkeep
|turn|19
|
|move|p2a: Rotom|Pain Split|p1a: Toxapex
|-sethp|p1a: Toxapex|76/100|[from] move: Pain Split|[silent]
|-sethp|p2a: Rotom|77/100 tox|[from] move: Pain Split
|move|p1a: Toxapex|Scald|p2a: Rotom
|-supereffective|p2a: Rotom
|-damage|p2a: Rotom|38/100 tox
|
|-heal|p1a: Toxapex|83/100|[from] item: Black Sludge
|-damage|p2a: Rotom|27/100 tox|[from] psn
|upkeep
|turn|20
|
|switch|p1a: Kommo-o|Kommo-o, M|93/100 par
|move|p2a: Rotom|Pain Split|p1a: Kommo-o
|-sethp|p1a: Kommo-o|58/100 par|[from] move: Pain Split|[silent]
|-sethp|p2a: Rotom|67/100 tox|[from] move: Pain Split
|
|-heal|p1a: Kommo-o|64/100 par|[from] item: Leftovers
|-damage|p2a: Rotom|49/100 tox|[from] psn
|upkeep
|turn|21
|
|switch|p2a: Slowbro|Slowbro, M|100/100
|-damage|p2a: Slowbro|88/100|[from] Stealth Rock
|cant|p1a: Kommo-o|par
|
|-heal|p1a: Kommo-o|70/100 par|[from] item: Leftovers
|upkeep
|turn|22
|
|switch|p1a: Rillaboom|Rillaboom, M|100/100
|-fieldstart|move: Grassy Terrain|[from] ability: Grassy Surge|[of] p1a: Rillaboom
|move|p2a: Slowbro|Teleport|p2a: Slowbro
|
|switch|p2a: Urshifu|Urshifu, M|94/100|[from]move: Teleport
|-damage|p2a: Urshifu|88/100|[from] Stealth Rock
|
|-heal|p2a: Urshifu|94/100|[from] Grassy Terrain
|upkeep
|turn|23
|
|move|p1a: Rillaboom|Grassy Glide|p2a: Urshifu
|-damage|p2a: Urshifu|32/100
|-damage|p1a: Rillaboom|91/100|[from] item: Life Orb
|move|p2a: Urshifu|Wicked Blow|p1a: Rillaboom
|-crit|p1a: Rillaboom
|-damage|p1a: Rillaboom|0 fnt
|faint|p1a: Rillaboom
|
|-heal|p2a: Urshifu|38/100|[from] Grassy Terrain
|upkeep
|
|switch|p1a: Magearna|Magearna-Original|100/100
|-enditem|p1a: Magearna|Grassy Seed
|-boost|p1a: Magearna|def|1|[from] item: Grassy Seed
|turn|24
|c| zNikolai|never seen teleport slowbro before
|j| Optimistic22
|
|switch|p2a: Hippowdon|Hippowdon, M|100/100
|-damage|p2a: Hippowdon|94/100|[from] Stealth Rock
|-weather|Sandstorm|[from] ability: Sand Stream|[of] p2a: Hippowdon
|move|p1a: Magearna|Shift Gear|p1a: Magearna
|-boost|p1a: Magearna|spe|2
|-boost|p1a: Magearna|atk|1
|
|-weather|Sandstorm|[upkeep]
|-heal|p2a: Hippowdon|100/100|[from] item: Leftovers
|upkeep
|turn|25
|
|move|p1a: Magearna|Stored Power|p2a: Hippowdon
|-damage|p2a: Hippowdon|63/100
|move|p2a: Hippowdon|Whirlwind|p1a: Magearna
|drag|p1a: Toxapex|Toxapex, M|100/100
|
|-weather|Sandstorm|[upkeep]
|-damage|p1a: Toxapex|94/100|[from] Sandstorm
|-heal|p2a: Hippowdon|69/100|[from] item: Leftovers
|-heal|p2a: Hippowdon|75/100|[from] Grassy Terrain
|-heal|p1a: Toxapex|100/100|[from] item: Black Sludge
|upkeep
|turn|26
|
|switch|p2a: Slowbro|Slowbro, M|100/100
|-damage|p2a: Slowbro|88/100|[from] Stealth Rock
|move|p1a: Toxapex|Toxic|p2a: Slowbro
|-status|p2a: Slowbro|tox
|
|-weather|Sandstorm|[upkeep]
|-damage|p1a: Toxapex|94/100|[from] Sandstorm
|-damage|p2a: Slowbro|82/100 tox|[from] Sandstorm
|-heal|p1a: Toxapex|100/100|[from] item: Black Sludge
|-heal|p2a: Slowbro|88/100 tox|[from] Grassy Terrain
|-fieldend|move: Grassy Terrain
|-damage|p2a: Slowbro|82/100 tox|[from] psn
|upkeep
|turn|27
|
|switch|p1a: Urshifu|Urshifu, M|100/100
|move|p2a: Slowbro|Future Sight|p1a: Urshifu
|-start|p2a: Slowbro|move: Future Sight
|
|-weather|Sandstorm|[upkeep]
|-damage|p1a: Urshifu|94/100|[from] Sandstorm
|-damage|p2a: Slowbro|76/100 tox|[from] Sandstorm
|-damage|p2a: Slowbro|64/100 tox|[from] psn
|upkeep
|turn|28
|
|move|p1a: Urshifu|Wicked Blow|p2a: Slowbro
|-supereffective|p2a: Slowbro
|-crit|p2a: Slowbro
|-damage|p2a: Slowbro|0 fnt
|-damage|p1a: Urshifu|78/100|[from] item: Rocky Helmet|[of] p2a: Slowbro
|faint|p2a: Slowbro
|
|-weather|none
|upkeep
|l| Optimistic22
|
|switch|p2a: Magearna|Magearna|88/100
|-damage|p2a: Magearna|82/100|[from] Stealth Rock
|turn|29
|
|switch|p1a: Kommo-o|Kommo-o, M|70/100 par
|move|p2a: Magearna|Fleur Cannon|p1a: Kommo-o
|-supereffective|p1a: Kommo-o
|-damage|p1a: Kommo-o|0 fnt
|-unboost|p2a: Magearna|spa|2
|faint|p1a: Kommo-o
|-ability|p2a: Magearna|Soul-Heart|boost
|-boost|p2a: Magearna|spa|1
|
|-hint|Future Sight did not hit because the target is the user.
|upkeep
|
|switch|p1a: Toxapex|Toxapex, M|100/100
|turn|30
|
|switch|p2a: Mandibuzz|Mandibuzz, F|90/100
|move|p1a: Toxapex|Scald|p2a: Mandibuzz
|-damage|p2a: Mandibuzz|79/100
|-status|p2a: Mandibuzz|brn
|
|-damage|p2a: Mandibuzz|73/100 brn|[from] brn
|upkeep
|turn|31
|
|switch|p1a: Magearna|Magearna-Original|100/100
|move|p2a: Mandibuzz|Defog|p1a: Magearna
|-unboost|p1a: Magearna|evasion|1
|-sideend|p2: Anirav|Stealth Rock|[from] move: Defog|[of] p2a: Mandibuzz
|
|-damage|p2a: Mandibuzz|67/100 brn|[from] brn
|upkeep
|turn|32
|
|switch|p2a: Hippowdon|Hippowdon, M|75/100
|-weather|Sandstorm|[from] ability: Sand Stream|[of] p2a: Hippowdon
|move|p1a: Magearna|Shift Gear|p1a: Magearna
|-boost|p1a: Magearna|spe|2
|-boost|p1a: Magearna|atk|1
|
|-weather|Sandstorm|[upkeep]
|-heal|p2a: Hippowdon|82/100|[from] item: Leftovers
|upkeep
|turn|33
|
|move|p1a: Magearna|Stored Power|p2a: Hippowdon
|-damage|p2a: Hippowdon|50/100
|move|p2a: Hippowdon|Stealth Rock|p1a: Magearna
|-sidestart|p1: TheLindomar|move: Stealth Rock
|
|-weather|Sandstorm|[upkeep]
|-heal|p2a: Hippowdon|56/100|[from] item: Leftovers
|upkeep
|turn|34
|
|move|p1a: Magearna|Calm Mind|p1a: Magearna
|-boost|p1a: Magearna|spa|1
|-boost|p1a: Magearna|spd|1
|move|p2a: Hippowdon|Slack Off|p2a: Hippowdon
|-heal|p2a: Hippowdon|100/100
|
|-weather|Sandstorm|[upkeep]
|upkeep
|turn|35
|
|move|p1a: Magearna|Stored Power|p2a: Hippowdon
|-damage|p2a: Hippowdon|31/100
|move|p2a: Hippowdon|Earthquake|p1a: Magearna
|-supereffective|p1a: Magearna
|-damage|p1a: Magearna|20/100
|
|-weather|Sandstorm|[upkeep]
|-heal|p2a: Hippowdon|37/100|[from] item: Leftovers
|upkeep
|turn|36
|
|move|p1a: Magearna|Draining Kiss|p2a: Hippowdon
|-damage|p2a: Hippowdon|0 fnt
|-heal|p1a: Magearna|59/100|[from] drain|[of] p2a: Hippowdon
|faint|p2a: Hippowdon
|-ability|p1a: Magearna|Soul-Heart|boost
|-boost|p1a: Magearna|spa|1
|
|-weather|none
|upkeep
|
|switch|p2a: Rotom|Rotom-Heat|49/100 tox
|turn|37
|
|move|p1a: Magearna|Stored Power|p2a: Rotom
|-damage|p2a: Rotom|0 fnt
|faint|p2a: Rotom
|-ability|p1a: Magearna|Soul-Heart|boost
|-boost|p1a: Magearna|spa|1
|
|upkeep
|
|switch|p2a: Magearna|Magearna|82/100
|turn|38
|
|move|p1a: Magearna|Draining Kiss|p2a: Magearna
|-resisted|p2a: Magearna
|-damage|p2a: Magearna|55/100
|-heal|p1a: Magearna|82/100|[from] drain|[of] p2a: Magearna
|move|p2a: Magearna|Trick|p1a: Magearna
|-activate|p2a: Magearna|move: Trick|[of] p1a: Magearna
|-item|p1a: Magearna|Choice Specs|[from] move: Trick
|-enditem|p2a: Magearna|Choice Specs|[silent]|[from] move: Trick
|
|upkeep
|turn|39
|
|move|p1a: Magearna|Draining Kiss|p2a: Magearna
|-resisted|p2a: Magearna
|-damage|p2a: Magearna|15/100
|-heal|p1a: Magearna|100/100|[from] drain|[of] p2a: Magearna
|move|p2a: Magearna|Flash Cannon|p1a: Magearna
|-damage|p1a: Magearna|70/100
|
|upkeep
|turn|40
|
|move|p1a: Magearna|Draining Kiss|p2a: Magearna
|-resisted|p2a: Magearna
|-damage|p2a: Magearna|0 fnt
|-heal|p1a: Magearna|83/100|[from] drain|[of] p2a: Magearna
|faint|p2a: Magearna
|-ability|p1a: Magearna|Soul-Heart|boost
|-boost|p1a: Magearna|spa|1
|
|upkeep
|-message|Anirav forfeited.
|
|win|TheLindomar
|l|☆Anirav
|l|☆TheLindomar
|c| zNikolai|gg
||Ladder (probably) updated, but score could not be retrieved (Request timeout).
|l| zNikolai
