|raw|<div class="broadcast-blue"><strong>This battle is required to be public due to a player having a name starting with 'btlt200'.</div>
|j|‽minimax_ai
|j|☆BTLT200$ Hiko
|t:|1668104507
|gametype|singles
|player|p1|minimax_ai|265|1405
|player|p2|BTLT200$ Hiko|allister|1431
|teamsize|p1|6
|teamsize|p2|6
|gen|8
|tier|[Gen 8] OU
|rated|
|rule|Sleep Clause Mod: Limit one foe put to sleep
|rule|Species Clause: Limit one of each Pokémon
|rule|OHKO Clause: OHKO moves are banned
|rule|Evasion Items Clause: Evasion items are banned
|rule|Evasion Moves Clause: Evasion moves are banned
|rule|Endless Battle Clause: Forcing endless battles is banned
|rule|HP Percentage Mod: HP is shown in percentages
|rule|Dynamax Clause: You cannot dynamax
|clearpoke
|poke|p1|Rotom-Wash|
|poke|p1|Weavile, M|
|poke|p1|Landorus-Therian, M|
|poke|p1|Heatran, M|
|poke|p1|Tangrowth, M|
|poke|p1|Melmetal|
|poke|p2|Mew|
|poke|p2|Blaziken, M|
|poke|p2|Scizor, M|
|poke|p2|Garchomp, M|
|poke|p2|Ninetales-Alola, F|
|poke|p2|Dragapult, F|
|teampreview
|inactive|Battle timer is ON: inactive players will automatically lose when time's up. (requested by BTLT200$ Hiko)
|inactive|minimax_ai also wants the timer to be on.
|
|t:|1668104513
|start
|switch|p1a: Landorus|Landorus-Therian, M|100/100
|switch|p2a: Mew|Mew|100/100
|-ability|p1a: Landorus|Intimidate|boost
|-unboost|p2a: Mew|atk|1
|turn|1
|
|t:|1668104518
|move|p2a: Mew|Stealth Rock|p1a: Landorus
|-sidestart|p1: minimax_ai|move: Stealth Rock
|move|p1a: Landorus|Earthquake|p2a: Mew
|-damage|p2a: Mew|60/100
|
|upkeep
|turn|2
|
|t:|1668104523
|move|p2a: Mew|Spikes|p1a: Landorus
|-sidestart|p1: minimax_ai|Spikes
|move|p1a: Landorus|Earthquake|p2a: Mew
|-damage|p2a: Mew|18/100
|
|upkeep
|turn|3
|
|t:|1668104527
|move|p2a: Mew|Explosion|p1a: Landorus
|-damage|p1a: Landorus|60/100
|faint|p2a: Mew
|move|p1a: Landorus|Defog|p2: Mew|[notarget]
|-fail|p1a: Landorus
|
|-heal|p1a: Landorus|66/100|[from] item: Leftovers
|upkeep
|
|t:|1668104545
|switch|p2a: Ninetales|Ninetales-Alola, F, shiny|100/100
|-weather|Hail|[from] ability: Snow Warning|[of] p2a: Ninetales
|turn|4
|
|t:|1668104552
|move|p2a: Ninetales|Freeze-Dry|p1a: Landorus
|-supereffective|p1a: Landorus
|-damage|p1a: Landorus|0 fnt
|faint|p1a: Landorus
|
|-weather|Hail|[upkeep]
|upkeep
|
|t:|1668104552
|switch|p1a: Melmetal|Melmetal|100/100
|-damage|p1a: Melmetal|94/100|[from] Stealth Rock
|-damage|p1a: Melmetal|82/100|[from] Spikes
|turn|5
|
|t:|1668104568
|switch|p2a: Scizor|Scizor, M|100/100
|move|p1a: Melmetal|Earthquake|p2a: Scizor
|-damage|p2a: Scizor|52/100
|
|-weather|Hail|[upkeep]
|-damage|p2a: Scizor|46/100|[from] Hail
|-damage|p1a: Melmetal|76/100|[from] Hail
|upkeep
|turn|6
|
|t:|1668104585
|move|p2a: Scizor|Superpower|p1a: Melmetal
|-supereffective|p1a: Melmetal
|-damage|p1a: Melmetal|4/100
|-unboost|p2a: Scizor|atk|1
|-unboost|p2a: Scizor|def|1
|-damage|p2a: Scizor|36/100|[from] item: Life Orb
|move|p1a: Melmetal|Earthquake|p2a: Scizor
|-damage|p2a: Scizor|0 fnt
|faint|p2a: Scizor
|
|-weather|Hail|[upkeep]
|-damage|p1a: Melmetal|0 fnt|[from] Hail
|faint|p1a: Melmetal
|upkeep
|
|t:|1668104602
|switch|p2a: Ninetales|Ninetales-Alola, F, shiny|100/100
|switch|p1a: Rotom|Rotom-Wash|100/100
|-damage|p1a: Rotom|88/100|[from] Stealth Rock
|turn|7
|
|t:|1668104606
|move|p2a: Ninetales|Freeze-Dry|p1a: Rotom
|-supereffective|p1a: Rotom
|-damage|p1a: Rotom|36/100
|move|p1a: Rotom|Pain Split|p2a: Ninetales
|-sethp|p2a: Ninetales|69/100|[from] move: Pain Split|[silent]
|-sethp|p1a: Rotom|65/100|[from] move: Pain Split
|
|-weather|Hail|[upkeep]
|-damage|p1a: Rotom|59/100|[from] Hail
|-heal|p1a: Rotom|65/100|[from] item: Leftovers
|upkeep
|turn|8
|
|t:|1668104611
|move|p2a: Ninetales|Freeze-Dry|p1a: Rotom
|-supereffective|p1a: Rotom
|-damage|p1a: Rotom|13/100
|move|p1a: Rotom|Hydro Pump|p2a: Ninetales
|-damage|p2a: Ninetales|20/100
|
|-weather|none
|-heal|p1a: Rotom|20/100|[from] item: Leftovers
|upkeep
|turn|9
|
|t:|1668104617
|move|p2a: Ninetales|Freeze-Dry|p1a: Rotom
|-supereffective|p1a: Rotom
|-damage|p1a: Rotom|0 fnt
|faint|p1a: Rotom
|
|upkeep
|
|t:|1668104617
|switch|p1a: Heatran|Heatran, M|100/100
|-damage|p1a: Heatran|88/100|[from] Stealth Rock
|-item|p1a: Heatran|Air Balloon
|turn|10
|
|t:|1668104626
|switch|p2a: Garchomp|Garchomp, M|100/100
|move|p1a: Heatran|Earth Power|p2a: Garchomp
|-damage|p2a: Garchomp|68/100
|
|upkeep
|turn|11
|
|t:|1668104632
|move|p2a: Garchomp|Scale Shot|p1a: Heatran
|-resisted|p1a: Heatran
|-damage|p1a: Heatran|82/100
|-enditem|p1a: Heatran|Air Balloon
|-resisted|p1a: Heatran
|-damage|p1a: Heatran|75/100
|-resisted|p1a: Heatran
|-damage|p1a: Heatran|69/100
|-hitcount|p1a: Heatran|3
|-unboost|p2a: Garchomp|def|1
|-boost|p2a: Garchomp|spe|1
|move|p1a: Heatran|Earth Power|p2a: Garchomp
|-damage|p2a: Garchomp|36/100
|
|upkeep
|turn|12
|
|t:|1668104639
|move|p2a: Garchomp|Earthquake|p1a: Heatran
|-supereffective|p1a: Heatran
|-damage|p1a: Heatran|0 fnt
|faint|p1a: Heatran
|
|upkeep
|
|t:|1668104639
|switch|p1a: Tangrowth|Tangrowth, M|100/100
|-damage|p1a: Tangrowth|88/100|[from] Stealth Rock
|-damage|p1a: Tangrowth|76/100|[from] Spikes
|turn|13
|
|t:|1668104646
|move|p2a: Garchomp|Swords Dance|p2a: Garchomp
|-boost|p2a: Garchomp|atk|2
|move|p1a: Tangrowth|Knock Off|p2a: Garchomp
|-crit|p2a: Garchomp
|-damage|p2a: Garchomp|0 fnt
|-damage|p1a: Tangrowth|63/100|[from] ability: Rough Skin|[of] p2a: Garchomp
|-enditem|p2a: Garchomp|Roseli Berry|[from] move: Knock Off|[of] p1a: Tangrowth
|faint|p2a: Garchomp
|
|upkeep
|
|t:|1668104652
|switch|p2a: Ninetales|Ninetales-Alola, F, shiny|20/100
|-weather|Hail|[from] ability: Snow Warning|[of] p2a: Ninetales
|turn|14
|
|t:|1668104659
|move|p2a: Ninetales|Blizzard|p1a: Tangrowth
|-supereffective|p1a: Tangrowth
|-damage|p1a: Tangrowth|0 fnt
|faint|p1a: Tangrowth
|
|-weather|Hail|[upkeep]
|upkeep
|
|t:|1668104659
|switch|p1a: Weavile|Weavile, M|100/100
|-damage|p1a: Weavile|76/100|[from] Stealth Rock
|-damage|p1a: Weavile|63/100|[from] Spikes
|-ability|p1a: Weavile|Pressure
|turn|15
|
|t:|1668104668
|move|p2a: Ninetales|Blizzard|p1a: Weavile
|-resisted|p1a: Weavile
|-damage|p1a: Weavile|35/100
|move|p1a: Weavile|Triple Axel|p2a: Ninetales
|-resisted|p2a: Ninetales
|-damage|p2a: Ninetales|8/100
|-resisted|p2a: Ninetales
|-damage|p2a: Ninetales|0 fnt
|faint|p2a: Ninetales
|-hitcount|p2: Ninetales|2
|
|-weather|Hail|[upkeep]
|upkeep
|
|t:|1668104672
|switch|p2a: Blaziken|Blaziken, M|100/100
|-item|p2a: Blaziken|Air Balloon
|turn|16
|
|t:|1668104675
|move|p1a: Weavile|Triple Axel|p2a: Blaziken
|-resisted|p2a: Blaziken
|-damage|p2a: Blaziken|89/100
|-enditem|p2a: Blaziken|Air Balloon
|-resisted|p2a: Blaziken
|-damage|p2a: Blaziken|67/100
|-resisted|p2a: Blaziken
|-damage|p2a: Blaziken|34/100
|-hitcount|p2a: Blaziken|3
|move|p2a: Blaziken|Close Combat|p1a: Weavile
|-supereffective|p1a: Weavile
|-damage|p1a: Weavile|0 fnt
|-unboost|p2a: Blaziken|def|1
|-unboost|p2a: Blaziken|spd|1
|faint|p1a: Weavile
|
|win|BTLT200$ Hiko
|raw|minimax_ai's rating: 1405 &rarr; <strong>1386</strong><br />(-19 for losing)
|raw|BTLT200$ Hiko's rating: 1431 &rarr; <strong>1450</strong><br />(+19 for winning)
