|j|☆Hajmola
|j|☆LolzMachine
|t:|1667488856
|gametype|singles
|player|p1|Hajmola|doctor|1781
|player|p2|LolzMachine|1|1794
|teamsize|p1|6
|teamsize|p2|6
|gen|8
|tier|[Gen 8] OU
|rated|
|rule|Sleep Clause Mod: Limit one foe put to sleep
|rule|Species Clause: Limit one of each Pokémon
|rule|OHKO Clause: OHKO moves are banned
|rule|Evasion Items Clause: Evasion items are banned
|rule|Evasion Moves Clause: Evasion moves are banned
|rule|Endless Battle Clause: Forcing endless battles is banned
|rule|HP Percentage Mod: HP is shown in percentages
|rule|Dynamax Clause: You cannot dynamax
|clearpoke
|poke|p1|Tornadus-Therian, M|
|poke|p1|Gastrodon-East, F|
|poke|p1|Toxapex, F|
|poke|p1|Mew|
|poke|p1|Corviknight, F|
|poke|p1|Clefable, M|
|poke|p2|Haxorus, F|
|poke|p2|Ferrothorn, F|
|poke|p2|Landorus-Therian, M|
|poke|p2|Tyranitar, F|
|poke|p2|Volcarona, F|
|poke|p2|Buzzwole|
|teampreview
|j| sammag
|
|t:|1667488878
|start
|switch|p1a: Toxapex|Toxapex, F|100/100
|switch|p2a: Landorus|Landorus-Therian, M|100/100
|-ability|p2a: Landorus|Intimidate|boost
|-unboost|p1a: Toxapex|atk|1
|turn|1
|j| Pullaya
|
|t:|1667488880
|move|p2a: Landorus|Earthquake|p1a: Toxapex
|-supereffective|p1a: Toxapex
|-damage|p1a: Toxapex|21/100
|move|p1a: Toxapex|Toxic Spikes|p2a: Landorus
|-sidestart|p2: LolzMachine|move: Toxic Spikes
|
|upkeep
|turn|2
|
|t:|1667488887
|switch|p1a: Tornadus|Tornadus-Therian, M|100/100
|move|p2a: Landorus|Smack Down|p1a: Tornadus
|-supereffective|p1a: Tornadus
|-damage|p1a: Tornadus|61/100
|-start|p1a: Tornadus|Smack Down
|
|upkeep
|turn|3
|
|t:|1667488893
|move|p1a: Tornadus|U-turn|p2a: Landorus
|-resisted|p2a: Landorus
|-damage|p2a: Landorus|91/100
|
|t:|1667488913
|switch|p1a: Corviknight|Corviknight, F|100/100|[from]move: U-turn
|-ability|p1a: Corviknight|Pressure
|move|p2a: Landorus|Earthquake|p1a: Corviknight
|-immune|p1a: Corviknight
|
|upkeep
|turn|4
|
|t:|1667488918
|move|p2a: Landorus|Stealth Rock|p1a: Corviknight
|-sidestart|p1: Hajmola|move: Stealth Rock
|move|p1a: Corviknight|Brave Bird|p2a: Landorus
|-damage|p2a: Landorus|47/100
|-damage|p1a: Corviknight|89/100|[from] Recoil
|
|-heal|p1a: Corviknight|95/100|[from] item: Leftovers
|upkeep
|turn|5
|
|t:|1667488929
|switch|p2a: Ferrothorn|Ferrothorn, F|100/100
|move|p1a: Corviknight|Brave Bird|p2a: Ferrothorn
|-damage|p2a: Ferrothorn|80/100
|-damage|p1a: Corviknight|82/100|[from] ability: Iron Barbs|[of] p2a: Ferrothorn
|-damage|p1a: Corviknight|66/100|[from] item: Rocky Helmet|[of] p2a: Ferrothorn
|-damage|p1a: Corviknight|60/100|[from] Recoil
|
|-heal|p1a: Corviknight|66/100|[from] item: Leftovers
|upkeep
|turn|6
|
|t:|1667488936
|move|p1a: Corviknight|Roost|p1a: Corviknight
|-heal|p1a: Corviknight|100/100
|-singleturn|p1a: Corviknight|move: Roost
|move|p2a: Ferrothorn|Spikes|p1a: Corviknight
|-sidestart|p1: Hajmola|Spikes
|
|upkeep
|turn|7
|
|t:|1667488939
|move|p1a: Corviknight|Defog|p2a: Ferrothorn
|-unboost|p2a: Ferrothorn|evasion|1
|-sideend|p2: LolzMachine|Toxic Spikes|[from] move: Defog|[of] p1a: Corviknight
|-sideend|p1: Hajmola|Spikes|[from] move: Defog|[of] p1a: Corviknight
|-sideend|p1: Hajmola|Stealth Rock|[from] move: Defog|[of] p1a: Corviknight
|move|p2a: Ferrothorn|Knock Off|p1a: Corviknight
|-damage|p1a: Corviknight|84/100
|-enditem|p1a: Corviknight|Leftovers|[from] move: Knock Off|[of] p2a: Ferrothorn
|
|upkeep
|turn|8
|
|t:|1667488942
|switch|p1a: Tornadus|Tornadus-Therian, M|94/100
|move|p2a: Ferrothorn|Spikes|p1a: Tornadus
|-sidestart|p1: Hajmola|Spikes
|
|upkeep
|turn|9
|
|t:|1667488946
|switch|p2a: Tyranitar|Tyranitar, F|100/100
|-weather|Sandstorm|[from] ability: Sand Stream|[of] p2a: Tyranitar
|move|p1a: Tornadus|Knock Off|p2a: Tyranitar
|-resisted|p2a: Tyranitar
|-damage|p2a: Tyranitar|92/100
|-enditem|p2a: Tyranitar|Weakness Policy|[from] move: Knock Off|[of] p1a: Tornadus
|
|-weather|Sandstorm|[upkeep]
|-damage|p1a: Tornadus|88/100|[from] Sandstorm
|upkeep
|turn|10
|
|t:|1667488953
|move|p1a: Tornadus|U-turn|p2a: Tyranitar
|-supereffective|p2a: Tyranitar
|-damage|p2a: Tyranitar|64/100
|inactive|Battle timer is ON: inactive players will automatically lose when time's up. (requested by LolzMachine)
|
|t:|1667488999
|switch|p1a: Corviknight|Corviknight, F|84/100|[from]move: U-turn
|-ability|p1a: Corviknight|Pressure
|move|p2a: Tyranitar|Stone Edge|p1a: Corviknight
|-damage|p1a: Corviknight|36/100
|
|-weather|Sandstorm|[upkeep]
|upkeep
|turn|11
|
|t:|1667489005
|switch|p1a: Gastrodon|Gastrodon-East, F|100/100
|-damage|p1a: Gastrodon|88/100|[from] Spikes
|move|p2a: Tyranitar|Fire Punch|p1a: Gastrodon
|-resisted|p1a: Gastrodon
|-damage|p1a: Gastrodon|71/100
|
|-weather|Sandstorm|[upkeep]
|-heal|p1a: Gastrodon|77/100|[from] item: Leftovers
|upkeep
|turn|12
|
|t:|1667489011
|switch|p2a: Ferrothorn|Ferrothorn, F|80/100
|move|p1a: Gastrodon|Recover|p1a: Gastrodon
|-heal|p1a: Gastrodon|100/100
|
|-weather|Sandstorm|[upkeep]
|upkeep
|turn|13
|
|t:|1667489016
|switch|p1a: Corviknight|Corviknight, F|36/100
|-ability|p1a: Corviknight|Pressure
|switch|p2a: Volcarona|Volcarona, F|100/100
|
|-weather|none
|upkeep
|turn|14
|
|t:|1667489021
|switch|p1a: Tornadus|Tornadus-Therian, M|100/100
|move|p2a: Volcarona|Fire Blast|p1a: Tornadus
|-damage|p1a: Tornadus|60/100
|
|upkeep
|turn|15
|
|t:|1667489028
|switch|p2a: Ferrothorn|Ferrothorn, F|80/100
|move|p1a: Tornadus|Hurricane|p2a: Ferrothorn
|-damage|p2a: Ferrothorn|47/100
|-start|p2a: Ferrothorn|confusion
|
|upkeep
|turn|16
|j| cypherstest
|
|t:|1667489040
|switch|p2a: Landorus|Landorus-Therian, M|47/100
|-ability|p2a: Landorus|Intimidate|boost
|-unboost|p1a: Tornadus|atk|1
|move|p1a: Tornadus|Heat Wave|p2a: Landorus|[miss]
|-miss|p1a: Tornadus|p2a: Landorus
|
|upkeep
|turn|17
|
|t:|1667489052
|switch|p2a: Tyranitar|Tyranitar, F|64/100
|-weather|Sandstorm|[from] ability: Sand Stream|[of] p2a: Tyranitar
|move|p1a: Tornadus|U-turn|p2a: Tyranitar
|-supereffective|p2a: Tyranitar
|-damage|p2a: Tyranitar|44/100
|
|t:|1667489059
|switch|p1a: Gastrodon|Gastrodon-East, F|100/100|[from]move: U-turn
|-damage|p1a: Gastrodon|88/100|[from] Spikes
|
|-weather|Sandstorm|[upkeep]
|-heal|p1a: Gastrodon|94/100|[from] item: Leftovers
|upkeep
|turn|18
|
|t:|1667489063
|move|p2a: Tyranitar|Stone Edge|p1a: Gastrodon
|-resisted|p1a: Gastrodon
|-damage|p1a: Gastrodon|65/100
|move|p1a: Gastrodon|Earthquake|p2a: Tyranitar
|-supereffective|p2a: Tyranitar
|-damage|p2a: Tyranitar|0 fnt
|faint|p2a: Tyranitar
|
|-weather|Sandstorm|[upkeep]
|-heal|p1a: Gastrodon|71/100|[from] item: Leftovers
|upkeep
|
|t:|1667489067
|switch|p2a: Buzzwole|Buzzwole|100/100
|turn|19
|
|t:|1667489073
|switch|p1a: Clefable|Clefable, M|100/100
|move|p2a: Buzzwole|Ice Punch|p1a: Clefable
|-damage|p1a: Clefable|80/100
|
|-weather|Sandstorm|[upkeep]
|-damage|p2a: Buzzwole|94/100|[from] Sandstorm
|-damage|p1a: Clefable|74/100|[from] Sandstorm
|upkeep
|turn|20
|
|t:|1667489080
|move|p2a: Buzzwole|Ice Punch|p1a: Clefable
|-damage|p1a: Clefable|51/100
|move|p1a: Clefable|Soft-Boiled|p1a: Clefable
|-heal|p1a: Clefable|100/100
|
|-weather|Sandstorm|[upkeep]
|-damage|p2a: Buzzwole|88/100|[from] Sandstorm
|-damage|p1a: Clefable|94/100|[from] Sandstorm
|upkeep
|turn|21
|
|t:|1667489084
|switch|p2a: Ferrothorn|Ferrothorn, F|47/100
|move|p1a: Clefable|Moonblast|p2a: Ferrothorn
|-resisted|p2a: Ferrothorn
|-damage|p2a: Ferrothorn|35/100
|-unboost|p2a: Ferrothorn|spa|1
|
|-weather|none
|upkeep
|turn|22
|
|t:|1667489090
|switch|p1a: Corviknight|Corviknight, F|36/100
|-ability|p1a: Corviknight|Pressure
|switch|p2a: Haxorus|Haxorus, F|100/100
|-ability|p2a: Haxorus|Mold Breaker
|
|upkeep
|turn|23
|
|t:|1667489094
|switch|p1a: Clefable|Clefable, M|94/100
|move|p2a: Haxorus|Close Combat|p1a: Clefable
|-resisted|p1a: Clefable
|-damage|p1a: Clefable|71/100
|-unboost|p2a: Haxorus|def|1
|-unboost|p2a: Haxorus|spd|1
|
|upkeep
|turn|24
|
|t:|1667489098
|switch|p2a: Ferrothorn|Ferrothorn, F|35/100
|move|p1a: Clefable|Soft-Boiled|p1a: Clefable
|-heal|p1a: Clefable|100/100
|
|upkeep
|turn|25
|
|t:|1667489103
|switch|p1a: Corviknight|Corviknight, F|36/100
|-ability|p1a: Corviknight|Pressure
|move|p2a: Ferrothorn|Body Press|p1a: Corviknight
|-damage|p1a: Corviknight|10/100
|
|upkeep
|turn|26
|
|t:|1667489110
|switch|p2a: Volcarona|Volcarona, F|100/100
|move|p1a: Corviknight|Roost|p1a: Corviknight
|-heal|p1a: Corviknight|60/100
|-singleturn|p1a: Corviknight|move: Roost
|
|upkeep
|turn|27
|
|t:|1667489117
|switch|p1a: Toxapex|Toxapex, F|54/100
|-damage|p1a: Toxapex|42/100|[from] Spikes
|move|p2a: Volcarona|Fire Blast|p1a: Toxapex|[miss]
|-miss|p2a: Volcarona|p1a: Toxapex
|
|upkeep
|turn|28
|
|t:|1667489124
|move|p2a: Volcarona|Quiver Dance|p2a: Volcarona
|-boost|p2a: Volcarona|spa|1
|-boost|p2a: Volcarona|spd|1
|-boost|p2a: Volcarona|spe|1
|move|p1a: Toxapex|Recover|p1a: Toxapex
|-heal|p1a: Toxapex|92/100
|
|upkeep
|turn|29
|
|t:|1667489136
|move|p2a: Volcarona|Psychic|p1a: Toxapex
|-supereffective|p1a: Toxapex
|-damage|p1a: Toxapex|15/100
|move|p1a: Toxapex|Haze|p1a: Toxapex
|-clearallboost
|
|upkeep
|turn|30
|
|t:|1667489140
|switch|p1a: Gastrodon|Gastrodon-East, F|71/100
|-damage|p1a: Gastrodon|58/100|[from] Spikes
|move|p2a: Volcarona|Quiver Dance|p2a: Volcarona
|-boost|p2a: Volcarona|spa|1
|-boost|p2a: Volcarona|spd|1
|-boost|p2a: Volcarona|spe|1
|
|-heal|p1a: Gastrodon|65/100|[from] item: Leftovers
|upkeep
|turn|31
|
|t:|1667489142
|move|p2a: Volcarona|Bug Buzz|p1a: Gastrodon
|-crit|p1a: Gastrodon
|-damage|p1a: Gastrodon|0 fnt
|faint|p1a: Gastrodon
|
|upkeep
|
|t:|1667489147
|switch|p1a: Tornadus|Tornadus-Therian, M|94/100
|turn|32
|
|t:|1667489149
|move|p2a: Volcarona|Fire Blast|p1a: Tornadus
|-damage|p1a: Tornadus|39/100
|move|p1a: Tornadus|Hurricane|p2a: Volcarona
|-supereffective|p2a: Volcarona
|-damage|p2a: Volcarona|46/100
|-start|p2a: Volcarona|confusion
|
|upkeep
|turn|33
|j| Mimitheboss
|inactive|Hajmola has 120 seconds left.
|
|t:|1667489186
|switch|p1a: Corviknight|Corviknight, F|60/100
|-ability|p1a: Corviknight|Pressure
|-activate|p2a: Volcarona|confusion
|move|p2a: Volcarona|Quiver Dance|p2a: Volcarona
|-boost|p2a: Volcarona|spa|1
|-boost|p2a: Volcarona|spd|1
|-boost|p2a: Volcarona|spe|1
|
|upkeep
|turn|34
|
|t:|1667489192
|-activate|p2a: Volcarona|confusion
|-damage|p2a: Volcarona|38/100|[from] confusion
|move|p1a: Corviknight|Brave Bird|p2a: Volcarona
|-supereffective|p2a: Volcarona
|-damage|p2a: Volcarona|0 fnt
|faint|p2a: Volcarona
|-damage|p1a: Corviknight|50/100|[from] Recoil
|
|upkeep
|
|t:|1667489194
|switch|p2a: Haxorus|Haxorus, F|100/100
|-ability|p2a: Haxorus|Mold Breaker
|turn|35
|
|t:|1667489213
|move|p2a: Haxorus|Poison Jab|p1a: Corviknight
|-immune|p1a: Corviknight
|move|p1a: Corviknight|Brave Bird|p2a: Haxorus
|-damage|p2a: Haxorus|52/100
|-damage|p1a: Corviknight|38/100|[from] Recoil
|
|upkeep
|turn|36
|-message|LolzMachine forfeited.
|
|win|Hajmola
|raw|Hajmola's rating: 1781 &rarr; <strong>1802</strong><br />(+21 for winning)
|raw|LolzMachine's rating: 1794 &rarr; <strong>1773</strong><br />(-21 for losing)
|l|☆LolzMachine
|l| cypherstest
|l|☆Hajmola
|l| Mimitheboss
||Ladder isn't responding, score probably updated but might not have (Request timeout).
