|raw|<div class="broadcast-blue"><strong>This battle is required to be public due to a player having a name starting with 'lt91bb'.</div>
|j|☆2(H2O)
|j|☆LT91BB EDG
|t:|1659001117
|gametype|singles
|player|p1|2(H2O)|chase|1525
|player|p2|LT91BB EDG|elesa|1490
|teamsize|p1|6
|teamsize|p2|6
|gen|8
|tier|[Gen 8] OU
|rated|
|rule|Sleep Clause Mod: Limit one foe put to sleep
|rule|Species Clause: Limit one of each Pokémon
|rule|OHKO Clause: OHKO moves are banned
|rule|Evasion Moves Clause: Evasion moves are banned
|rule|Endless Battle Clause: Forcing endless battles is banned
|rule|HP Percentage Mod: HP is shown in percentages
|rule|Dynamax Clause: You cannot dynamax
|clearpoke
|poke|p1|Weavile, M|
|poke|p1|Landorus-Therian, M|
|poke|p1|Tyranitar, M|
|poke|p1|Corviknight, M|
|poke|p1|Kartana|
|poke|p1|Slowbro, M|
|poke|p2|Heatran, M|
|poke|p2|Slowbro, F|
|poke|p2|Urshifu-*, M|
|poke|p2|Landorus-Therian, M|
|poke|p2|Volcarona, F|
|poke|p2|Dragapult, F|
|teampreview
|inactive|Battle timer is ON: inactive players will automatically lose when time's up. (requested by LT91BB EDG)
|
|t:|1659001141
|start
|switch|p1a: Slowbro|Slowbro, M|100/100
|switch|p2a: Landorus|Landorus-Therian, M|100/100
|-ability|p2a: Landorus|Intimidate|boost
|-unboost|p1a: Slowbro|atk|1
|turn|1
|
|t:|1659001149
|switch|p2a: Slowbro|Slowbro, F, shiny|100/100
|move|p1a: Slowbro|Scald|p2a: Slowbro
|-resisted|p2a: Slowbro
|-damage|p2a: Slowbro|86/100
|
|upkeep
|turn|2
|
|t:|1659001154
|move|p1a: Slowbro|Future Sight|p2a: Slowbro
|-start|p1a: Slowbro|move: Future Sight
|move|p2a: Slowbro|Teleport|p2a: Slowbro
|
|t:|1659001159
|switch|p2a: Dragapult|Dragapult, F|100/100|[from]move: Teleport
|
|upkeep
|turn|3
|
|t:|1659001164
|switch|p1a: Landorus|Landorus-Therian, M|100/100
|-ability|p1a: Landorus|Intimidate|boost
|-unboost|p2a: Dragapult|atk|1
|move|p2a: Dragapult|U-turn|p1a: Landorus
|-resisted|p1a: Landorus
|-damage|p1a: Landorus|95/100
|
|t:|1659001167
|switch|p2a: Slowbro|Slowbro, F, shiny|100/100|[from]move: U-turn
|
|-heal|p1a: Landorus|100/100|[from] item: Leftovers
|upkeep
|turn|4
|
|t:|1659001171
|move|p1a: Landorus|Toxic|p2a: Slowbro|[miss]
|-miss|p1a: Landorus|p2a: Slowbro
|move|p2a: Slowbro|Ice Beam|p1a: Landorus
|-supereffective|p1a: Landorus
|-damage|p1a: Landorus|42/100
|
|-end|p2a: Slowbro|move: Future Sight
|-resisted|p2a: Slowbro
|-damage|p2a: Slowbro|78/100
|-heal|p1a: Landorus|48/100|[from] item: Leftovers
|upkeep
|turn|5
|
|t:|1659001177
|move|p1a: Landorus|Toxic|p2a: Slowbro
|-status|p2a: Slowbro|tox
|move|p2a: Slowbro|Future Sight|p1a: Landorus
|-start|p2a: Slowbro|move: Future Sight
|
|-heal|p1a: Landorus|54/100|[from] item: Leftovers
|-damage|p2a: Slowbro|72/100 tox|[from] psn
|upkeep
|turn|6
|
|t:|1659001179
|move|p1a: Landorus|Stealth Rock|p2a: Slowbro
|-sidestart|p2: LT91BB EDG|move: Stealth Rock
|move|p2a: Slowbro|Teleport|p2a: Slowbro
|
|t:|1659001184
|switch|p2a: Landorus|Landorus-Therian, M|100/100|[from]move: Teleport
|-damage|p2a: Landorus|88/100|[from] Stealth Rock
|-ability|p2a: Landorus|Intimidate|boost
|-unboost|p1a: Landorus|atk|1
|
|-heal|p1a: Landorus|60/100|[from] item: Leftovers
|upkeep
|turn|7
|
|t:|1659001188
|move|p2a: Landorus|Defog|p1a: Landorus
|-unboost|p1a: Landorus|evasion|1
|-sideend|p2: LT91BB EDG|Stealth Rock|[from] move: Defog|[of] p2a: Landorus
|move|p1a: Landorus|Toxic|p2a: Landorus
|-status|p2a: Landorus|tox
|
|-end|p1a: Landorus|move: Future Sight
|-damage|p1a: Landorus|32/100
|-heal|p1a: Landorus|38/100|[from] item: Leftovers
|-damage|p2a: Landorus|82/100 tox|[from] psn
|upkeep
|turn|8
|
|t:|1659001192
|move|p2a: Landorus|Stone Edge|p1a: Landorus
|-crit|p1a: Landorus
|-damage|p1a: Landorus|0 fnt
|faint|p1a: Landorus
|
|-damage|p2a: Landorus|70/100 tox|[from] psn
|upkeep
|
|t:|1659001196
|switch|p1a: Weavile|Weavile, M|100/100
|-ability|p1a: Weavile|Pressure
|turn|9
|
|t:|1659001206
|move|p1a: Weavile|Swords Dance|p1a: Weavile
|-boost|p1a: Weavile|atk|2
|move|p2a: Landorus|Stone Edge|p1a: Weavile|[miss]
|-miss|p2a: Landorus|p1a: Weavile
|
|-damage|p2a: Landorus|52/100 tox|[from] psn
|upkeep
|turn|10
|
|t:|1659001212
|move|p1a: Weavile|Knock Off|p2a: Landorus
|-damage|p2a: Landorus|0 fnt
|-enditem|p2a: Landorus|Soft Sand|[from] move: Knock Off|[of] p1a: Weavile
|faint|p2a: Landorus
|-damage|p1a: Weavile|91/100|[from] item: Life Orb
|
|upkeep
|
|t:|1659001214
|switch|p2a: Urshifu|Urshifu-Rapid-Strike, M|100/100
|turn|11
|
|t:|1659001216
|switch|p1a: Slowbro|Slowbro, M|100/100
|move|p2a: Urshifu|U-turn|p1a: Slowbro
|-supereffective|p1a: Slowbro
|-damage|p1a: Slowbro|58/100
|
|t:|1659001223
|switch|p2a: 火神嗯啊~|Volcarona, F, shiny|100/100|[from]move: U-turn
|
|upkeep
|turn|12
|
|t:|1659001231
|switch|p1a: Corviknight|Corviknight, M|100/100
|-ability|p1a: Corviknight|Pressure
|move|p2a: 火神嗯啊~|Bug Buzz|p1a: Corviknight
|-resisted|p1a: Corviknight
|-damage|p1a: Corviknight|90/100
|
|upkeep
|turn|13
|
|t:|1659001238
|switch|p2a: Heatran|Heatran, M|100/100
|switch|p1a: Tyranitar|Tyranitar, M|100/100
|-weather|Sandstorm|[from] ability: Sand Stream|[of] p1a: Tyranitar
|
|-weather|Sandstorm|[upkeep]
|upkeep
|turn|14
|
|t:|1659001243
|move|p2a: Heatran|Stealth Rock|p1a: Tyranitar
|-sidestart|p1: 2(H2O)|move: Stealth Rock
|move|p1a: Tyranitar|Superpower|p2a: Heatran
|-supereffective|p2a: Heatran
|-damage|p2a: Heatran|0 fnt
|-unboost|p1a: Tyranitar|atk|1
|-unboost|p1a: Tyranitar|def|1
|faint|p2a: Heatran
|
|-weather|Sandstorm|[upkeep]
|upkeep
|
|t:|1659001253
|switch|p2a: Urshifu|Urshifu-Rapid-Strike, M|100/100
|turn|15
|
|t:|1659001259
|switch|p1a: Corviknight|Corviknight, M|90/100
|-ability|p1a: Corviknight|Pressure
|move|p2a: Urshifu|U-turn|p1a: Corviknight
|-resisted|p1a: Corviknight
|-damage|p1a: Corviknight|84/100
|
|t:|1659001264
|switch|p2a: 火神嗯啊~|Volcarona, F, shiny|100/100|[from]move: U-turn
|
|-weather|Sandstorm|[upkeep]
|-damage|p2a: 火神嗯啊~|94/100|[from] Sandstorm
|upkeep
|turn|16
|
|t:|1659001273
|move|p2a: 火神嗯啊~|Fire Blast|p1a: Corviknight
|-supereffective|p1a: Corviknight
|-damage|p1a: Corviknight|0 fnt
|faint|p1a: Corviknight
|
|-weather|Sandstorm|[upkeep]
|-damage|p2a: 火神嗯啊~|88/100|[from] Sandstorm
|upkeep
|
|t:|1659001281
|switch|p1a: Tyranitar|Tyranitar, M|100/100
|-damage|p1a: Tyranitar|88/100|[from] Stealth Rock
|turn|17
|
|t:|1659001285
|switch|p2a: Slowbro|Slowbro, F, shiny|100/100 tox
|move|p1a: Tyranitar|Crunch|p2a: Slowbro
|-supereffective|p2a: Slowbro
|-damage|p2a: Slowbro|24/100 tox
|-damage|p1a: Tyranitar|72/100|[from] item: Rocky Helmet|[of] p2a: Slowbro
|
|-weather|none
|-damage|p2a: Slowbro|18/100 tox|[from] psn
|upkeep
|turn|18
|
|t:|1659001294
|move|p1a: Tyranitar|Crunch|p2a: Slowbro
|-supereffective|p2a: Slowbro
|-damage|p2a: Slowbro|0 fnt
|-damage|p1a: Tyranitar|55/100|[from] item: Rocky Helmet|[of] p2a: Slowbro
|faint|p2a: Slowbro
|
|upkeep
|
|t:|1659001301
|switch|p2a: Urshifu|Urshifu-Rapid-Strike, M|100/100
|turn|19
|
|t:|1659001311
|switch|p1a: Slowbro|Slowbro, M|91/100
|move|p2a: Urshifu|U-turn|p1a: Slowbro
|-supereffective|p1a: Slowbro
|-damage|p1a: Slowbro|49/100
|
|t:|1659001313
|switch|p2a: 火神嗯啊~|Volcarona, F, shiny|88/100|[from]move: U-turn
|
|upkeep
|turn|20
|
|t:|1659001316
|move|p2a: 火神嗯啊~|Quiver Dance|p2a: 火神嗯啊~
|-boost|p2a: 火神嗯啊~|spa|1
|-boost|p2a: 火神嗯啊~|spd|1
|-boost|p2a: 火神嗯啊~|spe|1
|move|p1a: Slowbro|Scald|p2a: 火神嗯啊~
|-supereffective|p2a: 火神嗯啊~
|-damage|p2a: 火神嗯啊~|47/100
|
|upkeep
|turn|21
|
|t:|1659001323
|move|p2a: 火神嗯啊~|Bug Buzz|p1a: Slowbro
|-supereffective|p1a: Slowbro
|-damage|p1a: Slowbro|0 fnt
|faint|p1a: Slowbro
|
|upkeep
|
|t:|1659001329
|switch|p1a: Kartana|Kartana|100/100
|-damage|p1a: Kartana|94/100|[from] Stealth Rock
|turn|22
|
|t:|1659001334
|switch|p2a: Urshifu|Urshifu-Rapid-Strike, M|100/100
|move|p1a: Kartana|Knock Off|p2a: Urshifu
|-resisted|p2a: Urshifu
|-damage|p2a: Urshifu|79/100
|-enditem|p2a: Urshifu|Choice Band|[from] move: Knock Off|[of] p1a: Kartana
|
|upkeep
|turn|23
|
|t:|1659001339
|switch|p1a: Tyranitar|Tyranitar, M|55/100
|-damage|p1a: Tyranitar|43/100|[from] Stealth Rock
|-weather|Sandstorm|[from] ability: Sand Stream|[of] p1a: Tyranitar
|move|p2a: Urshifu|Close Combat|p1a: Tyranitar
|-supereffective|p1a: Tyranitar
|-damage|p1a: Tyranitar|0 fnt
|-unboost|p2a: Urshifu|def|1
|-unboost|p2a: Urshifu|spd|1
|faint|p1a: Tyranitar
|
|-weather|Sandstorm|[upkeep]
|-damage|p2a: Urshifu|72/100|[from] Sandstorm
|upkeep
|
|t:|1659001343
|switch|p1a: Kartana|Kartana|94/100
|-damage|p1a: Kartana|88/100|[from] Stealth Rock
|turn|24
|
|t:|1659001346
|switch|p2a: 火神嗯啊~|Volcarona, F, shiny|47/100
|move|p1a: Kartana|Knock Off|p2a: 火神嗯啊~
|-damage|p2a: 火神嗯啊~|0 fnt
|-status|p1a: Kartana|brn|[from] ability: Flame Body|[of] p2a: 火神嗯啊~
|-enditem|p2a: 火神嗯啊~|Heavy-Duty Boots|[from] move: Knock Off|[of] p1a: Kartana
|faint|p2a: 火神嗯啊~
|-ability|p1a: Kartana|Beast Boost|boost
|-boost|p1a: Kartana|atk|1
|
|-weather|Sandstorm|[upkeep]
|-damage|p1a: Kartana|82/100 brn|[from] brn
|upkeep
|
|t:|1659001352
|switch|p2a: Dragapult|Dragapult, F|100/100
|turn|25
|
|t:|1659001353
|move|p2a: Dragapult|Flamethrower|p1a: Kartana
|-supereffective|p1a: Kartana
|-damage|p1a: Kartana|0 fnt
|faint|p1a: Kartana
|
|-weather|Sandstorm|[upkeep]
|-damage|p2a: Dragapult|95/100|[from] Sandstorm
|upkeep
|
|t:|1659001356
|switch|p1a: Weavile|Weavile, M|91/100
|-damage|p1a: Weavile|66/100|[from] Stealth Rock
|-ability|p1a: Weavile|Pressure
|turn|26
|
|t:|1659001358
|move|p2a: Dragapult|Flamethrower|p1a: Weavile
|-supereffective|p1a: Weavile
|-damage|p1a: Weavile|0 fnt
|faint|p1a: Weavile
|
|win|LT91BB EDG
|raw|2(H2O)'s rating: 1525 &rarr; <strong>1503</strong><br />(-22 for losing)
|raw|LT91BB EDG's rating: 1490 &rarr; <strong>1512</strong><br />(+22 for winning)
|l|☆2(H2O)
