|raw|<div class="broadcast-blue"><strong>This battle is required to be public due to a player having a name starting with 'LT74PF'.</div>
|j|☆relic stone
|j|☆LT74PF gggiq280
|t:|1599032456
|player|p1|relic stone|lusamine-nihilego|1862
|player|p2|LT74PF gggiq280|birdkeeper|1725
|teamsize|p1|6
|teamsize|p2|6
|gametype|singles
|gen|8
|tier|[Gen 8] OU
|rated|
|clearpoke
|poke|p1|Tangrowth, M|
|poke|p1|Urshifu-*, M|
|poke|p1|Aegislash, M|
|poke|p1|Rotom-Heat|
|poke|p1|Azumarill, M|
|poke|p1|Rhyperior, M|
|poke|p2|Ditto|
|poke|p2|Hatterene, F|
|poke|p2|Toxapex, M|
|poke|p2|Blissey, F|
|poke|p2|Corviknight, M|
|poke|p2|Amoonguss, M|
|rule|Sleep Clause Mod: Limit one foe put to sleep
|rule|Species Clause: Limit one of each Pokémon
|rule|OHKO Clause: OHKO moves are banned
|rule|Evasion Moves Clause: Evasion moves are banned
|rule|Endless Battle Clause: Forcing endless battles is banned
|rule|HP Percentage Mod: HP is shown in percentages
|rule|Dynamax Clause: You cannot dynamax
|teampreview
|c|☆relic stone|hf
|c|☆LT74PF gggiq280|u2
|j| lt74pf byron
|j| lt74pf 999
|
|t:|1599032468
|start
|switch|p1a: Achilles|Aegislash, M|100/100
|switch|p2a: Toxapex|Toxapex, M|100/100
|turn|1
|j| serena4ever
|
|t:|1599032473
|switch|p1a: Ramen|Tangrowth, M|100/100
|move|p2a: Toxapex|Knock Off|p1a: Ramen
|-damage|p1a: Ramen|93/100
|-damage|p2a: Toxapex|84/100|[from] item: Rocky Helmet|[of] p1a: Ramen
|-enditem|p1a: Ramen|Rocky Helmet|[from] move: Knock Off|[of] p2a: Toxapex
|
|upkeep
|turn|2
|j| Truedrew (‽)
|l| lt74pf byron
|j| LT73IU YAKO
|c| lt74pf 999|go sz!
|j| HelpinghansVIB
|
|t:|1599032486
|switch|p2a: Amoonguss|Amoonguss, M|100/100
|move|p1a: Ramen|Sleep Powder|p2a: Amoonguss
|-immune|p2a: Amoonguss
|
|upkeep
|turn|3
|
|t:|1599032502
|move|p1a: Ramen|Knock Off|p2a: Amoonguss
|-damage|p2a: Amoonguss|85/100
|-damage|p1a: Ramen|76/100|[from] item: Rocky Helmet|[of] p2a: Amoonguss
|-enditem|p2a: Amoonguss|Rocky Helmet|[from] move: Knock Off|[of] p1a: Ramen
|move|p2a: Amoonguss|Sludge Bomb|p1a: Ramen
|-supereffective|p1a: Ramen
|-damage|p1a: Ramen|0 fnt
|faint|p1a: Ramen
|
|upkeep
|
|t:|1599032511
|switch|p1a: Phantom|Rotom-Heat, shiny|100/100
|turn|4
|
|t:|1599032517
|switch|p2a: Toxapex|Toxapex, M|100/100
|move|p1a: Phantom|Volt Switch|p2a: Toxapex
|-supereffective|p2a: Toxapex
|-damage|p2a: Toxapex|57/100
|
|t:|1599032520
|switch|p1a: Mortar|Rhyperior, M|100/100|[from]move: Volt Switch
|
|upkeep
|turn|5
|
|t:|1599032524
|switch|p2a: Corviknight|Corviknight, M|100/100
|-ability|p2a: Corviknight|Pressure
|move|p1a: Mortar|Earthquake|p2a: Corviknight
|-immune|p2a: Corviknight
|
|upkeep
|turn|6
|
|t:|1599032533
|move|p1a: Mortar|Stealth Rock|p2a: Corviknight
|-sidestart|p2: LT74PF gggiq280|move: Stealth Rock
|move|p2a: Corviknight|Iron Head|p1a: Mortar
|-supereffective|p1a: Mortar
|-damage|p1a: Mortar|75/100
|
|-heal|p1a: Mortar|81/100|[from] item: Leftovers
|upkeep
|turn|7
|
|t:|1599032538
|move|p1a: Mortar|Heat Crash|p2a: Corviknight
|-supereffective|p2a: Corviknight
|-damage|p2a: Corviknight|56/100
|move|p2a: Corviknight|Defog|p1a: Mortar
|-unboost|p1a: Mortar|evasion|1
|-sideend|p2: LT74PF gggiq280|Stealth Rock|[from] move: Defog|[of] p2a: Corviknight
|
|-heal|p1a: Mortar|88/100|[from] item: Leftovers
|-heal|p2a: Corviknight|62/100|[from] item: Leftovers
|upkeep
|turn|8
|j| LT74PF piyush21
|
|t:|1599032551
|move|p1a: Mortar|Heat Crash|p2a: Corviknight
|-supereffective|p2a: Corviknight
|-damage|p2a: Corviknight|12/100
|move|p2a: Corviknight|Roost|p2a: Corviknight
|-heal|p2a: Corviknight|62/100
|-singleturn|p2a: Corviknight|move: Roost
|
|-heal|p1a: Mortar|94/100|[from] item: Leftovers
|-heal|p2a: Corviknight|68/100|[from] item: Leftovers
|upkeep
|turn|9
|
|t:|1599032559
|move|p1a: Mortar|Swords Dance|p1a: Mortar
|-boost|p1a: Mortar|atk|2
|move|p2a: Corviknight|Roost|p2a: Corviknight
|-heal|p2a: Corviknight|100/100
|-singleturn|p2a: Corviknight|move: Roost
|
|-heal|p1a: Mortar|99/100|[from] item: Leftovers
|upkeep
|turn|10
|
|t:|1599032566
|switch|p2a: Toxapex|Toxapex, M|90/100
|move|p1a: Mortar|Heat Crash|p2a: Toxapex
|-resisted|p2a: Toxapex
|-damage|p2a: Toxapex|63/100
|-damage|p1a: Mortar|83/100|[from] item: Rocky Helmet|[of] p2a: Toxapex
|
|-heal|p1a: Mortar|89/100|[from] item: Leftovers
|upkeep
|turn|11
|
|t:|1599032572
|switch|p2a: Corviknight|Corviknight, M|100/100
|-ability|p2a: Corviknight|Pressure
|move|p1a: Mortar|Earthquake|p2a: Corviknight
|-immune|p2a: Corviknight
|
|-heal|p1a: Mortar|96/100|[from] item: Leftovers
|upkeep
|turn|12
|
|t:|1599032575
|switch|p2a: Ditto|Ditto|100/100
|-transform|p2a: Ditto|p1a: Mortar|[from] ability: Imposter
|move|p1a: Mortar|Stealth Rock|p2a: Ditto
|-sidestart|p2: LT74PF gggiq280|move: Stealth Rock
|
|-heal|p1a: Mortar|100/100|[from] item: Leftovers
|upkeep
|turn|13
|
|t:|1599032586
|switch|p1a: Phantom|Rotom-Heat, shiny|100/100
|move|p2a: Ditto|Earthquake|p1a: Phantom
|-immune|p1a: Phantom|[from] ability: Levitate
|
|upkeep
|turn|14
|
|t:|1599032591
|switch|p2a: Blissey|Blissey, F|100/100
|move|p1a: Phantom|Volt Switch|p2a: Blissey
|-damage|p2a: Blissey|91/100
|
|t:|1599032607
|switch|p1a: Silhouette|Urshifu, M|100/100|[from]move: Volt Switch
|
|upkeep
|turn|15
|
|t:|1599032613
|move|p1a: Silhouette|Bulk Up|p1a: Silhouette
|-boost|p1a: Silhouette|atk|1
|-boost|p1a: Silhouette|def|1
|move|p2a: Blissey|Thunder Wave|p1a: Silhouette
|-status|p1a: Silhouette|par
|
|upkeep
|turn|16
|j| yiyue
|j| HOF69
|
|t:|1599032622
|switch|p2a: Corviknight|Corviknight, M|100/100
|-damage|p2a: Corviknight|88/100|[from] Stealth Rock
|-ability|p2a: Corviknight|Pressure
|cant|p1a: Silhouette|par
|
|-heal|p2a: Corviknight|94/100|[from] item: Leftovers
|upkeep
|turn|17
|c| lt74pf 999|where's ur kyutaro
|
|t:|1599032625
|move|p2a: Corviknight|Defog|p1a: Silhouette
|-unboost|p1a: Silhouette|evasion|1
|-sideend|p2: LT74PF gggiq280|Stealth Rock|[from] move: Defog|[of] p2a: Corviknight
|cant|p1a: Silhouette|par
|
|-heal|p2a: Corviknight|100/100|[from] item: Leftovers
|upkeep
|turn|18
|
|t:|1599032628
|move|p2a: Corviknight|Body Press|p1a: Silhouette
|-supereffective|p1a: Silhouette
|-damage|p1a: Silhouette|73/100 par
|move|p1a: Silhouette|Wicked Blow|p2a: Corviknight
|-crit|p2a: Corviknight
|-damage|p2a: Corviknight|5/100
|-damage|p1a: Silhouette|63/100 par|[from] item: Life Orb
|
|-heal|p2a: Corviknight|11/100|[from] item: Leftovers
|upkeep
|turn|19
|j| vhhvjhvjhvjhv66
|c|☆LT74PF gggiq280|syr
|j| Stall is coming
|
|t:|1599032635
|move|p2a: Corviknight|Roost|p2a: Corviknight
|-heal|p2a: Corviknight|61/100
|-singleturn|p2a: Corviknight|move: Roost
|move|p1a: Silhouette|Wicked Blow|p2a: Corviknight
|-crit|p2a: Corviknight
|-damage|p2a: Corviknight|0 fnt
|-damage|p1a: Silhouette|53/100 par|[from] item: Life Orb
|faint|p2a: Corviknight
|
|upkeep
|j| jefo
|
|t:|1599032639
|switch|p2a: Ditto|Ditto|100/100
|-transform|p2a: Ditto|p1a: Silhouette|[from] ability: Imposter
|turn|20
|j| Swaggy Fuccboi
|
|t:|1599032644
|move|p2a: Ditto|Wicked Blow|p1a: Silhouette
|-resisted|p1a: Silhouette
|-crit|p1a: Silhouette
|-damage|p1a: Silhouette|26/100 par
|move|p1a: Silhouette|Poison Jab|p2a: Ditto
|-damage|p2a: Ditto|54/100
|-damage|p1a: Silhouette|16/100 par|[from] item: Life Orb
|
|upkeep
|turn|21
|
|t:|1599032650
|move|p1a: Silhouette|Sucker Punch|p2a: Ditto
|-resisted|p2a: Ditto
|-damage|p2a: Ditto|40/100
|-damage|p1a: Silhouette|6/100 par|[from] item: Life Orb
|move|p2a: Ditto|Wicked Blow|p1a: Silhouette
|-resisted|p1a: Silhouette
|-crit|p1a: Silhouette
|-damage|p1a: Silhouette|0 fnt
|faint|p1a: Silhouette
|
|upkeep
|
|t:|1599032654
|switch|p1a: Torrent|Azumarill, M|100/100
|turn|22
|
|t:|1599032659
|move|p2a: Ditto|Wicked Blow|p1a: Torrent
|-resisted|p1a: Torrent
|-crit|p1a: Torrent
|-damage|p1a: Torrent|62/100
|move|p1a: Torrent|Whirlpool|p2a: Ditto
|-damage|p2a: Ditto|27/100
|-activate|p2a: Ditto|move: Whirlpool|[of] p1a: Torrent
|
|-heal|p1a: Torrent|68/100|[from] item: Leftovers
|-damage|p2a: Ditto|15/100|[from] move: Whirlpool|[partiallytrapped]
|upkeep
|turn|23
|
|t:|1599032664
|move|p2a: Ditto|Wicked Blow|p1a: Torrent
|-resisted|p1a: Torrent
|-crit|p1a: Torrent
|-damage|p1a: Torrent|30/100
|move|p1a: Torrent|Toxic|p2a: Ditto
|-status|p2a: Ditto|tox
|
|-heal|p1a: Torrent|36/100|[from] item: Leftovers
|-damage|p2a: Ditto|8/100 tox|[from] psn
|-damage|p2a: Ditto|0 fnt|[from] move: Whirlpool|[partiallytrapped]
|faint|p2a: Ditto
|upkeep
|
|t:|1599032667
|switch|p2a: Hatterene|Hatterene, F|100/100
|turn|24
|
|t:|1599032680
|move|p1a: Torrent|Perish Song|p1a: Torrent
|-start|p1a: Torrent|perish3|[silent]
|-start|p2a: Hatterene|perish3|[silent]
|-fieldactivate|move: Perish Song
|move|p2a: Hatterene|Calm Mind|p2a: Hatterene
|-boost|p2a: Hatterene|spa|1
|-boost|p2a: Hatterene|spd|1
|
|-heal|p1a: Torrent|43/100|[from] item: Leftovers
|-start|p1a: Torrent|perish3
|-start|p2a: Hatterene|perish3
|upkeep
|turn|25
|
|t:|1599032685
|move|p1a: Torrent|Protect|p1a: Torrent
|-singleturn|p1a: Torrent|Protect
|move|p2a: Hatterene|Psychic|p1a: Torrent
|-activate|p1a: Torrent|move: Protect
|
|-heal|p1a: Torrent|49/100|[from] item: Leftovers
|-start|p1a: Torrent|perish2
|-start|p2a: Hatterene|perish2
|upkeep
|turn|26
|
|t:|1599032688
|move|p1a: Torrent|Protect||[still]
|-fail|p1a: Torrent
|move|p2a: Hatterene|Mystical Fire|p1a: Torrent
|-resisted|p1a: Torrent
|-damage|p1a: Torrent|29/100
|-unboost|p1a: Torrent|spa|1
|
|-heal|p1a: Torrent|35/100|[from] item: Leftovers
|-start|p1a: Torrent|perish1
|-start|p2a: Hatterene|perish1
|upkeep
|turn|27
|
|t:|1599032697
|switch|p1a: Phantom|Rotom-Heat, shiny|100/100
|switch|p2a: Toxapex|Toxapex, M|96/100
|
|upkeep
|turn|28
|j| ez
|
|t:|1599032700
|move|p1a: Phantom|Volt Switch|p2a: Toxapex
|-supereffective|p2a: Toxapex
|-damage|p2a: Toxapex|51/100
|
|t:|1599032703
|switch|p1a: Torrent|Azumarill, M|35/100|[from]move: Volt Switch
|move|p2a: Toxapex|Recover|p2a: Toxapex
|-heal|p2a: Toxapex|100/100
|
|-heal|p1a: Torrent|42/100|[from] item: Leftovers
|upkeep
|turn|29
|
|t:|1599032707
|switch|p2a: Amoonguss|Amoonguss, M|100/100
|move|p1a: Torrent|Whirlpool|p2a: Amoonguss
|-resisted|p2a: Amoonguss
|-damage|p2a: Amoonguss|96/100
|-activate|p2a: Amoonguss|move: Whirlpool|[of] p1a: Torrent
|
|-heal|p1a: Torrent|48/100|[from] item: Leftovers
|-damage|p2a: Amoonguss|84/100|[from] move: Whirlpool|[partiallytrapped]
|upkeep
|turn|30
|
|t:|1599032710
|move|p1a: Torrent|Protect|p1a: Torrent
|-singleturn|p1a: Torrent|Protect
|move|p2a: Amoonguss|Sludge Bomb|p1a: Torrent
|-activate|p1a: Torrent|move: Protect
|
|-heal|p1a: Torrent|54/100|[from] item: Leftovers
|-damage|p2a: Amoonguss|71/100|[from] move: Whirlpool|[partiallytrapped]
|upkeep
|turn|31
|
|t:|1599032713
|move|p1a: Torrent|Whirlpool|p2a: Amoonguss
|-resisted|p2a: Amoonguss
|-damage|p2a: Amoonguss|68/100
|move|p2a: Amoonguss|Sludge Bomb|p1a: Torrent
|-supereffective|p1a: Torrent
|-damage|p1a: Torrent|0 fnt
|faint|p1a: Torrent
|
|-end|p2a: Amoonguss|Whirlpool|[partiallytrapped]|[silent]
|upkeep
|
|t:|1599032716
|switch|p1a: Phantom|Rotom-Heat, shiny|100/100
|turn|32
|
|t:|1599032722
|switch|p2a: Blissey|Blissey, F|91/100
|move|p1a: Phantom|Volt Switch|p2a: Blissey
|-damage|p2a: Blissey|82/100
|
|t:|1599032726
|switch|p1a: Mortar|Rhyperior, M|100/100|[from]move: Volt Switch
|
|upkeep
|turn|33
|
|t:|1599032733
|switch|p2a: Amoonguss|Amoonguss, M|100/100
|move|p1a: Mortar|Swords Dance|p1a: Mortar
|-boost|p1a: Mortar|atk|2
|
|upkeep
|turn|34
|c| lt74pf 999|go!
|
|t:|1599032740
|move|p1a: Mortar|Heat Crash|p2a: Amoonguss
|-supereffective|p2a: Amoonguss
|-damage|p2a: Amoonguss|0 fnt
|faint|p2a: Amoonguss
|
|upkeep
|c|☆relic stone|gg
|
|t:|1599032744
|switch|p2a: Toxapex|Toxapex, M|100/100
|turn|35
|c|☆LT74PF gggiq280|gg
|
|t:|1599032748
|move|p1a: Mortar|Earthquake|p2a: Toxapex
|-supereffective|p2a: Toxapex
|-damage|p2a: Toxapex|0 fnt
|faint|p2a: Toxapex
|
|upkeep
|-message|LT74PF gggiq280 forfeited.
|
|win|relic stone
|l|☆LT74PF gggiq280
|raw|relic stone's rating: 1862 &rarr; <strong>1875</strong><br />(+13 for winning)
|raw|LT74PF gggiq280's rating: 1739 &rarr; <strong>1726</strong><br />(-13 for losing)
|l| Truedrew (‽)
|l| LT74PF piyush21
|l| yiyue
|l| Swaggy Fuccboi
