|j|☆Gmax Bouffalant
|j|☆NeoNaruto®++
|t:|1649959382
|gametype|singles
|player|p1|Gmax Bouffalant|lucas|1653
|player|p2|NeoNaruto®++|burglar-gen1rb|1590
|teamsize|p1|6
|teamsize|p2|6
|gen|8
|tier|[Gen 8] OU
|rated|
|rule|Sleep Clause Mod: Limit one foe put to sleep
|rule|Species Clause: Limit one of each Pokémon
|rule|OHKO Clause: OHKO moves are banned
|rule|Evasion Moves Clause: Evasion moves are banned
|rule|Endless Battle Clause: Forcing endless battles is banned
|rule|HP Percentage Mod: HP is shown in percentages
|rule|Dynamax Clause: You cannot dynamax
|clearpoke
|poke|p1|Inteleon, F|
|poke|p1|Galvantula, M|
|poke|p1|Zapdos-Galar|
|poke|p1|Garchomp, M|
|poke|p1|Blacephalon|
|poke|p1|Bisharp, F|
|poke|p2|Landorus-Therian, M|
|poke|p2|Slowbro, M|
|poke|p2|Tapu Koko|
|poke|p2|Dragonite, M|
|poke|p2|Darmanitan, F|
|poke|p2|Tyranitar, M|
|teampreview
|inactive|Battle timer is ON: inactive players will automatically lose when time's up. (requested by NeoNaruto®++)
|
|t:|1649959399
|start
|switch|p1a: Galvantula|Galvantula, M|100/100
|switch|p2a: VODECi|Tapu Koko|100/100
|-fieldstart|move: Electric Terrain|[from] ability: Electric Surge|[of] p2a: VODECi
|turn|1
|
|t:|1649959409
|move|p2a: VODECi|Dazzling Gleam|p1a: Galvantula
|-enditem|p1a: Galvantula|Focus Sash
|-damage|p1a: Galvantula|1/100
|move|p1a: Galvantula|Sticky Web|p2a: VODECi
|-sidestart|p2: NeoNaruto®++|move: Sticky Web
|
|upkeep
|turn|2
|
|t:|1649959420
|move|p2a: VODECi|Dazzling Gleam|p1a: Galvantula
|-damage|p1a: Galvantula|0 fnt
|faint|p1a: Galvantula
|
|upkeep
|
|t:|1649959423
|switch|p1a: Garchomp|Garchomp, M|100/100
|turn|3
|
|t:|1649959427
|move|p2a: VODECi|Dazzling Gleam|p1a: Garchomp
|-supereffective|p1a: Garchomp
|-damage|p1a: Garchomp|0 fnt
|faint|p1a: Garchomp
|
|upkeep
|
|t:|1649959430
|switch|p1a: Blacephalon|Blacephalon|100/100
|turn|4
|
|t:|1649959434
|switch|p1a: Zapdos|Zapdos-Galar|100/100
|switch|p2a: DA LAST REX(3005)|Tyranitar, M|100/100
|-activate|p2a: DA LAST REX(3005)|move: Sticky Web
|-unboost|p2a: DA LAST REX(3005)|spe|1
|-weather|Sandstorm|[from] ability: Sand Stream|[of] p2a: DA LAST REX(3005)
|
|-weather|Sandstorm|[upkeep]
|-damage|p1a: Zapdos|94/100|[from] Sandstorm
|upkeep
|turn|5
|
|t:|1649959438
|switch|p2a: spvceghvstpvrrp|Slowbro, M, shiny|100/100
|-activate|p2a: spvceghvstpvrrp|move: Sticky Web
|-unboost|p2a: spvceghvstpvrrp|spe|1
|move|p1a: Zapdos|U-turn|p2a: spvceghvstpvrrp
|-supereffective|p2a: spvceghvstpvrrp
|-damage|p2a: spvceghvstpvrrp|62/100
|-damage|p1a: Zapdos|78/100|[from] item: Rocky Helmet|[of] p2a: spvceghvstpvrrp
|
|t:|1649959440
|switch|p1a: Inteleon|Inteleon, F|100/100|[from]move: U-turn
|
|-weather|Sandstorm|[upkeep]
|-damage|p1a: Inteleon|94/100|[from] Sandstorm
|-damage|p2a: spvceghvstpvrrp|56/100|[from] Sandstorm
|-fieldend|move: Electric Terrain
|upkeep
|turn|6
|
|t:|1649959447
|switch|p2a: DA LAST REX(3005)|Tyranitar, M|100/100
|-activate|p2a: DA LAST REX(3005)|move: Sticky Web
|-unboost|p2a: DA LAST REX(3005)|spe|1
|move|p1a: Inteleon|Focus Energy|p1a: Inteleon
|-start|p1a: Inteleon|move: Focus Energy
|
|-weather|Sandstorm|[upkeep]
|-damage|p1a: Inteleon|88/100|[from] Sandstorm
|upkeep
|turn|7
|
|t:|1649959451
|switch|p2a: spvceghvstpvrrp|Slowbro, M, shiny|89/100
|-activate|p2a: spvceghvstpvrrp|move: Sticky Web
|-unboost|p2a: spvceghvstpvrrp|spe|1
|move|p1a: Inteleon|Hydro Pump|p2a: spvceghvstpvrrp
|-resisted|p2a: spvceghvstpvrrp
|-crit|p2a: spvceghvstpvrrp
|-damage|p2a: spvceghvstpvrrp|27/100
|
|-weather|Sandstorm|[upkeep]
|-damage|p1a: Inteleon|82/100|[from] Sandstorm
|-damage|p2a: spvceghvstpvrrp|21/100|[from] Sandstorm
|upkeep
|turn|8
|
|t:|1649959457
|switch|p2a: PURRP FOR SALE|Darmanitan, F|100/100
|-activate|p2a: PURRP FOR SALE|move: Sticky Web
|-unboost|p2a: PURRP FOR SALE|spe|1
|move|p1a: Inteleon|Snipe Shot|p2a: PURRP FOR SALE
|-supereffective|p2a: PURRP FOR SALE
|-crit|p2a: PURRP FOR SALE
|-damage|p2a: PURRP FOR SALE|0 fnt
|faint|p2a: PURRP FOR SALE
|
|-weather|none
|upkeep
|
|t:|1649959464
|switch|p2a: Fat Charizard|Dragonite, M, shiny|100/100
|turn|9
|
|t:|1649959466
|move|p1a: Inteleon|Dark Pulse|p2a: Fat Charizard
|-crit|p2a: Fat Charizard
|-damage|p2a: Fat Charizard|69/100
|cant|p2a: Fat Charizard|flinch
|
|upkeep
|turn|10
|
|t:|1649959472
|move|p2a: Fat Charizard|Extreme Speed|p1a: Inteleon
|-damage|p1a: Inteleon|24/100
|move|p1a: Inteleon|Dark Pulse|p2a: Fat Charizard
|-crit|p2a: Fat Charizard
|-damage|p2a: Fat Charizard|5/100
|
|upkeep
|turn|11
|
|t:|1649959486
|switch|p1a: Blacephalon|Blacephalon|100/100
|move|p2a: Fat Charizard|Extreme Speed|p1a: Blacephalon
|-immune|p1a: Blacephalon
|
|upkeep
|turn|12
|
|t:|1649959492
|switch|p1a: Zapdos|Zapdos-Galar|78/100
|switch|p2a: DA LAST REX(3005)|Tyranitar, M|100/100
|-activate|p2a: DA LAST REX(3005)|move: Sticky Web
|-unboost|p2a: DA LAST REX(3005)|spe|1
|-weather|Sandstorm|[from] ability: Sand Stream|[of] p2a: DA LAST REX(3005)
|
|-weather|Sandstorm|[upkeep]
|-damage|p1a: Zapdos|72/100|[from] Sandstorm
|upkeep
|turn|13
|
|t:|1649959498
|switch|p2a: spvceghvstpvrrp|Slowbro, M, shiny|54/100
|-activate|p2a: spvceghvstpvrrp|move: Sticky Web
|-unboost|p2a: spvceghvstpvrrp|spe|1
|move|p1a: Zapdos|U-turn|p2a: spvceghvstpvrrp
|-supereffective|p2a: spvceghvstpvrrp
|-damage|p2a: spvceghvstpvrrp|15/100
|-damage|p1a: Zapdos|55/100|[from] item: Rocky Helmet|[of] p2a: spvceghvstpvrrp
|
|t:|1649959505
|switch|p1a: Bisharp|Bisharp, F|100/100|[from]move: U-turn
|
|-weather|Sandstorm|[upkeep]
|-damage|p2a: spvceghvstpvrrp|9/100|[from] Sandstorm
|upkeep
|turn|14
|
|t:|1649959509
|move|p1a: Bisharp|Swords Dance|p1a: Bisharp
|-boost|p1a: Bisharp|atk|2
|move|p2a: spvceghvstpvrrp|Scald|p1a: Bisharp
|-damage|p1a: Bisharp|58/100
|
|-weather|Sandstorm|[upkeep]
|-damage|p2a: spvceghvstpvrrp|3/100|[from] Sandstorm
|upkeep
|turn|15
|
|t:|1649959516
|move|p1a: Bisharp|Knock Off|p2a: spvceghvstpvrrp
|-supereffective|p2a: spvceghvstpvrrp
|-damage|p2a: spvceghvstpvrrp|0 fnt
|-damage|p1a: Bisharp|41/100|[from] item: Rocky Helmet|[of] p2a: spvceghvstpvrrp
|-enditem|p2a: spvceghvstpvrrp|Rocky Helmet|[from] move: Knock Off|[of] p1a: Bisharp
|faint|p2a: spvceghvstpvrrp
|-damage|p1a: Bisharp|31/100|[from] item: Life Orb
|
|-weather|Sandstorm|[upkeep]
|upkeep
|
|t:|1649959522
|switch|p2a: Fat Charizard|Dragonite, M, shiny|5/100
|turn|16
|
|t:|1649959529
|switch|p1a: Blacephalon|Blacephalon|100/100
|move|p2a: Fat Charizard|Extreme Speed|p1a: Blacephalon
|-immune|p1a: Blacephalon
|
|-weather|none
|upkeep
|turn|17
|
|t:|1649959545
|switch|p1a: Bisharp|Bisharp, F|31/100
|switch|p2a: DA LAST REX(3005)|Tyranitar, M|100/100
|-activate|p2a: DA LAST REX(3005)|move: Sticky Web
|-unboost|p2a: DA LAST REX(3005)|spe|1
|-weather|Sandstorm|[from] ability: Sand Stream|[of] p2a: DA LAST REX(3005)
|
|-weather|Sandstorm|[upkeep]
|upkeep
|turn|18
|
|t:|1649959559
|switch|p2a: VODECi|Tapu Koko|100/100
|-activate|p2a: VODECi|move: Sticky Web
|-unboost|p2a: VODECi|spe|1
|-fieldstart|move: Electric Terrain|[from] ability: Electric Surge|[of] p2a: VODECi
|move|p1a: Bisharp|Iron Head|p2a: VODECi
|-damage|p2a: VODECi|16/100
|-damage|p1a: Bisharp|22/100|[from] item: Life Orb
|
|-weather|Sandstorm|[upkeep]
|-damage|p2a: VODECi|10/100|[from] Sandstorm
|upkeep
|turn|19
|
|t:|1649959567
|move|p1a: Bisharp|Sucker Punch|p2a: VODECi
|-resisted|p2a: VODECi
|-crit|p2a: VODECi
|-damage|p2a: VODECi|0 fnt
|faint|p2a: VODECi
|-damage|p1a: Bisharp|12/100|[from] item: Life Orb
|
|-weather|Sandstorm|[upkeep]
|upkeep
|
|t:|1649959577
|switch|p2a: Fat Charizard|Dragonite, M, shiny|5/100
|turn|20
|
|t:|1649959588
|switch|p1a: Blacephalon|Blacephalon|100/100
|move|p2a: Fat Charizard|Extreme Speed|p1a: Blacephalon
|-immune|p1a: Blacephalon
|
|-weather|Sandstorm|[upkeep]
|-damage|p1a: Blacephalon|94/100|[from] Sandstorm
|-damage|p2a: Fat Charizard|0 fnt|[from] Sandstorm
|faint|p2a: Fat Charizard
|upkeep
|
|t:|1649959592
|switch|p2a: DA LAST REX(3005)|Tyranitar, M|100/100
|-activate|p2a: DA LAST REX(3005)|move: Sticky Web
|-unboost|p2a: DA LAST REX(3005)|spe|1
|turn|21
|
|t:|1649959596
|move|p1a: Blacephalon|Trick|p2a: DA LAST REX(3005)
|-activate|p1a: Blacephalon|move: Trick|[of] p2a: DA LAST REX(3005)
|-item|p2a: DA LAST REX(3005)|Choice Scarf|[from] move: Trick
|-item|p1a: Blacephalon|Assault Vest|[from] move: Trick
|move|p2a: DA LAST REX(3005)|Stone Edge|p1a: Blacephalon
|-supereffective|p1a: Blacephalon
|-crit|p1a: Blacephalon
|-damage|p1a: Blacephalon|0 fnt
|faint|p1a: Blacephalon
|
|-weather|none
|upkeep
|
|t:|1649959617
|switch|p1a: Bisharp|Bisharp, F|12/100
|turn|22
|
|t:|1649959631
|move|p1a: Bisharp|Iron Head|p2a: DA LAST REX(3005)
|-supereffective|p2a: DA LAST REX(3005)
|-damage|p2a: DA LAST REX(3005)|4/100
|-damage|p1a: Bisharp|2/100|[from] item: Life Orb
|move|p2a: DA LAST REX(3005)|Stone Edge|p1a: Bisharp
|-resisted|p1a: Bisharp
|-damage|p1a: Bisharp|0 fnt
|faint|p1a: Bisharp
|
|-fieldend|move: Electric Terrain
|upkeep
|j| MinnnnnnnnG
|
|t:|1649959641
|switch|p1a: Zapdos|Zapdos-Galar|55/100
|turn|23
|
|t:|1649959653
|move|p1a: Zapdos|Brave Bird|p2a: DA LAST REX(3005)
|-resisted|p2a: DA LAST REX(3005)
|-crit|p2a: DA LAST REX(3005)
|-damage|p2a: DA LAST REX(3005)|0 fnt
|faint|p2a: DA LAST REX(3005)
|-damage|p1a: Zapdos|54/100|[from] Recoil
|
|upkeep
|
|t:|1649959654
|switch|p2a: Bernie Landers|Landorus-Therian, M|100/100
|-ability|p2a: Bernie Landers|Intimidate|boost
|-unboost|p1a: Zapdos|atk|1
|-ability|p1a: Zapdos|Defiant
|-boost|p1a: Zapdos|atk|2
|turn|24
|
|t:|1649959657
|move|p1a: Zapdos|Brave Bird|p2a: Bernie Landers
|-damage|p2a: Bernie Landers|9/100
|-damage|p1a: Zapdos|37/100|[from] item: Rocky Helmet|[of] p2a: Bernie Landers
|-damage|p1a: Zapdos|1/100|[from] Recoil
|move|p2a: Bernie Landers|Stealth Rock|p1a: Zapdos
|-sidestart|p1: Gmax Bouffalant|move: Stealth Rock
|
|upkeep
|turn|25
|
|t:|1649959661
|move|p1a: Zapdos|Brave Bird|p2a: Bernie Landers
|-damage|p2a: Bernie Landers|0 fnt
|-damage|p1a: Zapdos|0 fnt|[from] item: Rocky Helmet|[of] p2a: Bernie Landers
|faint|p2a: Bernie Landers
|faint|p1a: Zapdos
|
|win|Gmax Bouffalant
|raw|Gmax Bouffalant's rating: 1671 &rarr; <strong>1686</strong><br />(+15 for winning)
|raw|NeoNaruto®++'s rating: 1590 &rarr; <strong>1575</strong><br />(-15 for losing)
|l|☆NeoNaruto®++
|c|☆Gmax Bouffalant|gg
|l| MinnnnnnnnG
||Ladder isn't responding, score probably updated but might not have (Request timeout).
