|j|☆Greengamer12
|j|☆Abp Kadedesu
|t:|1655158444
|gametype|singles
|player|p1|Greengamer12|265|1586
|player|p2|Abp Kadedesu|akari|1501
|teamsize|p1|6
|teamsize|p2|6
|gen|8
|tier|[Gen 8] OU
|rated|
|rule|Sleep Clause Mod: Limit one foe put to sleep
|rule|Species Clause: Limit one of each Pokémon
|rule|OHKO Clause: OHKO moves are banned
|rule|Evasion Moves Clause: Evasion moves are banned
|rule|Endless Battle Clause: Forcing endless battles is banned
|rule|HP Percentage Mod: HP is shown in percentages
|rule|Dynamax Clause: You cannot dynamax
|clearpoke
|poke|p1|Blacephalon|
|poke|p1|Dragapult, M|
|poke|p1|Heatran, M|
|poke|p1|Landorus-Therian, M|
|poke|p1|Tornadus-Therian, M|
|poke|p1|Toxapex, M|
|poke|p2|Slowking-Galar, M|
|poke|p2|Buzzwole|
|poke|p2|Weavile, M|
|poke|p2|Dragapult, F|
|poke|p2|Landorus-Therian, M|
|poke|p2|Tapu Fini|
|teampreview
|inactive|Battle timer is ON: inactive players will automatically lose when time's up. (requested by Abp Kadedesu)
|
|t:|1655158474
|start
|switch|p1a: Landorus|Landorus-Therian, M|100/100
|switch|p2a: Weavile|Weavile, M|100/100
|-ability|p2a: Weavile|Pressure
|-ability|p1a: Landorus|Intimidate|boost
|-unboost|p2a: Weavile|atk|1
|turn|1
|
|t:|1655158482
|switch|p1a: Toxapex|Toxapex, M|100/100
|move|p2a: Weavile|Beat Up|p1a: Toxapex
|-damage|p1a: Toxapex|96/100
|-damage|p1a: Toxapex|90/100
|-crit|p1a: Toxapex
|-damage|p1a: Toxapex|82/100
|-damage|p1a: Toxapex|77/100
|-damage|p1a: Toxapex|71/100
|-damage|p1a: Toxapex|68/100
|-hitcount|p1a: Toxapex|6
|-enditem|p1a: Toxapex|Eject Button
|
|t:|1655158500
|switch|p1a: Blacephalon|Blacephalon|100/100
|
|upkeep
|turn|2
|
|t:|1655158514
|switch|p2a: Slowking|Slowking-Galar, M|100/100
|move|p1a: Blacephalon|Flamethrower|p2a: Slowking
|-damage|p2a: Slowking|76/100
|-status|p2a: Slowking|brn
|
|-damage|p2a: Slowking|70/100 brn|[from] brn
|upkeep
|turn|3
|
|t:|1655158520
|switch|p1a: Tornadus|Tornadus-Therian, M|100/100
|move|p2a: Slowking|Future Sight|p1a: Tornadus
|-start|p2a: Slowking|move: Future Sight
|
|-damage|p2a: Slowking|64/100 brn|[from] brn
|upkeep
|turn|4
|
|t:|1655158523
|move|p1a: Tornadus|Knock Off|p2a: Slowking
|-supereffective|p2a: Slowking
|-damage|p2a: Slowking|23/100 brn
|-enditem|p2a: Slowking|Assault Vest|[from] move: Knock Off|[of] p1a: Tornadus
|move|p2a: Slowking|Sludge Bomb|p1a: Tornadus
|-damage|p1a: Tornadus|77/100
|
|-damage|p2a: Slowking|17/100 brn|[from] brn
|upkeep
|turn|5
|
|t:|1655158531
|switch|p2a: Buzzwole|Buzzwole, shiny|100/100
|move|p1a: Tornadus|Hurricane|p2a: Buzzwole
|-supereffective|p2a: Buzzwole
|-damage|p2a: Buzzwole|0 fnt
|faint|p2a: Buzzwole
|
|-end|p1a: Tornadus|move: Future Sight
|-damage|p1a: Tornadus|48/100
|upkeep
|
|t:|1655158537
|switch|p2a: Weavile|Weavile, M|100/100
|-ability|p2a: Weavile|Pressure
|turn|6
|inactive|Greengamer12 has 120 seconds left.
|
|t:|1655158591
|switch|p1a: Toxapex|Toxapex, M|100/100
|move|p2a: Weavile|Beat Up|p1a: Toxapex
|-damage|p1a: Toxapex|93/100
|-damage|p1a: Toxapex|85/100
|-damage|p1a: Toxapex|76/100
|-damage|p1a: Toxapex|70/100
|-hitcount|p1a: Toxapex|4
|
|upkeep
|turn|7
|
|t:|1655158602
|switch|p2a: Slowking|Slowking-Galar, M|50/100 brn
|move|p1a: Toxapex|Recover|p1a: Toxapex
|-heal|p1a: Toxapex|100/100
|
|-damage|p2a: Slowking|44/100 brn|[from] brn
|upkeep
|turn|8
|
|t:|1655158609
|switch|p1a: Landorus|Landorus-Therian, M|100/100
|-ability|p1a: Landorus|Intimidate|boost
|-unboost|p2a: Slowking|atk|1
|move|p2a: Slowking|Future Sight|p1a: Landorus
|-start|p2a: Slowking|move: Future Sight
|
|-damage|p2a: Slowking|38/100 brn|[from] brn
|upkeep
|turn|9
|inactive|Greengamer12 has 90 seconds left.
|
|t:|1655158639
|switch|p2a: Landorus|Landorus-Therian, M|100/100
|-ability|p2a: Landorus|Intimidate|boost
|-unboost|p1a: Landorus|atk|1
|move|p1a: Landorus|Earthquake|p2a: Landorus
|-immune|p2a: Landorus
|
|upkeep
|turn|10
|
|t:|1655158647
|move|p1a: Landorus|Toxic|p2a: Landorus
|-status|p2a: Landorus|tox
|move|p2a: Landorus|Stealth Rock|p1a: Landorus
|-sidestart|p1: Greengamer12|move: Stealth Rock
|
|-end|p1a: Landorus|move: Future Sight
|-damage|p1a: Landorus|63/100
|-heal|p1a: Landorus|69/100|[from] item: Leftovers
|-damage|p2a: Landorus|94/100 tox|[from] psn
|upkeep
|turn|11
|
|t:|1655158650
|move|p1a: Landorus|Defog|p2a: Landorus
|-unboost|p2a: Landorus|evasion|1
|-sideend|p1: Greengamer12|Stealth Rock|[from] move: Defog|[of] p1a: Landorus
|move|p2a: Landorus|U-turn|p1a: Landorus
|-resisted|p1a: Landorus
|-damage|p1a: Landorus|58/100
|
|t:|1655158652
|switch|p2a: Weavile|Weavile, M|100/100|[from]move: U-turn
|-ability|p2a: Weavile|Pressure
|
|-heal|p1a: Landorus|64/100|[from] item: Leftovers
|upkeep
|turn|12
|
|t:|1655158671
|switch|p1a: Toxapex|Toxapex, M|100/100
|move|p2a: Weavile|Triple Axel|p1a: Toxapex
|-resisted|p1a: Toxapex
|-damage|p1a: Toxapex|96/100
|-resisted|p1a: Toxapex
|-damage|p1a: Toxapex|87/100
|-resisted|p1a: Toxapex
|-damage|p1a: Toxapex|74/100
|-hitcount|p1a: Toxapex|3
|
|upkeep
|turn|13
|
|t:|1655158684
|switch|p2a: Slowking|Slowking-Galar, M|72/100 brn
|switch|p1a: Tornadus|Tornadus-Therian, M|81/100
|
|-damage|p2a: Slowking|65/100 brn|[from] brn
|upkeep
|turn|14
|
|t:|1655158692
|move|p1a: Tornadus|Knock Off|p2a: Slowking
|-supereffective|p2a: Slowking
|-damage|p2a: Slowking|38/100 brn
|move|p2a: Slowking|Sludge Bomb|p1a: Tornadus
|-damage|p1a: Tornadus|58/100
|
|-damage|p2a: Slowking|32/100 brn|[from] brn
|upkeep
|turn|15
|inactive|Greengamer12 has 120 seconds left.
|
|t:|1655158698
|switch|p2a: Landorus|Landorus-Therian, M|94/100 tox
|-ability|p2a: Landorus|Intimidate|boost
|-unboost|p1a: Tornadus|atk|1
|move|p1a: Tornadus|Knock Off|p2a: Landorus
|-damage|p2a: Landorus|82/100 tox
|-enditem|p2a: Landorus|Leftovers|[from] move: Knock Off|[of] p1a: Tornadus
|
|-damage|p2a: Landorus|76/100 tox|[from] psn
|upkeep
|turn|16
|inactive|Greengamer12 has 120 seconds left.
|
|t:|1655158723
|move|p1a: Tornadus|U-turn|p2a: Landorus
|-resisted|p2a: Landorus
|-damage|p2a: Landorus|72/100 tox
|
|t:|1655158724
|switch|p1a: Landorus|Landorus-Therian, M|64/100|[from]move: U-turn
|-ability|p1a: Landorus|Intimidate|boost
|-unboost|p2a: Landorus|atk|1
|move|p2a: Landorus|Stealth Rock|p1a: Landorus
|-sidestart|p1: Greengamer12|move: Stealth Rock
|
|-heal|p1a: Landorus|70/100|[from] item: Leftovers
|-damage|p2a: Landorus|60/100 tox|[from] psn
|upkeep
|turn|17
|
|t:|1655158749
|move|p1a: Landorus|Defog|p2a: Landorus
|-unboost|p2a: Landorus|evasion|1
|-sideend|p1: Greengamer12|Stealth Rock|[from] move: Defog|[of] p1a: Landorus
|move|p2a: Landorus|U-turn|p1a: Landorus
|-resisted|p1a: Landorus
|-damage|p1a: Landorus|63/100
|inactive|Abp Kadedesu has 120 seconds left.
|
|t:|1655158762
|switch|p2a: Tapu Fini|Tapu Fini|100/100|[from]move: U-turn
|-fieldstart|move: Misty Terrain|[from] ability: Misty Surge|[of] p2a: Tapu Fini
|
|-heal|p1a: Landorus|69/100|[from] item: Leftovers
|upkeep
|turn|18
|
|t:|1655158769
|switch|p1a: Toxapex|Toxapex, M|100/100
|move|p2a: Tapu Fini|Calm Mind|p2a: Tapu Fini
|-boost|p2a: Tapu Fini|spa|1
|-boost|p2a: Tapu Fini|spd|1
|
|upkeep
|turn|19
|
|t:|1655158770
|move|p2a: Tapu Fini|Taunt|p1a: Toxapex
|-start|p1a: Toxapex|move: Taunt
|move|p1a: Toxapex|Poison Jab|p2a: Tapu Fini
|-supereffective|p2a: Tapu Fini
|-damage|p2a: Tapu Fini|74/100
|
|-heal|p2a: Tapu Fini|80/100|[from] item: Leftovers
|upkeep
|turn|20
|
|t:|1655158774
|move|p2a: Tapu Fini|Calm Mind|p2a: Tapu Fini
|-boost|p2a: Tapu Fini|spa|1
|-boost|p2a: Tapu Fini|spd|1
|move|p1a: Toxapex|Poison Jab|p2a: Tapu Fini
|-supereffective|p2a: Tapu Fini
|-damage|p2a: Tapu Fini|57/100
|
|-heal|p2a: Tapu Fini|63/100|[from] item: Leftovers
|upkeep
|turn|21
|
|t:|1655158779
|move|p2a: Tapu Fini|Calm Mind|p2a: Tapu Fini
|-boost|p2a: Tapu Fini|spa|1
|-boost|p2a: Tapu Fini|spd|1
|move|p1a: Toxapex|Poison Jab|p2a: Tapu Fini
|-supereffective|p2a: Tapu Fini
|-damage|p2a: Tapu Fini|40/100
|
|-heal|p2a: Tapu Fini|46/100|[from] item: Leftovers
|-end|p1a: Toxapex|move: Taunt
|-fieldend|Misty Terrain
|upkeep
|turn|22
|
|t:|1655158784
|move|p2a: Tapu Fini|Draining Kiss|p1a: Toxapex
|-resisted|p1a: Toxapex
|-damage|p1a: Toxapex|85/100
|-heal|p2a: Tapu Fini|57/100|[from] drain|[of] p1a: Toxapex
|move|p1a: Toxapex|Poison Jab|p2a: Tapu Fini
|-supereffective|p2a: Tapu Fini
|-damage|p2a: Tapu Fini|34/100
|
|-heal|p2a: Tapu Fini|40/100|[from] item: Leftovers
|upkeep
|turn|23
|
|t:|1655158795
|move|p2a: Tapu Fini|Scald|p1a: Toxapex
|-resisted|p1a: Toxapex
|-damage|p1a: Toxapex|58/100
|move|p1a: Toxapex|Poison Jab|p2a: Tapu Fini
|-supereffective|p2a: Tapu Fini
|-damage|p2a: Tapu Fini|17/100
|
|-heal|p2a: Tapu Fini|23/100|[from] item: Leftovers
|upkeep
|turn|24
|
|t:|1655158800
|move|p2a: Tapu Fini|Scald|p1a: Toxapex
|-resisted|p1a: Toxapex
|-damage|p1a: Toxapex|33/100
|move|p1a: Toxapex|Poison Jab|p2a: Tapu Fini
|-supereffective|p2a: Tapu Fini
|-damage|p2a: Tapu Fini|0 fnt
|faint|p2a: Tapu Fini
|
|upkeep
|
|t:|1655158807
|switch|p2a: Landorus|Landorus-Therian, M|60/100 tox
|-ability|p2a: Landorus|Intimidate|boost
|-unboost|p1a: Toxapex|atk|1
|turn|25
|
|t:|1655158811
|switch|p1a: Landorus|Landorus-Therian, M|69/100
|-ability|p1a: Landorus|Intimidate|boost
|-unboost|p2a: Landorus|atk|1
|move|p2a: Landorus|U-turn|p1a: Landorus
|-resisted|p1a: Landorus
|-damage|p1a: Landorus|62/100
|
|t:|1655158814
|switch|p2a: Weavile|Weavile, M|100/100|[from]move: U-turn
|-ability|p2a: Weavile|Pressure
|
|-heal|p1a: Landorus|68/100|[from] item: Leftovers
|upkeep
|turn|26
|
|t:|1655158817
|switch|p2a: Dragapult|Dragapult, F|100/100
|switch|p1a: Toxapex|Toxapex, M|67/100
|
|upkeep
|turn|27
|
|t:|1655158821
|switch|p1a: Tornadus|Tornadus-Therian, M|91/100
|move|p2a: Dragapult|Shadow Ball|p1a: Tornadus
|-damage|p1a: Tornadus|56/100
|-unboost|p1a: Tornadus|spd|1
|
|upkeep
|turn|28
|inactive|Greengamer12 has 120 seconds left.
|
|t:|1655158877
|switch|p1a: Toxapex|Toxapex, M|99/100
|move|p2a: Dragapult|Shadow Ball|p1a: Toxapex
|-damage|p1a: Toxapex|55/100
|
|upkeep
|turn|29
|
|t:|1655158881
|switch|p1a: Tornadus|Tornadus-Therian, M|89/100
|move|p2a: Dragapult|Shadow Ball|p1a: Tornadus
|-crit|p1a: Tornadus
|-damage|p1a: Tornadus|36/100
|-unboost|p1a: Tornadus|spd|1
|
|upkeep
|turn|30
|
|t:|1655158897
|switch|p1a: Heatran|Heatran, M|100/100
|move|p2a: Dragapult|Shadow Ball|p1a: Heatran
|-damage|p1a: Heatran|68/100
|-unboost|p1a: Heatran|spd|1
|
|-heal|p1a: Heatran|74/100|[from] item: Leftovers
|upkeep
|turn|31
|c|☆Greengamer12|the spD drops ahhhh
|
|t:|1655158918
|switch|p1a: Tornadus|Tornadus-Therian, M|69/100
|move|p2a: Dragapult|Shadow Ball|p1a: Tornadus
|-damage|p1a: Tornadus|38/100
|
|upkeep
|turn|32
|
|t:|1655158926
|move|p2a: Dragapult|Shadow Ball|p1a: Tornadus
|-damage|p1a: Tornadus|4/100
|-unboost|p1a: Tornadus|spd|1
|move|p1a: Tornadus|Knock Off|p2a: Dragapult
|-supereffective|p2a: Dragapult
|-damage|p2a: Dragapult|44/100
|-enditem|p2a: Dragapult|Choice Specs|[from] move: Knock Off|[of] p1a: Tornadus
|
|upkeep
|turn|33
|inactive|Greengamer12 has 120 seconds left.
|
|t:|1655158940
|switch|p1a: Heatran|Heatran, M|74/100
|move|p2a: Dragapult|Draco Meteor|p1a: Heatran
|-resisted|p1a: Heatran
|-damage|p1a: Heatran|55/100
|-unboost|p2a: Dragapult|spa|2
|
|-heal|p1a: Heatran|62/100|[from] item: Leftovers
|upkeep
|turn|34
|inactive|Greengamer12 has 120 seconds left.
|
|t:|1655158948
|move|p2a: Dragapult|U-turn|p1a: Heatran
|-resisted|p1a: Heatran
|-damage|p1a: Heatran|58/100
|
|t:|1655158951
|switch|p2a: Landorus|Landorus-Therian, M|60/100 tox|[from]move: U-turn
|-ability|p2a: Landorus|Intimidate|boost
|-unboost|p1a: Heatran|atk|1
|move|p1a: Heatran|Stealth Rock|p2a: Landorus
|-sidestart|p2: Abp Kadedesu|move: Stealth Rock
|
|-heal|p1a: Heatran|64/100|[from] item: Leftovers
|-damage|p2a: Landorus|54/100 tox|[from] psn
|upkeep
|turn|35
|
|t:|1655158954
|switch|p1a: Landorus|Landorus-Therian, M|68/100
|-ability|p1a: Landorus|Intimidate|boost
|-unboost|p2a: Landorus|atk|1
|move|p2a: Landorus|Defog|p1a: Landorus
|-unboost|p1a: Landorus|evasion|1
|-sideend|p2: Abp Kadedesu|Stealth Rock|[from] move: Defog|[of] p2a: Landorus
|
|-heal|p1a: Landorus|74/100|[from] item: Leftovers
|-damage|p2a: Landorus|42/100 tox|[from] psn
|upkeep
|turn|36
|
|t:|1655158966
|move|p1a: Landorus|Earthquake|p2a: Landorus
|-immune|p2a: Landorus
|move|p2a: Landorus|U-turn|p1a: Landorus
|-resisted|p1a: Landorus
|-damage|p1a: Landorus|67/100
|j| 50 at max
|
|t:|1655158984
|switch|p2a: Weavile|Weavile, M|100/100|[from]move: U-turn
|-ability|p2a: Weavile|Pressure
|
|-heal|p1a: Landorus|73/100|[from] item: Leftovers
|upkeep
|turn|37
|
|t:|1655158988
|switch|p1a: Toxapex|Toxapex, M|88/100
|move|p2a: Weavile|Triple Axel|p1a: Toxapex
|-resisted|p1a: Toxapex
|-damage|p1a: Toxapex|84/100
|-hitcount|p1a: Toxapex|1
|
|upkeep
|turn|38
|l| 50 at max
|-message|Abp Kadedesu forfeited.
|
|win|Greengamer12
|raw|Greengamer12's rating: 1586 &rarr; <strong>1601</strong><br />(+15 for winning)
|raw|Abp Kadedesu's rating: 1501 &rarr; <strong>1486</strong><br />(-15 for losing)
|l|☆Abp Kadedesu
