|j|☆DJ CRIB DEF
|j|☆OUTJ SOLLY
|player|p1|DJ CRIB DEF|70|1552
|player|p2|OUTJ SOLLY|brawly-gen6|1516
|teamsize|p1|6
|teamsize|p2|6
|gametype|singles
|gen|8
|tier|[Gen 8] OU
|rated|
|html|<div class="broadcast-red"><strong>OU is currently suspecting Melmetal! For information on how to participate check out the <a href="https://www.smogon.com/forums/threads/3662190/">suspect thread</a>.</strong></div>
|clearpoke
|poke|p1|Kommo-o, F|
|poke|p1|Hydreigon, M|
|poke|p1|Dragapult, M|
|poke|p1|Aegislash, M|
|poke|p1|Bisharp, M|
|poke|p1|Mimikyu, M|
|poke|p2|Melmetal|
|poke|p2|Clefable, F|
|poke|p2|Seismitoad, M|
|poke|p2|Mandibuzz, F|
|poke|p2|Zeraora|
|poke|p2|Kyurem|
|rule|Sleep Clause Mod: Limit one foe put to sleep
|rule|Species Clause: Limit one of each Pokémon
|rule|OHKO Clause: OHKO moves are banned
|rule|Evasion Moves Clause: Evasion moves are banned
|rule|Endless Battle Clause: Forcing endless battles is banned
|rule|HP Percentage Mod: HP is shown in percentages
|rule|Dynamax Clause: You cannot dynamax
|teampreview
|inactive|Battle timer is ON: inactive players will automatically lose when time's up. (requested by DJ CRIB DEF)
|
|start
|switch|p1a: Kommo-o|Kommo-o, F|100/100
|switch|p2a: Kyurem|Kyurem|100/100
|-ability|p2a: Kyurem|Pressure
|turn|1
|j| tangelaa
|
|switch|p1a: Aegislash|Aegislash, M|100/100
|move|p2a: Kyurem|Ice Beam|p1a: Aegislash
|-resisted|p1a: Aegislash
|-damage|p1a: Aegislash|66/100
|
|upkeep
|turn|2
|
|switch|p2a: Seismitoad|Seismitoad, M|100/100
|move|p1a: Aegislash|Swords Dance|p1a: Aegislash
|-boost|p1a: Aegislash|atk|2
|
|upkeep
|turn|3
|
|-formechange|p1a: Aegislash|Aegislash-Blade||[from] ability: Stance Change
|move|p1a: Aegislash|Shadow Claw|p2a: Seismitoad
|-damage|p2a: Seismitoad|18/100
|-damage|p1a: Aegislash|56/100|[from] item: Life Orb
|move|p2a: Seismitoad|Earth Power|p1a: Aegislash
|-supereffective|p1a: Aegislash
|-damage|p1a: Aegislash|0 fnt
|faint|p1a: Aegislash
|
|-heal|p2a: Seismitoad|24/100|[from] item: Leftovers
|upkeep
|
|switch|p1a: Kommo-o|Kommo-o, F|100/100
|turn|4
|
|switch|p2a: Kyurem|Kyurem|100/100
|-ability|p2a: Kyurem|Pressure
|move|p1a: Kommo-o|Stealth Rock|p2a: Kyurem
|-sidestart|p2: OUTJ SOLLY|move: Stealth Rock
|
|upkeep
|turn|5
|
|move|p1a: Kommo-o|Clanging Scales|p2a: Kyurem
|-supereffective|p2a: Kyurem
|-damage|p2a: Kyurem|0 fnt
|-unboost|p1a: Kommo-o|def|1
|-damage|p1a: Kommo-o|91/100|[from] item: Life Orb
|faint|p2a: Kyurem
|
|upkeep
|
|switch|p2a: Clefable|Clefable, F|100/100
|turn|6
|
|move|p1a: Kommo-o|Flash Cannon|p2a: Clefable
|-supereffective|p2a: Clefable
|-damage|p2a: Clefable|62/100
|-damage|p1a: Kommo-o|81/100|[from] item: Life Orb
|move|p2a: Clefable|Moonblast|p1a: Kommo-o
|-supereffective|p1a: Kommo-o
|-damage|p1a: Kommo-o|0 fnt
|faint|p1a: Kommo-o
|
|-heal|p2a: Clefable|68/100|[from] item: Leftovers
|upkeep
|
|switch|p1a: Bisharp|Bisharp, M|100/100
|turn|7
|
|switch|p2a: Melmetal|Melmetal|100/100
|-damage|p2a: Melmetal|94/100|[from] Stealth Rock
|move|p1a: Bisharp|Swords Dance|p1a: Bisharp
|-boost|p1a: Bisharp|atk|2
|
|upkeep
|turn|8
|
|move|p1a: Bisharp|Knock Off|p2a: Melmetal
|-damage|p2a: Melmetal|23/100
|-enditem|p2a: Melmetal|Choice Band|[from] move: Knock Off|[of] p1a: Bisharp
|-damage|p1a: Bisharp|91/100|[from] item: Life Orb
|move|p2a: Melmetal|Superpower|p1a: Bisharp
|-supereffective|p1a: Bisharp
|-damage|p1a: Bisharp|0 fnt
|-unboost|p2a: Melmetal|atk|1
|-unboost|p2a: Melmetal|def|1
|faint|p1a: Bisharp
|
|upkeep
|
|switch|p1a: Hydreigon|Hydreigon, M|100/100
|turn|9
|
|move|p1a: Hydreigon|Flamethrower|p2a: Melmetal
|-supereffective|p2a: Melmetal
|-damage|p2a: Melmetal|0 fnt
|-damage|p1a: Hydreigon|91/100|[from] item: Life Orb
|faint|p2a: Melmetal
|
|upkeep
|
|switch|p2a: Clefable|Clefable, F|68/100
|turn|10
|n| outj ploop|tangelaa
|
|move|p1a: Hydreigon|Flash Cannon|p2a: Clefable
|-supereffective|p2a: Clefable
|-damage|p2a: Clefable|17/100
|-damage|p1a: Hydreigon|81/100|[from] item: Life Orb
|move|p2a: Clefable|Moonblast|p1a: Hydreigon
|-supereffective|p1a: Hydreigon
|-damage|p1a: Hydreigon|0 fnt
|faint|p1a: Hydreigon
|
|-heal|p2a: Clefable|23/100|[from] item: Leftovers
|upkeep
|
|switch|p1a: Dragapult|Dragapult, M|100/100
|turn|11
|
|move|p2a: Clefable|Protect|p2a: Clefable
|-singleturn|p2a: Clefable|Protect
|move|p1a: Dragapult|Steel Wing|p2a: Clefable
|-activate|p2a: Clefable|move: Protect
|
|-heal|p2a: Clefable|29/100|[from] item: Leftovers
|upkeep
|turn|12
|
|switch|p2a: Mandibuzz|Mandibuzz, F|100/100
|move|p1a: Dragapult|Steel Wing|p2a: Mandibuzz
|-damage|p2a: Mandibuzz|80/100
|-damage|p1a: Dragapult|91/100|[from] item: Life Orb
|
|upkeep
|turn|13
|
|move|p1a: Dragapult|Dragon Darts|p2a: Mandibuzz
|-damage|p2a: Mandibuzz|57/100
|-anim|p1a: Dragapult|Dragon Darts|p2a: Mandibuzz
|-damage|p2a: Mandibuzz|33/100
|-damage|p1a: Dragapult|81/100|[from] item: Life Orb
|move|p2a: Mandibuzz|Foul Play|p1a: Dragapult
|-supereffective|p1a: Dragapult
|-damage|p1a: Dragapult|0 fnt
|faint|p1a: Dragapult
|
|upkeep
|
|switch|p1a: Mimikyu|Mimikyu, M|100/100
|turn|14
|
|move|p1a: Mimikyu|Play Rough|p2a: Mandibuzz
|-supereffective|p2a: Mandibuzz
|-damage|p2a: Mandibuzz|0 fnt
|-damage|p1a: Mimikyu|91/100|[from] item: Life Orb
|faint|p2a: Mandibuzz
|
|upkeep
|
|switch|p2a: Zeraora|Zeraora|100/100
|-damage|p2a: Zeraora|88/100|[from] Stealth Rock
|turn|15
|
|move|p2a: Zeraora|Knock Off|p1a: Mimikyu
|-activate|p1a: Mimikyu|ability: Disguise
|-damage|p1a: Mimikyu|91/100
|-enditem|p1a: Mimikyu|Life Orb|[from] move: Knock Off|[of] p2a: Zeraora
|detailschange|p1a: Mimikyu|Mimikyu-Busted, M
|-damage|p1a: Mimikyu|78/100|[from] pokemon: Mimikyu-Busted
|move|p1a: Mimikyu|Play Rough|p2a: Zeraora
|-damage|p2a: Zeraora|35/100
|
|-heal|p2a: Zeraora|41/100|[from] item: Leftovers
|upkeep
|turn|16
|
|move|p2a: Zeraora|Plasma Fists|p1a: Mimikyu
|-damage|p1a: Mimikyu|0 fnt
|-fieldactivate|move: Ion Deluge
|faint|p1a: Mimikyu
|
|win|OUTJ SOLLY
|c|☆OUTJ SOLLY|gg
|c|☆DJ CRIB DEF|gg
|l| outj ploop
||Ladder (probably) updated, but score could not be retrieved (Response not received).
|l|☆DJ CRIB DEF
|j| outj ploop
|l| outj ploop
