|html|<div class="broadcast-blue"><strong>[Gen 8] OU is currently suspecting Melmetal! For information on how to participate check out the <a href="https://www.smogon.com/forums/threads/np-ss-ou-suspect-process-round-12-monster-mash.3709234/">suspect thread</a>.</strong></div>
|j|☆ChandosH
|j|☆Gremma
|t:|1665879329
|gametype|singles
|player|p1|ChandosH|n-masters|1451
|player|p2|Gremma|169|1504
|teamsize|p1|6
|teamsize|p2|6
|gen|8
|tier|[Gen 8] OU
|rated|
|rule|Sleep Clause Mod: Limit one foe put to sleep
|rule|Species Clause: Limit one of each Pokémon
|rule|OHKO Clause: OHKO moves are banned
|rule|Evasion Items Clause: Evasion items are banned
|rule|Evasion Moves Clause: Evasion moves are banned
|rule|Endless Battle Clause: Forcing endless battles is banned
|rule|HP Percentage Mod: HP is shown in percentages
|rule|Dynamax Clause: You cannot dynamax
|clearpoke
|poke|p1|Marowak-Alola, F|
|poke|p1|Corviknight, F|
|poke|p1|Toxapex, M|
|poke|p1|Hatterene, F|
|poke|p1|Blissey, F|
|poke|p1|Rotom-Wash|
|poke|p2|Clefable, M|
|poke|p2|Chansey, F|
|poke|p2|Mandibuzz, F|
|poke|p2|Toxapex, M|
|poke|p2|Garchomp, M|
|poke|p2|Quagsire, F|
|teampreview
|c|☆ChandosH|ah yes
|c|☆ChandosH|the stall match up
|
|t:|1665879361
|start
|switch|p1a: Corviknight|Corviknight, F|100/100
|switch|p2a: Chansey|Chansey, F|100/100
|-ability|p1a: Corviknight|Pressure
|turn|1
|
|t:|1665879374
|move|p1a: Corviknight|U-turn|p2a: Chansey
|-damage|p2a: Chansey|92/100
|
|t:|1665879380
|switch|p1a: Marowak|Marowak-Alola, F|100/100|[from]move: U-turn
|move|p2a: Chansey|Stealth Rock|p1a: Marowak
|-sidestart|p1: ChandosH|move: Stealth Rock
|
|upkeep
|turn|2
|c|☆Gremma|Trabajos preliminares
|
|t:|1665879397
|switch|p2a: Mandibuzz|Mandibuzz, F|100/100
|move|p1a: Marowak|Earthquake|p2a: Mandibuzz
|-immune|p2a: Mandibuzz
|
|upkeep
|turn|3
|
|t:|1665879408
|switch|p1a: Corviknight|Corviknight, F|100/100
|-damage|p1a: Corviknight|88/100|[from] Stealth Rock
|-ability|p1a: Corviknight|Pressure
|move|p2a: Mandibuzz|Foul Play|p1a: Corviknight
|-damage|p1a: Corviknight|69/100
|
|-heal|p1a: Corviknight|75/100|[from] item: Leftovers
|upkeep
|turn|4
|
|t:|1665879417
|move|p2a: Mandibuzz|Foul Play|p1a: Corviknight
|-damage|p1a: Corviknight|57/100
|move|p1a: Corviknight|Defog|p2a: Mandibuzz
|-unboost|p2a: Mandibuzz|evasion|1
|-sideend|p1: ChandosH|Stealth Rock|[from] move: Defog|[of] p1a: Corviknight
|
|-heal|p1a: Corviknight|63/100|[from] item: Leftovers
|upkeep
|turn|5
|
|t:|1665879424
|move|p2a: Mandibuzz|Foul Play|p1a: Corviknight
|-damage|p1a: Corviknight|46/100
|move|p1a: Corviknight|Roost|p1a: Corviknight
|-heal|p1a: Corviknight|96/100
|-singleturn|p1a: Corviknight|move: Roost
|
|-heal|p1a: Corviknight|100/100|[from] item: Leftovers
|upkeep
|turn|6
|
|t:|1665879431
|move|p2a: Mandibuzz|Foul Play|p1a: Corviknight
|-damage|p1a: Corviknight|82/100
|move|p1a: Corviknight|U-turn|p2a: Mandibuzz
|-damage|p2a: Mandibuzz|93/100
|
|t:|1665879436
|switch|p1a: Hatterene|Hatterene, F|100/100|[from]move: U-turn
|
|upkeep
|turn|7
|
|t:|1665879442
|switch|p2a: Toxapex|Toxapex, M|100/100
|move|p1a: Hatterene|Calm Mind|p1a: Hatterene
|-boost|p1a: Hatterene|spa|1
|-boost|p1a: Hatterene|spd|1
|
|upkeep
|turn|8
|
|t:|1665879447
|switch|p2a: Clefable|Clefable, M|100/100
|move|p1a: Hatterene|Psyshock|p2a: Clefable
|-crit|p2a: Clefable
|-damage|p2a: Clefable|39/100
|
|-heal|p2a: Clefable|45/100|[from] item: Leftovers
|upkeep
|turn|9
|
|t:|1665879451
|move|p2a: Clefable|Protect|p2a: Clefable
|-singleturn|p2a: Clefable|Protect
|move|p1a: Hatterene|Psyshock|p2a: Clefable
|-activate|p2a: Clefable|move: Protect
|
|-heal|p2a: Clefable|52/100|[from] item: Leftovers
|upkeep
|turn|10
|
|t:|1665879468
|switch|p2a: Quagsire|Quagsire, F|100/100
|move|p1a: Hatterene|Psyshock|p2a: Quagsire
|-damage|p2a: Quagsire|76/100
|
|-heal|p2a: Quagsire|82/100|[from] item: Leftovers
|upkeep
|turn|11
|
|t:|1665879479
|move|p1a: Hatterene|Draining Kiss|p2a: Quagsire
|-damage|p2a: Quagsire|55/100
|move|p2a: Quagsire|Recover|p2a: Quagsire
|-heal|p2a: Quagsire|100/100
|
|upkeep
|turn|12
|
|t:|1665879497
|switch|p1a: Rotom|Rotom-Wash|100/100
|switch|p2a: Chansey|Chansey, F|92/100
|
|upkeep
|turn|13
|
|t:|1665879504
|move|p1a: Rotom|Volt Switch|p2a: Chansey
|-damage|p2a: Chansey|84/100
|
|t:|1665879520
|switch|p1a: Hatterene|Hatterene, F|100/100|[from]move: Volt Switch
|move|p2a: Chansey|Stealth Rock|p1a: Hatterene
|move|p1a: Hatterene|Stealth Rock|p2a: Chansey|[from]ability: Magic Bounce
|-sidestart|p2: Gremma|move: Stealth Rock
|
|upkeep
|turn|14
|
|t:|1665879529
|move|p2a: Chansey|Seismic Toss|p1a: Hatterene
|-damage|p1a: Hatterene|69/100
|move|p1a: Hatterene|Calm Mind|p1a: Hatterene
|-boost|p1a: Hatterene|spa|1
|-boost|p1a: Hatterene|spd|1
|
|-heal|p1a: Hatterene|75/100|[from] item: Leftovers
|upkeep
|turn|15
|
|t:|1665879535
|move|p2a: Chansey|Seismic Toss|p1a: Hatterene
|-damage|p1a: Hatterene|44/100
|move|p1a: Hatterene|Draining Kiss|p2a: Chansey
|-damage|p2a: Chansey|74/100
|-heal|p1a: Hatterene|62/100|[from] drain|[of] p2a: Chansey
|
|-heal|p1a: Hatterene|67/100|[from] item: Leftovers
|upkeep
|turn|16
|
|t:|1665879540
|move|p2a: Chansey|Seismic Toss|p1a: Hatterene
|-damage|p1a: Hatterene|36/100
|move|p1a: Hatterene|Psyshock|p2a: Chansey
|-damage|p2a: Chansey|39/100
|
|-heal|p1a: Hatterene|42/100|[from] item: Leftovers
|upkeep
|turn|17
|c|☆Gremma|123
|
|t:|1665879578
|move|p2a: Chansey|Seismic Toss|p1a: Hatterene
|-damage|p1a: Hatterene|11/100
|move|p1a: Hatterene|Psyshock|p2a: Chansey
|-damage|p2a: Chansey|5/100
|
|-heal|p1a: Hatterene|17/100|[from] item: Leftovers
|upkeep
|turn|18
|
|t:|1665879595
|move|p2a: Chansey|Soft-Boiled|p2a: Chansey
|-heal|p2a: Chansey|55/100
|move|p1a: Hatterene|Draining Kiss|p2a: Chansey
|-damage|p2a: Chansey|44/100
|-heal|p1a: Hatterene|35/100|[from] drain|[of] p2a: Chansey
|
|-heal|p1a: Hatterene|41/100|[from] item: Leftovers
|upkeep
|turn|19
|
|t:|1665879600
|switch|p1a: Marowak|Marowak-Alola, F|100/100
|move|p2a: Chansey|Seismic Toss|p1a: Marowak
|-immune|p1a: Marowak
|
|upkeep
|turn|20
|
|t:|1665879617
|switch|p2a: Garchomp|Garchomp, M|100/100
|-damage|p2a: Garchomp|94/100|[from] Stealth Rock
|move|p1a: Marowak|Poltergeist|p2a: Garchomp
|-activate|p2a: Garchomp|move: Poltergeist|Leftovers
|-damage|p2a: Garchomp|6/100
|
|-heal|p2a: Garchomp|13/100|[from] item: Leftovers
|upkeep
|turn|21
|
|t:|1665879627
|switch|p1a: Corviknight|Corviknight, F|82/100
|-ability|p1a: Corviknight|Pressure
|move|p2a: Garchomp|Earthquake|p1a: Corviknight
|-immune|p1a: Corviknight
|
|-heal|p2a: Garchomp|19/100|[from] item: Leftovers
|-heal|p1a: Corviknight|88/100|[from] item: Leftovers
|upkeep
|turn|22
|
|t:|1665879632
|switch|p2a: Mandibuzz|Mandibuzz, F|93/100
|move|p1a: Corviknight|U-turn|p2a: Mandibuzz
|-damage|p2a: Mandibuzz|84/100
|
|t:|1665879640
|switch|p1a: Rotom|Rotom-Wash|100/100|[from]move: U-turn
|
|upkeep
|turn|23
|
|t:|1665879652
|switch|p1a: Hatterene|Hatterene, F|41/100
|move|p2a: Mandibuzz|Roost|p2a: Mandibuzz
|-heal|p2a: Mandibuzz|100/100
|-singleturn|p2a: Mandibuzz|move: Roost
|
|-heal|p1a: Hatterene|47/100|[from] item: Leftovers
|upkeep
|turn|24
|
|t:|1665879656
|move|p2a: Mandibuzz|Foul Play|p1a: Hatterene
|-damage|p1a: Hatterene|26/100
|move|p1a: Hatterene|Draining Kiss|p2a: Mandibuzz
|-supereffective|p2a: Mandibuzz
|-damage|p2a: Mandibuzz|64/100
|-heal|p1a: Hatterene|63/100|[from] drain|[of] p2a: Mandibuzz
|
|-heal|p1a: Hatterene|69/100|[from] item: Leftovers
|upkeep
|turn|25
|
|t:|1665879665
|switch|p2a: Chansey|Chansey, F|44/100
|-damage|p2a: Chansey|31/100|[from] Stealth Rock
|move|p1a: Hatterene|Draining Kiss|p2a: Chansey
|-damage|p2a: Chansey|25/100
|-heal|p1a: Hatterene|80/100|[from] drain|[of] p2a: Chansey
|
|-heal|p1a: Hatterene|86/100|[from] item: Leftovers
|upkeep
|turn|26
|
|t:|1665879668
|move|p2a: Chansey|Soft-Boiled|p2a: Chansey
|-heal|p2a: Chansey|75/100
|move|p1a: Hatterene|Psyshock|p2a: Chansey
|-damage|p2a: Chansey|51/100
|
|-heal|p1a: Hatterene|92/100|[from] item: Leftovers
|upkeep
|turn|27
|
|t:|1665879674
|switch|p1a: Marowak|Marowak-Alola, F|100/100
|move|p2a: Chansey|Soft-Boiled|p2a: Chansey
|-heal|p2a: Chansey|100/100
|
|upkeep
|turn|28
|
|t:|1665879682
|move|p1a: Marowak|Earthquake|p2a: Chansey
|-damage|p2a: Chansey|64/100
|move|p2a: Chansey|Stealth Rock|p1a: Marowak
|-sidestart|p1: ChandosH|move: Stealth Rock
|
|upkeep
|turn|29
|
|t:|1665879688
|move|p1a: Marowak|Swords Dance|p1a: Marowak
|-boost|p1a: Marowak|atk|2
|move|p2a: Chansey|Soft-Boiled|p2a: Chansey
|-heal|p2a: Chansey|100/100
|
|upkeep
|turn|30
|
|t:|1665879701
|switch|p2a: Mandibuzz|Mandibuzz, F|64/100
|move|p1a: Marowak|Flame Charge|p2a: Mandibuzz
|-damage|p2a: Mandibuzz|18/100
|-boost|p1a: Marowak|spe|1
|
|upkeep
|turn|31
|
|t:|1665879709
|move|p1a: Marowak|Poltergeist|p2a: Mandibuzz
|-activate|p2a: Mandibuzz|move: Poltergeist|Heavy-Duty Boots
|-resisted|p2a: Mandibuzz
|-damage|p2a: Mandibuzz|0 fnt
|faint|p2a: Mandibuzz
|
|upkeep
|
|t:|1665879716
|switch|p2a: Quagsire|Quagsire, F|100/100
|-damage|p2a: Quagsire|94/100|[from] Stealth Rock
|turn|32
|-message|Gremma forfeited.
|
|win|ChandosH
|raw|ChandosH's rating: 1451 &rarr; <strong>1474</strong><br />(+23 for winning)
|raw|Gremma's rating: 1504 &rarr; <strong>1481</strong><br />(-23 for losing)
|l|☆Gremma
