|j|☆ChiefBoom
|j|☆BugCatcherWeevil
|t:|1605097827
|player|p1|ChiefBoom|1|1789
|player|p2|BugCatcherWeevil|7|1769
|teamsize|p1|6
|teamsize|p2|6
|gametype|singles
|gen|8
|tier|[Gen 8] OU
|rated|
|clearpoke
|poke|p1|Tapu Lele|
|poke|p1|Melmetal|
|poke|p1|Moltres|
|poke|p1|Landorus-Therian, M|
|poke|p1|Tapu Fini|
|poke|p1|Urshifu-*, M|
|poke|p2|Dracozolt|
|poke|p2|Tyranitar, F|
|poke|p2|Excadrill, M|
|poke|p2|Hippowdon, M|
|poke|p2|Buzzwole|
|poke|p2|Zapdos|
|rule|Sleep Clause Mod: Limit one foe put to sleep
|rule|Species Clause: Limit one of each Pokémon
|rule|OHKO Clause: OHKO moves are banned
|rule|Evasion Moves Clause: Evasion moves are banned
|rule|Endless Battle Clause: Forcing endless battles is banned
|rule|HP Percentage Mod: HP is shown in percentages
|rule|Dynamax Clause: You cannot dynamax
|teampreview
|j| Boi 240
|j| hacksareus10
|j| Commando 55
|j| Alcazone
|inactive|Battle timer is ON: inactive players will automatically lose when time's up. (requested by ChiefBoom)
|
|t:|1605097923
|start
|switch|p1a: Urshifu|Urshifu, M|100/100
|switch|p2a: Zapdos|Zapdos|100/100
|turn|1
|
|t:|1605097932
|switch|p2a: Buzzwole|Buzzwole|100/100
|move|p1a: Urshifu|Bulk Up|p1a: Urshifu
|-boost|p1a: Urshifu|atk|1
|-boost|p1a: Urshifu|def|1
|
|upkeep
|turn|2
|
|t:|1605097940
|switch|p1a: Moltres|Moltres|100/100
|move|p2a: Buzzwole|Drain Punch|p1a: Moltres
|-resisted|p1a: Moltres
|-damage|p1a: Moltres|86/100
|
|upkeep
|turn|3
|
|t:|1605097951
|switch|p1a: Landorus|Landorus-Therian, M|100/100
|-ability|p1a: Landorus|Intimidate|boost
|-unboost|p2a: Buzzwole|atk|1
|switch|p2a: Tyranitar|Tyranitar, F|100/100
|-weather|Sandstorm|[from] ability: Sand Stream|[of] p2a: Tyranitar
|
|-weather|Sandstorm|[upkeep]
|upkeep
|turn|4
|
|t:|1605097961
|move|p1a: Landorus|U-turn|p2a: Tyranitar
|-supereffective|p2a: Tyranitar
|-damage|p2a: Tyranitar|55/100
|
|t:|1605097969
|switch|p1a: Tapu Fini|Tapu Fini|100/100|[from]move: U-turn
|-fieldstart|move: Misty Terrain|[from] ability: Misty Surge|[of] p1a: Tapu Fini
|move|p2a: Tyranitar|Ice Beam|p1a: Tapu Fini
|-resisted|p1a: Tapu Fini
|-damage|p1a: Tapu Fini|91/100
|
|-weather|Sandstorm|[upkeep]
|-damage|p1a: Tapu Fini|85/100|[from] Sandstorm
|-heal|p1a: Tapu Fini|91/100|[from] item: Leftovers
|upkeep
|turn|5
|
|t:|1605097977
|switch|p2a: Zapdos|Zapdos|100/100
|move|p1a: Tapu Fini|Whirlpool|p2a: Zapdos
|-damage|p2a: Zapdos|90/100
|-activate|p2a: Zapdos|move: Whirlpool|[of] p1a: Tapu Fini
|
|-weather|Sandstorm|[upkeep]
|-damage|p2a: Zapdos|84/100|[from] Sandstorm
|-damage|p1a: Tapu Fini|85/100|[from] Sandstorm
|-heal|p1a: Tapu Fini|91/100|[from] item: Leftovers
|-damage|p2a: Zapdos|71/100|[from] move: Whirlpool|[partiallytrapped]
|upkeep
|turn|6
|l| Alcazone
|
|t:|1605097984
|switch|p1a: Landorus|Landorus-Therian, M|100/100
|-ability|p1a: Landorus|Intimidate|boost
|-unboost|p2a: Zapdos|atk|1
|move|p2a: Zapdos|Volt Switch|p1a: Landorus
|-immune|p1a: Landorus
|
|-weather|Sandstorm|[upkeep]
|-damage|p2a: Zapdos|65/100|[from] Sandstorm
|-end|p2a: Zapdos|Whirlpool|[partiallytrapped]|[silent]
|upkeep
|turn|7
|
|t:|1605097990
|move|p2a: Zapdos|Roost|p2a: Zapdos
|-heal|p2a: Zapdos|100/100
|-singleturn|p2a: Zapdos|move: Roost
|move|p1a: Landorus|Stone Edge|p2a: Zapdos
|-crit|p2a: Zapdos
|-damage|p2a: Zapdos|55/100
|
|-weather|none
|upkeep
|turn|8
|
|t:|1605098003
|switch|p2a: Buzzwole|Buzzwole|100/100
|move|p1a: Landorus|Stealth Rock|p2a: Buzzwole
|-sidestart|p2: BugCatcherWeevil|move: Stealth Rock
|
|-fieldend|Misty Terrain
|upkeep
|turn|9
|
|t:|1605098015
|switch|p1a: Moltres|Moltres|86/100
|move|p2a: Buzzwole|Ice Punch|p1a: Moltres
|-crit|p1a: Moltres
|-damage|p1a: Moltres|55/100
|-status|p1a: Moltres|frz
|-status|p2a: Buzzwole|brn|[from] ability: Flame Body|[of] p1a: Moltres
|
|-damage|p2a: Buzzwole|94/100 brn|[from] brn
|upkeep
|turn|10
|
|t:|1605098024
|switch|p2a: Hippowdon|Hippowdon, M|100/100
|-damage|p2a: Hippowdon|94/100|[from] Stealth Rock
|-weather|Sandstorm|[from] ability: Sand Stream|[of] p2a: Hippowdon
|cant|p1a: Moltres|frz
|
|-weather|Sandstorm|[upkeep]
|-damage|p1a: Moltres|49/100 frz|[from] Sandstorm
|upkeep
|turn|11
|
|t:|1605098028
|cant|p1a: Moltres|frz
|move|p2a: Hippowdon|Stealth Rock|p1a: Moltres
|-sidestart|p1: ChiefBoom|move: Stealth Rock
|
|-weather|Sandstorm|[upkeep]
|-damage|p1a: Moltres|43/100 frz|[from] Sandstorm
|upkeep
|turn|12
|
|t:|1605098031
|switch|p2a: Excadrill|Excadrill, M|100/100
|-damage|p2a: Excadrill|97/100|[from] Stealth Rock
|cant|p1a: Moltres|frz
|
|-weather|Sandstorm|[upkeep]
|-damage|p1a: Moltres|37/100 frz|[from] Sandstorm
|upkeep
|turn|13
|
|t:|1605098037
|move|p2a: Excadrill|Rock Slide|p1a: Moltres
|-supereffective|p1a: Moltres
|-damage|p1a: Moltres|0 fnt
|-damage|p2a: Excadrill|87/100|[from] item: Life Orb
|faint|p1a: Moltres
|
|-weather|Sandstorm|[upkeep]
|upkeep
|
|t:|1605098040
|switch|p1a: Landorus|Landorus-Therian, M|100/100
|-damage|p1a: Landorus|88/100|[from] Stealth Rock
|-ability|p1a: Landorus|Intimidate|boost
|-unboost|p2a: Excadrill|atk|1
|turn|14
|
|t:|1605098050
|switch|p2a: Buzzwole|Buzzwole|94/100 brn
|-damage|p2a: Buzzwole|82/100 brn|[from] Stealth Rock
|move|p1a: Landorus|Earthquake|p2a: Buzzwole
|-resisted|p2a: Buzzwole
|-damage|p2a: Buzzwole|64/100 brn
|
|-weather|Sandstorm|[upkeep]
|-damage|p2a: Buzzwole|58/100 brn|[from] Sandstorm
|-heal|p1a: Landorus|94/100|[from] item: Leftovers
|-damage|p2a: Buzzwole|52/100 brn|[from] brn
|upkeep
|turn|15
|
|t:|1605098061
|move|p1a: Landorus|U-turn|p2a: Buzzwole
|-resisted|p2a: Buzzwole
|-damage|p2a: Buzzwole|44/100 brn
|-damage|p1a: Landorus|78/100|[from] item: Rocky Helmet|[of] p2a: Buzzwole
|
|t:|1605098064
|switch|p1a: Tapu Lele|Tapu Lele|100/100|[from]move: U-turn
|-damage|p1a: Tapu Lele|88/100|[from] Stealth Rock
|-fieldstart|move: Psychic Terrain|[from] ability: Psychic Surge|[of] p1a: Tapu Lele
|move|p2a: Buzzwole|Roost|p2a: Buzzwole
|-heal|p2a: Buzzwole|94/100 brn
|-singleturn|p2a: Buzzwole|move: Roost
|
|-weather|Sandstorm|[upkeep]
|-damage|p1a: Tapu Lele|82/100|[from] Sandstorm
|-damage|p2a: Buzzwole|88/100 brn|[from] Sandstorm
|-damage|p2a: Buzzwole|82/100 brn|[from] brn
|upkeep
|turn|16
|
|t:|1605098074
|switch|p2a: Excadrill|Excadrill, M|87/100
|-damage|p2a: Excadrill|84/100|[from] Stealth Rock
|move|p1a: Tapu Lele|Moonblast|p2a: Excadrill
|-resisted|p2a: Excadrill
|-damage|p2a: Excadrill|33/100
|
|-weather|Sandstorm|[upkeep]
|-damage|p1a: Tapu Lele|76/100|[from] Sandstorm
|upkeep
|turn|17
|
|t:|1605098085
|switch|p1a: Landorus|Landorus-Therian, M|78/100
|-damage|p1a: Landorus|65/100|[from] Stealth Rock
|-ability|p1a: Landorus|Intimidate|boost
|-unboost|p2a: Excadrill|atk|1
|move|p2a: Excadrill|Iron Head|p1a: Landorus
|-damage|p1a: Landorus|25/100
|-damage|p2a: Excadrill|23/100|[from] item: Life Orb
|
|-weather|none
|-heal|p1a: Landorus|31/100|[from] item: Leftovers
|upkeep
|turn|18
|
|t:|1605098101
|move|p2a: Excadrill|Swords Dance|p2a: Excadrill
|-boost|p2a: Excadrill|atk|2
|move|p1a: Landorus|Earthquake|p2a: Excadrill
|-supereffective|p2a: Excadrill
|-damage|p2a: Excadrill|0 fnt
|faint|p2a: Excadrill
|
|-heal|p1a: Landorus|37/100|[from] item: Leftovers
|upkeep
|
|t:|1605098108
|switch|p2a: Hippowdon|Hippowdon, M|94/100
|-damage|p2a: Hippowdon|88/100|[from] Stealth Rock
|-weather|Sandstorm|[from] ability: Sand Stream|[of] p2a: Hippowdon
|turn|19
|
|t:|1605098114
|switch|p1a: Tapu Fini|Tapu Fini|91/100
|-damage|p1a: Tapu Fini|79/100|[from] Stealth Rock
|-fieldstart|move: Misty Terrain|[from] ability: Misty Surge|[of] p1a: Tapu Fini
|move|p2a: Hippowdon|Whirlwind|p1a: Tapu Fini
|drag|p1a: Landorus|Landorus-Therian, M|37/100
|-damage|p1a: Landorus|24/100|[from] Stealth Rock
|-ability|p1a: Landorus|Intimidate|boost
|-unboost|p2a: Hippowdon|atk|1
|
|-weather|Sandstorm|[upkeep]
|-heal|p1a: Landorus|30/100|[from] item: Leftovers
|upkeep
|turn|20
|
|t:|1605098125
|move|p1a: Landorus|Earthquake|p2a: Hippowdon
|-damage|p2a: Hippowdon|57/100
|move|p2a: Hippowdon|Slack Off|p2a: Hippowdon
|-heal|p2a: Hippowdon|100/100
|
|-weather|Sandstorm|[upkeep]
|-heal|p1a: Landorus|37/100|[from] item: Leftovers
|upkeep
|turn|21
|
|t:|1605098137
|move|p1a: Landorus|Earthquake|p2a: Hippowdon
|-damage|p2a: Hippowdon|70/100
|move|p2a: Hippowdon|Whirlwind|p1a: Landorus
|drag|p1a: Tapu Lele|Tapu Lele|76/100
|-damage|p1a: Tapu Lele|63/100|[from] Stealth Rock
|-fieldstart|move: Psychic Terrain|[from] ability: Psychic Surge|[of] p1a: Tapu Lele
|
|-weather|Sandstorm|[upkeep]
|-damage|p1a: Tapu Lele|57/100|[from] Sandstorm
|upkeep
|turn|22
|
|t:|1605098156
|switch|p2a: Tyranitar|Tyranitar, F|55/100
|-damage|p2a: Tyranitar|42/100|[from] Stealth Rock
|move|p1a: Tapu Lele|Moonblast|p2a: Tyranitar
|-supereffective|p2a: Tyranitar
|-damage|p2a: Tyranitar|0 fnt
|faint|p2a: Tyranitar
|
|-weather|Sandstorm|[upkeep]
|-damage|p1a: Tapu Lele|51/100|[from] Sandstorm
|upkeep
|
|t:|1605098160
|switch|p2a: Dracozolt|Dracozolt|100/100
|-damage|p2a: Dracozolt|88/100|[from] Stealth Rock
|turn|23
|
|t:|1605098168
|switch|p1a: Tapu Fini|Tapu Fini|79/100
|-damage|p1a: Tapu Fini|66/100|[from] Stealth Rock
|-fieldstart|move: Misty Terrain|[from] ability: Misty Surge|[of] p1a: Tapu Fini
|move|p2a: Dracozolt|Bolt Beak|p1a: Tapu Fini
|-supereffective|p1a: Tapu Fini
|-damage|p1a: Tapu Fini|0 fnt
|-damage|p2a: Dracozolt|78/100|[from] item: Life Orb
|faint|p1a: Tapu Fini
|
|-weather|Sandstorm|[upkeep]
|upkeep
|
|t:|1605098171
|switch|p1a: Melmetal|Melmetal|100/100
|-damage|p1a: Melmetal|94/100|[from] Stealth Rock
|turn|24
|
|t:|1605098176
|switch|p2a: Buzzwole|Buzzwole|82/100 brn
|-damage|p2a: Buzzwole|69/100 brn|[from] Stealth Rock
|move|p1a: Melmetal|Ice Punch|p2a: Buzzwole
|-damage|p2a: Buzzwole|40/100 brn
|-damage|p1a: Melmetal|78/100|[from] item: Rocky Helmet|[of] p2a: Buzzwole
|
|-weather|Sandstorm|[upkeep]
|-damage|p2a: Buzzwole|34/100 brn|[from] Sandstorm
|-damage|p2a: Buzzwole|27/100 brn|[from] brn
|upkeep
|turn|25
|j| krooom
|
|t:|1605098191
|switch|p1a: Tapu Lele|Tapu Lele|51/100
|-damage|p1a: Tapu Lele|39/100|[from] Stealth Rock
|-fieldstart|move: Psychic Terrain|[from] ability: Psychic Surge|[of] p1a: Tapu Lele
|move|p2a: Buzzwole|Roost|p2a: Buzzwole
|-heal|p2a: Buzzwole|77/100 brn
|-singleturn|p2a: Buzzwole|move: Roost
|
|-weather|Sandstorm|[upkeep]
|-damage|p1a: Tapu Lele|33/100|[from] Sandstorm
|-damage|p2a: Buzzwole|71/100 brn|[from] Sandstorm
|-damage|p2a: Buzzwole|65/100 brn|[from] brn
|upkeep
|turn|26
|
|t:|1605098211
|switch|p2a: Zapdos|Zapdos|55/100
|move|p1a: Tapu Lele|Psychic|p2a: Zapdos
|-damage|p2a: Zapdos|0 fnt
|faint|p2a: Zapdos
|
|-weather|none
|upkeep
|
|t:|1605098213
|switch|p2a: Hippowdon|Hippowdon, M|70/100
|-damage|p2a: Hippowdon|64/100|[from] Stealth Rock
|-weather|Sandstorm|[from] ability: Sand Stream|[of] p2a: Hippowdon
|turn|27
|j| Glazou
|
|t:|1605098224
|move|p1a: Tapu Lele|Psychic|p2a: Hippowdon
|-damage|p2a: Hippowdon|0 fnt
|faint|p2a: Hippowdon
|
|-weather|Sandstorm|[upkeep]
|-damage|p1a: Tapu Lele|27/100|[from] Sandstorm
|upkeep
|
|t:|1605098226
|switch|p2a: Dracozolt|Dracozolt|78/100
|-damage|p2a: Dracozolt|66/100|[from] Stealth Rock
|turn|28
|
|t:|1605098233
|switch|p1a: Landorus|Landorus-Therian, M|37/100
|-damage|p1a: Landorus|24/100|[from] Stealth Rock
|-ability|p1a: Landorus|Intimidate|boost
|-unboost|p2a: Dracozolt|atk|1
|move|p2a: Dracozolt|Flamethrower|p1a: Landorus
|-crit|p1a: Landorus
|-damage|p1a: Landorus|0 fnt
|-damage|p2a: Dracozolt|56/100|[from] item: Life Orb
|faint|p1a: Landorus
|
|-weather|Sandstorm|[upkeep]
|upkeep
|
|t:|1605098238
|switch|p1a: Melmetal|Melmetal|78/100
|-damage|p1a: Melmetal|72/100|[from] Stealth Rock
|turn|29
|
|t:|1605098247
|switch|p2a: Buzzwole|Buzzwole|65/100 brn
|-damage|p2a: Buzzwole|53/100 brn|[from] Stealth Rock
|move|p1a: Melmetal|Double Iron Bash|p2a: Buzzwole
|-damage|p2a: Buzzwole|12/100 brn
|-damage|p1a: Melmetal|55/100|[from] item: Rocky Helmet|[of] p2a: Buzzwole
|-damage|p2a: Buzzwole|0 fnt
|-damage|p1a: Melmetal|38/100|[from] item: Rocky Helmet|[of] p2a: Buzzwole
|-hitcount|p2a: Buzzwole|2
|faint|p2a: Buzzwole
|
|-weather|Sandstorm|[upkeep]
|-fieldend|move: Psychic Terrain
|upkeep
|
|t:|1605098250
|switch|p2a: Dracozolt|Dracozolt|56/100
|-damage|p2a: Dracozolt|43/100|[from] Stealth Rock
|turn|30
|
|t:|1605098253
|move|p2a: Dracozolt|Bolt Beak|p1a: Melmetal
|-damage|p1a: Melmetal|0 fnt
|-damage|p2a: Dracozolt|33/100|[from] item: Life Orb
|faint|p1a: Melmetal
|
|-weather|Sandstorm|[upkeep]
|upkeep
|
|t:|1605098257
|switch|p1a: Urshifu|Urshifu, M|100/100
|-damage|p1a: Urshifu|94/100|[from] Stealth Rock
|turn|31
|
|t:|1605098262
|move|p1a: Urshifu|Sucker Punch|p2a: Dracozolt
|-damage|p2a: Dracozolt|0 fnt
|-damage|p1a: Urshifu|84/100|[from] item: Life Orb
|faint|p2a: Dracozolt
|
|win|ChiefBoom
|c|☆ChiefBoom|gg
|l|☆BugCatcherWeevil
|raw|ChiefBoom's rating: 1789 &rarr; <strong>1808</strong><br />(+19 for winning)
|raw|BugCatcherWeevil's rating: 1769 &rarr; <strong>1750</strong><br />(-19 for losing)
|l| Commando 55
