|raw|<div class="broadcast-blue"><strong>This battle is required to be public due to a player having a name starting with 'lt93oq'.</div>
|j|☆balerion1
|j|☆LT93OQ Friso
|t:|1660587027
|gametype|singles
|player|p1|balerion1|ballguy|1774
|player|p2|LT93OQ Friso|170|1748
|teamsize|p1|6
|teamsize|p2|6
|gen|8
|tier|[Gen 8] OU
|rated|
|rule|Sleep Clause Mod: Limit one foe put to sleep
|rule|Species Clause: Limit one of each Pokémon
|rule|OHKO Clause: OHKO moves are banned
|rule|Evasion Items Clause: Evasion items are banned
|rule|Evasion Moves Clause: Evasion moves are banned
|rule|Endless Battle Clause: Forcing endless battles is banned
|rule|HP Percentage Mod: HP is shown in percentages
|rule|Dynamax Clause: You cannot dynamax
|clearpoke
|poke|p1|Bisharp, M|
|poke|p1|Dragapult, F|
|poke|p1|Rillaboom, M|
|poke|p1|Garchomp, M|
|poke|p1|Mamoswine, M|
|poke|p1|Skarmory, M|
|poke|p2|Weavile, M|
|poke|p2|Dragapult, F|
|poke|p2|Gastrodon, M|
|poke|p2|Skarmory, M|
|poke|p2|Clefable, F|
|poke|p2|Heatran, M|
|teampreview
|j| Santiago Bernabeu
|
|t:|1660587044
|start
|switch|p1a: dababy money|Skarmory, M|100/100
|switch|p2a: Clefable|Clefable, F|100/100
|turn|1
|
|t:|1660587083
|move|p1a: dababy money|Stealth Rock|p2a: Clefable
|-sidestart|p2: LT93OQ Friso|move: Stealth Rock
|move|p2a: Clefable|Trick|p1a: dababy money
|-activate|p2a: Clefable|move: Trick|[of] p1a: dababy money
|-item|p1a: dababy money|Choice Scarf|[from] move: Trick
|-item|p2a: Clefable|Custap Berry|[from] move: Trick
|
|upkeep
|turn|2
|inactive|Battle timer is ON: inactive players will automatically lose when time's up. (requested by LT93OQ Friso)
|
|t:|1660587094
|switch|p1a: BLACKTAR|Bisharp, M, shiny|100/100
|switch|p2a: Heatran|Heatran, M|100/100
|-damage|p2a: Heatran|88/100|[from] Stealth Rock
|
|-heal|p2a: Heatran|94/100|[from] item: Leftovers
|upkeep
|turn|3
|
|t:|1660587098
|switch|p1a: SUN BLEACHED|Garchomp, M, shiny|100/100
|move|p2a: Heatran|Stealth Rock|p1a: SUN BLEACHED
|-sidestart|p1: balerion1|move: Stealth Rock
|
|-heal|p2a: Heatran|100/100|[from] item: Leftovers
|upkeep
|turn|4
|c|☆balerion1|sstupid
|
|t:|1660587108
|switch|p2a: Weavile|Weavile, M|100/100
|-ability|p2a: Weavile|Pressure
|move|p1a: SUN BLEACHED|Earthquake|p2a: Weavile
|-damage|p2a: Weavile|0 fnt
|faint|p2a: Weavile
|-damage|p1a: SUN BLEACHED|91/100|[from] item: Life Orb
|
|upkeep
|
|t:|1660587115
|switch|p2a: Dragapult|Dragapult, F|100/100
|turn|5
|
|t:|1660587121
|switch|p1a: BLACKTAR|Bisharp, M, shiny|100/100
|-damage|p1a: BLACKTAR|95/100|[from] Stealth Rock
|move|p2a: Dragapult|Dragon Darts|p1a: BLACKTAR
|-resisted|p1a: BLACKTAR
|-damage|p1a: BLACKTAR|81/100
|-anim|p2a: Dragapult|Dragon Darts|p1a: BLACKTAR
|-resisted|p1a: BLACKTAR
|-damage|p1a: BLACKTAR|68/100
|
|upkeep
|turn|6
|
|t:|1660587130
|move|p2a: Dragapult|Will-O-Wisp|p1a: BLACKTAR
|-status|p1a: BLACKTAR|brn
|move|p1a: BLACKTAR|Knock Off|p2a: Dragapult
|-supereffective|p2a: Dragapult
|-damage|p2a: Dragapult|0 fnt
|-enditem|p2a: Dragapult|Heavy-Duty Boots|[from] move: Knock Off|[of] p1a: BLACKTAR
|faint|p2a: Dragapult
|-damage|p1a: BLACKTAR|58/100 brn|[from] item: Life Orb
|
|-damage|p1a: BLACKTAR|52/100 brn|[from] brn
|upkeep
|
|t:|1660587135
|switch|p2a: Skarmory|Skarmory, M|100/100
|-damage|p2a: Skarmory|88/100|[from] Stealth Rock
|turn|7
|
|t:|1660587149
|switch|p1a: SUN BLEACHED|Garchomp, M, shiny|91/100
|-damage|p1a: SUN BLEACHED|85/100|[from] Stealth Rock
|move|p2a: Skarmory|Spikes|p1a: SUN BLEACHED
|-sidestart|p1: balerion1|Spikes
|
|upkeep
|turn|8
|
|t:|1660587161
|switch|p2a: Clefable|Clefable, F|100/100
|move|p1a: SUN BLEACHED|Fire Blast|p2a: Clefable
|-damage|p2a: Clefable|67/100
|-damage|p1a: SUN BLEACHED|75/100|[from] item: Life Orb
|
|upkeep
|turn|9
|inactive|balerion1 has 120 seconds left.
|
|t:|1660587198
|switch|p1a: BLACKTAR|Bisharp, M, shiny|52/100 brn
|-damage|p1a: BLACKTAR|46/100 brn|[from] Stealth Rock
|-damage|p1a: BLACKTAR|34/100 brn|[from] Spikes
|move|p2a: Clefable|Moonblast|p1a: BLACKTAR
|-damage|p1a: BLACKTAR|0 fnt
|faint|p1a: BLACKTAR
|
|upkeep
|
|t:|1660587200
|switch|p1a: Mamoswine|Mamoswine, M|100/100
|-damage|p1a: Mamoswine|88/100|[from] Stealth Rock
|-damage|p1a: Mamoswine|76/100|[from] Spikes
|turn|10
|
|t:|1660587207
|switch|p2a: Skarmory|Skarmory, M|88/100
|-damage|p2a: Skarmory|76/100|[from] Stealth Rock
|move|p1a: Mamoswine|Icicle Crash|p2a: Skarmory
|-damage|p2a: Skarmory|41/100
|-damage|p1a: Mamoswine|66/100|[from] item: Life Orb
|
|upkeep
|turn|11
|
|t:|1660587214
|switch|p1a: SUN BLEACHED|Garchomp, M, shiny|75/100
|-damage|p1a: SUN BLEACHED|69/100|[from] Stealth Rock
|-damage|p1a: SUN BLEACHED|56/100|[from] Spikes
|move|p2a: Skarmory|Roost|p2a: Skarmory
|-heal|p2a: Skarmory|91/100
|-singleturn|p2a: Skarmory|move: Roost
|
|upkeep
|turn|12
|
|t:|1660587223
|switch|p2a: Gastrodon|Gastrodon, M|100/100
|move|p1a: SUN BLEACHED|Fire Blast|p2a: Gastrodon|[miss]
|-miss|p1a: SUN BLEACHED|p2a: Gastrodon
|
|upkeep
|turn|13
|
|t:|1660587235
|move|p1a: SUN BLEACHED|Earthquake|p2a: Gastrodon
|-damage|p2a: Gastrodon|36/100
|-damage|p1a: SUN BLEACHED|46/100|[from] item: Life Orb
|move|p2a: Gastrodon|Scald|p1a: SUN BLEACHED
|-damage|p1a: SUN BLEACHED|18/100
|
|upkeep
|turn|14
|
|t:|1660587249
|switch|p2a: Skarmory|Skarmory, M|91/100
|-damage|p2a: Skarmory|79/100|[from] Stealth Rock
|move|p1a: SUN BLEACHED|Earthquake|p2a: Skarmory
|-immune|p2a: Skarmory
|
|upkeep
|turn|15
|
|t:|1660587251
|switch|p2a: Gastrodon|Gastrodon, M|36/100
|move|p1a: SUN BLEACHED|Earthquake|p2a: Gastrodon
|-damage|p2a: Gastrodon|0 fnt
|faint|p2a: Gastrodon
|-damage|p1a: SUN BLEACHED|8/100|[from] item: Life Orb
|
|upkeep
|
|t:|1660587257
|switch|p2a: Clefable|Clefable, F|67/100
|turn|16
|
|t:|1660587259
|move|p1a: SUN BLEACHED|Earthquake|p2a: Clefable
|-damage|p2a: Clefable|23/100
|-damage|p1a: SUN BLEACHED|0 fnt|[from] item: Life Orb
|faint|p1a: SUN BLEACHED
|move|p2a: Clefable|Soft-Boiled|p2a: Clefable
|-heal|p2a: Clefable|73/100
|
|upkeep
|
|t:|1660587264
|switch|p1a: Rillaboom|Rillaboom, M, shiny|100/100
|-damage|p1a: Rillaboom|88/100|[from] Stealth Rock
|-damage|p1a: Rillaboom|76/100|[from] Spikes
|-fieldstart|move: Grassy Terrain|[from] ability: Grassy Surge|[of] p1a: Rillaboom
|turn|17
|
|t:|1660587274
|move|p1a: Rillaboom|Swords Dance|p1a: Rillaboom
|-boost|p1a: Rillaboom|atk|2
|move|p2a: Clefable|Moonblast|p1a: Rillaboom
|-damage|p1a: Rillaboom|35/100
|
|-heal|p1a: Rillaboom|41/100|[from] Grassy Terrain
|-heal|p2a: Clefable|79/100|[from] Grassy Terrain
|upkeep
|turn|18
|
|t:|1660587278
|switch|p2a: Heatran|Heatran, M|100/100
|-damage|p2a: Heatran|88/100|[from] Stealth Rock
|move|p1a: Rillaboom|Grassy Glide|p2a: Heatran
|-resisted|p2a: Heatran
|-damage|p2a: Heatran|59/100
|-status|p1a: Rillaboom|brn|[from] ability: Flame Body|[of] p2a: Heatran
|-damage|p1a: Rillaboom|31/100 brn|[from] item: Life Orb
|
|-heal|p1a: Rillaboom|37/100 brn|[from] Grassy Terrain
|-heal|p2a: Heatran|65/100|[from] Grassy Terrain
|-heal|p2a: Heatran|71/100|[from] item: Leftovers
|-damage|p1a: Rillaboom|31/100 brn|[from] brn
|upkeep
|turn|19
|c|☆balerion1|WP
|c|☆LT93OQ Friso|TY
|
|t:|1660587298
|move|p1a: Rillaboom|Superpower|p2a: Heatran
|-supereffective|p2a: Heatran
|-damage|p2a: Heatran|0 fnt
|-unboost|p1a: Rillaboom|atk|1
|-unboost|p1a: Rillaboom|def|1
|faint|p2a: Heatran
|-damage|p1a: Rillaboom|21/100 brn|[from] item: Life Orb
|
|-heal|p1a: Rillaboom|27/100 brn|[from] Grassy Terrain
|-damage|p1a: Rillaboom|21/100 brn|[from] brn
|upkeep
|j| PLZ Don't Machoke
|
|t:|1660587304
|switch|p2a: Clefable|Clefable, F|79/100
|turn|20
|
|t:|1660587311
|move|p1a: Rillaboom|Knock Off|p2a: Clefable
|-resisted|p2a: Clefable
|-damage|p2a: Clefable|66/100
|-enditem|p2a: Clefable|Custap Berry|[from] move: Knock Off|[of] p1a: Rillaboom
|-damage|p1a: Rillaboom|11/100 brn|[from] item: Life Orb
|move|p2a: Clefable|Soft-Boiled|p2a: Clefable
|-heal|p2a: Clefable|100/100
|
|-heal|p1a: Rillaboom|17/100 brn|[from] Grassy Terrain
|-damage|p1a: Rillaboom|11/100 brn|[from] brn
|upkeep
|turn|21
|
|t:|1660587321
|switch|p1a: dababy money|Skarmory, M|100/100
|-damage|p1a: dababy money|88/100|[from] Stealth Rock
|move|p2a: Clefable|Soft-Boiled||[still]
|-fail|p2a: Clefable|heal
|
|-fieldend|move: Grassy Terrain
|upkeep
|turn|22
|
|t:|1660587330
|move|p1a: dababy money|Taunt|p2a: Clefable
|-start|p2a: Clefable|move: Taunt
|move|p2a: Clefable|Moonblast|p1a: dababy money
|-resisted|p1a: dababy money
|-damage|p1a: dababy money|61/100
|
|upkeep
|turn|23
|
|t:|1660587344
|switch|p1a: Rillaboom|Rillaboom, M, shiny|11/100 brn
|-damage|p1a: Rillaboom|0 fnt|[from] Stealth Rock
|faint|p1a: Rillaboom
|move|p2a: Clefable|Moonblast|p1: Rillaboom|[notarget]
|-fail|p2a: Clefable
|
|upkeep
|
|t:|1660587360
|switch|p1a: Mamoswine|Mamoswine, M|66/100
|-damage|p1a: Mamoswine|53/100|[from] Stealth Rock
|-damage|p1a: Mamoswine|41/100|[from] Spikes
|turn|24
|
|t:|1660587364
|switch|p2a: Skarmory|Skarmory, M|79/100
|-damage|p2a: Skarmory|66/100|[from] Stealth Rock
|move|p1a: Mamoswine|Icicle Crash|p2a: Skarmory
|-damage|p2a: Skarmory|28/100
|-damage|p1a: Mamoswine|31/100|[from] item: Life Orb
|
|upkeep
|turn|25
|
|t:|1660587373
|move|p1a: Mamoswine|Icicle Crash|p2a: Skarmory
|-damage|p2a: Skarmory|0 fnt
|faint|p2a: Skarmory
|-damage|p1a: Mamoswine|21/100|[from] item: Life Orb
|
|upkeep
|
|t:|1660587375
|switch|p2a: Clefable|Clefable, F|100/100
|turn|26
|
|t:|1660587377
|move|p1a: Mamoswine|High Horsepower|p2a: Clefable
|-damage|p2a: Clefable|44/100
|-damage|p1a: Mamoswine|11/100|[from] item: Life Orb
|move|p2a: Clefable|Soft-Boiled|p2a: Clefable
|-heal|p2a: Clefable|94/100
|
|upkeep
|turn|27
|
|t:|1660587381
|move|p1a: Mamoswine|Icicle Crash|p2a: Clefable
|-damage|p2a: Clefable|45/100
|-damage|p1a: Mamoswine|1/100|[from] item: Life Orb
|move|p2a: Clefable|Soft-Boiled|p2a: Clefable
|-heal|p2a: Clefable|95/100
|
|upkeep
|turn|28
|
|t:|1660587386
|move|p1a: Mamoswine|Icicle Crash|p2a: Clefable
|-damage|p2a: Clefable|48/100
|-damage|p1a: Mamoswine|0 fnt|[from] item: Life Orb
|faint|p1a: Mamoswine
|cant|p2a: Clefable|flinch
|
|upkeep
|
|t:|1660587391
|switch|p1a: dababy money|Skarmory, M|61/100
|-damage|p1a: dababy money|49/100|[from] Stealth Rock
|turn|29
|
|t:|1660587398
|move|p1a: dababy money|Taunt|p2a: Clefable
|-start|p2a: Clefable|move: Taunt
|cant|p2a: Clefable|move: Taunt|Soft-Boiled
|
|upkeep
|turn|30
|
|t:|1660587401
|switch|p1a: dababy|Dragapult, F, shiny|100/100
|-damage|p1a: dababy|88/100|[from] Stealth Rock
|-damage|p1a: dababy|76/100|[from] Spikes
|move|p2a: Clefable|Moonblast|p1a: dababy
|-supereffective|p1a: dababy
|-damage|p1a: dababy|0 fnt
|faint|p1a: dababy
|
|upkeep
|
|t:|1660587402
|switch|p1a: dababy money|Skarmory, M|49/100
|-damage|p1a: dababy money|37/100|[from] Stealth Rock
|turn|31
|
|t:|1660587404
|move|p1a: dababy money|Brave Bird|p2a: Clefable
|-damage|p2a: Clefable|15/100
|-damage|p1a: dababy money|21/100|[from] Recoil
|move|p2a: Clefable|Moonblast|p1a: dababy money
|-resisted|p1a: dababy money
|-damage|p1a: dababy money|0 fnt
|faint|p1a: dababy money
|
|win|LT93OQ Friso
|raw|balerion1's rating: 1752 &rarr; <strong>1732</strong><br />(-20 for losing)
|raw|LT93OQ Friso's rating: 1748 &rarr; <strong>1768</strong><br />(+20 for winning)
|l|☆balerion1
