|j|☆LolzMachine
|j|☆gye5
|t:|1610638642
|player|p1|LolzMachine|294|1751
|player|p2|gye5|blue|1774
|teamsize|p1|6
|teamsize|p2|6
|gametype|singles
|gen|8
|tier|[Gen 8] OU
|rated|
|clearpoke
|poke|p1|Aggron, F|
|poke|p1|Araquanid, M|
|poke|p1|Garchomp, M|
|poke|p1|Zapdos-Galar|
|poke|p1|Obstagoon, M|
|poke|p1|Regieleki|
|poke|p2|Clefable, M|
|poke|p2|Melmetal|
|poke|p2|Regieleki|
|poke|p2|Rillaboom, M|
|poke|p2|Slowking-Galar, M|
|poke|p2|Spectrier|
|rule|Sleep Clause Mod: Limit one foe put to sleep
|rule|Species Clause: Limit one of each Pokémon
|rule|OHKO Clause: OHKO moves are banned
|rule|Evasion Moves Clause: Evasion moves are banned
|rule|Endless Battle Clause: Forcing endless battles is banned
|rule|HP Percentage Mod: HP is shown in percentages
|rule|Dynamax Clause: You cannot dynamax
|teampreview
|j| Crushing_Blows
|j| tapu moxo
|j| Oh them feels
|inactive|Battle timer is ON: inactive players will automatically lose when time's up. (requested by gye5)
|
|t:|1610638683
|start
|switch|p1a: Araquanid|Araquanid, M|100/100
|switch|p2a: Clefable|Clefable, M, shiny|100/100
|turn|1
|
|t:|1610638688
|move|p1a: Araquanid|Liquidation|p2a: Clefable
|-damage|p2a: Clefable|27/100
|move|p2a: Clefable|Moonblast|p1a: Araquanid
|-damage|p1a: Araquanid|38/100
|-unboost|p1a: Araquanid|spa|1
|
|upkeep
|turn|2
|
|t:|1610638695
|move|p1a: Araquanid|Sticky Web|p2a: Clefable
|-sidestart|p2: gye5|move: Sticky Web
|move|p2a: Clefable|Moonblast|p1a: Araquanid
|-damage|p1a: Araquanid|0 fnt
|faint|p1a: Araquanid
|
|upkeep
|
|t:|1610638702
|switch|p1a: Garchomp|Garchomp, M|100/100
|turn|3
|
|t:|1610638704
|move|p1a: Garchomp|Earthquake|p2a: Clefable
|-damage|p2a: Clefable|0 fnt
|faint|p2a: Clefable
|
|upkeep
|
|t:|1610638709
|switch|p2a: Rillaboom|Rillaboom, M, shiny|100/100
|-activate|p2a: Rillaboom|move: Sticky Web
|-unboost|p2a: Rillaboom|spe|1
|-fieldstart|move: Grassy Terrain|[from] ability: Grassy Surge|[of] p2a: Rillaboom
|turn|4
|
|t:|1610638715
|move|p2a: Rillaboom|U-turn|p1a: Garchomp
|-damage|p1a: Garchomp|70/100
|-damage|p2a: Rillaboom|88/100|[from] ability: Rough Skin|[of] p1a: Garchomp
|-damage|p2a: Rillaboom|72/100|[from] item: Rocky Helmet|[of] p1a: Garchomp
|
|t:|1610638723
|switch|p2a: Melmetal|Melmetal, shiny|100/100|[from]move: U-turn
|-activate|p2a: Melmetal|move: Sticky Web
|-unboost|p2a: Melmetal|spe|1
|move|p1a: Garchomp|Dragon Tail|p2a: Melmetal
|-resisted|p2a: Melmetal
|-damage|p2a: Melmetal|93/100
|drag|p2a: Slowking|Slowking-Galar, M, shiny|100/100
|-activate|p2a: Slowking|move: Sticky Web
|-unboost|p2a: Slowking|spe|1
|
|-heal|p1a: Garchomp|76/100|[from] Grassy Terrain
|upkeep
|turn|5
|
|t:|1610638734
|switch|p1a: Obstagoon|Obstagoon, M|100/100
|move|p2a: Slowking|Future Sight|p1a: Obstagoon
|-start|p2a: Slowking|move: Future Sight
|
|-status|p1a: Obstagoon|brn|[from] item: Flame Orb
|upkeep
|turn|6
|
|t:|1610638740
|switch|p2a: Spectrier|Spectrier|100/100
|-activate|p2a: Spectrier|move: Sticky Web
|-unboost|p2a: Spectrier|spe|1
|move|p1a: Obstagoon|Knock Off|p2a: Spectrier
|-supereffective|p2a: Spectrier
|-damage|p2a: Spectrier|0 fnt
|-enditem|p2a: Spectrier|Choice Scarf|[from] move: Knock Off|[of] p1a: Obstagoon
|faint|p2a: Spectrier
|
|-damage|p1a: Obstagoon|94/100 brn|[from] brn
|upkeep
|j| Fenneku
|j| El Impe
|
|t:|1610638749
|switch|p2a: Regieleki|Regieleki, shiny|100/100
|-activate|p2a: Regieleki|move: Sticky Web
|-unboost|p2a: Regieleki|spe|1
|turn|7
|
|t:|1610638756
|move|p2a: Regieleki|Thunderbolt|p1a: Obstagoon
|-crit|p1a: Obstagoon
|-damage|p1a: Obstagoon|0 fnt
|faint|p1a: Obstagoon
|
|-hint|Future Sight did not hit because the target is fainted.
|upkeep
|
|t:|1610638761
|switch|p1a: Garchomp|Garchomp, M|76/100
|turn|8
|
|t:|1610638764
|switch|p2a: Melmetal|Melmetal, shiny|93/100
|-activate|p2a: Melmetal|move: Sticky Web
|-unboost|p2a: Melmetal|spe|1
|move|p1a: Garchomp|Dragon Tail|p2a: Melmetal
|-resisted|p2a: Melmetal
|-damage|p2a: Melmetal|86/100
|drag|p2a: Regieleki|Regieleki, shiny|100/100
|-activate|p2a: Regieleki|move: Sticky Web
|-unboost|p2a: Regieleki|spe|1
|
|-heal|p1a: Garchomp|82/100|[from] Grassy Terrain
|-fieldend|move: Grassy Terrain
|upkeep
|turn|9
|
|t:|1610638776
|switch|p2a: Rillaboom|Rillaboom, M, shiny|72/100
|-activate|p2a: Rillaboom|move: Sticky Web
|-unboost|p2a: Rillaboom|spe|1
|-fieldstart|move: Grassy Terrain|[from] ability: Grassy Surge|[of] p2a: Rillaboom
|move|p1a: Garchomp|Stealth Rock|p2a: Rillaboom
|-sidestart|p2: gye5|move: Stealth Rock
|
|-heal|p1a: Garchomp|88/100|[from] Grassy Terrain
|-heal|p2a: Rillaboom|78/100|[from] Grassy Terrain
|upkeep
|turn|10
|j| DanPiet1210
|l| El Impe
|
|t:|1610638788
|switch|p1a: Zapdos|Zapdos-Galar|100/100
|move|p2a: Rillaboom|Grassy Glide|p1a: Zapdos
|-resisted|p1a: Zapdos
|-damage|p1a: Zapdos|55/100
|
|-heal|p1a: Zapdos|62/100|[from] item: Leftovers
|-heal|p2a: Rillaboom|84/100|[from] Grassy Terrain
|upkeep
|turn|11
|
|t:|1610638797
|switch|p2a: Regieleki|Regieleki, shiny|100/100
|-damage|p2a: Regieleki|88/100|[from] Stealth Rock
|-activate|p2a: Regieleki|move: Sticky Web
|-unboost|p2a: Regieleki|spe|1
|move|p1a: Zapdos|Thunderous Kick|p2a: Regieleki
|-damage|p2a: Regieleki|0 fnt
|faint|p2a: Regieleki
|
|-heal|p1a: Zapdos|68/100|[from] item: Leftovers
|upkeep
|-message|gye5 forfeited.
|
|win|LolzMachine
|l|☆gye5
|l| DanPiet1210
|l| Fenneku
||Ladder (probably) updated, but score could not be retrieved (Request timeout).
