|raw|<div class="broadcast-blue"><strong>This battle is required to be public due to a player having a name starting with 'btlt200'.</div>
|j|☆BTLT200 A
|j|☆BTLT200$ mimilimi
|t:|1668102174
|gametype|singles
|player|p1|BTLT200 A|emma|1733
|player|p2|BTLT200$ mimilimi|preschooler|1694
|teamsize|p1|6
|teamsize|p2|6
|gen|8
|tier|[Gen 8] OU
|rated|
|rule|Sleep Clause Mod: Limit one foe put to sleep
|rule|Species Clause: Limit one of each Pokémon
|rule|OHKO Clause: OHKO moves are banned
|rule|Evasion Items Clause: Evasion items are banned
|rule|Evasion Moves Clause: Evasion moves are banned
|rule|Endless Battle Clause: Forcing endless battles is banned
|rule|HP Percentage Mod: HP is shown in percentages
|rule|Dynamax Clause: You cannot dynamax
|clearpoke
|poke|p1|Tapu Koko|
|poke|p1|Buzzwole|
|poke|p1|Corviknight, M|
|poke|p1|Blissey, F|
|poke|p1|Gastrodon-East, F|
|poke|p1|Slowking-Galar, M|
|poke|p2|Volcarona, M|
|poke|p2|Landorus-Therian, M|
|poke|p2|Toxapex, M|
|poke|p2|Hydreigon, F|
|poke|p2|Dragapult, M|
|poke|p2|Corviknight, F|
|teampreview
|inactive|Battle timer is ON: inactive players will automatically lose when time's up. (requested by BTLT200 A)
|c|☆BTLT200$ mimilimi|Oh?
|c|☆BTLT200$ mimilimi|gl
|j| Brim.AI
|c|☆BTLT200 A|Hf
|
|t:|1668102207
|start
|switch|p1a: Holly Life|Blissey, F|100/100
|switch|p2a: Dragapult|Dragapult, M|100/100
|turn|1
|
|t:|1668102215
|switch|p1a: Shinigami Eyes|Corviknight, M|100/100
|-ability|p1a: Shinigami Eyes|Pressure
|move|p2a: Dragapult|U-turn|p1a: Shinigami Eyes
|-resisted|p1a: Shinigami Eyes
|-damage|p1a: Shinigami Eyes|95/100
|-damage|p2a: Dragapult|84/100|[from] item: Rocky Helmet|[of] p1a: Shinigami Eyes
|
|t:|1668102222
|switch|p2a: Volcarona|Volcarona, M|100/100|[from]move: U-turn
|
|upkeep
|turn|2
|
|t:|1668102227
|switch|p2a: Toxapex|Toxapex, M|100/100
|switch|p1a: Holly Life|Blissey, F|100/100
|
|upkeep
|turn|3
|
|t:|1668102230
|move|p1a: Holly Life|Stealth Rock|p2a: Toxapex
|-sidestart|p2: BTLT200$ mimilimi|move: Stealth Rock
|move|p2a: Toxapex|Knock Off|p1a: Holly Life
|-damage|p1a: Holly Life|87/100
|-enditem|p1a: Holly Life|Heavy-Duty Boots|[from] move: Knock Off|[of] p2a: Toxapex
|
|upkeep
|turn|4
|
|t:|1668102240
|move|p1a: Holly Life|Seismic Toss|p2a: Toxapex
|-damage|p2a: Toxapex|68/100
|-damage|p1a: Holly Life|71/100|[from] item: Rocky Helmet|[of] p2a: Toxapex
|move|p2a: Toxapex|Toxic Spikes|p1a: Holly Life
|-sidestart|p1: BTLT200 A|move: Toxic Spikes
|
|upkeep
|turn|5
|j| BTLT200$ Hiko
|
|t:|1668102246
|switch|p2a: Landorus|Landorus-Therian, M|100/100
|-damage|p2a: Landorus|88/100|[from] Stealth Rock
|-ability|p2a: Landorus|Intimidate|boost
|-unboost|p1a: Holly Life|atk|1
|move|p1a: Holly Life|Soft-Boiled|p1a: Holly Life
|-heal|p1a: Holly Life|100/100
|
|-heal|p2a: Landorus|94/100|[from] item: Leftovers
|upkeep
|turn|6
|
|t:|1668102250
|move|p2a: Landorus|Stealth Rock|p1a: Holly Life
|-sidestart|p1: BTLT200 A|move: Stealth Rock
|move|p1a: Holly Life|Toxic|p2a: Landorus|[miss]
|-miss|p1a: Holly Life|p2a: Landorus
|
|-heal|p2a: Landorus|99/100|[from] item: Leftovers
|upkeep
|turn|7
|j| LT_Alt1
|
|t:|1668102261
|switch|p1a: Astral Sing|Slowking-Galar, M, shiny|100/100
|-sideend|p1: BTLT200 A|move: Toxic Spikes|[of] p1a: Astral Sing
|-damage|p1a: Astral Sing|88/100|[from] Stealth Rock
|move|p2a: Landorus|U-turn|p1a: Astral Sing
|-damage|p1a: Astral Sing|70/100
|
|t:|1668102268
|switch|p2a: Hydreigon|Hydreigon, F|100/100|[from]move: U-turn
|-damage|p2a: Hydreigon|88/100|[from] Stealth Rock
|
|-heal|p2a: Hydreigon|94/100|[from] item: Leftovers
|-heal|p1a: Astral Sing|76/100|[from] item: Black Sludge
|upkeep
|turn|8
|
|t:|1668102277
|switch|p2a: Corviknight|Corviknight, F|100/100
|-damage|p2a: Corviknight|88/100|[from] Stealth Rock
|-ability|p2a: Corviknight|Pressure
|move|p1a: Astral Sing|Trick|p2a: Corviknight
|-activate|p1a: Astral Sing|move: Trick|[of] p2a: Corviknight
|-item|p2a: Corviknight|Black Sludge|[from] move: Trick
|-item|p1a: Astral Sing|Rocky Helmet|[from] move: Trick
|
|-damage|p2a: Corviknight|75/100|[from] item: Black Sludge
|upkeep
|turn|9
|
|t:|1668102283
|move|p2a: Corviknight|U-turn|p1a: Astral Sing
|-damage|p1a: Astral Sing|65/100
|-damage|p2a: Corviknight|59/100|[from] item: Rocky Helmet|[of] p1a: Astral Sing
|c|☆BTLT200$ mimilimi|?
|
|t:|1668102287
|switch|p2a: Hydreigon|Hydreigon, F|94/100|[from]move: U-turn
|-damage|p2a: Hydreigon|82/100|[from] Stealth Rock
|move|p1a: Astral Sing|Nasty Plot|p1a: Astral Sing
|-boost|p1a: Astral Sing|spa|2
|
|-heal|p2a: Hydreigon|88/100|[from] item: Leftovers
|upkeep
|turn|10
|
|t:|1668102292
|switch|p1a: Holly Life|Blissey, F|100/100
|-damage|p1a: Holly Life|88/100|[from] Stealth Rock
|move|p2a: Hydreigon|Dark Pulse|p1a: Holly Life
|-damage|p1a: Holly Life|77/100
|
|-heal|p2a: Hydreigon|94/100|[from] item: Leftovers
|upkeep
|turn|11
|
|t:|1668102302
|switch|p2a: Toxapex|Toxapex, M|100/100
|-damage|p2a: Toxapex|88/100|[from] Stealth Rock
|switch|p1a: Astral Sing|Slowking-Galar, M, shiny|98/100
|-damage|p1a: Astral Sing|85/100|[from] Stealth Rock
|
|upkeep
|turn|12
|
|t:|1668102312
|move|p2a: Toxapex|Knock Off|p1a: Astral Sing
|-supereffective|p1a: Astral Sing
|-damage|p1a: Astral Sing|64/100
|-damage|p2a: Toxapex|72/100|[from] item: Rocky Helmet|[of] p1a: Astral Sing
|-enditem|p1a: Astral Sing|Rocky Helmet|[from] move: Knock Off|[of] p2a: Toxapex
|move|p1a: Astral Sing|Nasty Plot|p1a: Astral Sing
|-boost|p1a: Astral Sing|spa|2
|
|upkeep
|turn|13
|
|t:|1668102318
|switch|p2a: Hydreigon|Hydreigon, F|94/100
|-damage|p2a: Hydreigon|82/100|[from] Stealth Rock
|move|p1a: Astral Sing|Sludge Bomb|p2a: Hydreigon
|-damage|p2a: Hydreigon|8/100
|
|-heal|p2a: Hydreigon|14/100|[from] item: Leftovers
|upkeep
|turn|14
|
|t:|1668102326
|switch|p1a: Athena Storm|Tapu Koko|100/100
|-fieldstart|move: Electric Terrain|[from] ability: Electric Surge|[of] p1a: Athena Storm
|move|p2a: Hydreigon|Dark Pulse|p1a: Athena Storm
|-resisted|p1a: Athena Storm
|-damage|p1a: Athena Storm|74/100
|
|-heal|p2a: Hydreigon|21/100|[from] item: Leftovers
|upkeep
|turn|15
|
|t:|1668102341
|switch|p2a: Landorus|Landorus-Therian, M|99/100
|-damage|p2a: Landorus|88/100|[from] Stealth Rock
|-ability|p2a: Landorus|Intimidate|boost
|-unboost|p1a: Athena Storm|atk|1
|move|p1a: Athena Storm|Dazzling Gleam|p2a: Landorus
|-damage|p2a: Landorus|61/100
|
|-heal|p2a: Landorus|67/100|[from] item: Leftovers
|upkeep
|turn|16
|
|t:|1668102349
|switch|p1a: Shinigami Eyes|Corviknight, M|95/100
|-damage|p1a: Shinigami Eyes|83/100|[from] Stealth Rock
|-ability|p1a: Shinigami Eyes|Pressure
|switch|p2a: Toxapex|Toxapex, M|100/100
|-damage|p2a: Toxapex|88/100|[from] Stealth Rock
|
|upkeep
|turn|17
|
|t:|1668102355
|switch|p1a: Astral Sing|Slowking-Galar, M, shiny|97/100
|-damage|p1a: Astral Sing|84/100|[from] Stealth Rock
|move|p2a: Toxapex|Knock Off|p1a: Astral Sing
|-supereffective|p1a: Astral Sing
|-damage|p1a: Astral Sing|69/100
|
|upkeep
|turn|18
|
|t:|1668102361
|switch|p2a: Landorus|Landorus-Therian, M|67/100
|-damage|p2a: Landorus|55/100|[from] Stealth Rock
|-ability|p2a: Landorus|Intimidate|boost
|-unboost|p1a: Astral Sing|atk|1
|move|p1a: Astral Sing|Sludge Bomb|p2a: Landorus
|-resisted|p2a: Landorus
|-damage|p2a: Landorus|41/100
|
|-heal|p2a: Landorus|47/100|[from] item: Leftovers
|-fieldend|move: Electric Terrain
|upkeep
|turn|19
|
|t:|1668102372
|switch|p2a: Volcarona|Volcarona, M|100/100
|switch|p1a: Spear Of Justice|Buzzwole|100/100
|-damage|p1a: Spear Of Justice|88/100|[from] Stealth Rock
|
|upkeep
|turn|20
|
|t:|1668102380
|switch|p2a: Dragapult|Dragapult, M|84/100
|-damage|p2a: Dragapult|72/100|[from] Stealth Rock
|switch|p1a: Holly Life|Blissey, F|77/100
|-damage|p1a: Holly Life|65/100|[from] Stealth Rock
|
|upkeep
|turn|21
|
|t:|1668102383
|move|p2a: Dragapult|Dragon Darts|p1a: Holly Life
|-damage|p1a: Holly Life|33/100
|-anim|p2a: Dragapult|Dragon Darts|p1a: Holly Life
|-damage|p1a: Holly Life|0 fnt
|faint|p1a: Holly Life
|
|upkeep
|
|t:|1668102391
|switch|p1a: Athena Storm|Tapu Koko|74/100
|-fieldstart|move: Electric Terrain|[from] ability: Electric Surge|[of] p1a: Athena Storm
|turn|22
|
|t:|1668102395
|switch|p2a: Volcarona|Volcarona, M|100/100
|move|p1a: Athena Storm|Calm Mind|p1a: Athena Storm
|-boost|p1a: Athena Storm|spa|1
|-boost|p1a: Athena Storm|spd|1
|
|upkeep
|turn|23
|
|t:|1668102399
|move|p1a: Athena Storm|Thunderbolt|p2a: Volcarona
|-damage|p2a: Volcarona|37/100
|move|p2a: Volcarona|Quiver Dance|p2a: Volcarona
|-boost|p2a: Volcarona|spa|1
|-boost|p2a: Volcarona|spd|1
|-boost|p2a: Volcarona|spe|1
|
|upkeep
|turn|24
|
|t:|1668102402
|move|p2a: Volcarona|Roost|p2a: Volcarona
|-heal|p2a: Volcarona|87/100
|-singleturn|p2a: Volcarona|move: Roost
|move|p1a: Athena Storm|Thunderbolt|p2a: Volcarona
|-damage|p2a: Volcarona|40/100
|
|upkeep
|turn|25
|
|t:|1668102404
|move|p2a: Volcarona|Quiver Dance|p2a: Volcarona
|-boost|p2a: Volcarona|spa|1
|-boost|p2a: Volcarona|spd|1
|-boost|p2a: Volcarona|spe|1
|move|p1a: Athena Storm|Thunderbolt|p2a: Volcarona
|-damage|p2a: Volcarona|8/100
|
|upkeep
|turn|26
|
|t:|1668102407
|switch|p1a: Lose Yourself|Gastrodon-East, F, shiny|100/100
|-damage|p1a: Lose Yourself|94/100|[from] Stealth Rock
|move|p2a: Volcarona|Roost|p2a: Volcarona
|-heal|p2a: Volcarona|58/100
|-singleturn|p2a: Volcarona|move: Roost
|
|-heal|p1a: Lose Yourself|100/100|[from] item: Leftovers
|-fieldend|move: Electric Terrain
|upkeep
|turn|27
|
|t:|1668102414
|switch|p2a: Corviknight|Corviknight, F|59/100
|-damage|p2a: Corviknight|46/100|[from] Stealth Rock
|-ability|p2a: Corviknight|Pressure
|move|p1a: Lose Yourself|Clear Smog|p2a: Corviknight
|-immune|p2a: Corviknight
|
|-damage|p2a: Corviknight|34/100|[from] item: Black Sludge
|upkeep
|turn|28
|
|t:|1668102416
|move|p2a: Corviknight|Defog|p1a: Lose Yourself
|-unboost|p1a: Lose Yourself|evasion|1
|-sideend|p1: BTLT200 A|Stealth Rock|[from] move: Defog|[of] p2a: Corviknight
|-sideend|p2: BTLT200$ mimilimi|Stealth Rock|[from] move: Defog|[of] p2a: Corviknight
|move|p1a: Lose Yourself|Scald|p2a: Corviknight
|-damage|p2a: Corviknight|11/100
|-status|p2a: Corviknight|brn
|
|-damage|p2a: Corviknight|0 fnt|[from] item: Black Sludge
|faint|p2a: Corviknight
|upkeep
|
|t:|1668102420
|switch|p2a: Hydreigon|Hydreigon, F|21/100
|turn|29
|
|t:|1668102439
|switch|p1a: Shinigami Eyes|Corviknight, M|83/100
|-ability|p1a: Shinigami Eyes|Pressure
|move|p2a: Hydreigon|Roost|p2a: Hydreigon
|-heal|p2a: Hydreigon|71/100
|-singleturn|p2a: Hydreigon|move: Roost
|
|-heal|p2a: Hydreigon|77/100|[from] item: Leftovers
|upkeep
|turn|30
|
|t:|1668102446
|switch|p2a: Volcarona|Volcarona, M|58/100
|move|p1a: Shinigami Eyes|U-turn|p2a: Volcarona
|-resisted|p2a: Volcarona
|-damage|p2a: Volcarona|51/100
|
|t:|1668102451
|switch|p1a: Astral Sing|Slowking-Galar, M, shiny|100/100|[from]move: U-turn
|
|upkeep
|turn|31
|
|t:|1668102462
|move|p2a: Volcarona|Quiver Dance|p2a: Volcarona
|-boost|p2a: Volcarona|spa|1
|-boost|p2a: Volcarona|spd|1
|-boost|p2a: Volcarona|spe|1
|move|p1a: Astral Sing|Sludge Bomb|p2a: Volcarona
|-damage|p2a: Volcarona|29/100
|-status|p2a: Volcarona|psn
|
|-damage|p2a: Volcarona|17/100 psn|[from] psn
|upkeep
|turn|32
|c|☆BTLT200$ mimilimi|Pfff
|
|t:|1668102471
|switch|p1a: Lose Yourself|Gastrodon-East, F, shiny|100/100
|move|p2a: Volcarona|Roost|p2a: Volcarona
|-heal|p2a: Volcarona|67/100 psn
|-singleturn|p2a: Volcarona|move: Roost
|
|-damage|p2a: Volcarona|55/100 psn|[from] psn
|upkeep
|turn|33
|
|t:|1668102480
|move|p2a: Volcarona|Roost|p2a: Volcarona
|-heal|p2a: Volcarona|100/100 psn
|-singleturn|p2a: Volcarona|move: Roost
|move|p1a: Lose Yourself|Scald|p2a: Volcarona
|-supereffective|p2a: Volcarona
|-damage|p2a: Volcarona|72/100 psn
|
|-damage|p2a: Volcarona|59/100 psn|[from] psn
|upkeep
|turn|34
|
|t:|1668102486
|switch|p2a: Toxapex|Toxapex, M|100/100
|move|p1a: Lose Yourself|Clear Smog|p2a: Toxapex
|-resisted|p2a: Toxapex
|-damage|p2a: Toxapex|96/100
|-clearboost|p2a: Toxapex
|
|upkeep
|turn|35
|
|t:|1668102491
|switch|p1a: Astral Sing|Slowking-Galar, M, shiny|100/100
|switch|p2a: Hydreigon|Hydreigon, F|77/100
|
|-heal|p2a: Hydreigon|83/100|[from] item: Leftovers
|upkeep
|turn|36
|
|t:|1668102496
|move|p2a: Hydreigon|Nasty Plot|p2a: Hydreigon
|-boost|p2a: Hydreigon|spa|2
|move|p1a: Astral Sing|Trick|p2a: Hydreigon
|-activate|p1a: Astral Sing|move: Trick|[of] p2a: Hydreigon
|-enditem|p2a: Hydreigon|Leftovers|[silent]|[from] move: Trick
|-item|p1a: Astral Sing|Leftovers|[from] move: Trick
|
|upkeep
|turn|37
|
|t:|1668102503
|switch|p1a: Athena Storm|Tapu Koko|74/100
|-fieldstart|move: Electric Terrain|[from] ability: Electric Surge|[of] p1a: Athena Storm
|move|p2a: Hydreigon|Earth Power|p1a: Athena Storm
|-supereffective|p1a: Athena Storm
|-damage|p1a: Athena Storm|0 fnt
|faint|p1a: Athena Storm
|
|upkeep
|c|☆BTLT200$ mimilimi|Pk
|c|☆BTLT200$ mimilimi|ok*
|
|t:|1668102518
|switch|p1a: Spear Of Justice|Buzzwole|88/100
|turn|38
|
|t:|1668102529
|switch|p2a: Toxapex|Toxapex, M|100/100
|move|p1a: Spear Of Justice|Leech Life|p2a: Toxapex
|-resisted|p2a: Toxapex
|-damage|p2a: Toxapex|87/100
|-heal|p1a: Spear Of Justice|93/100|[from] drain|[of] p2a: Toxapex
|-damage|p1a: Spear Of Justice|77/100|[from] item: Rocky Helmet|[of] p2a: Toxapex
|
|upkeep
|turn|39
|
|t:|1668102548
|switch|p1a: Astral Sing|Slowking-Galar, M, shiny|100/100
|move|p2a: Toxapex|Toxic Spikes|p1a: Astral Sing
|-sidestart|p1: BTLT200 A|move: Toxic Spikes
|
|upkeep
|turn|40
|
|t:|1668102560
|switch|p2a: Dragapult|Dragapult, M|72/100
|move|p1a: Astral Sing|Nasty Plot|p1a: Astral Sing
|-boost|p1a: Astral Sing|spa|2
|
|upkeep
|turn|41
|
|t:|1668102578
|move|p2a: Dragapult|Phantom Force||[still]
|-prepare|p2a: Dragapult|Phantom Force
|move|p1a: Astral Sing|Psychic|p2a: Dragapult|[miss]
|-miss|p1a: Astral Sing|p2a: Dragapult
|
|-fieldend|move: Electric Terrain
|upkeep
|turn|42
|
|t:|1668102581
|move|p2a: Dragapult|Phantom Force|p1a: Astral Sing|[from]lockedmove
|-supereffective|p1a: Astral Sing
|-damage|p1a: Astral Sing|2/100
|move|p1a: Astral Sing|Psychic|p2a: Dragapult
|-damage|p2a: Dragapult|0 fnt
|faint|p2a: Dragapult
|
|-heal|p1a: Astral Sing|8/100|[from] item: Leftovers
|upkeep
|
|t:|1668102585
|switch|p2a: Hydreigon|Hydreigon, F|83/100
|turn|43
|c|☆BTLT200$ mimilimi|Whoa
|
|t:|1668102602
|switch|p1a: Shinigami Eyes|Corviknight, M|83/100
|-ability|p1a: Shinigami Eyes|Pressure
|move|p2a: Hydreigon|Dark Pulse|p1a: Shinigami Eyes
|-damage|p1a: Shinigami Eyes|51/100
|
|upkeep
|turn|44
|
|t:|1668102625
|move|p2a: Hydreigon|Nasty Plot|p2a: Hydreigon
|-boost|p2a: Hydreigon|spa|2
|move|p1a: Shinigami Eyes|U-turn|p2a: Hydreigon
|-supereffective|p2a: Hydreigon
|-crit|p2a: Hydreigon
|-damage|p2a: Hydreigon|42/100
|
|t:|1668102632
|switch|p1a: Spear Of Justice|Buzzwole|77/100|[from]move: U-turn
|-status|p1a: Spear Of Justice|psn
|
|-damage|p1a: Spear Of Justice|64/100 psn|[from] psn
|upkeep
|turn|45
|
|t:|1668102637
|switch|p2a: Toxapex|Toxapex, M|100/100
|switch|p1a: Astral Sing|Slowking-Galar, M, shiny|42/100
|-sideend|p1: BTLT200 A|move: Toxic Spikes|[of] p1a: Astral Sing
|
|-heal|p1a: Astral Sing|48/100|[from] item: Leftovers
|upkeep
|turn|46
|
|t:|1668102646
|switch|p2a: Landorus|Landorus-Therian, M|47/100
|-ability|p2a: Landorus|Intimidate|boost
|-unboost|p1a: Astral Sing|atk|1
|move|p1a: Astral Sing|Sludge Bomb|p2a: Landorus
|-resisted|p2a: Landorus
|-damage|p2a: Landorus|35/100
|
|-heal|p2a: Landorus|41/100|[from] item: Leftovers
|-heal|p1a: Astral Sing|54/100|[from] item: Leftovers
|upkeep
|turn|47
|
|t:|1668102656
|switch|p1a: Shinigami Eyes|Corviknight, M|51/100
|-ability|p1a: Shinigami Eyes|Pressure
|move|p2a: Landorus|Stealth Rock|p1a: Shinigami Eyes
|-sidestart|p1: BTLT200 A|move: Stealth Rock
|
|-heal|p2a: Landorus|47/100|[from] item: Leftovers
|upkeep
|turn|48
|inactive|BTLT200 A has 120 seconds left.
|
|t:|1668102697
|move|p2a: Landorus|Earthquake|p1a: Shinigami Eyes
|-immune|p1a: Shinigami Eyes
|move|p1a: Shinigami Eyes|Defog|p2a: Landorus
|-unboost|p2a: Landorus|evasion|1
|-sideend|p1: BTLT200 A|Stealth Rock|[from] move: Defog|[of] p1a: Shinigami Eyes
|
|-heal|p2a: Landorus|53/100|[from] item: Leftovers
|upkeep
|turn|49
|
|t:|1668102703
|move|p2a: Landorus|Stealth Rock|p1a: Shinigami Eyes
|-sidestart|p1: BTLT200 A|move: Stealth Rock
|move|p1a: Shinigami Eyes|Roost|p1a: Shinigami Eyes
|-heal|p1a: Shinigami Eyes|100/100
|-singleturn|p1a: Shinigami Eyes|move: Roost
|
|-heal|p2a: Landorus|59/100|[from] item: Leftovers
|upkeep
|turn|50
|
|t:|1668102710
|move|p2a: Landorus|Toxic|p1a: Shinigami Eyes
|-immune|p1a: Shinigami Eyes
|move|p1a: Shinigami Eyes|Brave Bird|p2a: Landorus
|-damage|p2a: Landorus|20/100
|-damage|p1a: Shinigami Eyes|88/100|[from] Recoil
|
|-heal|p2a: Landorus|26/100|[from] item: Leftovers
|upkeep
|turn|51
|
|t:|1668102717
|switch|p2a: Volcarona|Volcarona, M|59/100 psn
|move|p1a: Shinigami Eyes|Defog|p2a: Volcarona
|-unboost|p2a: Volcarona|evasion|1
|-sideend|p1: BTLT200 A|Stealth Rock|[from] move: Defog|[of] p1a: Shinigami Eyes
|
|-damage|p2a: Volcarona|47/100 psn|[from] psn
|upkeep
|turn|52
|
|t:|1668102730
|switch|p2a: Landorus|Landorus-Therian, M|26/100
|-ability|p2a: Landorus|Intimidate|boost
|-unboost|p1a: Shinigami Eyes|atk|1
|switch|p1a: Astral Sing|Slowking-Galar, M, shiny|87/100
|
|-heal|p2a: Landorus|32/100|[from] item: Leftovers
|-heal|p1a: Astral Sing|93/100|[from] item: Leftovers
|upkeep
|turn|53
|
|t:|1668102737
|switch|p1a: Shinigami Eyes|Corviknight, M|88/100
|-ability|p1a: Shinigami Eyes|Pressure
|move|p2a: Landorus|Stealth Rock|p1a: Shinigami Eyes
|-sidestart|p1: BTLT200 A|move: Stealth Rock
|
|-heal|p2a: Landorus|38/100|[from] item: Leftovers
|upkeep
|turn|54
|
|t:|1668102740
|switch|p2a: Hydreigon|Hydreigon, F|42/100
|move|p1a: Shinigami Eyes|Defog|p2a: Hydreigon
|-unboost|p2a: Hydreigon|evasion|1
|-sideend|p1: BTLT200 A|Stealth Rock|[from] move: Defog|[of] p1a: Shinigami Eyes
|
|upkeep
|turn|55
|
|t:|1668102742
|move|p2a: Hydreigon|Roost|p2a: Hydreigon
|-heal|p2a: Hydreigon|92/100
|-singleturn|p2a: Hydreigon|move: Roost
|move|p1a: Shinigami Eyes|U-turn|p2a: Hydreigon
|-supereffective|p2a: Hydreigon
|-damage|p2a: Hydreigon|65/100
|
|t:|1668102753
|switch|p1a: Astral Sing|Slowking-Galar, M, shiny|100/100|[from]move: U-turn
|
|upkeep
|turn|56
|
|t:|1668102758
|move|p2a: Hydreigon|Dark Pulse|p1a: Astral Sing
|-supereffective|p1a: Astral Sing
|-damage|p1a: Astral Sing|44/100
|move|p1a: Astral Sing|Sludge Bomb|p2a: Hydreigon
|-damage|p2a: Hydreigon|30/100
|
|-heal|p1a: Astral Sing|50/100|[from] item: Leftovers
|upkeep
|turn|57
|
|t:|1668102769
|switch|p1a: Shinigami Eyes|Corviknight, M|88/100
|-ability|p1a: Shinigami Eyes|Pressure
|move|p2a: Hydreigon|Roost|p2a: Hydreigon
|-heal|p2a: Hydreigon|80/100
|-singleturn|p2a: Hydreigon|move: Roost
|
|upkeep
|turn|58
|
|t:|1668102772
|move|p2a: Hydreigon|Dark Pulse|p1a: Shinigami Eyes
|-damage|p1a: Shinigami Eyes|56/100
|move|p1a: Shinigami Eyes|U-turn|p2a: Hydreigon
|-supereffective|p2a: Hydreigon
|-damage|p2a: Hydreigon|52/100
|
|t:|1668102777
|switch|p1a: Spear Of Justice|Buzzwole|64/100 psn|[from]move: U-turn
|
|-damage|p1a: Spear Of Justice|52/100 psn|[from] psn
|upkeep
|turn|59
|
|t:|1668102784
|switch|p2a: Landorus|Landorus-Therian, M|38/100
|-ability|p2a: Landorus|Intimidate|boost
|-unboost|p1a: Spear Of Justice|atk|1
|switch|p1a: Astral Sing|Slowking-Galar, M, shiny|83/100
|
|-heal|p2a: Landorus|44/100|[from] item: Leftovers
|-heal|p1a: Astral Sing|90/100|[from] item: Leftovers
|upkeep
|turn|60
|
|t:|1668102791
|move|p2a: Landorus|Stealth Rock|p1a: Astral Sing
|-sidestart|p1: BTLT200 A|move: Stealth Rock
|move|p1a: Astral Sing|Sludge Bomb|p2a: Landorus
|-resisted|p2a: Landorus
|-damage|p2a: Landorus|31/100
|-status|p2a: Landorus|psn
|
|-heal|p2a: Landorus|37/100 psn|[from] item: Leftovers
|-heal|p1a: Astral Sing|96/100|[from] item: Leftovers
|-damage|p2a: Landorus|25/100 psn|[from] psn
|upkeep
|turn|61
|
|t:|1668102798
|move|p2a: Landorus|U-turn|p1a: Astral Sing
|-damage|p1a: Astral Sing|79/100
|
|t:|1668102803
|switch|p2a: Toxapex|Toxapex, M|100/100|[from]move: U-turn
|move|p1a: Astral Sing|Sludge Bomb|p2a: Toxapex
|-resisted|p2a: Toxapex
|-damage|p2a: Toxapex|86/100
|
|-heal|p1a: Astral Sing|85/100|[from] item: Leftovers
|upkeep
|turn|62
|
|t:|1668102807
|move|p2a: Toxapex|Knock Off|p1a: Astral Sing
|-supereffective|p1a: Astral Sing
|-damage|p1a: Astral Sing|65/100
|-enditem|p1a: Astral Sing|Leftovers|[from] move: Knock Off|[of] p2a: Toxapex
|move|p1a: Astral Sing|Psychic|p2a: Toxapex
|-supereffective|p2a: Toxapex
|-damage|p2a: Toxapex|25/100
|
|upkeep
|turn|63
|
|t:|1668102814
|switch|p2a: Landorus|Landorus-Therian, M|25/100 psn
|-ability|p2a: Landorus|Intimidate|boost
|-unboost|p1a: Astral Sing|atk|1
|move|p1a: Astral Sing|Sludge Bomb|p2a: Landorus
|-resisted|p2a: Landorus
|-damage|p2a: Landorus|13/100 psn
|
|-heal|p2a: Landorus|19/100 psn|[from] item: Leftovers
|-damage|p2a: Landorus|6/100 psn|[from] psn
|upkeep
|turn|64
|
|t:|1668102824
|switch|p1a: Lose Yourself|Gastrodon-East, F, shiny|100/100
|-damage|p1a: Lose Yourself|94/100|[from] Stealth Rock
|move|p2a: Landorus|Earthquake|p1a: Lose Yourself
|-damage|p1a: Lose Yourself|50/100
|
|-heal|p2a: Landorus|12/100 psn|[from] item: Leftovers
|-heal|p1a: Lose Yourself|56/100|[from] item: Leftovers
|-damage|p2a: Landorus|0 fnt|[from] psn
|faint|p2a: Landorus
|upkeep
|
|t:|1668102826
|switch|p2a: Hydreigon|Hydreigon, F|52/100
|turn|65
|
|t:|1668102832
|move|p2a: Hydreigon|Nasty Plot|p2a: Hydreigon
|-boost|p2a: Hydreigon|spa|2
|move|p1a: Lose Yourself|Clear Smog|p2a: Hydreigon
|-damage|p2a: Hydreigon|41/100
|-clearboost|p2a: Hydreigon
|
|-heal|p1a: Lose Yourself|62/100|[from] item: Leftovers
|upkeep
|turn|66
|
|t:|1668102835
|move|p2a: Hydreigon|Roost|p2a: Hydreigon
|-heal|p2a: Hydreigon|91/100
|-singleturn|p2a: Hydreigon|move: Roost
|move|p1a: Lose Yourself|Clear Smog|p2a: Hydreigon
|-damage|p2a: Hydreigon|80/100
|-clearboost|p2a: Hydreigon
|
|-heal|p1a: Lose Yourself|68/100|[from] item: Leftovers
|upkeep
|turn|67
|
|t:|1668102839
|move|p2a: Hydreigon|Nasty Plot|p2a: Hydreigon
|-boost|p2a: Hydreigon|spa|2
|move|p1a: Lose Yourself|Scald|p2a: Hydreigon
|-resisted|p2a: Hydreigon
|-damage|p2a: Hydreigon|66/100
|-status|p2a: Hydreigon|brn
|
|-heal|p1a: Lose Yourself|74/100|[from] item: Leftovers
|-damage|p2a: Hydreigon|60/100 brn|[from] brn
|upkeep
|turn|68
|
|t:|1668102844
|move|p2a: Hydreigon|Dark Pulse|p1a: Lose Yourself
|-damage|p1a: Lose Yourself|25/100
|move|p1a: Lose Yourself|Clear Smog|p2a: Hydreigon
|-damage|p2a: Hydreigon|50/100 brn
|-clearboost|p2a: Hydreigon
|
|-heal|p1a: Lose Yourself|31/100|[from] item: Leftovers
|-damage|p2a: Hydreigon|44/100 brn|[from] brn
|upkeep
|turn|69
|j| westcottike
|
|t:|1668102851
|move|p2a: Hydreigon|Dark Pulse|p1a: Lose Yourself
|-damage|p1a: Lose Yourself|8/100
|move|p1a: Lose Yourself|Recover|p1a: Lose Yourself
|-heal|p1a: Lose Yourself|58/100
|
|-heal|p1a: Lose Yourself|64/100|[from] item: Leftovers
|-damage|p2a: Hydreigon|38/100 brn|[from] brn
|upkeep
|turn|70
|
|t:|1668102863
|move|p2a: Hydreigon|Roost|p2a: Hydreigon
|-heal|p2a: Hydreigon|88/100 brn
|-singleturn|p2a: Hydreigon|move: Roost
|move|p1a: Lose Yourself|Clear Smog|p2a: Hydreigon
|-damage|p2a: Hydreigon|78/100 brn
|-clearboost|p2a: Hydreigon
|
|-heal|p1a: Lose Yourself|70/100|[from] item: Leftovers
|-damage|p2a: Hydreigon|72/100 brn|[from] brn
|upkeep
|turn|71
|
|t:|1668102868
|move|p2a: Hydreigon|Nasty Plot|p2a: Hydreigon
|-boost|p2a: Hydreigon|spa|2
|move|p1a: Lose Yourself|Clear Smog|p2a: Hydreigon
|-damage|p2a: Hydreigon|61/100 brn
|-clearboost|p2a: Hydreigon
|
|-heal|p1a: Lose Yourself|76/100|[from] item: Leftovers
|-damage|p2a: Hydreigon|54/100 brn|[from] brn
|upkeep
|turn|72
|
|t:|1668102878
|switch|p2a: Toxapex|Toxapex, M|58/100
|move|p1a: Lose Yourself|Clear Smog|p2a: Toxapex
|-resisted|p2a: Toxapex
|-damage|p2a: Toxapex|54/100
|-clearboost|p2a: Toxapex
|
|-heal|p1a: Lose Yourself|82/100|[from] item: Leftovers
|upkeep
|turn|73
|
|t:|1668102883
|switch|p1a: Shinigami Eyes|Corviknight, M|56/100
|-damage|p1a: Shinigami Eyes|43/100|[from] Stealth Rock
|-ability|p1a: Shinigami Eyes|Pressure
|switch|p2a: Hydreigon|Hydreigon, F|54/100 brn
|
|-damage|p2a: Hydreigon|48/100 brn|[from] brn
|upkeep
|turn|74
|j| BABORAFAC
|
|t:|1668102893
|move|p2a: Hydreigon|Nasty Plot|p2a: Hydreigon
|-boost|p2a: Hydreigon|spa|2
|move|p1a: Shinigami Eyes|Defog|p2a: Hydreigon
|-unboost|p2a: Hydreigon|evasion|1
|-sideend|p1: BTLT200 A|Stealth Rock|[from] move: Defog|[of] p1a: Shinigami Eyes
|
|-damage|p2a: Hydreigon|42/100 brn|[from] brn
|upkeep
|turn|75
|
|t:|1668102905
|move|p2a: Hydreigon|Dark Pulse|p1a: Shinigami Eyes
|-damage|p1a: Shinigami Eyes|0 fnt
|faint|p1a: Shinigami Eyes
|
|-damage|p2a: Hydreigon|36/100 brn|[from] brn
|upkeep
|
|t:|1668102907
|switch|p1a: Spear Of Justice|Buzzwole|52/100 psn
|turn|76
|
|t:|1668102913
|switch|p2a: Toxapex|Toxapex, M|87/100
|switch|p1a: Astral Sing|Slowking-Galar, M, shiny|98/100
|
|upkeep
|turn|77
|
|t:|1668102920
|move|p2a: Toxapex|Toxic Spikes|p1a: Astral Sing
|-sidestart|p1: BTLT200 A|move: Toxic Spikes
|move|p1a: Astral Sing|Nasty Plot|p1a: Astral Sing
|-boost|p1a: Astral Sing|spa|2
|
|upkeep
|turn|78
|
|t:|1668102926
|move|p2a: Toxapex|Haze|p2a: Toxapex
|-clearallboost
|move|p1a: Astral Sing|Psychic|p2a: Toxapex
|-supereffective|p2a: Toxapex
|-damage|p2a: Toxapex|24/100
|
|upkeep
|turn|79
|
|t:|1668102938
|switch|p2a: Volcarona|Volcarona, M|47/100 psn
|move|p1a: Astral Sing|Nasty Plot|p1a: Astral Sing
|-boost|p1a: Astral Sing|spa|2
|
|-damage|p2a: Volcarona|35/100 psn|[from] psn
|upkeep
|turn|80
|
|t:|1668102947
|move|p2a: Volcarona|Flamethrower|p1a: Astral Sing
|-damage|p1a: Astral Sing|68/100
|move|p1a: Astral Sing|Psychic|p2a: Volcarona
|-damage|p2a: Volcarona|0 fnt
|faint|p2a: Volcarona
|
|upkeep
|
|t:|1668102951
|switch|p2a: Hydreigon|Hydreigon, F|36/100 brn
|turn|81
|c|☆BTLT200$ mimilimi|Haxx rn
|inactive|BTLT200 A has 120 seconds left.
|inactive|BTLT200 A has 90 seconds left.
|
|t:|1668103037
|move|p2a: Hydreigon|Dark Pulse|p1a: Astral Sing
|-supereffective|p1a: Astral Sing
|-damage|p1a: Astral Sing|18/100
|cant|p1a: Astral Sing|flinch
|
|-damage|p2a: Hydreigon|30/100 brn|[from] brn
|upkeep
|turn|82
|inactive|BTLT200 A has 60 seconds left.
|c|☆BTLT200$ mimilimi|Broken mon
|
|t:|1668103056
|switch|p1a: Lose Yourself|Gastrodon-East, F, shiny|82/100
|-status|p1a: Lose Yourself|psn
|move|p2a: Hydreigon|Dark Pulse|p1a: Lose Yourself
|-damage|p1a: Lose Yourself|59/100 psn
|
|-heal|p1a: Lose Yourself|66/100 psn|[from] item: Leftovers
|-damage|p1a: Lose Yourself|53/100 psn|[from] psn
|-damage|p2a: Hydreigon|23/100 brn|[from] brn
|upkeep
|turn|83
|
|t:|1668103059
|switch|p1a: Spear Of Justice|Buzzwole|52/100 psn
|move|p2a: Hydreigon|Roost|p2a: Hydreigon
|-heal|p2a: Hydreigon|73/100 brn
|-singleturn|p2a: Hydreigon|move: Roost
|
|-damage|p1a: Spear Of Justice|39/100 psn|[from] psn
|-damage|p2a: Hydreigon|67/100 brn|[from] brn
|upkeep
|turn|84
|
|t:|1668103066
|switch|p2a: Toxapex|Toxapex, M|57/100
|switch|p1a: Astral Sing|Slowking-Galar, M, shiny|51/100
|-sideend|p1: BTLT200 A|move: Toxic Spikes|[of] p1a: Astral Sing
|
|upkeep
|turn|85
|
|t:|1668103079
|switch|p2a: Hydreigon|Hydreigon, F|67/100 brn
|switch|p1a: Spear Of Justice|Buzzwole|39/100 psn
|
|-damage|p1a: Spear Of Justice|27/100 psn|[from] psn
|-damage|p2a: Hydreigon|61/100 brn|[from] brn
|upkeep
|turn|86
|
|t:|1668103086
|switch|p2a: Toxapex|Toxapex, M|90/100
|switch|p1a: Astral Sing|Slowking-Galar, M, shiny|84/100
|
|upkeep
|turn|87
|
|t:|1668103091
|switch|p2a: Hydreigon|Hydreigon, F|61/100 brn
|move|p1a: Astral Sing|Nasty Plot|p1a: Astral Sing
|-boost|p1a: Astral Sing|spa|2
|
|-damage|p2a: Hydreigon|55/100 brn|[from] brn
|upkeep
|turn|88
|
|t:|1668103094
|move|p2a: Hydreigon|Dark Pulse|p1a: Astral Sing
|-supereffective|p1a: Astral Sing
|-crit|p1a: Astral Sing
|-damage|p1a: Astral Sing|4/100
|move|p1a: Astral Sing|Sludge Bomb|p2a: Hydreigon
|-damage|p2a: Hydreigon|0 fnt
|faint|p2a: Hydreigon
|
|upkeep
|j| Ran Kob
|
|t:|1668103099
|switch|p2a: Toxapex|Toxapex, M|100/100
|turn|89
|-message|BTLT200$ mimilimi forfeited.
|
|win|BTLT200 A
|raw|BTLT200 A's rating: 1733 &rarr; <strong>1751</strong><br />(+18 for winning)
|raw|BTLT200$ mimilimi's rating: 1694 &rarr; <strong>1676</strong><br />(-18 for losing)
|l|☆BTLT200$ mimilimi
|c|☆BTLT200 A|HAHHAHA
|l| Brim.AI
|c|☆BTLT200 A|IM NOT SCARF
|l| Ran Kob
|c|☆BTLT200 A|ULTRA BAIT
|c| LT_Alt1|he didn't think u were scarf
|c|☆BTLT200 A|!showset  2.
|c| BTLT200 A|/raw <div class="infobox">Spear Of Justice (Buzzwole) @ Rocky Helmet  <br />Ability: Beast Boost  <br />EVs: 152 HP &#x2f; 168 Atk &#x2f; 188 Spe  <br />Adamant Nature  <br />- Close Combat  <br />- Ice Punch  <br />- Roost  <br />- Leech Life  <br /><br /></div>
|c| LT_Alt1|he saw that he switched out before u did like 50 times
||Ladder isn't responding, score probably updated but might not have (Request timeout).
|c| LT_Alt1|he didn't think u were scarf he just didn't think he'd kill
|c| LT_Alt1|shoulda grown a pair and nasty plotted on your double
|c|☆BTLT200 A|252 SpA Hydreigon Dark Pulse vs. 152 HP / 0 SpD Buzzwole: 105-125 (26.7 - 31.8%) -- 1.1% chance to 3HKO
|c|☆BTLT200 A|:skull:
