|j|☆Oryen
|j|☆LT91BB TOMATO
|inactive|Battle timer is ON: inactive players will automatically lose when time's up.
|t:|1659094547
|gametype|singles
|player|p1|Oryen|266|
|player|p2|LT91BB TOMATO|hilbert|
|teamsize|p1|6
|teamsize|p2|6
|gen|8
|tier|[Gen 8] OU
|rated|Tournament battle
|rule|Sleep Clause Mod: Limit one foe put to sleep
|rule|Species Clause: Limit one of each Pokémon
|rule|OHKO Clause: OHKO moves are banned
|rule|Evasion Moves Clause: Evasion moves are banned
|rule|Endless Battle Clause: Forcing endless battles is banned
|rule|HP Percentage Mod: HP is shown in percentages
|rule|Dynamax Clause: You cannot dynamax
|clearpoke
|poke|p1|Urshifu-*, F|
|poke|p1|Tyranitar, F|
|poke|p1|Excadrill, F|
|poke|p1|Zapdos|
|poke|p1|Ferrothorn, M|
|poke|p1|Tapu Lele|
|poke|p2|Weavile, F|
|poke|p2|Landorus-Therian, M|
|poke|p2|Buzzwole|
|poke|p2|Dragapult, M|
|poke|p2|Tyranitar, M|
|poke|p2|Ferrothorn, F|
|teampreview
|j|*Lady Monita ☀
|inactive|LT91BB TOMATO also wants the timer to be on.
|j| MooThePenguin
|
|t:|1659094563
|start
|switch|p1a: Tapu Lele|Tapu Lele, shiny|100/100
|switch|p2a: Landorus|Landorus-Therian, M|100/100
|-fieldstart|move: Psychic Terrain|[from] ability: Psychic Surge|[of] p1a: Tapu Lele
|-ability|p2a: Landorus|Intimidate|boost
|-unboost|p1a: Tapu Lele|atk|1
|turn|1
|j| Thenoobwholose
|j| ButterLol
|j| Viryziola
|j| deskeedee(alt)
|j| ikillag
|
|t:|1659094582
|switch|p1a: Urshifu|Urshifu-Rapid-Strike, F|100/100
|switch|p2a: Ferrothorn|Ferrothorn, F|100/100
|
|upkeep
|turn|2
|j| greenandgrey77
|c| ButterLol|so i know that im wrong on tomato
|
|t:|1659094592
|move|p1a: Urshifu|Close Combat|p2a: Ferrothorn
|-supereffective|p2a: Ferrothorn
|-damage|p2a: Ferrothorn|8/100
|-unboost|p1a: Urshifu|def|1
|-unboost|p1a: Urshifu|spd|1
|-activate|p2a: Ferrothorn|ability: Iron Barbs
|-activate|p1a: Urshifu|item: Protective Pads
|move|p2a: Ferrothorn|Leech Seed|p1a: Urshifu
|-start|p1a: Urshifu|move: Leech Seed
|
|-heal|p2a: Ferrothorn|14/100|[from] item: Leftovers
|-damage|p1a: Urshifu|88/100|[from] Leech Seed|[of] p2a: Ferrothorn
|-heal|p2a: Ferrothorn|26/100|[silent]
|upkeep
|turn|3
|j| natsuzamaki
|l| Thenoobwholose
|
|t:|1659094607
|switch|p2a: Dragapult|Dragapult, M|100/100
|move|p1a: Urshifu|U-turn|p2a: Dragapult
|-resisted|p2a: Dragapult
|-damage|p2a: Dragapult|83/100
|
|t:|1659094610
|switch|p1a: Tapu Lele|Tapu Lele, shiny|100/100|[from]move: U-turn
|
|upkeep
|turn|4
|c| ButterLol|lets see if my cloak guess on oryen is correct >:3
|
|t:|1659094615
|move|p1a: Tapu Lele|Moonblast|p2a: Dragapult
|-supereffective|p2a: Dragapult
|-damage|p2a: Dragapult|0 fnt
|faint|p2a: Dragapult
|
|upkeep
|j| Thenoobwholose
|
|t:|1659094620
|switch|p2a: Landorus|Landorus-Therian, M|100/100
|-ability|p2a: Landorus|Intimidate|boost
|-unboost|p1a: Tapu Lele|atk|1
|turn|5
|
|t:|1659094623
|switch|p1a: Zapdos|Zapdos|100/100
|move|p2a: Landorus|Knock Off|p1a: Zapdos
|-damage|p1a: Zapdos|61/100
|-status|p2a: Landorus|par|[from] ability: Static|[of] p1a: Zapdos
|-enditem|p1a: Zapdos|Heavy-Duty Boots|[from] move: Knock Off|[of] p2a: Landorus
|
|-fieldend|move: Psychic Terrain
|upkeep
|turn|6
|
|t:|1659094630
|switch|p1a: Ferrothorn|Ferrothorn, M|100/100
|switch|p2a: Tyranitar|Tyranitar, M|100/100
|-weather|Sandstorm|[from] ability: Sand Stream|[of] p2a: Tyranitar
|
|-weather|Sandstorm|[upkeep]
|upkeep
|turn|7
|j|%Pika Sup
|
|t:|1659094635
|move|p2a: Tyranitar|Fire Punch|p1a: Ferrothorn
|-supereffective|p1a: Ferrothorn
|-damage|p1a: Ferrothorn|0 fnt
|-damage|p2a: Tyranitar|88/100|[from] ability: Iron Barbs|[of] p1a: Ferrothorn
|faint|p1a: Ferrothorn
|
|-weather|Sandstorm|[upkeep]
|upkeep
|
|t:|1659094639
|switch|p1a: Excadrill|Excadrill, F|100/100
|turn|8
|l|%Pika Sup
|
|t:|1659094644
|switch|p2a: Landorus|Landorus-Therian, M|100/100 par
|-ability|p2a: Landorus|Intimidate|boost
|-unboost|p1a: Excadrill|atk|1
|move|p1a: Excadrill|Iron Head|p2a: Landorus
|-damage|p2a: Landorus|45/100 par
|
|-weather|Sandstorm|[upkeep]
|upkeep
|turn|9
|c| Viryziola|Oryens cloak is zapdos ig
|j| tonino-mutandari
|c| ButterLol|same
|c|☆LT91BB TOMATO|n bnhg,vd:!xcsw
|c| natsuzamaki|Viry, don't do that
|
|t:|1659094663
|move|p1a: Excadrill|Iron Head|p2a: Landorus
|-damage|p2a: Landorus|0 fnt
|faint|p2a: Landorus
|
|-weather|Sandstorm|[upkeep]
|upkeep
|c| ButterLol|idk
|
|t:|1659094677
|switch|p2a: Ferrothorn|Ferrothorn, F|26/100
|turn|10
|c| Viryziola|Well just guessing nat
|c| ButterLol|i change my mind alot since he keeps switching ;-;
|
|t:|1659094684
|switch|p1a: Zapdos|Zapdos|61/100
|move|p2a: Ferrothorn|Leech Seed|p1a: Zapdos
|-start|p1a: Zapdos|move: Leech Seed
|
|-weather|none
|-heal|p2a: Ferrothorn|32/100|[from] item: Leftovers
|-damage|p1a: Zapdos|49/100|[from] Leech Seed|[of] p2a: Ferrothorn
|-heal|p2a: Ferrothorn|46/100|[silent]
|upkeep
|turn|11
|
|t:|1659094693
|switch|p2a: Tyranitar|Tyranitar, M|88/100
|-weather|Sandstorm|[from] ability: Sand Stream|[of] p2a: Tyranitar
|move|p1a: Zapdos|Heat Wave|p2a: Tyranitar
|-resisted|p2a: Tyranitar
|-damage|p2a: Tyranitar|79/100
|
|-weather|Sandstorm|[upkeep]
|-damage|p1a: Zapdos|43/100|[from] Sandstorm
|-damage|p1a: Zapdos|31/100|[from] Leech Seed|[of] p2a: Tyranitar
|-heal|p2a: Tyranitar|93/100|[silent]
|upkeep
|turn|12
|c| natsuzamaki|Ik, but don't though
|
|t:|1659094700
|move|p1a: Zapdos|Volt Switch|p2a: Tyranitar
|-damage|p2a: Tyranitar|74/100
|
|t:|1659094702
|switch|p1a: Urshifu|Urshifu-Rapid-Strike, F|88/100|[from]move: Volt Switch
|move|p2a: Tyranitar|Stone Edge|p1a: Urshifu
|-resisted|p1a: Urshifu
|-damage|p1a: Urshifu|49/100
|
|-weather|Sandstorm|[upkeep]
|-damage|p1a: Urshifu|42/100|[from] Sandstorm
|upkeep
|turn|13
|
|t:|1659094720
|move|p1a: Urshifu|Surging Strikes|p2a: Tyranitar
|-supereffective|p2a: Tyranitar
|-crit|p2a: Tyranitar
|-damage|p2a: Tyranitar|37/100
|-supereffective|p2a: Tyranitar
|-crit|p2a: Tyranitar
|-damage|p2a: Tyranitar|3/100
|-supereffective|p2a: Tyranitar
|-crit|p2a: Tyranitar
|-damage|p2a: Tyranitar|0 fnt
|faint|p2a: Tyranitar
|-hitcount|p2: Tyranitar|3
|
|-weather|Sandstorm|[upkeep]
|-damage|p1a: Urshifu|36/100|[from] Sandstorm
|upkeep
|
|t:|1659094723
|switch|p2a: Buzzwole|Buzzwole|100/100
|turn|14
|c| ButterLol|possibly excadrill could be it...
|c| ButterLol|or lele
|l| ikillag
|
|t:|1659094737
|move|p1a: Urshifu|Surging Strikes|p2a: Buzzwole
|-crit|p2a: Buzzwole
|-damage|p2a: Buzzwole|88/100
|-crit|p2a: Buzzwole
|-damage|p2a: Buzzwole|75/100
|-crit|p2a: Buzzwole
|-damage|p2a: Buzzwole|61/100
|-hitcount|p2a: Buzzwole|3
|move|p2a: Buzzwole|Ice Punch|p1a: Urshifu
|-resisted|p1a: Urshifu
|-damage|p1a: Urshifu|22/100
|-status|p1a: Urshifu|frz
|
|-weather|Sandstorm|[upkeep]
|-damage|p1a: Urshifu|15/100 frz|[from] Sandstorm
|-damage|p2a: Buzzwole|55/100|[from] Sandstorm
|upkeep
|turn|15
|
|t:|1659094744
|switch|p1a: Tapu Lele|Tapu Lele, shiny|100/100
|-fieldstart|move: Psychic Terrain|[from] ability: Psychic Surge|[of] p1a: Tapu Lele
|move|p2a: Buzzwole|Roost|p2a: Buzzwole
|-heal|p2a: Buzzwole|100/100
|-singleturn|p2a: Buzzwole|move: Roost
|
|-weather|none
|upkeep
|turn|16
|c| natsuzamaki|Or Zapdos, or urshifu
|
|t:|1659094751
|switch|p2a: Ferrothorn|Ferrothorn, F|46/100
|move|p1a: Tapu Lele|Moonblast|p2a: Ferrothorn
|-resisted|p2a: Ferrothorn
|-damage|p2a: Ferrothorn|29/100
|
|-heal|p2a: Ferrothorn|35/100|[from] item: Leftovers
|upkeep
|turn|17
|c| Viryziola|Excadrill could never be the cloak
|c| natsuzamaki|It could be anyone
|c| Viryziola|Actually
|
|t:|1659094759
|switch|p1a: Zapdos|Zapdos|31/100
|move|p2a: Ferrothorn|Leech Seed|p1a: Zapdos
|-start|p1a: Zapdos|move: Leech Seed
|
|-heal|p2a: Ferrothorn|41/100|[from] item: Leftovers
|-damage|p1a: Zapdos|19/100|[from] Leech Seed|[of] p2a: Ferrothorn
|-heal|p2a: Ferrothorn|54/100|[silent]
|upkeep
|turn|18
|c| Viryziola|Yeah anyone except drill
|c| ButterLol|i already locked on zapdos since the beginning
|l| Thenoobwholose
|c| ButterLol|may not be cloak tho since hes sacking it
|c| natsuzamaki|Let it be, please
|j| TheNewBrends11
|inactive|LT91BB TOMATO has 120 seconds left.
|c| natsuzamaki|You'll find out soon enough
|
|t:|1659094798
|move|p1a: Zapdos|Roost|p1a: Zapdos
|-heal|p1a: Zapdos|69/100
|-singleturn|p1a: Zapdos|move: Roost
|move|p2a: Ferrothorn|Stealth Rock|p1a: Zapdos
|-sidestart|p1: Oryen|move: Stealth Rock
|
|-heal|p2a: Ferrothorn|61/100|[from] item: Leftovers
|-damage|p1a: Zapdos|56/100|[from] Leech Seed|[of] p2a: Ferrothorn
|-heal|p2a: Ferrothorn|74/100|[silent]
|upkeep
|turn|19
|
|t:|1659094806
|move|p1a: Zapdos|Heat Wave|p2a: Ferrothorn
|-supereffective|p2a: Ferrothorn
|-damage|p2a: Ferrothorn|10/100
|move|p2a: Ferrothorn|Iron Head|p1a: Zapdos
|-resisted|p1a: Zapdos
|-damage|p1a: Zapdos|46/100
|
|-heal|p2a: Ferrothorn|17/100|[from] item: Leftovers
|-damage|p1a: Zapdos|34/100|[from] Leech Seed|[of] p2a: Ferrothorn
|-heal|p2a: Ferrothorn|30/100|[silent]
|-fieldend|move: Psychic Terrain
|upkeep
|turn|20
|inactive|LT91BB TOMATO has 120 seconds left.
|
|t:|1659094836
|move|p1a: Zapdos|Heat Wave|p2a: Ferrothorn
|-supereffective|p2a: Ferrothorn
|-damage|p2a: Ferrothorn|0 fnt
|faint|p2a: Ferrothorn
|
|upkeep
|
|t:|1659094839
|switch|p2a: Weavile|Weavile, F|100/100
|-ability|p2a: Weavile|Pressure
|turn|21
|j| Vivaan8
|inactive|LT91BB TOMATO has 120 seconds left.
|j| Prosandrookies
|
|t:|1659094846
|switch|p1a: Urshifu|Urshifu-Rapid-Strike, F|15/100 frz
|-damage|p1a: Urshifu|9/100 frz|[from] Stealth Rock
|move|p2a: Weavile|Triple Axel|p1a: Urshifu
|-resisted|p1a: Urshifu
|-damage|p1a: Urshifu|2/100 frz
|-resisted|p1a: Urshifu
|-damage|p1a: Urshifu|0 fnt
|faint|p1a: Urshifu
|-hitcount|p1: Urshifu|2
|
|upkeep
|
|t:|1659094848
|switch|p1a: Tapu Lele|Tapu Lele, shiny|100/100
|-damage|p1a: Tapu Lele|88/100|[from] Stealth Rock
|-fieldstart|move: Psychic Terrain|[from] ability: Psychic Surge|[of] p1a: Tapu Lele
|turn|22
|
|t:|1659094859
|move|p1a: Tapu Lele|Moonblast|p2a: Weavile
|-supereffective|p2a: Weavile
|-damage|p2a: Weavile|0 fnt
|faint|p2a: Weavile
|
|upkeep
|c|☆LT91BB TOMATO|gg
|c|☆Oryen|gg
|
|t:|1659094864
|switch|p2a: Buzzwole|Buzzwole|100/100
|turn|23
|c|☆LT91BB TOMATO|who was it ?
|c| ButterLol|so uh what was ur cloak/
|c|☆Oryen|good luck on the ladder
|c|☆Oryen|zap
|c| ButterLol|I KNEW IT
|c| Viryziola|Guessed it
|inactive|LT91BB TOMATO has 120 seconds left.
|
|t:|1659094889
|move|p1a: Tapu Lele|Moonblast|p2a: Buzzwole
|-supereffective|p2a: Buzzwole
|-damage|p2a: Buzzwole|0 fnt
|faint|p2a: Buzzwole
|
|win|Oryen
|n|☆Oryen|oryen
|n|☆LT91BB TOMATO|lt91bbtomato
|n|*Lady Monita ☀|ladymonita
|n| MooThePenguin|moothepenguin
|n| ButterLol|butterlol
|n| Viryziola|viryziola
|n| deskeedee(alt)|deskeedeealt
|n| greenandgrey77|greenandgrey77
|n| natsuzamaki|natsuzamaki
|n| tonino-mutandari|toninomutandari
|n| TheNewBrends11|thenewbrends11
|n| Vivaan8|vivaan8
|n| Prosandrookies|prosandrookies
|c|*Lady Monita ☀|LT91BB TOMATO your cloaked Pokemon has fainted!
|l|*Lady Monita ☀
|c| ButterLol|i guess correctly
|c| ButterLol|ONCE
|c| natsuzamaki|Makes sense
|c| ButterLol|:c
|l| greenandgrey77
|l| Vivaan8
|l| Prosandrookies
|l| ButterLol
|c| Viryziola|Gg
|l| Viryziola
