|raw|<div class="broadcast-blue"><strong>This battle is required to be public due to a player having a name starting with 'lt81yl'.</div>
|j|☆LT81YL YOVAN FILMO
|j|☆BestixL
|t:|1625437024
|gametype|singles
|player|p1|LT81YL YOVAN FILMO|ghetsis-gen5bw|1877
|player|p2|BestixL|flannery|1937
|teamsize|p1|6
|teamsize|p2|6
|gen|8
|tier|[Gen 8] OU
|rated|
|rule|Sleep Clause Mod: Limit one foe put to sleep
|rule|Species Clause: Limit one of each Pokémon
|rule|OHKO Clause: OHKO moves are banned
|rule|Evasion Moves Clause: Evasion moves are banned
|rule|Endless Battle Clause: Forcing endless battles is banned
|rule|HP Percentage Mod: HP is shown in percentages
|rule|Dynamax Clause: You cannot dynamax
|clearpoke
|poke|p1|Ditto|
|poke|p1|Blissey, F|
|poke|p1|Skarmory, F|
|poke|p1|Toxapex, M|
|poke|p1|Zeraora|
|poke|p1|Clefable, F|
|poke|p2|Slowking-Galar, M|
|poke|p2|Weavile, F|
|poke|p2|Landorus-Therian, M|
|poke|p2|Toxapex, M|
|poke|p2|Tapu Fini|
|poke|p2|Corviknight, M|
|teampreview
|j| Can'tFight
|j| LT81YL crying
|j| Leo
|inactive|Battle timer is ON: inactive players will automatically lose when time's up. (requested by BestixL)
|j| ironwater
|j| Reign1997
|j| sdflkuuhsdfiug
|inactive|LT81YL YOVAN FILMO has 120 seconds left.
|
|t:|1625437075
|start
|switch|p1a: Zeraora|Zeraora|100/100
|switch|p2a: just friends|Toxapex, M|100/100
|turn|1
|
|t:|1625437080
|move|p1a: Zeraora|Knock Off|p2a: just friends
|-damage|p2a: just friends|77/100
|-damage|p1a: Zeraora|84/100|[from] item: Rocky Helmet|[of] p2a: just friends
|-enditem|p2a: just friends|Rocky Helmet|[from] move: Knock Off|[of] p1a: Zeraora
|move|p2a: just friends|Knock Off|p1a: Zeraora
|-damage|p1a: Zeraora|64/100
|-enditem|p1a: Zeraora|Heavy-Duty Boots|[from] move: Knock Off|[of] p2a: just friends
|
|upkeep
|turn|2
|
|t:|1625437089
|move|p1a: Zeraora|Knock Off|p2a: just friends
|-damage|p2a: just friends|62/100
|move|p2a: just friends|Scald|p1a: Zeraora
|-damage|p1a: Zeraora|43/100
|
|upkeep
|turn|3
|
|t:|1625437096
|switch|p2a: 2 soon|Slowking-Galar, M|100/100
|move|p1a: Zeraora|Knock Off|p2a: 2 soon
|-supereffective|p2a: 2 soon
|-damage|p2a: 2 soon|42/100
|-enditem|p2a: 2 soon|Assault Vest|[from] move: Knock Off|[of] p1a: Zeraora
|
|upkeep
|turn|4
|j| sdflkuuhsdfiuga
|
|t:|1625437100
|switch|p2a: just friends|Toxapex, M|95/100
|move|p1a: Zeraora|Knock Off|p2a: just friends
|-damage|p2a: just friends|78/100
|
|upkeep
|turn|5
|
|t:|1625437105
|move|p1a: Zeraora|Volt Switch|p2a: just friends
|-supereffective|p2a: just friends
|-damage|p2a: just friends|49/100
|
|t:|1625437111
|switch|p1a: Ditto|Ditto|100/100|[from]move: Volt Switch
|-transform|p1a: Ditto|p2a: just friends|[from] ability: Imposter
|move|p2a: just friends|Scald|p1a: Ditto
|-resisted|p1a: Ditto
|-damage|p1a: Ditto|95/100
|-status|p1a: Ditto|brn
|
|-damage|p1a: Ditto|89/100 brn|[from] brn
|upkeep
|turn|6
|
|t:|1625437119
|switch|p1a: Skarmory|Skarmory, F|100/100
|move|p2a: just friends|Scald|p1a: Skarmory
|-damage|p1a: Skarmory|77/100
|
|upkeep
|turn|7
|
|t:|1625437123
|switch|p1a: Ditto|Ditto|100/100 brn
|-transform|p1a: Ditto|p2a: just friends|[from] ability: Imposter
|move|p2a: just friends|Scald|p1a: Ditto
|-resisted|p1a: Ditto
|-damage|p1a: Ditto|95/100 brn
|
|-damage|p1a: Ditto|89/100 brn|[from] brn
|upkeep
|turn|8
|
|t:|1625437129
|switch|p1a: Blissey|Blissey, F|100/100
|move|p2a: just friends|Scald|p1a: Blissey
|-damage|p1a: Blissey|94/100
|
|upkeep
|turn|9
|
|t:|1625437137
|switch|p2a: 2 soon|Slowking-Galar, M|75/100
|move|p1a: Blissey|Stealth Rock|p2a: 2 soon
|-sidestart|p2: BestixL|move: Stealth Rock
|
|upkeep
|turn|10
|
|t:|1625437145
|move|p1a: Blissey|Seismic Toss|p2a: 2 soon
|-damage|p2a: 2 soon|49/100
|move|p2a: 2 soon|Future Sight|p1a: Blissey
|-start|p2a: 2 soon|move: Future Sight
|
|upkeep
|turn|11
|
|t:|1625437151
|switch|p1a: Zeraora|Zeraora|43/100
|switch|p2a: the reaper|Corviknight, M|100/100
|-damage|p2a: the reaper|88/100|[from] Stealth Rock
|-ability|p2a: the reaper|Pressure
|
|-heal|p2a: the reaper|94/100|[from] item: Leftovers
|upkeep
|turn|12
|
|t:|1625437157
|switch|p1a: Skarmory|Skarmory, F|77/100
|move|p2a: the reaper|Defog|p1a: Skarmory
|-unboost|p1a: Skarmory|evasion|1
|-sideend|p2: BestixL|Stealth Rock|[from] move: Defog|[of] p2a: the reaper
|
|-end|p1a: Skarmory|move: Future Sight
|-resisted|p1a: Skarmory
|-damage|p1a: Skarmory|46/100
|-heal|p2a: the reaper|99/100|[from] item: Leftovers
|upkeep
|turn|13
|
|t:|1625437164
|switch|p2a: no space|Landorus-Therian, M|100/100
|-ability|p2a: no space|Intimidate|boost
|-unboost|p1a: Skarmory|atk|1
|move|p1a: Skarmory|Roost|p1a: Skarmory
|-heal|p1a: Skarmory|96/100
|-singleturn|p1a: Skarmory|move: Roost
|
|upkeep
|turn|14
|
|t:|1625437172
|move|p2a: no space|Knock Off|p1a: Skarmory
|-damage|p1a: Skarmory|78/100
|-enditem|p1a: Skarmory|Shed Shell|[from] move: Knock Off|[of] p2a: no space
|move|p1a: Skarmory|Toxic|p2a: no space
|-status|p2a: no space|tox
|
|-damage|p2a: no space|94/100 tox|[from] psn
|upkeep
|turn|15
|
|t:|1625437179
|move|p2a: no space|Stealth Rock|p1a: Skarmory
|-sidestart|p1: LT81YL YOVAN FILMO|move: Stealth Rock
|move|p1a: Skarmory|Spikes|p2a: no space
|-sidestart|p2: BestixL|Spikes
|
|-heal|p2a: no space|100/100 tox|[from] item: Leftovers
|-damage|p2a: no space|88/100 tox|[from] psn
|upkeep
|turn|16
|
|t:|1625437183
|move|p2a: no space|U-turn|p1a: Skarmory
|-resisted|p1a: Skarmory
|-damage|p1a: Skarmory|75/100
|j|+Shellnuts
|
|t:|1625437191
|switch|p2a: 2 soon|Slowking-Galar, M|83/100|[from]move: U-turn
|-damage|p2a: 2 soon|70/100|[from] Spikes
|move|p1a: Skarmory|Spikes|p2a: 2 soon
|-sidestart|p2: BestixL|Spikes
|
|upkeep
|turn|17
|
|t:|1625437199
|switch|p1a: Toxapex|Toxapex, M|100/100
|-damage|p1a: Toxapex|88/100|[from] Stealth Rock
|move|p2a: 2 soon|Future Sight|p1a: Toxapex
|-start|p2a: 2 soon|move: Future Sight
|
|-heal|p1a: Toxapex|94/100|[from] item: Black Sludge
|upkeep
|turn|18
|l| LT81YL crying
|
|t:|1625437204
|switch|p2a: just friends|Toxapex, M|82/100
|-damage|p2a: just friends|66/100|[from] Spikes
|move|p1a: Toxapex|Scald|p2a: just friends
|-resisted|p2a: just friends
|-damage|p2a: just friends|60/100
|
|-heal|p1a: Toxapex|100/100|[from] item: Black Sludge
|upkeep
|turn|19
|l|+Shellnuts
|
|t:|1625437210
|move|p1a: Toxapex|Scald|p2a: just friends
|-resisted|p2a: just friends
|-crit|p2a: just friends
|-damage|p2a: just friends|52/100
|move|p2a: just friends|Knock Off|p1a: Toxapex
|-crit|p1a: Toxapex
|-damage|p1a: Toxapex|87/100
|-enditem|p1a: Toxapex|Black Sludge|[from] move: Knock Off|[of] p2a: just friends
|
|-end|p1a: Toxapex|move: Future Sight
|-supereffective|p1a: Toxapex
|-damage|p1a: Toxapex|13/100
|upkeep
|turn|20
|
|t:|1625437218
|move|p1a: Toxapex|Recover|p1a: Toxapex
|-heal|p1a: Toxapex|63/100
|move|p2a: just friends|Scald|p1a: Toxapex
|-resisted|p1a: Toxapex
|-damage|p1a: Toxapex|57/100
|
|upkeep
|turn|21
|
|t:|1625437222
|move|p1a: Toxapex|Scald|p2a: just friends
|-resisted|p2a: just friends
|-damage|p2a: just friends|47/100
|move|p2a: just friends|Scald|p1a: Toxapex
|-resisted|p1a: Toxapex
|-damage|p1a: Toxapex|50/100
|
|upkeep
|turn|22
|
|t:|1625437226
|move|p1a: Toxapex|Scald|p2a: just friends
|-resisted|p2a: just friends
|-damage|p2a: just friends|42/100
|move|p2a: just friends|Scald|p1a: Toxapex
|-resisted|p1a: Toxapex
|-damage|p1a: Toxapex|44/100
|-status|p1a: Toxapex|brn
|
|-damage|p1a: Toxapex|38/100 brn|[from] brn
|upkeep
|turn|23
|
|t:|1625437232
|switch|p2a: 2 soon|Slowking-Galar, M|100/100
|-damage|p2a: 2 soon|84/100|[from] Spikes
|move|p1a: Toxapex|Scald|p2a: 2 soon
|-damage|p2a: 2 soon|74/100
|
|-damage|p1a: Toxapex|31/100 brn|[from] brn
|upkeep
|turn|24
|
|t:|1625437236
|move|p1a: Toxapex|Recover|p1a: Toxapex
|-heal|p1a: Toxapex|81/100 brn
|move|p2a: 2 soon|Future Sight|p1a: Toxapex
|-start|p2a: 2 soon|move: Future Sight
|
|-damage|p1a: Toxapex|75/100 brn|[from] brn
|upkeep
|turn|25
|
|t:|1625437248
|move|p1a: Toxapex|Scald|p2a: 2 soon
|-damage|p2a: 2 soon|64/100
|move|p2a: 2 soon|Sludge Bomb|p1a: Toxapex
|-resisted|p1a: Toxapex
|-damage|p1a: Toxapex|61/100 brn
|
|-damage|p1a: Toxapex|55/100 brn|[from] brn
|upkeep
|turn|26
|
|t:|1625437257
|switch|p1a: Blissey|Blissey, F|94/100
|switch|p2a: no space|Landorus-Therian, M|88/100 tox
|-ability|p2a: no space|Intimidate|boost
|-unboost|p1a: Blissey|atk|1
|
|-end|p1a: Blissey|move: Future Sight
|-damage|p1a: Blissey|78/100
|-heal|p2a: no space|94/100 tox|[from] item: Leftovers
|-damage|p2a: no space|88/100 tox|[from] psn
|upkeep
|turn|27
|
|t:|1625437261
|switch|p1a: Clefable|Clefable, F|100/100
|move|p2a: no space|U-turn|p1a: Clefable
|-resisted|p1a: Clefable
|-damage|p1a: Clefable|92/100
|
|t:|1625437266
|switch|p2a: just friends|Toxapex, M|75/100|[from]move: U-turn
|-damage|p2a: just friends|59/100|[from] Spikes
|
|upkeep
|turn|28
|
|t:|1625437271
|move|p1a: Clefable|Calm Mind|p1a: Clefable
|-boost|p1a: Clefable|spa|1
|-boost|p1a: Clefable|spd|1
|move|p2a: just friends|Knock Off|p1a: Clefable
|-resisted|p1a: Clefable
|-damage|p1a: Clefable|86/100
|-enditem|p1a: Clefable|Life Orb|[from] move: Knock Off|[of] p2a: just friends
|
|upkeep
|turn|29
|
|t:|1625437274
|move|p1a: Clefable|Thunderbolt|p2a: just friends
|-supereffective|p2a: just friends
|-damage|p2a: just friends|24/100
|move|p2a: just friends|Haze|p2a: just friends
|-clearallboost
|
|upkeep
|turn|30
|
|t:|1625437278
|switch|p2a: 2 soon|Slowking-Galar, M|97/100
|-damage|p2a: 2 soon|80/100|[from] Spikes
|move|p1a: Clefable|Calm Mind|p1a: Clefable
|-boost|p1a: Clefable|spa|1
|-boost|p1a: Clefable|spd|1
|
|upkeep
|turn|31
|
|t:|1625437282
|move|p1a: Clefable|Calm Mind|p1a: Clefable
|-boost|p1a: Clefable|spa|1
|-boost|p1a: Clefable|spd|1
|move|p2a: 2 soon|Sludge Bomb|p1a: Clefable
|-supereffective|p1a: Clefable
|-damage|p1a: Clefable|51/100
|
|upkeep
|turn|32
|
|t:|1625437286
|move|p1a: Clefable|Soft-Boiled|p1a: Clefable
|-heal|p1a: Clefable|100/100
|move|p2a: 2 soon|Sludge Bomb|p1a: Clefable
|-supereffective|p1a: Clefable
|-damage|p1a: Clefable|62/100
|
|upkeep
|turn|33
|
|t:|1625437301
|switch|p1a: Blissey|Blissey, F|78/100
|move|p2a: 2 soon|Sludge Bomb|p1a: Blissey
|-damage|p1a: Blissey|64/100
|
|upkeep
|turn|34
|
|t:|1625437307
|move|p1a: Blissey|Soft-Boiled|p1a: Blissey
|-heal|p1a: Blissey|100/100
|move|p2a: 2 soon|Future Sight|p1a: Blissey
|-start|p2a: 2 soon|move: Future Sight
|
|upkeep
|turn|35
|
|t:|1625437312
|switch|p1a: Skarmory|Skarmory, F|75/100
|-damage|p1a: Skarmory|63/100|[from] Stealth Rock
|switch|p2a: the reaper|Corviknight, M|99/100
|-ability|p2a: the reaper|Pressure
|
|-heal|p2a: the reaper|100/100|[from] item: Leftovers
|upkeep
|turn|36
|
|t:|1625437315
|move|p1a: Skarmory|Spikes|p2a: the reaper
|-sidestart|p2: BestixL|Spikes
|move|p2a: the reaper|Iron Defense|p2a: the reaper
|-boost|p2a: the reaper|def|2
|
|-end|p1a: Skarmory|move: Future Sight
|-resisted|p1a: Skarmory
|-damage|p1a: Skarmory|28/100
|upkeep
|turn|37
|c|☆BestixL|???????'
|
|t:|1625437327
|switch|p1a: Clefable|Clefable, F|62/100
|move|p2a: the reaper|Body Press|p1a: Clefable
|-resisted|p1a: Clefable
|-damage|p1a: Clefable|41/100
|
|upkeep
|turn|38
|c|☆BestixL|este tipo esta tilteado Leo
|
|t:|1625437335
|move|p2a: the reaper|Defog|p1a: Clefable
|-unboost|p1a: Clefable|evasion|1
|-sideend|p1: LT81YL YOVAN FILMO|Stealth Rock|[from] move: Defog|[of] p2a: the reaper
|-sideend|p2: BestixL|Spikes|[from] move: Defog|[of] p2a: the reaper
|move|p1a: Clefable|Soft-Boiled|p1a: Clefable
|-heal|p1a: Clefable|91/100
|
|upkeep
|turn|39
|c| Leo|no me queda del todo claro
|
|t:|1625437340
|switch|p2a: 2 soon|Slowking-Galar, M|100/100
|switch|p1a: Blissey|Blissey, F|100/100
|
|upkeep
|turn|40
|
|t:|1625437345
|switch|p2a: the reaper|Corviknight, M|100/100
|-ability|p2a: the reaper|Pressure
|move|p1a: Blissey|Stealth Rock|p2a: the reaper
|-sidestart|p2: BestixL|move: Stealth Rock
|
|upkeep
|turn|41
|c| Leo|toca que te lo humilles
|
|t:|1625437352
|switch|p1a: Skarmory|Skarmory, F|28/100
|move|p2a: the reaper|Defog|p1a: Skarmory
|-unboost|p1a: Skarmory|evasion|1
|-sideend|p2: BestixL|Stealth Rock|[from] move: Defog|[of] p2a: the reaper
|
|upkeep
|turn|42
|
|t:|1625437358
|switch|p2a: no space|Landorus-Therian, M|88/100 tox
|-ability|p2a: no space|Intimidate|boost
|-unboost|p1a: Skarmory|atk|1
|move|p1a: Skarmory|Roost|p1a: Skarmory
|-heal|p1a: Skarmory|78/100
|-singleturn|p1a: Skarmory|move: Roost
|
|-heal|p2a: no space|94/100 tox|[from] item: Leftovers
|-damage|p2a: no space|88/100 tox|[from] psn
|upkeep
|turn|43
|
|t:|1625437362
|move|p2a: no space|U-turn|p1a: Skarmory
|-resisted|p1a: Skarmory
|-crit|p1a: Skarmory
|-damage|p1a: Skarmory|74/100
|
|t:|1625437364
|switch|p2a: the reaper|Corviknight, M|100/100|[from]move: U-turn
|-ability|p2a: the reaper|Pressure
|move|p1a: Skarmory|Spikes|p2a: the reaper
|-sidestart|p2: BestixL|Spikes
|
|upkeep
|turn|44
|
|t:|1625437371
|switch|p2a: no space|Landorus-Therian, M|88/100 tox
|-ability|p2a: no space|Intimidate|boost
|-unboost|p1a: Skarmory|atk|1
|move|p1a: Skarmory|Roost|p1a: Skarmory
|-heal|p1a: Skarmory|100/100
|-singleturn|p1a: Skarmory|move: Roost
|
|-heal|p2a: no space|94/100 tox|[from] item: Leftovers
|-damage|p2a: no space|88/100 tox|[from] psn
|upkeep
|turn|45
|
|t:|1625437376
|switch|p1a: Clefable|Clefable, F|91/100
|move|p2a: no space|U-turn|p1a: Clefable
|-resisted|p1a: Clefable
|-damage|p1a: Clefable|83/100
|j| Lunarr
|
|t:|1625437397
|switch|p2a: 2 soon|Slowking-Galar, M|100/100|[from]move: U-turn
|-damage|p2a: 2 soon|88/100|[from] Spikes
|
|upkeep
|turn|46
|
|t:|1625437402
|switch|p1a: Ditto|Ditto|100/100 brn
|-transform|p1a: Ditto|p2a: 2 soon|[from] ability: Imposter
|move|p2a: 2 soon|Future Sight|p1a: Ditto
|-start|p2a: 2 soon|move: Future Sight
|
|-damage|p1a: Ditto|94/100 brn|[from] brn
|upkeep
|turn|47
|
|t:|1625437410
|move|p1a: Ditto|Flamethrower|p2a: 2 soon
|-damage|p2a: 2 soon|73/100
|move|p2a: 2 soon|Earthquake|p1a: Ditto
|-supereffective|p1a: Ditto
|-damage|p1a: Ditto|52/100 brn
|
|-damage|p1a: Ditto|46/100 brn|[from] brn
|upkeep
|turn|48
|
|t:|1625437423
|switch|p1a: Blissey|Blissey, F|100/100
|switch|p2a: Yotsuba|Weavile, F|100/100
|-ability|p2a: Yotsuba|Pressure
|
|-end|p1a: Blissey|move: Future Sight
|-damage|p1a: Blissey|81/100
|upkeep
|turn|49
|
|t:|1625437429
|switch|p1a: Skarmory|Skarmory, F|100/100
|move|p2a: Yotsuba|Swords Dance|p2a: Yotsuba
|-boost|p2a: Yotsuba|atk|2
|
|upkeep
|turn|50
|
|t:|1625437433
|switch|p2a: the reaper|Corviknight, M|100/100
|-ability|p2a: the reaper|Pressure
|move|p1a: Skarmory|Body Press|p2a: the reaper
|-damage|p2a: the reaper|83/100
|
|-heal|p2a: the reaper|89/100|[from] item: Leftovers
|upkeep
|turn|51
|
|t:|1625437438
|switch|p1a: Clefable|Clefable, F|83/100
|move|p2a: the reaper|Defog|p1a: Clefable
|-unboost|p1a: Clefable|evasion|1
|-sideend|p2: BestixL|Spikes|[from] move: Defog|[of] p2a: the reaper
|
|-heal|p2a: the reaper|95/100|[from] item: Leftovers
|upkeep
|turn|52
|
|t:|1625437442
|switch|p2a: 2 soon|Slowking-Galar, M|100/100
|move|p1a: Clefable|Calm Mind|p1a: Clefable
|-boost|p1a: Clefable|spa|1
|-boost|p1a: Clefable|spd|1
|
|upkeep
|turn|53
|
|t:|1625437447
|switch|p1a: Blissey|Blissey, F|81/100
|move|p2a: 2 soon|Sludge Bomb|p1a: Blissey
|-crit|p1a: Blissey
|-damage|p1a: Blissey|61/100
|-status|p1a: Blissey|psn
|
|-damage|p1a: Blissey|48/100 psn|[from] psn
|upkeep
|turn|54
|l| Can'tFight
|inactive|LT81YL YOVAN FILMO has 120 seconds left.
|c|☆BestixL|antes de ganarme este tipo se me va apagar el pc
|
|t:|1625437496
|move|p1a: Blissey|Soft-Boiled|p1a: Blissey
|-heal|p1a: Blissey|98/100 psn
|move|p2a: 2 soon|Future Sight|p1a: Blissey
|-start|p2a: 2 soon|move: Future Sight
|
|-damage|p1a: Blissey|86/100 psn|[from] psn
|upkeep
|turn|55
|j| LT81YL LE FLEXMAN
|
|t:|1625437503
|switch|p1a: Skarmory|Skarmory, F|100/100
|switch|p2a: Itsuki|Tapu Fini|100/100
|-fieldstart|move: Misty Terrain|[from] ability: Misty Surge|[of] p2a: Itsuki
|
|upkeep
|turn|56
|inactive|LT81YL YOVAN FILMO has 120 seconds left.
|
|t:|1625437516
|switch|p1a: Toxapex|Toxapex, M|88/100 brn
|move|p2a: Itsuki|Calm Mind|p2a: Itsuki
|-boost|p2a: Itsuki|spa|1
|-boost|p2a: Itsuki|spd|1
|
|-end|p1a: Toxapex|move: Future Sight
|-supereffective|p1a: Toxapex
|-damage|p1a: Toxapex|7/100 brn
|-damage|p1a: Toxapex|1/100 brn|[from] brn
|upkeep
|turn|57
|inactive|LT81YL YOVAN FILMO has 120 seconds left.
|c|☆BestixL|esta loco
|
|t:|1625437531
|switch|p1a: Ditto|Ditto|79/100 brn
|-transform|p1a: Ditto|p2a: Itsuki|[from] ability: Imposter
|move|p2a: Itsuki|Calm Mind|p2a: Itsuki
|-boost|p2a: Itsuki|spa|1
|-boost|p2a: Itsuki|spd|1
|
|-damage|p1a: Ditto|73/100 brn|[from] brn
|upkeep
|turn|58
|l| Reign1997
|inactive|LT81YL YOVAN FILMO has 120 seconds left.
|
|t:|1625437544
|switch|p1a: Toxapex|Toxapex, M|34/100 brn
|move|p2a: Itsuki|Substitute|p2a: Itsuki
|-start|p2a: Itsuki|Substitute
|-damage|p2a: Itsuki|76/100
|
|-heal|p2a: Itsuki|82/100|[from] item: Leftovers
|-damage|p1a: Toxapex|28/100 brn|[from] brn
|upkeep
|turn|59
|
|t:|1625437548
|move|p2a: Itsuki|Scald|p1a: Toxapex
|-resisted|p1a: Toxapex
|-damage|p1a: Toxapex|8/100 brn
|move|p1a: Toxapex|Recover|p1a: Toxapex
|-heal|p1a: Toxapex|58/100 brn
|
|-heal|p2a: Itsuki|88/100|[from] item: Leftovers
|-damage|p1a: Toxapex|51/100 brn|[from] brn
|-fieldend|Misty Terrain
|upkeep
|turn|60
|
|t:|1625437553
|switch|p2a: 2 soon|Slowking-Galar, M|100/100
|move|p1a: Toxapex|Recover|p1a: Toxapex
|-heal|p1a: Toxapex|100/100 brn
|
|-damage|p1a: Toxapex|94/100 brn|[from] brn
|upkeep
|turn|61
|
|t:|1625437556
|move|p1a: Toxapex|Scald|p2a: 2 soon
|-damage|p2a: 2 soon|91/100
|move|p2a: 2 soon|Future Sight|p1a: Toxapex
|-start|p2a: 2 soon|move: Future Sight
|
|-damage|p1a: Toxapex|88/100 brn|[from] brn
|upkeep
|turn|62
|
|t:|1625437559
|switch|p2a: Itsuki|Tapu Fini|88/100
|-fieldstart|move: Misty Terrain|[from] ability: Misty Surge|[of] p2a: Itsuki
|move|p1a: Toxapex|Knock Off|p2a: Itsuki
|-resisted|p2a: Itsuki
|-damage|p2a: Itsuki|86/100
|-enditem|p2a: Itsuki|Leftovers|[from] move: Knock Off|[of] p1a: Toxapex
|
|-damage|p1a: Toxapex|82/100 brn|[from] brn
|upkeep
|turn|63
|l| sdflkuuhsdfiuga
|
|t:|1625437565
|switch|p2a: Yotsuba|Weavile, F|100/100
|-ability|p2a: Yotsuba|Pressure
|switch|p1a: Blissey|Blissey, F|86/100
|
|-end|p1a: Blissey|move: Future Sight
|-damage|p1a: Blissey|69/100
|upkeep
|turn|64
|
|t:|1625437570
|switch|p1a: Skarmory|Skarmory, F|100/100
|move|p2a: Yotsuba|Swords Dance|p2a: Yotsuba
|-boost|p2a: Yotsuba|atk|2
|
|upkeep
|turn|65
|
|t:|1625437573
|switch|p2a: the reaper|Corviknight, M|95/100
|-ability|p2a: the reaper|Pressure
|move|p1a: Skarmory|Body Press|p2a: the reaper
|-damage|p2a: the reaper|75/100
|
|-heal|p2a: the reaper|81/100|[from] item: Leftovers
|upkeep
|turn|66
|
|t:|1625437580
|switch|p2a: just friends|Toxapex, M|57/100
|move|p1a: Skarmory|Spikes|p2a: just friends
|-sidestart|p2: BestixL|Spikes
|
|-fieldend|Misty Terrain
|upkeep
|turn|67
|
|t:|1625437588
|switch|p1a: Clefable|Clefable, F|83/100
|move|p2a: just friends|Scald|p1a: Clefable
|-damage|p1a: Clefable|68/100
|
|upkeep
|turn|68
|
|t:|1625437593
|switch|p2a: 2 soon|Slowking-Galar, M|100/100
|-damage|p2a: 2 soon|88/100|[from] Spikes
|move|p1a: Clefable|Thunderbolt|p2a: 2 soon
|-damage|p2a: 2 soon|75/100
|
|upkeep
|turn|69
|
|t:|1625437597
|switch|p1a: Ditto|Ditto|73/100 brn
|-transform|p1a: Ditto|p2a: 2 soon|[from] ability: Imposter
|move|p2a: 2 soon|Future Sight|p1a: Ditto
|-start|p2a: 2 soon|move: Future Sight
|
|-damage|p1a: Ditto|67/100 brn|[from] brn
|upkeep
|turn|70
|
|t:|1625437604
|move|p1a: Ditto|Flamethrower|p2a: 2 soon
|-damage|p2a: 2 soon|60/100
|move|p2a: 2 soon|Earthquake|p1a: Ditto
|-supereffective|p1a: Ditto
|-damage|p1a: Ditto|24/100 brn
|
|-damage|p1a: Ditto|18/100 brn|[from] brn
|upkeep
|turn|71
|
|t:|1625437612
|switch|p1a: Blissey|Blissey, F|69/100
|switch|p2a: Yotsuba|Weavile, F|100/100
|-ability|p2a: Yotsuba|Pressure
|
|-end|p1a: Blissey|move: Future Sight
|-damage|p1a: Blissey|50/100
|upkeep
|turn|72
|
|t:|1625437615
|switch|p1a: Skarmory|Skarmory, F|100/100
|move|p2a: Yotsuba|Knock Off|p1a: Skarmory
|-damage|p1a: Skarmory|83/100
|
|upkeep
|turn|73
|
|t:|1625437621
|switch|p2a: the reaper|Corviknight, M|81/100
|-ability|p2a: the reaper|Pressure
|switch|p1a: Toxapex|Toxapex, M|100/100 brn
|
|-heal|p2a: the reaper|87/100|[from] item: Leftovers
|-damage|p1a: Toxapex|94/100 brn|[from] brn
|upkeep
|turn|74
|
|t:|1625437638
|switch|p2a: just friends|Toxapex, M|90/100
|-damage|p2a: just friends|77/100|[from] Spikes
|move|p1a: Toxapex|Scald|p2a: just friends
|-resisted|p2a: just friends
|-damage|p2a: just friends|72/100
|
|-damage|p1a: Toxapex|88/100 brn|[from] brn
|upkeep
|turn|75
|
|t:|1625437642
|move|p1a: Toxapex|Scald|p2a: just friends
|-resisted|p2a: just friends
|-damage|p2a: just friends|67/100
|move|p2a: just friends|Knock Off|p1a: Toxapex
|-damage|p1a: Toxapex|82/100 brn
|
|-damage|p1a: Toxapex|75/100 brn|[from] brn
|upkeep
|turn|76
|
|t:|1625437649
|switch|p2a: 2 soon|Slowking-Galar, M|94/100
|-damage|p2a: 2 soon|81/100|[from] Spikes
|move|p1a: Toxapex|Scald|p2a: 2 soon
|-damage|p2a: 2 soon|70/100
|
|-damage|p1a: Toxapex|69/100 brn|[from] brn
|upkeep
|turn|77
|
|t:|1625437659
|move|p1a: Toxapex|Scald|p2a: 2 soon
|-damage|p2a: 2 soon|59/100
|-status|p2a: 2 soon|brn
|move|p2a: 2 soon|Future Sight|p1a: Toxapex
|-start|p2a: 2 soon|move: Future Sight
|
|-damage|p1a: Toxapex|63/100 brn|[from] brn
|-damage|p2a: 2 soon|53/100 brn|[from] brn
|upkeep
|turn|78
|
|t:|1625437665
|switch|p2a: no space|Landorus-Therian, M|88/100 tox
|-ability|p2a: no space|Intimidate|boost
|-unboost|p1a: Toxapex|atk|1
|move|p1a: Toxapex|Recover|p1a: Toxapex
|-heal|p1a: Toxapex|100/100 brn
|
|-heal|p2a: no space|94/100 tox|[from] item: Leftovers
|-damage|p2a: no space|88/100 tox|[from] psn
|-damage|p1a: Toxapex|94/100 brn|[from] brn
|upkeep
|turn|79
|
|t:|1625437669
|switch|p1a: Skarmory|Skarmory, F|83/100
|move|p2a: no space|U-turn|p1a: Skarmory
|-resisted|p1a: Skarmory
|-damage|p1a: Skarmory|80/100
|
|t:|1625437672
|switch|p2a: 2 soon|Slowking-Galar, M|87/100 brn|[from]move: U-turn
|-damage|p2a: 2 soon|74/100 brn|[from] Spikes
|
|-end|p1a: Skarmory|move: Future Sight
|-resisted|p1a: Skarmory
|-damage|p1a: Skarmory|45/100
|-damage|p2a: 2 soon|68/100 brn|[from] brn
|upkeep
|turn|80
|
|t:|1625437678
|switch|p1a: Blissey|Blissey, F|50/100
|move|p2a: 2 soon|Flamethrower|p1a: Blissey
|-damage|p1a: Blissey|41/100
|
|-damage|p2a: 2 soon|62/100 brn|[from] brn
|upkeep
|turn|81
|
|t:|1625437681
|switch|p2a: Yotsuba|Weavile, F|100/100
|-ability|p2a: Yotsuba|Pressure
|move|p1a: Blissey|Soft-Boiled|p1a: Blissey
|-heal|p1a: Blissey|91/100
|
|upkeep
|turn|82
|
|t:|1625437685
|move|p2a: Yotsuba|Swords Dance|p2a: Yotsuba
|-boost|p2a: Yotsuba|atk|2
|move|p1a: Blissey|Toxic|p2a: Yotsuba
|-status|p2a: Yotsuba|tox
|
|-damage|p2a: Yotsuba|94/100 tox|[from] psn
|upkeep
|turn|83
|
|t:|1625437691
|switch|p1a: Toxapex|Toxapex, M|100/100 brn
|move|p2a: Yotsuba|Knock Off|p1a: Toxapex
|-damage|p1a: Toxapex|61/100 brn
|
|-damage|p2a: Yotsuba|82/100 tox|[from] psn
|-damage|p1a: Toxapex|55/100 brn|[from] brn
|upkeep
|turn|84
|
|t:|1625437697
|move|p2a: Yotsuba|Knock Off|p1a: Toxapex
|-damage|p1a: Toxapex|17/100 brn
|move|p1a: Toxapex|Recover|p1a: Toxapex
|-heal|p1a: Toxapex|67/100 brn
|
|-damage|p2a: Yotsuba|64/100 tox|[from] psn
|-damage|p1a: Toxapex|61/100 brn|[from] brn
|upkeep
|turn|85
|
|t:|1625437700
|switch|p2a: just friends|Toxapex, M|100/100
|-damage|p2a: just friends|88/100|[from] Spikes
|move|p1a: Toxapex|Recover|p1a: Toxapex
|-heal|p1a: Toxapex|100/100 brn
|
|-damage|p1a: Toxapex|94/100 brn|[from] brn
|upkeep
|turn|86
|
|t:|1625437704
|switch|p2a: the reaper|Corviknight, M|87/100
|-ability|p2a: the reaper|Pressure
|move|p1a: Toxapex|Scald|p2a: the reaper
|-damage|p2a: the reaper|70/100
|
|-heal|p2a: the reaper|76/100|[from] item: Leftovers
|-damage|p1a: Toxapex|88/100 brn|[from] brn
|upkeep
|turn|87
|
|t:|1625437708
|move|p2a: the reaper|Defog|p1a: Toxapex
|-unboost|p1a: Toxapex|evasion|1
|-sideend|p2: BestixL|Spikes|[from] move: Defog|[of] p2a: the reaper
|move|p1a: Toxapex|Knock Off|p2a: the reaper
|-damage|p2a: the reaper|71/100
|-enditem|p2a: the reaper|Leftovers|[from] move: Knock Off|[of] p1a: Toxapex
|
|-damage|p1a: Toxapex|82/100 brn|[from] brn
|upkeep
|turn|88
|
|t:|1625437714
|switch|p2a: just friends|Toxapex, M|100/100
|switch|p1a: Skarmory|Skarmory, F|45/100
|
|upkeep
|turn|89
|
|t:|1625437719
|switch|p1a: Blissey|Blissey, F|91/100
|switch|p2a: the reaper|Corviknight, M|71/100
|-ability|p2a: the reaper|Pressure
|
|upkeep
|turn|90
|
|t:|1625437721
|switch|p2a: just friends|Toxapex, M|100/100
|move|p1a: Blissey|Stealth Rock|p2a: just friends
|-sidestart|p2: BestixL|move: Stealth Rock
|
|upkeep
|turn|91
|
|t:|1625437724
|switch|p1a: Clefable|Clefable, F|68/100
|switch|p2a: no space|Landorus-Therian, M|88/100 tox
|-damage|p2a: no space|76/100 tox|[from] Stealth Rock
|-ability|p2a: no space|Intimidate|boost
|-unboost|p1a: Clefable|atk|1
|
|-heal|p2a: no space|82/100 tox|[from] item: Leftovers
|-damage|p2a: no space|76/100 tox|[from] psn
|upkeep
|turn|92
|j| LT81YL Marcotl
|inactive|BestixL has 120 seconds left.
|inactive|BestixL has 90 seconds left.
|-message|BestixL forfeited.
|
|win|LT81YL YOVAN FILMO
|raw|LT81YL YOVAN FILMO's rating: 1877 &rarr; <strong>1900</strong><br />(+23 for winning)
|raw|BestixL's rating: 1937 &rarr; <strong>1914</strong><br />(-23 for losing)
|l|☆LT81YL YOVAN FILMO
|l|☆BestixL
|l| ironwater
|l| LT81YL LE FLEXMAN
|l| Leo
|l| LT81YL Marcotl
