|j|☆dealtests
|j|☆Contorted Lies
|t:|1610693328
|player|p1|dealtests|phoebe-gen3|1773
|player|p2|Contorted Lies|265|1762
|teamsize|p1|6
|teamsize|p2|6
|gametype|singles
|gen|8
|tier|[Gen 8] OU
|rated|
|clearpoke
|poke|p1|Corviknight, M|
|poke|p1|Toxapex, F|
|poke|p1|Mandibuzz, F|
|poke|p1|Clefable, F|
|poke|p1|Blissey, F|
|poke|p1|Quagsire, F|
|poke|p2|Melmetal|
|poke|p2|Slowking-Galar, F|
|poke|p2|Rillaboom, M|
|poke|p2|Swampert, M|
|poke|p2|Mandibuzz, F|
|poke|p2|Dragapult, F|
|rule|Sleep Clause Mod: Limit one foe put to sleep
|rule|Species Clause: Limit one of each Pokémon
|rule|OHKO Clause: OHKO moves are banned
|rule|Evasion Moves Clause: Evasion moves are banned
|rule|Endless Battle Clause: Forcing endless battles is banned
|rule|HP Percentage Mod: HP is shown in percentages
|rule|Dynamax Clause: You cannot dynamax
|teampreview
|c|☆dealtests|glhf
|
|t:|1610693337
|start
|switch|p1a: scarlett jo|Clefable, F|100/100
|switch|p2a: Swampert|Swampert, M|100/100
|turn|1
|
|t:|1610693341
|move|p2a: Swampert|Stealth Rock|p1a: scarlett jo
|-sidestart|p1: dealtests|move: Stealth Rock
|move|p1a: scarlett jo|Stealth Rock|p2a: Swampert
|-sidestart|p2: Contorted Lies|move: Stealth Rock
|
|upkeep
|turn|2
|
|t:|1610693350
|move|p2a: Swampert|Flip Turn|p1a: scarlett jo
|-damage|p1a: scarlett jo|82/100
|
|t:|1610693375
|switch|p2a: Slowking|Slowking-Galar, F|100/100|[from]move: Flip Turn
|-damage|p2a: Slowking|88/100|[from] Stealth Rock
|move|p1a: scarlett jo|Moonblast|p2a: Slowking
|-resisted|p2a: Slowking
|-damage|p2a: Slowking|80/100
|-unboost|p2a: Slowking|spa|1
|
|upkeep
|turn|3
|
|t:|1610693382
|switch|p1a: charli|Quagsire, F, shiny|100/100
|-damage|p1a: charli|94/100|[from] Stealth Rock
|move|p2a: Slowking|Future Sight|p1a: charli
|-start|p2a: Slowking|move: Future Sight
|
|-heal|p1a: charli|100/100|[from] item: Leftovers
|upkeep
|turn|4
|j| Datoneguydoe
|
|t:|1610693389
|switch|p2a: Swampert|Swampert, M|100/100
|-damage|p2a: Swampert|94/100|[from] Stealth Rock
|move|p1a: charli|Earthquake|p2a: Swampert
|-damage|p2a: Swampert|68/100
|
|-heal|p2a: Swampert|74/100|[from] item: Leftovers
|upkeep
|turn|5
|
|t:|1610693401
|move|p2a: Swampert|Flip Turn|p1a: charli
|-damage|p1a: charli|77/100
|
|t:|1610693407
|switch|p2a: Rillaboom|Rillaboom, M|100/100|[from]move: Flip Turn
|-damage|p2a: Rillaboom|88/100|[from] Stealth Rock
|-fieldstart|move: Grassy Terrain|[from] ability: Grassy Surge|[of] p2a: Rillaboom
|move|p1a: charli|Toxic|p2a: Rillaboom|[miss]
|-miss|p1a: charli|p2a: Rillaboom
|
|-end|p1a: charli|move: Future Sight
|-damage|p1a: charli|27/100
|-heal|p2a: Rillaboom|94/100|[from] Grassy Terrain
|-heal|p2a: Rillaboom|100/100|[from] item: Leftovers
|-heal|p1a: charli|33/100|[from] Grassy Terrain
|-heal|p1a: charli|39/100|[from] item: Leftovers
|upkeep
|turn|6
|
|t:|1610693415
|switch|p1a: johnny sins|Corviknight, M, shiny|100/100
|-damage|p1a: johnny sins|88/100|[from] Stealth Rock
|-ability|p1a: johnny sins|Pressure
|move|p2a: Rillaboom|Knock Off|p1a: johnny sins
|-damage|p1a: johnny sins|66/100
|-enditem|p1a: johnny sins|Leftovers|[from] move: Knock Off|[of] p2a: Rillaboom
|
|upkeep
|turn|7
|
|t:|1610693424
|switch|p2a: Slowking|Slowking-Galar, F|100/100
|-damage|p2a: Slowking|88/100|[from] Stealth Rock
|move|p1a: johnny sins|Roost|p1a: johnny sins
|-heal|p1a: johnny sins|100/100
|-singleturn|p1a: johnny sins|move: Roost
|
|-heal|p2a: Slowking|94/100|[from] Grassy Terrain
|upkeep
|turn|8
|
|t:|1610693427
|switch|p1a: charli|Quagsire, F, shiny|39/100
|-damage|p1a: charli|33/100|[from] Stealth Rock
|move|p2a: Slowking|Future Sight|p1a: charli
|-start|p2a: Slowking|move: Future Sight
|
|-heal|p2a: Slowking|99/100|[from] Grassy Terrain
|-heal|p1a: charli|39/100|[from] Grassy Terrain
|-heal|p1a: charli|45/100|[from] item: Leftovers
|upkeep
|turn|9
|
|t:|1610693430
|move|p2a: Slowking|Psychic|p1a: charli
|-damage|p1a: charli|3/100
|move|p1a: charli|Recover|p1a: charli
|-heal|p1a: charli|53/100
|
|-heal|p2a: Slowking|100/100|[from] Grassy Terrain
|-heal|p1a: charli|59/100|[from] Grassy Terrain
|-heal|p1a: charli|65/100|[from] item: Leftovers
|-fieldend|move: Grassy Terrain
|upkeep
|turn|10
|
|t:|1610693433
|move|p2a: Slowking|Psychic|p1a: charli
|-damage|p1a: charli|29/100
|move|p1a: charli|Recover|p1a: charli
|-heal|p1a: charli|79/100
|
|-end|p1a: charli|move: Future Sight
|-damage|p1a: charli|27/100
|-heal|p1a: charli|33/100|[from] item: Leftovers
|upkeep
|turn|11
|
|t:|1610693435
|move|p2a: Slowking|Psychic|p1a: charli
|-damage|p1a: charli|0 fnt
|faint|p1a: charli
|
|upkeep
|
|t:|1610693438
|switch|p1a: mia khalifa|Mandibuzz, F, shiny|100/100
|turn|12
|
|t:|1610693443
|switch|p2a: Mandibuzz|Mandibuzz, F|100/100
|move|p1a: mia khalifa|Foul Play|p2a: Mandibuzz
|-resisted|p2a: Mandibuzz
|-damage|p2a: Mandibuzz|96/100
|
|upkeep
|turn|13
|
|t:|1610693446
|move|p2a: Mandibuzz|Toxic|p1a: mia khalifa
|-status|p1a: mia khalifa|tox
|move|p1a: mia khalifa|Knock Off|p2a: Mandibuzz
|-resisted|p2a: Mandibuzz
|-damage|p2a: Mandibuzz|89/100
|-enditem|p2a: Mandibuzz|Heavy-Duty Boots|[from] move: Knock Off|[of] p1a: mia khalifa
|
|-damage|p1a: mia khalifa|94/100 tox|[from] psn
|upkeep
|turn|14
|
|t:|1610693450
|switch|p1a: your mom|Toxapex, F, shiny|100/100
|-damage|p1a: your mom|88/100|[from] Stealth Rock
|move|p2a: Mandibuzz|Defog|p1a: your mom
|-unboost|p1a: your mom|evasion|1
|-sideend|p1: dealtests|Stealth Rock|[from] move: Defog|[of] p2a: Mandibuzz
|-sideend|p2: Contorted Lies|Stealth Rock|[from] move: Defog|[of] p2a: Mandibuzz
|
|-heal|p1a: your mom|94/100|[from] item: Black Sludge
|upkeep
|turn|15
|
|t:|1610693453
|switch|p2a: Swampert|Swampert, M|74/100
|move|p1a: your mom|Scald|p2a: Swampert
|-crit|p2a: Swampert
|-damage|p2a: Swampert|59/100
|
|-heal|p2a: Swampert|65/100|[from] item: Leftovers
|-heal|p1a: your mom|99/100|[from] item: Black Sludge
|upkeep
|turn|16
|
|t:|1610693456
|switch|p1a: scarlett jo|Clefable, F|82/100
|move|p2a: Swampert|Stealth Rock|p1a: scarlett jo
|-sidestart|p1: dealtests|move: Stealth Rock
|
|-heal|p2a: Swampert|71/100|[from] item: Leftovers
|upkeep
|turn|17
|
|t:|1610693462
|move|p2a: Swampert|Flip Turn|p1a: scarlett jo
|-damage|p1a: scarlett jo|64/100
|
|t:|1610693464
|switch|p2a: Slowking|Slowking-Galar, F|100/100|[from]move: Flip Turn
|move|p1a: scarlett jo|Stealth Rock|p2a: Slowking
|-sidestart|p2: Contorted Lies|move: Stealth Rock
|
|upkeep
|turn|18
|
|t:|1610693468
|switch|p1a: kate upton|Blissey, F|100/100
|move|p2a: Slowking|Future Sight|p1a: kate upton
|-start|p2a: Slowking|move: Future Sight
|
|upkeep
|turn|19
|
|t:|1610693477
|switch|p2a: Melmetal|Melmetal|100/100
|-damage|p2a: Melmetal|94/100|[from] Stealth Rock
|move|p1a: kate upton|Teleport|p1a: kate upton
|
|t:|1610693480
|switch|p1a: scarlett jo|Clefable, F|64/100|[from]move: Teleport
|
|-heal|p2a: Melmetal|100/100|[from] item: Leftovers
|upkeep
|turn|20
|
|t:|1610693484
|move|p1a: scarlett jo|Trick|p2a: Melmetal
|-activate|p1a: scarlett jo|move: Trick|[of] p2a: Melmetal
|-item|p2a: Melmetal|Sticky Barb|[from] move: Trick
|-item|p1a: scarlett jo|Leftovers|[from] move: Trick
|move|p2a: Melmetal|Double Iron Bash|p1a: scarlett jo
|-supereffective|p1a: scarlett jo
|-damage|p1a: scarlett jo|0 fnt
|-hitcount|p1a: scarlett jo|1
|faint|p1a: scarlett jo
|
|-hint|Future Sight did not hit because the target is fainted.
|-damage|p2a: Melmetal|88/100|[from] item: Sticky Barb
|upkeep
|
|t:|1610693490
|switch|p1a: johnny sins|Corviknight, M, shiny|100/100
|-damage|p1a: johnny sins|88/100|[from] Stealth Rock
|-ability|p1a: johnny sins|Pressure
|turn|21
|
|t:|1610693493
|switch|p2a: Slowking|Slowking-Galar, F|100/100
|-damage|p2a: Slowking|88/100|[from] Stealth Rock
|move|p1a: johnny sins|Iron Defense|p1a: johnny sins
|-boost|p1a: johnny sins|def|2
|
|upkeep
|turn|22
|
|t:|1610693495
|switch|p1a: kate upton|Blissey, F|100/100
|move|p2a: Slowking|Future Sight|p1a: kate upton
|-start|p2a: Slowking|move: Future Sight
|
|upkeep
|turn|23
|j| Devon
|
|t:|1610693500
|switch|p2a: Rillaboom|Rillaboom, M|100/100
|-damage|p2a: Rillaboom|88/100|[from] Stealth Rock
|-fieldstart|move: Grassy Terrain|[from] ability: Grassy Surge|[of] p2a: Rillaboom
|move|p1a: kate upton|Teleport|p1a: kate upton
|
|t:|1610693502
|switch|p1a: johnny sins|Corviknight, M, shiny|88/100|[from]move: Teleport
|-damage|p1a: johnny sins|76/100|[from] Stealth Rock
|-ability|p1a: johnny sins|Pressure
|
|-heal|p2a: Rillaboom|94/100|[from] Grassy Terrain
|-heal|p2a: Rillaboom|100/100|[from] item: Leftovers
|upkeep
|turn|24
|
|t:|1610693504
|move|p2a: Rillaboom|Swords Dance|p2a: Rillaboom
|-boost|p2a: Rillaboom|atk|2
|move|p1a: johnny sins|Roost|p1a: johnny sins
|-heal|p1a: johnny sins|100/100
|-singleturn|p1a: johnny sins|move: Roost
|
|-end|p1a: johnny sins|move: Future Sight
|-resisted|p1a: johnny sins
|-damage|p1a: johnny sins|73/100
|-heal|p1a: johnny sins|79/100|[from] Grassy Terrain
|upkeep
|turn|25
|
|t:|1610693512
|move|p2a: Rillaboom|Superpower|p1a: johnny sins
|-damage|p1a: johnny sins|25/100
|-unboost|p2a: Rillaboom|atk|1
|-unboost|p2a: Rillaboom|def|1
|move|p1a: johnny sins|Iron Defense|p1a: johnny sins
|-boost|p1a: johnny sins|def|2
|
|upkeep
|turn|26
|
|t:|1610693518
|move|p2a: Rillaboom|Superpower|p1a: johnny sins
|-damage|p1a: johnny sins|6/100
|-unboost|p2a: Rillaboom|atk|1
|-unboost|p2a: Rillaboom|def|1
|move|p1a: johnny sins|Roost|p1a: johnny sins
|-heal|p1a: johnny sins|56/100
|-singleturn|p1a: johnny sins|move: Roost
|
|-heal|p1a: johnny sins|62/100|[from] Grassy Terrain
|upkeep
|turn|27
|
|t:|1610693521
|switch|p2a: Slowking|Slowking-Galar, F|100/100
|-damage|p2a: Slowking|88/100|[from] Stealth Rock
|move|p1a: johnny sins|Roost|p1a: johnny sins
|-heal|p1a: johnny sins|100/100
|-singleturn|p1a: johnny sins|move: Roost
|
|-heal|p2a: Slowking|94/100|[from] Grassy Terrain
|-fieldend|move: Grassy Terrain
|upkeep
|turn|28
|
|t:|1610693524
|switch|p1a: kate upton|Blissey, F|100/100
|move|p2a: Slowking|Future Sight|p1a: kate upton
|-start|p2a: Slowking|move: Future Sight
|
|upkeep
|turn|29
|
|t:|1610693526
|switch|p2a: Rillaboom|Rillaboom, M|100/100
|-damage|p2a: Rillaboom|88/100|[from] Stealth Rock
|-fieldstart|move: Grassy Terrain|[from] ability: Grassy Surge|[of] p2a: Rillaboom
|move|p1a: kate upton|Teleport|p1a: kate upton
|j| air isn't fair
|
|t:|1610693528
|switch|p1a: johnny sins|Corviknight, M, shiny|100/100|[from]move: Teleport
|-damage|p1a: johnny sins|88/100|[from] Stealth Rock
|-ability|p1a: johnny sins|Pressure
|
|-heal|p2a: Rillaboom|94/100|[from] Grassy Terrain
|-heal|p2a: Rillaboom|100/100|[from] item: Leftovers
|upkeep
|turn|30
|
|t:|1610693530
|move|p2a: Rillaboom|Swords Dance|p2a: Rillaboom
|-boost|p2a: Rillaboom|atk|2
|move|p1a: johnny sins|Iron Defense|p1a: johnny sins
|-boost|p1a: johnny sins|def|2
|
|-end|p1a: johnny sins|move: Future Sight
|-resisted|p1a: johnny sins
|-damage|p1a: johnny sins|58/100
|upkeep
|turn|31
|j| impactx
|
|t:|1610693534
|switch|p2a: Slowking|Slowking-Galar, F|100/100
|-damage|p2a: Slowking|88/100|[from] Stealth Rock
|move|p1a: johnny sins|Roost|p1a: johnny sins
|-heal|p1a: johnny sins|100/100
|-singleturn|p1a: johnny sins|move: Roost
|
|-heal|p2a: Slowking|94/100|[from] Grassy Terrain
|upkeep
|turn|32
|
|t:|1610693539
|switch|p1a: kate upton|Blissey, F|100/100
|move|p2a: Slowking|Future Sight|p1a: kate upton
|-start|p2a: Slowking|move: Future Sight
|
|-heal|p2a: Slowking|99/100|[from] Grassy Terrain
|upkeep
|turn|33
|
|t:|1610693543
|switch|p2a: Melmetal|Melmetal|88/100
|-damage|p2a: Melmetal|82/100|[from] Stealth Rock
|move|p1a: kate upton|Teleport|p1a: kate upton
|
|t:|1610693545
|switch|p1a: johnny sins|Corviknight, M, shiny|100/100|[from]move: Teleport
|-damage|p1a: johnny sins|88/100|[from] Stealth Rock
|-ability|p1a: johnny sins|Pressure
|
|-heal|p2a: Melmetal|88/100|[from] Grassy Terrain
|-fieldend|move: Grassy Terrain
|-damage|p2a: Melmetal|76/100|[from] item: Sticky Barb
|upkeep
|turn|34
|
|t:|1610693548
|move|p1a: johnny sins|Iron Defense|p1a: johnny sins
|-boost|p1a: johnny sins|def|2
|move|p2a: Melmetal|Thunder Punch|p1a: johnny sins
|-supereffective|p1a: johnny sins
|-damage|p1a: johnny sins|66/100
|
|-end|p1a: johnny sins|move: Future Sight
|-resisted|p1a: johnny sins
|-damage|p1a: johnny sins|36/100
|-damage|p2a: Melmetal|63/100|[from] item: Sticky Barb
|upkeep
|turn|35
|
|t:|1610693552
|switch|p2a: Slowking|Slowking-Galar, F|100/100
|-damage|p2a: Slowking|88/100|[from] Stealth Rock
|move|p1a: johnny sins|Roost|p1a: johnny sins
|-heal|p1a: johnny sins|86/100
|-singleturn|p1a: johnny sins|move: Roost
|
|upkeep
|turn|36
|
|t:|1610693555
|switch|p1a: kate upton|Blissey, F|100/100
|move|p2a: Slowking|Future Sight|p1a: kate upton
|-start|p2a: Slowking|move: Future Sight
|
|upkeep
|turn|37
|
|t:|1610693560
|switch|p2a: Rillaboom|Rillaboom, M|100/100
|-damage|p2a: Rillaboom|88/100|[from] Stealth Rock
|-fieldstart|move: Grassy Terrain|[from] ability: Grassy Surge|[of] p2a: Rillaboom
|move|p1a: kate upton|Teleport|p1a: kate upton
|
|t:|1610693561
|switch|p1a: johnny sins|Corviknight, M, shiny|86/100|[from]move: Teleport
|-damage|p1a: johnny sins|73/100|[from] Stealth Rock
|-ability|p1a: johnny sins|Pressure
|
|-heal|p2a: Rillaboom|94/100|[from] Grassy Terrain
|-heal|p2a: Rillaboom|100/100|[from] item: Leftovers
|upkeep
|turn|38
|
|t:|1610693564
|switch|p2a: Slowking|Slowking-Galar, F|100/100
|-damage|p2a: Slowking|88/100|[from] Stealth Rock
|move|p1a: johnny sins|Iron Defense|p1a: johnny sins
|-boost|p1a: johnny sins|def|2
|
|-end|p1a: johnny sins|move: Future Sight
|-resisted|p1a: johnny sins
|-damage|p1a: johnny sins|44/100
|-heal|p2a: Slowking|94/100|[from] Grassy Terrain
|upkeep
|turn|39
|
|t:|1610693567
|move|p1a: johnny sins|Roost|p1a: johnny sins
|-heal|p1a: johnny sins|94/100
|-singleturn|p1a: johnny sins|move: Roost
|move|p2a: Slowking|Flamethrower|p1a: johnny sins
|-supereffective|p1a: johnny sins
|-damage|p1a: johnny sins|33/100
|
|-heal|p1a: johnny sins|39/100|[from] Grassy Terrain
|-heal|p2a: Slowking|99/100|[from] Grassy Terrain
|upkeep
|turn|40
|c| air isn't fair|https://pokepast.es/8d7564e48b2a4ea6
|c| air isn't fair|you know anyone
|
|t:|1610693574
|move|p1a: johnny sins|Roost|p1a: johnny sins
|-heal|p1a: johnny sins|89/100
|-singleturn|p1a: johnny sins|move: Roost
|move|p2a: Slowking|Flamethrower|p1a: johnny sins
|-supereffective|p1a: johnny sins
|-damage|p1a: johnny sins|26/100
|
|-heal|p1a: johnny sins|32/100|[from] Grassy Terrain
|-heal|p2a: Slowking|100/100|[from] Grassy Terrain
|upkeep
|turn|41
|c| air isn't fair|who plays a team like that
|c| air isn't fair|dealtests
|j| Phyuck Yuu
|
|t:|1610693587
|switch|p1a: kate upton|Blissey, F|100/100
|move|p2a: Slowking|Flamethrower|p1a: kate upton
|-damage|p1a: kate upton|90/100
|
|-heal|p1a: kate upton|96/100|[from] Grassy Terrain
|-fieldend|move: Grassy Terrain
|upkeep
|turn|42
|c|☆dealtests|meh i'm playing like ass rn
|
|t:|1610693593
|move|p2a: Slowking|Future Sight|p1a: kate upton
|-start|p2a: Slowking|move: Future Sight
|move|p1a: kate upton|Teleport|p1a: kate upton
|
|t:|1610693596
|switch|p1a: mia khalifa|Mandibuzz, F, shiny|94/100 tox|[from]move: Teleport
|
|-damage|p1a: mia khalifa|88/100 tox|[from] psn
|upkeep
|turn|43
|
|t:|1610693610
|switch|p2a: Melmetal|Melmetal|63/100
|-damage|p2a: Melmetal|57/100|[from] Stealth Rock
|move|p1a: mia khalifa|Foul Play|p2a: Melmetal
|-crit|p2a: Melmetal
|-damage|p2a: Melmetal|12/100
|
|-damage|p1a: mia khalifa|76/100 tox|[from] psn
|-damage|p2a: Melmetal|0 fnt|[from] item: Sticky Barb
|faint|p2a: Melmetal
|upkeep
|
|t:|1610693630
|switch|p2a: Dragapult|Dragapult, F|100/100
|-damage|p2a: Dragapult|88/100|[from] Stealth Rock
|turn|44
|l| Devon
|
|t:|1610693636
|move|p2a: Dragapult|Draco Meteor|p1a: mia khalifa
|-damage|p1a: mia khalifa|28/100 tox
|-unboost|p2a: Dragapult|spa|2
|move|p1a: mia khalifa|Roost|p1a: mia khalifa
|-heal|p1a: mia khalifa|78/100 tox
|-singleturn|p1a: mia khalifa|move: Roost
|
|-end|p1a: mia khalifa|move: Future Sight
|-immune|p1a: mia khalifa
|-damage|p1a: mia khalifa|59/100 tox|[from] psn
|upkeep
|turn|45
|
|t:|1610693641
|move|p2a: Dragapult|Draco Meteor|p1a: mia khalifa
|-damage|p1a: mia khalifa|37/100 tox
|-unboost|p2a: Dragapult|spa|2
|move|p1a: mia khalifa|U-turn|p2a: Dragapult
|-resisted|p2a: Dragapult
|-damage|p2a: Dragapult|80/100
|
|t:|1610693643
|switch|p1a: kate upton|Blissey, F|96/100|[from]move: U-turn
|
|upkeep
|turn|46
|
|t:|1610693648
|switch|p2a: Slowking|Slowking-Galar, F|100/100
|-damage|p2a: Slowking|88/100|[from] Stealth Rock
|move|p1a: kate upton|Aromatherapy|p1a: kate upton
|-activate|p1a: kate upton|move: Aromatherapy
|-curestatus|p1: mia khalifa|tox|[msg]
|
|upkeep
|turn|47
|
|t:|1610693652
|move|p2a: Slowking|Future Sight|p1a: kate upton
|-start|p2a: Slowking|move: Future Sight
|move|p1a: kate upton|Teleport|p1a: kate upton
|
|t:|1610693654
|switch|p1a: mia khalifa|Mandibuzz, F, shiny|37/100|[from]move: Teleport
|
|upkeep
|turn|48
|
|t:|1610693657
|switch|p2a: Mandibuzz|Mandibuzz, F|89/100
|-damage|p2a: Mandibuzz|65/100|[from] Stealth Rock
|move|p1a: mia khalifa|Roost|p1a: mia khalifa
|-heal|p1a: mia khalifa|87/100
|-singleturn|p1a: mia khalifa|move: Roost
|
|upkeep
|turn|49
|j| I watch kids
|
|t:|1610693662
|switch|p1a: johnny sins|Corviknight, M, shiny|32/100
|-damage|p1a: johnny sins|20/100|[from] Stealth Rock
|-ability|p1a: johnny sins|Pressure
|move|p2a: Mandibuzz|Toxic|p1a: johnny sins
|-immune|p1a: johnny sins
|
|-end|p1a: johnny sins|move: Future Sight
|-resisted|p1a: johnny sins
|-damage|p1a: johnny sins|0 fnt
|upkeep
|faint|p1a: johnny sins
|
|t:|1610693667
|switch|p1a: your mom|Toxapex, F, shiny|100/100
|-damage|p1a: your mom|88/100|[from] Stealth Rock
|turn|50
|
|t:|1610693671
|switch|p2a: Slowking|Slowking-Galar, F|100/100
|-damage|p2a: Slowking|88/100|[from] Stealth Rock
|move|p1a: your mom|Scald|p2a: Slowking
|-damage|p2a: Slowking|80/100
|
|-heal|p1a: your mom|94/100|[from] item: Black Sludge
|upkeep
|turn|51
|
|t:|1610693675
|move|p2a: Slowking|Future Sight|p1a: your mom
|-start|p2a: Slowking|move: Future Sight
|move|p1a: your mom|Scald|p2a: Slowking
|-damage|p2a: Slowking|71/100
|
|-heal|p1a: your mom|99/100|[from] item: Black Sludge
|upkeep
|turn|52
|
|t:|1610693677
|move|p2a: Slowking|Psychic|p1a: your mom
|-supereffective|p1a: your mom
|-damage|p1a: your mom|34/100
|move|p1a: your mom|Recover|p1a: your mom
|-heal|p1a: your mom|84/100
|
|-heal|p1a: your mom|90/100|[from] item: Black Sludge
|upkeep
|turn|53
|
|t:|1610693681
|switch|p1a: mia khalifa|Mandibuzz, F, shiny|87/100
|move|p2a: Slowking|Sludge Bomb|p1a: mia khalifa
|-damage|p1a: mia khalifa|48/100
|
|-end|p1a: mia khalifa|move: Future Sight
|-immune|p1a: mia khalifa
|upkeep
|turn|54
|
|t:|1610693685
|move|p1a: mia khalifa|Roost|p1a: mia khalifa
|-heal|p1a: mia khalifa|98/100
|-singleturn|p1a: mia khalifa|move: Roost
|move|p2a: Slowking|Sludge Bomb|p1a: mia khalifa
|-damage|p1a: mia khalifa|59/100
|
|upkeep
|turn|55
|
|t:|1610693687
|switch|p2a: Mandibuzz|Mandibuzz, F|65/100
|-damage|p2a: Mandibuzz|40/100|[from] Stealth Rock
|move|p1a: mia khalifa|Knock Off|p2a: Mandibuzz
|-resisted|p2a: Mandibuzz
|-damage|p2a: Mandibuzz|35/100
|
|upkeep
|turn|56
|j| PedroGreg
|
|t:|1610693694
|switch|p1a: your mom|Toxapex, F, shiny|100/100
|-damage|p1a: your mom|88/100|[from] Stealth Rock
|move|p2a: Mandibuzz|Defog|p1a: your mom
|-unboost|p1a: your mom|evasion|1
|-sideend|p1: dealtests|Stealth Rock|[from] move: Defog|[of] p2a: Mandibuzz
|-sideend|p2: Contorted Lies|Stealth Rock|[from] move: Defog|[of] p2a: Mandibuzz
|
|-heal|p1a: your mom|94/100|[from] item: Black Sludge
|upkeep
|turn|57
|
|t:|1610693698
|switch|p2a: Slowking|Slowking-Galar, F|100/100
|move|p1a: your mom|Scald|p2a: Slowking
|-damage|p2a: Slowking|91/100
|
|-heal|p1a: your mom|99/100|[from] item: Black Sludge
|upkeep
|turn|58
|
|t:|1610693700
|move|p2a: Slowking|Psychic|p1a: your mom
|-supereffective|p1a: your mom
|-damage|p1a: your mom|36/100
|move|p1a: your mom|Scald|p2a: Slowking
|-damage|p2a: Slowking|82/100
|
|-heal|p1a: your mom|42/100|[from] item: Black Sludge
|upkeep
|turn|59
|l| PedroGreg
|
|t:|1610693704
|switch|p1a: mia khalifa|Mandibuzz, F, shiny|59/100
|move|p2a: Slowking|Psychic|p1a: mia khalifa
|-immune|p1a: mia khalifa
|
|upkeep
|turn|60
|
|t:|1610693709
|switch|p2a: Mandibuzz|Mandibuzz, F|35/100
|move|p1a: mia khalifa|Foul Play|p2a: Mandibuzz
|-resisted|p2a: Mandibuzz
|-damage|p2a: Mandibuzz|30/100
|
|upkeep
|turn|61
|
|t:|1610693715
|switch|p1a: your mom|Toxapex, F, shiny|75/100
|move|p2a: Mandibuzz|Toxic|p1a: your mom
|-immune|p1a: your mom
|
|-heal|p1a: your mom|81/100|[from] item: Black Sludge
|upkeep
|turn|62
|
|t:|1610693721
|switch|p2a: Swampert|Swampert, M|71/100
|move|p1a: your mom|Scald|p2a: Swampert
|-damage|p2a: Swampert|59/100
|-status|p2a: Swampert|brn
|
|-heal|p2a: Swampert|65/100 brn|[from] item: Leftovers
|-heal|p1a: your mom|87/100|[from] item: Black Sludge
|-damage|p2a: Swampert|59/100 brn|[from] brn
|upkeep
|turn|63
|
|t:|1610693724
|switch|p1a: mia khalifa|Mandibuzz, F, shiny|59/100
|move|p2a: Swampert|Stealth Rock|p1a: mia khalifa
|-sidestart|p1: dealtests|move: Stealth Rock
|
|-heal|p2a: Swampert|65/100 brn|[from] item: Leftovers
|-damage|p2a: Swampert|59/100 brn|[from] brn
|upkeep
|turn|64
|
|t:|1610693727
|move|p1a: mia khalifa|Roost|p1a: mia khalifa
|-heal|p1a: mia khalifa|100/100
|-singleturn|p1a: mia khalifa|move: Roost
|move|p2a: Swampert|Toxic|p1a: mia khalifa
|-status|p1a: mia khalifa|tox
|
|-heal|p2a: Swampert|65/100 brn|[from] item: Leftovers
|-damage|p1a: mia khalifa|94/100 tox|[from] psn
|-damage|p2a: Swampert|59/100 brn|[from] brn
|upkeep
|turn|65
|l| impactx
|
|t:|1610693731
|switch|p1a: your mom|Toxapex, F, shiny|100/100
|-damage|p1a: your mom|88/100|[from] Stealth Rock
|move|p2a: Swampert|Stealth Rock||[still]
|-fail|p2a: Swampert
|
|-heal|p2a: Swampert|65/100 brn|[from] item: Leftovers
|-heal|p1a: your mom|94/100|[from] item: Black Sludge
|-damage|p2a: Swampert|59/100 brn|[from] brn
|upkeep
|turn|66
|
|t:|1610693736
|switch|p1a: kate upton|Blissey, F|96/100
|move|p2a: Swampert|Flip Turn|p1a: kate upton
|-damage|p1a: kate upton|85/100
|
|t:|1610693741
|switch|p2a: Rillaboom|Rillaboom, M|100/100|[from]move: Flip Turn
|-fieldstart|move: Grassy Terrain|[from] ability: Grassy Surge|[of] p2a: Rillaboom
|
|-heal|p1a: kate upton|91/100|[from] Grassy Terrain
|upkeep
|turn|67
|
|t:|1610693743
|switch|p1a: mia khalifa|Mandibuzz, F, shiny|94/100 tox
|move|p2a: Rillaboom|Knock Off|p1a: mia khalifa
|-resisted|p1a: mia khalifa
|-damage|p1a: mia khalifa|85/100 tox
|-enditem|p1a: mia khalifa|Heavy-Duty Boots|[from] move: Knock Off|[of] p2a: Rillaboom
|
|-damage|p1a: mia khalifa|79/100 tox|[from] psn
|upkeep
|turn|68
|
|t:|1610693749
|switch|p2a: Mandibuzz|Mandibuzz, F|30/100
|move|p1a: mia khalifa|Foul Play|p2a: Mandibuzz
|-resisted|p2a: Mandibuzz
|-damage|p2a: Mandibuzz|25/100
|
|-damage|p1a: mia khalifa|67/100 tox|[from] psn
|upkeep
|turn|69
|
|t:|1610693752
|move|p2a: Mandibuzz|Roost|p2a: Mandibuzz
|-heal|p2a: Mandibuzz|75/100
|-singleturn|p2a: Mandibuzz|move: Roost
|move|p1a: mia khalifa|U-turn|p2a: Mandibuzz
|-supereffective|p2a: Mandibuzz
|-damage|p2a: Mandibuzz|62/100
|c| I watch kids|This mans whole team name is weird asl
|
|t:|1610693754
|switch|p1a: your mom|Toxapex, F, shiny|100/100|[from]move: U-turn
|-damage|p1a: your mom|88/100|[from] Stealth Rock
|
|-heal|p2a: Mandibuzz|68/100|[from] Grassy Terrain
|-heal|p1a: your mom|94/100|[from] Grassy Terrain
|-heal|p1a: your mom|99/100|[from] item: Black Sludge
|upkeep
|turn|70
|
|t:|1610693758
|switch|p2a: Slowking|Slowking-Galar, F|100/100
|move|p1a: your mom|Scald|p2a: Slowking
|-damage|p2a: Slowking|91/100
|
|-heal|p2a: Slowking|97/100|[from] Grassy Terrain
|-heal|p1a: your mom|100/100|[from] Grassy Terrain
|-fieldend|move: Grassy Terrain
|upkeep
|turn|71
|
|t:|1610693761
|move|p2a: Slowking|Psychic|p1a: your mom
|-supereffective|p1a: your mom
|-damage|p1a: your mom|42/100
|move|p1a: your mom|Scald|p2a: Slowking
|-damage|p2a: Slowking|88/100
|
|-heal|p1a: your mom|48/100|[from] item: Black Sludge
|upkeep
|turn|72
|
|t:|1610693765
|switch|p1a: kate upton|Blissey, F|91/100
|move|p2a: Slowking|Sludge Bomb|p1a: kate upton
|-damage|p1a: kate upton|75/100
|
|upkeep
|turn|73
|
|t:|1610693769
|switch|p2a: Rillaboom|Rillaboom, M|100/100
|-fieldstart|move: Grassy Terrain|[from] ability: Grassy Surge|[of] p2a: Rillaboom
|move|p1a: kate upton|Teleport|p1a: kate upton
|
|t:|1610693772
|switch|p1a: mia khalifa|Mandibuzz, F, shiny|67/100 tox|[from]move: Teleport
|-damage|p1a: mia khalifa|42/100 tox|[from] Stealth Rock
|
|-damage|p1a: mia khalifa|35/100 tox|[from] psn
|upkeep
|turn|74
|
|t:|1610693776
|move|p2a: Rillaboom|Superpower|p1a: mia khalifa
|-damage|p1a: mia khalifa|11/100 tox
|-unboost|p2a: Rillaboom|atk|1
|-unboost|p2a: Rillaboom|def|1
|move|p1a: mia khalifa|Roost|p1a: mia khalifa
|-heal|p1a: mia khalifa|61/100 tox
|-singleturn|p1a: mia khalifa|move: Roost
|
|-heal|p1a: mia khalifa|67/100 tox|[from] Grassy Terrain
|-damage|p1a: mia khalifa|55/100 tox|[from] psn
|upkeep
|turn|75
|
|t:|1610693787
|switch|p2a: Slowking|Slowking-Galar, F|100/100
|move|p1a: mia khalifa|U-turn|p2a: Slowking
|-damage|p2a: Slowking|89/100
|
|t:|1610693789
|switch|p1a: kate upton|Blissey, F|75/100|[from]move: U-turn
|
|-heal|p1a: kate upton|81/100|[from] Grassy Terrain
|-heal|p2a: Slowking|95/100|[from] Grassy Terrain
|upkeep
|turn|76
|
|t:|1610693792
|move|p1a: kate upton|Aromatherapy|p1a: kate upton
|-activate|p1a: kate upton|move: Aromatherapy
|-curestatus|p1: mia khalifa|tox|[msg]
|move|p2a: Slowking|Sludge Bomb|p1a: kate upton
|-damage|p1a: kate upton|65/100
|
|-heal|p1a: kate upton|71/100|[from] Grassy Terrain
|-heal|p2a: Slowking|100/100|[from] Grassy Terrain
|upkeep
|turn|77
|
|t:|1610693800
|switch|p2a: Dragapult|Dragapult, F|80/100
|move|p1a: kate upton|Teleport|p1a: kate upton
|
|t:|1610693802
|switch|p1a: your mom|Toxapex, F, shiny|82/100|[from]move: Teleport
|-damage|p1a: your mom|69/100|[from] Stealth Rock
|
|-heal|p2a: Dragapult|86/100|[from] Grassy Terrain
|-heal|p1a: your mom|75/100|[from] Grassy Terrain
|-heal|p1a: your mom|81/100|[from] item: Black Sludge
|-fieldend|move: Grassy Terrain
|upkeep
|turn|78
|
|t:|1610693806
|move|p2a: Dragapult|U-turn|p1a: your mom
|-resisted|p1a: your mom
|-damage|p1a: your mom|75/100
|
|t:|1610693810
|switch|p2a: Slowking|Slowking-Galar, F|100/100|[from]move: U-turn
|move|p1a: your mom|Scald|p2a: Slowking
|-damage|p2a: Slowking|92/100
|
|-heal|p1a: your mom|81/100|[from] item: Black Sludge
|upkeep
|turn|79
|
|t:|1610693813
|move|p2a: Slowking|Sludge Bomb|p1a: your mom
|-resisted|p1a: your mom
|-damage|p1a: your mom|67/100
|move|p1a: your mom|Scald|p2a: Slowking
|-damage|p2a: Slowking|83/100
|
|-heal|p1a: your mom|73/100|[from] item: Black Sludge
|upkeep
|turn|80
|
|t:|1610693815
|switch|p1a: kate upton|Blissey, F|71/100
|move|p2a: Slowking|Sludge Bomb|p1a: kate upton
|-damage|p1a: kate upton|55/100
|
|upkeep
|turn|81
|
|t:|1610693822
|switch|p2a: Rillaboom|Rillaboom, M|100/100
|-fieldstart|move: Grassy Terrain|[from] ability: Grassy Surge|[of] p2a: Rillaboom
|move|p1a: kate upton|Soft-Boiled|p1a: kate upton
|-heal|p1a: kate upton|100/100
|
|upkeep
|turn|82
|
|t:|1610693826
|switch|p1a: mia khalifa|Mandibuzz, F, shiny|55/100
|-damage|p1a: mia khalifa|30/100|[from] Stealth Rock
|move|p2a: Rillaboom|Swords Dance|p2a: Rillaboom
|-boost|p2a: Rillaboom|atk|2
|
|upkeep
|turn|83
|j| impactx
|
|t:|1610693829
|move|p2a: Rillaboom|Superpower|p1a: mia khalifa
|-damage|p1a: mia khalifa|0 fnt
|-unboost|p2a: Rillaboom|atk|1
|-unboost|p2a: Rillaboom|def|1
|faint|p1a: mia khalifa
|
|upkeep
|c|☆dealtests|yeah i lost
|l| impactx
|
|t:|1610693833
|switch|p1a: your mom|Toxapex, F, shiny|100/100
|-damage|p1a: your mom|88/100|[from] Stealth Rock
|turn|84
|
|t:|1610693840
|switch|p2a: Slowking|Slowking-Galar, F|100/100
|move|p1a: your mom|Scald|p2a: Slowking
|-damage|p2a: Slowking|91/100
|-status|p2a: Slowking|brn
|
|-heal|p2a: Slowking|97/100 brn|[from] Grassy Terrain
|-heal|p1a: your mom|94/100|[from] Grassy Terrain
|-heal|p1a: your mom|99/100|[from] item: Black Sludge
|-damage|p2a: Slowking|91/100 brn|[from] brn
|upkeep
|turn|85
|
|t:|1610693843
|switch|p1a: kate upton|Blissey, F|100/100
|move|p2a: Slowking|Future Sight|p1a: kate upton
|-start|p2a: Slowking|move: Future Sight
|
|-heal|p2a: Slowking|97/100 brn|[from] Grassy Terrain
|-fieldend|move: Grassy Terrain
|-damage|p2a: Slowking|91/100 brn|[from] brn
|upkeep
|turn|86
|
|t:|1610693846
|switch|p2a: Rillaboom|Rillaboom, M|100/100
|-fieldstart|move: Grassy Terrain|[from] ability: Grassy Surge|[of] p2a: Rillaboom
|move|p1a: kate upton|Teleport|p1a: kate upton
|c|☆dealtests|meh
|
|t:|1610693849
|switch|p1a: your mom|Toxapex, F, shiny|100/100|[from]move: Teleport
|-damage|p1a: your mom|88/100|[from] Stealth Rock
|
|-heal|p1a: your mom|94/100|[from] Grassy Terrain
|-heal|p1a: your mom|99/100|[from] item: Black Sludge
|upkeep
|turn|87
|
|t:|1610693858
|move|p2a: Rillaboom|Swords Dance|p2a: Rillaboom
|-boost|p2a: Rillaboom|atk|2
|move|p1a: your mom|Scald|p2a: Rillaboom
|-resisted|p2a: Rillaboom
|-damage|p2a: Rillaboom|91/100
|
|-end|p1a: your mom|move: Future Sight
|-supereffective|p1a: your mom
|-damage|p1a: your mom|18/100
|-heal|p2a: Rillaboom|97/100|[from] Grassy Terrain
|-heal|p2a: Rillaboom|100/100|[from] item: Leftovers
|-heal|p1a: your mom|24/100|[from] Grassy Terrain
|-heal|p1a: your mom|30/100|[from] item: Black Sludge
|upkeep
|turn|88
|-message|dealtests forfeited.
|
|win|Contorted Lies
|c|☆dealtests|gg
|raw|dealtests's rating: 1773 &rarr; <strong>1752</strong><br />(-21 for losing)
|raw|Contorted Lies's rating: 1762 &rarr; <strong>1783</strong><br />(+21 for winning)
|l|☆Contorted Lies
|c|☆dealtests|well played on killing my shit
|l|☆dealtests
|c| air isn't fair|lol
|c| I watch kids|This dude weird
