|j|☆bramitoboy
|j|☆minimax_ai
|t:|1667469767
|gametype|singles
|player|p1|bramitoboy|1|1789
|player|p2|minimax_ai|lusamine-nihilego|1697
|teamsize|p1|6
|teamsize|p2|6
|gen|8
|tier|[Gen 8] OU
|rated|
|rule|Sleep Clause Mod: Limit one foe put to sleep
|rule|Species Clause: Limit one of each Pokémon
|rule|OHKO Clause: OHKO moves are banned
|rule|Evasion Items Clause: Evasion items are banned
|rule|Evasion Moves Clause: Evasion moves are banned
|rule|Endless Battle Clause: Forcing endless battles is banned
|rule|HP Percentage Mod: HP is shown in percentages
|rule|Dynamax Clause: You cannot dynamax
|clearpoke
|poke|p1|Zarude-Dada|
|poke|p1|Keldeo-Resolute|
|poke|p1|Tapu Lele|
|poke|p1|Tapu Koko|
|poke|p1|Heatran, F|
|poke|p1|Landorus-Therian, M|
|poke|p2|Rotom-Wash|
|poke|p2|Weavile, M|
|poke|p2|Landorus-Therian, M|
|poke|p2|Heatran, M|
|poke|p2|Tangrowth, M|
|poke|p2|Melmetal|
|teampreview
|c|☆minimax_ai|hf
|inactive|Battle timer is ON: inactive players will automatically lose when time's up. (requested by minimax_ai)
|
|t:|1667469773
|start
|switch|p1a: Tapu Lele|Tapu Lele|100/100
|switch|p2a: Melmetal|Melmetal|100/100
|-fieldstart|move: Psychic Terrain|[from] ability: Psychic Surge|[of] p1a: Tapu Lele
|turn|1
|
|t:|1667469778
|switch|p1a: Landorus|Landorus-Therian, M|100/100
|-ability|p1a: Landorus|Intimidate|boost
|-unboost|p2a: Melmetal|atk|1
|move|p2a: Melmetal|Double Iron Bash|p1a: Landorus
|-damage|p1a: Landorus|81/100
|-damage|p2a: Melmetal|84/100|[from] item: Rocky Helmet|[of] p1a: Landorus
|-damage|p1a: Landorus|62/100
|-damage|p2a: Melmetal|67/100|[from] item: Rocky Helmet|[of] p1a: Landorus
|-hitcount|p1a: Landorus|2
|
|upkeep
|turn|2
|
|t:|1667469783
|move|p1a: Landorus|Toxic|p2a: Melmetal|[miss]
|-miss|p1a: Landorus|p2a: Melmetal
|move|p2a: Melmetal|Ice Punch|p1a: Landorus
|-supereffective|p1a: Landorus
|-damage|p1a: Landorus|0 fnt
|-damage|p2a: Melmetal|51/100|[from] item: Rocky Helmet|[of] p1a: Landorus
|faint|p1a: Landorus
|
|upkeep
|
|t:|1667469788
|switch|p1a: Keldeo|Keldeo-Resolute|100/100
|turn|3
|
|t:|1667469791
|switch|p2a: rotomwash|Rotom-Wash|100/100
|move|p1a: Keldeo|Calm Mind|p1a: Keldeo
|-boost|p1a: Keldeo|spa|1
|-boost|p1a: Keldeo|spd|1
|
|upkeep
|turn|4
|
|t:|1667469795
|move|p1a: Keldeo|Secret Sword|p2a: rotomwash
|-damage|p2a: rotomwash|36/100
|move|p2a: rotomwash|Pain Split|p1a: Keldeo
|-sethp|p1a: Keldeo|67/100|[from] move: Pain Split|[silent]
|-sethp|p2a: rotomwash|72/100|[from] move: Pain Split
|
|-heal|p1a: Keldeo|73/100|[from] item: Leftovers
|-heal|p2a: rotomwash|78/100|[from] item: Leftovers
|upkeep
|turn|5
|
|t:|1667469801
|move|p1a: Keldeo|Secret Sword|p2a: rotomwash
|-damage|p2a: rotomwash|4/100
|move|p2a: rotomwash|Thunderbolt|p1a: Keldeo
|-supereffective|p1a: Keldeo
|-damage|p1a: Keldeo|21/100
|
|-heal|p1a: Keldeo|28/100|[from] item: Leftovers
|-heal|p2a: rotomwash|10/100|[from] item: Leftovers
|-fieldend|move: Psychic Terrain
|upkeep
|turn|6
|
|t:|1667469806
|switch|p2a: Tangrowth|Tangrowth, M|100/100
|move|p1a: Keldeo|Scald|p2a: Tangrowth
|-resisted|p2a: Tangrowth
|-damage|p2a: Tangrowth|54/100
|-status|p2a: Tangrowth|brn
|
|-heal|p1a: Keldeo|34/100|[from] item: Leftovers
|-damage|p2a: Tangrowth|48/100 brn|[from] brn
|upkeep
|turn|7
|
|t:|1667469812
|move|p1a: Keldeo|Scald|p2a: Tangrowth
|-resisted|p2a: Tangrowth
|-damage|p2a: Tangrowth|3/100 brn
|move|p2a: Tangrowth|Giga Drain|p1a: Keldeo
|-supereffective|p1a: Keldeo
|-damage|p1a: Keldeo|0 fnt
|-heal|p2a: Tangrowth|16/100 brn|[from] drain|[of] p1a: Keldeo
|faint|p1a: Keldeo
|
|-damage|p2a: Tangrowth|10/100 brn|[from] brn
|upkeep
|
|t:|1667469818
|switch|p1a: Tapu Lele|Tapu Lele|100/100
|-fieldstart|move: Psychic Terrain|[from] ability: Psychic Surge|[of] p1a: Tapu Lele
|turn|8
|
|t:|1667469821
|switch|p2a: rotomwash|Rotom-Wash|10/100
|move|p1a: Tapu Lele|Focus Blast|p2a: rotomwash
|-damage|p2a: rotomwash|0 fnt
|faint|p2a: rotomwash
|
|upkeep
|
|t:|1667469822
|switch|p2a: Weavile|Weavile, M|100/100
|-ability|p2a: Weavile|Pressure
|turn|9
|
|t:|1667469828
|switch|p1a: Heatran|Heatran, F|100/100
|-item|p1a: Heatran|Air Balloon
|move|p2a: Weavile|Knock Off|p1a: Heatran
|-damage|p1a: Heatran|39/100
|-enditem|p1a: Heatran|Air Balloon
|
|upkeep
|turn|10
|
|t:|1667469834
|move|p2a: Weavile|Knock Off|p1a: Heatran
|-damage|p1a: Heatran|2/100
|move|p1a: Heatran|Magma Storm|p2a: Weavile
|-supereffective|p2a: Weavile
|-damage|p2a: Weavile|0 fnt
|faint|p2a: Weavile
|
|upkeep
|
|t:|1667469834
|switch|p2a: Tangrowth|Tangrowth, M|43/100 brn
|turn|11
|
|t:|1667469841
|switch|p2a: landorustherian|Landorus-Therian, M|100/100
|-ability|p2a: landorustherian|Intimidate|boost
|-unboost|p1a: Heatran|atk|1
|move|p1a: Heatran|Stealth Rock|p2a: landorustherian
|-sidestart|p2: minimax_ai|move: Stealth Rock
|
|upkeep
|turn|12
|
|t:|1667469846
|move|p2a: landorustherian|Earthquake|p1a: Heatran
|-supereffective|p1a: Heatran
|-damage|p1a: Heatran|0 fnt
|faint|p1a: Heatran
|
|-fieldend|move: Psychic Terrain
|upkeep
|
|t:|1667469850
|switch|p1a: Tapu Lele|Tapu Lele|100/100
|-fieldstart|move: Psychic Terrain|[from] ability: Psychic Surge|[of] p1a: Tapu Lele
|turn|13
|
|t:|1667469854
|move|p1a: Tapu Lele|Psyshock|p2a: landorustherian
|-damage|p2a: landorustherian|41/100
|move|p2a: landorustherian|U-turn|p1a: Tapu Lele
|-damage|p1a: Tapu Lele|65/100
|
|t:|1667469854
|switch|p2a: Melmetal|Melmetal|51/100|[from]move: U-turn
|-damage|p2a: Melmetal|45/100|[from] Stealth Rock
|
|upkeep
|turn|14
|
|t:|1667469859
|move|p1a: Tapu Lele|Focus Blast|p2a: Melmetal
|-supereffective|p2a: Melmetal
|-damage|p2a: Melmetal|0 fnt
|faint|p2a: Melmetal
|
|upkeep
|
|t:|1667469859
|switch|p2a: Heatran|Heatran, M|100/100
|-damage|p2a: Heatran|88/100|[from] Stealth Rock
|-item|p2a: Heatran|Air Balloon
|turn|15
|j| VXVCXXCXXX
|
|t:|1667469867
|move|p1a: Tapu Lele|Focus Blast|p2a: Heatran
|-supereffective|p2a: Heatran
|-damage|p2a: Heatran|1/100
|-enditem|p2a: Heatran|Air Balloon
|move|p2a: Heatran|Magma Storm|p1a: Tapu Lele|[miss]
|-miss|p2a: Heatran|p1a: Tapu Lele
|
|upkeep
|turn|16
|
|t:|1667469873
|move|p1a: Tapu Lele|Psyshock|p2a: Heatran
|-resisted|p2a: Heatran
|-damage|p2a: Heatran|0 fnt
|faint|p2a: Heatran
|
|upkeep
|
|t:|1667469873
|switch|p2a: Tangrowth|Tangrowth, M|76/100 brn
|-damage|p2a: Tangrowth|64/100 brn|[from] Stealth Rock
|turn|17
|
|t:|1667469876
|switch|p2a: landorustherian|Landorus-Therian, M|41/100
|-damage|p2a: landorustherian|29/100|[from] Stealth Rock
|-ability|p2a: landorustherian|Intimidate|boost
|-unboost|p1a: Tapu Lele|atk|1
|move|p1a: Tapu Lele|Moonblast|p2a: landorustherian
|-damage|p2a: landorustherian|0 fnt
|faint|p2a: landorustherian
|
|-fieldend|move: Psychic Terrain
|upkeep
|
|t:|1667469876
|switch|p2a: Tangrowth|Tangrowth, M|97/100 brn
|-damage|p2a: Tangrowth|85/100 brn|[from] Stealth Rock
|turn|18
|
|t:|1667469879
|move|p1a: Tapu Lele|Moonblast|p2a: Tangrowth
|-damage|p2a: Tangrowth|0 fnt
|faint|p2a: Tangrowth
|
|win|bramitoboy
|raw|bramitoboy's rating: 1789 &rarr; <strong>1804</strong><br />(+15 for winning)
|raw|minimax_ai's rating: 1697 &rarr; <strong>1682</strong><br />(-15 for losing)
|c|☆minimax_ai|gg
