|j|☆javivivivi
|j|☆Shootingwolf
|t:|1604799936
|player|p1|javivivivi|1|1689
|player|p2|Shootingwolf|erika|1638
|teamsize|p1|6
|teamsize|p2|6
|gametype|singles
|gen|8
|tier|[Gen 8] OU
|rated|
|clearpoke
|poke|p1|Salamence, M|
|poke|p1|Pelipper, F|
|poke|p1|Barraskewda, M|
|poke|p1|Ferrothorn, F|
|poke|p1|Zygarde|
|poke|p1|Zeraora|
|poke|p2|Mandibuzz, F|
|poke|p2|Pheromosa|
|poke|p2|Tapu Fini|
|poke|p2|Kyurem-Black|
|poke|p2|Landorus-Therian, M|
|poke|p2|Magearna|
|rule|Sleep Clause Mod: Limit one foe put to sleep
|rule|Species Clause: Limit one of each Pokémon
|rule|OHKO Clause: OHKO moves are banned
|rule|Evasion Moves Clause: Evasion moves are banned
|rule|Endless Battle Clause: Forcing endless battles is banned
|rule|HP Percentage Mod: HP is shown in percentages
|rule|Dynamax Clause: You cannot dynamax
|teampreview
|inactive|Battle timer is ON: inactive players will automatically lose when time's up. (requested by Shootingwolf)
|c|☆Shootingwolf|。
|inactive|javivivivi has 120 seconds left.
|
|t:|1604800007
|start
|switch|p1a: Salamence|Salamence, M|100/100
|switch|p2a: Magearna|Magearna|100/100
|-ability|p1a: Salamence|Intimidate|boost
|-unboost|p2a: Magearna|atk|1
|turn|1
|
|t:|1604800026
|move|p1a: Salamence|Fire Blast|p2a: Magearna
|-supereffective|p2a: Magearna
|-damage|p2a: Magearna|11/100
|move|p2a: Magearna|Volt Switch|p1a: Salamence
|-crit|p1a: Salamence
|-damage|p1a: Salamence|39/100
|
|t:|1604800037
|switch|p2a: Tapu Fini|Tapu Fini|100/100|[from]move: Volt Switch
|-fieldstart|move: Misty Terrain|[from] ability: Misty Surge|[of] p2a: Tapu Fini
|
|upkeep
|turn|2
|
|t:|1604800043
|switch|p1a: Zeraora|Zeraora|100/100
|move|p2a: Tapu Fini|Taunt|p1a: Zeraora
|-start|p1a: Zeraora|move: Taunt
|
|upkeep
|turn|3
|
|t:|1604800048
|switch|p2a: Landorus|Landorus-Therian, M|100/100
|-ability|p2a: Landorus|Intimidate|boost
|-unboost|p1a: Zeraora|atk|1
|move|p1a: Zeraora|Knock Off|p2a: Landorus
|-damage|p2a: Landorus|89/100
|-damage|p1a: Zeraora|84/100|[from] item: Rocky Helmet|[of] p2a: Landorus
|-enditem|p2a: Landorus|Rocky Helmet|[from] move: Knock Off|[of] p1a: Zeraora
|
|upkeep
|turn|4
|
|t:|1604800059
|switch|p1a: Pelipper|Pelipper, F|100/100
|-weather|RainDance|[from] ability: Drizzle|[of] p1a: Pelipper
|move|p2a: Landorus|Stealth Rock|p1a: Pelipper
|-sidestart|p1: javivivivi|move: Stealth Rock
|
|-weather|RainDance|[upkeep]
|upkeep
|turn|5
|
|t:|1604800064
|move|p2a: Landorus|U-turn|p1a: Pelipper
|-resisted|p1a: Pelipper
|-damage|p1a: Pelipper|92/100
|
|t:|1604800068
|switch|p2a: Kyurem|Kyurem-Black|100/100|[from]move: U-turn
|-ability|p2a: Kyurem|Teravolt
|move|p1a: Pelipper|Defog|p2a: Kyurem
|-unboost|p2a: Kyurem|evasion|1
|-sideend|p1: javivivivi|Stealth Rock|[from] move: Defog|[of] p1a: Pelipper
|-fieldend|Misty Terrain
|
|-weather|RainDance|[upkeep]
|upkeep
|turn|6
|
|t:|1604800075
|move|p2a: Kyurem|Dragon Dance|p2a: Kyurem
|-boost|p2a: Kyurem|atk|1
|-boost|p2a: Kyurem|spe|1
|move|p1a: Pelipper|U-turn|p2a: Kyurem
|-damage|p2a: Kyurem|92/100
|
|t:|1604800077
|switch|p1a: Barraskewda|Barraskewda, M, shiny|100/100|[from]move: U-turn
|
|-weather|RainDance|[upkeep]
|upkeep
|turn|7
|
|t:|1604800081
|switch|p2a: Landorus|Landorus-Therian, M|89/100
|-ability|p2a: Landorus|Intimidate|boost
|-unboost|p1a: Barraskewda|atk|1
|move|p1a: Barraskewda|Close Combat|p2a: Landorus
|-resisted|p2a: Landorus
|-damage|p2a: Landorus|73/100
|-unboost|p1a: Barraskewda|def|1
|-unboost|p1a: Barraskewda|spd|1
|
|-weather|RainDance|[upkeep]
|upkeep
|turn|8
|
|t:|1604800094
|switch|p1a: Zygarde|Zygarde|100/100
|-ability|p1a: Zygarde|Aura Break
|move|p2a: Landorus|Stealth Rock|p1a: Zygarde
|-sidestart|p1: javivivivi|move: Stealth Rock
|
|-weather|RainDance|[upkeep]
|upkeep
|turn|9
|
|t:|1604800097
|move|p1a: Zygarde|Toxic|p2a: Landorus
|-status|p2a: Landorus|tox
|move|p2a: Landorus|Toxic|p1a: Zygarde
|-status|p1a: Zygarde|tox
|
|-weather|RainDance|[upkeep]
|-damage|p1a: Zygarde|94/100 tox|[from] psn
|-damage|p2a: Landorus|67/100 tox|[from] psn
|upkeep
|turn|10
|
|t:|1604800104
|switch|p1a: Pelipper|Pelipper, F|92/100
|-damage|p1a: Pelipper|67/100|[from] Stealth Rock
|move|p2a: Landorus|U-turn|p1a: Pelipper
|-resisted|p1a: Pelipper
|-damage|p1a: Pelipper|58/100
|
|t:|1604800110
|switch|p2a: Magearna|Magearna|11/100|[from]move: U-turn
|
|-weather|RainDance|[upkeep]
|upkeep
|turn|11
|
|t:|1604800118
|switch|p1a: Ferrothorn|Ferrothorn, F|100/100
|-damage|p1a: Ferrothorn|94/100|[from] Stealth Rock
|move|p2a: Magearna|Fleur Cannon|p1a: Ferrothorn
|-resisted|p1a: Ferrothorn
|-damage|p1a: Ferrothorn|63/100
|-unboost|p2a: Magearna|spa|2
|
|-weather|none
|upkeep
|turn|12
|
|t:|1604800128
|switch|p2a: Landorus|Landorus-Therian, M|67/100 tox
|-ability|p2a: Landorus|Intimidate|boost
|-unboost|p1a: Ferrothorn|atk|1
|move|p1a: Ferrothorn|Gyro Ball|p2a: Landorus
|-damage|p2a: Landorus|46/100 tox
|
|-damage|p2a: Landorus|39/100 tox|[from] psn
|upkeep
|turn|13
|
|t:|1604800137
|move|p2a: Landorus|Earthquake|p1a: Ferrothorn
|-damage|p1a: Ferrothorn|26/100
|move|p1a: Ferrothorn|Leech Seed|p2a: Landorus
|-start|p2a: Landorus|move: Leech Seed
|
|-damage|p2a: Landorus|27/100 tox|[from] Leech Seed|[of] p1a: Ferrothorn
|-heal|p1a: Ferrothorn|39/100|[silent]
|-damage|p2a: Landorus|15/100 tox|[from] psn
|upkeep
|turn|14
|
|t:|1604800144
|switch|p2a: Magearna|Magearna|11/100
|switch|p1a: Pelipper|Pelipper, F|58/100
|-damage|p1a: Pelipper|34/100|[from] Stealth Rock
|-weather|RainDance|[from] ability: Drizzle|[of] p1a: Pelipper
|
|-weather|RainDance|[upkeep]
|upkeep
|turn|15
|
|t:|1604800154
|switch|p1a: Ferrothorn|Ferrothorn, F|39/100
|-damage|p1a: Ferrothorn|33/100|[from] Stealth Rock
|move|p2a: Magearna|Fleur Cannon|p1a: Ferrothorn
|-resisted|p1a: Ferrothorn
|-damage|p1a: Ferrothorn|4/100
|-unboost|p2a: Magearna|spa|2
|
|-weather|RainDance|[upkeep]
|upkeep
|turn|16
|l|☆Shootingwolf
|inactive|Shootingwolf disconnected and has a minute to reconnect!
|player|p2|
|j|☆Shootingwolf
|inactive|Shootingwolf reconnected and has 120 seconds left.
|player|p2|Shootingwolf|erika
|
|t:|1604800189
|move|p2a: Magearna|Fleur Cannon|p1a: Ferrothorn
|-resisted|p1a: Ferrothorn
|-damage|p1a: Ferrothorn|0 fnt
|-unboost|p2a: Magearna|spa|2
|faint|p1a: Ferrothorn
|-ability|p2a: Magearna|Soul-Heart|boost
|-boost|p2a: Magearna|spa|1
|
|-weather|RainDance|[upkeep]
|upkeep
|
|t:|1604800197
|switch|p1a: Zeraora|Zeraora|84/100
|turn|17
|
|t:|1604800204
|switch|p2a: Landorus|Landorus-Therian, M|15/100 tox
|-ability|p2a: Landorus|Intimidate|boost
|-unboost|p1a: Zeraora|atk|1
|move|p1a: Zeraora|Volt Switch|p2a: Landorus
|-immune|p2a: Landorus
|
|-weather|RainDance|[upkeep]
|-damage|p2a: Landorus|8/100 tox|[from] psn
|upkeep
|turn|18
|
|t:|1604800211
|move|p1a: Zeraora|Grass Knot|p2a: Landorus
|-damage|p2a: Landorus|0 fnt
|faint|p2a: Landorus
|
|-weather|RainDance|[upkeep]
|upkeep
|
|t:|1604800216
|switch|p2a: Pheromosa|Pheromosa|100/100
|turn|19
|
|t:|1604800222
|switch|p1a: Salamence|Salamence, M|39/100
|-damage|p1a: Salamence|14/100|[from] Stealth Rock
|-ability|p1a: Salamence|Intimidate|boost
|-unboost|p2a: Pheromosa|atk|1
|move|p2a: Pheromosa|Close Combat|p1a: Salamence
|-resisted|p1a: Salamence
|-damage|p1a: Salamence|0 fnt
|-unboost|p2a: Pheromosa|def|1
|-unboost|p2a: Pheromosa|spd|1
|faint|p1a: Salamence
|-ability|p2a: Pheromosa|Beast Boost|boost
|-boost|p2a: Pheromosa|atk|1
|
|-weather|RainDance|[upkeep]
|upkeep
|
|t:|1604800230
|switch|p1a: Barraskewda|Barraskewda, M, shiny|100/100
|-damage|p1a: Barraskewda|88/100|[from] Stealth Rock
|turn|20
|
|t:|1604800237
|switch|p2a: Magearna|Magearna|11/100
|move|p1a: Barraskewda|Flip Turn|p2a: Magearna
|-damage|p2a: Magearna|0 fnt
|faint|p2a: Magearna
|
|t:|1604800244
|switch|p1a: Zeraora|Zeraora|84/100|[from]move: Flip Turn
|
|-weather|RainDance|[upkeep]
|upkeep
|
|t:|1604800248
|switch|p2a: Pheromosa|Pheromosa|100/100
|turn|21
|
|t:|1604800268
|switch|p1a: Pelipper|Pelipper, F|34/100
|-damage|p1a: Pelipper|9/100|[from] Stealth Rock
|move|p2a: Pheromosa|U-turn|p1a: Pelipper
|-resisted|p1a: Pelipper
|-damage|p1a: Pelipper|0 fnt
|faint|p1a: Pelipper
|-ability|p2a: Pheromosa|Beast Boost|boost
|-boost|p2a: Pheromosa|atk|1
|
|t:|1604800279
|switch|p2a: Mandibuzz|Mandibuzz, F|100/100|[from]move: U-turn
|
|-weather|none
|upkeep
|
|t:|1604800286
|switch|p1a: Zeraora|Zeraora|84/100
|turn|22
|
|t:|1604800293
|move|p1a: Zeraora|Knock Off|p2a: Mandibuzz
|-resisted|p2a: Mandibuzz
|-damage|p2a: Mandibuzz|91/100
|-enditem|p2a: Mandibuzz|Heavy-Duty Boots|[from] move: Knock Off|[of] p1a: Zeraora
|move|p2a: Mandibuzz|Foul Play|p1a: Zeraora
|-damage|p1a: Zeraora|33/100
|
|upkeep
|turn|23
|
|t:|1604800299
|move|p1a: Zeraora|Thunder|p2a: Mandibuzz|[miss]
|-miss|p1a: Zeraora|p2a: Mandibuzz
|move|p2a: Mandibuzz|Foul Play|p1a: Zeraora
|-damage|p1a: Zeraora|0 fnt
|faint|p1a: Zeraora
|
|upkeep
|
|t:|1604800306
|switch|p1a: Zygarde|Zygarde|94/100 tox
|-damage|p1a: Zygarde|88/100 tox|[from] Stealth Rock
|-ability|p1a: Zygarde|Aura Break
|turn|24
|
|t:|1604800311
|move|p1a: Zygarde|Thousand Arrows|p2a: Mandibuzz
|-damage|p2a: Mandibuzz|37/100
|-start|p2a: Mandibuzz|Smack Down
|move|p2a: Mandibuzz|Foul Play|p1a: Zygarde
|-damage|p1a: Zygarde|53/100 tox
|
|-damage|p1a: Zygarde|46/100 tox|[from] psn
|upkeep
|turn|25
|
|t:|1604800319
|move|p1a: Zygarde|Thousand Arrows|p2a: Mandibuzz
|-damage|p2a: Mandibuzz|0 fnt
|faint|p2a: Mandibuzz
|
|-damage|p1a: Zygarde|34/100 tox|[from] psn
|upkeep
|
|t:|1604800326
|switch|p2a: Tapu Fini|Tapu Fini|100/100
|-fieldstart|move: Misty Terrain|[from] ability: Misty Surge|[of] p2a: Tapu Fini
|turn|26
|
|t:|1604800329
|move|p1a: Zygarde|Thousand Arrows|p2a: Tapu Fini
|-damage|p2a: Tapu Fini|53/100
|move|p2a: Tapu Fini|Moonblast|p1a: Zygarde
|-supereffective|p1a: Zygarde
|-damage|p1a: Zygarde|0 fnt
|faint|p1a: Zygarde
|
|-heal|p2a: Tapu Fini|59/100|[from] item: Leftovers
|upkeep
|
|t:|1604800333
|switch|p1a: Barraskewda|Barraskewda, M, shiny|88/100
|-damage|p1a: Barraskewda|76/100|[from] Stealth Rock
|turn|27
|
|t:|1604800335
|move|p1a: Barraskewda|Psychic Fangs|p2a: Tapu Fini
|-damage|p2a: Tapu Fini|30/100
|move|p2a: Tapu Fini|Moonblast|p1a: Barraskewda
|-damage|p1a: Barraskewda|5/100
|
|-heal|p2a: Tapu Fini|36/100|[from] item: Leftovers
|upkeep
|turn|28
|
|t:|1604800340
|move|p1a: Barraskewda|Psychic Fangs|p2a: Tapu Fini
|-damage|p2a: Tapu Fini|4/100
|move|p2a: Tapu Fini|Moonblast|p1a: Barraskewda
|-damage|p1a: Barraskewda|0 fnt
|faint|p1a: Barraskewda
|
|win|Shootingwolf
|l|☆javivivivi
