|raw|<div class="broadcast-blue"><strong>This battle is required to be public due to a player having a name starting with 'lt91bb'.</div>
|j|☆LT91BB rrm
|j|☆Maitredouard2
|t:|1659018840
|gametype|singles
|player|p1|LT91BB rrm|lady|1760
|player|p2|Maitredouard2|lance|1697
|teamsize|p1|6
|teamsize|p2|6
|gen|8
|tier|[Gen 8] OU
|rated|
|rule|Sleep Clause Mod: Limit one foe put to sleep
|rule|Species Clause: Limit one of each Pokémon
|rule|OHKO Clause: OHKO moves are banned
|rule|Evasion Moves Clause: Evasion moves are banned
|rule|Endless Battle Clause: Forcing endless battles is banned
|rule|HP Percentage Mod: HP is shown in percentages
|rule|Dynamax Clause: You cannot dynamax
|clearpoke
|poke|p1|Tapu Lele|
|poke|p1|Blissey, F|
|poke|p1|Urshifu-*, F|
|poke|p1|Landorus-Therian, M|
|poke|p1|Heatran, F|
|poke|p1|Slowbro, M|
|poke|p2|Mandibuzz, F|
|poke|p2|Landorus-Therian, M|
|poke|p2|Blissey, F|
|poke|p2|Heatran, F|
|poke|p2|Toxapex, M|
|poke|p2|Tapu Lele|
|teampreview
|inactive|Battle timer is ON: inactive players will automatically lose when time's up. (requested by Maitredouard2)
|
|t:|1659018869
|start
|switch|p1a: Landorus|Landorus-Therian, M|100/100
|switch|p2a: Mandibuzz|Mandibuzz, F|100/100
|-ability|p1a: Landorus|Intimidate|boost
|-unboost|p2a: Mandibuzz|atk|1
|turn|1
|
|t:|1659018878
|move|p1a: Landorus|Knock Off|p2a: Mandibuzz
|-resisted|p2a: Mandibuzz
|-damage|p2a: Mandibuzz|91/100
|-enditem|p2a: Mandibuzz|Heavy-Duty Boots|[from] move: Knock Off|[of] p1a: Landorus
|move|p2a: Mandibuzz|Toxic|p1a: Landorus
|-status|p1a: Landorus|tox
|
|-damage|p1a: Landorus|94/100 tox|[from] psn
|upkeep
|turn|2
|
|t:|1659018897
|move|p1a: Landorus|U-turn|p2a: Mandibuzz
|-damage|p2a: Mandibuzz|77/100
|
|t:|1659018898
|switch|p1a: Heatran|Heatran, F|100/100|[from]move: U-turn
|move|p2a: Mandibuzz|Foul Play|p1a: Heatran
|-damage|p1a: Heatran|81/100
|
|-heal|p1a: Heatran|87/100|[from] item: Leftovers
|upkeep
|turn|3
|
|t:|1659018907
|move|p1a: Heatran|Stealth Rock|p2a: Mandibuzz
|-sidestart|p2: Maitredouard2|move: Stealth Rock
|move|p2a: Mandibuzz|Taunt|p1a: Heatran
|-start|p1a: Heatran|move: Taunt
|
|-heal|p1a: Heatran|94/100|[from] item: Leftovers
|upkeep
|turn|4
|
|t:|1659018920
|switch|p2a: Heatran|Heatran, F|100/100
|-damage|p2a: Heatran|88/100|[from] Stealth Rock
|-item|p2a: Heatran|Air Balloon
|move|p1a: Heatran|Magma Storm|p2a: Heatran
|-start|p2a: Heatran|ability: Flash Fire
|
|-heal|p1a: Heatran|99/100|[from] item: Leftovers
|upkeep
|turn|5
|
|t:|1659018941
|switch|p1a: Urshifu|Urshifu-Rapid-Strike, F|100/100
|move|p2a: Heatran|Magma Storm|p1a: Urshifu
|-resisted|p1a: Urshifu
|-damage|p1a: Urshifu|40/100
|-activate|p1a: Urshifu|move: Magma Storm|[of] p2a: Heatran
|
|-damage|p1a: Urshifu|27/100|[from] move: Magma Storm|[partiallytrapped]
|upkeep
|turn|6
|
|t:|1659018960
|-end|p2a: Heatran|ability: Flash Fire|[silent]
|switch|p2a: Toxapex|Toxapex, M|100/100
|-damage|p2a: Toxapex|88/100|[from] Stealth Rock
|move|p1a: Urshifu|Surging Strikes|p2a: Toxapex
|-resisted|p2a: Toxapex
|-crit|p2a: Toxapex
|-damage|p2a: Toxapex|82/100
|-damage|p1a: Urshifu|11/100|[from] item: Rocky Helmet|[of] p2a: Toxapex
|-resisted|p2a: Toxapex
|-crit|p2a: Toxapex
|-damage|p2a: Toxapex|76/100
|-damage|p1a: Urshifu|0 fnt|[from] item: Rocky Helmet|[of] p2a: Toxapex
|faint|p1a: Urshifu
|-hitcount|p2a: Toxapex|2
|
|upkeep
|
|t:|1659018964
|switch|p1a: Tapu Lele|Tapu Lele|100/100
|-fieldstart|move: Psychic Terrain|[from] ability: Psychic Surge|[of] p1a: Tapu Lele
|turn|7
|inactive|Maitredouard2 has 120 seconds left.
|
|t:|1659018995
|switch|p2a: Tapu Lele|Tapu Lele|100/100
|-damage|p2a: Tapu Lele|88/100|[from] Stealth Rock
|move|p1a: Tapu Lele|Psyshock|p2a: Tapu Lele
|-resisted|p2a: Tapu Lele
|-damage|p2a: Tapu Lele|27/100
|
|upkeep
|turn|8
|inactive|Maitredouard2 has 120 seconds left.
|
|t:|1659019007
|move|p2a: Tapu Lele|Psyshock|p1a: Tapu Lele
|-resisted|p1a: Tapu Lele
|-damage|p1a: Tapu Lele|37/100
|move|p1a: Tapu Lele|Psyshock|p2a: Tapu Lele
|-resisted|p2a: Tapu Lele
|-damage|p2a: Tapu Lele|0 fnt
|faint|p2a: Tapu Lele
|
|upkeep
|
|t:|1659019016
|switch|p2a: Landorus|Landorus-Therian, M|100/100
|-damage|p2a: Landorus|88/100|[from] Stealth Rock
|-ability|p2a: Landorus|Intimidate|boost
|-unboost|p1a: Tapu Lele|atk|1
|turn|9
|inactive|Maitredouard2 has 120 seconds left.
|
|t:|1659019021
|switch|p1a: Slowbro|Slowbro, M|100/100
|move|p2a: Landorus|Knock Off|p1a: Slowbro
|-supereffective|p1a: Slowbro
|-damage|p1a: Slowbro|57/100
|-damage|p2a: Landorus|71/100|[from] item: Rocky Helmet|[of] p1a: Slowbro
|-enditem|p1a: Slowbro|Rocky Helmet|[from] move: Knock Off|[of] p2a: Landorus
|
|upkeep
|turn|10
|
|t:|1659019031
|move|p2a: Landorus|Knock Off|p1a: Slowbro
|-supereffective|p1a: Slowbro
|-damage|p1a: Slowbro|28/100
|move|p1a: Slowbro|Future Sight|p2a: Landorus
|-start|p1a: Slowbro|move: Future Sight
|
|upkeep
|turn|11
|
|t:|1659019036
|switch|p1a: Landorus|Landorus-Therian, M|94/100 tox
|-ability|p1a: Landorus|Intimidate|boost
|-unboost|p2a: Landorus|atk|1
|move|p2a: Landorus|Knock Off|p1a: Landorus
|-damage|p1a: Landorus|79/100 tox
|-enditem|p1a: Landorus|Leftovers|[from] move: Knock Off|[of] p2a: Landorus
|
|-damage|p1a: Landorus|73/100 tox|[from] psn
|-fieldend|move: Psychic Terrain
|upkeep
|turn|12
|
|t:|1659019047
|switch|p2a: Mandibuzz|Mandibuzz, F|77/100
|-damage|p2a: Mandibuzz|52/100|[from] Stealth Rock
|move|p1a: Landorus|U-turn|p2a: Mandibuzz
|-damage|p2a: Mandibuzz|37/100
|
|t:|1659019051
|switch|p1a: Heatran|Heatran, F|99/100|[from]move: U-turn
|
|-end|p2a: Mandibuzz|move: Future Sight
|-immune|p2a: Mandibuzz
|-heal|p1a: Heatran|100/100|[from] item: Leftovers
|upkeep
|turn|13
|
|t:|1659019061
|switch|p2a: Heatran|Heatran, F|88/100
|-damage|p2a: Heatran|76/100|[from] Stealth Rock
|-item|p2a: Heatran|Air Balloon
|move|p1a: Heatran|Taunt|p2a: Heatran
|-start|p2a: Heatran|move: Taunt
|
|upkeep
|turn|14
|
|t:|1659019070
|switch|p1a: Blissey|Blissey, F|100/100
|move|p2a: Heatran|Magma Storm|p1a: Blissey
|-damage|p1a: Blissey|78/100
|-activate|p1a: Blissey|move: Magma Storm|[of] p2a: Heatran
|
|-damage|p1a: Blissey|66/100|[from] move: Magma Storm|[partiallytrapped]
|upkeep
|turn|15
|
|t:|1659019080
|switch|p2a: Mandibuzz|Mandibuzz, F|37/100
|-damage|p2a: Mandibuzz|12/100|[from] Stealth Rock
|move|p1a: Blissey|Teleport|p1a: Blissey
|
|t:|1659019083
|switch|p1a: Tapu Lele|Tapu Lele|37/100|[from]move: Teleport
|-fieldstart|move: Psychic Terrain|[from] ability: Psychic Surge|[of] p1a: Tapu Lele
|
|upkeep
|turn|16
|
|t:|1659019089
|move|p1a: Tapu Lele|Moonblast|p2a: Mandibuzz
|-supereffective|p2a: Mandibuzz
|-crit|p2a: Mandibuzz
|-damage|p2a: Mandibuzz|0 fnt
|faint|p2a: Mandibuzz
|
|upkeep
|
|t:|1659019095
|switch|p2a: Heatran|Heatran, F|76/100
|-damage|p2a: Heatran|63/100|[from] Stealth Rock
|-item|p2a: Heatran|Air Balloon
|turn|17
|
|t:|1659019101
|switch|p1a: Blissey|Blissey, F|66/100
|move|p2a: Heatran|Magma Storm|p1a: Blissey|[miss]
|-miss|p2a: Heatran|p1a: Blissey
|
|upkeep
|turn|18
|
|t:|1659019107
|move|p2a: Heatran|Magma Storm|p1a: Blissey|[miss]
|-miss|p2a: Heatran|p1a: Blissey
|move|p1a: Blissey|Seismic Toss|p2a: Heatran
|-damage|p2a: Heatran|37/100
|-enditem|p2a: Heatran|Air Balloon
|
|upkeep
|turn|19
|
|t:|1659019115
|move|p2a: Heatran|Magma Storm|p1a: Blissey
|-damage|p1a: Blissey|45/100
|-activate|p1a: Blissey|move: Magma Storm|[of] p2a: Heatran
|move|p1a: Blissey|Seismic Toss|p2a: Heatran
|-damage|p2a: Heatran|11/100
|
|-damage|p1a: Blissey|33/100|[from] move: Magma Storm|[partiallytrapped]
|-fieldend|move: Psychic Terrain
|upkeep
|turn|20
|
|t:|1659019125
|move|p2a: Heatran|Taunt|p1a: Blissey
|-start|p1a: Blissey|move: Taunt
|move|p1a: Blissey|Seismic Toss|p2a: Heatran
|-damage|p2a: Heatran|0 fnt
|faint|p2a: Heatran
|
|-end|p1a: Blissey|Magma Storm|[partiallytrapped]|[silent]
|upkeep
|-message|Maitredouard2 forfeited.
|
|win|LT91BB rrm
|raw|LT91BB rrm's rating: 1780 &rarr; <strong>1795</strong><br />(+15 for winning)
|raw|Maitredouard2's rating: 1697 &rarr; <strong>1682</strong><br />(-15 for losing)
|l|☆Maitredouard2
||Ladder isn't responding, score probably updated but might not have (Request timeout).
