|j|☆Drm3
|j|☆TheLucasGaming
|inactive|Battle timer is ON: inactive players will automatically lose when time's up.
|t:|1658271578
|gametype|singles
|player|p1|Drm3|gentleman|
|player|p2|TheLucasGaming|brycenman|
|teamsize|p1|6
|teamsize|p2|6
|gen|8
|tier|[Gen 8] OU
|rated|Tournament battle
|rule|Sleep Clause Mod: Limit one foe put to sleep
|rule|Species Clause: Limit one of each Pokémon
|rule|OHKO Clause: OHKO moves are banned
|rule|Evasion Moves Clause: Evasion moves are banned
|rule|Endless Battle Clause: Forcing endless battles is banned
|rule|HP Percentage Mod: HP is shown in percentages
|rule|Dynamax Clause: You cannot dynamax
|clearpoke
|poke|p1|Drapion, F|
|poke|p1|Dragapult, F|
|poke|p1|Keldeo-Resolute|
|poke|p1|Clefable, F|
|poke|p1|Jirachi|
|poke|p1|Landorus-Therian, M|
|poke|p2|Tyranitar, F|
|poke|p2|Nihilego|
|poke|p2|Excadrill, F|
|poke|p2|Slowbro, F|
|poke|p2|Dragapult, M|
|poke|p2|Ferrothorn, M|
|teampreview
|inactive|TheLucasGaming also wants the timer to be on.
|j| Zmaslan902100
|c|☆TheLucasGaming|gl
|c|☆Drm3|u2
|j| DFI02
|j| qwerfthyhgbvfcdxs
|c|☆TheLucasGaming|Cool team
|j| Echo2615
|c|☆Drm3|thks
|j| BandedAI
|
|t:|1658271599
|start
|switch|p1a: Landorus|Landorus-Therian, M|100/100
|switch|p2a: Tyranitar|Tyranitar, F|100/100
|-ability|p1a: Landorus|Intimidate|boost
|-unboost|p2a: Tyranitar|atk|1
|-weather|Sandstorm|[from] ability: Sand Stream|[of] p2a: Tyranitar
|turn|1
|
|t:|1658271606
|move|p1a: Landorus|Earthquake|p2a: Tyranitar
|-supereffective|p2a: Tyranitar
|-damage|p2a: Tyranitar|0 fnt
|faint|p2a: Tyranitar
|
|-weather|Sandstorm|[upkeep]
|upkeep
|j| sad3-ist
|j| Deadassagi
|
|t:|1658271614
|switch|p2a: Slowbro|Slowbro, F|100/100
|turn|2
|
|t:|1658271621
|switch|p1a: Jirachi|Jirachi|100/100
|move|p2a: Slowbro|Teleport|p2a: Slowbro
|
|t:|1658271624
|switch|p2a: Excadrill|Excadrill, F|100/100|[from]move: Teleport
|
|-weather|Sandstorm|[upkeep]
|upkeep
|turn|3
|
|t:|1658271630
|move|p2a: Excadrill|Swords Dance|p2a: Excadrill
|-boost|p2a: Excadrill|atk|2
|move|p1a: Jirachi|Body Slam|p2a: Excadrill
|-resisted|p2a: Excadrill
|-damage|p2a: Excadrill|86/100
|-status|p2a: Excadrill|par
|
|-weather|Sandstorm|[upkeep]
|upkeep
|turn|4
|
|t:|1658271638
|switch|p1a: Landorus|Landorus-Therian, M|100/100
|-ability|p1a: Landorus|Intimidate|boost
|-unboost|p2a: Excadrill|atk|1
|move|p2a: Excadrill|Earthquake|p1a: Landorus
|-immune|p1a: Landorus
|
|-weather|Sandstorm|[upkeep]
|upkeep
|turn|5
|
|t:|1658271643
|move|p1a: Landorus|Earthquake|p2a: Excadrill
|-supereffective|p2a: Excadrill
|-damage|p2a: Excadrill|0 fnt
|faint|p2a: Excadrill
|
|-weather|Sandstorm|[upkeep]
|upkeep
|
|t:|1658271647
|switch|p2a: Dragapult|Dragapult, M|100/100
|turn|6
|l| Zmaslan902100
|
|t:|1658271651
|switch|p1a: Drapion|Drapion, F|100/100
|move|p2a: Dragapult|Dragon Darts|p1a: Drapion
|-damage|p1a: Drapion|67/100
|-anim|p2a: Dragapult|Dragon Darts|p1a: Drapion
|-damage|p1a: Drapion|35/100
|
|-weather|Sandstorm|[upkeep]
|-damage|p2a: Dragapult|95/100|[from] Sandstorm
|-damage|p1a: Drapion|28/100|[from] Sandstorm
|upkeep
|turn|7
|
|t:|1658271656
|switch|p1a: Clefable|Clefable, F|100/100
|move|p2a: Dragapult|Dragon Darts|p1a: Clefable
|-immune|p1a: Clefable
|
|-weather|Sandstorm|[upkeep]
|-damage|p2a: Dragapult|89/100|[from] Sandstorm
|-damage|p1a: Clefable|94/100|[from] Sandstorm
|-heal|p1a: Clefable|100/100|[from] item: Leftovers
|upkeep
|turn|8
|
|t:|1658271659
|switch|p2a: Nihilego|Nihilego|100/100
|switch|p1a: Jirachi|Jirachi|100/100
|
|-weather|none
|upkeep
|turn|9
|
|t:|1658271663
|switch|p2a: Slowbro|Slowbro, F|100/100
|move|p1a: Jirachi|Body Slam|p2a: Slowbro
|-damage|p2a: Slowbro|88/100
|
|upkeep
|turn|10
|
|t:|1658271665
|move|p1a: Jirachi|Stealth Rock|p2a: Slowbro
|-sidestart|p2: TheLucasGaming|move: Stealth Rock
|move|p2a: Slowbro|Teleport|p2a: Slowbro
|
|t:|1658271669
|switch|p2a: Dragapult|Dragapult, M|89/100|[from]move: Teleport
|-damage|p2a: Dragapult|76/100|[from] Stealth Rock
|
|upkeep
|turn|11
|
|t:|1658271672
|move|p2a: Dragapult|U-turn|p1a: Jirachi
|-damage|p1a: Jirachi|71/100
|
|t:|1658271674
|switch|p2a: Slowbro|Slowbro, F|100/100|[from]move: U-turn
|move|p1a: Jirachi|Wish|p1a: Jirachi
|
|-heal|p1a: Jirachi|77/100|[from] item: Leftovers
|upkeep
|turn|12
|
|t:|1658271682
|switch|p1a: Dragapult|Dragapult, F|100/100
|move|p2a: Slowbro|Scald|p1a: Dragapult
|-resisted|p1a: Dragapult
|-damage|p1a: Dragapult|81/100
|
|-heal|p1a: Dragapult|100/100|[from] move: Wish|[wisher] Jirachi
|upkeep
|turn|13
|
|t:|1658271688
|move|p1a: Dragapult|Shadow Ball|p2a: Slowbro
|-supereffective|p2a: Slowbro
|-damage|p2a: Slowbro|0 fnt
|faint|p2a: Slowbro
|
|upkeep
|
|t:|1658271693
|switch|p2a: Dragapult|Dragapult, M|76/100
|-damage|p2a: Dragapult|64/100|[from] Stealth Rock
|turn|14
|
|t:|1658271697
|move|p2a: Dragapult|Sucker Punch|p1a: Dragapult
|-supereffective|p1a: Dragapult
|-damage|p1a: Dragapult|11/100
|move|p1a: Dragapult|Shadow Ball|p2a: Dragapult
|-supereffective|p2a: Dragapult
|-crit|p2a: Dragapult
|-damage|p2a: Dragapult|0 fnt
|faint|p2a: Dragapult
|
|upkeep
|
|t:|1658271700
|switch|p2a: Nihilego|Nihilego|100/100
|-damage|p2a: Nihilego|88/100|[from] Stealth Rock
|turn|15
|
|t:|1658271702
|switch|p1a: Jirachi|Jirachi|77/100
|move|p2a: Nihilego|Meteor Beam||[still]
|-prepare|p2a: Nihilego|Meteor Beam
|-boost|p2a: Nihilego|spa|1
|-enditem|p2a: Nihilego|Power Herb
|-anim|p2a: Nihilego|Meteor Beam|p1a: Jirachi
|-resisted|p1a: Jirachi
|-damage|p1a: Jirachi|45/100
|
|-heal|p1a: Jirachi|51/100|[from] item: Leftovers
|upkeep
|turn|16
|
|t:|1658271707
|move|p2a: Nihilego|Meteor Beam||[still]
|-prepare|p2a: Nihilego|Meteor Beam
|-boost|p2a: Nihilego|spa|1
|move|p1a: Jirachi|Iron Head|p2a: Nihilego
|-supereffective|p2a: Nihilego
|-damage|p2a: Nihilego|1/100
|
|-heal|p1a: Jirachi|57/100|[from] item: Leftovers
|upkeep
|turn|17
|
|t:|1658271710
|move|p2a: Nihilego|Meteor Beam|p1a: Jirachi|[from]lockedmove
|-resisted|p1a: Jirachi
|-damage|p1a: Jirachi|16/100
|move|p1a: Jirachi|Iron Head|p2a: Nihilego
|-supereffective|p2a: Nihilego
|-damage|p2a: Nihilego|0 fnt
|faint|p2a: Nihilego
|
|-heal|p1a: Jirachi|22/100|[from] item: Leftovers
|upkeep
|-message|TheLucasGaming forfeited.
|
|win|Drm3
|n|☆Drm3|drm3
|n|☆TheLucasGaming|thelucasgaming
|n| DFI02|dfi02
|n| qwerfthyhgbvfcdxs|qwerfthyhgbvfcdxs
|n| Echo2615|echo2615
|n| BandedAI|bandedai
|n| sad3-ist|sad3ist
|n| Deadassagi|deadassagi
|l|☆TheLucasGaming
|l| qwerfthyhgbvfcdxs
|l| Echo2615
|l| BandedAI
