|j|☆GorLeon
|j|☆someidiot19
|t:|1667731018
|gametype|singles
|player|p1|GorLeon|dragontamer|1631
|player|p2|someidiot19|karen-gen2|1658
|teamsize|p1|6
|teamsize|p2|6
|gen|8
|tier|[Gen 8] OU
|rated|
|rule|Sleep Clause Mod: Limit one foe put to sleep
|rule|Species Clause: Limit one of each Pokémon
|rule|OHKO Clause: OHKO moves are banned
|rule|Evasion Items Clause: Evasion items are banned
|rule|Evasion Moves Clause: Evasion moves are banned
|rule|Endless Battle Clause: Forcing endless battles is banned
|rule|HP Percentage Mod: HP is shown in percentages
|rule|Dynamax Clause: You cannot dynamax
|clearpoke
|poke|p1|Dragapult, F|
|poke|p1|Buzzwole|
|poke|p1|Tapu Lele|
|poke|p1|Landorus-Therian, M|
|poke|p1|Slowbro, M|
|poke|p1|Tyranitar, M|
|poke|p2|Dragonite, F|
|poke|p2|Mew|
|poke|p2|Volcarona, M|
|poke|p2|Cloyster, M|
|poke|p2|Moltres-Galar|
|poke|p2|Garchomp, F|
|teampreview
|inactive|Battle timer is ON: inactive players will automatically lose when time's up. (requested by someidiot19)
|inactive|GorLeon also wants the timer to be on.
|c|☆GorLeon|gl hf
|c|☆someidiot19|u2
|
|t:|1667731028
|start
|switch|p1a: Dragapult|Dragapult, F|100/100
|switch|p2a: Michael Jordan|Mew|100/100
|turn|1
|
|t:|1667731039
|move|p1a: Dragapult|Dragon Dance|p1a: Dragapult
|-boost|p1a: Dragapult|atk|1
|-boost|p1a: Dragapult|spe|1
|move|p2a: Michael Jordan|Thunder Wave|p1a: Dragapult
|-status|p1a: Dragapult|par
|
|upkeep
|turn|2
|
|t:|1667731054
|move|p2a: Michael Jordan|Taunt|p1a: Dragapult
|-start|p1a: Dragapult|move: Taunt
|cant|p1a: Dragapult|move: Taunt|Dragon Dance
|
|upkeep
|turn|3
|
|t:|1667731058
|move|p2a: Michael Jordan|Stealth Rock|p1a: Dragapult
|-sidestart|p1: GorLeon|move: Stealth Rock
|move|p1a: Dragapult|Phantom Force||[still]
|-prepare|p1a: Dragapult|Phantom Force
|-enditem|p1a: Dragapult|Power Herb
|-anim|p1a: Dragapult|Phantom Force|p2a: Michael Jordan
|-supereffective|p2a: Michael Jordan
|-damage|p2a: Michael Jordan|0 fnt
|faint|p2a: Michael Jordan
|
|upkeep
|
|t:|1667731069
|switch|p2a: Alien Girl|Garchomp, F|100/100
|turn|4
|
|t:|1667731073
|move|p2a: Alien Girl|Scale Shot|p1a: Dragapult
|-supereffective|p1a: Dragapult
|-damage|p1a: Dragapult|56/100 par
|-supereffective|p1a: Dragapult
|-damage|p1a: Dragapult|7/100 par
|-supereffective|p1a: Dragapult
|-damage|p1a: Dragapult|0 fnt
|faint|p1a: Dragapult
|-hitcount|p1: Dragapult|3
|-unboost|p2a: Alien Girl|def|1
|-boost|p2a: Alien Girl|spe|1
|-damage|p2a: Alien Girl|91/100|[from] item: Life Orb
|
|upkeep
|
|t:|1667731081
|switch|p1a: Buzzwole|Buzzwole|100/100
|-damage|p1a: Buzzwole|88/100|[from] Stealth Rock
|turn|5
|
|t:|1667731084
|switch|p2a: Barbed Wire|Volcarona, M|100/100
|move|p1a: Buzzwole|Ice Punch|p2a: Barbed Wire
|-resisted|p2a: Barbed Wire
|-damage|p2a: Barbed Wire|81/100
|
|upkeep
|turn|6
|
|t:|1667731089
|switch|p1a: Tyranitar|Tyranitar, M|100/100
|-damage|p1a: Tyranitar|88/100|[from] Stealth Rock
|-weather|Sandstorm|[from] ability: Sand Stream|[of] p1a: Tyranitar
|move|p2a: Barbed Wire|Substitute|p2a: Barbed Wire
|-start|p2a: Barbed Wire|Substitute
|-damage|p2a: Barbed Wire|56/100
|
|-weather|Sandstorm|[upkeep]
|-damage|p2a: Barbed Wire|50/100|[from] Sandstorm
|-heal|p1a: Tyranitar|94/100|[from] item: Leftovers
|upkeep
|turn|7
|
|t:|1667731093
|move|p2a: Barbed Wire|Bug Buzz|p1a: Tyranitar
|-supereffective|p1a: Tyranitar
|-damage|p1a: Tyranitar|43/100
|-damage|p2a: Barbed Wire|40/100|[from] item: Life Orb
|move|p1a: Tyranitar|Rock Blast|p2a: Barbed Wire
|-supereffective|p2a: Barbed Wire
|-end|p2a: Barbed Wire|Substitute
|-supereffective|p2a: Barbed Wire
|-damage|p2a: Barbed Wire|0 fnt
|faint|p2a: Barbed Wire
|-hitcount|p2: Barbed Wire|2
|
|-weather|Sandstorm|[upkeep]
|-heal|p1a: Tyranitar|49/100|[from] item: Leftovers
|upkeep
|
|t:|1667731099
|switch|p2a: Alien Girl|Garchomp, F|91/100
|turn|8
|
|t:|1667731106
|switch|p1a: Landorus|Landorus-Therian, M|100/100
|-damage|p1a: Landorus|88/100|[from] Stealth Rock
|-ability|p1a: Landorus|Intimidate|boost
|-unboost|p2a: Alien Girl|atk|1
|move|p2a: Alien Girl|Earthquake|p1a: Landorus
|-immune|p1a: Landorus
|
|-weather|Sandstorm|[upkeep]
|-heal|p1a: Landorus|94/100|[from] item: Leftovers
|upkeep
|turn|9
|
|t:|1667731114
|switch|p2a: P&P 1.5|Cloyster, M|100/100
|move|p1a: Landorus|U-turn|p2a: P&P 1.5
|-crit|p2a: P&P 1.5
|-damage|p2a: P&P 1.5|74/100
|
|t:|1667731122
|switch|p1a: Tapu Lele|Tapu Lele|100/100|[from]move: U-turn
|-damage|p1a: Tapu Lele|88/100|[from] Stealth Rock
|-fieldstart|move: Psychic Terrain|[from] ability: Psychic Surge|[of] p1a: Tapu Lele
|
|-weather|Sandstorm|[upkeep]
|-damage|p1a: Tapu Lele|82/100|[from] Sandstorm
|-damage|p2a: P&P 1.5|68/100|[from] Sandstorm
|upkeep
|turn|10
|
|t:|1667731141
|switch|p2a: Alien Girl|Garchomp, F|91/100
|move|p1a: Tapu Lele|Moonblast|p2a: Alien Girl
|-supereffective|p2a: Alien Girl
|-damage|p2a: Alien Girl|0 fnt
|faint|p2a: Alien Girl
|
|-weather|none
|upkeep
|
|t:|1667731144
|switch|p2a: Average Joe|Moltres-Galar|100/100
|turn|11
|
|t:|1667731146
|move|p1a: Tapu Lele|Moonblast|p2a: Average Joe
|-supereffective|p2a: Average Joe
|-damage|p2a: Average Joe|0 fnt
|faint|p2a: Average Joe
|
|upkeep
|-message|someidiot19 forfeited.
|
|win|GorLeon
|raw|GorLeon's rating: 1631 &rarr; <strong>1653</strong><br />(+22 for winning)
|raw|someidiot19's rating: 1658 &rarr; <strong>1636</strong><br />(-22 for losing)
|l|☆someidiot19
