|raw|<div class="broadcast-blue"><strong>This battle is required to be public due to a player having a name starting with 'lt92pf'.</div>
|j|☆tolstoy
|j|☆LT92PF SW
|t:|1660150372
|gametype|singles
|player|p1|tolstoy|#lax|1807
|player|p2|LT92PF SW|skyla-masters2|1857
|teamsize|p1|6
|teamsize|p2|6
|gen|8
|tier|[Gen 8] OU
|rated|
|rule|Sleep Clause Mod: Limit one foe put to sleep
|rule|Species Clause: Limit one of each Pokémon
|rule|OHKO Clause: OHKO moves are banned
|rule|Evasion Items Clause: Evasion items are banned
|rule|Evasion Moves Clause: Evasion moves are banned
|rule|Endless Battle Clause: Forcing endless battles is banned
|rule|HP Percentage Mod: HP is shown in percentages
|rule|Dynamax Clause: You cannot dynamax
|clearpoke
|poke|p1|Gyarados, F|
|poke|p1|Heatran, M|
|poke|p1|Ninetales-Alola, M|
|poke|p1|Polteageist|
|poke|p1|Zeraora|
|poke|p1|Corviknight, F|
|poke|p2|Landorus-Therian, M|
|poke|p2|Corviknight, F|
|poke|p2|Volcanion|
|poke|p2|Arctozolt|
|poke|p2|Tornadus-Therian, M|
|poke|p2|Ninetales-Alola, M|
|teampreview
|inactive|Battle timer is ON: inactive players will automatically lose when time's up. (requested by tolstoy)
|j| ehrenwerter Enkel
|
|t:|1660150388
|start
|switch|p1a: Heatran|Heatran, M|100/100
|switch|p2a: Volcanion|Volcanion|100/100
|-item|p1a: Heatran|Air Balloon
|turn|1
|
|t:|1660150400
|switch|p1a: Ninetales|Ninetales-Alola, M|100/100
|-weather|Hail|[from] ability: Snow Warning|[of] p1a: Ninetales
|move|p2a: Volcanion|Steam Eruption|p1a: Ninetales
|-damage|p1a: Ninetales|43/100
|-status|p1a: Ninetales|brn
|
|-weather|Hail|[upkeep]
|-damage|p2a: Volcanion|95/100|[from] Hail
|-damage|p1a: Ninetales|37/100 brn|[from] brn
|upkeep
|turn|2
|
|t:|1660150407
|switch|p2a: Ninetales|Ninetales-Alola, M|100/100
|move|p1a: Ninetales|Aurora Veil|p1a: Ninetales
|-sidestart|p1: tolstoy|move: Aurora Veil
|
|-weather|Hail|[upkeep]
|-damage|p1a: Ninetales|31/100 brn|[from] brn
|upkeep
|turn|3
|j| Enzonana
|j| LT92PF pj
|
|t:|1660150412
|move|p1a: Ninetales|Hypnosis|p2a: Ninetales
|-status|p2a: Ninetales|slp|[from] move: Hypnosis
|cant|p2a: Ninetales|slp
|
|-weather|Hail|[upkeep]
|-damage|p1a: Ninetales|25/100 brn|[from] brn
|upkeep
|turn|4
|j| Momentary Life
|
|t:|1660150414
|switch|p1a: Heatran|Heatran, M|100/100
|-item|p1a: Heatran|Air Balloon
|-curestatus|p2a: Ninetales|slp|[msg]
|move|p2a: Ninetales|Aurora Veil|p2a: Ninetales
|-sidestart|p2: LT92PF SW|move: Aurora Veil
|
|-weather|Hail|[upkeep]
|-damage|p1a: Heatran|94/100|[from] Hail
|upkeep
|turn|5
|j| LT92PF Scottie
|
|t:|1660150419
|switch|p2a: Landorus|Landorus-Therian, M|100/100
|-ability|p2a: Landorus|Intimidate|boost
|-unboost|p1a: Heatran|atk|1
|move|p1a: Heatran|Stealth Rock|p2a: Landorus
|-sidestart|p2: LT92PF SW|move: Stealth Rock
|
|-weather|none
|upkeep
|turn|6
|
|t:|1660150423
|move|p1a: Heatran|Eruption|p2a: Landorus
|-damage|p2a: Landorus|71/100
|move|p2a: Landorus|Stealth Rock|p1a: Heatran
|-sidestart|p1: tolstoy|move: Stealth Rock
|
|-heal|p2a: Landorus|77/100|[from] item: Leftovers
|upkeep
|turn|7
|
|t:|1660150427
|move|p1a: Heatran|Eruption|p2a: Landorus
|-damage|p2a: Landorus|49/100
|move|p2a: Landorus|U-turn|p1a: Heatran
|-resisted|p1a: Heatran
|-damage|p1a: Heatran|92/100
|-enditem|p1a: Heatran|Air Balloon
|
|t:|1660150430
|switch|p2a: Volcanion|Volcanion|95/100|[from]move: U-turn
|
|upkeep
|turn|8
|j| LT92PF Dasmer
|j| pepsi
|j| LT92PF Isza
|
|t:|1660150447
|move|p2a: Volcanion|Steam Eruption|p1a: Heatran
|-supereffective|p1a: Heatran
|-damage|p1a: Heatran|35/100
|move|p1a: Heatran|Earth Power|p2a: Volcanion
|-supereffective|p2a: Volcanion
|-damage|p2a: Volcanion|52/100
|
|-sideend|p2: LT92PF SW|move: Aurora Veil
|upkeep
|turn|9
|l| LT92PF pj
|j| LT92PF fardin
|j| Keblar
|
|t:|1660150455
|switch|p1a: Ninetales|Ninetales-Alola, M|25/100 brn
|-damage|p1a: Ninetales|0 fnt|[from] Stealth Rock
|faint|p1a: Ninetales
|move|p2a: Volcanion|Earth Power|p1: Ninetales|[notarget]
|-fail|p2a: Volcanion
|
|-sideend|p1: tolstoy|move: Aurora Veil
|upkeep
|
|t:|1660150459
|switch|p1a: Polteageist|Polteageist|100/100
|-damage|p1a: Polteageist|88/100|[from] Stealth Rock
|turn|10
|l| Keblar
|
|t:|1660150465
|move|p2a: Volcanion|Steam Eruption|p1a: Polteageist
|-damage|p1a: Polteageist|20/100
|move|p1a: Polteageist|Shell Smash|p1a: Polteageist
|-unboost|p1a: Polteageist|def|1
|-unboost|p1a: Polteageist|spd|1
|-boost|p1a: Polteageist|atk|2
|-boost|p1a: Polteageist|spa|2
|-boost|p1a: Polteageist|spe|2
|
|upkeep
|turn|11
|j| Westside Lechonk
|l| Westside Lechonk
|j| yuzmv
|j| teambuildr
|
|t:|1660150486
|switch|p2a: Ninetales|Ninetales-Alola, M|100/100
|-damage|p2a: Ninetales|76/100|[from] Stealth Rock
|-weather|Hail|[from] ability: Snow Warning|[of] p2a: Ninetales
|move|p1a: Polteageist|Stored Power|p2a: Ninetales
|-damage|p2a: Ninetales|0 fnt
|faint|p2a: Ninetales
|
|-weather|Hail|[upkeep]
|-damage|p1a: Polteageist|13/100|[from] Hail
|upkeep
|j| BraveThunder
|
|t:|1660150492
|switch|p2a: Tornadus|Tornadus-Therian, M|100/100
|-damage|p2a: Tornadus|76/100|[from] Stealth Rock
|turn|12
|
|t:|1660150499
|move|p1a: Polteageist|Shadow Ball|p2a: Tornadus
|-damage|p2a: Tornadus|17/100
|move|p2a: Tornadus|Knock Off|p1a: Polteageist
|-supereffective|p1a: Polteageist
|-damage|p1a: Polteageist|0 fnt
|-enditem|p1a: Polteageist|Spell Tag|[from] move: Knock Off|[of] p2a: Tornadus
|faint|p1a: Polteageist
|
|-weather|Hail|[upkeep]
|-damage|p2a: Tornadus|11/100|[from] Hail
|upkeep
|j| chokst du
|
|t:|1660150513
|switch|p1a: Gyarados|Gyarados, F|100/100
|-damage|p1a: Gyarados|76/100|[from] Stealth Rock
|turn|13
|l| chokst du
|
|t:|1660150520
|move|p2a: Tornadus|U-turn|p1a: Gyarados
|-resisted|p1a: Gyarados
|-damage|p1a: Gyarados|68/100
|
|t:|1660150533
|switch|p2a: Arctozolt|Arctozolt|100/100|[from]move: U-turn
|-damage|p2a: Arctozolt|76/100|[from] Stealth Rock
|move|p1a: Gyarados|Substitute|p1a: Gyarados
|-start|p1a: Gyarados|Substitute
|-damage|p1a: Gyarados|43/100
|
|-weather|Hail|[upkeep]
|-damage|p1a: Gyarados|36/100|[from] Hail
|-heal|p2a: Arctozolt|82/100|[from] item: Leftovers
|-heal|p1a: Gyarados|43/100|[from] item: Leftovers
|upkeep
|turn|14
|
|t:|1660150540
|move|p2a: Arctozolt|Bolt Beak|p1a: Gyarados
|-supereffective|p1a: Gyarados
|-end|p1a: Gyarados|Substitute
|move|p1a: Gyarados|Earthquake|p2a: Arctozolt
|-supereffective|p2a: Arctozolt
|-damage|p2a: Arctozolt|11/100
|
|-weather|Hail|[upkeep]
|-damage|p1a: Gyarados|36/100|[from] Hail
|-heal|p2a: Arctozolt|18/100|[from] item: Leftovers
|-heal|p1a: Gyarados|43/100|[from] item: Leftovers
|upkeep
|turn|15
|
|t:|1660150546
|switch|p1a: Heatran|Heatran, M|35/100
|-damage|p1a: Heatran|23/100|[from] Stealth Rock
|move|p2a: Arctozolt|Freeze-Dry|p1a: Heatran
|-resisted|p1a: Heatran
|-damage|p1a: Heatran|18/100
|-status|p1a: Heatran|frz
|
|-weather|Hail|[upkeep]
|-damage|p1a: Heatran|12/100 frz|[from] Hail
|-heal|p2a: Arctozolt|24/100|[from] item: Leftovers
|upkeep
|turn|16
|
|t:|1660150554
|switch|p1a: Zeraora|Zeraora|100/100
|-damage|p1a: Zeraora|88/100|[from] Stealth Rock
|move|p2a: Arctozolt|Bolt Beak|p1a: Zeraora
|-heal|p1a: Zeraora|100/100|[from] ability: Volt Absorb|[of] p2a: Arctozolt
|
|-weather|Hail|[upkeep]
|-damage|p1a: Zeraora|95/100|[from] Hail
|-heal|p2a: Arctozolt|30/100|[from] item: Leftovers
|upkeep
|turn|17
|
|t:|1660150565
|move|p2a: Arctozolt|Blizzard|p1a: Zeraora
|-damage|p1a: Zeraora|47/100
|move|p1a: Zeraora|Drain Punch|p2a: Arctozolt
|-supereffective|p2a: Arctozolt
|-crit|p2a: Arctozolt
|-damage|p2a: Arctozolt|0 fnt
|-heal|p1a: Zeraora|62/100|[from] drain|[of] p2a: Arctozolt
|faint|p2a: Arctozolt
|
|-weather|Hail|[upkeep]
|-damage|p1a: Zeraora|56/100|[from] Hail
|upkeep
|j| BIHI
|
|t:|1660150571
|switch|p2a: Landorus|Landorus-Therian, M|49/100
|-damage|p2a: Landorus|37/100|[from] Stealth Rock
|-ability|p2a: Landorus|Intimidate|boost
|-unboost|p1a: Zeraora|atk|1
|turn|18
|
|t:|1660150574
|switch|p1a: Heatran|Heatran, M|12/100 frz
|-damage|p1a: Heatran|0 fnt|[from] Stealth Rock
|faint|p1a: Heatran
|switch|p2a: Volcanion|Volcanion|52/100
|
|-weather|none
|upkeep
|l| BIHI
|
|t:|1660150580
|switch|p1a: Gyarados|Gyarados, F|43/100
|-damage|p1a: Gyarados|18/100|[from] Stealth Rock
|turn|19
|
|t:|1660150584
|move|p1a: Gyarados|Earthquake|p2a: Volcanion
|-supereffective|p2a: Volcanion
|-damage|p2a: Volcanion|0 fnt
|faint|p2a: Volcanion
|-ability|p1a: Gyarados|Moxie|boost
|-boost|p1a: Gyarados|atk|1
|
|-heal|p1a: Gyarados|24/100|[from] item: Leftovers
|upkeep
|
|t:|1660150596
|switch|p2a: Tornadus|Tornadus-Therian, M|44/100
|-damage|p2a: Tornadus|19/100|[from] Stealth Rock
|turn|20
|j| LT92PF Ayt
|
|t:|1660150600
|move|p2a: Tornadus|Hurricane|p1a: Gyarados|[miss]
|-miss|p2a: Tornadus|p1a: Gyarados
|move|p1a: Gyarados|Dragon Dance|p1a: Gyarados
|-boost|p1a: Gyarados|atk|1
|-boost|p1a: Gyarados|spe|1
|
|-heal|p1a: Gyarados|30/100|[from] item: Leftovers
|upkeep
|turn|21
|
|t:|1660150603
|move|p1a: Gyarados|Waterfall|p2a: Tornadus
|-damage|p2a: Tornadus|0 fnt
|faint|p2a: Tornadus
|-ability|p1a: Gyarados|Moxie|boost
|-boost|p1a: Gyarados|atk|1
|
|-heal|p1a: Gyarados|36/100|[from] item: Leftovers
|upkeep
|
|t:|1660150606
|switch|p2a: Corviknight|Corviknight, F|100/100
|-damage|p2a: Corviknight|88/100|[from] Stealth Rock
|-ability|p2a: Corviknight|Pressure
|turn|22
|
|t:|1660150609
|move|p1a: Gyarados|Dragon Dance|p1a: Gyarados
|-boost|p1a: Gyarados|atk|1
|-boost|p1a: Gyarados|spe|1
|move|p2a: Corviknight|Body Press|p1a: Gyarados
|-resisted|p1a: Gyarados
|-damage|p1a: Gyarados|24/100
|
|-heal|p1a: Gyarados|30/100|[from] item: Leftovers
|upkeep
|turn|23
|
|t:|1660150611
|move|p1a: Gyarados|Dragon Dance|p1a: Gyarados
|-boost|p1a: Gyarados|atk|1
|-boost|p1a: Gyarados|spe|1
|move|p2a: Corviknight|Body Press|p1a: Gyarados
|-resisted|p1a: Gyarados
|-damage|p1a: Gyarados|17/100
|
|-heal|p1a: Gyarados|23/100|[from] item: Leftovers
|upkeep
|turn|24
|
|t:|1660150615
|move|p1a: Gyarados|Dragon Dance|p1a: Gyarados
|-boost|p1a: Gyarados|atk|1
|-boost|p1a: Gyarados|spe|1
|move|p2a: Corviknight|Body Press|p1a: Gyarados
|-resisted|p1a: Gyarados
|-damage|p1a: Gyarados|8/100
|
|-heal|p1a: Gyarados|14/100|[from] item: Leftovers
|upkeep
|turn|25
|
|t:|1660150618
|move|p1a: Gyarados|Waterfall|p2a: Corviknight
|-damage|p2a: Corviknight|0 fnt
|-damage|p1a: Gyarados|0 fnt|[from] item: Rocky Helmet|[of] p2a: Corviknight
|faint|p2a: Corviknight
|faint|p1a: Gyarados
|
|upkeep
|-message|LT92PF SW forfeited.
|
|win|tolstoy
|raw|tolstoy's rating: 1807 &rarr; <strong>1830</strong><br />(+23 for winning)
|raw|LT92PF SW's rating: 1857 &rarr; <strong>1834</strong><br />(-23 for losing)
|l|☆LT92PF SW
|l| LT92PF Dasmer
|l|☆tolstoy
|l| Enzonana
|l| BraveThunder
|l| LT92PF Ayt
||Ladder isn't responding, score probably updated but might not have (Request timeout).
|j| LT91BB Ox
|l| LT91BB Ox
