|j|☆Crawdauntisthebest
|j|☆noudle soop
|t:|1636082708
|gametype|singles
|player|p1|Crawdauntisthebest|266|1806
|player|p2|noudle soop|sailor|1865
|teamsize|p1|6
|teamsize|p2|6
|gen|8
|tier|[Gen 8] OU
|rated|
|rule|Sleep Clause Mod: Limit one foe put to sleep
|rule|Species Clause: Limit one of each Pokémon
|rule|OHKO Clause: OHKO moves are banned
|rule|Evasion Moves Clause: Evasion moves are banned
|rule|Endless Battle Clause: Forcing endless battles is banned
|rule|HP Percentage Mod: HP is shown in percentages
|rule|Dynamax Clause: You cannot dynamax
|clearpoke
|poke|p1|Crawdaunt, F|
|poke|p1|Volcanion|
|poke|p1|Pelipper, M|
|poke|p1|Scizor, F|
|poke|p1|Landorus-Therian, M|
|poke|p1|Barraskewda, M|
|poke|p2|Cloyster, F|
|poke|p2|Kartana|
|poke|p2|Celesteela|
|poke|p2|Dragapult, M|
|poke|p2|Landorus-Therian, M|
|poke|p2|Dragonite, F|
|teampreview
|inactive|Battle timer is ON: inactive players will automatically lose when time's up. (requested by noudle soop)
|j| tip tappity
|
|t:|1636082735
|start
|switch|p1a: Pelipper|Pelipper, M|100/100
|switch|p2a: Dragapult|Dragapult, M|100/100
|-weather|RainDance|[from] ability: Drizzle|[of] p1a: Pelipper
|turn|1
|j| asbadaba3
|
|t:|1636082744
|switch|p1a: Scizor|Scizor, F|100/100
|move|p2a: Dragapult|Thunderbolt|p1a: Scizor
|-damage|p1a: Scizor|74/100
|
|-weather|RainDance|[upkeep]
|upkeep
|turn|2
|
|t:|1636082752
|switch|p2a: Celesteela|Celesteela|100/100
|move|p1a: Scizor|U-turn|p2a: Celesteela
|-resisted|p2a: Celesteela
|-damage|p2a: Celesteela|95/100
|
|t:|1636082760
|switch|p1a: Volcanion|Volcanion|100/100|[from]move: U-turn
|
|-weather|RainDance|[upkeep]
|-heal|p2a: Celesteela|100/100|[from] item: Leftovers
|upkeep
|turn|3
|
|t:|1636082775
|switch|p2a: Cloyster|Cloyster, F|100/100
|move|p1a: Volcanion|Steam Eruption|p2a: Cloyster
|-resisted|p2a: Cloyster
|-damage|p2a: Cloyster|0 fnt
|faint|p2a: Cloyster
|
|-weather|RainDance|[upkeep]
|upkeep
|
|t:|1636082781
|switch|p2a: Dragapult|Dragapult, M|100/100
|turn|4
|
|t:|1636082787
|move|p2a: Dragapult|Thunderbolt|p1a: Volcanion
|-supereffective|p1a: Volcanion
|-crit|p1a: Volcanion
|-damage|p1a: Volcanion|0 fnt
|faint|p1a: Volcanion
|
|-weather|RainDance|[upkeep]
|upkeep
|j| pureonic
|
|t:|1636082798
|switch|p1a: Scizor|Scizor, F|74/100
|turn|5
|
|t:|1636082801
|move|p2a: Dragapult|Thunderbolt|p1a: Scizor
|-damage|p1a: Scizor|51/100
|move|p1a: Scizor|U-turn|p2a: Dragapult
|-resisted|p2a: Dragapult
|-damage|p2a: Dragapult|78/100
|
|t:|1636082808
|switch|p1a: Landorus|Landorus-Therian, M|100/100|[from]move: U-turn
|-ability|p1a: Landorus|Intimidate|boost
|-unboost|p2a: Dragapult|atk|1
|
|-weather|RainDance|[upkeep]
|upkeep
|turn|6
|c| asbadaba3|put kabutops for flyng resist
|c| pureonic|crawdaunt is using crawdaunt? lmaoo
|
|t:|1636082816
|move|p2a: Dragapult|Hydro Pump|p1a: Landorus
|-supereffective|p1a: Landorus
|-damage|p1a: Landorus|0 fnt
|faint|p1a: Landorus
|
|-weather|RainDance|[upkeep]
|upkeep
|c| asbadaba3|nice  team
|c|☆noudle soop|see ya
|
|t:|1636082824
|switch|p1a: Scizor|Scizor, F|51/100
|turn|7
|
|t:|1636082828
|move|p1a: Scizor|Bullet Punch|p2a: Dragapult
|-damage|p2a: Dragapult|41/100
|move|p2a: Dragapult|Fire Blast|p1a: Scizor
|-supereffective|p1a: Scizor
|-damage|p1a: Scizor|0 fnt
|faint|p1a: Scizor
|
|-weather|RainDance|[upkeep]
|upkeep
|
|t:|1636082843
|switch|p1a: Barraskewda|Barraskewda, M|100/100
|turn|8
|
|t:|1636082846
|switch|p2a: Kartana|Kartana|100/100
|move|p1a: Barraskewda|Waterfall|p2a: Kartana
|-resisted|p2a: Kartana
|-damage|p2a: Kartana|70/100
|
|-weather|none
|upkeep
|turn|9
|c| pureonic|Crawdaunt what set you runnin on volcanion?
|
|t:|1636082860
|move|p2a: Kartana|Leaf Blade|p1a: Barraskewda
|-supereffective|p1a: Barraskewda
|-damage|p1a: Barraskewda|0 fnt
|faint|p1a: Barraskewda
|-ability|p2a: Kartana|Beast Boost|boost
|-boost|p2a: Kartana|atk|1
|
|upkeep
|-message|Crawdauntisthebest forfeited.
|
|win|noudle soop
|raw|Crawdauntisthebest's rating: 1806 &rarr; <strong>1789</strong><br />(-17 for losing)
|raw|noudle soop's rating: 1865 &rarr; <strong>1882</strong><br />(+17 for winning)
|l|☆Crawdauntisthebest
|l| tip tappity
