|j|☆winter lanterns
|j|☆bunny girl mai
|player|p1|winter lanterns|169|1922
|player|p2|bunny girl mai|169|1922
|teamsize|p1|6
|teamsize|p2|6
|gametype|singles
|gen|8
|tier|[Gen 8] OU
|rated|
|clearpoke
|poke|p1|Excadrill, M|
|poke|p1|Dragapult, M|
|poke|p1|Cinderace, F|
|poke|p1|Magearna|
|poke|p1|Zeraora|
|poke|p1|Rillaboom, F|
|poke|p2|Mew|
|poke|p2|Magearna|
|poke|p2|Bisharp, M|
|poke|p2|Azumarill, F|
|poke|p2|Dragapult, F|
|poke|p2|Hawlucha, F|
|rule|Sleep Clause Mod: Limit one foe put to sleep
|rule|Species Clause: Limit one of each Pokémon
|rule|OHKO Clause: OHKO moves are banned
|rule|Evasion Moves Clause: Evasion moves are banned
|rule|Endless Battle Clause: Forcing endless battles is banned
|rule|HP Percentage Mod: HP is shown in percentages
|rule|Dynamax Clause: You cannot dynamax
|teampreview
|inactive|Battle timer is ON: inactive players will automatically lose when time's up. (requested by bunny girl mai)
|j| Down2bdown
|j| Portrait
|
|start
|switch|p1a: Excadrill|Excadrill, M|100/100
|switch|p2a: Mew|Mew|100/100
|-ability|p1a: Excadrill|Mold Breaker
|turn|1
|
|move|p2a: Mew|Stealth Rock|p1a: Excadrill
|-sidestart|p1: winter lanterns|move: Stealth Rock
|move|p1a: Excadrill|Stealth Rock|p2a: Mew
|-sidestart|p2: bunny girl mai|move: Stealth Rock
|
|upkeep
|turn|2
|
|move|p2a: Mew|Flare Blitz|p1a: Excadrill
|-supereffective|p1a: Excadrill
|-damage|p1a: Excadrill|19/100
|-damage|p2a: Mew|76/100|[from] Recoil
|move|p1a: Excadrill|Rapid Spin|p2a: Mew
|-damage|p2a: Mew|60/100
|-boost|p1a: Excadrill|spe|1
|-sideend|p1: winter lanterns|Stealth Rock|[from] move: Rapid Spin|[of] p1a: Excadrill
|-enditem|p2a: Mew|Red Card|[of] p1a: Excadrill
|drag|p1a: Zeraora|Zeraora|100/100
|
|upkeep
|turn|3
|
|move|p1a: Zeraora|Bulk Up|p1a: Zeraora
|-boost|p1a: Zeraora|atk|1
|-boost|p1a: Zeraora|def|1
|move|p2a: Mew|Stealth Rock|p1a: Zeraora
|-sidestart|p1: winter lanterns|move: Stealth Rock
|
|upkeep
|turn|4
|
|switch|p2a: Magearna|Magearna|100/100
|-damage|p2a: Magearna|95/100|[from] Stealth Rock
|move|p1a: Zeraora|Bulk Up|p1a: Zeraora
|-boost|p1a: Zeraora|atk|1
|-boost|p1a: Zeraora|def|1
|
|-heal|p2a: Magearna|100/100|[from] item: Leftovers
|upkeep
|turn|5
|c| Portrait|must
|
|move|p1a: Zeraora|Plasma Fists|p2a: Magearna
|-damage|p2a: Magearna|0 fnt
|-fieldactivate|move: Ion Deluge
|faint|p2a: Magearna
|
|upkeep
|c| Portrait|get
|c| Portrait|hazards
|c|☆bunny girl mai|how about u shoot urself
|c| Portrait|reported
|n|!bunny girl mai|bunnygirlmai
|
|switch|p2a: Bisharp|Bisharp, M|100/100
|-damage|p2a: Bisharp|95/100|[from] Stealth Rock
|turn|6
|
|move|p2a: Bisharp|Sucker Punch|p1a: Zeraora
|-damage|p1a: Zeraora|66/100
|move|p1a: Zeraora|Plasma Fists|p2a: Bisharp
|-damage|p2a: Bisharp|0 fnt
|-fieldactivate|move: Ion Deluge
|faint|p2a: Bisharp
|
|upkeep
|inactive|bunny girl mai has 120 seconds left.
|c|☆winter lanterns|gg
|
|switch|p2a: Dragapult|Dragapult, F|100/100
|-damage|p2a: Dragapult|88/100|[from] Stealth Rock
|turn|7
|
|move|p1a: Zeraora|Knock Off|p2a: Dragapult
|-supereffective|p2a: Dragapult
|-damage|p2a: Dragapult|0 fnt
|-enditem|p2a: Dragapult|Life Orb|[from] move: Knock Off|[of] p1a: Zeraora
|faint|p2a: Dragapult
|
|upkeep
|
|switch|p2a: Azumarill|Azumarill, F|100/100
|-damage|p2a: Azumarill|88/100|[from] Stealth Rock
|turn|8
|
|move|p2a: Azumarill|Aqua Jet|p1a: Zeraora
|-damage|p1a: Zeraora|49/100
|move|p1a: Zeraora|Plasma Fists|p2a: Azumarill
|-supereffective|p2a: Azumarill
|-damage|p2a: Azumarill|0 fnt
|-fieldactivate|move: Ion Deluge
|faint|p2a: Azumarill
|
|upkeep
|j|@Zodiax
|inactive|bunny girl mai has 120 seconds left.
|
|switch|p2a: Hawlucha|Hawlucha, F|100/100
|-damage|p2a: Hawlucha|88/100|[from] Stealth Rock
|turn|9
|n|‽bunny girl mai|bunnygirlmai
|c|@Zodiax|/log bunny girl mai was locked from talking by Zodiax. (kys clause)
|inactive|bunny girl mai has 120 seconds left.
|
|move|p1a: Zeraora|Plasma Fists|p2a: Hawlucha
|-supereffective|p2a: Hawlucha
|-damage|p2a: Hawlucha|0 fnt
|-fieldactivate|move: Ion Deluge
|faint|p2a: Hawlucha
|
|upkeep
|
|switch|p2a: Mew|Mew|60/100
|-damage|p2a: Mew|48/100|[from] Stealth Rock
|turn|10
|j| RosasNumberOneFan
|inactive|bunny girl mai has 120 seconds left.
|l| RosasNumberOneFan
|j| DevilishGreg
|inactive|bunny girl mai has 90 seconds left.
|c| Down2bdown|Damn
|c| Down2bdown|Wat a trashing
|c| Portrait|zera going brazy
|j| EpicWon
|l|@Zodiax
|c| EpicWon|Noob lost
|inactive|bunny girl mai has 60 seconds left.
|c| Down2bdown|Zera go brrrrrrr
|c| Portrait|samquan
|l| DevilishGreg
|c| Portrait|rich homie quan
|j|+rosa
|c| EpicWon|Get good nerd
|inactive|bunny girl mai has 30 seconds left.
|c| EpicWon|Back to fortnite
|inactive|bunny girl mai has 20 seconds left.
|inactive|bunny girl mai has 15 seconds left.
|c| Portrait|don't ever fuck with the crew shooters
|c| Portrait|pew pew
|inactive|bunny girl mai has 10 seconds left.
|inactive|bunny girl mai has 5 seconds left.
|c| EpicWon|Rip
|-message|bunny girl mai lost due to inactivity.
|
|win|winter lanterns
|c| EpicWon|Ded
|l|+rosa
|raw|winter lanterns's rating: 1922 &rarr; <strong>1942</strong><br />(+20 for winning)
|raw|bunny girl mai's rating: 1922 &rarr; <strong>1902</strong><br />(-20 for losing)
