|j|☆HOF69
|j|☆Quittingmonsongod
|t:|1654480163
|gametype|singles
|player|p1|HOF69|red|1871
|player|p2|Quittingmonsongod|irida|1907
|teamsize|p1|6
|teamsize|p2|6
|gen|8
|tier|[Gen 8] OU
|rated|
|rule|Sleep Clause Mod: Limit one foe put to sleep
|rule|Species Clause: Limit one of each Pokémon
|rule|OHKO Clause: OHKO moves are banned
|rule|Evasion Moves Clause: Evasion moves are banned
|rule|Endless Battle Clause: Forcing endless battles is banned
|rule|HP Percentage Mod: HP is shown in percentages
|rule|Dynamax Clause: You cannot dynamax
|clearpoke
|poke|p1|Blacephalon|
|poke|p1|Gengar, M|
|poke|p1|Kartana|
|poke|p1|Tapu Lele|
|poke|p1|Krookodile, F|
|poke|p1|Landorus-Therian, M|
|poke|p2|Blaziken, M|
|poke|p2|Torkoal, F|
|poke|p2|Garchomp, F|
|poke|p2|Victini|
|poke|p2|Mandibuzz, F|
|poke|p2|Heatran, M|
|teampreview
|
|t:|1654480169
|start
|switch|p1a: Krookodile|Krookodile, F|100/100
|switch|p2a: Master Oogway|Torkoal, F|100/100
|-ability|p1a: Krookodile|Intimidate|boost
|-unboost|p2a: Master Oogway|atk|1
|-weather|SunnyDay|[from] ability: Drought|[of] p2a: Master Oogway
|turn|1
|inactive|Battle timer is ON: inactive players will automatically lose when time's up. (requested by Quittingmonsongod)
|
|t:|1654480173
|move|p1a: Krookodile|Earthquake|p2a: Master Oogway
|-supereffective|p2a: Master Oogway
|-damage|p2a: Master Oogway|41/100
|move|p2a: Master Oogway|Body Press|p1a: Krookodile
|-supereffective|p1a: Krookodile
|-damage|p1a: Krookodile|15/100
|
|-weather|SunnyDay|[upkeep]
|upkeep
|turn|2
|
|t:|1654480179
|switch|p2a: Boner|Mandibuzz, F|100/100
|move|p1a: Krookodile|Stealth Rock|p2a: Boner
|-sidestart|p2: Quittingmonsongod|move: Stealth Rock
|
|-weather|SunnyDay|[upkeep]
|upkeep
|turn|3
|
|t:|1654480181
|move|p1a: Krookodile|Knock Off|p2a: Boner
|-resisted|p2a: Boner
|-damage|p2a: Boner|85/100
|-enditem|p2a: Boner|Heavy-Duty Boots|[from] move: Knock Off|[of] p1a: Krookodile
|move|p2a: Boner|U-turn|p1a: Krookodile
|-supereffective|p1a: Krookodile
|-damage|p1a: Krookodile|0 fnt
|faint|p1a: Krookodile
|
|t:|1654480185
|switch|p2a: Blaze Kickin’ Good|Blaziken, M|100/100|[from]move: U-turn
|-damage|p2a: Blaze Kickin’ Good|88/100|[from] Stealth Rock
|
|-weather|SunnyDay|[upkeep]
|upkeep
|j| funny mud pee
|
|t:|1654480205
|switch|p1a: Gengar|Gengar, M, shiny|100/100
|turn|4
|
|t:|1654480213
|move|p2a: Blaze Kickin’ Good|Protect|p2a: Blaze Kickin’ Good
|-singleturn|p2a: Blaze Kickin’ Good|Protect
|move|p1a: Gengar|Sludge Wave|p2a: Blaze Kickin’ Good
|-activate|p2a: Blaze Kickin’ Good|move: Protect
|
|-weather|SunnyDay|[upkeep]
|-ability|p2a: Blaze Kickin’ Good|Speed Boost|boost
|-boost|p2a: Blaze Kickin’ Good|spe|1
|upkeep
|turn|5
|
|t:|1654480217
|move|p2a: Blaze Kickin’ Good|Fire Blast|p1a: Gengar
|-enditem|p1a: Gengar|Focus Sash
|-damage|p1a: Gengar|1/100
|-damage|p2a: Blaze Kickin’ Good|78/100|[from] item: Life Orb
|move|p1a: Gengar|Sludge Wave|p2a: Blaze Kickin’ Good
|-damage|p2a: Blaze Kickin’ Good|5/100
|
|-weather|SunnyDay|[upkeep]
|-ability|p2a: Blaze Kickin’ Good|Speed Boost|boost
|-boost|p2a: Blaze Kickin’ Good|spe|1
|upkeep
|turn|6
|
|t:|1654480227
|move|p2a: Blaze Kickin’ Good|Solar Beam||[still]
|-prepare|p2a: Blaze Kickin’ Good|Solar Beam
|-anim|p2a: Blaze Kickin’ Good|Solar Beam|p1a: Gengar
|-resisted|p1a: Gengar
|-damage|p1a: Gengar|0 fnt
|faint|p1a: Gengar
|-damage|p2a: Blaze Kickin’ Good|0 fnt|[from] item: Life Orb
|faint|p2a: Blaze Kickin’ Good
|
|-weather|SunnyDay|[upkeep]
|upkeep
|
|t:|1654480248
|switch|p1a: Landorus|Landorus-Therian, M|100/100
|switch|p2a: Vector OH YEAH!!!|Victini|100/100
|-damage|p2a: Vector OH YEAH!!!|76/100|[from] Stealth Rock
|-ability|p1a: Landorus|Intimidate|boost
|-unboost|p2a: Vector OH YEAH!!!|atk|1
|turn|7
|inactive|HOF69 has 120 seconds left.
|
|t:|1654480274
|move|p2a: Vector OH YEAH!!!|U-turn|p1a: Landorus
|-resisted|p1a: Landorus
|-crit|p1a: Landorus
|-damage|p1a: Landorus|87/100
|
|t:|1654480278
|switch|p2a: Yeetran|Heatran, M|100/100|[from]move: U-turn
|-damage|p2a: Yeetran|88/100|[from] Stealth Rock
|-item|p2a: Yeetran|Air Balloon
|move|p1a: Landorus|Earthquake|p2a: Yeetran
|-immune|p2a: Yeetran
|
|-weather|SunnyDay|[upkeep]
|upkeep
|turn|8
|
|t:|1654480283
|move|p2a: Yeetran|Eruption|p1a: Landorus
|-damage|p1a: Landorus|25/100
|move|p1a: Landorus|Knock Off|p2a: Yeetran
|-damage|p2a: Yeetran|52/100
|-enditem|p2a: Yeetran|Air Balloon
|
|-weather|none
|upkeep
|turn|9
|
|t:|1654480290
|move|p2a: Yeetran|Eruption|p1a: Landorus
|-damage|p1a: Landorus|0 fnt
|faint|p1a: Landorus
|
|upkeep
|inactive|HOF69 has 120 seconds left.
|
|t:|1654480310
|switch|p1a: Kartana|Kartana|100/100
|turn|10
|
|t:|1654480315
|move|p1a: Kartana|Sacred Sword|p2a: Yeetran
|-supereffective|p2a: Yeetran
|-crit|p2a: Yeetran
|-damage|p2a: Yeetran|0 fnt
|faint|p2a: Yeetran
|-ability|p1a: Kartana|Beast Boost|boost
|-boost|p1a: Kartana|atk|1
|
|upkeep
|
|t:|1654480318
|switch|p2a: Boner|Mandibuzz, F|85/100
|-damage|p2a: Boner|61/100|[from] Stealth Rock
|turn|11
|
|t:|1654480325
|move|p1a: Kartana|Sacred Sword|p2a: Boner
|-damage|p2a: Boner|20/100
|move|p2a: Boner|Roost|p2a: Boner
|-heal|p2a: Boner|70/100
|-singleturn|p2a: Boner|move: Roost
|
|upkeep
|turn|12
|j| srtjhdtky
|
|t:|1654480331
|move|p1a: Kartana|Swords Dance|p1a: Kartana
|-boost|p1a: Kartana|atk|2
|move|p2a: Boner|Roost|p2a: Boner
|-heal|p2a: Boner|100/100
|-singleturn|p2a: Boner|move: Roost
|
|upkeep
|turn|13
|
|t:|1654480333
|move|p1a: Kartana|Sacred Sword|p2a: Boner
|-damage|p2a: Boner|28/100
|move|p2a: Boner|Foul Play|p1a: Kartana
|-crit|p1a: Kartana
|-damage|p1a: Kartana|0 fnt
|faint|p1a: Kartana
|
|upkeep
|
|t:|1654480355
|switch|p1a: Tapu Lele|Tapu Lele|100/100
|-fieldstart|move: Psychic Terrain|[from] ability: Psychic Surge|[of] p1a: Tapu Lele
|turn|14
|
|t:|1654480362
|move|p1a: Tapu Lele|Moonblast|p2a: Boner
|-supereffective|p2a: Boner
|-damage|p2a: Boner|0 fnt
|faint|p2a: Boner
|
|upkeep
|
|t:|1654480363
|switch|p2a: Master Oogway|Torkoal, F|41/100
|-damage|p2a: Master Oogway|16/100|[from] Stealth Rock
|-weather|SunnyDay|[from] ability: Drought|[of] p2a: Master Oogway
|turn|15
|
|t:|1654480389
|switch|p2a: Vector OH YEAH!!!|Victini|76/100
|-damage|p2a: Vector OH YEAH!!!|51/100|[from] Stealth Rock
|move|p1a: Tapu Lele|Moonblast|p2a: Vector OH YEAH!!!
|-resisted|p2a: Vector OH YEAH!!!
|-damage|p2a: Vector OH YEAH!!!|25/100
|
|-weather|SunnyDay|[upkeep]
|upkeep
|turn|16
|inactive|HOF69 has 120 seconds left.
|
|t:|1654480412
|switch|p1a: Blacephalon|Blacephalon|100/100
|move|p2a: Vector OH YEAH!!!|V-create|p1a: Blacephalon
|-resisted|p1a: Blacephalon
|-damage|p1a: Blacephalon|0 fnt
|-unboost|p2a: Vector OH YEAH!!!|spe|1
|-unboost|p2a: Vector OH YEAH!!!|def|1
|-unboost|p2a: Vector OH YEAH!!!|spd|1
|faint|p1a: Blacephalon
|
|-weather|SunnyDay|[upkeep]
|upkeep
|
|t:|1654480417
|switch|p1a: Tapu Lele|Tapu Lele|100/100
|turn|17
|inactive|HOF69 has 120 seconds left.
|
|t:|1654480423
|move|p2a: Vector OH YEAH!!!|V-create|p1a: Tapu Lele
|-damage|p1a: Tapu Lele|0 fnt
|-unboost|p2a: Vector OH YEAH!!!|spe|1
|-unboost|p2a: Vector OH YEAH!!!|def|1
|-unboost|p2a: Vector OH YEAH!!!|spd|1
|faint|p1a: Tapu Lele
|
|win|Quittingmonsongod
|raw|HOF69's rating: 1871 &rarr; <strong>1853</strong><br />(-18 for losing)
|raw|Quittingmonsongod's rating: 1907 &rarr; <strong>1925</strong><br />(+18 for winning)
|l|☆HOF69
|c|☆Quittingmonsongod|gg
||Ladder isn't responding, score probably updated but might not have (Request timeout).
