|j|☆imchokingrn
|j|☆Wheezer
|t:|1649647884
|gametype|singles
|player|p1|imchokingrn|backpacker|1646
|player|p2|Wheezer|petrel|1713
|teamsize|p1|6
|teamsize|p2|6
|gen|8
|tier|[Gen 8] OU
|rated|
|rule|Sleep Clause Mod: Limit one foe put to sleep
|rule|Species Clause: Limit one of each Pokémon
|rule|OHKO Clause: OHKO moves are banned
|rule|Evasion Moves Clause: Evasion moves are banned
|rule|Endless Battle Clause: Forcing endless battles is banned
|rule|HP Percentage Mod: HP is shown in percentages
|rule|Dynamax Clause: You cannot dynamax
|clearpoke
|poke|p1|Weavile, F|
|poke|p1|Tapu Koko|
|poke|p1|Landorus-Therian, M|
|poke|p1|Slowking, M|
|poke|p1|Heatran, M|
|poke|p1|Buzzwole|
|poke|p2|Toxapex, F|
|poke|p2|Skarmory, F|
|poke|p2|Hippowdon, F|
|poke|p2|Suicune|
|poke|p2|Celesteela|
|poke|p2|Heatran, M|
|teampreview
|
|t:|1649647908
|start
|switch|p1a: Landorus|Landorus-Therian, M|100/100
|switch|p2a: Toxapex|Toxapex, F|100/100
|-ability|p1a: Landorus|Intimidate|boost
|-unboost|p2a: Toxapex|atk|1
|turn|1
|
|t:|1649647949
|switch|p1a: Slowking|Slowking, M|100/100
|move|p2a: Toxapex|Toxic Spikes|p1a: Slowking
|-sidestart|p1: imchokingrn|move: Toxic Spikes
|
|upkeep
|turn|2
|j| DA COME UP ♛
|
|t:|1649647961
|move|p2a: Toxapex|Knock Off|p1a: Slowking
|-supereffective|p1a: Slowking
|-damage|p1a: Slowking|85/100
|-enditem|p1a: Slowking|Heavy-Duty Boots|[from] move: Knock Off|[of] p2a: Toxapex
|move|p1a: Slowking|Future Sight|p2a: Toxapex
|-start|p1a: Slowking|move: Future Sight
|
|upkeep
|turn|3
|
|t:|1649647972
|switch|p2a: Celesteela|Celesteela|100/100
|move|p1a: Slowking|Teleport|p1a: Slowking
|
|t:|1649647984
|switch|p1a: Tapu Koko|Tapu Koko|100/100|[from]move: Teleport
|-fieldstart|move: Electric Terrain|[from] ability: Electric Surge|[of] p1a: Tapu Koko
|
|upkeep
|turn|4
|
|t:|1649647986
|move|p2a: Celesteela|Protect|p2a: Celesteela
|-singleturn|p2a: Celesteela|Protect
|move|p1a: Tapu Koko|Thunderbolt|p2a: Celesteela
|-activate|p2a: Celesteela|move: Protect
|
|-end|p2a: Celesteela|move: Future Sight
|-resisted|p2a: Celesteela
|-damage|p2a: Celesteela|88/100
|-heal|p2a: Celesteela|94/100|[from] item: Leftovers
|upkeep
|turn|5
|
|t:|1649648000
|switch|p1a: Landorus|Landorus-Therian, M|100/100
|-ability|p1a: Landorus|Intimidate|boost
|-unboost|p2a: Celesteela|atk|1
|switch|p2a: Hippowdon|Hippowdon, F|100/100
|-weather|Sandstorm|[from] ability: Sand Stream|[of] p2a: Hippowdon
|
|-weather|Sandstorm|[upkeep]
|upkeep
|turn|6
|
|t:|1649648005
|switch|p2a: Skarmory|Skarmory, F|100/100
|move|p1a: Landorus|Toxic|p2a: Skarmory
|-immune|p2a: Skarmory
|
|-weather|Sandstorm|[upkeep]
|upkeep
|turn|7
|
|t:|1649648007
|move|p1a: Landorus|Defog|p2a: Skarmory
|-unboost|p2a: Skarmory|evasion|1
|-sideend|p1: imchokingrn|Toxic Spikes|[from] move: Defog|[of] p1a: Landorus
|-fieldend|move: Electric Terrain
|move|p2a: Skarmory|Toxic|p1a: Landorus
|-status|p1a: Landorus|tox
|
|-weather|Sandstorm|[upkeep]
|-damage|p1a: Landorus|94/100 tox|[from] psn
|upkeep
|turn|8
|
|t:|1649648019
|switch|p1a: Slowking|Slowking, M|100/100
|move|p2a: Skarmory|Spikes|p1a: Slowking
|-sidestart|p1: imchokingrn|Spikes
|
|-weather|Sandstorm|[upkeep]
|-damage|p1a: Slowking|94/100|[from] Sandstorm
|upkeep
|turn|9
|
|t:|1649648026
|move|p2a: Skarmory|Toxic|p1a: Slowking
|-status|p1a: Slowking|tox
|move|p1a: Slowking|Future Sight|p2a: Skarmory
|-start|p1a: Slowking|move: Future Sight
|
|-weather|none
|-damage|p1a: Slowking|88/100 tox|[from] psn
|upkeep
|turn|10
|
|t:|1649648028
|move|p2a: Skarmory|Spikes|p1a: Slowking
|-sidestart|p1: imchokingrn|Spikes
|move|p1a: Slowking|Teleport|p1a: Slowking
|
|t:|1649648031
|switch|p1a: Tapu Koko|Tapu Koko|100/100|[from]move: Teleport
|-fieldstart|move: Electric Terrain|[from] ability: Electric Surge|[of] p1a: Tapu Koko
|
|upkeep
|turn|11
|
|t:|1649648039
|switch|p2a: Hippowdon|Hippowdon, F|100/100
|-weather|Sandstorm|[from] ability: Sand Stream|[of] p2a: Hippowdon
|move|p1a: Tapu Koko|Thunderbolt|p2a: Hippowdon
|-immune|p2a: Hippowdon
|
|-weather|Sandstorm|[upkeep]
|-damage|p1a: Tapu Koko|94/100|[from] Sandstorm
|-end|p2a: Hippowdon|move: Future Sight
|-damage|p2a: Hippowdon|59/100
|-heal|p2a: Hippowdon|65/100|[from] item: Leftovers
|upkeep
|turn|12
|
|t:|1649648045
|switch|p1a: Landorus|Landorus-Therian, M|94/100 tox
|-ability|p1a: Landorus|Intimidate|boost
|-unboost|p2a: Hippowdon|atk|1
|move|p2a: Hippowdon|Slack Off|p2a: Hippowdon
|-heal|p2a: Hippowdon|100/100
|
|-weather|Sandstorm|[upkeep]
|-heal|p1a: Landorus|100/100 tox|[from] item: Leftovers
|-damage|p1a: Landorus|94/100 tox|[from] psn
|upkeep
|turn|13
|
|t:|1649648068
|switch|p2a: Skarmory|Skarmory, F|100/100
|move|p1a: Landorus|Defog|p2a: Skarmory
|-unboost|p2a: Skarmory|evasion|1
|-sideend|p1: imchokingrn|Spikes|[from] move: Defog|[of] p1a: Landorus
|-fieldend|move: Electric Terrain
|
|-weather|Sandstorm|[upkeep]
|-heal|p1a: Landorus|100/100 tox|[from] item: Leftovers
|-damage|p1a: Landorus|88/100 tox|[from] psn
|upkeep
|turn|14
|
|t:|1649648123
|move|p1a: Landorus|U-turn|p2a: Skarmory
|-resisted|p2a: Skarmory
|-damage|p2a: Skarmory|97/100
|
|t:|1649648133
|switch|p1a: Slowking|Slowking, M|100/100 tox|[from]move: U-turn
|move|p2a: Skarmory|Spikes|p1a: Slowking
|-sidestart|p1: imchokingrn|Spikes
|
|-weather|Sandstorm|[upkeep]
|-damage|p1a: Slowking|94/100 tox|[from] Sandstorm
|-damage|p1a: Slowking|88/100 tox|[from] psn
|upkeep
|turn|15
|
|t:|1649648140
|switch|p2a: Toxapex|Toxapex, F|100/100
|move|p1a: Slowking|Future Sight|p2a: Toxapex
|-start|p1a: Slowking|move: Future Sight
|
|-weather|none
|-damage|p1a: Slowking|76/100 tox|[from] psn
|upkeep
|turn|16
|
|t:|1649648145
|move|p2a: Toxapex|Toxic Spikes|p1a: Slowking
|-sidestart|p1: imchokingrn|move: Toxic Spikes
|move|p1a: Slowking|Teleport|p1a: Slowking
|
|t:|1649648158
|switch|p1a: Tapu Koko|Tapu Koko|94/100|[from]move: Teleport
|-fieldstart|move: Electric Terrain|[from] ability: Electric Surge|[of] p1a: Tapu Koko
|
|upkeep
|turn|17
|
|t:|1649648164
|switch|p2a: Hippowdon|Hippowdon, F|100/100
|-weather|Sandstorm|[from] ability: Sand Stream|[of] p2a: Hippowdon
|move|p1a: Tapu Koko|Thunderbolt|p2a: Hippowdon
|-immune|p2a: Hippowdon
|
|-weather|Sandstorm|[upkeep]
|-damage|p1a: Tapu Koko|88/100|[from] Sandstorm
|-end|p2a: Hippowdon|move: Future Sight
|-damage|p2a: Hippowdon|60/100
|-heal|p2a: Hippowdon|66/100|[from] item: Leftovers
|upkeep
|turn|18
|
|t:|1649648171
|switch|p1a: Landorus|Landorus-Therian, M|88/100 tox
|-ability|p1a: Landorus|Intimidate|boost
|-unboost|p2a: Hippowdon|atk|1
|move|p2a: Hippowdon|Slack Off|p2a: Hippowdon
|-heal|p2a: Hippowdon|100/100
|
|-weather|Sandstorm|[upkeep]
|-heal|p1a: Landorus|94/100 tox|[from] item: Leftovers
|-damage|p1a: Landorus|88/100 tox|[from] psn
|upkeep
|turn|19
|
|t:|1649648178
|switch|p2a: Skarmory|Skarmory, F|97/100
|move|p1a: Landorus|Defog|p2a: Skarmory
|-unboost|p2a: Skarmory|evasion|1
|-sideend|p1: imchokingrn|Spikes|[from] move: Defog|[of] p1a: Landorus
|-sideend|p1: imchokingrn|Toxic Spikes|[from] move: Defog|[of] p1a: Landorus
|-fieldend|move: Electric Terrain
|
|-weather|Sandstorm|[upkeep]
|-heal|p1a: Landorus|94/100 tox|[from] item: Leftovers
|-damage|p1a: Landorus|82/100 tox|[from] psn
|upkeep
|turn|20
|
|t:|1649648184
|move|p1a: Landorus|U-turn|p2a: Skarmory
|-resisted|p2a: Skarmory
|-damage|p2a: Skarmory|94/100
|
|t:|1649648186
|switch|p1a: Slowking|Slowking, M|100/100 tox|[from]move: U-turn
|move|p2a: Skarmory|Spikes|p1a: Slowking
|-sidestart|p1: imchokingrn|Spikes
|
|-weather|Sandstorm|[upkeep]
|-damage|p1a: Slowking|94/100 tox|[from] Sandstorm
|-damage|p1a: Slowking|88/100 tox|[from] psn
|upkeep
|turn|21
|
|t:|1649648193
|switch|p2a: Suicune|Suicune|100/100
|-ability|p2a: Suicune|Pressure
|move|p1a: Slowking|Future Sight|p2a: Suicune
|-start|p1a: Slowking|move: Future Sight
|
|-weather|none
|-damage|p1a: Slowking|76/100 tox|[from] psn
|upkeep
|turn|22
|
|t:|1649648197
|move|p2a: Suicune|Substitute|p2a: Suicune
|-start|p2a: Suicune|Substitute
|-damage|p2a: Suicune|75/100
|move|p1a: Slowking|Teleport|p1a: Slowking
|
|t:|1649648199
|switch|p1a: Tapu Koko|Tapu Koko|88/100|[from]move: Teleport
|-fieldstart|move: Electric Terrain|[from] ability: Electric Surge|[of] p1a: Tapu Koko
|
|-heal|p2a: Suicune|82/100|[from] item: Leftovers
|upkeep
|turn|23
|
|t:|1649648204
|move|p1a: Tapu Koko|Calm Mind|p1a: Tapu Koko
|-boost|p1a: Tapu Koko|spa|1
|-boost|p1a: Tapu Koko|spd|1
|move|p2a: Suicune|Scald|p1a: Tapu Koko
|-damage|p1a: Tapu Koko|61/100
|
|-end|p2a: Suicune|move: Future Sight
|-end|p2a: Suicune|Substitute
|-heal|p2a: Suicune|88/100|[from] item: Leftovers
|upkeep
|turn|24
|
|t:|1649648208
|switch|p2a: Hippowdon|Hippowdon, F|100/100
|-weather|Sandstorm|[from] ability: Sand Stream|[of] p2a: Hippowdon
|move|p1a: Tapu Koko|Dazzling Gleam|p2a: Hippowdon
|-crit|p2a: Hippowdon
|-damage|p2a: Hippowdon|17/100
|
|-weather|Sandstorm|[upkeep]
|-damage|p1a: Tapu Koko|55/100|[from] Sandstorm
|-heal|p2a: Hippowdon|23/100|[from] item: Leftovers
|upkeep
|turn|25
|c|☆Wheezer|k
|j| srgtyiol
|
|t:|1649648214
|move|p1a: Tapu Koko|Dazzling Gleam|p2a: Hippowdon
|-damage|p2a: Hippowdon|0 fnt
|faint|p2a: Hippowdon
|
|-weather|Sandstorm|[upkeep]
|-damage|p1a: Tapu Koko|49/100|[from] Sandstorm
|upkeep
|
|t:|1649648217
|switch|p2a: Heatran|Heatran, M|100/100
|turn|26
|j| BigSexyNik93
|
|t:|1649648232
|switch|p1a: Landorus|Landorus-Therian, M|82/100 tox
|-ability|p1a: Landorus|Intimidate|boost
|-unboost|p2a: Heatran|atk|1
|move|p2a: Heatran|Earth Power|p1a: Landorus
|-immune|p1a: Landorus
|
|-weather|Sandstorm|[upkeep]
|-heal|p1a: Landorus|88/100 tox|[from] item: Leftovers
|-damage|p1a: Landorus|82/100 tox|[from] psn
|-fieldend|move: Electric Terrain
|upkeep
|turn|27
|
|t:|1649648239
|move|p2a: Heatran|Magma Storm|p1a: Landorus|[miss]
|-miss|p2a: Heatran|p1a: Landorus
|move|p1a: Landorus|Earthquake|p2a: Heatran
|-supereffective|p2a: Heatran
|-damage|p2a: Heatran|0 fnt
|faint|p2a: Heatran
|
|-weather|Sandstorm|[upkeep]
|-heal|p1a: Landorus|88/100 tox|[from] item: Leftovers
|-damage|p1a: Landorus|76/100 tox|[from] psn
|upkeep
|
|t:|1649648245
|switch|p2a: Skarmory|Skarmory, F|94/100
|turn|28
|
|t:|1649648250
|switch|p2a: Suicune|Suicune|88/100
|-ability|p2a: Suicune|Pressure
|move|p1a: Landorus|U-turn|p2a: Suicune
|-damage|p2a: Suicune|71/100
|
|t:|1649648252
|switch|p1a: Tapu Koko|Tapu Koko|49/100|[from]move: U-turn
|-fieldstart|move: Electric Terrain|[from] ability: Electric Surge|[of] p1a: Tapu Koko
|
|-weather|none
|-heal|p2a: Suicune|77/100|[from] item: Leftovers
|upkeep
|turn|29
|-message|Wheezer forfeited.
|
|win|imchokingrn
|raw|imchokingrn's rating: 1646 &rarr; <strong>1670</strong><br />(+24 for winning)
|raw|Wheezer's rating: 1713 &rarr; <strong>1689</strong><br />(-24 for losing)
|l|☆Wheezer
