|raw|<div class="broadcast-blue"><strong>This battle is required to be public due to a player having a name starting with 'lt93oq'.</div>
|j|☆LT93OQ Dasmer
|j|‽kinetic chain
|t:|1660394532
|gametype|singles
|player|p1|LT93OQ Dasmer|rei|1886
|player|p2|kinetic chain|giovanni-gen1|1870
|teamsize|p1|6
|teamsize|p2|6
|gen|8
|tier|[Gen 8] OU
|rated|
|rule|Sleep Clause Mod: Limit one foe put to sleep
|rule|Species Clause: Limit one of each Pokémon
|rule|OHKO Clause: OHKO moves are banned
|rule|Evasion Items Clause: Evasion items are banned
|rule|Evasion Moves Clause: Evasion moves are banned
|rule|Endless Battle Clause: Forcing endless battles is banned
|rule|HP Percentage Mod: HP is shown in percentages
|rule|Dynamax Clause: You cannot dynamax
|clearpoke
|poke|p1|Garchomp, M|
|poke|p1|Kartana|
|poke|p1|Slowbro, M|
|poke|p1|Weavile, F|
|poke|p1|Heatran, F|
|poke|p1|Zapdos|
|poke|p2|Dragapult, F|
|poke|p2|Clefable, F|
|poke|p2|Heatran, F|
|poke|p2|Landorus-Therian, M|
|poke|p2|Tornadus-Therian, M|
|poke|p2|Urshifu-*, M|
|teampreview
|inactive|Battle timer is ON: inactive players will automatically lose when time's up. (requested by kinetic chain)
|
|t:|1660394552
|start
|switch|p1a: Kartana|Kartana|100/100
|switch|p2a: Landorus|Landorus-Therian, M|100/100
|-ability|p2a: Landorus|Intimidate|boost
|-unboost|p1a: Kartana|atk|1
|turn|1
|j| just nimmemja
|
|t:|1660394557
|move|p1a: Kartana|Leaf Blade|p2a: Landorus
|-damage|p2a: Landorus|42/100
|move|p2a: Landorus|Stealth Rock|p1a: Kartana
|-sidestart|p1: LT93OQ Dasmer|move: Stealth Rock
|
|-heal|p2a: Landorus|48/100|[from] item: Leftovers
|upkeep
|turn|2
|
|t:|1660394563
|switch|p1a: Zapdos|Zapdos|100/100
|move|p2a: Landorus|U-turn|p1a: Zapdos
|-resisted|p1a: Zapdos
|-crit|p1a: Zapdos
|-damage|p1a: Zapdos|88/100
|j| LT93OQ rej?
|
|t:|1660394582
|switch|p2a: Heatran|Heatran, F|100/100|[from]move: U-turn
|
|upkeep
|turn|3
|
|t:|1660394587
|switch|p1a: Garchomp|Garchomp, M|100/100
|-damage|p1a: Garchomp|94/100|[from] Stealth Rock
|move|p2a: Heatran|Magma Storm|p1a: Garchomp
|-resisted|p1a: Garchomp
|-damage|p1a: Garchomp|79/100
|-activate|p1a: Garchomp|move: Magma Storm|[of] p2a: Heatran
|
|-heal|p1a: Garchomp|85/100|[from] item: Leftovers
|-damage|p1a: Garchomp|73/100|[from] move: Magma Storm|[partiallytrapped]
|upkeep
|turn|4
|j| Agumons
|
|t:|1660394593
|switch|p2a: Landorus|Landorus-Therian, M|48/100
|-ability|p2a: Landorus|Intimidate|boost
|-unboost|p1a: Garchomp|atk|1
|move|p1a: Garchomp|Stealth Rock|p2a: Landorus
|-sidestart|p2: kinetic chain|move: Stealth Rock
|
|-heal|p1a: Garchomp|79/100|[from] item: Leftovers
|-heal|p2a: Landorus|54/100|[from] item: Leftovers
|-end|p1a: Garchomp|Magma Storm|[partiallytrapped]|[silent]
|upkeep
|turn|5
|
|t:|1660394598
|switch|p1a: Zapdos|Zapdos|88/100
|move|p2a: Landorus|Toxic|p1a: Zapdos
|-status|p1a: Zapdos|tox
|
|-heal|p2a: Landorus|60/100|[from] item: Leftovers
|-damage|p1a: Zapdos|82/100 tox|[from] psn
|upkeep
|turn|6
|
|t:|1660394603
|switch|p2a: Heatran|Heatran, F|100/100
|-damage|p2a: Heatran|88/100|[from] Stealth Rock
|move|p1a: Zapdos|Hurricane|p2a: Heatran
|-resisted|p2a: Heatran
|-damage|p2a: Heatran|74/100
|
|-heal|p2a: Heatran|80/100|[from] item: Leftovers
|-damage|p1a: Zapdos|70/100 tox|[from] psn
|upkeep
|turn|7
|j| Tokantolov
|
|t:|1660394608
|switch|p1a: Heatran|Heatran, F|100/100
|-damage|p1a: Heatran|88/100|[from] Stealth Rock
|move|p2a: Heatran|Magma Storm|p1a: Heatran|[miss]
|-miss|p2a: Heatran|p1a: Heatran
|
|-heal|p1a: Heatran|94/100|[from] item: Leftovers
|-heal|p2a: Heatran|87/100|[from] item: Leftovers
|upkeep
|turn|8
|
|t:|1660394612
|switch|p1a: Garchomp|Garchomp, M|79/100
|-damage|p1a: Garchomp|73/100|[from] Stealth Rock
|move|p2a: Heatran|Earth Power|p1a: Garchomp
|-damage|p1a: Garchomp|56/100
|
|-heal|p1a: Garchomp|62/100|[from] item: Leftovers
|-heal|p2a: Heatran|93/100|[from] item: Leftovers
|upkeep
|turn|9
|
|t:|1660394615
|switch|p2a: Landorus|Landorus-Therian, M|60/100
|-damage|p2a: Landorus|48/100|[from] Stealth Rock
|-ability|p2a: Landorus|Intimidate|boost
|-unboost|p1a: Garchomp|atk|1
|move|p1a: Garchomp|Toxic|p2a: Landorus|[miss]
|-miss|p1a: Garchomp|p2a: Landorus
|
|-heal|p1a: Garchomp|68/100|[from] item: Leftovers
|-heal|p2a: Landorus|54/100|[from] item: Leftovers
|upkeep
|turn|10
|
|t:|1660394619
|move|p1a: Garchomp|Toxic|p2a: Landorus|[miss]
|-miss|p1a: Garchomp|p2a: Landorus
|move|p2a: Landorus|Earthquake|p1a: Garchomp
|-damage|p1a: Garchomp|25/100
|
|-heal|p1a: Garchomp|31/100|[from] item: Leftovers
|-heal|p2a: Landorus|60/100|[from] item: Leftovers
|upkeep
|turn|11
|
|t:|1660394625
|move|p1a: Garchomp|Toxic|p2a: Landorus|[miss]
|-miss|p1a: Garchomp|p2a: Landorus
|move|p2a: Landorus|Earthquake|p1a: Garchomp
|-damage|p1a: Garchomp|0 fnt
|faint|p1a: Garchomp
|
|-heal|p2a: Landorus|66/100|[from] item: Leftovers
|upkeep
|j| LT92P Fever
|c|☆LT93OQ Dasmer|ah
|c|☆LT93OQ Dasmer|ok
|
|t:|1660394634
|switch|p1a: Kartana|Kartana|100/100
|-damage|p1a: Kartana|94/100|[from] Stealth Rock
|turn|12
|j| playa13
|j| Small calf
|
|t:|1660394647
|move|p1a: Kartana|Knock Off|p2a: Landorus
|-damage|p2a: Landorus|4/100
|-enditem|p2a: Landorus|Leftovers|[from] move: Knock Off|[of] p1a: Kartana
|move|p2a: Landorus|U-turn|p1a: Kartana
|-damage|p1a: Kartana|70/100
|j| Sinomb
|j| darms324
|
|t:|1660394655
|switch|p2a: Tornadus|Tornadus-Therian, M|100/100|[from]move: U-turn
|
|upkeep
|turn|13
|l| Small calf
|
|t:|1660394666
|switch|p1a: Zapdos|Zapdos|70/100 tox
|move|p2a: Tornadus|Knock Off|p1a: Zapdos
|-damage|p1a: Zapdos|57/100 tox
|-status|p2a: Tornadus|par|[from] ability: Static|[of] p1a: Zapdos
|-enditem|p1a: Zapdos|Heavy-Duty Boots|[from] move: Knock Off|[of] p2a: Tornadus
|
|-damage|p1a: Zapdos|51/100 tox|[from] psn
|upkeep
|turn|14
|
|t:|1660394672
|move|p1a: Zapdos|Discharge|p2a: Tornadus
|-supereffective|p2a: Tornadus
|-damage|p2a: Tornadus|33/100 par
|move|p2a: Tornadus|U-turn|p1a: Zapdos
|-resisted|p1a: Zapdos
|-damage|p1a: Zapdos|46/100 tox
|
|t:|1660394678
|switch|p2a: Dragapult|Dragapult, F|100/100|[from]move: U-turn
|
|-damage|p1a: Zapdos|34/100 tox|[from] psn
|upkeep
|turn|15
|
|t:|1660394683
|switch|p1a: Heatran|Heatran, F|94/100
|-damage|p1a: Heatran|82/100|[from] Stealth Rock
|move|p2a: Dragapult|Thunder Wave|p1a: Heatran|[miss]
|-miss|p2a: Dragapult|p1a: Heatran
|
|-heal|p1a: Heatran|88/100|[from] item: Leftovers
|upkeep
|turn|16
|
|t:|1660394686
|move|p2a: Dragapult|Thunder Wave|p1a: Heatran
|-status|p1a: Heatran|par
|move|p1a: Heatran|Magma Storm|p2a: Dragapult
|-resisted|p2a: Dragapult
|-damage|p2a: Dragapult|70/100
|-activate|p2a: Dragapult|move: Magma Storm|[of] p1a: Heatran
|
|-heal|p1a: Heatran|94/100 par|[from] item: Leftovers
|-damage|p2a: Dragapult|57/100|[from] move: Magma Storm|[partiallytrapped]
|upkeep
|turn|17
|
|t:|1660394691
|switch|p2a: Urshifu|Urshifu-Rapid-Strike, M|100/100
|-damage|p2a: Urshifu|94/100|[from] Stealth Rock
|cant|p1a: Heatran|par
|
|-heal|p1a: Heatran|100/100 par|[from] item: Leftovers
|upkeep
|turn|18
|j| LT91BB W.Rounar
|
|t:|1660394694
|switch|p1a: Zapdos|Zapdos|34/100 tox
|-damage|p1a: Zapdos|10/100 tox|[from] Stealth Rock
|move|p2a: Urshifu|U-turn|p1a: Zapdos
|-resisted|p1a: Zapdos
|-damage|p1a: Zapdos|0 fnt
|faint|p1a: Zapdos
|
|t:|1660394702
|switch|p2a: Dragapult|Dragapult, F|57/100|[from]move: U-turn
|
|upkeep
|
|t:|1660394705
|switch|p1a: Heatran|Heatran, F|100/100 par
|-damage|p1a: Heatran|88/100 par|[from] Stealth Rock
|turn|19
|
|t:|1660394720
|move|p2a: Dragapult|Hex|p1a: Heatran
|-damage|p1a: Heatran|52/100 par
|move|p1a: Heatran|Earth Power|p2a: Dragapult
|-damage|p2a: Dragapult|25/100
|
|-heal|p1a: Heatran|58/100 par|[from] item: Leftovers
|upkeep
|turn|20
|j| Micciu20250
|
|t:|1660394736
|switch|p2a: Tornadus|Tornadus-Therian, M|67/100 par
|move|p1a: Heatran|Earth Power|p2a: Tornadus
|-immune|p2a: Tornadus
|
|-heal|p1a: Heatran|64/100 par|[from] item: Leftovers
|upkeep
|turn|21
|
|t:|1660394739
|cant|p2a: Tornadus|par
|move|p1a: Heatran|Magma Storm|p2a: Tornadus|[miss]
|-miss|p1a: Heatran|p2a: Tornadus
|
|-heal|p1a: Heatran|71/100 par|[from] item: Leftovers
|upkeep
|turn|22
|
|t:|1660394742
|cant|p2a: Tornadus|par
|move|p1a: Heatran|Magma Storm|p2a: Tornadus|[miss]
|-miss|p1a: Heatran|p2a: Tornadus
|
|-heal|p1a: Heatran|77/100 par|[from] item: Leftovers
|upkeep
|turn|23
|
|t:|1660394744
|move|p2a: Tornadus|Knock Off|p1a: Heatran
|-damage|p1a: Heatran|61/100 par
|-enditem|p1a: Heatran|Leftovers|[from] move: Knock Off|[of] p2a: Tornadus
|move|p1a: Heatran|Magma Storm|p2a: Tornadus
|-damage|p2a: Tornadus|23/100 par
|-activate|p2a: Tornadus|move: Magma Storm|[of] p1a: Heatran
|
|-damage|p2a: Tornadus|11/100 par|[from] move: Magma Storm|[partiallytrapped]
|upkeep
|turn|24
|
|t:|1660394752
|cant|p2a: Tornadus|par
|cant|p1a: Heatran|par
|
|-damage|p2a: Tornadus|0 fnt|[from] move: Magma Storm|[partiallytrapped]
|faint|p2a: Tornadus
|upkeep
|
|t:|1660394757
|switch|p2a: Urshifu|Urshifu-Rapid-Strike, M|94/100
|-damage|p2a: Urshifu|88/100|[from] Stealth Rock
|turn|25
|l| Tokantolov
|
|t:|1660394764
|move|p2a: Urshifu|U-turn|p1a: Heatran
|-resisted|p1a: Heatran
|-damage|p1a: Heatran|54/100 par
|
|t:|1660394766
|switch|p2a: Heatran|Heatran, F|93/100|[from]move: U-turn
|-damage|p2a: Heatran|80/100|[from] Stealth Rock
|move|p1a: Heatran|Earth Power|p2a: Heatran
|-supereffective|p2a: Heatran
|-damage|p2a: Heatran|14/100
|
|-heal|p2a: Heatran|20/100|[from] item: Leftovers
|upkeep
|turn|26
|
|t:|1660394769
|switch|p1a: Slowbro|Slowbro, M|100/100
|move|p2a: Heatran|Earth Power|p1a: Slowbro
|-damage|p1a: Slowbro|75/100
|
|-heal|p2a: Heatran|26/100|[from] item: Leftovers
|upkeep
|turn|27
|
|t:|1660394775
|switch|p2a: Landorus|Landorus-Therian, M|4/100
|-damage|p2a: Landorus|0 fnt|[from] Stealth Rock
|faint|p2a: Landorus
|move|p1a: Slowbro|Scald|p2: Landorus|[notarget]
|-fail|p1a: Slowbro
|
|upkeep
|
|t:|1660394787
|switch|p2a: Urshifu|Urshifu-Rapid-Strike, M|88/100
|-damage|p2a: Urshifu|82/100|[from] Stealth Rock
|turn|28
|
|t:|1660394789
|move|p2a: Urshifu|U-turn|p1a: Slowbro
|-supereffective|p1a: Slowbro
|-damage|p1a: Slowbro|34/100
|
|t:|1660394791
|switch|p2a: Clefable|Clefable, F|100/100|[from]move: U-turn
|move|p1a: Slowbro|Slack Off|p1a: Slowbro
|-heal|p1a: Slowbro|84/100
|
|upkeep
|turn|29
|
|t:|1660394794
|move|p2a: Clefable|Moonblast|p1a: Slowbro
|-damage|p1a: Slowbro|50/100
|move|p1a: Slowbro|Teleport|p1a: Slowbro
|
|t:|1660394797
|switch|p1a: Kartana|Kartana|70/100|[from]move: Teleport
|-damage|p1a: Kartana|63/100|[from] Stealth Rock
|
|upkeep
|turn|30
|
|t:|1660394825
|switch|p2a: Heatran|Heatran, F|26/100
|-damage|p2a: Heatran|14/100|[from] Stealth Rock
|move|p1a: Kartana|Smart Strike|p2a: Heatran
|-resisted|p2a: Heatran
|-damage|p2a: Heatran|0 fnt
|faint|p2a: Heatran
|-ability|p1a: Kartana|Beast Boost|boost
|-boost|p1a: Kartana|atk|1
|
|upkeep
|l|lt92pfever
|
|t:|1660394836
|switch|p2a: Urshifu|Urshifu-Rapid-Strike, M|82/100
|-damage|p2a: Urshifu|76/100|[from] Stealth Rock
|turn|31
|
|t:|1660394844
|switch|p1a: Heatran|Heatran, F|54/100 par
|-damage|p1a: Heatran|42/100 par|[from] Stealth Rock
|move|p2a: Urshifu|U-turn|p1a: Heatran
|-resisted|p1a: Heatran
|-damage|p1a: Heatran|35/100 par
|
|t:|1660394863
|switch|p2a: Dragapult|Dragapult, F|25/100|[from]move: U-turn
|
|upkeep
|turn|32
|j| LT93OQ Scary Hours
|
|t:|1660394868
|move|p2a: Dragapult|Hex|p1a: Heatran
|-damage|p1a: Heatran|0 fnt
|faint|p1a: Heatran
|
|upkeep
|
|t:|1660394870
|switch|p1a: Weavile|Weavile, F|100/100
|-ability|p1a: Weavile|Pressure
|turn|33
|
|t:|1660394881
|switch|p2a: Urshifu|Urshifu-Rapid-Strike, M|76/100
|-damage|p2a: Urshifu|70/100|[from] Stealth Rock
|move|p1a: Weavile|Knock Off|p2a: Urshifu
|-resisted|p2a: Urshifu
|-damage|p2a: Urshifu|46/100
|-enditem|p2a: Urshifu|Choice Band|[from] move: Knock Off|[of] p1a: Weavile
|
|upkeep
|turn|34
|j| PLACE NINE
|inactive|LT93OQ Dasmer has 120 seconds left.
|l| LT93OQ rej?
|
|t:|1660394929
|switch|p1a: Slowbro|Slowbro, M|84/100
|move|p2a: Urshifu|U-turn|p1a: Slowbro
|-supereffective|p1a: Slowbro
|-damage|p1a: Slowbro|53/100
|
|t:|1660394949
|switch|p2a: Dragapult|Dragapult, F|25/100|[from]move: U-turn
|
|upkeep
|turn|35
|l| LT91BB W.Rounar
|inactive|kinetic chain has 120 seconds left.
|
|t:|1660394976
|move|p2a: Dragapult|Hex|p1a: Slowbro
|-supereffective|p1a: Slowbro
|-damage|p1a: Slowbro|0 fnt
|faint|p1a: Slowbro
|
|upkeep
|
|t:|1660394979
|switch|p1a: Weavile|Weavile, F|100/100
|-ability|p1a: Weavile|Pressure
|turn|36
|
|t:|1660394985
|switch|p2a: Urshifu|Urshifu-Rapid-Strike, M|46/100
|-damage|p2a: Urshifu|40/100|[from] Stealth Rock
|switch|p1a: Kartana|Kartana|63/100
|-damage|p1a: Kartana|57/100|[from] Stealth Rock
|
|upkeep
|turn|37
|inactive|kinetic chain has 120 seconds left.
|
|t:|1660395021
|move|p2a: Urshifu|Aqua Jet|p1a: Kartana
|-resisted|p1a: Kartana
|-damage|p1a: Kartana|47/100
|move|p1a: Kartana|Leaf Blade|p2a: Urshifu
|-supereffective|p2a: Urshifu
|-damage|p2a: Urshifu|0 fnt
|faint|p2a: Urshifu
|-ability|p1a: Kartana|Beast Boost|boost
|-boost|p1a: Kartana|atk|1
|
|upkeep
|
|t:|1660395024
|switch|p2a: Dragapult|Dragapult, F|25/100
|turn|38
|inactive|LT93OQ Dasmer has 120 seconds left.
|
|t:|1660395050
|switch|p1a: Weavile|Weavile, F|100/100
|-ability|p1a: Weavile|Pressure
|move|p2a: Dragapult|Will-O-Wisp|p1a: Weavile
|-status|p1a: Weavile|brn
|
|-damage|p1a: Weavile|94/100 brn|[from] brn
|upkeep
|turn|39
|inactive|LT93OQ Dasmer has 120 seconds left.
|inactive|kinetic chain has 90 seconds left.
|
|t:|1660395072
|switch|p1a: Kartana|Kartana|47/100
|-damage|p1a: Kartana|41/100|[from] Stealth Rock
|move|p2a: Dragapult|Draco Meteor|p1a: Kartana
|-resisted|p1a: Kartana
|-damage|p1a: Kartana|0 fnt
|-unboost|p2a: Dragapult|spa|2
|faint|p1a: Kartana
|
|upkeep
|-message|LT93OQ Dasmer forfeited.
|
|win|kinetic chain
|raw|LT93OQ Dasmer's rating: 1886 &rarr; <strong>1865</strong><br />(-21 for losing)
|raw|kinetic chain's rating: 1870 &rarr; <strong>1891</strong><br />(+21 for winning)
|l|☆LT93OQ Dasmer
