|html|<div class="broadcast-blue"><strong>[Gen 8] OU is currently suspecting Melmetal! For information on how to participate check out the <a href="https://www.smogon.com/forums/threads/np-ss-ou-suspect-process-round-12-monster-mash.3709234/">suspect thread</a>.</strong></div>
|j|☆HarmonyHatterene37
|j|☆gaenisalbino
|t:|1666459290
|gametype|singles
|player|p1|HarmonyHatterene37|170|1582
|player|p2|gaenisalbino|266|1592
|teamsize|p1|6
|teamsize|p2|6
|gen|8
|tier|[Gen 8] OU
|rated|
|rule|Sleep Clause Mod: Limit one foe put to sleep
|rule|Species Clause: Limit one of each Pokémon
|rule|OHKO Clause: OHKO moves are banned
|rule|Evasion Items Clause: Evasion items are banned
|rule|Evasion Moves Clause: Evasion moves are banned
|rule|Endless Battle Clause: Forcing endless battles is banned
|rule|HP Percentage Mod: HP is shown in percentages
|rule|Dynamax Clause: You cannot dynamax
|clearpoke
|poke|p1|Hatterene, F|
|poke|p1|Melmetal|
|poke|p1|Crawdaunt, F|
|poke|p1|Marowak-Alola, M|
|poke|p1|Porygon2|
|poke|p1|Cresselia, F|
|poke|p2|Landorus-Therian, M|
|poke|p2|Ferrothorn, M|
|poke|p2|Kartana|
|poke|p2|Heatran, M|
|poke|p2|Clefable, F|
|poke|p2|Weavile, M|
|teampreview
|inactive|Battle timer is ON: inactive players will automatically lose when time's up. (requested by HarmonyHatterene37)
|inactive|gaenisalbino has 120 seconds left.
|
|t:|1666459324
|start
|switch|p1a: Hatterene|Hatterene, F|100/100
|switch|p2a: Weavile|Weavile, M|100/100
|-ability|p2a: Weavile|Pressure
|turn|1
|
|t:|1666459332
|move|p2a: Weavile|Triple Axel|p1a: Hatterene
|-damage|p1a: Hatterene|88/100
|-damage|p1a: Hatterene|62/100
|-damage|p1a: Hatterene|24/100
|-hitcount|p1a: Hatterene|3
|move|p1a: Hatterene|Trick Room|p1a: Hatterene
|-fieldstart|move: Trick Room|[of] p1a: Hatterene
|
|upkeep
|turn|2
|
|t:|1666459339
|switch|p2a: Heatran|Heatran, M, shiny|100/100
|move|p1a: Hatterene|Future Sight|p2a: Heatran
|-start|p1a: Hatterene|move: Future Sight
|
|upkeep
|turn|3
|
|t:|1666459344
|move|p1a: Hatterene|Misty Explosion|p2a: Heatran
|-resisted|p2a: Heatran
|-damage|p2a: Heatran|92/100
|faint|p1a: Hatterene
|move|p2a: Heatran|Magma Storm|p1: Hatterene|[notarget]
|-fail|p2a: Heatran
|
|-heal|p2a: Heatran|98/100|[from] item: Leftovers
|upkeep
|
|t:|1666459358
|switch|p1a: Crawdaunt|Crawdaunt, F|100/100
|turn|4
|
|t:|1666459370
|switch|p2a: Ferrothorn|Ferrothorn, M|100/100
|move|p1a: Crawdaunt|Swords Dance|p1a: Crawdaunt
|-boost|p1a: Crawdaunt|atk|2
|
|-end|p2a: Ferrothorn|move: Future Sight
|-resisted|p2a: Ferrothorn
|-damage|p2a: Ferrothorn|70/100
|-heal|p2a: Ferrothorn|76/100|[from] item: Leftovers
|upkeep
|turn|5
|
|t:|1666459375
|switch|p2a: Clefable|Clefable, F|100/100
|move|p1a: Crawdaunt|Knock Off|p2a: Clefable
|-resisted|p2a: Clefable
|-damage|p2a: Clefable|34/100
|-enditem|p2a: Clefable|Sticky Barb|[from] move: Knock Off|[of] p1a: Crawdaunt
|-damage|p1a: Crawdaunt|90/100|[from] item: Life Orb
|
|-fieldend|move: Trick Room
|upkeep
|turn|6
|
|t:|1666459390
|move|p2a: Clefable|Moonblast|p1a: Crawdaunt
|-supereffective|p1a: Crawdaunt
|-damage|p1a: Crawdaunt|0 fnt
|faint|p1a: Crawdaunt
|
|upkeep
|
|t:|1666459405
|switch|p1a: Porygon2|Porygon2|100/100
|-ability|p1a: Porygon2|Magic Guard|[from] ability: Trace|[of] p2a: Clefable
|turn|7
|
|t:|1666459408
|move|p2a: Clefable|Soft-Boiled|p2a: Clefable
|-heal|p2a: Clefable|84/100
|move|p1a: Porygon2|Trick Room|p1a: Porygon2
|-fieldstart|move: Trick Room|[of] p1a: Porygon2
|
|upkeep
|turn|8
|
|t:|1666459410
|move|p2a: Clefable|Stealth Rock|p1a: Porygon2
|-sidestart|p1: HarmonyHatterene37|move: Stealth Rock
|move|p1a: Porygon2|Teleport|p1a: Porygon2
|
|t:|1666459413
|switch|p1a: Melmetal|Melmetal|100/100|[from]move: Teleport
|-damage|p1a: Melmetal|94/100|[from] Stealth Rock
|
|upkeep
|turn|9
|
|t:|1666459422
|switch|p2a: Ferrothorn|Ferrothorn, M|76/100
|move|p1a: Melmetal|Superpower|p2a: Ferrothorn
|-supereffective|p2a: Ferrothorn
|-damage|p2a: Ferrothorn|0 fnt
|-unboost|p1a: Melmetal|atk|1
|-unboost|p1a: Melmetal|def|1
|-damage|p1a: Melmetal|82/100|[from] ability: Iron Barbs|[of] p2a: Ferrothorn
|faint|p2a: Ferrothorn
|-damage|p1a: Melmetal|72/100|[from] item: Life Orb
|
|upkeep
|
|t:|1666459429
|switch|p2a: Landorus|Landorus-Therian, M|100/100
|-ability|p2a: Landorus|Intimidate|boost
|-unboost|p1a: Melmetal|atk|1
|turn|10
|
|t:|1666459433
|switch|p1a: Cresselia|Cresselia, F|100/100
|-damage|p1a: Cresselia|88/100|[from] Stealth Rock
|move|p2a: Landorus|Earthquake|p1a: Cresselia
|-immune|p1a: Cresselia|[from] ability: Levitate
|
|upkeep
|turn|11
|
|t:|1666459447
|switch|p2a: Kartana|Kartana|100/100
|move|p1a: Cresselia|Moonlight|p1a: Cresselia
|-heal|p1a: Cresselia|100/100
|
|-fieldend|move: Trick Room
|upkeep
|turn|12
|
|t:|1666459452
|move|p2a: Kartana|Leaf Blade|p1a: Cresselia
|-crit|p1a: Cresselia
|-damage|p1a: Cresselia|38/100
|-damage|p2a: Kartana|84/100|[from] item: Rocky Helmet|[of] p1a: Cresselia
|move|p1a: Cresselia|Trick Room|p1a: Cresselia
|-fieldstart|move: Trick Room|[of] p1a: Cresselia
|
|upkeep
|turn|13
|
|t:|1666459462
|switch|p1a: Marowak|Marowak-Alola, M|100/100
|-damage|p1a: Marowak|75/100|[from] Stealth Rock
|move|p2a: Kartana|Leaf Blade|p1a: Marowak
|-resisted|p1a: Marowak
|-damage|p1a: Marowak|30/100
|
|upkeep
|turn|14
|
|t:|1666459469
|move|p1a: Marowak|Swords Dance|p1a: Marowak
|-boost|p1a: Marowak|atk|2
|move|p2a: Kartana|Leaf Blade|p1a: Marowak
|-resisted|p1a: Marowak
|-damage|p1a: Marowak|0 fnt
|faint|p1a: Marowak
|-ability|p2a: Kartana|Beast Boost|boost
|-boost|p2a: Kartana|atk|1
|
|upkeep
|
|t:|1666459475
|switch|p1a: Melmetal|Melmetal|72/100
|-damage|p1a: Melmetal|66/100|[from] Stealth Rock
|turn|15
|c|☆gaenisalbino|gg
|
|t:|1666459480
|switch|p2a: Landorus|Landorus-Therian, M|100/100
|-ability|p2a: Landorus|Intimidate|boost
|-unboost|p1a: Melmetal|atk|1
|move|p1a: Melmetal|Double Iron Bash|p2a: Landorus
|-damage|p2a: Landorus|60/100
|-damage|p2a: Landorus|21/100
|-hitcount|p2a: Landorus|2
|-damage|p1a: Melmetal|56/100|[from] item: Life Orb
|
|upkeep
|turn|16
|
|t:|1666459495
|switch|p2a: Heatran|Heatran, M, shiny|98/100
|move|p1a: Melmetal|Earthquake|p2a: Heatran
|-supereffective|p2a: Heatran
|-damage|p2a: Heatran|0 fnt
|faint|p2a: Heatran
|-damage|p1a: Melmetal|46/100|[from] item: Life Orb
|
|-fieldend|move: Trick Room
|upkeep
|
|t:|1666459499
|switch|p2a: Weavile|Weavile, M|100/100
|-ability|p2a: Weavile|Pressure
|turn|17
|
|t:|1666459525
|switch|p1a: Porygon2|Porygon2|100/100
|-damage|p1a: Porygon2|88/100|[from] Stealth Rock
|-ability|p1a: Porygon2|Pressure|[from] ability: Trace|[of] p2a: Weavile
|-ability|p1a: Porygon2|Pressure
|move|p2a: Weavile|Knock Off|p1a: Porygon2
|-damage|p1a: Porygon2|56/100
|-enditem|p1a: Porygon2|Eviolite|[from] move: Knock Off|[of] p2a: Weavile
|
|upkeep
|turn|18
|
|t:|1666459542
|move|p2a: Weavile|Swords Dance|p2a: Weavile
|-boost|p2a: Weavile|atk|2
|move|p1a: Porygon2|Trick Room|p1a: Porygon2
|-fieldstart|move: Trick Room|[of] p1a: Porygon2
|
|upkeep
|turn|19
|
|t:|1666459547
|move|p2a: Weavile|Triple Axel|p1a: Porygon2
|-damage|p1a: Porygon2|34/100
|-damage|p1a: Porygon2|0 fnt
|faint|p1a: Porygon2
|-hitcount|p1: Porygon2|2
|
|upkeep
|
|t:|1666459551
|switch|p1a: Melmetal|Melmetal|46/100
|-damage|p1a: Melmetal|40/100|[from] Stealth Rock
|turn|20
|
|t:|1666459565
|switch|p2a: Landorus|Landorus-Therian, M|21/100
|-ability|p2a: Landorus|Intimidate|boost
|-unboost|p1a: Melmetal|atk|1
|move|p1a: Melmetal|Double Iron Bash|p2a: Landorus
|-damage|p2a: Landorus|0 fnt
|faint|p2a: Landorus
|-hitcount|p2: Landorus|1
|-damage|p1a: Melmetal|30/100|[from] item: Life Orb
|
|upkeep
|
|t:|1666459573
|switch|p2a: Clefable|Clefable, F|84/100
|turn|21
|
|t:|1666459589
|move|p1a: Melmetal|Double Iron Bash|p2a: Clefable
|-supereffective|p2a: Clefable
|-damage|p2a: Clefable|22/100
|-supereffective|p2a: Clefable
|-damage|p2a: Clefable|0 fnt
|faint|p2a: Clefable
|-hitcount|p2: Clefable|2
|-damage|p1a: Melmetal|20/100|[from] item: Life Orb
|
|upkeep
|
|t:|1666459593
|switch|p2a: Weavile|Weavile, M|100/100
|-ability|p2a: Weavile|Pressure
|turn|22
|
|t:|1666459595
|move|p2a: Weavile|Ice Shard|p1a: Melmetal
|-resisted|p1a: Melmetal
|-damage|p1a: Melmetal|14/100
|move|p1a: Melmetal|Superpower|p2a: Weavile
|-supereffective|p2a: Weavile
|-damage|p2a: Weavile|0 fnt
|-unboost|p1a: Melmetal|atk|1
|-unboost|p1a: Melmetal|def|1
|faint|p2a: Weavile
|-damage|p1a: Melmetal|4/100|[from] item: Life Orb
|
|-fieldend|move: Trick Room
|upkeep
|
|t:|1666459598
|switch|p2a: Kartana|Kartana|84/100
|turn|23
|
|t:|1666459604
|move|p2a: Kartana|Knock Off|p1a: Melmetal
|-damage|p1a: Melmetal|0 fnt
|-enditem|p1a: Melmetal|Life Orb|[from] move: Knock Off|[of] p2a: Kartana
|faint|p1a: Melmetal
|-ability|p2a: Kartana|Beast Boost|boost
|-boost|p2a: Kartana|atk|1
|
|upkeep
|
|t:|1666459606
|switch|p1a: Cresselia|Cresselia, F|38/100
|-damage|p1a: Cresselia|26/100|[from] Stealth Rock
|turn|24
|
|t:|1666459608
|move|p2a: Kartana|Knock Off|p1a: Cresselia
|-supereffective|p1a: Cresselia
|-damage|p1a: Cresselia|0 fnt
|-damage|p2a: Kartana|67/100|[from] item: Rocky Helmet|[of] p1a: Cresselia
|-enditem|p1a: Cresselia|Rocky Helmet|[from] move: Knock Off|[of] p2a: Kartana
|faint|p1a: Cresselia
|
|win|gaenisalbino
|raw|HarmonyHatterene37's rating: 1582 &rarr; <strong>1563</strong><br />(-19 for losing)
|raw|gaenisalbino's rating: 1592 &rarr; <strong>1611</strong><br />(+19 for winning)
|c|☆HarmonyHatterene37|gg
|l|☆gaenisalbino
