|j|☆Bassyxx
|j|☆Turbochunk
|player|p1|Bassyxx|teammagmagruntf-gen3|1199
|player|p2|Turbochunk|brycen|1241
|teamsize|p1|6
|teamsize|p2|6
|gametype|singles
|gen|8
|tier|[Gen 8] OU
|rated|
|clearpoke
|poke|p1|Grimmsnarl, M|
|poke|p1|Kyurem|
|poke|p1|Cinderace, M|
|poke|p1|Dragapult, F|
|poke|p1|Alakazam, F|
|poke|p1|Rillaboom, M|
|poke|p2|Talonflame, F|
|poke|p2|Slowbro-Galar, F|
|poke|p2|Pyukumuku, M|
|poke|p2|Golurk|
|poke|p2|Magearna|
|poke|p2|Jolteon, F|
|rule|Sleep Clause Mod: Limit one foe put to sleep
|rule|Species Clause: Limit one of each Pokémon
|rule|OHKO Clause: OHKO moves are banned
|rule|Evasion Moves Clause: Evasion moves are banned
|rule|Endless Battle Clause: Forcing endless battles is banned
|rule|HP Percentage Mod: HP is shown in percentages
|rule|Dynamax Clause: You cannot dynamax
|teampreview
|inactive|Battle timer is ON: inactive players will automatically lose when time's up. (requested by Bassyxx)
|
|start
|switch|p1a: Dragapult|Dragapult, F|100/100
|switch|p2a: Jolteon|Jolteon, F|100/100
|turn|1
|
|switch|p2a: Magearna|Magearna|100/100
|move|p1a: Dragapult|Substitute|p1a: Dragapult
|-start|p1a: Dragapult|Substitute
|-damage|p1a: Dragapult|76/100
|
|-heal|p1a: Dragapult|82/100|[from] item: Leftovers
|upkeep
|turn|2
|
|move|p1a: Dragapult|Phantom Force||[still]
|-prepare|p1a: Dragapult|Phantom Force|p2a: Magearna
|move|p2a: Magearna|Fleur Cannon|p1a: Dragapult|[miss]
|-miss|p2a: Magearna|p1a: Dragapult
|
|-heal|p1a: Dragapult|88/100|[from] item: Leftovers
|upkeep
|turn|3
|
|move|p1a: Dragapult|Phantom Force|p2a: Magearna|[from]lockedmove
|-damage|p2a: Magearna|51/100
|move|p2a: Magearna|Fleur Cannon|p1a: Dragapult
|-supereffective|p1a: Dragapult
|-end|p1a: Dragapult|Substitute
|-unboost|p2a: Magearna|spa|2
|
|-heal|p1a: Dragapult|94/100|[from] item: Leftovers
|upkeep
|turn|4
|
|switch|p1a: Cinderace|Cinderace, M|100/100
|move|p2a: Magearna|Fleur Cannon|p1a: Cinderace
|-resisted|p1a: Cinderace
|-damage|p1a: Cinderace|76/100
|-unboost|p2a: Magearna|spa|2
|
|upkeep
|turn|5
|
|switch|p2a: Jolteon|Jolteon, F|100/100
|move|p1a: Cinderace|U-turn|p2a: Jolteon
|-start|p1a: Cinderace|typechange|Bug|[from] ability: Libero
|-damage|p2a: Jolteon|47/100
|
|switch|p1a: Alakazam|Alakazam, F|100/100|[from]move: U-turn
|
|-heal|p2a: Jolteon|53/100|[from] item: Leftovers
|upkeep
|turn|6
|
|move|p1a: Alakazam|Psychic|p2a: Jolteon
|-crit|p2a: Jolteon
|-damage|p2a: Jolteon|0 fnt
|faint|p2a: Jolteon
|
|upkeep
|
|switch|p2a: Talonflame|Talonflame, F|100/100
|turn|7
|
|move|p1a: Alakazam|Psychic|p2a: Talonflame
|-damage|p2a: Talonflame|24/100
|move|p2a: Talonflame|Swords Dance|p2a: Talonflame
|-boost|p2a: Talonflame|atk|2
|
|upkeep
|turn|8
|
|switch|p2a: Magearna|Magearna|51/100
|move|p1a: Alakazam|Psychic|p2a: Magearna
|-resisted|p2a: Magearna
|-damage|p2a: Magearna|27/100
|
|upkeep
|turn|9
|
|move|p1a: Alakazam|Psychic|p2a: Magearna
|-resisted|p2a: Magearna
|-damage|p2a: Magearna|2/100
|-unboost|p2a: Magearna|spd|1
|-enditem|p2a: Magearna|Salac Berry|[eat]
|-boost|p2a: Magearna|spe|1|[from] item: Salac Berry
|move|p2a: Magearna|Steel Beam|p1a: Alakazam
|-damage|p1a: Alakazam|4/100
|-damage|p2a: Magearna|0 fnt|[from] mindblown
|faint|p2a: Magearna
|
|upkeep
|
|switch|p2a: Golurk|Golurk|100/100
|turn|10
|
|move|p1a: Alakazam|Psychic|p2a: Golurk
|-damage|p2a: Golurk|49/100
|move|p2a: Golurk|Poltergeist|p1a: Alakazam
|-activate|p1a: Alakazam|move: Poltergeist|Choice Scarf
|-supereffective|p1a: Alakazam
|-damage|p1a: Alakazam|0 fnt
|faint|p1a: Alakazam
|
|upkeep
|inactive|Bassyxx has 120 seconds left.
|
|switch|p1a: Dragapult|Dragapult, F|94/100
|turn|11
|inactive|Bassyxx has 120 seconds left.
|
|switch|p2a: Pyukumuku|Pyukumuku, M|100/100
|move|p1a: Dragapult|Phantom Force||[still]
|-prepare|p1a: Dragapult|Phantom Force|p2a: Pyukumuku
|
|-heal|p1a: Dragapult|99/100|[from] item: Leftovers
|upkeep
|turn|12
|
|move|p1a: Dragapult|Phantom Force|p2a: Pyukumuku|[from]lockedmove
|-damage|p2a: Pyukumuku|38/100
|-damage|p1a: Dragapult|83/100|[from] item: Rocky Helmet|[of] p2a: Pyukumuku
|move|p2a: Pyukumuku|Recover|p2a: Pyukumuku
|-heal|p2a: Pyukumuku|88/100
|
|-heal|p1a: Dragapult|89/100|[from] item: Leftovers
|upkeep
|turn|13
|inactive|Bassyxx has 120 seconds left.
|
|switch|p1a: Grimmsnarl|Grimmsnarl, M|100/100
|move|p2a: Pyukumuku|Toxic|p1a: Grimmsnarl
|-status|p1a: Grimmsnarl|tox
|
|-damage|p1a: Grimmsnarl|94/100 tox|[from] psn
|upkeep
|turn|14
|
|switch|p2a: Talonflame|Talonflame, F|24/100
|move|p1a: Grimmsnarl|Thunder Wave|p2a: Talonflame
|-status|p2a: Talonflame|par
|
|-damage|p1a: Grimmsnarl|82/100 tox|[from] psn
|upkeep
|turn|15
|
|move|p1a: Grimmsnarl|Reflect|p1a: Grimmsnarl
|-sidestart|p1: Bassyxx|Reflect
|cant|p2a: Talonflame|par
|
|-damage|p1a: Grimmsnarl|64/100 tox|[from] psn
|upkeep
|turn|16
|
|switch|p1a: Dragapult|Dragapult, F|89/100
|cant|p2a: Talonflame|par
|
|-heal|p1a: Dragapult|95/100|[from] item: Leftovers
|upkeep
|turn|17
|
|move|p1a: Dragapult|Dragon Darts|p2a: Talonflame
|-crit|p2a: Talonflame
|-damage|p2a: Talonflame|0 fnt
|faint|p2a: Talonflame
|
|-heal|p1a: Dragapult|100/100|[from] item: Leftovers
|upkeep
|
|switch|p2a: Slowbro|Slowbro-Galar, F|100/100
|turn|18
|
|move|p1a: Dragapult|Phantom Force||[still]
|-prepare|p1a: Dragapult|Phantom Force|p2a: Slowbro
|move|p2a: Slowbro|Psychic|p1a: Dragapult|[miss]
|-miss|p2a: Slowbro|p1a: Dragapult
|
|upkeep
|turn|19
|
|switch|p2a: Golurk|Golurk|49/100
|move|p1a: Dragapult|Phantom Force|p2a: Golurk|[from]lockedmove
|-supereffective|p2a: Golurk
|-damage|p2a: Golurk|0 fnt
|faint|p2a: Golurk
|
|-sideend|p1: Bassyxx|Reflect
|upkeep
|
|switch|p2a: Pyukumuku|Pyukumuku, M|88/100
|turn|20
|
|switch|p1a: Rillaboom|Rillaboom, M|100/100
|-fieldstart|move: Grassy Terrain|[from] ability: Grassy Surge|[of] p1a: Rillaboom
|move|p2a: Pyukumuku|Toxic|p1a: Rillaboom
|-status|p1a: Rillaboom|tox
|
|-heal|p2a: Pyukumuku|95/100|[from] Grassy Terrain
|-damage|p1a: Rillaboom|94/100 tox|[from] psn
|upkeep
|turn|21
|
|move|p1a: Rillaboom|Knock Off|p2a: Pyukumuku
|-damage|p2a: Pyukumuku|41/100
|-damage|p1a: Rillaboom|78/100 tox|[from] item: Rocky Helmet|[of] p2a: Pyukumuku
|-enditem|p2a: Pyukumuku|Rocky Helmet|[from] move: Knock Off|[of] p1a: Rillaboom
|-damage|p1a: Rillaboom|68/100 tox|[from] item: Life Orb
|move|p2a: Pyukumuku|Recover|p2a: Pyukumuku
|-heal|p2a: Pyukumuku|91/100
|
|-heal|p1a: Rillaboom|74/100 tox|[from] Grassy Terrain
|-heal|p2a: Pyukumuku|97/100|[from] Grassy Terrain
|-damage|p1a: Rillaboom|62/100 tox|[from] psn
|upkeep
|turn|22
|
|switch|p1a: Grimmsnarl|Grimmsnarl, M|64/100 tox
|move|p2a: Pyukumuku|Recover|p2a: Pyukumuku
|-heal|p2a: Pyukumuku|100/100
|
|-heal|p1a: Grimmsnarl|70/100 tox|[from] Grassy Terrain
|-damage|p1a: Grimmsnarl|64/100 tox|[from] psn
|upkeep
|turn|23
|
|switch|p2a: Slowbro|Slowbro-Galar, F|100/100
|move|p1a: Grimmsnarl|Thunder Wave|p2a: Slowbro
|-status|p2a: Slowbro|par
|
|-heal|p1a: Grimmsnarl|70/100 tox|[from] Grassy Terrain
|-damage|p1a: Grimmsnarl|58/100 tox|[from] psn
|upkeep
|turn|24
|
|move|p1a: Grimmsnarl|Trick|p2a: Slowbro
|-activate|p1a: Grimmsnarl|move: Trick|[of] p2a: Slowbro
|-item|p2a: Slowbro|Lagging Tail|[from] move: Trick
|-item|p1a: Grimmsnarl|Life Orb|[from] move: Trick
|move|p2a: Slowbro|Shell Side Arm|p1a: Grimmsnarl
|-supereffective|p1a: Grimmsnarl
|-damage|p1a: Grimmsnarl|0 fnt
|-hint|Special Shell Side Arm
|faint|p1a: Grimmsnarl
|
|-fieldend|move: Grassy Terrain
|upkeep
|inactive|Bassyxx has 120 seconds left.
|
|switch|p1a: Cinderace|Cinderace, M|76/100
|turn|25
|
|switch|p2a: Pyukumuku|Pyukumuku, M|100/100
|move|p1a: Cinderace|U-turn|p2a: Pyukumuku
|-start|p1a: Cinderace|typechange|Bug|[from] ability: Libero
|-damage|p2a: Pyukumuku|63/100
|
|switch|p1a: Rillaboom|Rillaboom, M|62/100 tox|[from]move: U-turn
|-fieldstart|move: Grassy Terrain|[from] ability: Grassy Surge|[of] p1a: Rillaboom
|
|-heal|p1a: Rillaboom|68/100 tox|[from] Grassy Terrain
|-heal|p2a: Pyukumuku|69/100|[from] Grassy Terrain
|-damage|p1a: Rillaboom|62/100 tox|[from] psn
|upkeep
|turn|26
|
|switch|p2a: Slowbro|Slowbro-Galar, F|100/100 par
|move|p1a: Rillaboom|Grassy Glide|p2a: Slowbro
|-resisted|p2a: Slowbro
|-damage|p2a: Slowbro|74/100 par
|-damage|p1a: Rillaboom|52/100 tox|[from] item: Life Orb
|
|-heal|p1a: Rillaboom|58/100 tox|[from] Grassy Terrain
|-heal|p2a: Slowbro|80/100 par|[from] Grassy Terrain
|-damage|p1a: Rillaboom|46/100 tox|[from] psn
|upkeep
|turn|27
|inactive|Bassyxx has 120 seconds left.
|
|switch|p1a: Kyurem|Kyurem|100/100
|-ability|p1a: Kyurem|Pressure
|switch|p2a: Pyukumuku|Pyukumuku, M|69/100
|
|-heal|p2a: Pyukumuku|75/100|[from] Grassy Terrain
|upkeep
|turn|28
|
|switch|p2a: Slowbro|Slowbro-Galar, F|100/100 par
|move|p1a: Kyurem|Freeze-Dry|p2a: Slowbro
|-damage|p2a: Slowbro|56/100 par
|
|-heal|p2a: Slowbro|62/100 par|[from] Grassy Terrain
|upkeep
|turn|29
|inactive|Bassyxx has 120 seconds left.
|
|move|p1a: Kyurem|Earth Power|p2a: Slowbro
|-supereffective|p2a: Slowbro
|-damage|p2a: Slowbro|0 fnt
|faint|p2a: Slowbro
|
|-fieldend|move: Grassy Terrain
|upkeep
|
|switch|p2a: Pyukumuku|Pyukumuku, M|75/100
|turn|30
|
|move|p1a: Kyurem|Freeze-Dry|p2a: Pyukumuku
|-supereffective|p2a: Pyukumuku
|-damage|p2a: Pyukumuku|15/100
|move|p2a: Pyukumuku|Toxic|p1a: Kyurem
|-status|p1a: Kyurem|tox
|
|-damage|p1a: Kyurem|94/100 tox|[from] psn
|upkeep
|turn|31
|
|move|p1a: Kyurem|Freeze-Dry|p2a: Pyukumuku
|-supereffective|p2a: Pyukumuku
|-damage|p2a: Pyukumuku|0 fnt
|-damage|p1a: Kyurem|85/100 tox|[from] ability: Innards Out|[of] p2a: Pyukumuku
|faint|p2a: Pyukumuku
|
|win|Bassyxx
|c|☆Turbochunk|Gg
|raw|Bassyxx's rating: 1199 &rarr; <strong>1227</strong><br />(+28 for winning)
|raw|Turbochunk's rating: 1241 &rarr; <strong>1213</strong><br />(-28 for losing)
|l|☆Bassyxx
