|raw|<div class="broadcast-blue"><strong>This battle is required to be public due to a player having a name starting with 'lt91bb'.</div>
|j|☆Juyen RP PLF
|j|☆Lt91bb quartos
|t:|1659480500
|gametype|singles
|player|p1|Juyen RP PLF|hilbert|1822
|player|p2|Lt91bb quartos|drayden|2003
|teamsize|p1|6
|teamsize|p2|6
|gen|8
|tier|[Gen 8] OU
|rated|
|rule|Sleep Clause Mod: Limit one foe put to sleep
|rule|Species Clause: Limit one of each Pokémon
|rule|OHKO Clause: OHKO moves are banned
|rule|Evasion Moves Clause: Evasion moves are banned
|rule|Endless Battle Clause: Forcing endless battles is banned
|rule|HP Percentage Mod: HP is shown in percentages
|rule|Dynamax Clause: You cannot dynamax
|clearpoke
|poke|p1|Melmetal|
|poke|p1|Tornadus-Therian, M|
|poke|p1|Stunfisk, F|
|poke|p1|Crawdaunt, M|
|poke|p1|Victini|
|poke|p1|Tapu Fini|
|poke|p2|Tapu Koko|
|poke|p2|Victini|
|poke|p2|Clefable, M|
|poke|p2|Ferrothorn, M|
|poke|p2|Landorus-Therian, M|
|poke|p2|Dragonite, F|
|teampreview
|
|t:|1659480514
|start
|switch|p1a: CSslave|Stunfisk, F|100/100
|switch|p2a: Clefable|Clefable, M|100/100
|turn|1
|
|t:|1659480519
|switch|p2a: Landorus|Landorus-Therian, M|100/100
|-ability|p2a: Landorus|Intimidate|boost
|-unboost|p1a: CSslave|atk|1
|move|p1a: CSslave|Stealth Rock|p2a: Landorus
|-sidestart|p2: Lt91bb quartos|move: Stealth Rock
|
|upkeep
|turn|2
|
|t:|1659480521
|move|p2a: Landorus|Stealth Rock|p1a: CSslave
|-sidestart|p1: Juyen RP PLF|move: Stealth Rock
|move|p1a: CSslave|Toxic|p2a: Landorus
|-status|p2a: Landorus|tox
|
|-damage|p2a: Landorus|94/100 tox|[from] psn
|upkeep
|turn|3
|
|t:|1659480523
|switch|p1a: Ray Charles|Tornadus-Therian, M|100/100
|move|p2a: Landorus|U-turn|p1a: Ray Charles
|-resisted|p1a: Ray Charles
|-damage|p1a: Ray Charles|88/100
|
|t:|1659480527
|switch|p2a: Tapu Koko|Tapu Koko|100/100|[from]move: U-turn
|-fieldstart|move: Electric Terrain|[from] ability: Electric Surge|[of] p2a: Tapu Koko
|
|upkeep
|turn|4
|
|t:|1659480530
|switch|p1a: CSslave|Stunfisk, F|100/100
|-damage|p1a: CSslave|94/100|[from] Stealth Rock
|move|p2a: Tapu Koko|Dazzling Gleam|p1a: CSslave
|-damage|p1a: CSslave|73/100
|
|-heal|p1a: CSslave|80/100|[from] item: Leftovers
|upkeep
|turn|5
|
|t:|1659480533
|switch|p2a: Ferrothorn|Ferrothorn, M|100/100
|-damage|p2a: Ferrothorn|95/100|[from] Stealth Rock
|switch|p1a: Victini|Victini|100/100
|
|upkeep
|turn|6
|
|t:|1659480543
|switch|p2a: Dragonite|Dragonite, F|100/100
|move|p1a: Victini|V-create|p2a: Dragonite
|-resisted|p2a: Dragonite
|-damage|p2a: Dragonite|83/100
|-unboost|p1a: Victini|spe|1
|-unboost|p1a: Victini|def|1
|-unboost|p1a: Victini|spd|1
|
|upkeep
|turn|7
|
|t:|1659480548
|move|p2a: Dragonite|Dual Wingbeat|p1a: Victini
|-damage|p1a: Victini|71/100
|-damage|p1a: Victini|44/100
|-hitcount|p1a: Victini|2
|move|p1a: Victini|U-turn|p2a: Dragonite
|-resisted|p2a: Dragonite
|-damage|p2a: Dragonite|74/100
|j| LT91BB Dasher
|j| Lt91bb stock972
|j| LT91BB Ox
|
|t:|1659480555
|switch|p1a: Melmetal|Melmetal|100/100|[from]move: U-turn
|-damage|p1a: Melmetal|94/100|[from] Stealth Rock
|
|-fieldend|move: Electric Terrain
|upkeep
|turn|8
|
|t:|1659480560
|switch|p2a: Ferrothorn|Ferrothorn, M|95/100
|-damage|p2a: Ferrothorn|89/100|[from] Stealth Rock
|move|p1a: Melmetal|Ice Punch|p2a: Ferrothorn
|-damage|p2a: Ferrothorn|69/100
|-damage|p1a: Melmetal|82/100|[from] ability: Iron Barbs|[of] p2a: Ferrothorn
|-damage|p1a: Melmetal|65/100|[from] item: Rocky Helmet|[of] p2a: Ferrothorn
|
|upkeep
|turn|9
|
|t:|1659480563
|move|p1a: Melmetal|Earthquake|p2a: Ferrothorn
|-damage|p2a: Ferrothorn|44/100
|move|p2a: Ferrothorn|Body Press|p1a: Melmetal
|-supereffective|p1a: Melmetal
|-damage|p1a: Melmetal|30/100
|
|upkeep
|turn|10
|
|t:|1659480566
|move|p1a: Melmetal|Earthquake|p2a: Ferrothorn
|-damage|p2a: Ferrothorn|20/100
|move|p2a: Ferrothorn|Spikes|p1a: Melmetal
|-sidestart|p1: Juyen RP PLF|Spikes
|
|upkeep
|turn|11
|
|t:|1659480570
|move|p1a: Melmetal|Ice Punch|p2a: Ferrothorn
|-damage|p2a: Ferrothorn|0 fnt
|-damage|p1a: Melmetal|18/100|[from] ability: Iron Barbs|[of] p2a: Ferrothorn
|-damage|p1a: Melmetal|1/100|[from] item: Rocky Helmet|[of] p2a: Ferrothorn
|faint|p2a: Ferrothorn
|
|upkeep
|
|t:|1659480574
|switch|p2a: Tapu Koko|Tapu Koko|100/100
|-fieldstart|move: Electric Terrain|[from] ability: Electric Surge|[of] p2a: Tapu Koko
|turn|12
|j| Parpar
|-enditem|p1a: Melmetal|Custap Berry|[eat]
|-activate|p1a: Melmetal|item: Custap Berry|[consumed]
|
|t:|1659480577
|move|p1a: Melmetal|Double Iron Bash|p2a: Tapu Koko
|-damage|p2a: Tapu Koko|36/100
|-damage|p2a: Tapu Koko|0 fnt
|faint|p2a: Tapu Koko
|-hitcount|p2: Tapu Koko|2
|
|upkeep
|
|t:|1659480582
|switch|p2a: Victini|Victini|100/100
|turn|13
|j| LT91BB Storm
|
|t:|1659480584
|move|p2a: Victini|U-turn|p1a: Melmetal
|-resisted|p1a: Melmetal
|-damage|p1a: Melmetal|0 fnt
|faint|p1a: Melmetal
|j| Sergiopoena
|j| lt91bb mind
|
|t:|1659480589
|switch|p2a: Clefable|Clefable, M|100/100|[from]move: U-turn
|
|upkeep
|l| Sergiopoena
|j| pkmn sun and moon
|
|t:|1659480597
|switch|p1a: Crawdaunt|Crawdaunt, M|100/100
|-damage|p1a: Crawdaunt|88/100|[from] Stealth Rock
|-damage|p1a: Crawdaunt|76/100|[from] Spikes
|turn|14
|
|t:|1659480599
|move|p1a: Crawdaunt|Liquidation|p2a: Clefable
|-damage|p2a: Clefable|25/100
|-unboost|p2a: Clefable|def|1
|-damage|p1a: Crawdaunt|59/100|[from] item: Rocky Helmet|[of] p2a: Clefable
|-damage|p1a: Crawdaunt|50/100|[from] item: Life Orb
|move|p2a: Clefable|Moonblast|p1a: Crawdaunt
|-supereffective|p1a: Crawdaunt
|-damage|p1a: Crawdaunt|0 fnt
|faint|p1a: Crawdaunt
|
|upkeep
|
|t:|1659480606
|switch|p1a: Tapu Fini|Tapu Fini|100/100
|-damage|p1a: Tapu Fini|88/100|[from] Stealth Rock
|-damage|p1a: Tapu Fini|75/100|[from] Spikes
|-fieldstart|move: Misty Terrain|[from] ability: Misty Surge|[of] p1a: Tapu Fini
|turn|15
|
|t:|1659480609
|switch|p2a: Victini|Victini|100/100
|move|p1a: Tapu Fini|Hydro Pump|p2a: Victini
|-supereffective|p2a: Victini
|-damage|p2a: Victini|21/100
|
|-heal|p1a: Tapu Fini|82/100|[from] item: Leftovers
|upkeep
|turn|16
|j| RNN YasuKe
|j| Cryofield
|
|t:|1659480622
|switch|p1a: CSslave|Stunfisk, F|80/100
|-damage|p1a: CSslave|73/100|[from] Stealth Rock
|-damage|p1a: CSslave|61/100|[from] Spikes
|move|p2a: Victini|Bolt Strike|p1a: CSslave
|-immune|p1a: CSslave
|
|-heal|p1a: CSslave|67/100|[from] item: Leftovers
|upkeep
|turn|17
|
|t:|1659480639
|switch|p2a: Landorus|Landorus-Therian, M|94/100 tox
|-damage|p2a: Landorus|82/100 tox|[from] Stealth Rock
|-ability|p2a: Landorus|Intimidate|boost
|-unboost|p1a: CSslave|atk|1
|move|p1a: CSslave|Earth Power|p2a: Landorus
|-immune|p2a: Landorus
|
|-heal|p2a: Landorus|88/100 tox|[from] item: Leftovers
|-heal|p1a: CSslave|73/100|[from] item: Leftovers
|-damage|p2a: Landorus|82/100 tox|[from] psn
|upkeep
|turn|18
|
|t:|1659480644
|switch|p1a: Ray Charles|Tornadus-Therian, M|100/100
|move|p2a: Landorus|U-turn|p1a: Ray Charles
|-resisted|p1a: Ray Charles
|-crit|p1a: Ray Charles
|-damage|p1a: Ray Charles|82/100
|
|t:|1659480646
|switch|p2a: Dragonite|Dragonite, F|74/100|[from]move: U-turn
|
|upkeep
|turn|19
|j| un nouveau depart.
|
|t:|1659480651
|move|p1a: Ray Charles|Hurricane|p2a: Dragonite|[miss]
|-miss|p1a: Ray Charles|p2a: Dragonite
|move|p2a: Dragonite|Roost|p2a: Dragonite
|-heal|p2a: Dragonite|100/100
|-singleturn|p2a: Dragonite|move: Roost
|
|-fieldend|Misty Terrain
|upkeep
|turn|20
|
|t:|1659480654
|move|p1a: Ray Charles|U-turn|p2a: Dragonite
|-resisted|p2a: Dragonite
|-damage|p2a: Dragonite|97/100
|j| Sergiopoena
|l| Sergiopoena
|
|t:|1659480660
|switch|p1a: Tapu Fini|Tapu Fini|82/100|[from]move: U-turn
|-damage|p1a: Tapu Fini|69/100|[from] Stealth Rock
|-damage|p1a: Tapu Fini|57/100|[from] Spikes
|-fieldstart|move: Misty Terrain|[from] ability: Misty Surge|[of] p1a: Tapu Fini
|move|p2a: Dragonite|Dragon Dance|p2a: Dragonite
|-boost|p2a: Dragonite|atk|1
|-boost|p2a: Dragonite|spe|1
|
|-heal|p1a: Tapu Fini|63/100|[from] item: Leftovers
|upkeep
|turn|21
|
|t:|1659480664
|move|p2a: Dragonite|Dual Wingbeat|p1a: Tapu Fini
|-damage|p1a: Tapu Fini|44/100
|-damage|p1a: Tapu Fini|27/100
|-hitcount|p1a: Tapu Fini|2
|move|p1a: Tapu Fini|Draining Kiss|p2a: Dragonite
|-supereffective|p2a: Dragonite
|-damage|p2a: Dragonite|65/100
|-heal|p1a: Tapu Fini|53/100|[from] drain|[of] p2a: Dragonite
|
|-heal|p1a: Tapu Fini|59/100|[from] item: Leftovers
|upkeep
|turn|22
|
|t:|1659480672
|switch|p2a: Victini|Victini|21/100
|move|p1a: Tapu Fini|Draining Kiss|p2a: Victini
|-resisted|p2a: Victini
|-damage|p2a: Victini|13/100
|-heal|p1a: Tapu Fini|65/100|[from] drain|[of] p2a: Victini
|
|-heal|p1a: Tapu Fini|71/100|[from] item: Leftovers
|upkeep
|turn|23
|
|t:|1659480677
|switch|p1a: CSslave|Stunfisk, F|73/100
|-damage|p1a: CSslave|67/100|[from] Stealth Rock
|-damage|p1a: CSslave|55/100|[from] Spikes
|move|p2a: Victini|Bolt Strike|p1a: CSslave
|-immune|p1a: CSslave
|
|-heal|p1a: CSslave|61/100|[from] item: Leftovers
|upkeep
|turn|24
|
|t:|1659480682
|move|p2a: Victini|U-turn|p1a: CSslave
|-damage|p1a: CSslave|40/100
|
|t:|1659480685
|switch|p2a: Landorus|Landorus-Therian, M|82/100 tox|[from]move: U-turn
|-damage|p2a: Landorus|70/100 tox|[from] Stealth Rock
|-ability|p2a: Landorus|Intimidate|boost
|-unboost|p1a: CSslave|atk|1
|move|p1a: CSslave|Earth Power|p2a: Landorus
|-immune|p2a: Landorus
|
|-heal|p2a: Landorus|76/100 tox|[from] item: Leftovers
|-heal|p1a: CSslave|46/100|[from] item: Leftovers
|-damage|p2a: Landorus|70/100 tox|[from] psn
|-fieldend|Misty Terrain
|upkeep
|turn|25
|
|t:|1659480688
|switch|p1a: Ray Charles|Tornadus-Therian, M|100/100
|move|p2a: Landorus|U-turn|p1a: Ray Charles
|-resisted|p1a: Ray Charles
|-damage|p1a: Ray Charles|87/100
|
|t:|1659480690
|switch|p2a: Dragonite|Dragonite, F|65/100|[from]move: U-turn
|
|upkeep
|turn|26
|
|t:|1659480692
|move|p1a: Ray Charles|Hurricane|p2a: Dragonite|[miss]
|-miss|p1a: Ray Charles|p2a: Dragonite
|move|p2a: Dragonite|Roost|p2a: Dragonite
|-heal|p2a: Dragonite|100/100
|-singleturn|p2a: Dragonite|move: Roost
|
|upkeep
|turn|27
|
|t:|1659480697
|move|p1a: Ray Charles|U-turn|p2a: Dragonite
|-resisted|p2a: Dragonite
|-damage|p2a: Dragonite|97/100
|
|t:|1659480698
|switch|p1a: Tapu Fini|Tapu Fini|71/100|[from]move: U-turn
|-damage|p1a: Tapu Fini|59/100|[from] Stealth Rock
|-damage|p1a: Tapu Fini|46/100|[from] Spikes
|-fieldstart|move: Misty Terrain|[from] ability: Misty Surge|[of] p1a: Tapu Fini
|move|p2a: Dragonite|Dragon Dance|p2a: Dragonite
|-boost|p2a: Dragonite|atk|1
|-boost|p2a: Dragonite|spe|1
|
|-heal|p1a: Tapu Fini|52/100|[from] item: Leftovers
|upkeep
|turn|28
|
|t:|1659480704
|move|p2a: Dragonite|Dragon Dance|p2a: Dragonite
|-boost|p2a: Dragonite|atk|1
|-boost|p2a: Dragonite|spe|1
|move|p1a: Tapu Fini|Draining Kiss|p2a: Dragonite
|-supereffective|p2a: Dragonite
|-damage|p2a: Dragonite|64/100
|-heal|p1a: Tapu Fini|79/100|[from] drain|[of] p2a: Dragonite
|
|-heal|p1a: Tapu Fini|85/100|[from] item: Leftovers
|upkeep
|turn|29
|j| aaykk
|j| Medeiaa
|
|t:|1659480729
|move|p2a: Dragonite|Dragon Dance|p2a: Dragonite
|-boost|p2a: Dragonite|atk|1
|-boost|p2a: Dragonite|spe|1
|move|p1a: Tapu Fini|Calm Mind|p1a: Tapu Fini
|-boost|p1a: Tapu Fini|spa|1
|-boost|p1a: Tapu Fini|spd|1
|
|-heal|p1a: Tapu Fini|91/100|[from] item: Leftovers
|upkeep
|turn|30
|j| Phxo'
|j| LT91BB Darkred
|
|t:|1659480733
|move|p2a: Dragonite|Dual Wingbeat|p1a: Tapu Fini
|-damage|p1a: Tapu Fini|60/100
|-damage|p1a: Tapu Fini|28/100
|-hitcount|p1a: Tapu Fini|2
|move|p1a: Tapu Fini|Draining Kiss|p2a: Dragonite
|-supereffective|p2a: Dragonite
|-damage|p2a: Dragonite|18/100
|-heal|p1a: Tapu Fini|65/100|[from] drain|[of] p2a: Dragonite
|
|-heal|p1a: Tapu Fini|71/100|[from] item: Leftovers
|upkeep
|turn|31
|l| aaykk
|
|t:|1659480741
|move|p2a: Dragonite|Dual Wingbeat|p1a: Tapu Fini
|-damage|p1a: Tapu Fini|39/100
|-damage|p1a: Tapu Fini|10/100
|-hitcount|p1a: Tapu Fini|2
|move|p1a: Tapu Fini|Draining Kiss|p2a: Dragonite
|-supereffective|p2a: Dragonite
|-damage|p2a: Dragonite|0 fnt
|-heal|p1a: Tapu Fini|24/100|[from] drain|[of] p2a: Dragonite
|faint|p2a: Dragonite
|
|-heal|p1a: Tapu Fini|30/100|[from] item: Leftovers
|-fieldend|Misty Terrain
|upkeep
|j| aaykk
|
|t:|1659480745
|switch|p2a: Victini|Victini|13/100
|turn|32
|
|t:|1659480749
|move|p2a: Victini|Bolt Strike|p1a: Tapu Fini
|-supereffective|p1a: Tapu Fini
|-damage|p1a: Tapu Fini|0 fnt
|faint|p1a: Tapu Fini
|
|upkeep
|l| aaykk
|
|t:|1659480752
|switch|p1a: Ray Charles|Tornadus-Therian, M|100/100
|turn|33
|
|t:|1659480756
|move|p1a: Ray Charles|U-turn|p2a: Victini
|-damage|p2a: Victini|0 fnt
|faint|p2a: Victini
|
|t:|1659480763
|switch|p1a: Victini|Victini|44/100|[from]move: U-turn
|
|upkeep
|l| Cryofield
|
|t:|1659480765
|switch|p2a: Landorus|Landorus-Therian, M|70/100 tox
|-damage|p2a: Landorus|58/100 tox|[from] Stealth Rock
|-ability|p2a: Landorus|Intimidate|boost
|-unboost|p1a: Victini|atk|1
|turn|34
|
|t:|1659480768
|move|p1a: Victini|U-turn|p2a: Landorus
|-resisted|p2a: Landorus
|-damage|p2a: Landorus|52/100 tox
|
|t:|1659480773
|switch|p1a: Ray Charles|Tornadus-Therian, M|100/100|[from]move: U-turn
|move|p2a: Landorus|Earthquake|p1a: Ray Charles
|-immune|p1a: Ray Charles
|
|-heal|p2a: Landorus|58/100 tox|[from] item: Leftovers
|-damage|p2a: Landorus|52/100 tox|[from] psn
|upkeep
|turn|35
|
|t:|1659480782
|move|p1a: Ray Charles|Nasty Plot|p1a: Ray Charles
|-boost|p1a: Ray Charles|spa|2
|move|p2a: Landorus|U-turn|p1a: Ray Charles
|-resisted|p1a: Ray Charles
|-damage|p1a: Ray Charles|88/100
|
|t:|1659480784
|switch|p2a: Clefable|Clefable, M|25/100|[from]move: U-turn
|
|upkeep
|turn|36
|
|t:|1659480786
|move|p1a: Ray Charles|Heat Wave|p2a: Clefable
|-damage|p2a: Clefable|0 fnt
|faint|p2a: Clefable
|
|upkeep
|c|☆Lt91bb quartos|gg
|-message|Lt91bb quartos forfeited.
|
|win|Juyen RP PLF
|raw|Juyen RP PLF's rating: 1822 &rarr; <strong>1852</strong><br />(+30 for winning)
|raw|Lt91bb quartos's rating: 2003 &rarr; <strong>1973</strong><br />(-30 for losing)
|l|☆Lt91bb quartos
|c|☆Juyen RP PLF|gg
|l| Phxo'
|l| LT91BB Ox
|l|☆Juyen RP PLF
|j|☆Lt91bb quartos
|player|p2|Lt91bb quartos|drayden
|l|☆Lt91bb quartos
|player|p2|
|j| Zenadark
||Ladder isn't responding, score probably updated but might not have (Request timeout).
|l| Medeiaa
|l| un nouveau depart.
|l| RNN YasuKe
|l| Parpar
|l| LT91BB Darkred
|l| Lt91bb stock972
|l| LT91BB Storm
|j| sfmax
