|j|☆COMUNICADO OFICIAL
|j|☆L-Ghost
|player|p1|COMUNICADO OFICIAL|265|1361
|player|p2|L-Ghost|102|1352
|teamsize|p1|6
|teamsize|p2|6
|gametype|singles
|gen|8
|tier|[Gen 8] OU
|rated|
|html|<div class="broadcast-blue"><strong>OU is currently suspecting Dracovish! For information on how to participate check out the <a href="https://www.smogon.com/forums/threads/3664521/">suspect thread</a>.</strong></div>
|clearpoke
|poke|p1|Salazzle, F|
|poke|p1|Clefable, M|
|poke|p1|Kommo-o, F|
|poke|p1|Corviknight, M|
|poke|p1|Zeraora|
|poke|p1|Excadrill, F|
|poke|p2|Dragapult, F|
|poke|p2|Hydreigon, M|
|poke|p2|Togekiss, F|
|poke|p2|Excadrill, M|
|poke|p2|Gengar, M|
|poke|p2|Crawdaunt, F|
|rule|Sleep Clause Mod: Limit one foe put to sleep
|rule|Species Clause: Limit one of each Pokémon
|rule|OHKO Clause: OHKO moves are banned
|rule|Evasion Moves Clause: Evasion moves are banned
|rule|Endless Battle Clause: Forcing endless battles is banned
|rule|HP Percentage Mod: HP is shown in percentages
|rule|Dynamax Clause: You cannot dynamax
|teampreview
|
|start
|switch|p1a: Kommo-o|Kommo-o, F|100/100
|switch|p2a: Hydreigon|Hydreigon, M|100/100
|turn|1
|
|move|p1a: Kommo-o|Protect|p1a: Kommo-o
|-singleturn|p1a: Kommo-o|Protect
|move|p2a: Hydreigon|Nasty Plot|p2a: Hydreigon
|-boost|p2a: Hydreigon|spa|2
|
|upkeep
|turn|2
|
|move|p2a: Hydreigon|Flash Cannon|p1a: Kommo-o
|-damage|p1a: Kommo-o|47/100
|move|p1a: Kommo-o|Body Press|p2a: Hydreigon
|-supereffective|p2a: Hydreigon
|-damage|p2a: Hydreigon|7/100
|-enditem|p2a: Hydreigon|Salac Berry|[eat]
|-boost|p2a: Hydreigon|spe|1|[from] item: Salac Berry
|
|-heal|p1a: Kommo-o|54/100|[from] item: Leftovers
|upkeep
|turn|3
|
|move|p2a: Hydreigon|Flash Cannon|p1a: Kommo-o
|-damage|p1a: Kommo-o|2/100
|move|p1a: Kommo-o|Body Press|p2a: Hydreigon
|-supereffective|p2a: Hydreigon
|-damage|p2a: Hydreigon|0 fnt
|faint|p2a: Hydreigon
|
|-heal|p1a: Kommo-o|8/100|[from] item: Leftovers
|upkeep
|
|switch|p2a: Togekiss|Togekiss, F|100/100
|turn|4
|
|move|p2a: Togekiss|Nasty Plot|p2a: Togekiss
|-boost|p2a: Togekiss|spa|2
|move|p1a: Kommo-o|Stealth Rock|p2a: Togekiss
|-sidestart|p2: L-Ghost|move: Stealth Rock
|
|-heal|p1a: Kommo-o|15/100|[from] item: Leftovers
|upkeep
|turn|5
|
|switch|p1a: Zeraora|Zeraora|100/100
|move|p2a: Togekiss|Air Slash|p1a: Zeraora
|-resisted|p1a: Zeraora
|-damage|p1a: Zeraora|52/100
|
|upkeep
|turn|6
|
|move|p2a: Togekiss|Endure|p2a: Togekiss
|-singleturn|p2a: Togekiss|move: Endure
|move|p1a: Zeraora|Plasma Fists|p2a: Togekiss
|-supereffective|p2a: Togekiss
|-activate|p2a: Togekiss|move: Endure
|-damage|p2a: Togekiss|1/100
|-fieldactivate|move: Ion Deluge
|-enditem|p2a: Togekiss|Salac Berry|[eat]
|-boost|p2a: Togekiss|spe|1|[from] item: Salac Berry
|
|upkeep
|turn|7
|
|move|p2a: Togekiss|Dazzling Gleam|p1a: Zeraora
|-damage|p1a: Zeraora|0 fnt
|faint|p1a: Zeraora
|
|upkeep
|
|switch|p1a: Excadrill|Excadrill, F|100/100
|-ability|p1a: Excadrill|Mold Breaker
|turn|8
|
|move|p2a: Togekiss|Air Slash|p1a: Excadrill
|-resisted|p1a: Excadrill
|-damage|p1a: Excadrill|53/100
|move|p1a: Excadrill|Rapid Spin|p2a: Togekiss
|-damage|p2a: Togekiss|0 fnt
|-boost|p1a: Excadrill|spe|1
|faint|p2a: Togekiss
|
|-heal|p1a: Excadrill|59/100|[from] item: Leftovers
|upkeep
|
|switch|p2a: Crawdaunt|Crawdaunt, F|100/100
|-damage|p2a: Crawdaunt|88/100|[from] Stealth Rock
|turn|9
|
|switch|p1a: Kommo-o|Kommo-o, F|15/100
|move|p2a: Crawdaunt|Dragon Dance|p2a: Crawdaunt
|-boost|p2a: Crawdaunt|atk|1
|-boost|p2a: Crawdaunt|spe|1
|
|-heal|p1a: Kommo-o|21/100|[from] item: Leftovers
|upkeep
|turn|10
|
|move|p2a: Crawdaunt|Knock Off|p1a: Kommo-o
|-resisted|p1a: Kommo-o
|-damage|p1a: Kommo-o|0 fnt
|-enditem|p1a: Kommo-o|Leftovers|[from] move: Knock Off|[of] p2a: Crawdaunt
|faint|p1a: Kommo-o
|
|upkeep
|
|switch|p1a: Clefable|Clefable, M|100/100
|turn|11
|
|move|p2a: Crawdaunt|Liquidation|p1a: Clefable
|-damage|p1a: Clefable|0 fnt
|faint|p1a: Clefable
|
|upkeep
|-message|COMUNICADO OFICIAL forfeited.
|
|win|L-Ghost
|l|☆COMUNICADO OFICIAL
