|j|☆you have homework
|j|☆POLYKlNG
|t:|1641441160
|gametype|singles
|player|p1|you have homework|265|1659
|player|p2|POLYKlNG|hilbert|1606
|teamsize|p1|6
|teamsize|p2|6
|gen|8
|tier|[Gen 8] OU
|rated|
|rule|Sleep Clause Mod: Limit one foe put to sleep
|rule|Species Clause: Limit one of each Pokémon
|rule|OHKO Clause: OHKO moves are banned
|rule|Evasion Moves Clause: Evasion moves are banned
|rule|Endless Battle Clause: Forcing endless battles is banned
|rule|HP Percentage Mod: HP is shown in percentages
|rule|Dynamax Clause: You cannot dynamax
|clearpoke
|poke|p1|Heatran, F|
|poke|p1|Umbreon, M|
|poke|p1|Buzzwole|
|poke|p1|Rotom-Wash|
|poke|p1|Garchomp, M|
|poke|p1|Mew|
|poke|p2|Mamoswine, M|
|poke|p2|Volcarona, F|
|poke|p2|Rillaboom, M|
|poke|p2|Bisharp, M|
|poke|p2|Dragapult, F|
|poke|p2|Melmetal|
|teampreview
|inactive|Battle timer is ON: inactive players will automatically lose when time's up. (requested by POLYKlNG)
|inactive|POLYKlNG has 120 seconds left.
|
|t:|1641441220
|start
|switch|p1a: Mew|Mew|100/100
|switch|p2a: Dragapult|Dragapult, F|100/100
|turn|1
|
|t:|1641441224
|move|p1a: Mew|Knock Off|p2a: Dragapult
|-supereffective|p2a: Dragapult
|-damage|p2a: Dragapult|33/100
|-enditem|p2a: Dragapult|Life Orb|[from] move: Knock Off|[of] p1a: Mew
|move|p2a: Dragapult|Dragon Darts|p1a: Mew
|-damage|p1a: Mew|79/100
|-anim|p2a: Dragapult|Dragon Darts|p1a: Mew
|-damage|p1a: Mew|57/100
|
|upkeep
|turn|2
|
|t:|1641441236
|move|p1a: Mew|Knock Off|p2a: Dragapult
|-supereffective|p2a: Dragapult
|-damage|p2a: Dragapult|0 fnt
|faint|p2a: Dragapult
|
|upkeep
|inactive|POLYKlNG has 120 seconds left.
|
|t:|1641441262
|switch|p2a: Bisharp|Bisharp, M|100/100
|turn|3
|
|t:|1641441268
|switch|p1a: Buzzwole|Buzzwole|100/100
|move|p2a: Bisharp|Swords Dance|p2a: Bisharp
|-boost|p2a: Bisharp|atk|2
|
|upkeep
|turn|4
|
|t:|1641441273
|move|p2a: Bisharp|Iron Head|p1a: Buzzwole
|-damage|p1a: Buzzwole|60/100
|-damage|p2a: Bisharp|84/100|[from] item: Rocky Helmet|[of] p1a: Buzzwole
|move|p1a: Buzzwole|Drain Punch|p2a: Bisharp
|-supereffective|p2a: Bisharp
|-damage|p2a: Bisharp|0 fnt
|-heal|p1a: Buzzwole|87/100|[from] drain|[of] p2a: Bisharp
|faint|p2a: Bisharp
|-ability|p1a: Buzzwole|Beast Boost|boost
|-boost|p1a: Buzzwole|def|1
|
|upkeep
|
|t:|1641441290
|switch|p2a: Volcarona|Volcarona, F|100/100
|turn|5
|
|t:|1641441296
|switch|p2a: Mamoswine|Mamoswine, M|100/100
|move|p1a: Buzzwole|Toxic|p2a: Mamoswine
|-status|p2a: Mamoswine|tox
|
|-damage|p2a: Mamoswine|94/100 tox|[from] psn
|upkeep
|turn|6
|j| Tupac Makaveli
|
|t:|1641441303
|move|p2a: Mamoswine|Earthquake|p1a: Buzzwole
|-resisted|p1a: Buzzwole
|-damage|p1a: Buzzwole|78/100
|move|p1a: Buzzwole|Toxic|p2a: Mamoswine
|-fail|p2a: Mamoswine|tox
|
|-damage|p2a: Mamoswine|82/100 tox|[from] psn
|upkeep
|turn|7
|
|t:|1641441310
|switch|p2a: Volcarona|Volcarona, F|100/100
|move|p1a: Buzzwole|Drain Punch|p2a: Volcarona
|-resisted|p2a: Volcarona
|-damage|p2a: Volcarona|73/100
|-heal|p1a: Buzzwole|88/100|[from] drain|[of] p2a: Volcarona
|-status|p1a: Buzzwole|brn|[from] ability: Flame Body|[of] p2a: Volcarona
|
|-damage|p1a: Buzzwole|81/100 brn|[from] brn
|upkeep
|turn|8
|j| DA COME UP
|
|t:|1641441321
|switch|p1a: Garchomp|Garchomp, M|100/100
|move|p2a: Volcarona|Flamethrower|p1a: Garchomp
|-resisted|p1a: Garchomp
|-damage|p1a: Garchomp|76/100
|
|-heal|p1a: Garchomp|82/100|[from] item: Leftovers
|upkeep
|turn|9
|
|t:|1641441329
|switch|p2a: Mamoswine|Mamoswine, M|82/100 tox
|move|p1a: Garchomp|Swords Dance|p1a: Garchomp
|-boost|p1a: Garchomp|atk|2
|
|-heal|p1a: Garchomp|88/100|[from] item: Leftovers
|-damage|p2a: Mamoswine|76/100 tox|[from] psn
|upkeep
|turn|10
|
|t:|1641441339
|move|p2a: Mamoswine|Ice Shard|p1a: Garchomp
|-supereffective|p1a: Garchomp
|-damage|p1a: Garchomp|0 fnt
|faint|p1a: Garchomp
|
|-damage|p2a: Mamoswine|64/100 tox|[from] psn
|upkeep
|
|t:|1641441345
|switch|p1a: Rotom|Rotom-Wash|100/100
|turn|11
|
|t:|1641441351
|switch|p2a: Melmetal|Melmetal|100/100
|move|p1a: Rotom|Hydro Pump|p2a: Melmetal
|-crit|p2a: Melmetal
|-damage|p2a: Melmetal|64/100
|
|upkeep
|turn|12
|
|t:|1641441357
|move|p1a: Rotom|Will-O-Wisp|p2a: Melmetal
|-status|p2a: Melmetal|brn
|move|p2a: Melmetal|Thunder Punch|p1a: Rotom
|-damage|p1a: Rotom|86/100
|
|-heal|p1a: Rotom|92/100|[from] item: Leftovers
|-damage|p2a: Melmetal|58/100 brn|[from] brn
|upkeep
|turn|13
|j| Archon6
|j| The Dragon Gyrados
|
|t:|1641441368
|move|p1a: Rotom|Hydro Pump|p2a: Melmetal
|-damage|p2a: Melmetal|32/100 brn
|move|p2a: Melmetal|Thunder Punch|p1a: Rotom
|-damage|p1a: Rotom|78/100
|
|-heal|p1a: Rotom|84/100|[from] item: Leftovers
|-damage|p2a: Melmetal|26/100 brn|[from] brn
|upkeep
|turn|14
|
|t:|1641441378
|switch|p1a: Umbreon|Umbreon, M|100/100
|move|p2a: Melmetal|Thunder Punch|p1a: Umbreon
|-damage|p1a: Umbreon|86/100
|
|-heal|p1a: Umbreon|92/100|[from] item: Leftovers
|-damage|p2a: Melmetal|20/100 brn|[from] brn
|upkeep
|turn|15
|
|t:|1641441389
|move|p1a: Umbreon|Heal Bell|p1a: Umbreon
|-activate|p1a: Umbreon|move: Heal Bell
|-curestatus|p1: Buzzwole|brn|[msg]
|move|p2a: Melmetal|Ice Punch|p1a: Umbreon
|-damage|p1a: Umbreon|78/100
|
|-heal|p1a: Umbreon|84/100|[from] item: Leftovers
|-damage|p2a: Melmetal|14/100 brn|[from] brn
|upkeep
|turn|16
|
|t:|1641441403
|move|p1a: Umbreon|Wish|p1a: Umbreon
|move|p2a: Melmetal|Ice Punch|p1a: Umbreon
|-damage|p1a: Umbreon|68/100
|
|-heal|p1a: Umbreon|74/100|[from] item: Leftovers
|-damage|p2a: Melmetal|8/100 brn|[from] brn
|upkeep
|turn|17
|j| Large_Rodent
|
|t:|1641441412
|switch|p1a: Mew|Mew|57/100
|switch|p2a: Volcarona|Volcarona, F|73/100
|
|-heal|p1a: Mew|100/100|[from] move: Wish|[wisher] Umbreon
|upkeep
|turn|18
|j| blessed days
|
|t:|1641441422
|switch|p2a: Melmetal|Melmetal|8/100 brn
|move|p1a: Mew|Stealth Rock|p2a: Melmetal
|-sidestart|p2: POLYKlNG|move: Stealth Rock
|
|-damage|p2a: Melmetal|2/100 brn|[from] brn
|upkeep
|turn|19
|
|t:|1641441430
|switch|p1a: Rotom|Rotom-Wash|84/100
|move|p2a: Melmetal|Double Iron Bash|p1a: Rotom
|-resisted|p1a: Rotom
|-damage|p1a: Rotom|80/100
|-resisted|p1a: Rotom
|-damage|p1a: Rotom|76/100
|-hitcount|p1a: Rotom|2
|
|-heal|p1a: Rotom|83/100|[from] item: Leftovers
|-damage|p2a: Melmetal|0 fnt|[from] brn
|faint|p2a: Melmetal
|upkeep
|l| DA COME UP
|
|t:|1641441435
|switch|p2a: Rillaboom|Rillaboom, M|100/100
|-damage|p2a: Rillaboom|88/100|[from] Stealth Rock
|-fieldstart|move: Grassy Terrain|[from] ability: Grassy Surge|[of] p2a: Rillaboom
|turn|20
|
|t:|1641441444
|move|p2a: Rillaboom|Grassy Glide|p1a: Rotom
|-supereffective|p1a: Rotom
|-damage|p1a: Rotom|0 fnt
|faint|p1a: Rotom
|-damage|p2a: Rillaboom|78/100|[from] item: Life Orb
|
|-heal|p2a: Rillaboom|84/100|[from] Grassy Terrain
|upkeep
|j| upuntil
|
|t:|1641441456
|switch|p1a: Mew|Mew|100/100
|turn|21
|
|t:|1641441467
|switch|p2a: Mamoswine|Mamoswine, M|64/100 tox
|-damage|p2a: Mamoswine|51/100 tox|[from] Stealth Rock
|move|p1a: Mew|Will-O-Wisp||[still]
|-fail|p1a: Mew
|
|-heal|p2a: Mamoswine|58/100 tox|[from] Grassy Terrain
|-damage|p2a: Mamoswine|51/100 tox|[from] psn
|upkeep
|turn|22
|
|t:|1641441477
|switch|p1a: Buzzwole|Buzzwole|81/100
|move|p2a: Mamoswine|Stealth Rock|p1a: Buzzwole
|-sidestart|p1: you have homework|move: Stealth Rock
|
|-heal|p2a: Mamoswine|58/100 tox|[from] Grassy Terrain
|-heal|p1a: Buzzwole|88/100|[from] Grassy Terrain
|-damage|p2a: Mamoswine|45/100 tox|[from] psn
|upkeep
|turn|23
|
|t:|1641441487
|move|p2a: Mamoswine|Endeavor|p1a: Buzzwole
|-damage|p1a: Buzzwole|39/100
|-damage|p2a: Mamoswine|29/100 tox|[from] item: Rocky Helmet|[of] p1a: Buzzwole
|move|p1a: Buzzwole|Toxic|p2a: Mamoswine
|-fail|p2a: Mamoswine|tox
|
|-heal|p2a: Mamoswine|35/100 tox|[from] Grassy Terrain
|-heal|p1a: Buzzwole|45/100|[from] Grassy Terrain
|-damage|p2a: Mamoswine|17/100 tox|[from] psn
|upkeep
|turn|24
|
|t:|1641441498
|move|p2a: Mamoswine|Endeavor|p1a: Buzzwole
|-damage|p1a: Buzzwole|14/100
|-damage|p2a: Mamoswine|0 fnt|[from] item: Rocky Helmet|[of] p1a: Buzzwole
|faint|p2a: Mamoswine
|move|p1a: Buzzwole|Roost|p1a: Buzzwole
|-heal|p1a: Buzzwole|64/100
|-singleturn|p1a: Buzzwole|move: Roost
|
|-heal|p1a: Buzzwole|71/100|[from] Grassy Terrain
|-fieldend|move: Grassy Terrain
|upkeep
|
|t:|1641441502
|switch|p2a: Volcarona|Volcarona, F|73/100
|turn|25
|
|t:|1641441514
|switch|p2a: Rillaboom|Rillaboom, M|84/100
|-damage|p2a: Rillaboom|72/100|[from] Stealth Rock
|-fieldstart|move: Grassy Terrain|[from] ability: Grassy Surge|[of] p2a: Rillaboom
|switch|p1a: Heatran|Heatran, F|100/100
|-damage|p1a: Heatran|88/100|[from] Stealth Rock
|
|-heal|p2a: Rillaboom|78/100|[from] Grassy Terrain
|-heal|p1a: Heatran|94/100|[from] Grassy Terrain
|-heal|p1a: Heatran|100/100|[from] item: Leftovers
|upkeep
|turn|26
|c|☆you have homework|rillaboom is such an unfair pokemon
|c|☆you have homework|ugh
|c|☆POLYKlNG|How?
|inactive|POLYKlNG has 120 seconds left.
|
|t:|1641441547
|switch|p1a: Buzzwole|Buzzwole|71/100
|-damage|p1a: Buzzwole|58/100|[from] Stealth Rock
|move|p2a: Rillaboom|Superpower|p1a: Buzzwole
|-resisted|p1a: Buzzwole
|-damage|p1a: Buzzwole|45/100
|-unboost|p2a: Rillaboom|atk|1
|-unboost|p2a: Rillaboom|def|1
|-damage|p2a: Rillaboom|62/100|[from] item: Rocky Helmet|[of] p1a: Buzzwole
|-damage|p2a: Rillaboom|52/100|[from] item: Life Orb
|
|-heal|p2a: Rillaboom|58/100|[from] Grassy Terrain
|-heal|p1a: Buzzwole|51/100|[from] Grassy Terrain
|upkeep
|turn|27
|inactive|POLYKlNG has 120 seconds left.
|
|t:|1641441569
|move|p2a: Rillaboom|Knock Off|p1a: Buzzwole
|-resisted|p1a: Buzzwole
|-damage|p1a: Buzzwole|44/100
|-damage|p2a: Rillaboom|42/100|[from] item: Rocky Helmet|[of] p1a: Buzzwole
|-enditem|p1a: Buzzwole|Rocky Helmet|[from] move: Knock Off|[of] p2a: Rillaboom
|-damage|p2a: Rillaboom|32/100|[from] item: Life Orb
|move|p1a: Buzzwole|Toxic|p2a: Rillaboom
|-status|p2a: Rillaboom|tox
|
|-heal|p2a: Rillaboom|38/100 tox|[from] Grassy Terrain
|-heal|p1a: Buzzwole|50/100|[from] Grassy Terrain
|-damage|p2a: Rillaboom|32/100 tox|[from] psn
|upkeep
|turn|28
|
|t:|1641441584
|switch|p2a: Volcarona|Volcarona, F|73/100
|move|p1a: Buzzwole|Earthquake|p2a: Volcarona
|-damage|p2a: Volcarona|49/100
|
|-heal|p2a: Volcarona|55/100|[from] Grassy Terrain
|-heal|p1a: Buzzwole|56/100|[from] Grassy Terrain
|upkeep
|turn|29
|l| upuntil
|
|t:|1641441595
|switch|p1a: Mew|Mew|100/100
|-damage|p1a: Mew|88/100|[from] Stealth Rock
|move|p2a: Volcarona|Psychic|p1a: Mew
|-resisted|p1a: Mew
|-damage|p1a: Mew|75/100
|
|-heal|p1a: Mew|82/100|[from] Grassy Terrain
|-heal|p2a: Volcarona|61/100|[from] Grassy Terrain
|-fieldend|move: Grassy Terrain
|upkeep
|turn|30
|
|t:|1641441605
|move|p1a: Mew|Trick|p2a: Volcarona
|-activate|p1a: Mew|move: Trick|[of] p2a: Volcarona
|-item|p2a: Volcarona|Choice Scarf|[from] move: Trick
|-item|p1a: Mew|Heavy-Duty Boots|[from] move: Trick
|move|p2a: Volcarona|Bug Buzz|p1a: Mew
|-supereffective|p1a: Mew
|-damage|p1a: Mew|4/100
|-unboost|p1a: Mew|spd|1
|
|upkeep
|turn|31
|-message|POLYKlNG forfeited.
|
|win|you have homework
|raw|you have homework's rating: 1659 &rarr; <strong>1676</strong><br />(+17 for winning)
|raw|POLYKlNG's rating: 1606 &rarr; <strong>1589</strong><br />(-17 for losing)
|l|☆POLYKlNG
|l|☆you have homework
|l| blessed days
