|html|<div class="broadcast-blue"><strong>[Gen 8] OU is currently suspecting Melmetal! For information on how to participate check out the <a href="https://www.smogon.com/forums/threads/np-ss-ou-suspect-process-round-12-monster-mash.3709234/">suspect thread</a>.</strong></div>
|j|☆minimax_ai
|j|☆Down$pook
|t:|1666788104
|gametype|singles
|player|p1|minimax_ai|266|1659
|player|p2|Down$pook|teamrocket|1863
|teamsize|p1|6
|teamsize|p2|6
|gen|8
|tier|[Gen 8] OU
|rated|
|rule|Sleep Clause Mod: Limit one foe put to sleep
|rule|Species Clause: Limit one of each Pokémon
|rule|OHKO Clause: OHKO moves are banned
|rule|Evasion Items Clause: Evasion items are banned
|rule|Evasion Moves Clause: Evasion moves are banned
|rule|Endless Battle Clause: Forcing endless battles is banned
|rule|HP Percentage Mod: HP is shown in percentages
|rule|Dynamax Clause: You cannot dynamax
|clearpoke
|poke|p1|Rotom-Wash|
|poke|p1|Weavile, F|
|poke|p1|Landorus-Therian, M|
|poke|p1|Heatran, M|
|poke|p1|Tangrowth, F|
|poke|p1|Melmetal|
|poke|p2|Shedinja|
|poke|p2|Blissey, F|
|poke|p2|Toxapex, F|
|poke|p2|Corviknight, M|
|poke|p2|Clefable, F|
|poke|p2|Ditto|
|teampreview
|c|☆minimax_ai|hf
|inactive|Battle timer is ON: inactive players will automatically lose when time's up. (requested by minimax_ai)
|c|☆Down$pook|Hf
|
|t:|1666788116
|start
|switch|p1a: Heatran|Heatran, M|100/100
|switch|p2a: Shedinja|Shedinja|100/100
|-item|p1a: Heatran|Air Balloon
|turn|1
|
|t:|1666788119
|switch|p2a: Ditto|Ditto, shiny|100/100
|-transform|p2a: Ditto|p1a: Heatran|[from] ability: Imposter
|-item|p2a: Ditto|Air Balloon
|move|p1a: Heatran|Magma Storm|p2a: Ditto
|-start|p2a: Ditto|ability: Flash Fire
|
|upkeep
|turn|2
|
|t:|1666788121
|move|p2a: Ditto|Stealth Rock|p1a: Heatran
|-sidestart|p1: minimax_ai|move: Stealth Rock
|move|p1a: Heatran|Stealth Rock|p2a: Ditto
|-sidestart|p2: Down$pook|move: Stealth Rock
|
|upkeep
|turn|3
|
|t:|1666788125
|move|p2a: Ditto|Eruption|p1a: Heatran
|-start|p1a: Heatran|ability: Flash Fire
|move|p1a: Heatran|Magma Storm|p2a: Ditto
|-immune|p2a: Ditto|[from] ability: Flash Fire
|
|upkeep
|turn|4
|
|t:|1666788127
|move|p1a: Heatran|Magma Storm|p2a: Ditto
|-immune|p2a: Ditto|[from] ability: Flash Fire
|move|p2a: Ditto|Eruption|p1a: Heatran
|-immune|p1a: Heatran|[from] ability: Flash Fire
|
|upkeep
|turn|5
|
|t:|1666788129
|move|p2a: Ditto|Eruption|p1a: Heatran
|-immune|p1a: Heatran|[from] ability: Flash Fire
|move|p1a: Heatran|Magma Storm|p2a: Ditto
|-immune|p2a: Ditto|[from] ability: Flash Fire
|
|upkeep
|turn|6
|
|t:|1666788131
|move|p1a: Heatran|Magma Storm|p2a: Ditto
|-immune|p2a: Ditto|[from] ability: Flash Fire
|move|p2a: Ditto|Magma Storm|p1a: Heatran
|-immune|p1a: Heatran|[from] ability: Flash Fire
|
|upkeep
|turn|7
|
|t:|1666788132
|move|p1a: Heatran|Magma Storm|p2a: Ditto
|-immune|p2a: Ditto|[from] ability: Flash Fire
|move|p2a: Ditto|Magma Storm|p1a: Heatran
|-immune|p1a: Heatran|[from] ability: Flash Fire
|
|upkeep
|turn|8
|
|t:|1666788137
|move|p2a: Ditto|Earth Power|p1a: Heatran
|-immune|p1a: Heatran
|move|p1a: Heatran|Magma Storm|p2a: Ditto
|-immune|p2a: Ditto|[from] ability: Flash Fire
|
|upkeep
|turn|9
|
|t:|1666788139
|move|p2a: Ditto|Earth Power|p1a: Heatran
|-immune|p1a: Heatran
|move|p1a: Heatran|Magma Storm|p2a: Ditto
|-immune|p2a: Ditto|[from] ability: Flash Fire
|
|upkeep
|turn|10
|
|t:|1666788144
|move|p1a: Heatran|Eruption|p2a: Ditto
|-immune|p2a: Ditto|[from] ability: Flash Fire
|move|p2a: Ditto|Magma Storm|p1a: Heatran
|-immune|p1a: Heatran|[from] ability: Flash Fire
|
|upkeep
|turn|11
|
|t:|1666788146
|move|p2a: Ditto|Stealth Rock||[still]
|-fail|p2a: Ditto
|move|p1a: Heatran|Eruption|p2a: Ditto
|-immune|p2a: Ditto|[from] ability: Flash Fire
|
|upkeep
|turn|12
|
|t:|1666788147
|move|p2a: Ditto|Stealth Rock||[still]
|-fail|p2a: Ditto
|move|p1a: Heatran|Eruption|p2a: Ditto
|-immune|p2a: Ditto|[from] ability: Flash Fire
|
|upkeep
|turn|13
|
|t:|1666788150
|move|p2a: Ditto|Stealth Rock||[still]
|-fail|p2a: Ditto
|move|p1a: Heatran|Eruption|p2a: Ditto
|-immune|p2a: Ditto|[from] ability: Flash Fire
|
|upkeep
|turn|14
|
|t:|1666788151
|move|p2a: Ditto|Stealth Rock||[still]
|-fail|p2a: Ditto
|move|p1a: Heatran|Eruption|p2a: Ditto
|-immune|p2a: Ditto|[from] ability: Flash Fire
|
|upkeep
|turn|15
|
|t:|1666788154
|move|p2a: Ditto|Earth Power|p1a: Heatran
|-immune|p1a: Heatran
|move|p1a: Heatran|Eruption|p2a: Ditto
|-immune|p2a: Ditto|[from] ability: Flash Fire
|
|upkeep
|turn|16
|
|t:|1666788158
|move|p1a: Heatran|Eruption|p2a: Ditto
|-immune|p2a: Ditto|[from] ability: Flash Fire
|move|p2a: Ditto|Earth Power|p1a: Heatran
|-immune|p1a: Heatran
|
|upkeep
|turn|17
|
|t:|1666788160
|move|p1a: Heatran|Eruption|p2a: Ditto
|-immune|p2a: Ditto|[from] ability: Flash Fire
|move|p2a: Ditto|Earth Power|p1a: Heatran
|-immune|p1a: Heatran
|
|upkeep
|turn|18
|
|t:|1666788169
|-end|p1a: Heatran|ability: Flash Fire|[silent]
|switch|p1a: rotomwash|Rotom-Wash|100/100
|-damage|p1a: rotomwash|88/100|[from] Stealth Rock
|-end|p2a: Ditto|ability: Flash Fire|[silent]
|switch|p2a: Blissey|Blissey, F|100/100
|-damage|p2a: Blissey|88/100|[from] Stealth Rock
|
|-heal|p1a: rotomwash|94/100|[from] item: Leftovers
|-heal|p2a: Blissey|94/100|[from] item: Leftovers
|upkeep
|turn|19
|
|t:|1666788171
|move|p1a: rotomwash|Pain Split|p2a: Blissey
|-sethp|p2a: Blissey|68/100|[from] move: Pain Split|[silent]
|-sethp|p1a: rotomwash|100/100|[from] move: Pain Split
|move|p2a: Blissey|Calm Mind|p2a: Blissey
|-boost|p2a: Blissey|spa|1
|-boost|p2a: Blissey|spd|1
|
|-heal|p2a: Blissey|74/100|[from] item: Leftovers
|upkeep
|turn|20
|
|t:|1666788175
|switch|p1a: Melmetal|Melmetal|100/100
|-damage|p1a: Melmetal|94/100|[from] Stealth Rock
|move|p2a: Blissey|Thunder|p1a: Melmetal|[miss]
|-miss|p2a: Blissey|p1a: Melmetal
|
|-heal|p2a: Blissey|80/100|[from] item: Leftovers
|upkeep
|turn|21
|j| wdz999
|
|t:|1666788185
|switch|p2a: Toxapex|Toxapex, F|100/100
|-damage|p2a: Toxapex|88/100|[from] Stealth Rock
|move|p1a: Melmetal|Earthquake|p2a: Toxapex
|-supereffective|p2a: Toxapex
|-damage|p2a: Toxapex|25/100
|
|upkeep
|turn|22
|
|t:|1666788194
|move|p2a: Toxapex|Knock Off|p1a: Melmetal
|-damage|p1a: Melmetal|76/100
|-enditem|p1a: Melmetal|Assault Vest|[from] move: Knock Off|[of] p2a: Toxapex
|move|p1a: Melmetal|Earthquake|p2a: Toxapex
|-supereffective|p2a: Toxapex
|-damage|p2a: Toxapex|0 fnt
|faint|p2a: Toxapex
|
|upkeep
|j| GalarianN00b3
|
|t:|1666788196
|switch|p2a: Clefable|Clefable, F|100/100
|turn|23
|
|t:|1666788198
|switch|p1a: landorustherian|Landorus-Therian, M|100/100
|-damage|p1a: landorustherian|88/100|[from] Stealth Rock
|-ability|p1a: landorustherian|Intimidate|boost
|-unboost|p2a: Clefable|atk|1
|move|p2a: Clefable|Reflect|p2a: Clefable
|-sidestart|p2: Down$pook|Reflect
|
|-heal|p1a: landorustherian|94/100|[from] item: Leftovers
|upkeep
|turn|24
|j| monkaSaur
|l| GalarianN00b3
|
|t:|1666788201
|move|p1a: landorustherian|Defog|p2a: Clefable
|-unboost|p2a: Clefable|evasion|1
|-sideend|p2: Down$pook|Reflect
|-sideend|p2: Down$pook|Stealth Rock|[from] move: Defog|[of] p1a: landorustherian
|-sideend|p1: minimax_ai|Stealth Rock|[from] move: Defog|[of] p1a: landorustherian
|move|p2a: Clefable|Light Screen|p2a: Clefable
|-sidestart|p2: Down$pook|move: Light Screen
|
|-heal|p1a: landorustherian|99/100|[from] item: Leftovers
|upkeep
|turn|25
|
|t:|1666788203
|move|p1a: landorustherian|Defog|p2a: Clefable
|-unboost|p2a: Clefable|evasion|1
|-sideend|p2: Down$pook|move: Light Screen
|move|p2a: Clefable|Reflect|p2a: Clefable
|-sidestart|p2: Down$pook|Reflect
|
|-heal|p1a: landorustherian|100/100|[from] item: Leftovers
|upkeep
|turn|26
|
|t:|1666788204
|move|p1a: landorustherian|Defog|p2a: Clefable
|-unboost|p2a: Clefable|evasion|1
|-sideend|p2: Down$pook|Reflect
|move|p2a: Clefable|Light Screen|p2a: Clefable
|-sidestart|p2: Down$pook|move: Light Screen
|
|upkeep
|turn|27
|
|t:|1666788205
|move|p1a: landorustherian|Defog|p2a: Clefable
|-unboost|p2a: Clefable|evasion|1
|-sideend|p2: Down$pook|move: Light Screen
|move|p2a: Clefable|Reflect|p2a: Clefable
|-sidestart|p2: Down$pook|Reflect
|
|upkeep
|turn|28
|
|t:|1666788207
|move|p1a: landorustherian|Defog|p2a: Clefable
|-unboost|p2a: Clefable|evasion|1
|-sideend|p2: Down$pook|Reflect
|move|p2a: Clefable|Light Screen|p2a: Clefable
|-sidestart|p2: Down$pook|move: Light Screen
|
|upkeep
|turn|29
|
|t:|1666788208
|move|p1a: landorustherian|Defog|p2a: Clefable
|-unboost|p2a: Clefable|evasion|1
|-sideend|p2: Down$pook|move: Light Screen
|move|p2a: Clefable|Reflect|p2a: Clefable
|-sidestart|p2: Down$pook|Reflect
|
|upkeep
|turn|30
|
|t:|1666788209
|move|p1a: landorustherian|Defog||[still]
|-unboost|p2a: Clefable|evasion|0
|-sideend|p2: Down$pook|Reflect
|-fail|p1a: landorustherian
|move|p2a: Clefable|Light Screen|p2a: Clefable
|-sidestart|p2: Down$pook|move: Light Screen
|
|upkeep
|turn|31
|
|t:|1666788211
|move|p1a: landorustherian|Defog||[still]
|-unboost|p2a: Clefable|evasion|0
|-sideend|p2: Down$pook|move: Light Screen
|-fail|p1a: landorustherian
|move|p2a: Clefable|Reflect|p2a: Clefable
|-sidestart|p2: Down$pook|Reflect
|
|upkeep
|turn|32
|
|t:|1666788212
|move|p1a: landorustherian|Defog||[still]
|-unboost|p2a: Clefable|evasion|0
|-sideend|p2: Down$pook|Reflect
|-fail|p1a: landorustherian
|move|p2a: Clefable|Light Screen|p2a: Clefable
|-sidestart|p2: Down$pook|move: Light Screen
|
|upkeep
|turn|33
|
|t:|1666788213
|move|p1a: landorustherian|Defog||[still]
|-unboost|p2a: Clefable|evasion|0
|-sideend|p2: Down$pook|move: Light Screen
|-fail|p1a: landorustherian
|move|p2a: Clefable|Reflect|p2a: Clefable
|-sidestart|p2: Down$pook|Reflect
|
|upkeep
|turn|34
|
|t:|1666788214
|move|p1a: landorustherian|Defog||[still]
|-unboost|p2a: Clefable|evasion|0
|-sideend|p2: Down$pook|Reflect
|-fail|p1a: landorustherian
|move|p2a: Clefable|Light Screen|p2a: Clefable
|-sidestart|p2: Down$pook|move: Light Screen
|
|upkeep
|turn|35
|
|t:|1666788215
|move|p1a: landorustherian|Defog||[still]
|-unboost|p2a: Clefable|evasion|0
|-sideend|p2: Down$pook|move: Light Screen
|-fail|p1a: landorustherian
|move|p2a: Clefable|Reflect|p2a: Clefable
|-sidestart|p2: Down$pook|Reflect
|
|upkeep
|turn|36
|
|t:|1666788216
|move|p1a: landorustherian|Defog||[still]
|-unboost|p2a: Clefable|evasion|0
|-sideend|p2: Down$pook|Reflect
|-fail|p1a: landorustherian
|move|p2a: Clefable|Light Screen|p2a: Clefable
|-sidestart|p2: Down$pook|move: Light Screen
|
|upkeep
|turn|37
|
|t:|1666788217
|move|p1a: landorustherian|Defog||[still]
|-unboost|p2a: Clefable|evasion|0
|-sideend|p2: Down$pook|move: Light Screen
|-fail|p1a: landorustherian
|move|p2a: Clefable|Reflect|p2a: Clefable
|-sidestart|p2: Down$pook|Reflect
|
|upkeep
|turn|38
|
|t:|1666788218
|move|p1a: landorustherian|Defog||[still]
|-unboost|p2a: Clefable|evasion|0
|-sideend|p2: Down$pook|Reflect
|-fail|p1a: landorustherian
|move|p2a: Clefable|Light Screen|p2a: Clefable
|-sidestart|p2: Down$pook|move: Light Screen
|
|upkeep
|turn|39
|
|t:|1666788219
|move|p1a: landorustherian|Defog||[still]
|-unboost|p2a: Clefable|evasion|0
|-sideend|p2: Down$pook|move: Light Screen
|-fail|p1a: landorustherian
|move|p2a: Clefable|Reflect|p2a: Clefable
|-sidestart|p2: Down$pook|Reflect
|
|upkeep
|turn|40
|
|t:|1666788220
|move|p1a: landorustherian|Defog||[still]
|-unboost|p2a: Clefable|evasion|0
|-sideend|p2: Down$pook|Reflect
|-fail|p1a: landorustherian
|move|p2a: Clefable|Light Screen|p2a: Clefable
|-sidestart|p2: Down$pook|move: Light Screen
|
|upkeep
|turn|41
|
|t:|1666788221
|move|p1a: landorustherian|Defog||[still]
|-unboost|p2a: Clefable|evasion|0
|-sideend|p2: Down$pook|move: Light Screen
|-fail|p1a: landorustherian
|move|p2a: Clefable|Reflect|p2a: Clefable
|-sidestart|p2: Down$pook|Reflect
|
|upkeep
|turn|42
|
|t:|1666788222
|move|p1a: landorustherian|Defog||[still]
|-unboost|p2a: Clefable|evasion|0
|-sideend|p2: Down$pook|Reflect
|-fail|p1a: landorustherian
|move|p2a: Clefable|Light Screen|p2a: Clefable
|-sidestart|p2: Down$pook|move: Light Screen
|
|upkeep
|turn|43
|
|t:|1666788223
|move|p1a: landorustherian|Defog||[still]
|-unboost|p2a: Clefable|evasion|0
|-sideend|p2: Down$pook|move: Light Screen
|-fail|p1a: landorustherian
|move|p2a: Clefable|Reflect|p2a: Clefable
|-sidestart|p2: Down$pook|Reflect
|
|upkeep
|turn|44
|
|t:|1666788224
|move|p1a: landorustherian|Defog||[still]
|-unboost|p2a: Clefable|evasion|0
|-sideend|p2: Down$pook|Reflect
|-fail|p1a: landorustherian
|move|p2a: Clefable|Light Screen|p2a: Clefable
|-sidestart|p2: Down$pook|move: Light Screen
|
|upkeep
|turn|45
|
|t:|1666788225
|move|p1a: landorustherian|Defog||[still]
|-unboost|p2a: Clefable|evasion|0
|-sideend|p2: Down$pook|move: Light Screen
|-fail|p1a: landorustherian
|move|p2a: Clefable|Reflect|p2a: Clefable
|-sidestart|p2: Down$pook|Reflect
|
|upkeep
|turn|46
|
|t:|1666788226
|move|p1a: landorustherian|Defog||[still]
|-unboost|p2a: Clefable|evasion|0
|-sideend|p2: Down$pook|Reflect
|-fail|p1a: landorustherian
|move|p2a: Clefable|Light Screen|p2a: Clefable
|-sidestart|p2: Down$pook|move: Light Screen
|
|upkeep
|turn|47
|
|t:|1666788227
|move|p1a: landorustherian|Defog||[still]
|-unboost|p2a: Clefable|evasion|0
|-sideend|p2: Down$pook|move: Light Screen
|-fail|p1a: landorustherian
|move|p2a: Clefable|Reflect|p2a: Clefable
|-sidestart|p2: Down$pook|Reflect
|
|upkeep
|turn|48
|
|t:|1666788228
|switch|p1a: Heatran|Heatran, M|100/100
|-item|p1a: Heatran|Air Balloon
|move|p2a: Clefable|Light Screen|p2a: Clefable
|-sidestart|p2: Down$pook|move: Light Screen
|
|upkeep
|turn|49
|
|t:|1666788236
|switch|p2a: Corviknight|Corviknight, M|100/100
|-ability|p2a: Corviknight|Pressure
|move|p1a: Heatran|Stealth Rock|p2a: Corviknight
|-sidestart|p2: Down$pook|move: Stealth Rock
|
|upkeep
|turn|50
|
|t:|1666788237
|switch|p1a: landorustherian|Landorus-Therian, M|100/100
|-ability|p1a: landorustherian|Intimidate|boost
|-unboost|p2a: Corviknight|atk|1
|move|p2a: Corviknight|Agility|p2a: Corviknight
|-boost|p2a: Corviknight|spe|2
|
|upkeep
|turn|51
|
|t:|1666788239
|move|p2a: Corviknight|Bulk Up|p2a: Corviknight
|-boost|p2a: Corviknight|atk|1
|-boost|p2a: Corviknight|def|1
|move|p1a: landorustherian|U-turn|p2a: Corviknight
|-resisted|p2a: Corviknight
|-damage|p2a: Corviknight|99/100
|
|t:|1666788239
|switch|p1a: Heatran|Heatran, M|100/100|[from]move: U-turn
|-item|p1a: Heatran|Air Balloon
|
|upkeep
|turn|52
|
|t:|1666788242
|switch|p1a: rotomwash|Rotom-Wash|100/100
|move|p2a: Corviknight|Bulk Up|p2a: Corviknight
|-boost|p2a: Corviknight|atk|1
|-boost|p2a: Corviknight|def|1
|
|upkeep
|turn|53
|
|t:|1666788243
|move|p2a: Corviknight|Bulk Up|p2a: Corviknight
|-boost|p2a: Corviknight|atk|1
|-boost|p2a: Corviknight|def|1
|move|p1a: rotomwash|Nasty Plot|p1a: rotomwash
|-boost|p1a: rotomwash|spa|2
|
|upkeep
|turn|54
|
|t:|1666788250
|move|p2a: Corviknight|Power Trip|p1a: rotomwash
|-damage|p1a: rotomwash|17/100
|move|p1a: rotomwash|Nasty Plot|p1a: rotomwash
|-boost|p1a: rotomwash|spa|2
|
|-heal|p1a: rotomwash|23/100|[from] item: Leftovers
|-sideend|p2: Down$pook|Reflect
|upkeep
|turn|55
|
|t:|1666788252
|move|p2a: Corviknight|Power Trip|p1a: rotomwash
|-damage|p1a: rotomwash|0 fnt
|faint|p1a: rotomwash
|
|-sideend|p2: Down$pook|move: Light Screen
|upkeep
|
|t:|1666788252
|switch|p1a: Heatran|Heatran, M|100/100
|-item|p1a: Heatran|Air Balloon
|turn|56
|
|t:|1666788254
|switch|p1a: landorustherian|Landorus-Therian, M|100/100
|-ability|p1a: landorustherian|Intimidate|boost
|-unboost|p2a: Corviknight|atk|1
|move|p2a: Corviknight|Bulk Up|p2a: Corviknight
|-boost|p2a: Corviknight|atk|1
|-boost|p2a: Corviknight|def|1
|
|upkeep
|turn|57
|
|t:|1666788255
|move|p2a: Corviknight|Bulk Up|p2a: Corviknight
|-boost|p2a: Corviknight|atk|1
|-boost|p2a: Corviknight|def|1
|move|p1a: landorustherian|U-turn|p2a: Corviknight
|-resisted|p2a: Corviknight
|-damage|p2a: Corviknight|98/100
|
|t:|1666788255
|switch|p1a: Heatran|Heatran, M|100/100|[from]move: U-turn
|-item|p1a: Heatran|Air Balloon
|
|upkeep
|turn|58
|
|t:|1666788257
|switch|p1a: landorustherian|Landorus-Therian, M|100/100
|-ability|p1a: landorustherian|Intimidate|boost
|-unboost|p2a: Corviknight|atk|1
|move|p2a: Corviknight|Power Trip|p1a: landorustherian
|-damage|p1a: landorustherian|9/100
|
|-heal|p1a: landorustherian|15/100|[from] item: Leftovers
|upkeep
|turn|59
|
|t:|1666788259
|move|p2a: Corviknight|Bulk Up|p2a: Corviknight
|-boost|p2a: Corviknight|atk|1
|-boost|p2a: Corviknight|def|1
|move|p1a: landorustherian|U-turn|p2a: Corviknight
|-resisted|p2a: Corviknight
|-damage|p2a: Corviknight|97/100
|
|t:|1666788259
|switch|p1a: Heatran|Heatran, M|100/100|[from]move: U-turn
|-item|p1a: Heatran|Air Balloon
|
|upkeep
|turn|60
|
|t:|1666788261
|switch|p1a: landorustherian|Landorus-Therian, M|15/100
|-ability|p1a: landorustherian|Intimidate|boost
|-unboost|p2a: Corviknight|atk|1
|move|p2a: Corviknight|Bulk Up|p2a: Corviknight
|-boost|p2a: Corviknight|atk|1
|-boost|p2a: Corviknight|def|0
|
|-heal|p1a: landorustherian|21/100|[from] item: Leftovers
|upkeep
|turn|61
|
|t:|1666788262
|move|p2a: Corviknight|Bulk Up|p2a: Corviknight
|-boost|p2a: Corviknight|atk|1
|-boost|p2a: Corviknight|def|0
|move|p1a: landorustherian|U-turn|p2a: Corviknight
|-resisted|p2a: Corviknight
|-damage|p2a: Corviknight|95/100
|
|t:|1666788263
|switch|p1a: Heatran|Heatran, M|100/100|[from]move: U-turn
|-item|p1a: Heatran|Air Balloon
|
|upkeep
|turn|62
|
|t:|1666788264
|switch|p1a: landorustherian|Landorus-Therian, M|21/100
|-ability|p1a: landorustherian|Intimidate|boost
|-unboost|p2a: Corviknight|atk|1
|move|p2a: Corviknight|Bulk Up|p2a: Corviknight
|-boost|p2a: Corviknight|atk|1
|-boost|p2a: Corviknight|def|0
|
|-heal|p1a: landorustherian|28/100|[from] item: Leftovers
|upkeep
|turn|63
|
|t:|1666788266
|move|p2a: Corviknight|Bulk Up|p2a: Corviknight
|-boost|p2a: Corviknight|atk|1
|-boost|p2a: Corviknight|def|0
|move|p1a: landorustherian|U-turn|p2a: Corviknight
|-resisted|p2a: Corviknight
|-damage|p2a: Corviknight|94/100
|
|t:|1666788266
|switch|p1a: Heatran|Heatran, M|100/100|[from]move: U-turn
|-item|p1a: Heatran|Air Balloon
|
|upkeep
|turn|64
|
|t:|1666788267
|switch|p1a: landorustherian|Landorus-Therian, M|28/100
|-ability|p1a: landorustherian|Intimidate|boost
|-unboost|p2a: Corviknight|atk|1
|move|p2a: Corviknight|Bulk Up|p2a: Corviknight
|-boost|p2a: Corviknight|atk|1
|-boost|p2a: Corviknight|def|0
|
|-heal|p1a: landorustherian|34/100|[from] item: Leftovers
|upkeep
|turn|65
|
|t:|1666788269
|move|p2a: Corviknight|Bulk Up|p2a: Corviknight
|-boost|p2a: Corviknight|atk|1
|-boost|p2a: Corviknight|def|0
|move|p1a: landorustherian|U-turn|p2a: Corviknight
|-resisted|p2a: Corviknight
|-damage|p2a: Corviknight|93/100
|
|t:|1666788269
|switch|p1a: Heatran|Heatran, M|100/100|[from]move: U-turn
|-item|p1a: Heatran|Air Balloon
|
|upkeep
|turn|66
|
|t:|1666788270
|switch|p1a: landorustherian|Landorus-Therian, M|34/100
|-ability|p1a: landorustherian|Intimidate|boost
|-unboost|p2a: Corviknight|atk|1
|move|p2a: Corviknight|Power Trip|p1a: landorustherian
|-damage|p1a: landorustherian|0 fnt
|faint|p1a: landorustherian
|
|upkeep
|
|t:|1666788270
|switch|p1a: Heatran|Heatran, M|100/100
|-item|p1a: Heatran|Air Balloon
|turn|67
|
|t:|1666788272
|switch|p1a: Tangrowth|Tangrowth, F|100/100
|move|p2a: Corviknight|Power Trip|p1a: Tangrowth
|-damage|p1a: Tangrowth|0 fnt
|-damage|p2a: Corviknight|77/100|[from] item: Rocky Helmet|[of] p1a: Tangrowth
|faint|p1a: Tangrowth
|
|upkeep
|
|t:|1666788272
|switch|p1a: Heatran|Heatran, M|100/100
|-item|p1a: Heatran|Air Balloon
|turn|68
|
|t:|1666788273
|move|p2a: Corviknight|Power Trip|p1a: Heatran
|-crit|p1a: Heatran
|-damage|p1a: Heatran|0 fnt
|-enditem|p1a: Heatran|Air Balloon
|faint|p1a: Heatran
|
|upkeep
|
|t:|1666788273
|switch|p1a: Melmetal|Melmetal|76/100
|turn|69
|
|t:|1666788275
|move|p2a: Corviknight|Power Trip|p1a: Melmetal
|-damage|p1a: Melmetal|0 fnt
|faint|p1a: Melmetal
|
|upkeep
|
|t:|1666788275
|switch|p1a: Weavile|Weavile, F|100/100
|-ability|p1a: Weavile|Pressure
|turn|70
|
|t:|1666788276
|move|p2a: Corviknight|Power Trip|p1a: Weavile
|-resisted|p1a: Weavile
|-damage|p1a: Weavile|0 fnt
|faint|p1a: Weavile
|
|win|Down$pook
|raw|minimax_ai's rating: 1659 &rarr; <strong>1650</strong><br />(-9 for losing)
|raw|Down$pook's rating: 1863 &rarr; <strong>1872</strong><br />(+9 for winning)
|c|☆minimax_ai|gg
|l|☆minimax_ai
|l| wdz999
|j| Yeetmaster123321
|j| npapi
|j| Ultimate ou
||Ladder isn't responding, score probably updated but might not have (Request timeout).
