|j|☆LECH24
|j|☆Lucki_Lucario
|t:|1652274720
|gametype|singles
|player|p1|LECH24|2|1726
|player|p2|Lucki_Lucario|n|1695
|teamsize|p1|6
|teamsize|p2|6
|gen|8
|tier|[Gen 8] OU
|rated|
|rule|Sleep Clause Mod: Limit one foe put to sleep
|rule|Species Clause: Limit one of each Pokémon
|rule|OHKO Clause: OHKO moves are banned
|rule|Evasion Moves Clause: Evasion moves are banned
|rule|Endless Battle Clause: Forcing endless battles is banned
|rule|HP Percentage Mod: HP is shown in percentages
|rule|Dynamax Clause: You cannot dynamax
|clearpoke
|poke|p1|Magnezone|
|poke|p1|Garchomp, F|
|poke|p1|Tapu Lele|
|poke|p1|Kartana|
|poke|p1|Mandibuzz, F|
|poke|p1|Gastrodon, F|
|poke|p2|Slowbro, M|
|poke|p2|Blacephalon|
|poke|p2|Landorus-Therian, M|
|poke|p2|Blissey, F|
|poke|p2|Buzzwole|
|poke|p2|Melmetal|
|teampreview
|inactive|Battle timer is ON: inactive players will automatically lose when time's up. (requested by Lucki_Lucario)
|inactive|LECH24 has 120 seconds left.
|
|t:|1652274760
|start
|switch|p1a: Tapu Lele|Tapu Lele|100/100
|switch|p2a: Landorus|Landorus-Therian, M|100/100
|-fieldstart|move: Psychic Terrain|[from] ability: Psychic Surge|[of] p1a: Tapu Lele
|-ability|p2a: Landorus|Intimidate|boost
|-unboost|p1a: Tapu Lele|atk|1
|turn|1
|
|t:|1652274766
|move|p1a: Tapu Lele|Psychic|p2a: Landorus
|-damage|p2a: Landorus|32/100
|move|p2a: Landorus|Knock Off|p1a: Tapu Lele
|-damage|p1a: Tapu Lele|57/100
|-enditem|p1a: Tapu Lele|Choice Specs|[from] move: Knock Off|[of] p2a: Landorus
|
|-heal|p2a: Landorus|38/100|[from] item: Leftovers
|upkeep
|turn|2
|
|t:|1652274783
|switch|p2a: Slowbro|Slowbro, M|100/100
|move|p1a: Tapu Lele|Psyshock|p2a: Slowbro
|-resisted|p2a: Slowbro
|-damage|p2a: Slowbro|79/100
|
|upkeep
|turn|3
|
|t:|1652274787
|move|p1a: Tapu Lele|Moonblast|p2a: Slowbro
|-damage|p2a: Slowbro|46/100
|move|p2a: Slowbro|Teleport|p2a: Slowbro
|
|t:|1652274794
|switch|p2a: Blacephalon|Blacephalon|100/100|[from]move: Teleport
|
|upkeep
|turn|4
|
|t:|1652274801
|switch|p1a: Gastrodon|Gastrodon, F|100/100
|move|p2a: Blacephalon|Flamethrower|p1a: Gastrodon
|-resisted|p1a: Gastrodon
|-damage|p1a: Gastrodon|77/100
|-status|p1a: Gastrodon|brn
|
|-heal|p1a: Gastrodon|83/100 brn|[from] item: Leftovers
|-damage|p1a: Gastrodon|77/100 brn|[from] brn
|upkeep
|turn|5
|j| IOwOI
|
|t:|1652274808
|switch|p2a: Blissey|Blissey, F|100/100
|switch|p1a: Tapu Lele|Tapu Lele|57/100
|
|-fieldend|move: Psychic Terrain
|upkeep
|turn|6
|j| DA COME UP ★彡
|
|t:|1652274823
|switch|p1a: Magnezone|Magnezone|100/100
|move|p2a: Blissey|Toxic|p1a: Magnezone
|-immune|p1a: Magnezone
|
|upkeep
|turn|7
|
|t:|1652274829
|move|p1a: Magnezone|Body Press|p2a: Blissey
|-supereffective|p2a: Blissey
|-damage|p2a: Blissey|62/100
|move|p2a: Blissey|Stealth Rock|p1a: Magnezone
|-sidestart|p1: LECH24|move: Stealth Rock
|
|upkeep
|turn|8
|
|t:|1652274844
|switch|p2a: Blacephalon|Blacephalon|100/100
|move|p1a: Magnezone|Body Press|p2a: Blacephalon
|-immune|p2a: Blacephalon
|
|upkeep
|turn|9
|
|t:|1652274854
|switch|p1a: Gastrodon|Gastrodon, F|77/100 brn
|-damage|p1a: Gastrodon|71/100 brn|[from] Stealth Rock
|move|p2a: Blacephalon|Shadow Ball|p1a: Gastrodon
|-damage|p1a: Gastrodon|22/100 brn
|
|-heal|p1a: Gastrodon|28/100 brn|[from] item: Leftovers
|-damage|p1a: Gastrodon|22/100 brn|[from] brn
|upkeep
|turn|10
|
|t:|1652274859
|move|p2a: Blacephalon|Shadow Ball|p1a: Gastrodon
|-damage|p1a: Gastrodon|0 fnt
|faint|p1a: Gastrodon
|-ability|p2a: Blacephalon|Beast Boost|boost
|-boost|p2a: Blacephalon|spa|1
|
|upkeep
|
|t:|1652274865
|switch|p1a: Kartana|Kartana|100/100
|-damage|p1a: Kartana|94/100|[from] Stealth Rock
|turn|11
|
|t:|1652274871
|switch|p2a: Buzzwole|Buzzwole|100/100
|move|p1a: Kartana|Knock Off|p2a: Buzzwole
|-resisted|p2a: Buzzwole
|-damage|p2a: Buzzwole|91/100
|-enditem|p2a: Buzzwole|Heavy-Duty Boots|[from] move: Knock Off|[of] p1a: Kartana
|
|upkeep
|turn|12
|
|t:|1652274879
|switch|p1a: Mandibuzz|Mandibuzz, F|100/100
|move|p2a: Buzzwole|Ice Punch|p1a: Mandibuzz
|-supereffective|p1a: Mandibuzz
|-damage|p1a: Mandibuzz|74/100
|
|upkeep
|turn|13
|
|t:|1652274886
|switch|p2a: Melmetal|Melmetal|100/100
|move|p1a: Mandibuzz|Defog|p2a: Melmetal
|-unboost|p2a: Melmetal|evasion|1
|-sideend|p1: LECH24|Stealth Rock|[from] move: Defog|[of] p1a: Mandibuzz
|
|upkeep
|turn|14
|
|t:|1652274893
|move|p1a: Mandibuzz|Roost|p1a: Mandibuzz
|-heal|p1a: Mandibuzz|100/100
|-singleturn|p1a: Mandibuzz|move: Roost
|move|p2a: Melmetal|Superpower|p1a: Mandibuzz
|-supereffective|p1a: Mandibuzz
|-damage|p1a: Mandibuzz|17/100
|-unboost|p2a: Melmetal|atk|1
|-unboost|p2a: Melmetal|def|1
|
|upkeep
|turn|15
|
|t:|1652274900
|move|p1a: Mandibuzz|U-turn|p2a: Melmetal
|-resisted|p2a: Melmetal
|-damage|p2a: Melmetal|95/100
|
|t:|1652274902
|switch|p1a: Tapu Lele|Tapu Lele|57/100|[from]move: U-turn
|-fieldstart|move: Psychic Terrain|[from] ability: Psychic Surge|[of] p1a: Tapu Lele
|move|p2a: Melmetal|Superpower|p1a: Tapu Lele
|-resisted|p1a: Tapu Lele
|-damage|p1a: Tapu Lele|38/100
|-unboost|p2a: Melmetal|atk|1
|-unboost|p2a: Melmetal|def|1
|
|upkeep
|turn|16
|
|t:|1652274909
|switch|p1a: Mandibuzz|Mandibuzz, F|17/100
|switch|p2a: Landorus|Landorus-Therian, M|38/100
|-ability|p2a: Landorus|Intimidate|boost
|-unboost|p1a: Mandibuzz|atk|1
|
|-heal|p2a: Landorus|44/100|[from] item: Leftovers
|upkeep
|turn|17
|
|t:|1652274913
|move|p2a: Landorus|U-turn|p1a: Mandibuzz
|-damage|p1a: Mandibuzz|4/100
|
|t:|1652274918
|switch|p2a: Melmetal|Melmetal|95/100|[from]move: U-turn
|move|p1a: Mandibuzz|Roost|p1a: Mandibuzz
|-heal|p1a: Mandibuzz|54/100
|-singleturn|p1a: Mandibuzz|move: Roost
|
|upkeep
|turn|18
|
|t:|1652274931
|move|p1a: Mandibuzz|Roost|p1a: Mandibuzz
|-heal|p1a: Mandibuzz|100/100
|-singleturn|p1a: Mandibuzz|move: Roost
|move|p2a: Melmetal|Superpower|p1a: Mandibuzz
|-supereffective|p1a: Mandibuzz
|-damage|p1a: Mandibuzz|11/100
|-unboost|p2a: Melmetal|atk|1
|-unboost|p2a: Melmetal|def|1
|
|upkeep
|turn|19
|
|t:|1652274937
|move|p1a: Mandibuzz|U-turn|p2a: Melmetal
|-resisted|p2a: Melmetal
|-damage|p2a: Melmetal|92/100
|
|t:|1652274939
|switch|p1a: Tapu Lele|Tapu Lele|38/100|[from]move: U-turn
|move|p2a: Melmetal|Superpower|p1a: Tapu Lele
|-resisted|p1a: Tapu Lele
|-damage|p1a: Tapu Lele|18/100
|-unboost|p2a: Melmetal|atk|1
|-unboost|p2a: Melmetal|def|1
|
|-fieldend|move: Psychic Terrain
|upkeep
|turn|20
|
|t:|1652274953
|switch|p1a: Kartana|Kartana|94/100
|switch|p2a: Landorus|Landorus-Therian, M|44/100
|-ability|p2a: Landorus|Intimidate|boost
|-unboost|p1a: Kartana|atk|1
|
|-heal|p2a: Landorus|50/100|[from] item: Leftovers
|upkeep
|turn|21
|
|t:|1652274958
|switch|p1a: Tapu Lele|Tapu Lele|18/100
|-fieldstart|move: Psychic Terrain|[from] ability: Psychic Surge|[of] p1a: Tapu Lele
|switch|p2a: Buzzwole|Buzzwole|91/100
|
|upkeep
|turn|22
|
|t:|1652274963
|switch|p2a: Landorus|Landorus-Therian, M|50/100
|-ability|p2a: Landorus|Intimidate|boost
|-unboost|p1a: Tapu Lele|atk|1
|move|p1a: Tapu Lele|Psychic|p2a: Landorus
|-damage|p2a: Landorus|2/100
|
|-heal|p2a: Landorus|8/100|[from] item: Leftovers
|upkeep
|turn|23
|
|t:|1652274966
|move|p1a: Tapu Lele|Psychic|p2a: Landorus
|-damage|p2a: Landorus|0 fnt
|faint|p2a: Landorus
|
|upkeep
|
|t:|1652274969
|switch|p2a: Blacephalon|Blacephalon|100/100
|turn|24
|l| DA COME UP ★彡
|inactive|LECH24 has 120 seconds left.
|
|t:|1652275009
|switch|p1a: Mandibuzz|Mandibuzz, F|11/100
|move|p2a: Blacephalon|Shadow Ball|p1a: Mandibuzz
|-resisted|p1a: Mandibuzz
|-damage|p1a: Mandibuzz|0 fnt
|faint|p1a: Mandibuzz
|-ability|p2a: Blacephalon|Beast Boost|boost
|-boost|p2a: Blacephalon|spa|1
|
|upkeep
|
|t:|1652275011
|switch|p1a: Kartana|Kartana|94/100
|turn|25
|
|t:|1652275025
|switch|p2a: Melmetal|Melmetal|92/100
|move|p1a: Kartana|Knock Off|p2a: Melmetal
|-damage|p2a: Melmetal|67/100
|-enditem|p2a: Melmetal|Choice Band|[from] move: Knock Off|[of] p1a: Kartana
|
|-fieldend|move: Psychic Terrain
|upkeep
|turn|26
|
|t:|1652275033
|switch|p1a: Garchomp|Garchomp, F|100/100
|move|p2a: Melmetal|Superpower|p1a: Garchomp
|-damage|p1a: Garchomp|54/100
|-unboost|p2a: Melmetal|atk|1
|-unboost|p2a: Melmetal|def|1
|-damage|p2a: Melmetal|54/100|[from] ability: Rough Skin|[of] p1a: Garchomp
|
|-heal|p1a: Garchomp|60/100|[from] item: Leftovers
|upkeep
|turn|27
|
|t:|1652275040
|switch|p2a: Buzzwole|Buzzwole|91/100
|move|p1a: Garchomp|Stealth Rock|p2a: Buzzwole
|-sidestart|p2: Lucki_Lucario|move: Stealth Rock
|
|-heal|p1a: Garchomp|66/100|[from] item: Leftovers
|upkeep
|turn|28
|
|t:|1652275050
|move|p1a: Garchomp|Stone Edge|p2a: Buzzwole
|-damage|p2a: Buzzwole|74/100
|move|p2a: Buzzwole|Ice Punch|p1a: Garchomp
|-supereffective|p1a: Garchomp
|-damage|p1a: Garchomp|0 fnt
|-damage|p2a: Buzzwole|62/100|[from] ability: Rough Skin|[of] p1a: Garchomp
|faint|p1a: Garchomp
|-ability|p2a: Buzzwole|Beast Boost|boost
|-boost|p2a: Buzzwole|def|1
|
|upkeep
|
|t:|1652275053
|switch|p1a: Tapu Lele|Tapu Lele|18/100
|-fieldstart|move: Psychic Terrain|[from] ability: Psychic Surge|[of] p1a: Tapu Lele
|turn|29
|
|t:|1652275064
|switch|p2a: Blissey|Blissey, F|62/100
|move|p1a: Tapu Lele|Psyshock|p2a: Blissey
|-damage|p2a: Blissey|17/100
|
|upkeep
|turn|30
|
|t:|1652275070
|move|p1a: Tapu Lele|Psyshock|p2a: Blissey
|-damage|p2a: Blissey|0 fnt
|faint|p2a: Blissey
|
|upkeep
|
|t:|1652275073
|switch|p2a: Blacephalon|Blacephalon|100/100
|-damage|p2a: Blacephalon|76/100|[from] Stealth Rock
|turn|31
|
|t:|1652275099
|switch|p1a: Magnezone|Magnezone|100/100
|move|p2a: Blacephalon|Flamethrower|p1a: Magnezone
|-supereffective|p1a: Magnezone
|-damage|p1a: Magnezone|0 fnt
|faint|p1a: Magnezone
|-ability|p2a: Blacephalon|Beast Boost|boost
|-boost|p2a: Blacephalon|spa|1
|
|upkeep
|
|t:|1652275101
|switch|p1a: Kartana|Kartana|94/100
|turn|32
|
|t:|1652275109
|switch|p2a: Buzzwole|Buzzwole|62/100
|-damage|p2a: Buzzwole|49/100|[from] Stealth Rock
|move|p1a: Kartana|Leaf Blade|p2a: Buzzwole
|-resisted|p2a: Buzzwole
|-damage|p2a: Buzzwole|34/100
|
|upkeep
|turn|33
|
|t:|1652275118
|switch|p1a: Tapu Lele|Tapu Lele|18/100
|move|p2a: Buzzwole|Roost|p2a: Buzzwole
|-heal|p2a: Buzzwole|84/100
|-singleturn|p2a: Buzzwole|move: Roost
|
|-fieldend|move: Psychic Terrain
|upkeep
|turn|34
|
|t:|1652275127
|switch|p2a: Slowbro|Slowbro, M|80/100
|-damage|p2a: Slowbro|67/100|[from] Stealth Rock
|move|p1a: Tapu Lele|Moonblast|p2a: Slowbro
|-damage|p2a: Slowbro|30/100
|-unboost|p2a: Slowbro|spa|1
|
|upkeep
|turn|35
|
|t:|1652275131
|move|p1a: Tapu Lele|Moonblast|p2a: Slowbro
|-damage|p2a: Slowbro|0 fnt
|faint|p2a: Slowbro
|
|upkeep
|
|t:|1652275134
|switch|p2a: Blacephalon|Blacephalon|76/100
|-damage|p2a: Blacephalon|51/100|[from] Stealth Rock
|turn|36
|
|t:|1652275138
|move|p2a: Blacephalon|Flamethrower|p1a: Tapu Lele
|-damage|p1a: Tapu Lele|0 fnt
|faint|p1a: Tapu Lele
|-ability|p2a: Blacephalon|Beast Boost|boost
|-boost|p2a: Blacephalon|spa|1
|
|upkeep
|
|t:|1652275139
|switch|p1a: Kartana|Kartana|94/100
|turn|37
|
|t:|1652275144
|move|p1a: Kartana|Smart Strike|p2a: Blacephalon
|-resisted|p2a: Blacephalon
|-damage|p2a: Blacephalon|0 fnt
|faint|p2a: Blacephalon
|-ability|p1a: Kartana|Beast Boost|boost
|-boost|p1a: Kartana|atk|1
|
|upkeep
|
|t:|1652275158
|switch|p2a: Melmetal|Melmetal|54/100
|-damage|p2a: Melmetal|48/100|[from] Stealth Rock
|turn|38
|
|t:|1652275161
|move|p1a: Kartana|Smart Strike|p2a: Melmetal
|-resisted|p2a: Melmetal
|-damage|p2a: Melmetal|30/100
|move|p2a: Melmetal|Superpower|p1a: Kartana
|-supereffective|p1a: Kartana
|-damage|p1a: Kartana|0 fnt
|-unboost|p2a: Melmetal|atk|1
|-unboost|p2a: Melmetal|def|1
|faint|p1a: Kartana
|
|win|Lucki_Lucario
|raw|LECH24's rating: 1726 &rarr; <strong>1704</strong><br />(-22 for losing)
|raw|Lucki_Lucario's rating: 1695 &rarr; <strong>1717</strong><br />(+22 for winning)
|j| DA COME UP ★彡
