|j|☆ev999
|j|☆X-Wing Fighter
|inactive|Battle timer is ON: inactive players will automatically lose when time's up.
|t:|1615258650
|player|p1|ev999|ghetsis-gen5bw|
|player|p2|X-Wing Fighter|hilbert-dueldisk|
|teamsize|p1|6
|teamsize|p2|6
|gametype|singles
|gen|8
|tier|[Gen 8] OU
|rated|Tournament battle
|clearpoke
|poke|p1|Uxie|
|poke|p1|Marowak-Alola, F|
|poke|p1|Cresselia, F|
|poke|p1|Crawdaunt, M|
|poke|p1|Melmetal|
|poke|p1|Porygon2|
|poke|p2|Ninetales-Alola, M|
|poke|p2|Heatran, M|
|poke|p2|Zapdos-Galar|
|poke|p2|Bisharp, M|
|poke|p2|Dragapult, M|
|poke|p2|Garchomp, M|
|rule|Sleep Clause Mod: Limit one foe put to sleep
|rule|Species Clause: Limit one of each Pokémon
|rule|OHKO Clause: OHKO moves are banned
|rule|Evasion Moves Clause: Evasion moves are banned
|rule|Endless Battle Clause: Forcing endless battles is banned
|rule|HP Percentage Mod: HP is shown in percentages
|rule|Dynamax Clause: You cannot dynamax
|teampreview
|inactive|ev999 also wants the timer to be on.
|j| puja
|
|t:|1615258666
|start
|switch|p1a: Melmetal|Melmetal|100/100
|switch|p2a: Bisharp|Bisharp, M|100/100
|turn|1
|
|t:|1615258670
|switch|p2a: Heatran|Heatran, M|100/100
|-item|p2a: Heatran|Air Balloon
|move|p1a: Melmetal|Earthquake|p2a: Heatran
|-immune|p2a: Heatran
|
|upkeep
|turn|2
|
|t:|1615258673
|switch|p1a: Porygon2|Porygon2|100/100
|-ability|p1a: Porygon2|Flame Body|[from] ability: Trace|[of] p2a: Heatran
|move|p2a: Heatran|Magma Storm|p1a: Porygon2
|-damage|p1a: Porygon2|75/100
|-activate|p1a: Porygon2|move: Magma Storm|[of] p2a: Heatran
|
|-damage|p1a: Porygon2|63/100|[from] move: Magma Storm|[partiallytrapped]
|upkeep
|turn|3
|c|☆ev999|YOOOOOOO MASSIVE BRAIN
|c|☆X-Wing Fighter|lol
|c|☆ev999|do you usually use flame body to aboid tace
|c|☆ev999|avoid trace*
|
|t:|1615258702
|move|p2a: Heatran|Taunt|p1a: Porygon2
|-start|p1a: Porygon2|move: Taunt
|cant|p1a: Porygon2|move: Taunt|Trick Room
|
|-damage|p1a: Porygon2|51/100|[from] move: Magma Storm|[partiallytrapped]
|upkeep
|turn|4
|c|☆X-Wing Fighter|nah bc trick room isnt worth prepping for
|c|☆ev999|holy shit dud you ended my career
|c|☆ev999|well played
|c|☆ev999|why are you flame body?
|inactive|X-Wing Fighter has 120 seconds left.
|c|☆ev999|instead of flash fire
|c|☆X-Wing Fighter|im running flame body on this HO team bc i got 2 drags under veil
|
|t:|1615258753
|move|p2a: Heatran|Magma Storm|p1a: Porygon2|[miss]
|-miss|p2a: Heatran|p1a: Porygon2
|move|p1a: Porygon2|Tri Attack|p2a: Heatran
|-resisted|p2a: Heatran
|-damage|p2a: Heatran|85/100
|-enditem|p2a: Heatran|Air Balloon
|
|-damage|p1a: Porygon2|38/100|[from] move: Magma Storm|[partiallytrapped]
|upkeep
|turn|5
|
|t:|1615258771
|move|p2a: Heatran|Magma Storm|p1a: Porygon2
|-damage|p1a: Porygon2|15/100
|move|p1a: Porygon2|Tri Attack|p2a: Heatran
|-resisted|p2a: Heatran
|-damage|p2a: Heatran|70/100
|
|-damage|p1a: Porygon2|3/100|[from] move: Magma Storm|[partiallytrapped]
|-end|p1a: Porygon2|move: Taunt
|upkeep
|turn|6
|
|t:|1615258776
|move|p2a: Heatran|Earth Power|p1a: Porygon2
|-damage|p1a: Porygon2|0 fnt
|faint|p1a: Porygon2
|
|upkeep
|
|t:|1615258780
|switch|p1a: Crawdaunt|Crawdaunt, M|100/100
|turn|7
|
|t:|1615258790
|switch|p2a: Ninetales|Ninetales-Alola, M|100/100
|-weather|Hail|[from] ability: Snow Warning|[of] p2a: Ninetales
|move|p1a: Crawdaunt|Swords Dance|p1a: Crawdaunt
|-boost|p1a: Crawdaunt|atk|2
|
|-weather|Hail|[upkeep]
|-damage|p1a: Crawdaunt|94/100|[from] Hail
|upkeep
|turn|8
|
|t:|1615258793
|move|p1a: Crawdaunt|Aqua Jet|p2a: Ninetales
|-damage|p2a: Ninetales|10/100
|-damage|p1a: Crawdaunt|84/100|[from] item: Life Orb
|move|p2a: Ninetales|Freeze-Dry|p1a: Crawdaunt
|-supereffective|p1a: Crawdaunt
|-damage|p1a: Crawdaunt|10/100
|
|-weather|Hail|[upkeep]
|-damage|p1a: Crawdaunt|4/100|[from] Hail
|upkeep
|turn|9
|
|t:|1615258797
|move|p1a: Crawdaunt|Aqua Jet|p2a: Ninetales
|-damage|p2a: Ninetales|0 fnt
|-damage|p1a: Crawdaunt|0 fnt|[from] item: Life Orb
|faint|p2a: Ninetales
|faint|p1a: Crawdaunt
|
|-weather|Hail|[upkeep]
|upkeep
|
|t:|1615258806
|switch|p2a: Heatran|Heatran, M|70/100
|switch|p1a: Uxie|Uxie|100/100
|turn|10
|
|t:|1615258810
|move|p2a: Heatran|Taunt|p1a: Uxie
|-start|p1a: Uxie|move: Taunt
|-enditem|p1a: Uxie|Mental Herb
|-end|p1a: Uxie|move: Taunt
|move|p1a: Uxie|Trick Room|p1a: Uxie
|-fieldstart|move: Trick Room|[of] p1a: Uxie
|
|-weather|Hail|[upkeep]
|-damage|p1a: Uxie|94/100|[from] Hail
|-damage|p2a: Heatran|63/100|[from] Hail
|upkeep
|turn|11
|
|t:|1615258814
|move|p1a: Uxie|Stealth Rock|p2a: Heatran
|-sidestart|p2: X-Wing Fighter|move: Stealth Rock
|move|p2a: Heatran|Magma Storm|p1a: Uxie
|-damage|p1a: Uxie|52/100
|-activate|p1a: Uxie|move: Magma Storm|[of] p2a: Heatran
|
|-weather|none
|-damage|p1a: Uxie|39/100|[from] move: Magma Storm|[partiallytrapped]
|upkeep
|turn|12
|
|t:|1615258818
|move|p1a: Uxie|Memento|p2a: Heatran
|-unboost|p2a: Heatran|atk|2
|-unboost|p2a: Heatran|spa|2
|faint|p1a: Uxie
|move|p2a: Heatran|Earth Power|p1: Uxie|[notarget]
|-fail|p2a: Heatran
|
|upkeep
|
|t:|1615258820
|switch|p1a: Marowak|Marowak-Alola, F|100/100
|turn|13
|
|t:|1615258828
|switch|p2a: Garchomp|Garchomp, M|100/100
|-damage|p2a: Garchomp|94/100|[from] Stealth Rock
|move|p1a: Marowak|Flare Blitz|p2a: Garchomp
|-resisted|p2a: Garchomp
|-damage|p2a: Garchomp|48/100
|-damage|p1a: Marowak|88/100|[from] ability: Rough Skin|[of] p2a: Garchomp
|
|upkeep
|turn|14
|
|t:|1615258832
|move|p1a: Marowak|Shadow Bone|p2a: Garchomp
|-damage|p2a: Garchomp|0 fnt
|faint|p2a: Garchomp
|
|-fieldend|move: Trick Room
|upkeep
|
|t:|1615258838
|switch|p2a: Bisharp|Bisharp, M|100/100
|-damage|p2a: Bisharp|95/100|[from] Stealth Rock
|turn|15
|
|t:|1615258842
|switch|p1a: Cresselia|Cresselia, F|100/100
|move|p2a: Bisharp|Knock Off|p1a: Cresselia
|-supereffective|p1a: Cresselia
|-damage|p1a: Cresselia|42/100
|-enditem|p1a: Cresselia|Mental Herb|[from] move: Knock Off|[of] p2a: Bisharp
|
|upkeep
|turn|16
|
|t:|1615258848
|move|p2a: Bisharp|Knock Off|p1a: Cresselia
|-supereffective|p1a: Cresselia
|-damage|p1a: Cresselia|1/100
|move|p1a: Cresselia|Trick Room|p1a: Cresselia
|-fieldstart|move: Trick Room|[of] p1a: Cresselia
|
|upkeep
|turn|17
|
|t:|1615258852
|move|p1a: Cresselia|Lunar Dance|p1a: Cresselia
|faint|p1a: Cresselia
|move|p2a: Bisharp|Knock Off|p1: Cresselia|[notarget]
|-fail|p2a: Bisharp
|
|upkeep
|
|t:|1615258856
|switch|p1a: Melmetal|Melmetal|100/100
|-heal|p1a: Melmetal|100/100|[from] move: Lunar Dance
|turn|18
|
|t:|1615258863
|switch|p2a: Heatran|Heatran, M|63/100
|-damage|p2a: Heatran|51/100|[from] Stealth Rock
|move|p1a: Melmetal|Double Iron Bash|p2a: Heatran
|-resisted|p2a: Heatran
|-damage|p2a: Heatran|34/100
|-resisted|p2a: Heatran
|-damage|p2a: Heatran|17/100
|-status|p1a: Melmetal|brn|[from] ability: Flame Body|[of] p2a: Heatran
|-hitcount|p2a: Heatran|2
|
|-damage|p1a: Melmetal|94/100 brn|[from] brn
|upkeep
|turn|19
|
|t:|1615258868
|move|p1a: Melmetal|Double Iron Bash|p2a: Heatran
|-resisted|p2a: Heatran
|-damage|p2a: Heatran|9/100
|-resisted|p2a: Heatran
|-damage|p2a: Heatran|1/100
|-hitcount|p2a: Heatran|2
|cant|p2a: Heatran|flinch
|
|-damage|p1a: Melmetal|88/100 brn|[from] brn
|upkeep
|turn|20
|-message|ev999 forfeited.
|
|win|X-Wing Fighter
|n|☆ev999|ev999
|n|☆X-Wing Fighter|xwingfighter
|n| puja|puja
|l|☆ev999
|c|☆X-Wing Fighter|lol
|l|☆X-Wing Fighter
|j|☆X-Wing Fighter
|player|p2|X-Wing Fighter|hilbert-dueldisk
