|j|☆kiss the sun
|j|☆JoeyOwesMeMoney
|player|p1|kiss the sun|2|1728
|player|p2|JoeyOwesMeMoney|170|1793
|teamsize|p1|6
|teamsize|p2|6
|gametype|singles
|gen|8
|tier|[Gen 8] OU
|rated|
|html|<div class="broadcast-blue"><strong>OU is currently suspecting Dracovish! For information on how to participate check out the <a href="https://www.smogon.com/forums/threads/3664521/">suspect thread</a>.</strong></div>
|clearpoke
|poke|p1|Cobalion|
|poke|p1|Cinderace, F|
|poke|p1|Togekiss, F|
|poke|p1|Diggersby, M|
|poke|p1|Bisharp, M|
|poke|p1|Celebi|
|poke|p2|Toxapex, F|
|poke|p2|Ferrothorn, F|
|poke|p2|Seismitoad, F|
|poke|p2|Tyranitar, F|
|poke|p2|Clefable, M|
|poke|p2|Corviknight, F|
|rule|Sleep Clause Mod: Limit one foe put to sleep
|rule|Species Clause: Limit one of each Pokémon
|rule|OHKO Clause: OHKO moves are banned
|rule|Evasion Moves Clause: Evasion moves are banned
|rule|Endless Battle Clause: Forcing endless battles is banned
|rule|HP Percentage Mod: HP is shown in percentages
|rule|Dynamax Clause: You cannot dynamax
|teampreview
|j| jefo
|
|start
|switch|p1a: Cobalion|Cobalion|100/100
|switch|p2a: Toxapex|Toxapex, F|100/100
|turn|1
|j| HeavenStar
|
|move|p1a: Cobalion|Stealth Rock|p2a: Toxapex
|-sidestart|p2: JoeyOwesMeMoney|move: Stealth Rock
|move|p2a: Toxapex|Knock Off|p1a: Cobalion
|-resisted|p1a: Cobalion
|-damage|p1a: Cobalion|95/100
|-damage|p2a: Toxapex|84/100|[from] item: Rocky Helmet|[of] p1a: Cobalion
|-ability|p1a: Cobalion|Justified|boost
|-boost|p1a: Cobalion|atk|1
|-enditem|p1a: Cobalion|Rocky Helmet|[from] move: Knock Off|[of] p2a: Toxapex
|
|-heal|p2a: Toxapex|90/100|[from] item: Black Sludge
|upkeep
|turn|2
|
|move|p1a: Cobalion|Volt Switch|p2a: Toxapex
|-supereffective|p2a: Toxapex
|-crit|p2a: Toxapex
|-damage|p2a: Toxapex|57/100
|
|switch|p1a: Celebi|Celebi|100/100|[from]move: Volt Switch
|move|p2a: Toxapex|Scald|p1a: Celebi
|-resisted|p1a: Celebi
|-damage|p1a: Celebi|93/100
|-status|p1a: Celebi|brn
|
|-heal|p2a: Toxapex|63/100|[from] item: Black Sludge
|-damage|p1a: Celebi|87/100 brn|[from] brn
|upkeep
|turn|3
|j| hell yeah! HYper
|
|switch|p1a: Cobalion|Cobalion|95/100
|switch|p2a: Ferrothorn|Ferrothorn, F|100/100
|-damage|p2a: Ferrothorn|95/100|[from] Stealth Rock
|
|-heal|p2a: Ferrothorn|100/100|[from] item: Leftovers
|upkeep
|turn|4
|l| hell yeah! HYper
|
|switch|p2a: Toxapex|Toxapex, F|96/100
|-damage|p2a: Toxapex|84/100|[from] Stealth Rock
|move|p1a: Cobalion|Volt Switch|p2a: Toxapex
|-supereffective|p2a: Toxapex
|-damage|p2a: Toxapex|61/100
|
|switch|p1a: Diggersby|Diggersby, M|100/100|[from]move: Volt Switch
|
|-heal|p2a: Toxapex|67/100|[from] item: Black Sludge
|upkeep
|turn|5
|
|switch|p2a: Corviknight|Corviknight, F|100/100
|-damage|p2a: Corviknight|88/100|[from] Stealth Rock
|-ability|p2a: Corviknight|Pressure
|move|p1a: Diggersby|Swords Dance|p1a: Diggersby
|-boost|p1a: Diggersby|atk|2
|
|upkeep
|turn|6
|
|switch|p2a: Seismitoad|Seismitoad, F|100/100
|-damage|p2a: Seismitoad|94/100|[from] Stealth Rock
|move|p1a: Diggersby|Thunder Punch|p2a: Seismitoad
|-immune|p2a: Seismitoad
|
|-heal|p2a: Seismitoad|100/100|[from] item: Leftovers
|upkeep
|turn|7
|
|move|p1a: Diggersby|Earthquake|p2a: Seismitoad
|-damage|p2a: Seismitoad|0 fnt
|-damage|p1a: Diggersby|91/100|[from] item: Life Orb
|faint|p2a: Seismitoad
|
|upkeep
|
|switch|p2a: Clefable|Clefable, M|100/100
|-damage|p2a: Clefable|88/100|[from] Stealth Rock
|turn|8
|inactive|Battle timer is ON: inactive players will automatically lose when time's up. (requested by JoeyOwesMeMoney)
|j|@Ransei
|l|@Ransei
|j| BigConns
|l| BigConns
|inactive|kiss the sun has 120 seconds left.
|inactive|kiss the sun has 90 seconds left.
|
|switch|p1a: Bisharp|Bisharp, M|100/100
|move|p2a: Clefable|Protect||[still]
|-fail|p2a: Clefable
|
|-heal|p2a: Clefable|94/100|[from] item: Leftovers
|upkeep
|turn|9
|
|switch|p2a: Corviknight|Corviknight, F|88/100
|-damage|p2a: Corviknight|76/100|[from] Stealth Rock
|-ability|p2a: Corviknight|Pressure
|move|p1a: Bisharp|Swords Dance|p1a: Bisharp
|-boost|p1a: Bisharp|atk|2
|
|upkeep
|turn|10
|
|move|p1a: Bisharp|Knock Off|p2a: Corviknight
|-damage|p2a: Corviknight|0 fnt
|-damage|p1a: Bisharp|84/100|[from] item: Rocky Helmet|[of] p2a: Corviknight
|-enditem|p2a: Corviknight|Rocky Helmet|[from] move: Knock Off|[of] p1a: Bisharp
|-damage|p1a: Bisharp|74/100|[from] item: Life Orb
|faint|p2a: Corviknight
|
|upkeep
|
|switch|p2a: Ferrothorn|Ferrothorn, F|100/100
|-damage|p2a: Ferrothorn|95/100|[from] Stealth Rock
|turn|11
|l| jefo
|
|move|p1a: Bisharp|Knock Off|p2a: Ferrothorn
|-damage|p2a: Ferrothorn|0 fnt
|-damage|p1a: Bisharp|62/100|[from] ability: Iron Barbs|[of] p2a: Ferrothorn
|-enditem|p2a: Ferrothorn|Leftovers|[from] move: Knock Off|[of] p1a: Bisharp
|-damage|p1a: Bisharp|52/100|[from] item: Life Orb
|faint|p2a: Ferrothorn
|
|upkeep
|c|☆kiss the sun|run physical fero bro
|inactive|JoeyOwesMeMoney has 120 seconds left.
|inactive|JoeyOwesMeMoney has 90 seconds left.
|inactive|JoeyOwesMeMoney has 60 seconds left.
|j| Gayskeletor
|inactive|JoeyOwesMeMoney has 30 seconds left.
|inactive|JoeyOwesMeMoney has 20 seconds left.
|inactive|JoeyOwesMeMoney has 15 seconds left.
|inactive|JoeyOwesMeMoney has 10 seconds left.
|inactive|JoeyOwesMeMoney has 5 seconds left.
|-message|JoeyOwesMeMoney lost due to inactivity.
|
|win|kiss the sun
|raw|kiss the sun's rating: 1728 &rarr; <strong>1750</strong><br />(+22 for winning)
|raw|JoeyOwesMeMoney's rating: 1765 &rarr; <strong>1743</strong><br />(-22 for losing)
