|j|☆Zerotti
|j|☆TheonReekGreyjoy
|t:|1632384843
|gametype|singles
|player|p1|Zerotti|gladion-stance|1757
|player|p2|TheonReekGreyjoy|7|1777
|teamsize|p1|6
|teamsize|p2|6
|gen|8
|tier|[Gen 8] OU
|rated|
|rule|Sleep Clause Mod: Limit one foe put to sleep
|rule|Species Clause: Limit one of each Pokémon
|rule|OHKO Clause: OHKO moves are banned
|rule|Evasion Moves Clause: Evasion moves are banned
|rule|Endless Battle Clause: Forcing endless battles is banned
|rule|HP Percentage Mod: HP is shown in percentages
|rule|Dynamax Clause: You cannot dynamax
|clearpoke
|poke|p1|Kartana|
|poke|p1|Tapu Fini|
|poke|p1|Mamoswine, M|
|poke|p1|Dragonite, M|
|poke|p1|Magnezone|
|poke|p1|Heatran, M|
|poke|p2|Weavile, F|
|poke|p2|Dragapult, M|
|poke|p2|Kyurem|
|poke|p2|Hawlucha, M|
|poke|p2|Tapu Koko|
|poke|p2|Mew|
|teampreview
|j| yolo gamer xd
|j| supahotnicememe
|
|t:|1632384870
|start
|switch|p1a: Mamoswine|Mamoswine, M|100/100
|switch|p2a: Mew|Mew|100/100
|turn|1
|j| reys_13
|
|t:|1632384875
|move|p2a: Mew|Cosmic Power|p2a: Mew
|-boost|p2a: Mew|def|1
|-boost|p2a: Mew|spd|1
|move|p1a: Mamoswine|Earthquake|p2a: Mew
|-damage|p2a: Mew|59/100
|-damage|p1a: Mamoswine|91/100|[from] item: Life Orb
|
|-heal|p2a: Mew|65/100|[from] item: Leftovers
|upkeep
|turn|2
|j| Egg 4 Lunch
|
|t:|1632384884
|switch|p1a: Heatran|Heatran, M|100/100
|move|p2a: Mew|Cosmic Power|p2a: Mew
|-boost|p2a: Mew|def|1
|-boost|p2a: Mew|spd|1
|
|-heal|p2a: Mew|71/100|[from] item: Leftovers
|upkeep
|turn|3
|
|t:|1632384887
|move|p2a: Mew|Taunt|p1a: Heatran
|-start|p1a: Heatran|move: Taunt
|move|p1a: Heatran|Magma Storm|p2a: Mew
|-damage|p2a: Mew|54/100
|-activate|p2a: Mew|move: Magma Storm|[of] p1a: Heatran
|
|-heal|p2a: Mew|60/100|[from] item: Leftovers
|-damage|p2a: Mew|48/100|[from] move: Magma Storm|[partiallytrapped]
|upkeep
|turn|4
|
|t:|1632384894
|move|p2a: Mew|Soft-Boiled|p2a: Mew
|-heal|p2a: Mew|98/100
|move|p1a: Heatran|Earth Power|p2a: Mew
|-damage|p2a: Mew|86/100
|
|-heal|p2a: Mew|92/100|[from] item: Leftovers
|-damage|p2a: Mew|80/100|[from] move: Magma Storm|[partiallytrapped]
|upkeep
|turn|5
|
|t:|1632384901
|move|p2a: Mew|Cosmic Power|p2a: Mew
|-boost|p2a: Mew|def|1
|-boost|p2a: Mew|spd|1
|move|p1a: Heatran|Earth Power|p2a: Mew
|-damage|p2a: Mew|71/100
|
|-heal|p2a: Mew|77/100|[from] item: Leftovers
|-damage|p2a: Mew|65/100|[from] move: Magma Storm|[partiallytrapped]
|-end|p1a: Heatran|move: Taunt
|upkeep
|turn|6
|
|t:|1632384906
|move|p2a: Mew|Taunt|p1a: Heatran
|-start|p1a: Heatran|move: Taunt
|cant|p1a: Heatran|move: Taunt|Stealth Rock
|
|-heal|p2a: Mew|71/100|[from] item: Leftovers
|-damage|p2a: Mew|59/100|[from] move: Magma Storm|[partiallytrapped]
|upkeep
|turn|7
|
|t:|1632384913
|move|p2a: Mew|Soft-Boiled|p2a: Mew
|-heal|p2a: Mew|100/100
|move|p1a: Heatran|Earth Power|p2a: Mew
|-damage|p2a: Mew|92/100
|
|-heal|p2a: Mew|99/100|[from] item: Leftovers
|-damage|p2a: Mew|86/100|[from] move: Magma Storm|[partiallytrapped]
|upkeep
|turn|8
|
|t:|1632384936
|move|p2a: Mew|Cosmic Power|p2a: Mew
|-boost|p2a: Mew|def|1
|-boost|p2a: Mew|spd|1
|move|p1a: Heatran|Earth Power|p2a: Mew
|-damage|p2a: Mew|78/100
|
|-heal|p2a: Mew|85/100|[from] item: Leftovers
|-end|p2a: Mew|Magma Storm|[partiallytrapped]
|-end|p1a: Heatran|move: Taunt
|upkeep
|turn|9
|
|t:|1632384945
|move|p2a: Mew|Taunt|p1a: Heatran
|-start|p1a: Heatran|move: Taunt
|move|p1a: Heatran|Magma Storm|p2a: Mew
|-damage|p2a: Mew|72/100
|-activate|p2a: Mew|move: Magma Storm|[of] p1a: Heatran
|
|-heal|p2a: Mew|79/100|[from] item: Leftovers
|-damage|p2a: Mew|66/100|[from] move: Magma Storm|[partiallytrapped]
|upkeep
|turn|10
|
|t:|1632384952
|move|p2a: Mew|Soft-Boiled|p2a: Mew
|-heal|p2a: Mew|100/100
|move|p1a: Heatran|Earth Power|p2a: Mew
|-damage|p2a: Mew|93/100
|
|-heal|p2a: Mew|99/100|[from] item: Leftovers
|-damage|p2a: Mew|87/100|[from] move: Magma Storm|[partiallytrapped]
|upkeep
|turn|11
|j| TheGreekGayJoy
|
|t:|1632385036
|move|p2a: Mew|Cosmic Power|p2a: Mew
|-boost|p2a: Mew|def|1
|-boost|p2a: Mew|spd|1
|move|p1a: Heatran|Earth Power|p2a: Mew
|-damage|p2a: Mew|80/100
|
|-heal|p2a: Mew|86/100|[from] item: Leftovers
|-damage|p2a: Mew|74/100|[from] move: Magma Storm|[partiallytrapped]
|-end|p1a: Heatran|move: Taunt
|upkeep
|turn|12
|
|t:|1632385043
|move|p2a: Mew|Taunt|p1a: Heatran
|-start|p1a: Heatran|move: Taunt
|move|p1a: Heatran|Earth Power|p2a: Mew
|-damage|p2a: Mew|67/100
|
|-heal|p2a: Mew|74/100|[from] item: Leftovers
|-damage|p2a: Mew|61/100|[from] move: Magma Storm|[partiallytrapped]
|upkeep
|turn|13
|-message|Zerotti forfeited.
|
|win|TheonReekGreyjoy
|raw|Zerotti's rating: 1757 &rarr; <strong>1738</strong><br />(-19 for losing)
|raw|TheonReekGreyjoy's rating: 1777 &rarr; <strong>1796</strong><br />(+19 for winning)
|l|☆Zerotti
|j|☆Zerotti
|player|p1|Zerotti|gladion-stance
