|j|☆Briendo
|j|☆misplayin
|t:|1661503231
|gametype|singles
|player|p1|Briendo|bruno|1603
|player|p2|misplayin|bugsy|1614
|teamsize|p1|6
|teamsize|p2|6
|gen|8
|tier|[Gen 8] OU
|rated|
|rule|Sleep Clause Mod: Limit one foe put to sleep
|rule|Species Clause: Limit one of each Pokémon
|rule|OHKO Clause: OHKO moves are banned
|rule|Evasion Items Clause: Evasion items are banned
|rule|Evasion Moves Clause: Evasion moves are banned
|rule|Endless Battle Clause: Forcing endless battles is banned
|rule|HP Percentage Mod: HP is shown in percentages
|rule|Dynamax Clause: You cannot dynamax
|clearpoke
|poke|p1|Conkeldurr, M|
|poke|p1|Dragalge, F|
|poke|p1|Bronzong|
|poke|p1|Porygon2|
|poke|p1|Cresselia, F|
|poke|p1|Cursola, F|
|poke|p2|Azumarill, F|
|poke|p2|Gengar, M|
|poke|p2|Garchomp, F|
|poke|p2|Tornadus-Therian, M|
|poke|p2|Landorus-Therian, M|
|poke|p2|Buzzwole|
|teampreview
|inactive|Battle timer is ON: inactive players will automatically lose when time's up. (requested by misplayin)
|inactive|misplayin has 120 seconds left.
|
|t:|1661503265
|start
|switch|p1a: Bronzong|Bronzong|100/100
|switch|p2a: Garchomp|Garchomp, F|100/100
|turn|1
|
|t:|1661503271
|move|p2a: Garchomp|Stealth Rock|p1a: Bronzong
|-sidestart|p1: Briendo|move: Stealth Rock
|move|p1a: Bronzong|Stealth Rock|p2a: Garchomp
|-sidestart|p2: misplayin|move: Stealth Rock
|
|upkeep
|turn|2
|
|t:|1661503275
|move|p2a: Garchomp|Protect|p2a: Garchomp
|-singleturn|p2a: Garchomp|Protect
|move|p1a: Bronzong|Trick Room|p1a: Bronzong
|-fieldstart|move: Trick Room|[of] p1a: Bronzong
|
|upkeep
|turn|3
|
|t:|1661503281
|switch|p2a: Landorus|Landorus-Therian, M|100/100
|-damage|p2a: Landorus|88/100|[from] Stealth Rock
|-ability|p2a: Landorus|Intimidate|boost
|-unboost|p1a: Bronzong|atk|1
|move|p1a: Bronzong|Explosion|p2a: Landorus
|-damage|p2a: Landorus|57/100
|faint|p1a: Bronzong
|
|-heal|p2a: Landorus|63/100|[from] item: Leftovers
|upkeep
|
|t:|1661503291
|switch|p1a: Cursola|Cursola, F|100/100
|-damage|p1a: Cursola|88/100|[from] Stealth Rock
|turn|4
|
|t:|1661503299
|move|p1a: Cursola|Ice Beam|p2a: Landorus
|-supereffective|p2a: Landorus
|-damage|p2a: Landorus|0 fnt
|faint|p2a: Landorus
|
|upkeep
|
|t:|1661503301
|switch|p2a: Tornadus|Tornadus-Therian, M|100/100
|-damage|p2a: Tornadus|76/100|[from] Stealth Rock
|turn|5
|
|t:|1661503307
|move|p1a: Cursola|Meteor Beam||[still]
|-prepare|p1a: Cursola|Meteor Beam
|-boost|p1a: Cursola|spa|1
|-enditem|p1a: Cursola|Power Herb
|-anim|p1a: Cursola|Meteor Beam|p2a: Tornadus
|-supereffective|p2a: Tornadus
|-damage|p2a: Tornadus|0 fnt
|faint|p2a: Tornadus
|
|upkeep
|
|t:|1661503310
|switch|p2a: Garchomp|Garchomp, F|100/100
|-damage|p2a: Garchomp|94/100|[from] Stealth Rock
|turn|6
|
|t:|1661503314
|move|p1a: Cursola|Ice Beam|p2a: Garchomp
|-supereffective|p2a: Garchomp
|-damage|p2a: Garchomp|0 fnt
|faint|p2a: Garchomp
|
|-fieldend|move: Trick Room
|upkeep
|
|t:|1661503317
|switch|p2a: Gengar|Gengar, M|100/100
|-damage|p2a: Gengar|88/100|[from] Stealth Rock
|turn|7
|
|t:|1661503327
|switch|p1a: Porygon2|Porygon2|100/100
|-damage|p1a: Porygon2|88/100|[from] Stealth Rock
|-ability|p1a: Porygon2|Cursed Body|[from] ability: Trace|[of] p2a: Gengar
|move|p2a: Gengar|Nasty Plot|p2a: Gengar
|-boost|p2a: Gengar|spa|2
|
|upkeep
|turn|8
|
|t:|1661503331
|move|p2a: Gengar|Focus Blast|p1a: Porygon2
|-supereffective|p1a: Porygon2
|-damage|p1a: Porygon2|0 fnt
|-start|p2a: Gengar|Disable|Focus Blast|[from] ability: Cursed Body|[of] p1a: Porygon2
|faint|p1a: Porygon2
|-damage|p2a: Gengar|78/100|[from] item: Life Orb
|
|upkeep
|
|t:|1661503346
|switch|p1a: Cresselia|Cresselia, F|100/100
|-damage|p1a: Cresselia|88/100|[from] Stealth Rock
|turn|9
|
|t:|1661503349
|move|p2a: Gengar|Shadow Ball|p1a: Cresselia
|-supereffective|p1a: Cresselia
|-damage|p1a: Cresselia|0 fnt
|faint|p1a: Cresselia
|-damage|p2a: Gengar|68/100|[from] item: Life Orb
|
|upkeep
|
|t:|1661503358
|switch|p1a: Dragalge|Dragalge, F|100/100
|-damage|p1a: Dragalge|88/100|[from] Stealth Rock
|turn|10
|
|t:|1661503362
|move|p2a: Gengar|Shadow Ball|p1a: Dragalge
|-damage|p1a: Dragalge|0 fnt
|faint|p1a: Dragalge
|-damage|p2a: Gengar|58/100|[from] item: Life Orb
|
|upkeep
|-message|Briendo forfeited.
|
|win|misplayin
|raw|Briendo's rating: 1603 &rarr; <strong>1584</strong><br />(-19 for losing)
|raw|misplayin's rating: 1614 &rarr; <strong>1633</strong><br />(+19 for winning)
|l|☆Briendo
