|j|☆bhahn
|j|☆Rheinmetal
|t:|1608355011
|player|p1|bhahn|wallace-gen3|1561
|player|p2|Rheinmetal|cynthia|1554
|teamsize|p1|6
|teamsize|p2|6
|gametype|singles
|gen|8
|tier|[Gen 8] OU
|rated|
|clearpoke
|poke|p1|Urshifu-*, F|
|poke|p1|Rillaboom, M|
|poke|p1|Zapdos|
|poke|p1|Nidoking, M|
|poke|p1|Blissey, F|
|poke|p1|Cinderace, M|
|poke|p2|Latios, M|
|poke|p2|Heatran, M|
|poke|p2|Urshifu-*, F|
|poke|p2|Tapu Fini|
|poke|p2|Hippowdon, M|
|poke|p2|Mandibuzz, F|
|rule|Sleep Clause Mod: Limit one foe put to sleep
|rule|Species Clause: Limit one of each Pokémon
|rule|OHKO Clause: OHKO moves are banned
|rule|Evasion Moves Clause: Evasion moves are banned
|rule|Endless Battle Clause: Forcing endless battles is banned
|rule|HP Percentage Mod: HP is shown in percentages
|rule|Dynamax Clause: You cannot dynamax
|teampreview
|inactive|Battle timer is ON: inactive players will automatically lose when time's up. (requested by bhahn)
|inactive|Rheinmetal also wants the timer to be on.
|j| Vessev
|
|t:|1608355019
|start
|switch|p1a: Urshifu|Urshifu, F|100/100
|switch|p2a: Tapu Fini|Tapu Fini|100/100
|-fieldstart|move: Misty Terrain|[from] ability: Misty Surge|[of] p2a: Tapu Fini
|turn|1
|
|t:|1608355024
|switch|p1a: Blissey|Blissey, F|100/100
|move|p2a: Tapu Fini|Moonblast|p1a: Blissey
|-damage|p1a: Blissey|85/100
|-unboost|p1a: Blissey|spa|1
|
|upkeep
|turn|2
|
|t:|1608355029
|switch|p2a: Urshifu|Urshifu, F|100/100
|move|p1a: Blissey|Teleport|p1a: Blissey
|
|t:|1608355036
|switch|p1a: Cinderace|Cinderace, M|100/100|[from]move: Teleport
|
|upkeep
|turn|3
|
|t:|1608355041
|switch|p2a: Hippowdon|Hippowdon, M|100/100
|-weather|Sandstorm|[from] ability: Sand Stream|[of] p2a: Hippowdon
|move|p1a: Cinderace|High Jump Kick|p2a: Hippowdon
|-start|p1a: Cinderace|typechange|Fighting|[from] ability: Libero
|-damage|p2a: Hippowdon|61/100
|
|-weather|Sandstorm|[upkeep]
|-damage|p1a: Cinderace|95/100|[from] Sandstorm
|-heal|p2a: Hippowdon|67/100|[from] item: Leftovers
|upkeep
|turn|4
|
|t:|1608355045
|move|p1a: Cinderace|Bulk Up|p1a: Cinderace
|-boost|p1a: Cinderace|atk|1
|-boost|p1a: Cinderace|def|1
|move|p2a: Hippowdon|Slack Off|p2a: Hippowdon
|-heal|p2a: Hippowdon|100/100
|
|-weather|Sandstorm|[upkeep]
|-damage|p1a: Cinderace|89/100|[from] Sandstorm
|upkeep
|turn|5
|
|t:|1608355053
|move|p1a: Cinderace|Bulk Up|p1a: Cinderace
|-boost|p1a: Cinderace|atk|1
|-boost|p1a: Cinderace|def|1
|move|p2a: Hippowdon|Earthquake|p1a: Cinderace
|-damage|p1a: Cinderace|60/100
|
|-weather|Sandstorm|[upkeep]
|-damage|p1a: Cinderace|54/100|[from] Sandstorm
|-fieldend|Misty Terrain
|upkeep
|turn|6
|
|t:|1608355056
|move|p1a: Cinderace|High Jump Kick|p2a: Hippowdon|[miss]
|-miss|p1a: Cinderace|p2a: Hippowdon
|-damage|p1a: Cinderace|4/100|[from] highjumpkick
|move|p2a: Hippowdon|Toxic|p1a: Cinderace|[miss]
|-miss|p2a: Hippowdon|p1a: Cinderace
|
|-weather|Sandstorm|[upkeep]
|-damage|p1a: Cinderace|0 fnt|[from] Sandstorm
|faint|p1a: Cinderace
|upkeep
|
|t:|1608355068
|switch|p1a: Rillaboom|Rillaboom, M|100/100
|-fieldstart|move: Grassy Terrain|[from] ability: Grassy Surge|[of] p1a: Rillaboom
|turn|7
|
|t:|1608355072
|switch|p2a: Mandibuzz|Mandibuzz, F|100/100
|move|p1a: Rillaboom|U-turn|p2a: Mandibuzz
|-damage|p2a: Mandibuzz|71/100
|
|t:|1608355075
|switch|p1a: Nidoking|Nidoking, M|100/100|[from]move: U-turn
|
|-weather|none
|upkeep
|turn|8
|
|t:|1608355081
|switch|p2a: Heatran|Heatran, M|100/100
|move|p1a: Nidoking|Ice Beam|p2a: Heatran
|-resisted|p2a: Heatran
|-damage|p2a: Heatran|91/100
|
|-heal|p2a: Heatran|97/100|[from] Grassy Terrain
|upkeep
|turn|9
|
|t:|1608355086
|move|p2a: Heatran|Eruption|p1a: Nidoking
|-damage|p1a: Nidoking|0 fnt
|faint|p1a: Nidoking
|
|-heal|p2a: Heatran|100/100|[from] Grassy Terrain
|upkeep
|-message|bhahn forfeited.
|
|win|Rheinmetal
|l|☆bhahn
|l|☆Rheinmetal
|raw|bhahn's rating: 1561 &rarr; <strong>1541</strong><br />(-20 for losing)
|raw|Rheinmetal's rating: 1554 &rarr; <strong>1574</strong><br />(+20 for winning)
