|raw|<div class="broadcast-blue"><strong>This battle is required to be public due to a player having a name starting with 'lt94je'.</div>
|j|☆LT94JE Bara M
|j|☆Plasmeek
|t:|1661129277
|gametype|singles
|player|p1|LT94JE Bara M|hilda|1807
|player|p2|Plasmeek|170|1826
|teamsize|p1|6
|teamsize|p2|6
|gen|8
|tier|[Gen 8] OU
|rated|
|rule|Sleep Clause Mod: Limit one foe put to sleep
|rule|Species Clause: Limit one of each Pokémon
|rule|OHKO Clause: OHKO moves are banned
|rule|Evasion Items Clause: Evasion items are banned
|rule|Evasion Moves Clause: Evasion moves are banned
|rule|Endless Battle Clause: Forcing endless battles is banned
|rule|HP Percentage Mod: HP is shown in percentages
|rule|Dynamax Clause: You cannot dynamax
|clearpoke
|poke|p1|Shuckle, F|
|poke|p1|Latios, M|
|poke|p1|Urshifu-*, M|
|poke|p1|Kartana|
|poke|p1|Dragonite, F|
|poke|p1|Bisharp, F|
|poke|p2|Victini|
|poke|p2|Zapdos|
|poke|p2|Tapu Fini|
|poke|p2|Ferrothorn, M|
|poke|p2|Dragapult, F|
|poke|p2|Landorus-Therian, M|
|teampreview
|j| haxngg
|
|t:|1661129292
|start
|switch|p1a: Latios|Latios, M|100/100
|switch|p2a: Tapu Fini|Tapu Fini|100/100
|-fieldstart|move: Misty Terrain|[from] ability: Misty Surge|[of] p2a: Tapu Fini
|turn|1
|inactive|Battle timer is ON: inactive players will automatically lose when time's up. (requested by LT94JE Bara M)
|j| Quagshi
|
|t:|1661129297
|move|p2a: Tapu Fini|Moonblast|p1a: Latios
|-supereffective|p1a: Latios
|-damage|p1a: Latios|46/100
|-enditem|p1a: Latios|Weakness Policy
|-boost|p1a: Latios|atk|2|[from] item: Weakness Policy
|-boost|p1a: Latios|spa|2|[from] item: Weakness Policy
|move|p1a: Latios|Calm Mind|p1a: Latios
|-boost|p1a: Latios|spa|1
|-boost|p1a: Latios|spd|1
|
|upkeep
|turn|2
|j| BeastBraedon123
|j| tapu moxo
|l| tapu moxo
|inactive|Plasmeek has 120 seconds left.
|j| Drunkensailer
|
|t:|1661129343
|move|p2a: Tapu Fini|Moonblast|p1a: Latios
|-supereffective|p1a: Latios
|-crit|p1a: Latios
|-damage|p1a: Latios|0 fnt
|faint|p1a: Latios
|
|upkeep
|
|t:|1661129351
|switch|p1a: Shuckle|Shuckle, F|100/100
|turn|3
|j| lt94je polt
|
|t:|1661129358
|switch|p2a: Landorus|Landorus-Therian, M|100/100
|-ability|p2a: Landorus|Intimidate|boost
|-unboost|p1a: Shuckle|atk|1
|move|p1a: Shuckle|Sticky Web|p2a: Landorus
|-sidestart|p2: Plasmeek|move: Sticky Web
|
|upkeep
|turn|4
|j| supermikimiki
|
|t:|1661129361
|move|p2a: Landorus|U-turn|p1a: Shuckle
|-damage|p1a: Shuckle|89/100
|
|t:|1661129363
|switch|p2a: Tapu Fini|Tapu Fini|100/100|[from]move: U-turn
|-activate|p2a: Tapu Fini|move: Sticky Web
|-unboost|p2a: Tapu Fini|spe|1
|move|p1a: Shuckle|Toxic|p2a: Tapu Fini
|-activate|p2a: Tapu Fini|move: Misty Terrain
|
|upkeep
|turn|5
|
|t:|1661129368
|move|p2a: Tapu Fini|Trick|p1a: Shuckle
|-activate|p2a: Tapu Fini|move: Trick|[of] p1a: Shuckle
|-item|p1a: Shuckle|Choice Scarf|[from] move: Trick
|-item|p2a: Tapu Fini|Custap Berry|[from] move: Trick
|move|p1a: Shuckle|Stealth Rock|p2a: Tapu Fini
|-sidestart|p2: Plasmeek|move: Stealth Rock
|
|-fieldend|Misty Terrain
|upkeep
|turn|6
|j| Kirinriki
|
|t:|1661129374
|switch|p1a: Bisharp|Bisharp, F|100/100
|move|p2a: Tapu Fini|Defog|p1a: Bisharp
|-unboost|p1a: Bisharp|evasion|1
|-ability|p1a: Bisharp|Defiant
|-boost|p1a: Bisharp|atk|2
|-sideend|p2: Plasmeek|Stealth Rock|[from] move: Defog|[of] p2a: Tapu Fini
|-sideend|p2: Plasmeek|Sticky Web|[from] move: Defog|[of] p2a: Tapu Fini
|
|upkeep
|turn|7
|j| leona misa
|l| Kirinriki
|j| jefo
|
|t:|1661129387
|switch|p2a: Ferrothorn|Ferrothorn, M|100/100
|move|p1a: Bisharp|Knock Off|p2a: Ferrothorn
|-damage|p2a: Ferrothorn|5/100
|-damage|p1a: Bisharp|88/100|[from] ability: Iron Barbs|[of] p2a: Ferrothorn
|-enditem|p2a: Ferrothorn|Leftovers|[from] move: Knock Off|[of] p1a: Bisharp
|-damage|p1a: Bisharp|79/100|[from] item: Life Orb
|
|upkeep
|turn|8
|
|t:|1661129390
|move|p1a: Bisharp|Knock Off|p2a: Ferrothorn
|-damage|p2a: Ferrothorn|0 fnt
|-damage|p1a: Bisharp|66/100|[from] ability: Iron Barbs|[of] p2a: Ferrothorn
|faint|p2a: Ferrothorn
|-damage|p1a: Bisharp|57/100|[from] item: Life Orb
|
|upkeep
|j| seer boy
|j| Sigma2048
|
|t:|1661129395
|switch|p2a: Tapu Fini|Tapu Fini|100/100
|-fieldstart|move: Misty Terrain|[from] ability: Misty Surge|[of] p2a: Tapu Fini
|turn|9
|
|t:|1661129402
|switch|p1a: Shuckle|Shuckle, F|89/100
|move|p2a: Tapu Fini|Moonblast|p1a: Shuckle
|-damage|p1a: Shuckle|66/100
|-unboost|p1a: Shuckle|spa|1
|
|upkeep
|turn|10
|l| BeastBraedon123
|j| AlIoutdragadarts
|
|t:|1661129409
|move|p2a: Tapu Fini|Scald|p1a: Shuckle
|-supereffective|p1a: Shuckle
|-damage|p1a: Shuckle|27/100
|move|p1a: Shuckle|Sticky Web|p2a: Tapu Fini
|-sidestart|p2: Plasmeek|move: Sticky Web
|
|upkeep
|turn|11
|
|t:|1661129412
|move|p2a: Tapu Fini|Defog|p1a: Shuckle
|-unboost|p1a: Shuckle|evasion|1
|-sideend|p2: Plasmeek|Sticky Web|[from] move: Defog|[of] p2a: Tapu Fini
|-fieldend|Misty Terrain
|move|p1a: Shuckle|Sticky Web|p2a: Tapu Fini
|-sidestart|p2: Plasmeek|move: Sticky Web
|
|upkeep
|turn|12
|
|t:|1661129422
|move|p2a: Tapu Fini|Defog|p1a: Shuckle
|-unboost|p1a: Shuckle|evasion|1
|-sideend|p2: Plasmeek|Sticky Web|[from] move: Defog|[of] p2a: Tapu Fini
|move|p1a: Shuckle|Sticky Web|p2a: Tapu Fini
|-sidestart|p2: Plasmeek|move: Sticky Web
|
|upkeep
|turn|13
|
|t:|1661129425
|move|p2a: Tapu Fini|Defog|p1a: Shuckle
|-unboost|p1a: Shuckle|evasion|1
|-sideend|p2: Plasmeek|Sticky Web|[from] move: Defog|[of] p2a: Tapu Fini
|move|p1a: Shuckle|Sticky Web|p2a: Tapu Fini
|-sidestart|p2: Plasmeek|move: Sticky Web
|
|upkeep
|turn|14
|
|t:|1661129431
|switch|p2a: Landorus|Landorus-Therian, M|100/100
|-ability|p2a: Landorus|Intimidate|boost
|-unboost|p1a: Shuckle|atk|1
|move|p1a: Shuckle|Sticky Web||[still]
|-fail|p1a: Shuckle
|
|upkeep
|turn|15
|j| LT94JE Tace
|
|t:|1661129437
|switch|p1a: Urshifu|Urshifu-Rapid-Strike, M|100/100
|move|p2a: Landorus|U-turn|p1a: Urshifu
|-resisted|p1a: Urshifu
|-damage|p1a: Urshifu|90/100
|
|t:|1661129440
|switch|p2a: Tapu Fini|Tapu Fini|100/100|[from]move: U-turn
|-activate|p2a: Tapu Fini|move: Sticky Web
|-unboost|p2a: Tapu Fini|spe|1
|-fieldstart|move: Misty Terrain|[from] ability: Misty Surge|[of] p2a: Tapu Fini
|
|upkeep
|turn|16
|l| Quagshi
|
|t:|1661129449
|switch|p1a: Bisharp|Bisharp, F|57/100
|move|p2a: Tapu Fini|Moonblast|p1a: Bisharp
|-damage|p1a: Bisharp|4/100
|
|upkeep
|turn|17
|
|t:|1661129456
|move|p1a: Bisharp|Iron Head|p2a: Tapu Fini
|-damage|p2a: Tapu Fini|53/100
|-damage|p1a: Bisharp|0 fnt|[from] item: Life Orb
|faint|p1a: Bisharp
|cant|p2a: Tapu Fini|flinch
|
|upkeep
|
|t:|1661129457
|switch|p1a: Kartana|Kartana|100/100
|turn|18
|
|t:|1661129459
|switch|p2a: Zapdos|Zapdos|100/100
|move|p1a: Kartana|Swords Dance|p1a: Kartana
|-boost|p1a: Kartana|atk|2
|
|upkeep
|turn|19
|
|t:|1661129464
|move|p1a: Kartana|Knock Off|p2a: Zapdos
|-damage|p2a: Zapdos|8/100
|-enditem|p2a: Zapdos|Heavy-Duty Boots|[from] move: Knock Off|[of] p1a: Kartana
|move|p2a: Zapdos|Hurricane|p1a: Kartana
|-enditem|p1a: Kartana|Focus Sash
|-damage|p1a: Kartana|1/100
|
|-fieldend|Misty Terrain
|upkeep
|turn|20
|j| MANNAT
|
|t:|1661129477
|move|p1a: Kartana|Knock Off|p2a: Zapdos
|-damage|p2a: Zapdos|0 fnt
|faint|p2a: Zapdos
|-ability|p1a: Kartana|Beast Boost|boost
|-boost|p1a: Kartana|atk|1
|
|upkeep
|
|t:|1661129483
|switch|p2a: Landorus|Landorus-Therian, M|100/100
|-ability|p2a: Landorus|Intimidate|boost
|-unboost|p1a: Kartana|atk|1
|turn|21
|
|t:|1661129487
|switch|p2a: Victini|Victini|100/100
|move|p1a: Kartana|Leaf Blade|p2a: Victini
|-resisted|p2a: Victini
|-damage|p2a: Victini|38/100
|
|upkeep
|turn|22
|
|t:|1661129492
|move|p1a: Kartana|Leaf Blade|p2a: Victini
|-resisted|p2a: Victini
|-damage|p2a: Victini|0 fnt
|faint|p2a: Victini
|-ability|p1a: Kartana|Beast Boost|boost
|-boost|p1a: Kartana|atk|1
|
|upkeep
|
|t:|1661129494
|switch|p2a: Landorus|Landorus-Therian, M|100/100
|-ability|p2a: Landorus|Intimidate|boost
|-unboost|p1a: Kartana|atk|1
|turn|23
|
|t:|1661129495
|move|p1a: Kartana|Leaf Blade|p2a: Landorus
|-damage|p2a: Landorus|0 fnt
|faint|p2a: Landorus
|-ability|p1a: Kartana|Beast Boost|boost
|-boost|p1a: Kartana|atk|1
|
|upkeep
|-message|Plasmeek forfeited.
|
|win|LT94JE Bara M
|raw|LT94JE Bara M's rating: 1807 &rarr; <strong>1828</strong><br />(+21 for winning)
|raw|Plasmeek's rating: 1826 &rarr; <strong>1805</strong><br />(-21 for losing)
|l|☆Plasmeek
|l| LT94JE Tace
|l| supermikimiki
