|j|‽Hayburner
|j|☆Groundt
|player|p1|Hayburner|266|1891
|player|p2|Groundt|winona|1701
|teamsize|p1|6
|teamsize|p2|6
|gametype|singles
|gen|8
|tier|[Gen 8] OU
|rated|
|clearpoke
|poke|p1|Kyurem|
|poke|p1|Zeraora|
|poke|p1|Clefable, F|
|poke|p1|Corviknight, F|
|poke|p1|Kommo-o, M|
|poke|p1|Aegislash, M|
|poke|p2|Cloyster, M|
|poke|p2|Hatterene, F|
|poke|p2|Conkeldurr, M|
|poke|p2|Torkoal, M|
|poke|p2|Bronzong|
|poke|p2|Gardevoir, M|
|rule|Sleep Clause Mod: Limit one foe put to sleep
|rule|Species Clause: Limit one of each Pokémon
|rule|OHKO Clause: OHKO moves are banned
|rule|Evasion Moves Clause: Evasion moves are banned
|rule|Endless Battle Clause: Forcing endless battles is banned
|rule|HP Percentage Mod: HP is shown in percentages
|rule|Dynamax Clause: You cannot dynamax
|teampreview
|
|start
|switch|p1a: Kyurem|Kyurem|100/100
|switch|p2a: Bronzong|Bronzong|100/100
|-ability|p1a: Kyurem|Pressure
|turn|1
|
|switch|p1a: Corviknight|Corviknight, F|100/100
|-ability|p1a: Corviknight|Pressure
|move|p2a: Bronzong|Stealth Rock|p1a: Corviknight
|-sidestart|p1: Hayburner|move: Stealth Rock
|
|upkeep
|turn|2
|
|move|p1a: Corviknight|Defog|p2a: Bronzong
|-unboost|p2a: Bronzong|evasion|1
|-sideend|p1: Hayburner|Stealth Rock|[from] move: Defog|[of] p1a: Corviknight
|move|p2a: Bronzong|Trick Room|p2a: Bronzong
|-fieldstart|move: Trick Room|[of] p2a: Bronzong
|
|upkeep
|turn|3
|j| x555
|
|move|p2a: Bronzong|Stealth Rock|p1a: Corviknight
|-sidestart|p1: Hayburner|move: Stealth Rock
|move|p1a: Corviknight|Defog|p2a: Bronzong
|-unboost|p2a: Bronzong|evasion|1
|-sideend|p1: Hayburner|Stealth Rock|[from] move: Defog|[of] p1a: Corviknight
|
|upkeep
|turn|4
|j| Lucky Noob No Mom
|
|move|p2a: Bronzong|Stealth Rock|p1a: Corviknight
|-sidestart|p1: Hayburner|move: Stealth Rock
|move|p1a: Corviknight|U-turn|p2a: Bronzong
|-damage|p2a: Bronzong|88/100
|
|switch|p1a: Clefable|Clefable, F|100/100|[from]move: U-turn
|
|upkeep
|turn|5
|
|switch|p1a: Corviknight|Corviknight, F|100/100
|-damage|p1a: Corviknight|88/100|[from] Stealth Rock
|-ability|p1a: Corviknight|Pressure
|move|p2a: Bronzong|Steel Beam|p1a: Corviknight
|-resisted|p1a: Corviknight
|-damage|p1a: Corviknight|64/100
|-damage|p2a: Bronzong|38/100|[from] mindblown
|
|-heal|p1a: Corviknight|70/100|[from] item: Leftovers
|upkeep
|turn|6
|
|move|p1a: Corviknight|Roost|p1a: Corviknight
|-heal|p1a: Corviknight|100/100
|-singleturn|p1a: Corviknight|move: Roost
|move|p2a: Bronzong|Trick Room|p2a: Bronzong
|-fieldend|move: Trick Room
|
|upkeep
|turn|7
|j| burgerCute
|
|move|p1a: Corviknight|Defog|p2a: Bronzong
|-unboost|p2a: Bronzong|evasion|1
|-sideend|p1: Hayburner|Stealth Rock|[from] move: Defog|[of] p1a: Corviknight
|move|p2a: Bronzong|Trick Room|p2a: Bronzong
|-fieldstart|move: Trick Room|[of] p2a: Bronzong
|
|upkeep
|turn|8
|
|switch|p2a: Torkoal|Torkoal, M|100/100
|-weather|SunnyDay|[from] ability: Drought|[of] p2a: Torkoal
|move|p1a: Corviknight|Defog|p2a: Torkoal
|-unboost|p2a: Torkoal|evasion|1
|
|-weather|SunnyDay|[upkeep]
|upkeep
|turn|9
|
|switch|p1a: Kommo-o|Kommo-o, M|100/100
|move|p2a: Torkoal|Eruption|p1a: Kommo-o
|-resisted|p1a: Kommo-o
|-damage|p1a: Kommo-o|36/100
|
|-weather|SunnyDay|[upkeep]
|-heal|p1a: Kommo-o|42/100|[from] item: Leftovers
|upkeep
|turn|10
|j| myjava
|j| Alezzz499
|
|move|p2a: Torkoal|Eruption|p1a: Kommo-o
|-resisted|p1a: Kommo-o
|-damage|p1a: Kommo-o|0 fnt
|faint|p1a: Kommo-o
|
|-weather|SunnyDay|[upkeep]
|upkeep
|
|switch|p1a: Clefable|Clefable, F|100/100
|turn|11
|
|move|p2a: Torkoal|Eruption|p1a: Clefable
|-damage|p1a: Clefable|8/100
|move|p1a: Clefable|Moonblast|p2a: Torkoal
|-resisted|p2a: Torkoal
|-damage|p2a: Torkoal|79/100
|-unboost|p2a: Torkoal|spa|1
|
|-weather|SunnyDay|[upkeep]
|-heal|p1a: Clefable|14/100|[from] item: Leftovers
|-fieldend|move: Trick Room
|upkeep
|turn|12
|
|switch|p2a: Bronzong|Bronzong|38/100
|move|p1a: Clefable|Soft-Boiled|p1a: Clefable
|-heal|p1a: Clefable|64/100
|
|-weather|none
|-heal|p1a: Clefable|71/100|[from] item: Leftovers
|upkeep
|turn|13
|
|switch|p1a: Corviknight|Corviknight, F|100/100
|-ability|p1a: Corviknight|Pressure
|move|p2a: Bronzong|Stealth Rock|p1a: Corviknight
|-sidestart|p1: Hayburner|move: Stealth Rock
|
|upkeep
|turn|14
|
|move|p1a: Corviknight|Defog|p2a: Bronzong
|-unboost|p2a: Bronzong|evasion|1
|-sideend|p1: Hayburner|Stealth Rock|[from] move: Defog|[of] p1a: Corviknight
|move|p2a: Bronzong|Trick Room|p2a: Bronzong
|-fieldstart|move: Trick Room|[of] p2a: Bronzong
|
|upkeep
|turn|15
|
|move|p2a: Bronzong|Steel Beam|p1a: Corviknight
|-resisted|p1a: Corviknight
|-damage|p1a: Corviknight|74/100
|-damage|p2a: Bronzong|0 fnt|[from] mindblown
|faint|p2a: Bronzong
|move|p1a: Corviknight|Body Press|p2: Bronzong|[notarget]
|-fail|p1a: Corviknight
|
|-heal|p1a: Corviknight|81/100|[from] item: Leftovers
|upkeep
|
|switch|p2a: Torkoal|Torkoal, M|79/100
|-weather|SunnyDay|[from] ability: Drought|[of] p2a: Torkoal
|turn|16
|
|move|p2a: Torkoal|Eruption|p1a: Corviknight
|-supereffective|p1a: Corviknight
|-damage|p1a: Corviknight|0 fnt
|faint|p1a: Corviknight
|
|-weather|SunnyDay|[upkeep]
|upkeep
|
|switch|p1a: Clefable|Clefable, F|71/100
|turn|17
|
|move|p2a: Torkoal|Eruption|p1a: Clefable
|-damage|p1a: Clefable|0 fnt
|faint|p1a: Clefable
|
|-weather|SunnyDay|[upkeep]
|upkeep
|
|switch|p1a: Kyurem|Kyurem|100/100
|-ability|p1a: Kyurem|Pressure
|turn|18
|j| Fukushima Daiichi
|
|move|p2a: Torkoal|Eruption|p1a: Kyurem
|-damage|p1a: Kyurem|0 fnt
|faint|p1a: Kyurem
|
|-weather|SunnyDay|[upkeep]
|-fieldend|move: Trick Room
|upkeep
|j| Old Mustang
|
|switch|p1a: Zeraora|Zeraora|100/100
|turn|19
|
|switch|p2a: Hatterene|Hatterene, F|100/100
|move|p1a: Zeraora|Bulk Up|p1a: Zeraora
|-boost|p1a: Zeraora|atk|1
|-boost|p1a: Zeraora|def|1
|
|-weather|SunnyDay|[upkeep]
|upkeep
|turn|20
|
|move|p1a: Zeraora|Plasma Fists|p2a: Hatterene
|-damage|p2a: Hatterene|24/100
|-fieldactivate|move: Ion Deluge
|move|p2a: Hatterene|Trick Room|p2a: Hatterene
|-fieldstart|move: Trick Room|[of] p2a: Hatterene
|
|-weather|none
|upkeep
|turn|21
|-message|Hayburner forfeited.
|
|win|Groundt
|l|‽Hayburner
|raw|Hayburner's rating: 1891 &rarr; <strong>1861</strong><br />(-30 for losing)
|raw|Groundt's rating: 1701 &rarr; <strong>1731</strong><br />(+30 for winning)
|l| Old Mustang
|l| Lucky Noob No Mom
|l| myjava
|l| Alezzz499
|l| Fukushima Daiichi
