|j|☆Stimo96
|j|☆Steve Omelette
|t:|1656147743
|gametype|singles
|player|p1|Stimo96|alder|1765
|player|p2|Steve Omelette|170|1867
|teamsize|p1|6
|teamsize|p2|6
|gen|8
|tier|[Gen 8] OU
|rated|
|rule|Sleep Clause Mod: Limit one foe put to sleep
|rule|Species Clause: Limit one of each Pokémon
|rule|OHKO Clause: OHKO moves are banned
|rule|Evasion Moves Clause: Evasion moves are banned
|rule|Endless Battle Clause: Forcing endless battles is banned
|rule|HP Percentage Mod: HP is shown in percentages
|rule|Dynamax Clause: You cannot dynamax
|clearpoke
|poke|p1|Pelipper, F|
|poke|p1|Barraskewda, M|
|poke|p1|Seismitoad, F|
|poke|p1|Zapdos|
|poke|p1|Ferrothorn, M|
|poke|p1|Volcanion|
|poke|p2|Tapu Fini|
|poke|p2|Weavile, M|
|poke|p2|Landorus-Therian, M|
|poke|p2|Zapdos|
|poke|p2|Melmetal|
|poke|p2|Buzzwole|
|teampreview
|
|t:|1656147751
|start
|switch|p1a: Pelipper|Pelipper, F|100/100
|switch|p2a: Zapdos|Zapdos|100/100
|-weather|RainDance|[from] ability: Drizzle|[of] p1a: Pelipper
|turn|1
|inactive|Battle timer is ON: inactive players will automatically lose when time's up. (requested by Stimo96)
|
|t:|1656147764
|switch|p1a: Seismitoad|Seismitoad, F|100/100
|move|p2a: Zapdos|Hurricane|p1a: Seismitoad
|-damage|p1a: Seismitoad|32/100
|-start|p1a: Seismitoad|confusion
|
|-weather|RainDance|[upkeep]
|upkeep
|turn|2
|
|t:|1656147772
|switch|p2a: Tapu Fini|Tapu Fini|100/100
|-fieldstart|move: Misty Terrain|[from] ability: Misty Surge|[of] p2a: Tapu Fini
|-activate|p1a: Seismitoad|confusion
|move|p1a: Seismitoad|Stealth Rock|p2a: Tapu Fini
|-sidestart|p2: Steve Omelette|move: Stealth Rock
|
|-weather|RainDance|[upkeep]
|upkeep
|turn|3
|j| clflucker
|
|t:|1656147781
|-end|p1a: Seismitoad|confusion
|move|p1a: Seismitoad|Sludge Wave|p2a: Tapu Fini
|-supereffective|p2a: Tapu Fini
|-damage|p2a: Tapu Fini|48/100
|-damage|p1a: Seismitoad|22/100|[from] item: Life Orb
|move|p2a: Tapu Fini|Nature's Madness|p1a: Seismitoad
|-damage|p1a: Seismitoad|11/100
|
|-weather|RainDance|[upkeep]
|-heal|p2a: Tapu Fini|54/100|[from] item: Leftovers
|upkeep
|turn|4
|
|t:|1656147796
|move|p1a: Seismitoad|Earth Power|p2a: Tapu Fini
|-damage|p2a: Tapu Fini|16/100
|-damage|p1a: Seismitoad|1/100|[from] item: Life Orb
|move|p2a: Tapu Fini|Moonblast|p1a: Seismitoad
|-damage|p1a: Seismitoad|0 fnt
|faint|p1a: Seismitoad
|
|-weather|RainDance|[upkeep]
|-heal|p2a: Tapu Fini|22/100|[from] item: Leftovers
|upkeep
|
|t:|1656147809
|switch|p1a: Barraskewda|Barraskewda, M, shiny|100/100
|turn|5
|
|t:|1656147818
|move|p1a: Barraskewda|Liquidation|p2a: Tapu Fini
|-resisted|p2a: Tapu Fini
|-damage|p2a: Tapu Fini|0 fnt
|faint|p2a: Tapu Fini
|
|-weather|RainDance|[upkeep]
|upkeep
|j| jjlkj
|l| jjlkj
|
|t:|1656147835
|switch|p2a: Zapdos|Zapdos|100/100
|turn|6
|j| glycogenn
|
|t:|1656147857
|switch|p1a: Ferrothorn|Ferrothorn, M|100/100
|move|p2a: Zapdos|Volt Switch|p1a: Ferrothorn
|-resisted|p1a: Ferrothorn
|-damage|p1a: Ferrothorn|90/100
|
|t:|1656147875
|switch|p2a: Landorus|Landorus-Therian, M|100/100|[from]move: Volt Switch
|-damage|p2a: Landorus|88/100|[from] Stealth Rock
|-ability|p2a: Landorus|Intimidate|boost
|-unboost|p1a: Ferrothorn|atk|1
|
|-weather|RainDance|[upkeep]
|-heal|p2a: Landorus|94/100|[from] item: Leftovers
|-heal|p1a: Ferrothorn|96/100|[from] item: Leftovers
|-fieldend|Misty Terrain
|upkeep
|turn|7
|
|t:|1656147889
|switch|p1a: Zapdos|Zapdos|100/100
|move|p2a: Landorus|Stealth Rock|p1a: Zapdos
|-sidestart|p1: Stimo96|move: Stealth Rock
|
|-weather|RainDance|[upkeep]
|-heal|p2a: Landorus|99/100|[from] item: Leftovers
|upkeep
|turn|8
|
|t:|1656147900
|switch|p2a: Melmetal|Melmetal|100/100
|-damage|p2a: Melmetal|94/100|[from] Stealth Rock
|move|p1a: Zapdos|Weather Ball|p2a: Melmetal
|-damage|p2a: Melmetal|51/100
|
|-weather|none
|-heal|p2a: Melmetal|58/100|[from] item: Leftovers
|upkeep
|turn|9
|
|t:|1656147910
|switch|p2a: Landorus|Landorus-Therian, M|99/100
|-damage|p2a: Landorus|88/100|[from] Stealth Rock
|-ability|p2a: Landorus|Intimidate|boost
|-unboost|p1a: Zapdos|atk|1
|move|p1a: Zapdos|Thunder|p2a: Landorus
|-immune|p2a: Landorus
|
|-heal|p2a: Landorus|94/100|[from] item: Leftovers
|upkeep
|turn|10
|
|t:|1656147920
|switch|p1a: Pelipper|Pelipper, F|100/100
|-damage|p1a: Pelipper|76/100|[from] Stealth Rock
|-weather|RainDance|[from] ability: Drizzle|[of] p1a: Pelipper
|move|p2a: Landorus|Toxic|p1a: Pelipper
|-status|p1a: Pelipper|tox
|
|-weather|RainDance|[upkeep]
|-heal|p2a: Landorus|99/100|[from] item: Leftovers
|-damage|p1a: Pelipper|70/100 tox|[from] psn
|upkeep
|turn|11
|
|t:|1656147931
|switch|p2a: Melmetal|Melmetal|58/100
|-damage|p2a: Melmetal|51/100|[from] Stealth Rock
|move|p1a: Pelipper|U-turn|p2a: Melmetal
|-resisted|p2a: Melmetal
|-damage|p2a: Melmetal|49/100
|
|t:|1656147937
|switch|p1a: Volcanion|Volcanion|100/100|[from]move: U-turn
|-damage|p1a: Volcanion|76/100|[from] Stealth Rock
|
|-weather|RainDance|[upkeep]
|-heal|p2a: Melmetal|55/100|[from] item: Leftovers
|upkeep
|turn|12
|l| glycogenn
|
|t:|1656147943
|move|p2a: Melmetal|Protect|p2a: Melmetal
|-singleturn|p2a: Melmetal|Protect
|move|p1a: Volcanion|Steam Eruption|p2a: Melmetal
|-activate|p2a: Melmetal|move: Protect
|
|-weather|RainDance|[upkeep]
|-heal|p2a: Melmetal|61/100|[from] item: Leftovers
|upkeep
|turn|13
|
|t:|1656147951
|move|p1a: Volcanion|Steam Eruption|p2a: Melmetal
|-damage|p2a: Melmetal|0 fnt
|faint|p2a: Melmetal
|
|-weather|RainDance|[upkeep]
|upkeep
|
|t:|1656147958
|switch|p2a: Zapdos|Zapdos|100/100
|turn|14
|
|t:|1656147962
|switch|p1a: Ferrothorn|Ferrothorn, M|96/100
|-damage|p1a: Ferrothorn|90/100|[from] Stealth Rock
|move|p2a: Zapdos|Volt Switch|p1a: Ferrothorn
|-resisted|p1a: Ferrothorn
|-damage|p1a: Ferrothorn|79/100
|
|t:|1656147965
|switch|p2a: Buzzwole|Buzzwole|100/100|[from]move: Volt Switch
|-damage|p2a: Buzzwole|88/100|[from] Stealth Rock
|
|-weather|RainDance|[upkeep]
|-heal|p1a: Ferrothorn|85/100|[from] item: Leftovers
|upkeep
|turn|15
|
|t:|1656147977
|switch|p1a: Zapdos|Zapdos|100/100
|move|p2a: Buzzwole|Close Combat|p1a: Zapdos
|-resisted|p1a: Zapdos
|-damage|p1a: Zapdos|36/100
|-unboost|p2a: Buzzwole|def|1
|-unboost|p2a: Buzzwole|spd|1
|
|-weather|RainDance|[upkeep]
|upkeep
|turn|16
|j| Calipodecarne
|
|t:|1656147989
|switch|p2a: Landorus|Landorus-Therian, M|99/100
|-damage|p2a: Landorus|88/100|[from] Stealth Rock
|-ability|p2a: Landorus|Intimidate|boost
|-unboost|p1a: Zapdos|atk|1
|move|p1a: Zapdos|Weather Ball|p2a: Landorus
|-supereffective|p2a: Landorus
|-damage|p2a: Landorus|8/100
|
|-weather|RainDance|[upkeep]
|-heal|p2a: Landorus|14/100|[from] item: Leftovers
|upkeep
|turn|17
|
|t:|1656148002
|move|p1a: Zapdos|Weather Ball|p2a: Landorus
|-supereffective|p2a: Landorus
|-damage|p2a: Landorus|0 fnt
|faint|p2a: Landorus
|
|-weather|none
|upkeep
|
|t:|1656148006
|switch|p2a: Weavile|Weavile, M|100/100
|-damage|p2a: Weavile|76/100|[from] Stealth Rock
|-ability|p2a: Weavile|Pressure
|turn|18
|
|t:|1656148018
|switch|p1a: Pelipper|Pelipper, F|70/100 tox
|-damage|p1a: Pelipper|45/100 tox|[from] Stealth Rock
|-weather|RainDance|[from] ability: Drizzle|[of] p1a: Pelipper
|move|p2a: Weavile|Knock Off|p1a: Pelipper
|-damage|p1a: Pelipper|0 fnt
|-enditem|p1a: Pelipper|Damp Rock|[from] move: Knock Off|[of] p2a: Weavile
|faint|p1a: Pelipper
|
|-weather|RainDance|[upkeep]
|upkeep
|
|t:|1656148028
|switch|p1a: Barraskewda|Barraskewda, M, shiny|100/100
|-damage|p1a: Barraskewda|88/100|[from] Stealth Rock
|turn|19
|l| Calipodecarne
|
|t:|1656148036
|move|p1a: Barraskewda|Liquidation|p2a: Weavile
|-damage|p2a: Weavile|0 fnt
|faint|p2a: Weavile
|
|-weather|RainDance|[upkeep]
|upkeep
|
|t:|1656148041
|switch|p2a: Buzzwole|Buzzwole|88/100
|-damage|p2a: Buzzwole|76/100|[from] Stealth Rock
|turn|20
|
|t:|1656148057
|switch|p1a: Volcanion|Volcanion|76/100
|-damage|p1a: Volcanion|51/100|[from] Stealth Rock
|move|p2a: Buzzwole|Close Combat|p1a: Volcanion
|-damage|p1a: Volcanion|0 fnt
|-unboost|p2a: Buzzwole|def|1
|-unboost|p2a: Buzzwole|spd|1
|faint|p1a: Volcanion
|-ability|p2a: Buzzwole|Beast Boost|boost
|-boost|p2a: Buzzwole|atk|1
|
|-weather|RainDance|[upkeep]
|upkeep
|
|t:|1656148068
|switch|p1a: Zapdos|Zapdos|36/100
|turn|21
|
|t:|1656148072
|move|p1a: Zapdos|Thunder|p2a: Buzzwole
|-damage|p2a: Buzzwole|0 fnt
|faint|p2a: Buzzwole
|
|-weather|RainDance|[upkeep]
|upkeep
|
|t:|1656148074
|switch|p2a: Zapdos|Zapdos|100/100
|turn|22
|
|t:|1656148078
|move|p1a: Zapdos|Thunder|p2a: Zapdos
|-damage|p2a: Zapdos|36/100
|move|p2a: Zapdos|Hurricane|p1a: Zapdos
|-resisted|p1a: Zapdos
|-damage|p1a: Zapdos|5/100
|-start|p1a: Zapdos|confusion
|
|-weather|RainDance|[upkeep]
|upkeep
|turn|23
|
|t:|1656148087
|-activate|p1a: Zapdos|confusion
|move|p1a: Zapdos|Thunder|p2a: Zapdos
|-damage|p2a: Zapdos|0 fnt
|faint|p2a: Zapdos
|
|win|Stimo96
|raw|Stimo96's rating: 1765 &rarr; <strong>1791</strong><br />(+26 for winning)
|raw|Steve Omelette's rating: 1867 &rarr; <strong>1841</strong><br />(-26 for losing)
|l|☆Steve Omelette
