|j|☆Forwards
|j|☆dvgthing
|t:|1665083957
|gametype|singles
|player|p1|Forwards|rollerskater|1803
|player|p2|dvgthing|camper|1966
|teamsize|p1|6
|teamsize|p2|6
|gen|8
|tier|[Gen 8] OU
|rated|
|rule|Sleep Clause Mod: Limit one foe put to sleep
|rule|Species Clause: Limit one of each Pokémon
|rule|OHKO Clause: OHKO moves are banned
|rule|Evasion Items Clause: Evasion items are banned
|rule|Evasion Moves Clause: Evasion moves are banned
|rule|Endless Battle Clause: Forcing endless battles is banned
|rule|HP Percentage Mod: HP is shown in percentages
|rule|Dynamax Clause: You cannot dynamax
|clearpoke
|poke|p1|Raikou|
|poke|p1|Zapdos|
|poke|p1|Dragonite, F|
|poke|p1|Urshifu-*, F|
|poke|p1|Melmetal|
|poke|p1|Swampert, M|
|poke|p2|Heatran, F|
|poke|p2|Zapdos|
|poke|p2|Corviknight, M|
|poke|p2|Clefable, M|
|poke|p2|Dragapult, F|
|poke|p2|Seismitoad, F|
|teampreview
|
|t:|1665083971
|start
|switch|p1a: Swampert|Swampert, M|100/100
|switch|p2a: Seismitoad|Seismitoad, F|100/100
|turn|1
|
|t:|1665083975
|move|p2a: Seismitoad|Knock Off|p1a: Swampert
|-damage|p1a: Swampert|84/100
|-enditem|p1a: Swampert|Leftovers|[from] move: Knock Off|[of] p2a: Seismitoad
|move|p1a: Swampert|Toxic|p2a: Seismitoad|[miss]
|-miss|p1a: Swampert|p2a: Seismitoad
|
|upkeep
|turn|2
|
|t:|1665083978
|move|p2a: Seismitoad|Scald|p1a: Swampert
|-damage|p1a: Swampert|67/100
|move|p1a: Swampert|Toxic|p2a: Seismitoad
|-status|p2a: Seismitoad|tox
|
|-damage|p2a: Seismitoad|94/100 tox|[from] psn
|upkeep
|turn|3
|
|t:|1665083980
|move|p2a: Seismitoad|Stealth Rock|p1a: Swampert
|-sidestart|p1: Forwards|move: Stealth Rock
|move|p1a: Swampert|Stealth Rock|p2a: Seismitoad
|-sidestart|p2: dvgthing|move: Stealth Rock
|
|-heal|p2a: Seismitoad|100/100 tox|[from] item: Leftovers
|-damage|p2a: Seismitoad|88/100 tox|[from] psn
|upkeep
|turn|4
|
|t:|1665083983
|move|p2a: Seismitoad|Scald|p1a: Swampert
|-damage|p1a: Swampert|50/100
|move|p1a: Swampert|Earthquake|p2a: Seismitoad
|-damage|p2a: Seismitoad|56/100 tox
|
|-heal|p2a: Seismitoad|62/100 tox|[from] item: Leftovers
|-damage|p2a: Seismitoad|44/100 tox|[from] psn
|upkeep
|turn|5
|
|t:|1665083987
|move|p2a: Seismitoad|Rest|p2a: Seismitoad
|-status|p2a: Seismitoad|slp|[from] move: Rest
|-heal|p2a: Seismitoad|100/100 slp|[silent]
|move|p1a: Swampert|Earthquake|p2a: Seismitoad
|-damage|p2a: Seismitoad|70/100 slp
|
|-heal|p2a: Seismitoad|76/100 slp|[from] item: Leftovers
|upkeep
|turn|6
|
|t:|1665083990
|cant|p2a: Seismitoad|slp
|move|p1a: Swampert|Earthquake|p2a: Seismitoad
|-damage|p2a: Seismitoad|45/100 slp
|
|-heal|p2a: Seismitoad|52/100 slp|[from] item: Leftovers
|upkeep
|turn|7
|
|t:|1665083993
|cant|p2a: Seismitoad|slp
|move|p1a: Swampert|Earthquake|p2a: Seismitoad
|-damage|p2a: Seismitoad|18/100 slp
|
|-heal|p2a: Seismitoad|25/100 slp|[from] item: Leftovers
|upkeep
|turn|8
|
|t:|1665083995
|-curestatus|p2a: Seismitoad|slp|[msg]
|move|p2a: Seismitoad|Rest|p2a: Seismitoad
|-status|p2a: Seismitoad|slp|[from] move: Rest
|-heal|p2a: Seismitoad|100/100 slp|[silent]
|move|p1a: Swampert|Earthquake|p2a: Seismitoad
|-damage|p2a: Seismitoad|69/100 slp
|
|-heal|p2a: Seismitoad|75/100 slp|[from] item: Leftovers
|upkeep
|turn|9
|
|t:|1665083998
|cant|p2a: Seismitoad|slp
|move|p1a: Swampert|Earthquake|p2a: Seismitoad
|-damage|p2a: Seismitoad|41/100 slp
|
|-heal|p2a: Seismitoad|47/100 slp|[from] item: Leftovers
|upkeep
|turn|10
|
|t:|1665083999
|cant|p2a: Seismitoad|slp
|move|p1a: Swampert|Earthquake|p2a: Seismitoad
|-damage|p2a: Seismitoad|14/100 slp
|
|-heal|p2a: Seismitoad|21/100 slp|[from] item: Leftovers
|upkeep
|turn|11
|
|t:|1665084001
|-curestatus|p2a: Seismitoad|slp|[msg]
|move|p2a: Seismitoad|Rest|p2a: Seismitoad
|-status|p2a: Seismitoad|slp|[from] move: Rest
|-heal|p2a: Seismitoad|100/100 slp|[silent]
|move|p1a: Swampert|Earthquake|p2a: Seismitoad
|-damage|p2a: Seismitoad|68/100 slp
|
|-heal|p2a: Seismitoad|74/100 slp|[from] item: Leftovers
|upkeep
|turn|12
|
|t:|1665084008
|cant|p2a: Seismitoad|slp
|move|p1a: Swampert|Earthquake|p2a: Seismitoad
|-damage|p2a: Seismitoad|45/100 slp
|
|-heal|p2a: Seismitoad|51/100 slp|[from] item: Leftovers
|upkeep
|turn|13
|
|t:|1665084014
|cant|p2a: Seismitoad|slp
|move|p1a: Swampert|Earthquake|p2a: Seismitoad
|-damage|p2a: Seismitoad|20/100 slp
|
|-heal|p2a: Seismitoad|26/100 slp|[from] item: Leftovers
|upkeep
|turn|14
|
|t:|1665084016
|-curestatus|p2a: Seismitoad|slp|[msg]
|move|p2a: Seismitoad|Rest|p2a: Seismitoad
|-status|p2a: Seismitoad|slp|[from] move: Rest
|-heal|p2a: Seismitoad|100/100 slp|[silent]
|move|p1a: Swampert|Earthquake|p2a: Seismitoad
|-damage|p2a: Seismitoad|68/100 slp
|
|-heal|p2a: Seismitoad|74/100 slp|[from] item: Leftovers
|upkeep
|turn|15
|
|t:|1665084018
|cant|p2a: Seismitoad|slp
|move|p1a: Swampert|Earthquake|p2a: Seismitoad
|-damage|p2a: Seismitoad|41/100 slp
|
|-heal|p2a: Seismitoad|47/100 slp|[from] item: Leftovers
|upkeep
|turn|16
|
|t:|1665084020
|cant|p2a: Seismitoad|slp
|move|p1a: Swampert|Earthquake|p2a: Seismitoad
|-damage|p2a: Seismitoad|14/100 slp
|
|-heal|p2a: Seismitoad|21/100 slp|[from] item: Leftovers
|upkeep
|turn|17
|
|t:|1665084022
|-curestatus|p2a: Seismitoad|slp|[msg]
|move|p2a: Seismitoad|Rest|p2a: Seismitoad
|-status|p2a: Seismitoad|slp|[from] move: Rest
|-heal|p2a: Seismitoad|100/100 slp|[silent]
|move|p1a: Swampert|Earthquake|p2a: Seismitoad
|-damage|p2a: Seismitoad|67/100 slp
|
|-heal|p2a: Seismitoad|73/100 slp|[from] item: Leftovers
|upkeep
|turn|18
|
|t:|1665084027
|switch|p1a: Urshifu|Urshifu-Rapid-Strike, F|100/100
|-damage|p1a: Urshifu|94/100|[from] Stealth Rock
|cant|p2a: Seismitoad|slp
|
|-heal|p2a: Seismitoad|79/100 slp|[from] item: Leftovers
|upkeep
|turn|19
|j| lolka8971
|
|t:|1665084032
|switch|p2a: Dragapult|Dragapult, F|100/100
|-damage|p2a: Dragapult|88/100|[from] Stealth Rock
|move|p1a: Urshifu|Close Combat|p2a: Dragapult
|-immune|p2a: Dragapult
|
|upkeep
|turn|20
|
|t:|1665084034
|switch|p1a: Swampert|Swampert, M|50/100
|-damage|p1a: Swampert|44/100|[from] Stealth Rock
|move|p2a: Dragapult|Shadow Ball|p1a: Swampert
|-crit|p1a: Swampert
|-damage|p1a: Swampert|0 fnt
|faint|p1a: Swampert
|
|upkeep
|
|t:|1665084036
|switch|p1a: Melmetal|Melmetal|100/100
|-damage|p1a: Melmetal|94/100|[from] Stealth Rock
|turn|21
|
|t:|1665084039
|switch|p2a: Corviknight|Corviknight, M|100/100
|-damage|p2a: Corviknight|88/100|[from] Stealth Rock
|-ability|p2a: Corviknight|Pressure
|move|p1a: Melmetal|Toxic|p2a: Corviknight
|-immune|p2a: Corviknight
|
|-heal|p1a: Melmetal|100/100|[from] item: Leftovers
|upkeep
|turn|22
|
|t:|1665084045
|switch|p1a: Zapdos|Zapdos|100/100
|move|p2a: Corviknight|Defog|p1a: Zapdos
|-unboost|p1a: Zapdos|evasion|1
|-sideend|p1: Forwards|Stealth Rock|[from] move: Defog|[of] p2a: Corviknight
|-sideend|p2: dvgthing|Stealth Rock|[from] move: Defog|[of] p2a: Corviknight
|
|upkeep
|turn|23
|
|t:|1665084087
|switch|p2a: Heatran|Heatran, F|100/100
|move|p1a: Zapdos|Volt Switch|p2a: Heatran
|-damage|p2a: Heatran|78/100
|
|t:|1665084090
|switch|p1a: Urshifu|Urshifu-Rapid-Strike, F|94/100|[from]move: Volt Switch
|
|-heal|p2a: Heatran|84/100|[from] item: Leftovers
|upkeep
|turn|24
|
|t:|1665084108
|switch|p2a: Dragapult|Dragapult, F|88/100
|move|p1a: Urshifu|Close Combat|p2a: Dragapult
|-immune|p2a: Dragapult
|
|upkeep
|turn|25
|
|t:|1665084120
|move|p2a: Dragapult|Shadow Ball|p1a: Urshifu
|-damage|p1a: Urshifu|20/100
|move|p1a: Urshifu|U-turn|p2a: Dragapult
|-resisted|p2a: Dragapult
|-damage|p2a: Dragapult|72/100
|
|t:|1665084124
|switch|p1a: Dragonite|Dragonite, F|100/100|[from]move: U-turn
|
|upkeep
|turn|26
|
|t:|1665084129
|switch|p2a: Clefable|Clefable, M|100/100
|move|p1a: Dragonite|Dragon Dance|p1a: Dragonite
|-boost|p1a: Dragonite|atk|1
|-boost|p1a: Dragonite|spe|1
|
|upkeep
|turn|27
|
|t:|1665084141
|move|p1a: Dragonite|Earthquake|p2a: Clefable
|-damage|p2a: Clefable|59/100
|move|p2a: Clefable|Thunder Wave|p1a: Dragonite
|-status|p1a: Dragonite|par
|
|-heal|p2a: Clefable|65/100|[from] item: Leftovers
|upkeep
|turn|28
|
|t:|1665084146
|move|p1a: Dragonite|Dragon Dance|p1a: Dragonite
|-boost|p1a: Dragonite|atk|1
|-boost|p1a: Dragonite|spe|1
|move|p2a: Clefable|Moonblast|p1a: Dragonite
|-supereffective|p1a: Dragonite
|-damage|p1a: Dragonite|71/100 par
|
|-heal|p2a: Clefable|71/100|[from] item: Leftovers
|upkeep
|turn|29
|
|t:|1665084148
|cant|p1a: Dragonite|par
|move|p2a: Clefable|Moonblast|p1a: Dragonite
|-supereffective|p1a: Dragonite
|-damage|p1a: Dragonite|19/100 par
|
|-heal|p2a: Clefable|77/100|[from] item: Leftovers
|upkeep
|turn|30
|
|t:|1665084150
|move|p1a: Dragonite|Earthquake|p2a: Clefable
|-damage|p2a: Clefable|16/100
|move|p2a: Clefable|Moonblast|p1a: Dragonite
|-supereffective|p1a: Dragonite
|-damage|p1a: Dragonite|0 fnt
|faint|p1a: Dragonite
|
|-heal|p2a: Clefable|22/100|[from] item: Leftovers
|upkeep
|
|t:|1665084152
|switch|p1a: Zapdos|Zapdos|100/100
|turn|31
|
|t:|1665084156
|switch|p2a: Heatran|Heatran, F|84/100
|move|p1a: Zapdos|Hurricane|p2a: Heatran|[miss]
|-miss|p1a: Zapdos|p2a: Heatran
|
|-heal|p2a: Heatran|90/100|[from] item: Leftovers
|upkeep
|turn|32
|-message|Forwards forfeited.
|
|win|dvgthing
|raw|Forwards's rating: 1803 &rarr; <strong>1792</strong><br />(-11 for losing)
|raw|dvgthing's rating: 1966 &rarr; <strong>1977</strong><br />(+11 for winning)
|l|☆Forwards
||Ladder isn't responding, score probably updated but might not have (Request timeout).
|l| lolka8971
