|j|☆georgiethefirst
|j|☆wsdfg
|t:|1605712841
|player|p1|georgiethefirst|hiker-gen2|1821
|player|p2|wsdfg|burglar|1710
|teamsize|p1|6
|teamsize|p2|6
|gametype|singles
|gen|8
|tier|[Gen 8] OU
|rated|
|clearpoke
|poke|p1|Tyranitar, F|
|poke|p1|Excadrill, F|
|poke|p1|Slowbro, M|
|poke|p1|Zapdos|
|poke|p1|Tapu Lele|
|poke|p1|Dragapult, M|
|poke|p2|Cinderace, F|
|poke|p2|Latios, M|
|poke|p2|Excadrill, M|
|poke|p2|Tyranitar, M|
|poke|p2|Buzzwole|
|poke|p2|Toxapex, M|
|rule|Sleep Clause Mod: Limit one foe put to sleep
|rule|Species Clause: Limit one of each Pokémon
|rule|OHKO Clause: OHKO moves are banned
|rule|Evasion Moves Clause: Evasion moves are banned
|rule|Endless Battle Clause: Forcing endless battles is banned
|rule|HP Percentage Mod: HP is shown in percentages
|rule|Dynamax Clause: You cannot dynamax
|teampreview
|c|☆georgiethefirst|hf
|j| Mcjizzletitties
|c|☆wsdfg|u too
|
|t:|1605712867
|start
|switch|p1a: Zapdos|Zapdos|100/100
|switch|p2a: Cinderace|Cinderace, F|100/100
|turn|1
|
|t:|1605712872
|switch|p2a: Tyranitar|Tyranitar, M|100/100
|-weather|Sandstorm|[from] ability: Sand Stream|[of] p2a: Tyranitar
|switch|p1a: Slowbro|Slowbro, M|100/100
|
|-weather|Sandstorm|[upkeep]
|-damage|p1a: Slowbro|94/100|[from] Sandstorm
|upkeep
|turn|2
|j| tik974
|
|t:|1605712875
|switch|p1a: Tyranitar|Tyranitar, F|100/100
|move|p2a: Tyranitar|Stealth Rock|p1a: Tyranitar
|-sidestart|p1: georgiethefirst|move: Stealth Rock
|
|-weather|Sandstorm|[upkeep]
|upkeep
|turn|3
|
|t:|1605712884
|move|p1a: Tyranitar|Thunder Wave|p2a: Tyranitar
|-status|p2a: Tyranitar|par
|move|p2a: Tyranitar|Toxic|p1a: Tyranitar
|-status|p1a: Tyranitar|tox
|
|-weather|Sandstorm|[upkeep]
|-damage|p1a: Tyranitar|94/100 tox|[from] psn
|upkeep
|turn|4
|l| tik974
|
|t:|1605712893
|switch|p2a: Excadrill|Excadrill, M|100/100
|move|p1a: Tyranitar|Stealth Rock|p2a: Excadrill
|-sidestart|p2: wsdfg|move: Stealth Rock
|
|-weather|Sandstorm|[upkeep]
|-heal|p1a: Tyranitar|100/100 tox|[from] item: Leftovers
|-damage|p1a: Tyranitar|88/100 tox|[from] psn
|upkeep
|turn|5
|
|t:|1605712897
|move|p2a: Excadrill|Swords Dance|p2a: Excadrill
|-boost|p2a: Excadrill|atk|2
|move|p1a: Tyranitar|Earthquake|p2a: Excadrill
|-supereffective|p2a: Excadrill
|-damage|p2a: Excadrill|0 fnt
|faint|p2a: Excadrill
|
|-weather|none
|-heal|p1a: Tyranitar|94/100 tox|[from] item: Leftovers
|-damage|p1a: Tyranitar|76/100 tox|[from] psn
|upkeep
|
|t:|1605712901
|switch|p2a: Latios|Latios, M|100/100
|-damage|p2a: Latios|88/100|[from] Stealth Rock
|turn|6
|
|t:|1605712904
|switch|p1a: Tapu Lele|Tapu Lele|100/100
|-damage|p1a: Tapu Lele|88/100|[from] Stealth Rock
|-fieldstart|move: Psychic Terrain|[from] ability: Psychic Surge|[of] p1a: Tapu Lele
|move|p2a: Latios|Aura Sphere|p1a: Tapu Lele
|-resisted|p1a: Tapu Lele
|-damage|p1a: Tapu Lele|77/100
|
|upkeep
|turn|7
|
|t:|1605712911
|switch|p2a: Tyranitar|Tyranitar, M|100/100 par
|-damage|p2a: Tyranitar|88/100 par|[from] Stealth Rock
|-weather|Sandstorm|[from] ability: Sand Stream|[of] p2a: Tyranitar
|move|p1a: Tapu Lele|Moonblast|p2a: Tyranitar
|-supereffective|p2a: Tyranitar
|-damage|p2a: Tyranitar|50/100 par
|-unboost|p2a: Tyranitar|spa|1
|
|-weather|Sandstorm|[upkeep]
|-damage|p1a: Tapu Lele|71/100|[from] Sandstorm
|-heal|p2a: Tyranitar|56/100 par|[from] item: Leftovers
|upkeep
|turn|8
|
|t:|1605712920
|switch|p1a: Tyranitar|Tyranitar, F|76/100 tox
|-damage|p1a: Tyranitar|63/100 tox|[from] Stealth Rock
|switch|p2a: Toxapex|Toxapex, M|100/100
|-damage|p2a: Toxapex|88/100|[from] Stealth Rock
|
|-weather|Sandstorm|[upkeep]
|-damage|p2a: Toxapex|82/100|[from] Sandstorm
|-heal|p1a: Tyranitar|70/100 tox|[from] item: Leftovers
|-heal|p2a: Toxapex|88/100|[from] item: Leftovers
|-damage|p1a: Tyranitar|63/100 tox|[from] psn
|upkeep
|turn|9
|
|t:|1605712925
|switch|p1a: Slowbro|Slowbro, M|100/100
|-damage|p1a: Slowbro|88/100|[from] Stealth Rock
|-enditem|p1a: Slowbro|Psychic Seed
|-boost|p1a: Slowbro|spd|1|[from] item: Psychic Seed
|move|p2a: Toxapex|Scald|p1a: Slowbro
|-resisted|p1a: Slowbro
|-damage|p1a: Slowbro|82/100
|-status|p1a: Slowbro|brn
|
|-weather|Sandstorm|[upkeep]
|-damage|p2a: Toxapex|82/100|[from] Sandstorm
|-damage|p1a: Slowbro|76/100 brn|[from] Sandstorm
|-heal|p2a: Toxapex|88/100|[from] item: Leftovers
|-damage|p1a: Slowbro|70/100 brn|[from] brn
|upkeep
|turn|10
|
|t:|1605712934
|move|p2a: Toxapex|Haze|p2a: Toxapex
|-clearallboost
|move|p1a: Slowbro|Future Sight|p2a: Toxapex
|-start|p1a: Slowbro|move: Future Sight
|
|-weather|Sandstorm|[upkeep]
|-damage|p2a: Toxapex|82/100|[from] Sandstorm
|-damage|p1a: Slowbro|64/100 brn|[from] Sandstorm
|-heal|p2a: Toxapex|88/100|[from] item: Leftovers
|-damage|p1a: Slowbro|58/100 brn|[from] brn
|-fieldend|move: Psychic Terrain
|upkeep
|turn|11
|
|t:|1605712937
|move|p2a: Toxapex|Toxic Spikes|p1a: Slowbro
|-sidestart|p1: georgiethefirst|move: Toxic Spikes
|move|p1a: Slowbro|Teleport|p1a: Slowbro
|
|t:|1605712942
|switch|p1a: Excadrill|Excadrill, F|100/100|[from]move: Teleport
|-damage|p1a: Excadrill|97/100|[from] Stealth Rock
|
|-weather|none
|-heal|p1a: Excadrill|100/100|[from] item: Leftovers
|-heal|p2a: Toxapex|94/100|[from] item: Leftovers
|upkeep
|turn|12
|
|t:|1605712948
|switch|p2a: Latios|Latios, M|88/100
|-damage|p2a: Latios|76/100|[from] Stealth Rock
|move|p1a: Excadrill|Earthquake|p2a: Latios
|-immune|p2a: Latios|[from] ability: Levitate
|
|-end|p2a: Latios|move: Future Sight
|-resisted|p2a: Latios
|-damage|p2a: Latios|55/100
|upkeep
|turn|13
|
|t:|1605712958
|switch|p1a: Zapdos|Zapdos|100/100
|move|p2a: Latios|Psyshock|p1a: Zapdos
|-damage|p1a: Zapdos|50/100
|
|upkeep
|turn|14
|
|t:|1605712964
|switch|p2a: Buzzwole|Buzzwole|100/100
|switch|p1a: Slowbro|Slowbro, M|91/100 brn
|-damage|p1a: Slowbro|79/100 brn|[from] Stealth Rock
|
|-damage|p1a: Slowbro|73/100 brn|[from] brn
|upkeep
|turn|15
|
|t:|1605712977
|switch|p2a: Cinderace|Cinderace, F|100/100
|move|p1a: Slowbro|Teleport|p1a: Slowbro
|
|t:|1605712983
|switch|p1a: Zapdos|Zapdos|50/100|[from]move: Teleport
|
|upkeep
|turn|16
|
|t:|1605712986
|switch|p1a: Slowbro|Slowbro, M|100/100 brn
|-damage|p1a: Slowbro|88/100 brn|[from] Stealth Rock
|move|p2a: Cinderace|Pyro Ball|p1a: Slowbro|[miss]
|-miss|p2a: Cinderace|p1a: Slowbro
|
|-damage|p1a: Slowbro|82/100 brn|[from] brn
|upkeep
|turn|17
|
|t:|1605712991
|move|p2a: Cinderace|U-turn|p1a: Slowbro
|-start|p2a: Cinderace|typechange|Bug|[from] ability: Libero
|-supereffective|p1a: Slowbro
|-damage|p1a: Slowbro|43/100 brn
|
|t:|1605712995
|switch|p2a: Latios|Latios, M|55/100|[from]move: U-turn
|-damage|p2a: Latios|43/100|[from] Stealth Rock
|move|p1a: Slowbro|Scald|p2a: Latios
|-resisted|p2a: Latios
|-damage|p2a: Latios|29/100
|
|-damage|p1a: Slowbro|37/100 brn|[from] brn
|upkeep
|turn|18
|
|t:|1605713000
|switch|p1a: Zapdos|Zapdos|50/100
|move|p2a: Latios|Aura Sphere|p1a: Zapdos
|-resisted|p1a: Zapdos
|-damage|p1a: Zapdos|31/100
|
|upkeep
|turn|19
|
|t:|1605713005
|switch|p2a: Cinderace|Cinderace, F|100/100
|move|p1a: Zapdos|Roost|p1a: Zapdos
|-heal|p1a: Zapdos|81/100
|-singleturn|p1a: Zapdos|move: Roost
|
|upkeep
|turn|20
|
|t:|1605713012
|move|p2a: Cinderace|Pyro Ball|p1a: Zapdos
|-damage|p1a: Zapdos|37/100
|move|p1a: Zapdos|Roost|p1a: Zapdos
|-heal|p1a: Zapdos|87/100
|-singleturn|p1a: Zapdos|move: Roost
|
|upkeep
|turn|21
|
|t:|1605713019
|move|p2a: Cinderace|Pyro Ball|p1a: Zapdos
|-damage|p1a: Zapdos|44/100
|move|p1a: Zapdos|Volt Switch|p2a: Cinderace
|-damage|p2a: Cinderace|56/100
|
|t:|1605713024
|switch|p1a: Slowbro|Slowbro, M|71/100 brn|[from]move: Volt Switch
|-damage|p1a: Slowbro|58/100 brn|[from] Stealth Rock
|
|-damage|p1a: Slowbro|52/100 brn|[from] brn
|upkeep
|turn|22
|
|t:|1605713026
|move|p2a: Cinderace|U-turn|p1a: Slowbro
|-start|p2a: Cinderace|typechange|Bug|[from] ability: Libero
|-supereffective|p1a: Slowbro
|-damage|p1a: Slowbro|11/100 brn
|
|t:|1605713030
|switch|p2a: Toxapex|Toxapex, M|100/100|[from]move: U-turn
|-damage|p2a: Toxapex|88/100|[from] Stealth Rock
|move|p1a: Slowbro|Teleport|p1a: Slowbro
|j| Windows 98 SE
|
|t:|1605713037
|switch|p1a: Excadrill|Excadrill, F|100/100|[from]move: Teleport
|-damage|p1a: Excadrill|97/100|[from] Stealth Rock
|
|-heal|p1a: Excadrill|100/100|[from] item: Leftovers
|-heal|p2a: Toxapex|94/100|[from] item: Leftovers
|upkeep
|turn|23
|
|t:|1605713042
|move|p1a: Excadrill|Rapid Spin|p2a: Toxapex
|-damage|p2a: Toxapex|78/100
|-boost|p1a: Excadrill|spe|1
|-sideend|p1: georgiethefirst|Toxic Spikes|[from] move: Rapid Spin|[of] p1a: Excadrill
|-sideend|p1: georgiethefirst|Stealth Rock|[from] move: Rapid Spin|[of] p1a: Excadrill
|move|p2a: Toxapex|Scald|p1a: Excadrill
|-supereffective|p1a: Excadrill
|-damage|p1a: Excadrill|57/100
|
|-heal|p1a: Excadrill|63/100|[from] item: Leftovers
|-heal|p2a: Toxapex|84/100|[from] item: Leftovers
|upkeep
|turn|24
|
|t:|1605713052
|switch|p1a: Tapu Lele|Tapu Lele|71/100
|-fieldstart|move: Psychic Terrain|[from] ability: Psychic Surge|[of] p1a: Tapu Lele
|switch|p2a: Buzzwole|Buzzwole|100/100
|
|upkeep
|turn|25
|
|t:|1605713058
|switch|p2a: Toxapex|Toxapex, M|100/100
|-damage|p2a: Toxapex|88/100|[from] Stealth Rock
|move|p1a: Tapu Lele|Moonblast|p2a: Toxapex
|-resisted|p2a: Toxapex
|-damage|p2a: Toxapex|73/100
|
|-heal|p2a: Toxapex|79/100|[from] item: Leftovers
|upkeep
|turn|26
|
|t:|1605713068
|switch|p1a: Slowbro|Slowbro, M|44/100 brn
|switch|p2a: Latios|Latios, M|29/100
|-damage|p2a: Latios|17/100|[from] Stealth Rock
|
|-damage|p1a: Slowbro|38/100 brn|[from] brn
|upkeep
|turn|27
|
|t:|1605713074
|switch|p1a: Tyranitar|Tyranitar, F|63/100 tox
|-weather|Sandstorm|[from] ability: Sand Stream|[of] p1a: Tyranitar
|move|p2a: Latios|Draco Meteor|p1a: Tyranitar
|-damage|p1a: Tyranitar|17/100 tox
|-unboost|p2a: Latios|spa|2
|
|-weather|Sandstorm|[upkeep]
|-damage|p2a: Latios|11/100|[from] Sandstorm
|-heal|p1a: Tyranitar|23/100 tox|[from] item: Leftovers
|-damage|p1a: Tyranitar|17/100 tox|[from] psn
|upkeep
|turn|28
|
|t:|1605713084
|switch|p1a: Tapu Lele|Tapu Lele|71/100
|move|p2a: Latios|Draco Meteor|p1a: Tapu Lele
|-immune|p1a: Tapu Lele
|
|-weather|Sandstorm|[upkeep]
|-damage|p1a: Tapu Lele|65/100|[from] Sandstorm
|-damage|p2a: Latios|5/100|[from] Sandstorm
|-fieldend|move: Psychic Terrain
|upkeep
|turn|29
|
|t:|1605713089
|move|p1a: Tapu Lele|Psychic|p2a: Latios
|-resisted|p2a: Latios
|-damage|p2a: Latios|0 fnt
|faint|p2a: Latios
|
|-weather|Sandstorm|[upkeep]
|-damage|p1a: Tapu Lele|59/100|[from] Sandstorm
|upkeep
|
|t:|1605713092
|switch|p2a: Tyranitar|Tyranitar, M|56/100 par
|-damage|p2a: Tyranitar|43/100 par|[from] Stealth Rock
|turn|30
|
|t:|1605713106
|switch|p1a: Tyranitar|Tyranitar, F|17/100 tox
|move|p2a: Tyranitar|Stealth Rock|p1a: Tyranitar
|-sidestart|p1: georgiethefirst|move: Stealth Rock
|
|-weather|Sandstorm|[upkeep]
|-heal|p1a: Tyranitar|23/100 tox|[from] item: Leftovers
|-heal|p2a: Tyranitar|50/100 par|[from] item: Leftovers
|-damage|p1a: Tyranitar|17/100 tox|[from] psn
|upkeep
|turn|31
|
|t:|1605713111
|switch|p2a: Buzzwole|Buzzwole|100/100
|move|p1a: Tyranitar|Earthquake|p2a: Buzzwole
|-resisted|p2a: Buzzwole
|-damage|p2a: Buzzwole|93/100
|
|-weather|none
|-heal|p1a: Tyranitar|23/100 tox|[from] item: Leftovers
|-damage|p1a: Tyranitar|10/100 tox|[from] psn
|upkeep
|turn|32
|
|t:|1605713116
|switch|p1a: Slowbro|Slowbro, M|71/100 brn
|-damage|p1a: Slowbro|59/100 brn|[from] Stealth Rock
|move|p2a: Buzzwole|Bulk Up|p2a: Buzzwole
|-boost|p2a: Buzzwole|atk|1
|-boost|p2a: Buzzwole|def|1
|
|-damage|p1a: Slowbro|53/100 brn|[from] brn
|upkeep
|turn|33
|
|t:|1605713119
|move|p2a: Buzzwole|Rock Slide|p1a: Slowbro
|-damage|p1a: Slowbro|32/100 brn
|cant|p1a: Slowbro|flinch
|
|-damage|p1a: Slowbro|26/100 brn|[from] brn
|upkeep
|turn|34
|
|t:|1605713126
|switch|p1a: Tyranitar|Tyranitar, F|10/100 tox
|-damage|p1a: Tyranitar|0 fnt|[from] Stealth Rock
|faint|p1a: Tyranitar
|move|p2a: Buzzwole|Bulk Up|p2a: Buzzwole
|-boost|p2a: Buzzwole|atk|1
|-boost|p2a: Buzzwole|def|1
|
|upkeep
|
|t:|1605713128
|switch|p1a: Tapu Lele|Tapu Lele|59/100
|-damage|p1a: Tapu Lele|46/100|[from] Stealth Rock
|-fieldstart|move: Psychic Terrain|[from] ability: Psychic Surge|[of] p1a: Tapu Lele
|turn|35
|
|t:|1605713132
|switch|p2a: Tyranitar|Tyranitar, M|50/100 par
|-damage|p2a: Tyranitar|37/100 par|[from] Stealth Rock
|-weather|Sandstorm|[from] ability: Sand Stream|[of] p2a: Tyranitar
|move|p1a: Tapu Lele|Psychic|p2a: Tyranitar
|-immune|p2a: Tyranitar
|
|-weather|Sandstorm|[upkeep]
|-damage|p1a: Tapu Lele|40/100|[from] Sandstorm
|-heal|p2a: Tyranitar|43/100 par|[from] item: Leftovers
|upkeep
|turn|36
|
|t:|1605713140
|switch|p1a: Excadrill|Excadrill, F|63/100
|-damage|p1a: Excadrill|60/100|[from] Stealth Rock
|switch|p2a: Cinderace|Cinderace, F|56/100
|
|-weather|Sandstorm|[upkeep]
|-damage|p2a: Cinderace|50/100|[from] Sandstorm
|-heal|p1a: Excadrill|66/100|[from] item: Leftovers
|upkeep
|turn|37
|
|t:|1605713146
|move|p1a: Excadrill|Earthquake|p2a: Cinderace
|-supereffective|p2a: Cinderace
|-damage|p2a: Cinderace|0 fnt
|faint|p2a: Cinderace
|
|-weather|Sandstorm|[upkeep]
|-heal|p1a: Excadrill|72/100|[from] item: Leftovers
|upkeep
|-message|wsdfg forfeited.
|
|win|georgiethefirst
|l|☆wsdfg
