|j|☆StarPlatinumReqim
|j|☆BigWes95
|inactive|Battle timer is ON: inactive players will automatically lose when time's up.
|t:|1650200018
|gametype|singles
|player|p1|StarPlatinumReqim|ash-sinnoh|
|player|p2|BigWes95|lusamine-nihilego|
|teamsize|p1|6
|teamsize|p2|6
|gen|8
|tier|[Gen 8] OU
|rated|Tournament battle
|rule|Sleep Clause Mod: Limit one foe put to sleep
|rule|Species Clause: Limit one of each Pokémon
|rule|OHKO Clause: OHKO moves are banned
|rule|Evasion Moves Clause: Evasion moves are banned
|rule|Endless Battle Clause: Forcing endless battles is banned
|rule|HP Percentage Mod: HP is shown in percentages
|rule|Dynamax Clause: You cannot dynamax
|clearpoke
|poke|p1|Garchomp, M|
|poke|p1|Weavile, M|
|poke|p1|Landorus-Therian, M|
|poke|p1|Tornadus-Therian, M|
|poke|p1|Melmetal|
|poke|p1|Ferrothorn, M|
|poke|p2|Tapu Lele|
|poke|p2|Dragapult, M|
|poke|p2|Ferrothorn, F|
|poke|p2|Landorus-Therian, M|
|poke|p2|Zapdos|
|poke|p2|Kartana|
|teampreview
|inactive|BigWes95 also wants the timer to be on.
|j| Rap Viet
|j| Le_chat_grincheux
|j|#UnovX
|j| andrev
|
|t:|1650200029
|start
|switch|p1a: Tornadus|Tornadus-Therian, M, shiny|100/100
|switch|p2a: Tony Hawk|Zapdos, shiny|100/100
|turn|1
|
|t:|1650200033
|switch|p1a: Landorus|Landorus-Therian, M|100/100
|-ability|p1a: Landorus|Intimidate|boost
|-unboost|p2a: Tony Hawk|atk|1
|move|p2a: Tony Hawk|Hurricane|p1a: Landorus
|-damage|p1a: Landorus|53/100
|
|-heal|p1a: Landorus|59/100|[from] item: Leftovers
|upkeep
|turn|2
|j| jyai
|
|t:|1650200041
|move|p2a: Tony Hawk|Hurricane|p1a: Landorus
|-damage|p1a: Landorus|15/100
|move|p1a: Landorus|U-turn|p2a: Tony Hawk
|-resisted|p2a: Tony Hawk
|-damage|p2a: Tony Hawk|89/100
|
|t:|1650200046
|switch|p1a: Weavile|Weavile, M|100/100|[from]move: U-turn
|-ability|p1a: Weavile|Pressure
|
|upkeep
|turn|3
|j|+Casino Boi
|
|t:|1650200050
|move|p1a: Weavile|Knock Off|p2a: Tony Hawk
|-damage|p2a: Tony Hawk|16/100
|-enditem|p2a: Tony Hawk|Heavy-Duty Boots|[from] move: Knock Off|[of] p1a: Weavile
|move|p2a: Tony Hawk|Heat Wave|p1a: Weavile
|-supereffective|p1a: Weavile
|-damage|p1a: Weavile|0 fnt
|faint|p1a: Weavile
|
|upkeep
|
|t:|1650200056
|switch|p1a: Tornadus|Tornadus-Therian, M, shiny|100/100
|turn|4
|
|t:|1650200061
|switch|p2a: Lando Calrissian|Landorus-Therian, M, shiny|100/100
|-ability|p2a: Lando Calrissian|Intimidate|boost
|-unboost|p1a: Tornadus|atk|1
|move|p1a: Tornadus|Icy Wind|p2a: Lando Calrissian
|-supereffective|p2a: Lando Calrissian
|-damage|p2a: Lando Calrissian|19/100
|-unboost|p2a: Lando Calrissian|spe|1
|
|-heal|p2a: Lando Calrissian|25/100|[from] item: Leftovers
|upkeep
|turn|5
|j| vvbvcb
|
|t:|1650200075
|move|p1a: Tornadus|Icy Wind|p2a: Lando Calrissian
|-supereffective|p2a: Lando Calrissian
|-damage|p2a: Lando Calrissian|0 fnt
|faint|p2a: Lando Calrissian
|
|upkeep
|
|t:|1650200078
|switch|p2a: Johnny Bananas|Dragapult, M, shiny|100/100
|turn|6
|
|t:|1650200083
|switch|p1a: Melmetal|Melmetal, shiny|100/100
|move|p2a: Johnny Bananas|Draco Meteor|p1a: Melmetal
|-resisted|p1a: Melmetal
|-damage|p1a: Melmetal|80/100
|-unboost|p2a: Johnny Bananas|spa|2
|
|upkeep
|turn|7
|
|t:|1650200088
|switch|p2a: Nigel Thornberry|Ferrothorn, F, shiny|100/100
|switch|p1a: Tornadus|Tornadus-Therian, M, shiny|100/100
|
|upkeep
|turn|8
|
|t:|1650200091
|switch|p2a: Tony Hawk|Zapdos, shiny|16/100
|move|p1a: Tornadus|Heat Wave|p2a: Tony Hawk
|-damage|p2a: Tony Hawk|0 fnt
|faint|p2a: Tony Hawk
|
|upkeep
|
|t:|1650200095
|switch|p2a: Johnny Bananas|Dragapult, M, shiny|100/100
|turn|9
|
|t:|1650200099
|switch|p1a: Landorus|Landorus-Therian, M|15/100
|-ability|p1a: Landorus|Intimidate|boost
|-unboost|p2a: Johnny Bananas|atk|1
|move|p2a: Johnny Bananas|Shadow Ball|p1a: Landorus
|-damage|p1a: Landorus|0 fnt
|faint|p1a: Landorus
|
|upkeep
|j| bonce ronce
|
|t:|1650200107
|switch|p1a: Garchomp|Garchomp, M, shiny|100/100
|turn|10
|
|t:|1650200111
|switch|p2a: Mia Khalifa|Tapu Lele, shiny|100/100
|-fieldstart|move: Psychic Terrain|[from] ability: Psychic Surge|[of] p2a: Mia Khalifa
|move|p1a: Garchomp|Earthquake|p2a: Mia Khalifa
|-damage|p2a: Mia Khalifa|16/100
|
|upkeep
|turn|11
|
|t:|1650200116
|switch|p1a: Ferrothorn|Ferrothorn, M|100/100
|move|p2a: Mia Khalifa|Moonblast|p1a: Ferrothorn
|-resisted|p1a: Ferrothorn
|-damage|p1a: Ferrothorn|75/100
|
|-heal|p1a: Ferrothorn|82/100|[from] item: Leftovers
|upkeep
|turn|12
|j|%Mimikyu Stardust
|
|t:|1650200122
|switch|p2a: Nigel Thornberry|Ferrothorn, F, shiny|100/100
|move|p1a: Ferrothorn|Leech Seed|p2a: Nigel Thornberry
|-immune|p2a: Nigel Thornberry
|
|-heal|p1a: Ferrothorn|88/100|[from] item: Leftovers
|upkeep
|turn|13
|
|t:|1650200125
|switch|p1a: Tornadus|Tornadus-Therian, M, shiny|100/100
|move|p2a: Nigel Thornberry|Stealth Rock|p1a: Tornadus
|-sidestart|p1: StarPlatinumReqim|move: Stealth Rock
|
|upkeep
|turn|14
|
|t:|1650200130
|move|p1a: Tornadus|Heat Wave|p2a: Nigel Thornberry
|-supereffective|p2a: Nigel Thornberry
|-damage|p2a: Nigel Thornberry|0 fnt
|faint|p2a: Nigel Thornberry
|
|-fieldend|move: Psychic Terrain
|upkeep
|
|t:|1650200132
|switch|p2a: Johnny Bananas|Dragapult, M, shiny|100/100
|turn|15
|
|t:|1650200146
|switch|p1a: Ferrothorn|Ferrothorn, M|88/100
|-damage|p1a: Ferrothorn|82/100|[from] Stealth Rock
|move|p2a: Johnny Bananas|Shadow Ball|p1a: Ferrothorn
|-damage|p1a: Ferrothorn|31/100
|
|-heal|p1a: Ferrothorn|37/100|[from] item: Leftovers
|upkeep
|turn|16
|
|t:|1650200155
|move|p2a: Johnny Bananas|Shadow Ball|p1a: Ferrothorn
|-damage|p1a: Ferrothorn|0 fnt
|faint|p1a: Ferrothorn
|
|upkeep
|
|t:|1650200162
|switch|p1a: Garchomp|Garchomp, M, shiny|100/100
|-damage|p1a: Garchomp|94/100|[from] Stealth Rock
|turn|17
|
|t:|1650200171
|move|p2a: Johnny Bananas|Shadow Ball|p1a: Garchomp
|-damage|p1a: Garchomp|31/100
|move|p1a: Garchomp|Scale Shot|p2a: Johnny Bananas
|-supereffective|p2a: Johnny Bananas
|-damage|p2a: Johnny Bananas|63/100
|-supereffective|p2a: Johnny Bananas
|-crit|p2a: Johnny Bananas
|-damage|p2a: Johnny Bananas|9/100
|-hitcount|p2a: Johnny Bananas|2
|-unboost|p1a: Garchomp|def|1
|-boost|p1a: Garchomp|spe|1
|
|-heal|p1a: Garchomp|37/100|[from] item: Leftovers
|upkeep
|turn|18
|
|t:|1650200180
|switch|p2a: Mia Khalifa|Tapu Lele, shiny|16/100
|-fieldstart|move: Psychic Terrain|[from] ability: Psychic Surge|[of] p2a: Mia Khalifa
|move|p1a: Garchomp|Earthquake|p2a: Mia Khalifa
|-damage|p2a: Mia Khalifa|0 fnt
|faint|p2a: Mia Khalifa
|
|-heal|p1a: Garchomp|43/100|[from] item: Leftovers
|upkeep
|c| Le_chat_grincheux|wtffff
|
|t:|1650200182
|switch|p2a: Bret Kart|Kartana|100/100
|turn|19
|
|t:|1650200193
|switch|p1a: Tornadus|Tornadus-Therian, M, shiny|100/100
|-damage|p1a: Tornadus|76/100|[from] Stealth Rock
|move|p2a: Bret Kart|Leaf Blade|p1a: Tornadus
|-resisted|p1a: Tornadus
|-damage|p1a: Tornadus|28/100
|-damage|p2a: Bret Kart|91/100|[from] item: Life Orb
|
|upkeep
|turn|20
|
|t:|1650200202
|move|p1a: Tornadus|Heat Wave|p2a: Bret Kart
|-supereffective|p2a: Bret Kart
|-damage|p2a: Bret Kart|0 fnt
|faint|p2a: Bret Kart
|
|upkeep
|c| Rap Viet|specs torn go brrrr
|
|t:|1650200203
|switch|p2a: Johnny Bananas|Dragapult, M, shiny|9/100
|turn|21
|
|t:|1650200213
|move|p2a: Johnny Bananas|Shadow Ball|p1a: Tornadus
|-damage|p1a: Tornadus|0 fnt
|faint|p1a: Tornadus
|
|upkeep
|j| zReptar
|
|t:|1650200215
|switch|p1a: Melmetal|Melmetal, shiny|80/100
|-damage|p1a: Melmetal|73/100|[from] Stealth Rock
|turn|22
|
|t:|1650200218
|move|p2a: Johnny Bananas|Shadow Ball|p1a: Melmetal
|-damage|p1a: Melmetal|47/100
|move|p1a: Melmetal|Double Iron Bash|p2a: Johnny Bananas
|-damage|p2a: Johnny Bananas|0 fnt
|faint|p2a: Johnny Bananas
|-hitcount|p2: Johnny Bananas|1
|
|win|StarPlatinumReqim
|n|☆StarPlatinumReqim|starplatinumreqim
|n|☆BigWes95|bigwes95
|n| Rap Viet|rapviet
|n| Le_chat_grincheux|lechatgrincheux
|n|+UnovX|unovx
|n| andrev|andrev
|n| jyai|jyai
|n| Casino Boi|casinoboi
|n| vvbvcb|vvbvcb
|n| bonce ronce|bonceronce
|n| Mimikyu Stardust|mimikyustardust
|n| zReptar|zreptar
