|raw|<div class="broadcast-blue"><strong>This battle is required to be public due to a player having a name starting with 'lt91bb'.</div>
|j|☆huilee
|j|☆LT91BB JD
|t:|1659299708
|gametype|singles
|player|p1|huilee|olympia|1686
|player|p2|LT91BB JD|burglar-gen2|1633
|teamsize|p1|6
|teamsize|p2|6
|gen|8
|tier|[Gen 8] OU
|rated|
|rule|Sleep Clause Mod: Limit one foe put to sleep
|rule|Species Clause: Limit one of each Pokémon
|rule|OHKO Clause: OHKO moves are banned
|rule|Evasion Moves Clause: Evasion moves are banned
|rule|Endless Battle Clause: Forcing endless battles is banned
|rule|HP Percentage Mod: HP is shown in percentages
|rule|Dynamax Clause: You cannot dynamax
|clearpoke
|poke|p1|Ninetales-Alola, F|
|poke|p1|Slowbro-Galar, M|
|poke|p1|Dragapult, F|
|poke|p1|Landorus-Therian, M|
|poke|p1|Bisharp, M|
|poke|p1|Urshifu-*, M|
|poke|p2|Cloyster, M|
|poke|p2|Mew|
|poke|p2|Gengar, M|
|poke|p2|Bisharp, M|
|poke|p2|Rillaboom, F|
|poke|p2|Hawlucha, M|
|teampreview
|inactive|Battle timer is ON: inactive players will automatically lose when time's up. (requested by huilee)
|
|t:|1659299727
|start
|switch|p1a: Bisharp|Bisharp, M|100/100
|switch|p2a: Mew|Mew|100/100
|turn|1
|
|t:|1659299731
|move|p2a: Mew|Stealth Rock|p1a: Bisharp
|-sidestart|p1: huilee|move: Stealth Rock
|move|p1a: Bisharp|Knock Off|p2a: Mew
|-supereffective|p2a: Mew
|-damage|p2a: Mew|0 fnt
|-enditem|p2a: Mew|Red Card|[from] move: Knock Off|[of] p1a: Bisharp
|faint|p2a: Mew
|
|upkeep
|inactive|LT91BB JD has 120 seconds left.
|
|t:|1659299761
|switch|p2a: Rillaboom|Rillaboom, F|100/100
|-fieldstart|move: Grassy Terrain|[from] ability: Grassy Surge|[of] p2a: Rillaboom
|turn|2
|
|t:|1659299768
|move|p2a: Rillaboom|Swords Dance|p2a: Rillaboom
|-boost|p2a: Rillaboom|atk|2
|move|p1a: Bisharp|Knock Off|p2a: Rillaboom
|-damage|p2a: Rillaboom|24/100
|-enditem|p2a: Rillaboom|Life Orb|[from] move: Knock Off|[of] p1a: Bisharp
|
|-heal|p2a: Rillaboom|30/100|[from] Grassy Terrain
|upkeep
|turn|3
|
|t:|1659299771
|move|p1a: Bisharp|Sucker Punch|p2a: Rillaboom
|-damage|p2a: Rillaboom|0 fnt
|faint|p2a: Rillaboom
|
|upkeep
|
|t:|1659299773
|switch|p2a: Gengar|Gengar, M|100/100
|turn|4
|
|t:|1659299776
|move|p1a: Bisharp|Sucker Punch|p2a: Gengar
|-supereffective|p2a: Gengar
|-enditem|p2a: Gengar|Focus Sash
|-damage|p2a: Gengar|1/100
|-start|p1a: Bisharp|Disable|Sucker Punch|[from] ability: Cursed Body|[of] p2a: Gengar
|move|p2a: Gengar|Focus Blast|p1a: Bisharp|[miss]
|-miss|p2a: Gengar|p1a: Bisharp
|
|-heal|p2a: Gengar|7/100|[from] Grassy Terrain
|upkeep
|turn|5
|
|t:|1659299781
|switch|p1a: Landorus|Landorus-Therian, M|100/100
|-damage|p1a: Landorus|88/100|[from] Stealth Rock
|-ability|p1a: Landorus|Intimidate|boost
|-unboost|p2a: Gengar|atk|1
|move|p2a: Gengar|Focus Blast|p1a: Landorus|[miss]
|-miss|p2a: Gengar|p1a: Landorus
|
|-heal|p2a: Gengar|13/100|[from] Grassy Terrain
|-heal|p1a: Landorus|94/100|[from] item: Leftovers
|upkeep
|turn|6
|
|t:|1659299797
|switch|p2a: Hawlucha|Hawlucha, M|100/100
|-enditem|p2a: Hawlucha|Grassy Seed
|-boost|p2a: Hawlucha|def|1|[from] item: Grassy Seed
|move|p1a: Landorus|Earthquake|p2a: Hawlucha
|-immune|p2a: Hawlucha
|
|-heal|p1a: Landorus|99/100|[from] item: Leftovers
|-fieldend|move: Grassy Terrain
|upkeep
|turn|7
|
|t:|1659299800
|move|p2a: Hawlucha|Swords Dance|p2a: Hawlucha
|-boost|p2a: Hawlucha|atk|2
|move|p1a: Landorus|Toxic|p2a: Hawlucha
|-status|p2a: Hawlucha|tox
|
|-heal|p1a: Landorus|100/100|[from] item: Leftovers
|-damage|p2a: Hawlucha|94/100 tox|[from] psn
|upkeep
|turn|8
|
|t:|1659299810
|switch|p1a: Bisharp|Bisharp, M|100/100
|-damage|p1a: Bisharp|95/100|[from] Stealth Rock
|move|p2a: Hawlucha|Swords Dance|p2a: Hawlucha
|-boost|p2a: Hawlucha|atk|2
|
|-damage|p2a: Hawlucha|82/100 tox|[from] psn
|upkeep
|turn|9
|
|t:|1659299812
|switch|p1a: Landorus|Landorus-Therian, M|100/100
|-damage|p1a: Landorus|88/100|[from] Stealth Rock
|-ability|p1a: Landorus|Intimidate|boost
|-unboost|p2a: Hawlucha|atk|1
|move|p2a: Hawlucha|Close Combat|p1a: Landorus
|-resisted|p1a: Landorus
|-damage|p1a: Landorus|24/100
|-unboost|p2a: Hawlucha|def|1
|-unboost|p2a: Hawlucha|spd|1
|
|-heal|p1a: Landorus|30/100|[from] item: Leftovers
|-damage|p2a: Hawlucha|64/100 tox|[from] psn
|upkeep
|turn|10
|
|t:|1659299819
|move|p2a: Hawlucha|Acrobatics|p1a: Landorus
|-damage|p1a: Landorus|0 fnt
|faint|p1a: Landorus
|
|-damage|p2a: Hawlucha|40/100 tox|[from] psn
|upkeep
|
|t:|1659299826
|switch|p1a: Bisharp|Bisharp, M|95/100
|-damage|p1a: Bisharp|89/100|[from] Stealth Rock
|turn|11
|
|t:|1659299828
|move|p1a: Bisharp|Sucker Punch|p2a: Hawlucha
|-resisted|p2a: Hawlucha
|-damage|p2a: Hawlucha|11/100 tox
|move|p2a: Hawlucha|Acrobatics|p1a: Bisharp
|-resisted|p1a: Bisharp
|-damage|p1a: Bisharp|5/100
|
|-damage|p2a: Hawlucha|0 fnt|[from] psn
|faint|p2a: Hawlucha
|upkeep
|
|t:|1659299845
|switch|p2a: Bisharp|Bisharp, M|100/100
|turn|12
|
|t:|1659299850
|move|p2a: Bisharp|Knock Off|p1a: Bisharp
|-resisted|p1a: Bisharp
|-damage|p1a: Bisharp|0 fnt
|-enditem|p1a: Bisharp|Black Glasses|[from] move: Knock Off|[of] p2a: Bisharp
|faint|p1a: Bisharp
|
|upkeep
|
|t:|1659299857
|switch|p1a: Ninetales|Ninetales-Alola, F|100/100
|-damage|p1a: Ninetales|76/100|[from] Stealth Rock
|-weather|Hail|[from] ability: Snow Warning|[of] p1a: Ninetales
|turn|13
|
|t:|1659299859
|move|p1a: Ninetales|Aurora Veil|p1a: Ninetales
|-sidestart|p1: huilee|move: Aurora Veil
|move|p2a: Bisharp|Iron Head|p1a: Ninetales
|-supereffective|p1a: Ninetales
|-damage|p1a: Ninetales|0 fnt
|faint|p1a: Ninetales
|
|-weather|Hail|[upkeep]
|-damage|p2a: Bisharp|95/100|[from] Hail
|upkeep
|
|t:|1659299873
|switch|p1a: Urshifu|Urshifu-Rapid-Strike, M|100/100
|-damage|p1a: Urshifu|94/100|[from] Stealth Rock
|turn|14
|
|t:|1659299881
|switch|p2a: Gengar|Gengar, M|13/100
|move|p1a: Urshifu|Surging Strikes|p2a: Gengar
|-crit|p2a: Gengar
|-damage|p2a: Gengar|0 fnt
|faint|p2a: Gengar
|-hitcount|p2: Gengar|1
|
|-weather|Hail|[upkeep]
|-damage|p1a: Urshifu|88/100|[from] Hail
|upkeep
|
|t:|1659299885
|switch|p2a: Bisharp|Bisharp, M|95/100
|turn|15
|
|t:|1659299889
|move|p1a: Urshifu|Surging Strikes|p2a: Bisharp
|-crit|p2a: Bisharp
|-damage|p2a: Bisharp|69/100
|-crit|p2a: Bisharp
|-damage|p2a: Bisharp|44/100
|-crit|p2a: Bisharp
|-damage|p2a: Bisharp|20/100
|-hitcount|p2a: Bisharp|3
|move|p2a: Bisharp|Knock Off|p1a: Urshifu
|-resisted|p1a: Urshifu
|-damage|p1a: Urshifu|71/100
|-enditem|p1a: Urshifu|Choice Scarf|[from] move: Knock Off|[of] p2a: Bisharp
|
|-weather|Hail|[upkeep]
|-damage|p1a: Urshifu|64/100|[from] Hail
|-damage|p2a: Bisharp|14/100|[from] Hail
|upkeep
|turn|16
|
|t:|1659299894
|move|p2a: Bisharp|Sucker Punch|p1a: Urshifu
|-resisted|p1a: Urshifu
|-damage|p1a: Urshifu|52/100
|move|p1a: Urshifu|Surging Strikes|p2a: Bisharp
|-crit|p2a: Bisharp
|-damage|p2a: Bisharp|0 fnt
|faint|p2a: Bisharp
|-hitcount|p2: Bisharp|1
|
|-weather|Hail|[upkeep]
|-damage|p1a: Urshifu|46/100|[from] Hail
|upkeep
|
|t:|1659299895
|switch|p2a: Cloyster|Cloyster, M|100/100
|turn|17
|
|t:|1659299899
|move|p1a: Urshifu|Surging Strikes|p2a: Cloyster
|-resisted|p2a: Cloyster
|-crit|p2a: Cloyster
|-damage|p2a: Cloyster|92/100
|-resisted|p2a: Cloyster
|-crit|p2a: Cloyster
|-damage|p2a: Cloyster|83/100
|-resisted|p2a: Cloyster
|-crit|p2a: Cloyster
|-damage|p2a: Cloyster|74/100
|-hitcount|p2a: Cloyster|3
|move|p2a: Cloyster|Shell Smash|p2a: Cloyster
|-unboost|p2a: Cloyster|def|1
|-unboost|p2a: Cloyster|spd|1
|-boost|p2a: Cloyster|atk|2
|-boost|p2a: Cloyster|spa|2
|-boost|p2a: Cloyster|spe|2
|
|-weather|none
|upkeep
|turn|18
|
|t:|1659299913
|move|p2a: Cloyster|Icicle Spear|p1a: Urshifu
|-resisted|p1a: Urshifu
|-damage|p1a: Urshifu|41/100
|-resisted|p1a: Urshifu
|-damage|p1a: Urshifu|35/100
|-resisted|p1a: Urshifu
|-damage|p1a: Urshifu|29/100
|-resisted|p1a: Urshifu
|-damage|p1a: Urshifu|23/100
|-resisted|p1a: Urshifu
|-damage|p1a: Urshifu|18/100
|-hitcount|p1a: Urshifu|5
|move|p1a: Urshifu|Close Combat|p2a: Cloyster
|-supereffective|p2a: Cloyster
|-damage|p2a: Cloyster|0 fnt
|-unboost|p1a: Urshifu|def|1
|-unboost|p1a: Urshifu|spd|1
|faint|p2a: Cloyster
|
|win|huilee
|raw|huilee's rating: 1686 &rarr; <strong>1703</strong><br />(+17 for winning)
|raw|LT91BB JD's rating: 1633 &rarr; <strong>1616</strong><br />(-17 for losing)
