|j|☆MoonDood
|j|☆cold.exe
|player|p1|MoonDood|266|1351
|player|p2|cold.exe|steven|1381
|teamsize|p1|6
|teamsize|p2|6
|gametype|singles
|gen|8
|tier|[Gen 8] OU
|rated|
|clearpoke
|poke|p1|Clefable, F|
|poke|p1|Cinderace, M|
|poke|p1|Rillaboom, M|
|poke|p1|Magnezone|
|poke|p1|Slowbro, M|
|poke|p1|Mandibuzz, F|
|poke|p2|Diggersby, M|
|poke|p2|Azumarill, M|
|poke|p2|Mandibuzz, F|
|poke|p2|Rotom-Heat|
|poke|p2|Rillaboom, F|
|poke|p2|Cinderace, M|
|rule|Sleep Clause Mod: Limit one foe put to sleep
|rule|Species Clause: Limit one of each Pokémon
|rule|OHKO Clause: OHKO moves are banned
|rule|Evasion Moves Clause: Evasion moves are banned
|rule|Endless Battle Clause: Forcing endless battles is banned
|rule|HP Percentage Mod: HP is shown in percentages
|rule|Dynamax Clause: You cannot dynamax
|teampreview
|inactive|Battle timer is ON: inactive players will automatically lose when time's up. (requested by MoonDood)
|
|start
|switch|p1a: Clefable|Clefable, F|100/100
|switch|p2a: Mandibuzz|Mandibuzz, F|100/100
|turn|1
|
|move|p1a: Clefable|Stealth Rock|p2a: Mandibuzz
|-sidestart|p2: cold.exe|move: Stealth Rock
|move|p2a: Mandibuzz|U-turn|p1a: Clefable
|-resisted|p1a: Clefable
|-damage|p1a: Clefable|94/100
|
|switch|p2a: Rotom|Rotom-Heat|100/100|[from]move: U-turn
|
|upkeep
|turn|2
|
|switch|p1a: Mandibuzz|Mandibuzz, F|100/100
|move|p2a: Rotom|Nasty Plot|p2a: Rotom
|-boost|p2a: Rotom|spa|2
|
|upkeep
|turn|3
|
|switch|p1a: Magnezone|Magnezone|100/100
|move|p2a: Rotom|Toxic|p1a: Magnezone
|-immune|p1a: Magnezone
|
|upkeep
|turn|4
|
|switch|p1a: Mandibuzz|Mandibuzz, F|100/100
|move|p2a: Rotom|Overheat|p1a: Mandibuzz
|-damage|p1a: Mandibuzz|18/100
|-unboost|p2a: Rotom|spa|2
|
|upkeep
|turn|5
|
|move|p2a: Rotom|Volt Switch|p1a: Mandibuzz
|-supereffective|p1a: Mandibuzz
|-damage|p1a: Mandibuzz|0 fnt
|faint|p1a: Mandibuzz
|
|switch|p2a: Bruh|Cinderace, M|100/100|[from]move: Volt Switch
|-damage|p2a: Bruh|76/100|[from] Stealth Rock
|
|upkeep
|
|switch|p1a: Slowbro|Slowbro, M|100/100
|turn|6
|
|move|p2a: Bruh|Electro Ball|p1a: Slowbro
|-start|p2a: Bruh|typechange|Electric|[from] ability: Libero
|-supereffective|p1a: Slowbro
|-damage|p1a: Slowbro|0 fnt
|-damage|p2a: Bruh|66/100|[from] item: Life Orb
|faint|p1a: Slowbro
|
|upkeep
|
|switch|p1a: Rillaboom|Rillaboom, M|100/100
|-fieldstart|move: Grassy Terrain|[from] ability: Grassy Surge|[of] p1a: Rillaboom
|turn|7
|c|☆cold.exe|Lmao
|c|☆MoonDood|weird lmao
|c|☆cold.exe|It's a meme set
|c|☆cold.exe|Not viable tbh
|inactive|cold.exe has 120 seconds left.
|
|switch|p2a: Mandibuzz|Mandibuzz, F|100/100
|move|p1a: Rillaboom|Grassy Glide|p2a: Mandibuzz
|-resisted|p2a: Mandibuzz
|-damage|p2a: Mandibuzz|85/100
|
|upkeep
|turn|8
|c|☆MoonDood|def was not expecting that one lmao
|inactive|cold.exe has 120 seconds left.
|
|switch|p1a: Magnezone|Magnezone|100/100
|move|p2a: Mandibuzz|Defog|p1a: Magnezone
|-unboost|p1a: Magnezone|evasion|1
|-sideend|p2: cold.exe|Stealth Rock|[from] move: Defog|[of] p2a: Mandibuzz
|-fieldend|move: Grassy Terrain
|
|upkeep
|turn|9
|
|switch|p2a: Rotom|Rotom-Heat|100/100
|move|p1a: Magnezone|Toxic|p2a: Rotom
|-status|p2a: Rotom|tox
|
|-damage|p2a: Rotom|94/100 tox|[from] psn
|upkeep
|turn|10
|
|switch|p1a: Clefable|Clefable, F|94/100
|move|p2a: Rotom|Volt Switch|p1a: Clefable
|-damage|p1a: Clefable|66/100
|
|switch|p2a: Diggersby|Diggersby, M|100/100|[from]move: Volt Switch
|
|upkeep
|turn|11
|
|switch|p1a: Rillaboom|Rillaboom, M|100/100
|-fieldstart|move: Grassy Terrain|[from] ability: Grassy Surge|[of] p1a: Rillaboom
|move|p2a: Diggersby|Body Slam|p1a: Rillaboom
|-damage|p1a: Rillaboom|10/100
|
|-heal|p1a: Rillaboom|16/100|[from] Grassy Terrain
|upkeep
|turn|12
|
|switch|p2a: Mandibuzz|Mandibuzz, F|85/100
|move|p1a: Rillaboom|Knock Off|p2a: Mandibuzz
|-resisted|p2a: Mandibuzz
|-damage|p2a: Mandibuzz|74/100
|-enditem|p2a: Mandibuzz|Heavy-Duty Boots|[from] move: Knock Off|[of] p1a: Rillaboom
|
|-heal|p1a: Rillaboom|22/100|[from] Grassy Terrain
|upkeep
|turn|13
|
|switch|p1a: Magnezone|Magnezone|100/100
|move|p2a: Mandibuzz|U-turn|p1a: Magnezone
|-resisted|p1a: Magnezone
|-damage|p1a: Magnezone|96/100
|
|switch|p2a: Rotom|Rotom-Heat|94/100 tox|[from]move: U-turn
|
|-heal|p1a: Magnezone|100/100|[from] Grassy Terrain
|-damage|p2a: Rotom|88/100 tox|[from] psn
|upkeep
|turn|14
|
|switch|p1a: Clefable|Clefable, F|66/100
|move|p2a: Rotom|Overheat|p1a: Clefable
|-damage|p1a: Clefable|14/100
|-unboost|p2a: Rotom|spa|2
|
|-heal|p1a: Clefable|20/100|[from] Grassy Terrain
|-damage|p2a: Rotom|76/100 tox|[from] psn
|upkeep
|turn|15
|
|move|p2a: Rotom|Volt Switch|p1a: Clefable
|-damage|p1a: Clefable|4/100
|
|switch|p2a: Diggersby|Diggersby, M|100/100|[from]move: Volt Switch
|move|p1a: Clefable|Moonblast|p2a: Diggersby
|-damage|p2a: Diggersby|20/100
|-unboost|p2a: Diggersby|spa|1
|
|-heal|p2a: Diggersby|26/100|[from] Grassy Terrain
|-heal|p1a: Clefable|10/100|[from] Grassy Terrain
|-fieldend|move: Grassy Terrain
|upkeep
|turn|16
|
|move|p2a: Diggersby|Knock Off|p1a: Clefable
|-resisted|p1a: Clefable
|-damage|p1a: Clefable|0 fnt
|-enditem|p1a: Clefable|Life Orb|[from] move: Knock Off|[of] p2a: Diggersby
|faint|p1a: Clefable
|
|upkeep
|
|switch|p1a: Cinderace|Cinderace, M|100/100
|turn|17
|
|switch|p2a: Mandibuzz|Mandibuzz, F|74/100
|move|p1a: Cinderace|U-turn|p2a: Mandibuzz
|-start|p1a: Cinderace|typechange|Bug|[from] ability: Libero
|-damage|p2a: Mandibuzz|56/100
|
|switch|p1a: Magnezone|Magnezone|100/100|[from]move: U-turn
|
|upkeep
|turn|18
|
|switch|p2a: Rotom|Rotom-Heat|76/100 tox
|move|p1a: Magnezone|Flash Cannon|p2a: Rotom
|-resisted|p2a: Rotom
|-damage|p2a: Rotom|55/100 tox
|
|-damage|p2a: Rotom|48/100 tox|[from] psn
|upkeep
|turn|19
|
|switch|p1a: Cinderace|Cinderace, M|100/100
|move|p2a: Rotom|Volt Switch|p1a: Cinderace
|-damage|p1a: Cinderace|55/100
|c|☆MoonDood|ahh i gtg
|c|☆MoonDood|gg man
|-message|MoonDood forfeited.
|
|win|cold.exe
|l|☆MoonDood
||Ladder (probably) updated, but score could not be retrieved (Request timeout).
