|j|☆shiawasenostory
|j|☆2(H2O)-Alt
|t:|1663545786
|gametype|singles
|player|p1|shiawasenostory|265|1731
|player|p2|2(H2O)-Alt|chase|1790
|teamsize|p1|6
|teamsize|p2|6
|gen|8
|tier|[Gen 8] OU
|rated|
|rule|Sleep Clause Mod: Limit one foe put to sleep
|rule|Species Clause: Limit one of each Pokémon
|rule|OHKO Clause: OHKO moves are banned
|rule|Evasion Items Clause: Evasion items are banned
|rule|Evasion Moves Clause: Evasion moves are banned
|rule|Endless Battle Clause: Forcing endless battles is banned
|rule|HP Percentage Mod: HP is shown in percentages
|rule|Dynamax Clause: You cannot dynamax
|clearpoke
|poke|p1|Rillaboom, F|
|poke|p1|Tornadus-Therian, M|
|poke|p1|Blaziken, F|
|poke|p1|Melmetal|
|poke|p1|Garchomp, F|
|poke|p1|Slowbro, M|
|poke|p2|Zeraora|
|poke|p2|Volcanion|
|poke|p2|Landorus-Therian, M|
|poke|p2|Volcarona, F|
|poke|p2|Blacephalon|
|poke|p2|Moltres-Galar|
|teampreview
|inactive|Battle timer is ON: inactive players will automatically lose when time's up. (requested by 2(H2O)-Alt)
|
|t:|1663545810
|start
|switch|p1a: Blaziken|Blaziken, F|100/100
|switch|p2a: Volcanion|Volcanion|100/100
|turn|1
|
|t:|1663545814
|move|p1a: Blaziken|Protect|p1a: Blaziken
|-singleturn|p1a: Blaziken|Protect
|move|p2a: Volcanion|Steam Eruption|p1a: Blaziken
|-activate|p1a: Blaziken|move: Protect
|
|-ability|p1a: Blaziken|Speed Boost|boost
|-boost|p1a: Blaziken|spe|1
|upkeep
|turn|2
|
|t:|1663545822
|switch|p1a: Garchomp|Garchomp, F|100/100
|switch|p2a: Moltres|Moltres-Galar|100/100
|
|upkeep
|turn|3
|j| HereForFrens
|j| Crowv2
|
|t:|1663545825
|move|p2a: Moltres|Nasty Plot|p2a: Moltres
|-boost|p2a: Moltres|spa|2
|move|p1a: Garchomp|Toxic|p2a: Moltres
|-status|p2a: Moltres|tox
|
|-damage|p2a: Moltres|94/100 tox|[from] psn
|upkeep
|turn|4
|
|t:|1663545831
|move|p2a: Moltres|Agility|p2a: Moltres
|-boost|p2a: Moltres|spe|2
|move|p1a: Garchomp|Stealth Rock|p2a: Moltres
|-sidestart|p2: 2(H2O)-Alt|move: Stealth Rock
|
|-damage|p2a: Moltres|82/100 tox|[from] psn
|upkeep
|turn|5
|
|t:|1663545835
|move|p1a: Garchomp|Protect|p1a: Garchomp
|-singleturn|p1a: Garchomp|Protect
|move|p2a: Moltres|Nasty Plot|p2a: Moltres
|-boost|p2a: Moltres|spa|2
|
|-damage|p2a: Moltres|63/100 tox|[from] psn
|upkeep
|turn|6
|
|t:|1663545839
|move|p2a: Moltres|Nasty Plot|p2a: Moltres
|-boost|p2a: Moltres|spa|2
|move|p1a: Garchomp|Earthquake|p2a: Moltres
|-immune|p2a: Moltres
|
|-damage|p2a: Moltres|38/100 tox|[from] psn
|upkeep
|turn|7
|
|t:|1663545846
|move|p2a: Moltres|Rest|p2a: Moltres
|-status|p2a: Moltres|slp|[from] move: Rest
|-heal|p2a: Moltres|100/100 slp|[silent]
|-enditem|p2a: Moltres|Chesto Berry|[eat]
|-curestatus|p2a: Moltres|slp|[msg]
|move|p1a: Garchomp|Toxic|p2a: Moltres
|-status|p2a: Moltres|tox
|
|-damage|p2a: Moltres|94/100 tox|[from] psn
|upkeep
|turn|8
|
|t:|1663545853
|move|p1a: Garchomp|Protect|p1a: Garchomp
|-singleturn|p1a: Garchomp|Protect
|move|p2a: Moltres|Fiery Wrath|p1a: Garchomp
|-activate|p1a: Garchomp|move: Protect
|
|-damage|p2a: Moltres|82/100 tox|[from] psn
|upkeep
|turn|9
|c| Crowv2|lol
|j| jly8
|c|☆shiawasenostory|infinite protects time
|
|t:|1663545870
|move|p1a: Garchomp|Protect||[still]
|-fail|p1a: Garchomp
|move|p2a: Moltres|Fiery Wrath|p1a: Garchomp
|-damage|p1a: Garchomp|0 fnt
|faint|p1a: Garchomp
|
|-damage|p2a: Moltres|63/100 tox|[from] psn
|upkeep
|c|☆shiawasenostory|fuck
|
|t:|1663545883
|switch|p1a: Melmetal|Melmetal|100/100
|turn|10
|
|t:|1663545887
|move|p1a: Melmetal|Protect|p1a: Melmetal
|-singleturn|p1a: Melmetal|Protect
|move|p2a: Moltres|Fiery Wrath|p1a: Melmetal
|-activate|p1a: Melmetal|move: Protect
|
|-damage|p2a: Moltres|38/100 tox|[from] psn
|upkeep
|turn|11
|
|t:|1663545892
|move|p2a: Moltres|Fiery Wrath|p1a: Melmetal
|-damage|p1a: Melmetal|0 fnt
|faint|p1a: Melmetal
|
|-damage|p2a: Moltres|7/100 tox|[from] psn
|upkeep
|
|t:|1663545895
|switch|p1a: Rillaboom|Rillaboom, F|100/100
|-fieldstart|move: Grassy Terrain|[from] ability: Grassy Surge|[of] p1a: Rillaboom
|turn|12
|
|t:|1663545899
|move|p1a: Rillaboom|Grassy Glide|p2a: Moltres
|-resisted|p2a: Moltres
|-damage|p2a: Moltres|0 fnt
|faint|p2a: Moltres
|
|upkeep
|
|t:|1663545903
|switch|p2a: Volcanion|Volcanion|100/100
|turn|13
|
|t:|1663545906
|move|p1a: Rillaboom|Grassy Glide|p2a: Volcanion
|-damage|p2a: Volcanion|59/100
|move|p2a: Volcanion|Defog|p1a: Rillaboom
|-unboost|p1a: Rillaboom|evasion|1
|-sideend|p2: 2(H2O)-Alt|Stealth Rock|[from] move: Defog|[of] p2a: Volcanion
|-fieldend|move: Grassy Terrain
|
|upkeep
|turn|14
|
|t:|1663545910
|switch|p1a: Slowbro|Slowbro, M|100/100
|switch|p2a: Landorus|Landorus-Therian, M|100/100
|-ability|p2a: Landorus|Intimidate|boost
|-unboost|p1a: Slowbro|atk|1
|
|upkeep
|turn|15
|
|t:|1663545914
|move|p2a: Landorus|Stealth Rock|p1a: Slowbro
|-sidestart|p1: shiawasenostory|move: Stealth Rock
|move|p1a: Slowbro|Scald|p2a: Landorus
|-supereffective|p2a: Landorus
|-damage|p2a: Landorus|32/100
|
|upkeep
|turn|16
|
|t:|1663545917
|move|p2a: Landorus|Explosion|p1a: Slowbro
|-enditem|p2a: Landorus|Normal Gem|[from] gem
|-damage|p1a: Slowbro|28/100
|faint|p2a: Landorus
|move|p1a: Slowbro|Teleport|p1a: Slowbro
|
|t:|1663545922
|switch|p1a: Tornadus|Tornadus-Therian, M|100/100|[from]move: Teleport
|
|upkeep
|
|t:|1663545927
|switch|p2a: Zeraora|Zeraora|100/100
|turn|17
|
|t:|1663545932
|switch|p1a: Rillaboom|Rillaboom, F|100/100
|-damage|p1a: Rillaboom|88/100|[from] Stealth Rock
|-fieldstart|move: Grassy Terrain|[from] ability: Grassy Surge|[of] p1a: Rillaboom
|move|p2a: Zeraora|Bulk Up|p2a: Zeraora
|-boost|p2a: Zeraora|atk|1
|-boost|p2a: Zeraora|def|1
|
|-heal|p1a: Rillaboom|94/100|[from] Grassy Terrain
|-heal|p1a: Rillaboom|100/100|[from] item: Leftovers
|upkeep
|turn|18
|
|t:|1663545935
|switch|p2a: Volcarona|Volcarona, F|100/100
|move|p1a: Rillaboom|Swords Dance|p1a: Rillaboom
|-boost|p1a: Rillaboom|atk|2
|
|upkeep
|turn|19
|
|t:|1663545939
|switch|p1a: Blaziken|Blaziken, F|100/100
|-damage|p1a: Blaziken|88/100|[from] Stealth Rock
|move|p2a: Volcarona|Bug Buzz|p1a: Blaziken
|-resisted|p1a: Blaziken
|-damage|p1a: Blaziken|66/100
|-damage|p2a: Volcarona|91/100|[from] item: Life Orb
|
|-heal|p2a: Volcarona|97/100|[from] Grassy Terrain
|-heal|p1a: Blaziken|72/100|[from] Grassy Terrain
|-heal|p1a: Blaziken|78/100|[from] item: Leftovers
|upkeep
|turn|20
|
|t:|1663545945
|move|p2a: Volcarona|Psychic|p1a: Blaziken
|-supereffective|p1a: Blaziken
|-damage|p1a: Blaziken|0 fnt
|faint|p1a: Blaziken
|-damage|p2a: Volcarona|87/100|[from] item: Life Orb
|
|-heal|p2a: Volcarona|93/100|[from] Grassy Terrain
|upkeep
|
|t:|1663545956
|switch|p1a: Slowbro|Slowbro, M|62/100
|-damage|p1a: Slowbro|49/100|[from] Stealth Rock
|turn|21
|
|t:|1663545959
|switch|p1a: Tornadus|Tornadus-Therian, M|100/100
|move|p2a: Volcarona|Bug Buzz|p1a: Tornadus
|-resisted|p1a: Tornadus
|-damage|p1a: Tornadus|64/100
|-damage|p2a: Volcarona|83/100|[from] item: Life Orb
|
|-heal|p2a: Volcarona|89/100|[from] Grassy Terrain
|-fieldend|move: Grassy Terrain
|upkeep
|turn|22
|
|t:|1663545962
|switch|p2a: Zeraora|Zeraora|100/100
|move|p1a: Tornadus|Defog|p2a: Zeraora
|-unboost|p2a: Zeraora|evasion|1
|-sideend|p1: shiawasenostory|Stealth Rock|[from] move: Defog|[of] p1a: Tornadus
|
|upkeep
|turn|23
|
|t:|1663545966
|switch|p1a: Rillaboom|Rillaboom, F|100/100
|-fieldstart|move: Grassy Terrain|[from] ability: Grassy Surge|[of] p1a: Rillaboom
|move|p2a: Zeraora|Bulk Up|p2a: Zeraora
|-boost|p2a: Zeraora|atk|1
|-boost|p2a: Zeraora|def|1
|
|upkeep
|turn|24
|
|t:|1663545972
|switch|p2a: Volcarona|Volcarona, F|89/100
|move|p1a: Rillaboom|Knock Off|p2a: Volcarona
|-crit|p2a: Volcarona
|-damage|p2a: Volcarona|10/100
|-enditem|p2a: Volcarona|Life Orb|[from] move: Knock Off|[of] p1a: Rillaboom
|
|-heal|p2a: Volcarona|16/100|[from] Grassy Terrain
|upkeep
|turn|25
|l| HereForFrens
|
|t:|1663545978
|move|p1a: Rillaboom|Grassy Glide|p2a: Volcarona
|-resisted|p2a: Volcarona
|-damage|p2a: Volcarona|0 fnt
|-status|p1a: Rillaboom|brn|[from] ability: Flame Body|[of] p2a: Volcarona
|faint|p2a: Volcarona
|
|-damage|p1a: Rillaboom|94/100 brn|[from] brn
|upkeep
|j| BabyPigsAreLaughin
|
|t:|1663545982
|switch|p2a: Zeraora|Zeraora|100/100
|turn|26
|
|t:|1663545984
|move|p2a: Zeraora|Bulk Up|p2a: Zeraora
|-boost|p2a: Zeraora|atk|1
|-boost|p2a: Zeraora|def|1
|move|p1a: Rillaboom|Swords Dance|p1a: Rillaboom
|-boost|p1a: Rillaboom|atk|2
|
|-heal|p1a: Rillaboom|100/100 brn|[from] Grassy Terrain
|-damage|p1a: Rillaboom|94/100 brn|[from] brn
|upkeep
|turn|27
|
|t:|1663545988
|move|p2a: Zeraora|Bulk Up|p2a: Zeraora
|-boost|p2a: Zeraora|atk|1
|-boost|p2a: Zeraora|def|1
|move|p1a: Rillaboom|Knock Off|p2a: Zeraora
|-damage|p2a: Zeraora|75/100
|-enditem|p2a: Zeraora|Leftovers|[from] move: Knock Off|[of] p1a: Rillaboom
|
|-heal|p2a: Zeraora|81/100|[from] Grassy Terrain
|-heal|p1a: Rillaboom|100/100 brn|[from] Grassy Terrain
|-damage|p1a: Rillaboom|94/100 brn|[from] brn
|-fieldend|move: Grassy Terrain
|upkeep
|turn|28
|
|t:|1663545996
|move|p2a: Zeraora|Bulk Up|p2a: Zeraora
|-boost|p2a: Zeraora|atk|1
|-boost|p2a: Zeraora|def|1
|move|p1a: Rillaboom|Grassy Glide|p2a: Zeraora
|-damage|p2a: Zeraora|58/100
|
|-heal|p1a: Rillaboom|100/100 brn|[from] item: Leftovers
|-damage|p1a: Rillaboom|94/100 brn|[from] brn
|upkeep
|turn|29
|
|t:|1663546001
|move|p2a: Zeraora|Drain Punch|p1a: Rillaboom
|-damage|p1a: Rillaboom|37/100 brn
|-heal|p2a: Zeraora|95/100|[from] drain|[of] p1a: Rillaboom
|move|p1a: Rillaboom|Grassy Glide|p2a: Zeraora
|-damage|p2a: Zeraora|73/100
|
|-heal|p1a: Rillaboom|43/100 brn|[from] item: Leftovers
|-damage|p1a: Rillaboom|37/100 brn|[from] brn
|upkeep
|turn|30
|
|t:|1663546006
|switch|p1a: Slowbro|Slowbro, M|82/100
|move|p2a: Zeraora|Drain Punch|p1a: Slowbro
|-resisted|p1a: Slowbro
|-damage|p1a: Slowbro|65/100
|-heal|p2a: Zeraora|84/100|[from] drain|[of] p1a: Slowbro
|-damage|p2a: Zeraora|68/100|[from] item: Rocky Helmet|[of] p1a: Slowbro
|
|upkeep
|turn|31
|
|t:|1663546010
|switch|p1a: Rillaboom|Rillaboom, F|37/100 brn
|-fieldstart|move: Grassy Terrain|[from] ability: Grassy Surge|[of] p1a: Rillaboom
|move|p2a: Zeraora|Plasma Fists|p1a: Rillaboom
|-resisted|p1a: Rillaboom
|-damage|p1a: Rillaboom|0 fnt
|-fieldactivate|move: Ion Deluge
|-hint|Normal-type moves become Electric-type after using Plasma Fists.
|faint|p1a: Rillaboom
|
|-heal|p2a: Zeraora|74/100|[from] Grassy Terrain
|upkeep
|-message|shiawasenostory forfeited.
|
|win|2(H2O)-Alt
|raw|shiawasenostory's rating: 1731 &rarr; <strong>1714</strong><br />(-17 for losing)
|raw|2(H2O)-Alt's rating: 1790 &rarr; <strong>1807</strong><br />(+17 for winning)
|l|☆shiawasenostory
||Ladder isn't responding, score probably updated but might not have (Request timeout).
