|html|<div class="broadcast-blue"><strong>[Gen 8] OU is currently suspecting Melmetal! For information on how to participate check out the <a href="https://www.smogon.com/forums/threads/np-ss-ou-suspect-process-round-12-monster-mash.3709234/">suspect thread</a>.</strong></div>
|j|☆tawny's alt
|j|☆Kwaga
|t:|1666679620
|gametype|singles
|player|p1|tawny's alt|102|1576
|player|p2|Kwaga|brock-gen1rb|1704
|teamsize|p1|6
|teamsize|p2|6
|gen|8
|tier|[Gen 8] OU
|rated|
|rule|Sleep Clause Mod: Limit one foe put to sleep
|rule|Species Clause: Limit one of each Pokémon
|rule|OHKO Clause: OHKO moves are banned
|rule|Evasion Items Clause: Evasion items are banned
|rule|Evasion Moves Clause: Evasion moves are banned
|rule|Endless Battle Clause: Forcing endless battles is banned
|rule|HP Percentage Mod: HP is shown in percentages
|rule|Dynamax Clause: You cannot dynamax
|clearpoke
|poke|p1|Kartana|
|poke|p1|Garchomp, M|
|poke|p1|Dragapult, F|
|poke|p1|Ferrothorn, F|
|poke|p1|Toxapex, M|
|poke|p1|Mandibuzz, F|
|poke|p2|Weavile, M|
|poke|p2|Dragapult, M|
|poke|p2|Volcanion|
|poke|p2|Volcarona, F|
|poke|p2|Garchomp, M|
|poke|p2|Corviknight, M|
|teampreview
|
|t:|1666679633
|start
|switch|p1a: Kartana|Kartana|100/100
|switch|p2a: Garchomp|Garchomp, M|100/100
|turn|1
|
|t:|1666679637
|switch|p1a: Ferrothorn|Ferrothorn, F|100/100
|move|p2a: Garchomp|Protect||[still]
|-fail|p2a: Garchomp
|
|upkeep
|turn|2
|
|t:|1666679647
|switch|p2a: Corviknight|Corviknight, M|100/100
|-ability|p2a: Corviknight|Pressure
|move|p1a: Ferrothorn|Leech Seed|p2a: Corviknight|[miss]
|-miss|p1a: Ferrothorn|p2a: Corviknight
|
|upkeep
|turn|3
|
|t:|1666679652
|move|p2a: Corviknight|Substitute|p2a: Corviknight
|-start|p2a: Corviknight|Substitute
|-damage|p2a: Corviknight|76/100
|move|p1a: Ferrothorn|Leech Seed||[still]
|-fail|p1a: Ferrothorn
|
|-heal|p2a: Corviknight|82/100|[from] item: Leftovers
|upkeep
|turn|4
|
|t:|1666679658
|switch|p1a: Dragapult|Dragapult, F|100/100
|move|p2a: Corviknight|Bulk Up|p2a: Corviknight
|-boost|p2a: Corviknight|atk|1
|-boost|p2a: Corviknight|def|1
|
|-heal|p2a: Corviknight|88/100|[from] item: Leftovers
|upkeep
|turn|5
|
|t:|1666679664
|switch|p1a: Toxapex|Toxapex, M|100/100
|move|p2a: Corviknight|Roost|p2a: Corviknight
|-heal|p2a: Corviknight|100/100
|-singleturn|p2a: Corviknight|move: Roost
|
|upkeep
|turn|6
|
|t:|1666679670
|move|p2a: Corviknight|Brave Bird|p1a: Toxapex
|-damage|p1a: Toxapex|61/100
|-damage|p2a: Corviknight|90/100|[from] Recoil
|move|p1a: Toxapex|Haze|p1a: Toxapex
|-clearallboost
|
|-heal|p2a: Corviknight|96/100|[from] item: Leftovers
|-heal|p1a: Toxapex|67/100|[from] item: Black Sludge
|upkeep
|turn|7
|
|t:|1666679673
|move|p2a: Corviknight|Bulk Up|p2a: Corviknight
|-boost|p2a: Corviknight|atk|1
|-boost|p2a: Corviknight|def|1
|move|p1a: Toxapex|Scald|p2a: Corviknight
|-activate|p2a: Corviknight|move: Substitute|[damage]
|
|-heal|p2a: Corviknight|100/100|[from] item: Leftovers
|-heal|p1a: Toxapex|73/100|[from] item: Black Sludge
|upkeep
|turn|8
|
|t:|1666679679
|move|p2a: Corviknight|Brave Bird|p1a: Toxapex
|-damage|p1a: Toxapex|34/100
|-damage|p2a: Corviknight|91/100|[from] Recoil
|move|p1a: Toxapex|Haze|p1a: Toxapex
|-clearallboost
|
|-heal|p2a: Corviknight|97/100|[from] item: Leftovers
|-heal|p1a: Toxapex|41/100|[from] item: Black Sludge
|upkeep
|turn|9
|
|t:|1666679682
|move|p2a: Corviknight|Bulk Up|p2a: Corviknight
|-boost|p2a: Corviknight|atk|1
|-boost|p2a: Corviknight|def|1
|move|p1a: Toxapex|Scald|p2a: Corviknight
|-activate|p2a: Corviknight|move: Substitute|[damage]
|
|-heal|p2a: Corviknight|100/100|[from] item: Leftovers
|-heal|p1a: Toxapex|47/100|[from] item: Black Sludge
|upkeep
|turn|10
|
|t:|1666679685
|move|p2a: Corviknight|Brave Bird|p1a: Toxapex
|-damage|p1a: Toxapex|8/100
|-damage|p2a: Corviknight|91/100|[from] Recoil
|move|p1a: Toxapex|Haze|p1a: Toxapex
|-clearallboost
|
|-heal|p2a: Corviknight|97/100|[from] item: Leftovers
|-heal|p1a: Toxapex|15/100|[from] item: Black Sludge
|upkeep
|turn|11
|
|t:|1666679688
|switch|p1a: Dragapult|Dragapult, F|100/100
|move|p2a: Corviknight|Brave Bird|p1a: Dragapult
|-damage|p1a: Dragapult|52/100
|-damage|p2a: Corviknight|84/100|[from] Recoil
|
|-heal|p1a: Dragapult|58/100|[from] item: Leftovers
|-heal|p2a: Corviknight|90/100|[from] item: Leftovers
|upkeep
|turn|12
|
|t:|1666679692
|switch|p2a: Garchomp|Garchomp, M|100/100
|move|p1a: Dragapult|Dragon Darts|p2a: Garchomp
|-supereffective|p2a: Garchomp
|-damage|p2a: Garchomp|60/100
|-anim|p1a: Dragapult|Dragon Darts|p2a: Garchomp
|-supereffective|p2a: Garchomp
|-damage|p2a: Garchomp|17/100
|
|-heal|p1a: Dragapult|64/100|[from] item: Leftovers
|-heal|p2a: Garchomp|23/100|[from] item: Leftovers
|upkeep
|turn|13
|
|t:|1666679697
|switch|p2a: Corviknight|Corviknight, M|90/100
|-ability|p2a: Corviknight|Pressure
|move|p1a: Dragapult|Dragon Dance|p1a: Dragapult
|-boost|p1a: Dragapult|atk|1
|-boost|p1a: Dragapult|spe|1
|
|-heal|p1a: Dragapult|70/100|[from] item: Leftovers
|-heal|p2a: Corviknight|96/100|[from] item: Leftovers
|upkeep
|turn|14
|
|t:|1666679702
|move|p1a: Dragapult|Fire Blast|p2a: Corviknight
|-supereffective|p2a: Corviknight
|-damage|p2a: Corviknight|59/100
|move|p2a: Corviknight|Bulk Up|p2a: Corviknight
|-boost|p2a: Corviknight|atk|1
|-boost|p2a: Corviknight|def|1
|
|-heal|p1a: Dragapult|76/100|[from] item: Leftovers
|-heal|p2a: Corviknight|65/100|[from] item: Leftovers
|upkeep
|turn|15
|
|t:|1666679712
|switch|p1a: Kartana|Kartana|100/100
|move|p2a: Corviknight|Roost|p2a: Corviknight
|-heal|p2a: Corviknight|100/100
|-singleturn|p2a: Corviknight|move: Roost
|
|upkeep
|turn|16
|
|t:|1666679719
|move|p1a: Kartana|Sacred Sword|p2a: Corviknight
|-damage|p2a: Corviknight|48/100
|move|p2a: Corviknight|Bulk Up|p2a: Corviknight
|-boost|p2a: Corviknight|atk|1
|-boost|p2a: Corviknight|def|1
|
|-heal|p2a: Corviknight|54/100|[from] item: Leftovers
|upkeep
|turn|17
|
|t:|1666679725
|switch|p2a: Volcarona|Volcarona, F|100/100
|move|p1a: Kartana|Sacred Sword|p2a: Volcarona
|-resisted|p2a: Volcarona
|-damage|p2a: Volcarona|74/100
|
|upkeep
|turn|18
|
|t:|1666679730
|switch|p1a: Garchomp|Garchomp, M|100/100
|switch|p2a: Weavile|Weavile, M|100/100
|-ability|p2a: Weavile|Pressure
|
|upkeep
|turn|19
|
|t:|1666679733
|switch|p1a: Dragapult|Dragapult, F|76/100
|move|p2a: Weavile|Knock Off|p1a: Dragapult
|-supereffective|p1a: Dragapult
|-damage|p1a: Dragapult|0 fnt
|-enditem|p1a: Dragapult|Leftovers|[from] move: Knock Off|[of] p2a: Weavile
|faint|p1a: Dragapult
|
|upkeep
|
|t:|1666679738
|switch|p1a: Ferrothorn|Ferrothorn, F|100/100
|turn|20
|
|t:|1666679746
|move|p2a: Weavile|Knock Off|p1a: Ferrothorn
|-damage|p1a: Ferrothorn|46/100
|-damage|p2a: Weavile|88/100|[from] ability: Iron Barbs|[of] p1a: Ferrothorn
|-enditem|p1a: Ferrothorn|Leftovers|[from] move: Knock Off|[of] p2a: Weavile
|move|p1a: Ferrothorn|Leech Seed|p2a: Weavile
|-start|p2a: Weavile|move: Leech Seed
|
|-damage|p2a: Weavile|76/100|[from] Leech Seed|[of] p1a: Ferrothorn
|-heal|p1a: Ferrothorn|56/100|[silent]
|upkeep
|turn|21
|
|t:|1666679749
|switch|p2a: Corviknight|Corviknight, M|54/100
|-ability|p2a: Corviknight|Pressure
|move|p1a: Ferrothorn|Gyro Ball|p2a: Corviknight
|-resisted|p2a: Corviknight
|-damage|p2a: Corviknight|41/100
|
|-heal|p2a: Corviknight|47/100|[from] item: Leftovers
|upkeep
|turn|22
|-message|tawny's alt forfeited.
|
|win|Kwaga
|raw|tawny&apos;s alt's rating: 1576 &rarr; <strong>1563</strong><br />(-13 for losing)
|raw|Kwaga's rating: 1704 &rarr; <strong>1717</strong><br />(+13 for winning)
|l|☆tawny's alt
