|j|☆Steve Omelette
|j|☆x19990908
|t:|1667912652
|gametype|singles
|player|p1|Steve Omelette|265|1693
|player|p2|x19990908|102|1652
|teamsize|p1|6
|teamsize|p2|6
|gen|8
|tier|[Gen 8] OU
|rated|
|rule|Sleep Clause Mod: Limit one foe put to sleep
|rule|Species Clause: Limit one of each Pokémon
|rule|OHKO Clause: OHKO moves are banned
|rule|Evasion Items Clause: Evasion items are banned
|rule|Evasion Moves Clause: Evasion moves are banned
|rule|Endless Battle Clause: Forcing endless battles is banned
|rule|HP Percentage Mod: HP is shown in percentages
|rule|Dynamax Clause: You cannot dynamax
|clearpoke
|poke|p1|Weavile, M|
|poke|p1|Dragapult, M|
|poke|p1|Gastrodon, M|
|poke|p1|Skarmory, M|
|poke|p1|Clefable, M|
|poke|p1|Heatran, M|
|poke|p2|Landorus-Therian, M|
|poke|p2|Blissey, F|
|poke|p2|Heatran, F|
|poke|p2|Toxapex, M|
|poke|p2|Garchomp, M|
|poke|p2|Tapu Koko|
|teampreview
|inactive|Battle timer is ON: inactive players will automatically lose when time's up. (requested by x19990908)
|
|t:|1667912671
|start
|switch|p1a: Skarmory|Skarmory, M|100/100
|switch|p2a: Heatran|Heatran, F|100/100
|turn|1
|
|t:|1667912677
|switch|p1a: Gastrodon|Gastrodon, M|100/100
|move|p2a: Heatran|Magma Storm|p1a: Gastrodon|[miss]
|-miss|p2a: Heatran|p1a: Gastrodon
|
|upkeep
|turn|2
|
|t:|1667912685
|switch|p2a: Toxapex|Toxapex, M|100/100
|move|p1a: Gastrodon|Earth Power|p2a: Toxapex
|-supereffective|p2a: Toxapex
|-damage|p2a: Toxapex|49/100
|
|upkeep
|turn|3
|
|t:|1667912690
|switch|p1a: Clefable|Clefable, M|100/100
|switch|p2a: Blissey|Blissey, F|100/100
|
|upkeep
|turn|4
|
|t:|1667912693
|move|p1a: Clefable|Trick|p2a: Blissey
|-activate|p1a: Clefable|move: Trick|[of] p2a: Blissey
|-item|p2a: Blissey|Choice Scarf|[from] move: Trick
|-item|p1a: Clefable|Heavy-Duty Boots|[from] move: Trick
|move|p2a: Blissey|Thunder Wave|p1a: Clefable
|-status|p1a: Clefable|par
|
|upkeep
|turn|5
|
|t:|1667912720
|switch|p2a: Toxapex|Toxapex, M|82/100
|move|p1a: Clefable|Moonblast|p2a: Toxapex
|-resisted|p2a: Toxapex
|-damage|p2a: Toxapex|69/100
|
|upkeep
|turn|6
|
|t:|1667912729
|move|p2a: Toxapex|Toxic Spikes|p1a: Clefable
|-sidestart|p1: Steve Omelette|move: Toxic Spikes
|move|p1a: Clefable|Calm Mind|p1a: Clefable
|-boost|p1a: Clefable|spa|1
|-boost|p1a: Clefable|spd|1
|
|upkeep
|turn|7
|
|t:|1667912733
|move|p2a: Toxapex|Haze|p2a: Toxapex
|-clearallboost
|move|p1a: Clefable|Calm Mind|p1a: Clefable
|-boost|p1a: Clefable|spa|1
|-boost|p1a: Clefable|spd|1
|
|upkeep
|turn|8
|
|t:|1667912738
|switch|p1a: Skarmory|Skarmory, M|100/100
|move|p2a: Toxapex|Haze|p2a: Toxapex
|-clearallboost
|
|upkeep
|turn|9
|
|t:|1667912741
|move|p1a: Skarmory|Spikes|p2a: Toxapex
|-sidestart|p2: x19990908|Spikes
|move|p2a: Toxapex|Knock Off|p1a: Skarmory
|-crit|p1a: Skarmory
|-damage|p1a: Skarmory|87/100
|-damage|p2a: Toxapex|53/100|[from] item: Rocky Helmet|[of] p1a: Skarmory
|-enditem|p1a: Skarmory|Rocky Helmet|[from] move: Knock Off|[of] p2a: Toxapex
|
|upkeep
|turn|10
|
|t:|1667912746
|switch|p2a: Heatran|Heatran, F|100/100
|-damage|p2a: Heatran|88/100|[from] Spikes
|move|p1a: Skarmory|Spikes|p2a: Heatran
|-sidestart|p2: x19990908|Spikes
|
|upkeep
|turn|11
|
|t:|1667912751
|switch|p1a: Gastrodon|Gastrodon, M|100/100
|move|p2a: Heatran|Earth Power|p1a: Gastrodon
|-crit|p1a: Gastrodon
|-damage|p1a: Gastrodon|66/100
|
|upkeep
|turn|12
|
|t:|1667912758
|switch|p2a: Blissey|Blissey, F|100/100
|-damage|p2a: Blissey|84/100|[from] Spikes
|move|p1a: Gastrodon|Scald|p2a: Blissey
|-damage|p2a: Blissey|74/100
|
|upkeep
|turn|13
|
|t:|1667912762
|move|p1a: Gastrodon|Recover|p1a: Gastrodon
|-heal|p1a: Gastrodon|100/100
|move|p2a: Blissey|Teleport|p2a: Blissey
|
|t:|1667912766
|switch|p2a: Landorus|Landorus-Therian, M|100/100|[from]move: Teleport
|-ability|p2a: Landorus|Intimidate|boost
|-unboost|p1a: Gastrodon|atk|1
|
|upkeep
|turn|14
|
|t:|1667912774
|switch|p1a: Skarmory|Skarmory, M|87/100
|move|p2a: Landorus|Knock Off|p1a: Skarmory
|-damage|p1a: Skarmory|76/100
|
|upkeep
|turn|15
|
|t:|1667912783
|move|p2a: Landorus|Stealth Rock|p1a: Skarmory
|-sidestart|p1: Steve Omelette|move: Stealth Rock
|move|p1a: Skarmory|Spikes|p2a: Landorus
|-sidestart|p2: x19990908|Spikes
|
|upkeep
|turn|16
|
|t:|1667912787
|move|p2a: Landorus|U-turn|p1a: Skarmory
|-resisted|p1a: Skarmory
|-damage|p1a: Skarmory|73/100
|
|t:|1667912790
|switch|p2a: Toxapex|Toxapex, M|86/100|[from]move: U-turn
|-damage|p2a: Toxapex|62/100|[from] Spikes
|move|p1a: Skarmory|Toxic|p2a: Toxapex|[miss]
|-miss|p1a: Skarmory|p2a: Toxapex
|
|upkeep
|turn|17
|
|t:|1667912795
|move|p1a: Skarmory|Roost|p1a: Skarmory
|-heal|p1a: Skarmory|100/100
|-singleturn|p1a: Skarmory|move: Roost
|move|p2a: Toxapex|Toxic Spikes|p1a: Skarmory
|-sidestart|p1: Steve Omelette|move: Toxic Spikes
|
|upkeep
|turn|18
|
|t:|1667912805
|switch|p1a: Clefable|Clefable, M|100/100 par
|move|p2a: Toxapex|Recover|p2a: Toxapex
|-heal|p2a: Toxapex|100/100
|
|upkeep
|turn|19
|
|t:|1667912808
|move|p2a: Toxapex|Knock Off|p1a: Clefable
|-resisted|p1a: Clefable
|-damage|p1a: Clefable|95/100 par
|-enditem|p1a: Clefable|Heavy-Duty Boots|[from] move: Knock Off|[of] p2a: Toxapex
|move|p1a: Clefable|Calm Mind|p1a: Clefable
|-boost|p1a: Clefable|spa|1
|-boost|p1a: Clefable|spd|1
|
|upkeep
|turn|20
|
|t:|1667912813
|move|p2a: Toxapex|Haze|p2a: Toxapex
|-clearallboost
|move|p1a: Clefable|Moonblast|p2a: Toxapex
|-resisted|p2a: Toxapex
|-damage|p2a: Toxapex|89/100
|-unboost|p2a: Toxapex|spa|1
|
|upkeep
|turn|21
|
|t:|1667912820
|switch|p2a: Blissey|Blissey, F|74/100
|-damage|p2a: Blissey|49/100|[from] Spikes
|move|p1a: Clefable|Calm Mind|p1a: Clefable
|-boost|p1a: Clefable|spa|1
|-boost|p1a: Clefable|spd|1
|
|upkeep
|turn|22
|
|t:|1667912826
|move|p2a: Blissey|Soft-Boiled|p2a: Blissey
|-heal|p2a: Blissey|99/100
|cant|p1a: Clefable|par
|
|upkeep
|turn|23
|
|t:|1667912828
|switch|p2a: Toxapex|Toxapex, M|100/100
|-damage|p2a: Toxapex|76/100|[from] Spikes
|move|p1a: Clefable|Moonblast|p2a: Toxapex
|-resisted|p2a: Toxapex
|-damage|p2a: Toxapex|56/100
|
|upkeep
|turn|24
|
|t:|1667912831
|move|p2a: Toxapex|Haze|p2a: Toxapex
|-clearallboost
|move|p1a: Clefable|Moonblast|p2a: Toxapex
|-resisted|p2a: Toxapex
|-damage|p2a: Toxapex|42/100
|
|upkeep
|turn|25
|
|t:|1667912834
|move|p2a: Toxapex|Recover|p2a: Toxapex
|-heal|p2a: Toxapex|92/100
|move|p1a: Clefable|Calm Mind|p1a: Clefable
|-boost|p1a: Clefable|spa|1
|-boost|p1a: Clefable|spd|1
|
|upkeep
|turn|26
|
|t:|1667912838
|move|p2a: Toxapex|Haze|p2a: Toxapex
|-clearallboost
|move|p1a: Clefable|Moonblast|p2a: Toxapex
|-resisted|p2a: Toxapex
|-damage|p2a: Toxapex|80/100
|
|upkeep
|turn|27
|
|t:|1667912840
|move|p2a: Toxapex|Knock Off|p1a: Clefable
|-resisted|p1a: Clefable
|-damage|p1a: Clefable|91/100 par
|cant|p1a: Clefable|par
|
|upkeep
|turn|28
|
|t:|1667912853
|switch|p2a: Tapu Koko|Tapu Koko|100/100
|-fieldstart|move: Electric Terrain|[from] ability: Electric Surge|[of] p2a: Tapu Koko
|cant|p1a: Clefable|par
|
|upkeep
|turn|29
|
|t:|1667912859
|move|p2a: Tapu Koko|Dazzling Gleam|p1a: Clefable
|-damage|p1a: Clefable|65/100 par
|move|p1a: Clefable|Moonblast|p2a: Tapu Koko
|-damage|p2a: Tapu Koko|63/100
|-unboost|p2a: Tapu Koko|spa|1
|
|upkeep
|turn|30
|
|t:|1667912863
|move|p2a: Tapu Koko|Calm Mind|p2a: Tapu Koko
|-boost|p2a: Tapu Koko|spa|1
|-boost|p2a: Tapu Koko|spd|1
|move|p1a: Clefable|Soft-Boiled|p1a: Clefable
|-heal|p1a: Clefable|100/100 par
|
|upkeep
|turn|31
|
|t:|1667912866
|switch|p1a: Gastrodon|Gastrodon, M|100/100
|move|p2a: Tapu Koko|Roost|p2a: Tapu Koko
|-heal|p2a: Tapu Koko|100/100
|-singleturn|p2a: Tapu Koko|move: Roost
|
|upkeep
|turn|32
|
|t:|1667912870
|switch|p2a: Blissey|Blissey, F|99/100
|-damage|p2a: Blissey|74/100|[from] Spikes
|move|p1a: Gastrodon|Earth Power|p2a: Blissey
|-damage|p2a: Blissey|63/100
|
|-fieldend|move: Electric Terrain
|upkeep
|turn|33
|
|t:|1667912875
|switch|p1a: Clefable|Clefable, M|100/100 par
|move|p2a: Blissey|Teleport|p2a: Blissey
|
|t:|1667912880
|switch|p2a: Garchomp|Garchomp, M|100/100|[from]move: Teleport
|-damage|p2a: Garchomp|76/100|[from] Spikes
|
|upkeep
|turn|34
|
|t:|1667912886
|move|p2a: Garchomp|Earthquake|p1a: Clefable
|-damage|p1a: Clefable|50/100 par
|-damage|p2a: Garchomp|66/100|[from] item: Life Orb
|move|p1a: Clefable|Moonblast|p2a: Garchomp
|-supereffective|p2a: Garchomp
|-damage|p2a: Garchomp|1/100
|
|upkeep
|turn|35
|
|t:|1667912892
|switch|p1a: Skarmory|Skarmory, M|100/100
|-damage|p1a: Skarmory|88/100|[from] Stealth Rock
|move|p2a: Garchomp|Swords Dance|p2a: Garchomp
|-boost|p2a: Garchomp|atk|2
|
|upkeep
|turn|36
|
|t:|1667912896
|move|p2a: Garchomp|Fire Fang|p1a: Skarmory
|-supereffective|p1a: Skarmory
|-damage|p1a: Skarmory|24/100
|-damage|p2a: Garchomp|0 fnt|[from] item: Life Orb
|faint|p2a: Garchomp
|move|p1a: Skarmory|Body Press|p2: Garchomp|[notarget]
|-fail|p1a: Skarmory
|
|upkeep
|
|t:|1667912906
|switch|p2a: Tapu Koko|Tapu Koko|100/100
|-fieldstart|move: Electric Terrain|[from] ability: Electric Surge|[of] p2a: Tapu Koko
|turn|37
|
|t:|1667912909
|switch|p1a: Gastrodon|Gastrodon, M|100/100
|move|p2a: Tapu Koko|Dazzling Gleam|p1a: Gastrodon
|-damage|p1a: Gastrodon|82/100
|
|upkeep
|turn|38
|
|t:|1667912917
|switch|p2a: Landorus|Landorus-Therian, M|100/100
|-ability|p2a: Landorus|Intimidate|boost
|-unboost|p1a: Gastrodon|atk|1
|move|p1a: Gastrodon|Scald|p2a: Landorus
|-supereffective|p2a: Landorus
|-damage|p2a: Landorus|63/100
|
|-heal|p2a: Landorus|69/100|[from] item: Leftovers
|upkeep
|turn|39
|
|t:|1667912939
|switch|p1a: Weavile|Weavile, M|100/100
|-ability|p1a: Weavile|Pressure
|move|p2a: Landorus|Knock Off|p1a: Weavile
|-resisted|p1a: Weavile
|-damage|p1a: Weavile|76/100
|-enditem|p1a: Weavile|Heavy-Duty Boots|[from] move: Knock Off|[of] p2a: Landorus
|
|-heal|p2a: Landorus|75/100|[from] item: Leftovers
|upkeep
|turn|40
|
|t:|1667912950
|switch|p2a: Heatran|Heatran, F|88/100
|-damage|p2a: Heatran|63/100|[from] Spikes
|move|p1a: Weavile|Swords Dance|p1a: Weavile
|-boost|p1a: Weavile|atk|2
|
|upkeep
|turn|41
|
|t:|1667912957
|move|p1a: Weavile|Knock Off|p2a: Heatran
|-damage|p2a: Heatran|0 fnt
|-enditem|p2a: Heatran|Choice Scarf|[from] move: Knock Off|[of] p1a: Weavile
|faint|p2a: Heatran
|
|-fieldend|move: Electric Terrain
|upkeep
|
|t:|1667912960
|switch|p2a: Toxapex|Toxapex, M|100/100
|-damage|p2a: Toxapex|76/100|[from] Spikes
|turn|42
|
|t:|1667912968
|move|p1a: Weavile|Knock Off|p2a: Toxapex
|-damage|p2a: Toxapex|22/100
|-damage|p1a: Weavile|60/100|[from] item: Rocky Helmet|[of] p2a: Toxapex
|-enditem|p2a: Toxapex|Rocky Helmet|[from] move: Knock Off|[of] p1a: Weavile
|move|p2a: Toxapex|Haze|p2a: Toxapex
|-clearallboost
|
|upkeep
|turn|43
|
|t:|1667912972
|move|p1a: Weavile|Knock Off|p2a: Toxapex
|-damage|p2a: Toxapex|1/100
|move|p2a: Toxapex|Recover|p2a: Toxapex
|-heal|p2a: Toxapex|51/100
|
|upkeep
|turn|44
|
|t:|1667912977
|move|p1a: Weavile|Swords Dance|p1a: Weavile
|-boost|p1a: Weavile|atk|2
|move|p2a: Toxapex|Recover|p2a: Toxapex
|-heal|p2a: Toxapex|100/100
|
|upkeep
|turn|45
|
|t:|1667912979
|move|p1a: Weavile|Knock Off|p2a: Toxapex
|-damage|p2a: Toxapex|61/100
|move|p2a: Toxapex|Haze|p2a: Toxapex
|-clearallboost
|
|upkeep
|turn|46
|
|t:|1667912982
|move|p1a: Weavile|Swords Dance|p1a: Weavile
|-boost|p1a: Weavile|atk|2
|move|p2a: Toxapex|Recover|p2a: Toxapex
|-heal|p2a: Toxapex|100/100
|
|upkeep
|turn|47
|
|t:|1667912985
|move|p1a: Weavile|Knock Off|p2a: Toxapex
|-damage|p2a: Toxapex|64/100
|move|p2a: Toxapex|Haze|p2a: Toxapex
|-clearallboost
|
|upkeep
|turn|48
|
|t:|1667912990
|switch|p2a: Tapu Koko|Tapu Koko|100/100
|-fieldstart|move: Electric Terrain|[from] ability: Electric Surge|[of] p2a: Tapu Koko
|move|p1a: Weavile|Swords Dance|p1a: Weavile
|-boost|p1a: Weavile|atk|2
|
|upkeep
|turn|49
|
|t:|1667912993
|move|p1a: Weavile|Ice Shard|p2a: Tapu Koko
|-damage|p2a: Tapu Koko|58/100
|move|p2a: Tapu Koko|Dazzling Gleam|p1a: Weavile
|-supereffective|p1a: Weavile
|-damage|p1a: Weavile|0 fnt
|faint|p1a: Weavile
|
|upkeep
|
|t:|1667913004
|switch|p1a: Gastrodon|Gastrodon, M|82/100
|turn|50
|
|t:|1667913008
|switch|p2a: Blissey|Blissey, F|63/100
|-damage|p2a: Blissey|38/100|[from] Spikes
|move|p1a: Gastrodon|Earth Power|p2a: Blissey
|-damage|p2a: Blissey|28/100
|
|upkeep
|turn|51
|
|t:|1667913015
|switch|p1a: Skarmory|Skarmory, M|24/100
|-damage|p1a: Skarmory|12/100|[from] Stealth Rock
|move|p2a: Blissey|Soft-Boiled|p2a: Blissey
|-heal|p2a: Blissey|78/100
|
|upkeep
|turn|52
|
|t:|1667913031
|switch|p2a: Landorus|Landorus-Therian, M|75/100
|-ability|p2a: Landorus|Intimidate|boost
|-unboost|p1a: Skarmory|atk|1
|move|p1a: Skarmory|Roost|p1a: Skarmory
|-heal|p1a: Skarmory|62/100
|-singleturn|p1a: Skarmory|move: Roost
|
|-heal|p2a: Landorus|81/100|[from] item: Leftovers
|-fieldend|move: Electric Terrain
|upkeep
|turn|53
|
|t:|1667913036
|move|p2a: Landorus|U-turn|p1a: Skarmory
|-resisted|p1a: Skarmory
|-damage|p1a: Skarmory|59/100
|
|t:|1667913040
|switch|p2a: Blissey|Blissey, F|78/100|[from]move: U-turn
|-damage|p2a: Blissey|53/100|[from] Spikes
|move|p1a: Skarmory|Toxic|p2a: Blissey
|-status|p2a: Blissey|tox
|
|-damage|p2a: Blissey|47/100 tox|[from] psn
|upkeep
|turn|54
|
|t:|1667913044
|move|p1a: Skarmory|Body Press|p2a: Blissey
|-supereffective|p2a: Blissey
|-damage|p2a: Blissey|0 fnt
|faint|p2a: Blissey
|
|upkeep
|
|t:|1667913047
|switch|p2a: Tapu Koko|Tapu Koko|58/100
|-fieldstart|move: Electric Terrain|[from] ability: Electric Surge|[of] p2a: Tapu Koko
|turn|55
|j| gold bottle
|
|t:|1667913053
|switch|p1a: Gastrodon|Gastrodon, M|82/100
|move|p2a: Tapu Koko|Thunderbolt|p1a: Gastrodon
|-immune|p1a: Gastrodon
|
|upkeep
|turn|56
|
|t:|1667913056
|switch|p2a: Landorus|Landorus-Therian, M|81/100
|-ability|p2a: Landorus|Intimidate|boost
|-unboost|p1a: Gastrodon|atk|1
|move|p1a: Gastrodon|Earth Power|p2a: Landorus
|-immune|p2a: Landorus
|
|-heal|p2a: Landorus|87/100|[from] item: Leftovers
|upkeep
|turn|57
|
|t:|1667913071
|switch|p1a: Skarmory|Skarmory, M|59/100
|-damage|p1a: Skarmory|47/100|[from] Stealth Rock
|move|p2a: Landorus|U-turn|p1a: Skarmory
|-resisted|p1a: Skarmory
|-damage|p1a: Skarmory|43/100
|
|t:|1667913074
|switch|p2a: Tapu Koko|Tapu Koko|58/100|[from]move: U-turn
|
|upkeep
|turn|58
|
|t:|1667913081
|switch|p1a: Gastrodon|Gastrodon, M|82/100
|move|p2a: Tapu Koko|Thunderbolt|p1a: Gastrodon
|-immune|p1a: Gastrodon
|
|upkeep
|turn|59
|
|t:|1667913084
|switch|p2a: Landorus|Landorus-Therian, M|87/100
|-ability|p2a: Landorus|Intimidate|boost
|-unboost|p1a: Gastrodon|atk|1
|move|p1a: Gastrodon|Scald|p2a: Landorus
|-supereffective|p2a: Landorus
|-damage|p2a: Landorus|48/100
|
|-heal|p2a: Landorus|54/100|[from] item: Leftovers
|-fieldend|move: Electric Terrain
|upkeep
|turn|60
|
|t:|1667913094
|switch|p1a: Skarmory|Skarmory, M|43/100
|-damage|p1a: Skarmory|31/100|[from] Stealth Rock
|move|p2a: Landorus|U-turn|p1a: Skarmory
|-resisted|p1a: Skarmory
|-damage|p1a: Skarmory|27/100
|
|t:|1667913099
|switch|p2a: Tapu Koko|Tapu Koko|58/100|[from]move: U-turn
|-fieldstart|move: Electric Terrain|[from] ability: Electric Surge|[of] p2a: Tapu Koko
|
|upkeep
|turn|61
|
|t:|1667913102
|switch|p1a: Gastrodon|Gastrodon, M|82/100
|move|p2a: Tapu Koko|Roost|p2a: Tapu Koko
|-heal|p2a: Tapu Koko|100/100
|-singleturn|p2a: Tapu Koko|move: Roost
|
|upkeep
|turn|62
|
|t:|1667913106
|move|p2a: Tapu Koko|Calm Mind|p2a: Tapu Koko
|-boost|p2a: Tapu Koko|spa|1
|-boost|p2a: Tapu Koko|spd|1
|move|p1a: Gastrodon|Scald|p2a: Tapu Koko
|-damage|p2a: Tapu Koko|80/100
|
|upkeep
|turn|63
|
|t:|1667913109
|move|p2a: Tapu Koko|Calm Mind|p2a: Tapu Koko
|-boost|p2a: Tapu Koko|spa|1
|-boost|p2a: Tapu Koko|spd|1
|move|p1a: Gastrodon|Scald|p2a: Tapu Koko
|-damage|p2a: Tapu Koko|63/100
|-status|p2a: Tapu Koko|brn
|
|-damage|p2a: Tapu Koko|56/100 brn|[from] brn
|upkeep
|turn|64
|j| CutePokesOnly
|
|t:|1667913113
|move|p2a: Tapu Koko|Roost|p2a: Tapu Koko
|-heal|p2a: Tapu Koko|100/100 brn
|-singleturn|p2a: Tapu Koko|move: Roost
|move|p1a: Gastrodon|Clear Smog|p2a: Tapu Koko
|-supereffective|p2a: Tapu Koko
|-damage|p2a: Tapu Koko|88/100 brn
|-clearboost|p2a: Tapu Koko
|
|-damage|p2a: Tapu Koko|82/100 brn|[from] brn
|-fieldend|move: Electric Terrain
|upkeep
|turn|65
|
|t:|1667913117
|move|p2a: Tapu Koko|Calm Mind|p2a: Tapu Koko
|-boost|p2a: Tapu Koko|spa|1
|-boost|p2a: Tapu Koko|spd|1
|move|p1a: Gastrodon|Scald|p2a: Tapu Koko
|-crit|p2a: Tapu Koko
|-damage|p2a: Tapu Koko|30/100 brn
|
|-damage|p2a: Tapu Koko|24/100 brn|[from] brn
|upkeep
|turn|66
|
|t:|1667913120
|move|p2a: Tapu Koko|Roost|p2a: Tapu Koko
|-heal|p2a: Tapu Koko|74/100 brn
|-singleturn|p2a: Tapu Koko|move: Roost
|move|p1a: Gastrodon|Earth Power|p2a: Tapu Koko
|-supereffective|p2a: Tapu Koko
|-damage|p2a: Tapu Koko|24/100 brn
|
|-damage|p2a: Tapu Koko|18/100 brn|[from] brn
|upkeep
|turn|67
|
|t:|1667913123
|move|p2a: Tapu Koko|Roost|p2a: Tapu Koko
|-heal|p2a: Tapu Koko|68/100 brn
|-singleturn|p2a: Tapu Koko|move: Roost
|move|p1a: Gastrodon|Earth Power|p2a: Tapu Koko
|-supereffective|p2a: Tapu Koko
|-damage|p2a: Tapu Koko|16/100 brn
|
|-damage|p2a: Tapu Koko|10/100 brn|[from] brn
|upkeep
|turn|68
|
|t:|1667913127
|switch|p2a: Landorus|Landorus-Therian, M|54/100
|-ability|p2a: Landorus|Intimidate|boost
|-unboost|p1a: Gastrodon|atk|1
|move|p1a: Gastrodon|Earth Power|p2a: Landorus
|-immune|p2a: Landorus
|
|-heal|p2a: Landorus|60/100|[from] item: Leftovers
|upkeep
|turn|69
|
|t:|1667913137
|switch|p1a: Clefable|Clefable, M|50/100 par
|move|p2a: Landorus|Knock Off|p1a: Clefable
|-resisted|p1a: Clefable
|-damage|p1a: Clefable|43/100 par
|
|-heal|p2a: Landorus|66/100|[from] item: Leftovers
|upkeep
|turn|70
|
|t:|1667913141
|move|p2a: Landorus|Knock Off|p1a: Clefable
|-resisted|p1a: Clefable
|-damage|p1a: Clefable|35/100 par
|cant|p1a: Clefable|par
|
|-heal|p2a: Landorus|72/100|[from] item: Leftovers
|upkeep
|turn|71
|
|t:|1667913145
|move|p2a: Landorus|Knock Off|p1a: Clefable
|-resisted|p1a: Clefable
|-damage|p1a: Clefable|27/100 par
|move|p1a: Clefable|Trick|p2a: Landorus
|-activate|p1a: Clefable|move: Trick|[of] p2a: Landorus
|-enditem|p2a: Landorus|Leftovers|[silent]|[from] move: Trick
|-item|p1a: Clefable|Leftovers|[from] move: Trick
|
|-heal|p1a: Clefable|33/100 par|[from] item: Leftovers
|upkeep
|turn|72
|
|t:|1667913148
|move|p2a: Landorus|Knock Off|p1a: Clefable
|-resisted|p1a: Clefable
|-damage|p1a: Clefable|22/100 par
|-enditem|p1a: Clefable|Leftovers|[from] move: Knock Off|[of] p2a: Landorus
|cant|p1a: Clefable|par
|
|upkeep
|turn|73
|
|t:|1667913151
|move|p2a: Landorus|Knock Off|p1a: Clefable
|-resisted|p1a: Clefable
|-damage|p1a: Clefable|13/100 par
|move|p1a: Clefable|Moonblast|p2a: Landorus
|-damage|p2a: Landorus|48/100
|-unboost|p2a: Landorus|spa|1
|
|upkeep
|turn|74
|
|t:|1667913155
|move|p2a: Landorus|Knock Off|p1a: Clefable
|-resisted|p1a: Clefable
|-damage|p1a: Clefable|5/100 par
|move|p1a: Clefable|Moonblast|p2a: Landorus
|-damage|p2a: Landorus|24/100
|
|upkeep
|turn|75
|
|t:|1667913160
|move|p2a: Landorus|Knock Off|p1a: Clefable
|-resisted|p1a: Clefable
|-damage|p1a: Clefable|0 fnt
|faint|p1a: Clefable
|
|upkeep
|
|t:|1667913163
|switch|p1a: Dragapult|Dragapult, M|100/100
|turn|76
|l| CutePokesOnly
|
|t:|1667913178
|move|p1a: Dragapult|Hex|p2a: Landorus
|-damage|p2a: Landorus|4/100
|move|p2a: Landorus|Knock Off|p1a: Dragapult
|-supereffective|p1a: Dragapult
|-damage|p1a: Dragapult|21/100
|-enditem|p1a: Dragapult|Heavy-Duty Boots|[from] move: Knock Off|[of] p2a: Landorus
|
|upkeep
|turn|77
|
|t:|1667913182
|switch|p2a: Toxapex|Toxapex, M|97/100
|-damage|p2a: Toxapex|72/100|[from] Spikes
|move|p1a: Dragapult|Hex|p2a: Toxapex
|-damage|p2a: Toxapex|49/100
|
|upkeep
|turn|78
|
|t:|1667913188
|move|p1a: Dragapult|Draco Meteor|p2a: Toxapex|[miss]
|-miss|p1a: Dragapult|p2a: Toxapex
|move|p2a: Toxapex|Recover|p2a: Toxapex
|-heal|p2a: Toxapex|99/100
|
|upkeep
|turn|79
|
|t:|1667913198
|move|p1a: Dragapult|Draco Meteor|p2a: Toxapex
|-damage|p2a: Toxapex|52/100
|-unboost|p1a: Dragapult|spa|2
|move|p2a: Toxapex|Knock Off|p1a: Dragapult
|-supereffective|p1a: Dragapult
|-damage|p1a: Dragapult|0 fnt
|faint|p1a: Dragapult
|
|upkeep
|
|t:|1667913202
|switch|p1a: Heatran|Heatran, M|100/100
|-damage|p1a: Heatran|88/100|[from] Stealth Rock
|turn|80
|
|t:|1667913206
|move|p1a: Heatran|Stealth Rock|p2a: Toxapex
|-sidestart|p2: x19990908|move: Stealth Rock
|move|p2a: Toxapex|Recover|p2a: Toxapex
|-heal|p2a: Toxapex|100/100
|
|-heal|p1a: Heatran|94/100|[from] item: Leftovers
|upkeep
|turn|81
|
|t:|1667913212
|switch|p1a: Gastrodon|Gastrodon, M|82/100
|move|p2a: Toxapex|Knock Off|p1a: Gastrodon
|-damage|p1a: Gastrodon|66/100
|-enditem|p1a: Gastrodon|Heavy-Duty Boots|[from] move: Knock Off|[of] p2a: Toxapex
|
|upkeep
|turn|82
|
|t:|1667913219
|switch|p2a: Landorus|Landorus-Therian, M|4/100
|-damage|p2a: Landorus|0 fnt|[from] Stealth Rock
|faint|p2a: Landorus
|move|p1a: Gastrodon|Recover|p1a: Gastrodon
|-heal|p1a: Gastrodon|100/100
|
|upkeep
|j| down it
|
|t:|1667913224
|switch|p2a: Toxapex|Toxapex, M|100/100
|-damage|p2a: Toxapex|76/100|[from] Spikes
|-damage|p2a: Toxapex|64/100|[from] Stealth Rock
|turn|83
|
|t:|1667913227
|move|p1a: Gastrodon|Scald|p2a: Toxapex
|-resisted|p2a: Toxapex
|-damage|p2a: Toxapex|53/100
|-status|p2a: Toxapex|brn
|move|p2a: Toxapex|Recover|p2a: Toxapex
|-heal|p2a: Toxapex|100/100 brn
|
|-damage|p2a: Toxapex|95/100 brn|[from] brn
|upkeep
|turn|84
|
|t:|1667913230
|move|p1a: Gastrodon|Earth Power|p2a: Toxapex
|-supereffective|p2a: Toxapex
|-damage|p2a: Toxapex|49/100 brn
|move|p2a: Toxapex|Knock Off|p1a: Gastrodon
|-damage|p1a: Gastrodon|95/100
|
|-damage|p2a: Toxapex|43/100 brn|[from] brn
|upkeep
|turn|85
|-message|x19990908 forfeited.
|
|win|Steve Omelette
|raw|Steve Omelette's rating: 1693 &rarr; <strong>1711</strong><br />(+18 for winning)
|raw|x19990908's rating: 1652 &rarr; <strong>1634</strong><br />(-18 for losing)
|l|☆x19990908
|l|☆Steve Omelette
