|j|☆GGeorgie
|j|☆Giogiovannio
|t:|1661294168
|gametype|singles
|player|p1|GGeorgie|hiker-gen2|1749
|player|p2|Giogiovannio|drayden|1665
|teamsize|p1|6
|teamsize|p2|6
|gen|8
|tier|[Gen 8] OU
|rated|
|rule|Sleep Clause Mod: Limit one foe put to sleep
|rule|Species Clause: Limit one of each Pokémon
|rule|OHKO Clause: OHKO moves are banned
|rule|Evasion Items Clause: Evasion items are banned
|rule|Evasion Moves Clause: Evasion moves are banned
|rule|Endless Battle Clause: Forcing endless battles is banned
|rule|HP Percentage Mod: HP is shown in percentages
|rule|Dynamax Clause: You cannot dynamax
|clearpoke
|poke|p1|Excadrill, F|
|poke|p1|Tyranitar, M|
|poke|p1|Landorus-Therian, M|
|poke|p1|Victini|
|poke|p1|Rotom-Wash|
|poke|p1|Melmetal|
|poke|p2|Rotom-Wash|
|poke|p2|Buzzwole|
|poke|p2|Kartana|
|poke|p2|Landorus-Therian, M|
|poke|p2|Blissey, F|
|poke|p2|Blacephalon|
|teampreview
|inactive|Battle timer is ON: inactive players will automatically lose when time's up. (requested by GGeorgie)
|
|t:|1661294181
|start
|switch|p1a: Rotom|Rotom-Wash|100/100
|switch|p2a: Buzzwole|Buzzwole|100/100
|turn|1
|
|t:|1661294185
|move|p2a: Buzzwole|Close Combat|p1a: Rotom
|-damage|p1a: Rotom|7/100
|-unboost|p2a: Buzzwole|def|1
|-unboost|p2a: Buzzwole|spd|1
|-damage|p2a: Buzzwole|84/100|[from] item: Rocky Helmet|[of] p1a: Rotom
|move|p1a: Rotom|Volt Switch|p2a: Buzzwole
|-damage|p2a: Buzzwole|25/100
|
|t:|1661294191
|switch|p1a: Victini|Victini|100/100|[from]move: Volt Switch
|
|upkeep
|turn|2
|
|t:|1661294198
|switch|p2a: Rotom|Rotom-Wash|100/100
|move|p1a: Victini|Bolt Strike|p2a: Rotom
|-damage|p2a: Rotom|62/100
|
|-heal|p2a: Rotom|68/100|[from] item: Leftovers
|upkeep
|turn|3
|
|t:|1661294203
|move|p1a: Victini|Power-Up Punch|p2a: Rotom
|-damage|p2a: Rotom|55/100
|-boost|p1a: Victini|atk|1
|move|p2a: Rotom|Volt Switch|p1a: Victini
|-damage|p1a: Victini|77/100
|
|t:|1661294207
|switch|p2a: Landorus|Landorus-Therian, M|100/100|[from]move: Volt Switch
|-ability|p2a: Landorus|Intimidate|boost
|-unboost|p1a: Victini|atk|1
|
|upkeep
|turn|4
|
|t:|1661294212
|move|p1a: Victini|V-create|p2a: Landorus
|-damage|p2a: Landorus|22/100
|-unboost|p1a: Victini|spe|1
|-unboost|p1a: Victini|def|1
|-unboost|p1a: Victini|spd|1
|move|p2a: Landorus|Stealth Rock|p1a: Victini
|-sidestart|p1: GGeorgie|move: Stealth Rock
|
|-heal|p2a: Landorus|28/100|[from] item: Leftovers
|upkeep
|turn|5
|
|t:|1661294219
|switch|p1a: Excadrill|Excadrill, F|100/100
|-damage|p1a: Excadrill|97/100|[from] Stealth Rock
|-item|p1a: Excadrill|Air Balloon
|move|p2a: Landorus|U-turn|p1a: Excadrill
|-resisted|p1a: Excadrill
|-damage|p1a: Excadrill|82/100
|-enditem|p1a: Excadrill|Air Balloon
|
|t:|1661294243
|switch|p2a: Kartana|Kartana|100/100|[from]move: U-turn
|
|upkeep
|turn|6
|
|t:|1661294247
|switch|p1a: Rotom|Rotom-Wash|7/100
|-damage|p1a: Rotom|0 fnt|[from] Stealth Rock
|faint|p1a: Rotom
|move|p2a: Kartana|Sacred Sword|p1: Rotom|[notarget]
|-fail|p2a: Kartana
|
|upkeep
|
|t:|1661294250
|switch|p1a: Landorus|Landorus-Therian, M|100/100
|-damage|p1a: Landorus|88/100|[from] Stealth Rock
|-ability|p1a: Landorus|Intimidate|boost
|-unboost|p2a: Kartana|atk|1
|turn|7
|
|t:|1661294255
|switch|p2a: Landorus|Landorus-Therian, M|28/100
|-ability|p2a: Landorus|Intimidate|boost
|-unboost|p1a: Landorus|atk|1
|move|p1a: Landorus|U-turn|p2a: Landorus
|-resisted|p2a: Landorus
|-damage|p2a: Landorus|19/100
|
|t:|1661294266
|switch|p1a: Victini|Victini|77/100|[from]move: U-turn
|
|-heal|p2a: Landorus|25/100|[from] item: Leftovers
|upkeep
|turn|8
|
|t:|1661294273
|switch|p2a: Rotom|Rotom-Wash|55/100
|move|p1a: Victini|V-create|p2a: Rotom
|-resisted|p2a: Rotom
|-damage|p2a: Rotom|13/100
|-unboost|p1a: Victini|spe|1
|-unboost|p1a: Victini|def|1
|-unboost|p1a: Victini|spd|1
|
|-heal|p2a: Rotom|19/100|[from] item: Leftovers
|upkeep
|turn|9
|
|t:|1661294286
|move|p2a: Rotom|Volt Switch|p1a: Victini
|-damage|p1a: Victini|41/100
|
|t:|1661294290
|switch|p2a: Landorus|Landorus-Therian, M|25/100|[from]move: Volt Switch
|-ability|p2a: Landorus|Intimidate|boost
|-unboost|p1a: Victini|atk|1
|move|p1a: Victini|Bolt Strike|p2a: Landorus
|-immune|p2a: Landorus
|
|-heal|p2a: Landorus|31/100|[from] item: Leftovers
|upkeep
|turn|10
|
|t:|1661294296
|switch|p1a: Landorus|Landorus-Therian, M|88/100
|-damage|p1a: Landorus|76/100|[from] Stealth Rock
|-ability|p1a: Landorus|Intimidate|boost
|-unboost|p2a: Landorus|atk|1
|move|p2a: Landorus|U-turn|p1a: Landorus
|-resisted|p1a: Landorus
|-damage|p1a: Landorus|68/100
|
|t:|1661294300
|switch|p2a: Buzzwole|Buzzwole|25/100|[from]move: U-turn
|
|upkeep
|turn|11
|
|t:|1661294305
|move|p1a: Landorus|Stone Edge|p2a: Buzzwole
|-damage|p2a: Buzzwole|0 fnt
|faint|p2a: Buzzwole
|
|upkeep
|
|t:|1661294309
|switch|p2a: Kartana|Kartana|100/100
|turn|12
|
|t:|1661294312
|switch|p1a: Melmetal|Melmetal|100/100
|-damage|p1a: Melmetal|94/100|[from] Stealth Rock
|move|p2a: Kartana|Sacred Sword|p1a: Melmetal
|-supereffective|p1a: Melmetal
|-damage|p1a: Melmetal|45/100
|
|-heal|p1a: Melmetal|52/100|[from] item: Leftovers
|upkeep
|turn|13
|
|t:|1661294322
|switch|p2a: Landorus|Landorus-Therian, M|31/100
|-ability|p2a: Landorus|Intimidate|boost
|-unboost|p1a: Melmetal|atk|1
|move|p1a: Melmetal|Double Iron Bash|p2a: Landorus
|-damage|p2a: Landorus|1/100
|-damage|p2a: Landorus|0 fnt
|faint|p2a: Landorus
|-hitcount|p2: Landorus|2
|
|-heal|p1a: Melmetal|58/100|[from] item: Leftovers
|upkeep
|
|t:|1661294329
|switch|p2a: Blacephalon|Blacephalon|100/100
|turn|14
|
|t:|1661294333
|switch|p2a: Kartana|Kartana|100/100
|move|p1a: Melmetal|Protect||[still]
|-fail|p1a: Melmetal
|
|-heal|p1a: Melmetal|64/100|[from] item: Leftovers
|upkeep
|turn|15
|
|t:|1661294335
|move|p1a: Melmetal|Protect|p1a: Melmetal
|-singleturn|p1a: Melmetal|Protect
|move|p2a: Kartana|Sacred Sword|p1a: Melmetal
|-activate|p1a: Melmetal|move: Protect
|
|-heal|p1a: Melmetal|70/100|[from] item: Leftovers
|upkeep
|turn|16
|
|t:|1661294340
|switch|p1a: Victini|Victini|41/100
|move|p2a: Kartana|Sacred Sword|p1a: Victini
|-resisted|p1a: Victini
|-damage|p1a: Victini|22/100
|
|upkeep
|turn|17
|
|t:|1661294346
|switch|p2a: Rotom|Rotom-Wash|19/100
|move|p1a: Victini|V-create|p2a: Rotom
|-resisted|p2a: Rotom
|-damage|p2a: Rotom|0 fnt
|-unboost|p1a: Victini|spe|1
|-unboost|p1a: Victini|def|1
|-unboost|p1a: Victini|spd|1
|faint|p2a: Rotom
|
|upkeep
|
|t:|1661294349
|switch|p2a: Kartana|Kartana|100/100
|turn|18
|
|t:|1661294352
|move|p2a: Kartana|Sacred Sword|p1a: Victini
|-resisted|p1a: Victini
|-damage|p1a: Victini|2/100
|move|p1a: Victini|V-create|p2a: Kartana
|-supereffective|p2a: Kartana
|-damage|p2a: Kartana|0 fnt
|-unboost|p1a: Victini|spe|1
|-unboost|p1a: Victini|def|1
|-unboost|p1a: Victini|spd|1
|faint|p2a: Kartana
|
|upkeep
|
|t:|1661294357
|switch|p2a: Blacephalon|Blacephalon|100/100
|turn|19
|
|t:|1661294360
|move|p2a: Blacephalon|Flamethrower|p1a: Victini
|-resisted|p1a: Victini
|-damage|p1a: Victini|0 fnt
|faint|p1a: Victini
|-ability|p2a: Blacephalon|Beast Boost|boost
|-boost|p2a: Blacephalon|spa|1
|
|upkeep
|
|t:|1661294362
|switch|p1a: Tyranitar|Tyranitar, M|100/100
|-damage|p1a: Tyranitar|88/100|[from] Stealth Rock
|-weather|Sandstorm|[from] ability: Sand Stream|[of] p1a: Tyranitar
|turn|20
|
|t:|1661294364
|switch|p2a: Blissey|Blissey, F|100/100
|move|p1a: Tyranitar|Earthquake|p2a: Blissey
|-damage|p2a: Blissey|69/100
|
|-weather|Sandstorm|[upkeep]
|-damage|p2a: Blissey|63/100|[from] Sandstorm
|upkeep
|turn|21
|
|t:|1661294367
|move|p1a: Tyranitar|Stone Edge|p2a: Blissey|[miss]
|-miss|p1a: Tyranitar|p2a: Blissey
|move|p2a: Blissey|Soft-Boiled|p2a: Blissey
|-heal|p2a: Blissey|100/100
|
|-weather|Sandstorm|[upkeep]
|-damage|p2a: Blissey|94/100|[from] Sandstorm
|upkeep
|turn|22
|
|t:|1661294369
|move|p1a: Tyranitar|Stone Edge|p2a: Blissey
|-damage|p2a: Blissey|39/100
|move|p2a: Blissey|Toxic|p1a: Tyranitar
|-status|p1a: Tyranitar|tox
|
|-weather|Sandstorm|[upkeep]
|-damage|p2a: Blissey|33/100|[from] Sandstorm
|-damage|p1a: Tyranitar|82/100 tox|[from] psn
|upkeep
|turn|23
|
|t:|1661294371
|move|p1a: Tyranitar|Stone Edge|p2a: Blissey
|-damage|p2a: Blissey|0 fnt
|faint|p2a: Blissey
|
|-weather|Sandstorm|[upkeep]
|-damage|p1a: Tyranitar|70/100 tox|[from] psn
|upkeep
|
|t:|1661294374
|switch|p2a: Blacephalon|Blacephalon|100/100
|turn|24
|
|t:|1661294379
|move|p2a: Blacephalon|Fire Blast|p1a: Tyranitar
|-resisted|p1a: Tyranitar
|-damage|p1a: Tyranitar|49/100 tox
|move|p1a: Tyranitar|Earthquake|p2a: Blacephalon
|-supereffective|p2a: Blacephalon
|-damage|p2a: Blacephalon|0 fnt
|faint|p2a: Blacephalon
|
|win|GGeorgie
|raw|GGeorgie's rating: 1749 &rarr; <strong>1764</strong><br />(+15 for winning)
|raw|Giogiovannio's rating: 1665 &rarr; <strong>1650</strong><br />(-15 for losing)
