|j|☆gewwge
|j|☆A3720
|t:|1649648454
|gametype|singles
|player|p1|gewwge|169|1637
|player|p2|A3720|1|1664
|teamsize|p1|6
|teamsize|p2|6
|gen|8
|tier|[Gen 8] OU
|rated|
|rule|Sleep Clause Mod: Limit one foe put to sleep
|rule|Species Clause: Limit one of each Pokémon
|rule|OHKO Clause: OHKO moves are banned
|rule|Evasion Moves Clause: Evasion moves are banned
|rule|Endless Battle Clause: Forcing endless battles is banned
|rule|HP Percentage Mod: HP is shown in percentages
|rule|Dynamax Clause: You cannot dynamax
|clearpoke
|poke|p1|Dragapult, M|
|poke|p1|Heatran, M|
|poke|p1|Tapu Lele|
|poke|p1|Landorus-Therian, M|
|poke|p1|Rotom-Wash|
|poke|p1|Melmetal|
|poke|p2|Hydreigon, F|
|poke|p2|Galvantula, M|
|poke|p2|Slowbro-Galar, F|
|poke|p2|Kartana|
|poke|p2|Garchomp, F|
|poke|p2|Buzzwole|
|teampreview
|j| f65701
|
|t:|1649648467
|start
|switch|p1a: Heatran|Heatran, M|100/100
|switch|p2a: Galvantula|Galvantula, M|100/100
|-item|p1a: Heatran|Air Balloon
|turn|1
|
|t:|1649648476
|move|p2a: Galvantula|Sticky Web|p1a: Heatran
|-sidestart|p1: gewwge|move: Sticky Web
|move|p1a: Heatran|Magma Storm|p2a: Galvantula
|-supereffective|p2a: Galvantula
|-enditem|p2a: Galvantula|Focus Sash
|-damage|p2a: Galvantula|1/100
|-activate|p2a: Galvantula|move: Magma Storm|[of] p1a: Heatran
|
|-damage|p2a: Galvantula|0 fnt|[from] move: Magma Storm|[partiallytrapped]
|faint|p2a: Galvantula
|upkeep
|
|t:|1649648506
|switch|p2a: Hydreigon|Hydreigon, F|100/100
|turn|2
|
|t:|1649648512
|switch|p1a: Rotom|Rotom-Wash|100/100
|move|p2a: Hydreigon|Dark Pulse|p1a: Rotom
|-damage|p1a: Rotom|56/100
|-damage|p2a: Hydreigon|91/100|[from] item: Life Orb
|
|upkeep
|turn|3
|
|t:|1649648521
|move|p1a: Rotom|Trick|p2a: Hydreigon
|-activate|p1a: Rotom|move: Trick|[of] p2a: Hydreigon
|-item|p2a: Hydreigon|Choice Scarf|[from] move: Trick
|-item|p1a: Rotom|Life Orb|[from] move: Trick
|move|p2a: Hydreigon|Dark Pulse|p1a: Rotom
|-damage|p1a: Rotom|19/100
|
|upkeep
|turn|4
|
|t:|1649648526
|switch|p1a: Landorus|Landorus-Therian, M|100/100
|-ability|p1a: Landorus|Intimidate|boost
|-unboost|p2a: Hydreigon|atk|1
|move|p2a: Hydreigon|Dark Pulse|p1a: Landorus
|-damage|p1a: Landorus|71/100
|
|-heal|p1a: Landorus|77/100|[from] item: Leftovers
|upkeep
|turn|5
|
|t:|1649648532
|move|p2a: Hydreigon|Dark Pulse|p1a: Landorus
|-damage|p1a: Landorus|48/100
|move|p1a: Landorus|U-turn|p2a: Hydreigon
|-supereffective|p2a: Hydreigon
|-damage|p2a: Hydreigon|41/100
|
|t:|1649648537
|switch|p1a: Melmetal|Melmetal|100/100|[from]move: U-turn
|-activate|p1a: Melmetal|move: Sticky Web
|-unboost|p1a: Melmetal|spe|1
|
|upkeep
|turn|6
|l| f65701
|
|t:|1649648588
|move|p2a: Hydreigon|Dark Pulse|p1a: Melmetal
|-damage|p1a: Melmetal|72/100
|move|p1a: Melmetal|Ice Punch|p2a: Hydreigon
|-supereffective|p2a: Hydreigon
|-damage|p2a: Hydreigon|0 fnt
|faint|p2a: Hydreigon
|
|upkeep
|j| CloseCombatChansey
|j| Ferenc Liszt
|inactive|Battle timer is ON: inactive players will automatically lose when time's up. (requested by gewwge)
|j| cityfolk
|
|t:|1649648672
|switch|p2a: Garchomp|Garchomp, F|100/100
|turn|7
|
|t:|1649648677
|move|p2a: Garchomp|Earthquake|p1a: Melmetal
|-supereffective|p1a: Melmetal
|-damage|p1a: Melmetal|14/100
|move|p1a: Melmetal|Ice Punch|p2a: Garchomp
|-supereffective|p2a: Garchomp
|-enditem|p2a: Garchomp|Yache Berry|[eat]
|-enditem|p2a: Garchomp|Yache Berry|[weaken]
|-damage|p2a: Garchomp|25/100
|-damage|p1a: Melmetal|2/100|[from] ability: Rough Skin|[of] p2a: Garchomp
|
|upkeep
|turn|8
|
|t:|1649648683
|move|p2a: Garchomp|Scale Shot|p1a: Melmetal
|-resisted|p1a: Melmetal
|-damage|p1a: Melmetal|0 fnt
|faint|p1a: Melmetal
|-hitcount|p1: Melmetal|1
|-unboost|p2a: Garchomp|def|1
|-boost|p2a: Garchomp|spe|1
|
|upkeep
|
|t:|1649648692
|switch|p1a: Landorus|Landorus-Therian, M|48/100
|-ability|p1a: Landorus|Intimidate|boost
|-unboost|p2a: Garchomp|atk|1
|turn|9
|
|t:|1649648705
|switch|p2a: Buzzwole|Buzzwole|100/100
|move|p1a: Landorus|Earthquake|p2a: Buzzwole
|-resisted|p2a: Buzzwole
|-crit|p2a: Buzzwole
|-damage|p2a: Buzzwole|75/100
|
|-heal|p1a: Landorus|54/100|[from] item: Leftovers
|upkeep
|turn|10
|j| BabyPigsAreLaughin
|
|t:|1649648728
|switch|p1a: Rotom|Rotom-Wash|19/100
|move|p2a: Buzzwole|Ice Punch|p1a: Rotom
|-resisted|p1a: Rotom
|-damage|p1a: Rotom|4/100
|
|upkeep
|turn|11
|
|t:|1649648731
|move|p2a: Buzzwole|Ice Punch|p1a: Rotom
|-resisted|p1a: Rotom
|-damage|p1a: Rotom|0 fnt
|faint|p1a: Rotom
|-ability|p2a: Buzzwole|Beast Boost|boost
|-boost|p2a: Buzzwole|atk|1
|
|upkeep
|
|t:|1649648733
|switch|p1a: Heatran|Heatran, M|100/100
|-item|p1a: Heatran|Air Balloon
|turn|12
|j| The Dragon Gyrados
|inactive|A3720 has 120 seconds left.
|c| The Dragon Gyrados|is it that slowbro
|c|☆gewwge|well
|c| The Dragon Gyrados|quickdraw
|c|☆gewwge|I messed up
|c| The Dragon Gyrados|i got 3 quick draws drawn on me
|
|t:|1649648785
|switch|p2a: Garchomp|Garchomp, F|25/100
|move|p1a: Heatran|Eruption|p2a: Garchomp
|-resisted|p2a: Garchomp
|-damage|p2a: Garchomp|0 fnt
|faint|p2a: Garchomp
|
|upkeep
|c| BabyPigsAreLaughin|Yeah, it's the Quick Draw version.
|c| The Dragon Gyrados|i know
|
|t:|1649648798
|switch|p2a: Buzzwole|Buzzwole|75/100
|turn|13
|c| The Dragon Gyrados|im saying
|c|☆gewwge|I got 4 or 5 with a full quick claw team...
|
|t:|1649648807
|switch|p1a: Landorus|Landorus-Therian, M|54/100
|-ability|p1a: Landorus|Intimidate|boost
|-unboost|p2a: Buzzwole|atk|1
|move|p2a: Buzzwole|Close Combat|p1a: Landorus
|-resisted|p1a: Landorus
|-damage|p1a: Landorus|33/100
|-unboost|p2a: Buzzwole|def|1
|-unboost|p2a: Buzzwole|spd|1
|
|-heal|p1a: Landorus|39/100|[from] item: Leftovers
|upkeep
|turn|14
|
|t:|1649648812
|move|p2a: Buzzwole|Close Combat|p1a: Landorus
|-resisted|p1a: Landorus
|-damage|p1a: Landorus|19/100
|-unboost|p2a: Buzzwole|def|1
|-unboost|p2a: Buzzwole|spd|1
|move|p1a: Landorus|U-turn|p2a: Buzzwole
|-resisted|p2a: Buzzwole
|-damage|p2a: Buzzwole|59/100
|c| Ferenc Liszt|I really think quick draw is uncompetitive in some sense, but that might just be a bad take idk
|
|t:|1649648814
|switch|p1a: Dragapult|Dragapult, M|100/100|[from]move: U-turn
|-activate|p1a: Dragapult|move: Sticky Web
|-fail|p1a: Dragapult|unboost|[from] ability: Clear Body|[of] p1a: Dragapult
|
|upkeep
|turn|15
|c|☆gewwge|gg mate
|inactive|A3720 has 120 seconds left.
|
|t:|1649648825
|switch|p2a: Kartana|Kartana|100/100
|move|p1a: Dragapult|Dragon Dance|p1a: Dragapult
|-boost|p1a: Dragapult|atk|1
|-boost|p1a: Dragapult|spe|1
|
|upkeep
|turn|16
|
|t:|1649648828
|move|p1a: Dragapult|Flamethrower|p2a: Kartana
|-supereffective|p2a: Kartana
|-damage|p2a: Kartana|0 fnt
|faint|p2a: Kartana
|-damage|p1a: Dragapult|91/100|[from] item: Life Orb
|
|upkeep
|
|t:|1649648833
|switch|p2a: Slowbro|Slowbro-Galar, F|100/100
|turn|17
|c| The Dragon Gyrados|WOW
|-activate|p2a: Slowbro|ability: Quick Draw
|
|t:|1649648838
|move|p2a: Slowbro|Zen Headbutt|p1a: Dragapult
|-damage|p1a: Dragapult|37/100
|move|p1a: Dragapult|Phantom Force||[still]
|-prepare|p1a: Dragapult|Phantom Force
|
|upkeep
|turn|18
|
|t:|1649648844
|switch|p2a: Buzzwole|Buzzwole|59/100
|move|p1a: Dragapult|Phantom Force|p2a: Buzzwole|[from]lockedmove
|-damage|p2a: Buzzwole|0 fnt
|faint|p2a: Buzzwole
|-damage|p1a: Dragapult|27/100|[from] item: Life Orb
|
|upkeep
|
|t:|1649648846
|switch|p2a: Slowbro|Slowbro-Galar, F|100/100
|turn|19
|-activate|p2a: Slowbro|ability: Quick Draw
|
|t:|1649648849
|move|p2a: Slowbro|Zen Headbutt|p1a: Dragapult
|-damage|p1a: Dragapult|0 fnt
|faint|p1a: Dragapult
|
|upkeep
|c| The Dragon Gyrados|DAMN
|c|☆gewwge|yup
|c| The Dragon Gyrados|LMDAO
|c|☆A3720|its broken
|c|☆gewwge|that's what happened last time
|
|t:|1649648861
|switch|p1a: Landorus|Landorus-Therian, M|19/100
|-ability|p1a: Landorus|Intimidate|boost
|-unboost|p2a: Slowbro|atk|1
|turn|20
|c|☆A3720|this is my first time using it
|c|☆A3720|last time someone got 6 in a row against me and 6-0ed
|c| Ferenc Liszt|I think they ought to suspect it
|
|t:|1649648876
|move|p1a: Landorus|Earthquake|p2a: Slowbro
|-supereffective|p2a: Slowbro
|-damage|p2a: Slowbro|17/100
|move|p2a: Slowbro|Zen Headbutt|p1a: Landorus
|-damage|p1a: Landorus|0 fnt
|faint|p1a: Landorus
|
|upkeep
|c|☆gewwge|wait
|c|☆gewwge|don't tell me
|c|☆gewwge|cb
|c|☆gewwge|spam
|
|t:|1649648898
|switch|p1a: Tapu Lele|Tapu Lele|100/100
|-activate|p1a: Tapu Lele|move: Sticky Web
|-unboost|p1a: Tapu Lele|spe|1
|-fieldstart|move: Psychic Terrain|[from] ability: Psychic Surge|[of] p1a: Tapu Lele
|turn|21
|c|☆A3720|cb hydreigon?
|c|☆A3720|lol
|c|☆gewwge|no cb bro
|c|☆gewwge|alos
|c|☆gewwge|also
|c|☆gewwge|it's very stupid that
|c|☆A3720|does lele block quick draw
|inactive|gewwge has 120 seconds left.
|c|☆gewwge|terrain doesn't blick
|c|☆gewwge|block
|c|☆gewwge|;-;
|-activate|p2a: Slowbro|ability: Quick Draw
|
|t:|1649648926
|move|p2a: Slowbro|Shell Side Arm|p1a: Tapu Lele|[anim] Shell Side Arm Physical
|-supereffective|p1a: Tapu Lele
|-damage|p1a: Tapu Lele|7/100
|-hint|Physical Shell Side Arm
|move|p1a: Tapu Lele|Psyshock|p2a: Slowbro
|-damage|p2a: Slowbro|0 fnt
|faint|p2a: Slowbro
|
|win|gewwge
|raw|gewwge's rating: 1637 &rarr; <strong>1659</strong><br />(+22 for winning)
|raw|A3720's rating: 1664 &rarr; <strong>1642</strong><br />(-22 for losing)
|c|☆A3720|gg
|c| The Dragon Gyrados|FUCK
|c|☆gewwge|gg
|c| BabyPigsAreLaughin|Good game.
|c| The Dragon Gyrados|that was 3 in a row
|l| CloseCombatChansey
|c| The Dragon Gyrados|oh wait
|c| The Dragon Gyrados|lando did hit
|c| The Dragon Gyrados|1st
|l|☆A3720
|c|☆gewwge|well
|c|☆gewwge|3 out of 4
||Ladder isn't responding, score probably updated but might not have (Request timeout).
