|j|☆And0NE
|j|☆Lucians Call
|t:|1667863326
|gametype|singles
|player|p1|And0NE|furisodegirl-black|
|player|p2|Lucians Call|furisodegirl-blue|
|teamsize|p1|6
|teamsize|p2|6
|gen|8
|tier|[Gen 8] OU
|rule|Sleep Clause Mod: Limit one foe put to sleep
|rule|Species Clause: Limit one of each Pokémon
|rule|OHKO Clause: OHKO moves are banned
|rule|Evasion Items Clause: Evasion items are banned
|rule|Evasion Moves Clause: Evasion moves are banned
|rule|Endless Battle Clause: Forcing endless battles is banned
|rule|HP Percentage Mod: HP is shown in percentages
|rule|Dynamax Clause: You cannot dynamax
|clearpoke
|poke|p1|Tapu Lele|
|poke|p1|Victini|
|poke|p1|Dragonite, M|
|poke|p1|Ferrothorn, M|
|poke|p1|Melmetal|
|poke|p1|Mandibuzz, F|
|poke|p2|Xurkitree|
|poke|p2|Tapu Koko|
|poke|p2|Slowking-Galar, F|
|poke|p2|Garchomp, F|
|poke|p2|Tornadus-Therian, M|
|poke|p2|Heatran, F|
|teampreview
|j| mechier
|inactive|Battle timer is ON: inactive players will automatically lose when time's up. (requested by Lucians Call)
|l|☆And0NE
|inactive|And0NE disconnected and has 300 seconds to reconnect!
|player|p1|
|j|☆And0NE
|inactive|And0NE reconnected and has 300 seconds left.
|player|p1|And0NE|furisodegirl-black
|l| mechier
|
|t:|1667863346
|start
|switch|p1a: Tapu Lele|Tapu Lele|100/100
|switch|p2a: Tapu Koko|Tapu Koko|100/100
|-fieldstart|move: Electric Terrain|[from] ability: Electric Surge|[of] p2a: Tapu Koko
|-fieldstart|move: Psychic Terrain|[from] ability: Psychic Surge|[of] p1a: Tapu Lele
|turn|1
|
|t:|1667863354
|move|p2a: Tapu Koko|U-turn|p1a: Tapu Lele
|-damage|p1a: Tapu Lele|76/100
|
|t:|1667863356
|switch|p2a: Slowking|Slowking-Galar, F|100/100|[from]move: U-turn
|move|p1a: Tapu Lele|Psychic|p2a: Slowking
|-damage|p2a: Slowking|70/100
|-unboost|p2a: Slowking|spd|1
|
|upkeep
|turn|2
|
|t:|1667863361
|switch|p1a: Victini|Victini|100/100
|switch|p2a: Tapu Koko|Tapu Koko|100/100
|-fieldstart|move: Electric Terrain|[from] ability: Electric Surge|[of] p2a: Tapu Koko
|
|upkeep
|turn|3
|
|t:|1667863364
|move|p2a: Tapu Koko|U-turn|p1a: Victini
|-damage|p1a: Victini|83/100
|
|t:|1667863371
|switch|p2a: Slowking|Slowking-Galar, F|100/100|[from]move: U-turn
|move|p1a: Victini|Blue Flare|p2a: Slowking
|-damage|p2a: Slowking|49/100
|
|upkeep
|turn|4
|
|t:|1667863377
|switch|p2a: Heatran|Heatran, F|100/100
|-item|p2a: Heatran|Air Balloon
|move|p1a: Victini|Blue Flare|p2a: Heatran
|-damage|p2a: Heatran|11/100
|-enditem|p2a: Heatran|Air Balloon
|
|upkeep
|turn|5
|
|t:|1667863382
|move|p1a: Victini|Blue Flare|p2a: Heatran
|-damage|p2a: Heatran|0 fnt
|faint|p2a: Heatran
|
|upkeep
|
|t:|1667863385
|switch|p2a: Garchomp|Garchomp, F|100/100
|turn|6
|
|t:|1667863392
|move|p2a: Garchomp|Stealth Rock|p1a: Victini
|-sidestart|p1: And0NE|move: Stealth Rock
|move|p1a: Victini|Blue Flare|p2a: Garchomp
|-resisted|p2a: Garchomp
|-damage|p2a: Garchomp|47/100
|
|-heal|p2a: Garchomp|53/100|[from] item: Leftovers
|-fieldend|move: Electric Terrain
|upkeep
|turn|7
|
|t:|1667863396
|switch|p2a: Xurkitree|Xurkitree|100/100
|switch|p1a: Mandibuzz|Mandibuzz, F|100/100
|
|upkeep
|turn|8
|
|t:|1667863399
|switch|p1a: Ferrothorn|Ferrothorn, M|100/100
|-damage|p1a: Ferrothorn|94/100|[from] Stealth Rock
|move|p2a: Xurkitree|Volt Switch|p1a: Ferrothorn
|-resisted|p1a: Ferrothorn
|-damage|p1a: Ferrothorn|62/100
|
|t:|1667863407
|switch|p2a: Tapu Koko|Tapu Koko|100/100|[from]move: Volt Switch
|-fieldstart|move: Electric Terrain|[from] ability: Electric Surge|[of] p2a: Tapu Koko
|
|-heal|p1a: Ferrothorn|68/100|[from] item: Leftovers
|upkeep
|turn|9
|
|t:|1667863411
|move|p2a: Tapu Koko|U-turn|p1a: Ferrothorn
|-damage|p1a: Ferrothorn|59/100
|-damage|p2a: Tapu Koko|88/100|[from] ability: Iron Barbs|[of] p1a: Ferrothorn
|
|t:|1667863412
|switch|p2a: Xurkitree|Xurkitree|100/100|[from]move: U-turn
|move|p1a: Ferrothorn|Spikes|p2a: Xurkitree
|-sidestart|p2: Lucians Call|Spikes
|
|-heal|p1a: Ferrothorn|66/100|[from] item: Leftovers
|upkeep
|turn|10
|
|t:|1667863429
|move|p2a: Xurkitree|Rising Voltage|p1a: Ferrothorn
|-hint|Rising Voltage's BP doubled on grounded target.
|-resisted|p1a: Ferrothorn
|-damage|p1a: Ferrothorn|0 fnt
|faint|p1a: Ferrothorn
|-ability|p2a: Xurkitree|Beast Boost|boost
|-boost|p2a: Xurkitree|spa|1
|
|upkeep
|
|t:|1667863439
|switch|p1a: Victini|Victini|83/100
|-damage|p1a: Victini|58/100|[from] Stealth Rock
|turn|11
|
|t:|1667863452
|switch|p2a: Vishnu|Tornadus-Therian, M|100/100
|move|p1a: Victini|Blue Flare|p2a: Vishnu
|-damage|p2a: Vishnu|0 fnt
|faint|p2a: Vishnu
|
|upkeep
|
|t:|1667863455
|switch|p2a: Garchomp|Garchomp, F|53/100
|-damage|p2a: Garchomp|41/100|[from] Spikes
|turn|12
|
|t:|1667863459
|switch|p2a: Xurkitree|Xurkitree|100/100
|-damage|p2a: Xurkitree|88/100|[from] Spikes
|move|p1a: Victini|Blue Flare|p2a: Xurkitree
|-damage|p2a: Xurkitree|0 fnt
|faint|p2a: Xurkitree
|
|-fieldend|move: Electric Terrain
|upkeep
|
|t:|1667863461
|switch|p2a: Garchomp|Garchomp, F|41/100
|-damage|p2a: Garchomp|29/100|[from] Spikes
|turn|13
|
|t:|1667863469
|switch|p1a: Mandibuzz|Mandibuzz, F|100/100
|move|p2a: Garchomp|Scale Shot|p1a: Mandibuzz
|-damage|p1a: Mandibuzz|92/100
|-damage|p1a: Mandibuzz|85/100
|-hitcount|p1a: Mandibuzz|2
|-unboost|p2a: Garchomp|def|1
|-boost|p2a: Garchomp|spe|1
|
|-heal|p2a: Garchomp|35/100|[from] item: Leftovers
|upkeep
|turn|14
|
|t:|1667863473
|switch|p2a: Tapu Koko|Tapu Koko|88/100
|-fieldstart|move: Electric Terrain|[from] ability: Electric Surge|[of] p2a: Tapu Koko
|move|p1a: Mandibuzz|U-turn|p2a: Tapu Koko
|-resisted|p2a: Tapu Koko
|-damage|p2a: Tapu Koko|82/100
|
|t:|1667863477
|switch|p1a: Dragonite|Dragonite, M|100/100|[from]move: U-turn
|
|upkeep
|turn|15
|
|t:|1667863479
|move|p2a: Tapu Koko|U-turn|p1a: Dragonite
|-resisted|p1a: Dragonite
|-damage|p1a: Dragonite|97/100
|
|t:|1667863481
|switch|p2a: Slowking|Slowking-Galar, F|82/100|[from]move: U-turn
|-damage|p2a: Slowking|70/100|[from] Spikes
|move|p1a: Dragonite|Dragon Dance|p1a: Dragonite
|-boost|p1a: Dragonite|atk|1
|-boost|p1a: Dragonite|spe|1
|
|upkeep
|turn|16
|
|t:|1667863483
|move|p1a: Dragonite|Earthquake|p2a: Slowking
|-supereffective|p2a: Slowking
|-damage|p2a: Slowking|0 fnt
|faint|p2a: Slowking
|
|upkeep
|-message|Lucians Call forfeited.
|
|win|And0NE
|l|☆Lucians Call
