|j|☆Eduoy
|j|☆A
|player|p1|Eduoy|tabitha-gen3|1742
|player|p2|A|clemont|1669
|teamsize|p1|6
|teamsize|p2|6
|gametype|singles
|gen|8
|tier|[Gen 8] OU
|rated|
|clearpoke
|poke|p1|Alakazam, F|
|poke|p1|Magearna-Original|
|poke|p1|Urshifu, F|
|poke|p1|Hippowdon, F|
|poke|p1|Tangrowth, F|
|poke|p1|Azumarill, F|
|poke|p2|Chansey, F|
|poke|p2|Arcanine, F|
|poke|p2|Toxapex, M|
|poke|p2|Magearna|
|poke|p2|Kommo-o, M|
|poke|p2|Urshifu, M|
|rule|Sleep Clause Mod: Limit one foe put to sleep
|rule|Species Clause: Limit one of each Pokémon
|rule|OHKO Clause: OHKO moves are banned
|rule|Evasion Moves Clause: Evasion moves are banned
|rule|Endless Battle Clause: Forcing endless battles is banned
|rule|HP Percentage Mod: HP is shown in percentages
|rule|Dynamax Clause: You cannot dynamax
|teampreview
|inactive|Battle timer is ON: inactive players will automatically lose when time's up. (requested by A)
|
|start
|switch|p1a: Azumarill|Azumarill, F|100/100
|switch|p2a: cancer|Urshifu, M, shiny|100/100
|turn|1
|
|switch|p1a: Hippowdon|Hippowdon, F|100/100
|-weather|Sandstorm|[from] ability: Sand Stream|[of] p1a: Hippowdon
|move|p2a: cancer|U-turn|p1a: Hippowdon
|-damage|p1a: Hippowdon|80/100
|-damage|p2a: cancer|84/100|[from] item: Rocky Helmet|[of] p1a: Hippowdon
|
|switch|p2a: cool laddy|Kommo-o, M|100/100|[from]move: U-turn
|
|-weather|Sandstorm|[upkeep]
|-damage|p2a: cool laddy|95/100|[from] Sandstorm
|upkeep
|turn|2
|
|switch|p1a: Azumarill|Azumarill, F|100/100
|move|p2a: cool laddy|Stealth Rock|p1a: Azumarill
|-sidestart|p1: Eduoy|move: Stealth Rock
|
|-weather|Sandstorm|[upkeep]
|-damage|p1a: Azumarill|94/100|[from] Sandstorm
|-damage|p2a: cool laddy|89/100|[from] Sandstorm
|upkeep
|turn|3
|j| IF U SEEK
|
|switch|p2a: lamer than me|Toxapex, M|100/100
|move|p1a: Azumarill|Knock Off|p2a: lamer than me
|-damage|p2a: lamer than me|63/100
|-enditem|p2a: lamer than me|Black Sludge|[from] move: Knock Off|[of] p1a: Azumarill
|
|-weather|Sandstorm|[upkeep]
|-damage|p1a: Azumarill|88/100|[from] Sandstorm
|-damage|p2a: lamer than me|57/100|[from] Sandstorm
|upkeep
|turn|4
|
|switch|p1a: Alakazam|Alakazam, F|100/100
|move|p2a: lamer than me|Knock Off|p1a: Alakazam
|-supereffective|p1a: Alakazam
|-damage|p1a: Alakazam|22/100
|-enditem|p1a: Alakazam|Life Orb|[from] move: Knock Off|[of] p2a: lamer than me
|
|-weather|Sandstorm|[upkeep]
|-damage|p2a: lamer than me|50/100|[from] Sandstorm
|upkeep
|turn|5
|
|switch|p2a: reverse alembic|Magearna|100/100
|move|p1a: Alakazam|Recover|p1a: Alakazam
|-heal|p1a: Alakazam|73/100
|
|-weather|none
|upkeep
|turn|6
|
|switch|p1a: Magearna|Magearna-Original|100/100
|-damage|p1a: Magearna|94/100|[from] Stealth Rock
|move|p2a: reverse alembic|Volt Switch|p1a: Magearna
|-damage|p1a: Magearna|86/100
|
|switch|p2a: cancer|Urshifu, M, shiny|84/100|[from]move: Volt Switch
|
|upkeep
|turn|7
|
|switch|p1a: Tangrowth|Tangrowth, F|100/100
|-damage|p1a: Tangrowth|88/100|[from] Stealth Rock
|move|p2a: cancer|Close Combat|p1a: Tangrowth
|-damage|p1a: Tangrowth|39/100
|-unboost|p2a: cancer|def|1
|-unboost|p2a: cancer|spd|1
|-damage|p2a: cancer|68/100|[from] item: Rocky Helmet|[of] p1a: Tangrowth
|
|upkeep
|turn|8
|inactive|Eduoy has 120 seconds left.
|
|move|p2a: cancer|Close Combat|p1a: Tangrowth
|-damage|p1a: Tangrowth|0 fnt
|-unboost|p2a: cancer|def|1
|-unboost|p2a: cancer|spd|1
|-damage|p2a: cancer|51/100|[from] item: Rocky Helmet|[of] p1a: Tangrowth
|faint|p1a: Tangrowth
|
|upkeep
|
|switch|p1a: Hippowdon|Hippowdon, F|80/100
|-damage|p1a: Hippowdon|74/100|[from] Stealth Rock
|-weather|Sandstorm|[from] ability: Sand Stream|[of] p1a: Hippowdon
|turn|9
|
|switch|p2a: cool laddy|Kommo-o, M|89/100
|move|p1a: Hippowdon|Slack Off|p1a: Hippowdon
|-heal|p1a: Hippowdon|100/100
|
|-weather|Sandstorm|[upkeep]
|-damage|p2a: cool laddy|83/100|[from] Sandstorm
|upkeep
|turn|10
|
|move|p2a: cool laddy|Clanging Scales|p1a: Hippowdon
|-damage|p1a: Hippowdon|63/100
|-unboost|p2a: cool laddy|def|1
|move|p1a: Hippowdon|Stealth Rock|p2a: cool laddy
|-sidestart|p2: A|move: Stealth Rock
|
|-weather|Sandstorm|[upkeep]
|-damage|p2a: cool laddy|77/100|[from] Sandstorm
|upkeep
|turn|11
|
|move|p2a: cool laddy|Clanging Scales|p1a: Hippowdon
|-damage|p1a: Hippowdon|24/100
|-unboost|p2a: cool laddy|def|1
|move|p1a: Hippowdon|Slack Off|p1a: Hippowdon
|-heal|p1a: Hippowdon|74/100
|
|-weather|Sandstorm|[upkeep]
|-damage|p2a: cool laddy|71/100|[from] Sandstorm
|upkeep
|turn|12
|
|switch|p2a: BEST GIRL|Chansey, F, shiny|100/100
|-damage|p2a: BEST GIRL|88/100|[from] Stealth Rock
|move|p1a: Hippowdon|Earthquake|p2a: BEST GIRL
|-damage|p2a: BEST GIRL|62/100
|
|-weather|Sandstorm|[upkeep]
|-damage|p2a: BEST GIRL|56/100|[from] Sandstorm
|upkeep
|turn|13
|
|switch|p1a: Urshifu|Urshifu, F|100/100
|-damage|p1a: Urshifu|94/100|[from] Stealth Rock
|move|p2a: BEST GIRL|Soft-Boiled|p2a: BEST GIRL
|-heal|p2a: BEST GIRL|100/100
|
|-weather|none
|upkeep
|turn|14
|
|switch|p2a: gamer girl|Arcanine, F, shiny|100/100
|-ability|p2a: gamer girl|Intimidate|boost
|-unboost|p1a: Urshifu|atk|1
|move|p1a: Urshifu|Close Combat|p2a: gamer girl
|-damage|p2a: gamer girl|52/100
|-unboost|p1a: Urshifu|def|1
|-unboost|p1a: Urshifu|spd|1
|
|upkeep
|turn|15
|
|move|p1a: Urshifu|Close Combat|p2a: gamer girl
|-damage|p2a: gamer girl|7/100
|-unboost|p1a: Urshifu|def|1
|-unboost|p1a: Urshifu|spd|1
|move|p2a: gamer girl|Morning Sun|p2a: gamer girl
|-heal|p2a: gamer girl|57/100
|
|upkeep
|turn|16
|
|switch|p1a: Azumarill|Azumarill, F|88/100
|-damage|p1a: Azumarill|76/100|[from] Stealth Rock
|move|p2a: gamer girl|Will-O-Wisp|p1a: Azumarill
|-status|p1a: Azumarill|brn
|
|-damage|p1a: Azumarill|70/100 brn|[from] brn
|upkeep
|turn|17
|
|switch|p2a: lamer than me|Toxapex, M|84/100
|-damage|p2a: lamer than me|71/100|[from] Stealth Rock
|move|p1a: Azumarill|Liquidation|p2a: lamer than me
|-resisted|p2a: lamer than me
|-damage|p2a: lamer than me|59/100
|
|-damage|p1a: Azumarill|64/100 brn|[from] brn
|upkeep
|turn|18
|
|switch|p1a: Urshifu|Urshifu, F|94/100
|-damage|p1a: Urshifu|88/100|[from] Stealth Rock
|move|p2a: lamer than me|Knock Off|p1a: Urshifu
|-resisted|p1a: Urshifu
|-damage|p1a: Urshifu|85/100
|-enditem|p1a: Urshifu|Choice Band|[from] move: Knock Off|[of] p2a: lamer than me
|
|upkeep
|turn|19
|
|move|p1a: Urshifu|Wicked Blow|p2a: lamer than me
|-crit|p2a: lamer than me
|-damage|p2a: lamer than me|24/100
|move|p2a: lamer than me|Recover|p2a: lamer than me
|-heal|p2a: lamer than me|74/100
|
|upkeep
|turn|20
|
|move|p1a: Urshifu|U-turn|p2a: lamer than me
|-resisted|p2a: lamer than me
|-damage|p2a: lamer than me|67/100
|
|switch|p1a: Alakazam|Alakazam, F|73/100|[from]move: U-turn
|move|p2a: lamer than me|Scald|p1a: Alakazam
|-damage|p1a: Alakazam|50/100
|
|upkeep
|turn|21
|
|switch|p2a: reverse alembic|Magearna|100/100
|-damage|p2a: reverse alembic|94/100|[from] Stealth Rock
|move|p1a: Alakazam|Psyshock|p2a: reverse alembic
|-resisted|p2a: reverse alembic
|-damage|p2a: reverse alembic|77/100
|
|upkeep
|turn|22
|l| IF U SEEK
|
|move|p1a: Alakazam|Recover|p1a: Alakazam
|-heal|p1a: Alakazam|99/100
|move|p2a: reverse alembic|Fleur Cannon|p1a: Alakazam
|-damage|p1a: Alakazam|19/100
|-unboost|p2a: reverse alembic|spa|2
|
|upkeep
|turn|23
|
|move|p1a: Alakazam|Recover|p1a: Alakazam
|-heal|p1a: Alakazam|69/100
|move|p2a: reverse alembic|Iron Head|p1a: Alakazam
|-damage|p1a: Alakazam|10/100
|
|upkeep
|turn|24
|
|switch|p1a: Hippowdon|Hippowdon, F|74/100
|-damage|p1a: Hippowdon|68/100|[from] Stealth Rock
|-weather|Sandstorm|[from] ability: Sand Stream|[of] p1a: Hippowdon
|move|p2a: reverse alembic|Iron Head|p1a: Hippowdon
|-damage|p1a: Hippowdon|53/100
|-damage|p2a: reverse alembic|60/100|[from] item: Rocky Helmet|[of] p1a: Hippowdon
|
|-weather|Sandstorm|[upkeep]
|upkeep
|turn|25
|
|switch|p2a: BEST GIRL|Chansey, F, shiny|100/100
|-damage|p2a: BEST GIRL|88/100|[from] Stealth Rock
|move|p1a: Hippowdon|Whirlwind|p2a: BEST GIRL
|drag|p2a: cool laddy|Kommo-o, M|71/100
|-damage|p2a: cool laddy|65/100|[from] Stealth Rock
|
|-weather|Sandstorm|[upkeep]
|-damage|p2a: cool laddy|59/100|[from] Sandstorm
|upkeep
|turn|26
|
|move|p2a: cool laddy|Clanging Scales|p1a: Hippowdon
|-damage|p1a: Hippowdon|13/100
|-unboost|p2a: cool laddy|def|1
|move|p1a: Hippowdon|Slack Off|p1a: Hippowdon
|-heal|p1a: Hippowdon|64/100
|
|-weather|Sandstorm|[upkeep]
|-damage|p2a: cool laddy|53/100|[from] Sandstorm
|upkeep
|turn|27
|
|switch|p2a: BEST GIRL|Chansey, F, shiny|88/100
|-damage|p2a: BEST GIRL|76/100|[from] Stealth Rock
|move|p1a: Hippowdon|Earthquake|p2a: BEST GIRL
|-damage|p2a: BEST GIRL|50/100
|
|-weather|Sandstorm|[upkeep]
|-damage|p2a: BEST GIRL|44/100|[from] Sandstorm
|upkeep
|turn|28
|
|switch|p1a: Urshifu|Urshifu, F|85/100
|-damage|p1a: Urshifu|79/100|[from] Stealth Rock
|move|p2a: BEST GIRL|Soft-Boiled|p2a: BEST GIRL
|-heal|p2a: BEST GIRL|94/100
|
|-weather|none
|upkeep
|turn|29
|
|switch|p2a: lamer than me|Toxapex, M|99/100
|-damage|p2a: lamer than me|87/100|[from] Stealth Rock
|move|p1a: Urshifu|Wicked Blow|p2a: lamer than me
|-crit|p2a: lamer than me
|-damage|p2a: lamer than me|50/100
|
|upkeep
|turn|30
|
|move|p1a: Urshifu|U-turn|p2a: lamer than me
|-resisted|p2a: lamer than me
|-damage|p2a: lamer than me|44/100
|
|switch|p1a: Alakazam|Alakazam, F|10/100|[from]move: U-turn
|move|p2a: lamer than me|Recover|p2a: lamer than me
|-heal|p2a: lamer than me|94/100
|
|upkeep
|turn|31
|
|move|p1a: Alakazam|Psyshock|p2a: lamer than me
|-supereffective|p2a: lamer than me
|-damage|p2a: lamer than me|39/100
|move|p2a: lamer than me|Knock Off|p1a: Alakazam
|-supereffective|p1a: Alakazam
|-damage|p1a: Alakazam|0 fnt
|faint|p1a: Alakazam
|
|upkeep
|
|switch|p1a: Urshifu|Urshifu, F|79/100
|-damage|p1a: Urshifu|72/100|[from] Stealth Rock
|turn|32
|
|switch|p2a: cool laddy|Kommo-o, M|53/100
|-damage|p2a: cool laddy|47/100|[from] Stealth Rock
|move|p1a: Urshifu|Wicked Blow|p2a: cool laddy
|-resisted|p2a: cool laddy
|-crit|p2a: cool laddy
|-damage|p2a: cool laddy|27/100
|-damage|p1a: Urshifu|56/100|[from] item: Rocky Helmet|[of] p2a: cool laddy
|
|upkeep
|turn|33
|
|move|p1a: Urshifu|Close Combat|p2a: cool laddy
|-damage|p2a: cool laddy|0 fnt
|-unboost|p1a: Urshifu|def|1
|-unboost|p1a: Urshifu|spd|1
|-damage|p1a: Urshifu|40/100|[from] item: Rocky Helmet|[of] p2a: cool laddy
|faint|p2a: cool laddy
|
|upkeep
|
|switch|p2a: gamer girl|Arcanine, F, shiny|57/100
|-ability|p2a: gamer girl|Intimidate|boost
|-unboost|p1a: Urshifu|atk|1
|turn|34
|
|move|p1a: Urshifu|Wicked Blow|p2a: gamer girl
|-crit|p2a: gamer girl
|-damage|p2a: gamer girl|6/100
|move|p2a: gamer girl|Morning Sun|p2a: gamer girl
|-heal|p2a: gamer girl|56/100
|
|upkeep
|turn|35
|-message|Eduoy forfeited.
|
|win|A
|l|☆Eduoy
|raw|Eduoy's rating: 1742 &rarr; <strong>1718</strong><br />(-24 for losing)
|raw|A's rating: 1669 &rarr; <strong>1693</strong><br />(+24 for winning)
|l|☆A
|j|☆A
|player|p2|A|clemont
