|j|‽not mb
|j|☆ayevon
|t:|1621266916
|gametype|singles
|player|p1|not mb|102|1796
|player|p2|ayevon|169|1782
|teamsize|p1|6
|teamsize|p2|6
|gen|8
|tier|[Gen 8] OU
|rated|
|rule|Sleep Clause Mod: Limit one foe put to sleep
|rule|Species Clause: Limit one of each Pokémon
|rule|OHKO Clause: OHKO moves are banned
|rule|Evasion Moves Clause: Evasion moves are banned
|rule|Endless Battle Clause: Forcing endless battles is banned
|rule|HP Percentage Mod: HP is shown in percentages
|rule|Dynamax Clause: You cannot dynamax
|clearpoke
|poke|p1|Keldeo-Resolute|
|poke|p1|Slowking-Galar, M|
|poke|p1|Ferrothorn, F|
|poke|p1|Landorus-Therian, M|
|poke|p1|Moltres|
|poke|p1|Zeraora|
|poke|p2|Tyranitar, F|
|poke|p2|Excadrill, F|
|poke|p2|Garchomp, F|
|poke|p2|Kartana|
|poke|p2|Zapdos|
|poke|p2|Toxapex, F|
|teampreview
|
|t:|1621266940
|start
|switch|p1a: Landorus|Landorus-Therian, M, shiny|100/100
|switch|p2a: Toxapex|Toxapex, F|100/100
|-ability|p1a: Landorus|Intimidate|boost
|-unboost|p2a: Toxapex|atk|1
|turn|1
|j| Zraichu
|l| Zraichu
|
|t:|1621266947
|switch|p1a: Ferrothorn|Ferrothorn, F|100/100
|move|p2a: Toxapex|Knock Off|p1a: Ferrothorn
|-damage|p1a: Ferrothorn|93/100
|-damage|p2a: Toxapex|88/100|[from] ability: Iron Barbs|[of] p1a: Ferrothorn
|-enditem|p1a: Ferrothorn|Leftovers|[from] move: Knock Off|[of] p2a: Toxapex
|
|upkeep
|turn|2
|
|t:|1621266951
|move|p2a: Toxapex|Scald|p1a: Ferrothorn
|-resisted|p1a: Ferrothorn
|-damage|p1a: Ferrothorn|88/100
|move|p1a: Ferrothorn|Knock Off|p2a: Toxapex
|-damage|p2a: Toxapex|74/100
|-damage|p1a: Ferrothorn|71/100|[from] item: Rocky Helmet|[of] p2a: Toxapex
|-enditem|p2a: Toxapex|Rocky Helmet|[from] move: Knock Off|[of] p1a: Ferrothorn
|
|upkeep
|turn|3
|
|t:|1621266957
|move|p2a: Toxapex|Scald|p1a: Ferrothorn
|-resisted|p1a: Ferrothorn
|-damage|p1a: Ferrothorn|66/100
|move|p1a: Ferrothorn|Leech Seed|p2a: Toxapex
|-start|p2a: Toxapex|move: Leech Seed
|
|-damage|p2a: Toxapex|62/100|[from] Leech Seed|[of] p1a: Ferrothorn
|-heal|p1a: Ferrothorn|76/100|[silent]
|upkeep
|turn|4
|inactive|Battle timer is ON: inactive players will automatically lose when time's up. (requested by not mb)
|
|t:|1621266963
|move|p2a: Toxapex|Scald|p1a: Ferrothorn
|-resisted|p1a: Ferrothorn
|-damage|p1a: Ferrothorn|72/100
|-status|p1a: Ferrothorn|brn
|move|p1a: Ferrothorn|Spikes|p2a: Toxapex
|-sidestart|p2: ayevon|Spikes
|
|-damage|p2a: Toxapex|50/100|[from] Leech Seed|[of] p1a: Ferrothorn
|-heal|p1a: Ferrothorn|82/100 brn|[silent]
|-damage|p1a: Ferrothorn|76/100 brn|[from] brn
|upkeep
|turn|5
|
|t:|1621266975
|switch|p2a: Zapdos|Zapdos|100/100
|-ability|p2a: Zapdos|Pressure
|switch|p1a: Keldeo|Keldeo-Resolute|100/100
|
|upkeep
|turn|6
|j| KuWyTo
|
|t:|1621266980
|move|p1a: Keldeo|Scald|p2a: Zapdos
|-damage|p2a: Zapdos|31/100
|move|p2a: Zapdos|Hurricane|p1a: Keldeo
|-supereffective|p1a: Keldeo
|-damage|p1a: Keldeo|0 fnt
|faint|p1a: Keldeo
|
|upkeep
|
|t:|1621266987
|switch|p1a: Zeraora|Zeraora|100/100
|turn|7
|
|t:|1621266990
|switch|p2a: Toxapex|Toxapex, F|83/100
|-damage|p2a: Toxapex|71/100|[from] Spikes
|move|p1a: Zeraora|Knock Off|p2a: Toxapex
|-damage|p2a: Toxapex|59/100
|
|upkeep
|turn|8
|
|t:|1621266993
|switch|p2a: Garchomp|Garchomp, F|100/100
|-damage|p2a: Garchomp|88/100|[from] Spikes
|move|p1a: Zeraora|Knock Off|p2a: Garchomp
|-damage|p2a: Garchomp|56/100
|-damage|p1a: Zeraora|88/100|[from] ability: Rough Skin|[of] p2a: Garchomp
|-enditem|p2a: Garchomp|Leftovers|[from] move: Knock Off|[of] p1a: Zeraora
|
|upkeep
|turn|9
|
|t:|1621266999
|switch|p2a: Zapdos|Zapdos|31/100
|-ability|p2a: Zapdos|Pressure
|move|p1a: Zeraora|Close Combat|p2a: Zapdos
|-resisted|p2a: Zapdos
|-damage|p2a: Zapdos|8/100
|-unboost|p1a: Zeraora|def|1
|-unboost|p1a: Zeraora|spd|1
|
|upkeep
|turn|10
|
|t:|1621267006
|switch|p2a: Toxapex|Toxapex, F|93/100
|-damage|p2a: Toxapex|80/100|[from] Spikes
|move|p1a: Zeraora|Plasma Fists|p2a: Toxapex
|-supereffective|p2a: Toxapex
|-damage|p2a: Toxapex|22/100
|
|upkeep
|turn|11
|
|t:|1621267015
|move|p1a: Zeraora|Plasma Fists|p2a: Toxapex
|-supereffective|p2a: Toxapex
|-damage|p2a: Toxapex|0 fnt
|faint|p2a: Toxapex
|
|upkeep
|
|t:|1621267017
|switch|p2a: Garchomp|Garchomp, F|56/100
|-damage|p2a: Garchomp|44/100|[from] Spikes
|turn|12
|
|t:|1621267043
|switch|p1a: Landorus|Landorus-Therian, M, shiny|100/100
|-ability|p1a: Landorus|Intimidate|boost
|-unboost|p2a: Garchomp|atk|1
|switch|p2a: Zapdos|Zapdos|8/100
|-ability|p2a: Zapdos|Pressure
|
|upkeep
|turn|13
|
|t:|1621267048
|move|p2a: Zapdos|Hurricane|p1a: Landorus
|-damage|p1a: Landorus|37/100
|move|p1a: Landorus|Toxic|p2a: Zapdos
|-status|p2a: Zapdos|tox
|
|-damage|p2a: Zapdos|2/100 tox|[from] psn
|upkeep
|turn|14
|inactive|not mb has 120 seconds left.
|
|t:|1621267073
|switch|p2a: Tyranitar|Tyranitar, F|100/100
|-damage|p2a: Tyranitar|88/100|[from] Spikes
|-weather|Sandstorm|[from] ability: Sand Stream|[of] p2a: Tyranitar
|move|p1a: Landorus|U-turn|p2a: Tyranitar
|-supereffective|p2a: Tyranitar
|-damage|p2a: Tyranitar|52/100
|inactive|not mb has 120 seconds left.
|
|t:|1621267085
|switch|p1a: Zeraora|Zeraora|88/100|[from]move: U-turn
|
|-weather|Sandstorm|[upkeep]
|-damage|p1a: Zeraora|82/100|[from] Sandstorm
|-heal|p2a: Tyranitar|58/100|[from] item: Leftovers
|upkeep
|turn|15
|inactive|not mb has 120 seconds left.
|
|t:|1621267099
|move|p2a: Tyranitar|Protect|p2a: Tyranitar
|-singleturn|p2a: Tyranitar|Protect
|move|p1a: Zeraora|Close Combat|p2a: Tyranitar
|-activate|p2a: Tyranitar|move: Protect
|
|-weather|Sandstorm|[upkeep]
|-damage|p1a: Zeraora|76/100|[from] Sandstorm
|-heal|p2a: Tyranitar|64/100|[from] item: Leftovers
|upkeep
|turn|16
|
|t:|1621267103
|switch|p2a: Zapdos|Zapdos|2/100 tox
|-ability|p2a: Zapdos|Pressure
|move|p1a: Zeraora|Close Combat|p2a: Zapdos
|-resisted|p2a: Zapdos
|-damage|p2a: Zapdos|0 fnt
|-unboost|p1a: Zeraora|def|1
|-unboost|p1a: Zeraora|spd|1
|faint|p2a: Zapdos
|
|-weather|Sandstorm|[upkeep]
|-damage|p1a: Zeraora|70/100|[from] Sandstorm
|upkeep
|
|t:|1621267105
|switch|p2a: Excadrill|Excadrill, F|100/100
|-damage|p2a: Excadrill|88/100|[from] Spikes
|turn|17
|
|t:|1621267111
|switch|p2a: Garchomp|Garchomp, F|44/100
|-damage|p2a: Garchomp|32/100|[from] Spikes
|switch|p1a: Moltres|Moltres, shiny|100/100
|
|-weather|Sandstorm|[upkeep]
|-damage|p1a: Moltres|94/100|[from] Sandstorm
|upkeep
|turn|18
|j| ISimpForNessa
|
|t:|1621267124
|switch|p1a: Ferrothorn|Ferrothorn, F|76/100 brn
|move|p2a: Garchomp|Scale Shot|p1a: Ferrothorn
|-resisted|p1a: Ferrothorn
|-damage|p1a: Ferrothorn|72/100 brn
|-resisted|p1a: Ferrothorn
|-damage|p1a: Ferrothorn|67/100 brn
|-resisted|p1a: Ferrothorn
|-damage|p1a: Ferrothorn|62/100 brn
|-hitcount|p1a: Ferrothorn|3
|-unboost|p2a: Garchomp|def|1
|-boost|p2a: Garchomp|spe|1
|
|-weather|none
|-damage|p1a: Ferrothorn|56/100 brn|[from] brn
|upkeep
|turn|19
|
|t:|1621267137
|move|p2a: Garchomp|Substitute|p2a: Garchomp
|-start|p2a: Garchomp|Substitute
|-damage|p2a: Garchomp|7/100
|move|p1a: Ferrothorn|Leech Seed||[still]
|-fail|p1a: Ferrothorn
|
|-damage|p1a: Ferrothorn|49/100 brn|[from] brn
|upkeep
|turn|20
|
|t:|1621267143
|move|p2a: Garchomp|Swords Dance|p2a: Garchomp
|-boost|p2a: Garchomp|atk|2
|move|p1a: Ferrothorn|Power Whip|p2a: Garchomp
|-end|p2a: Garchomp|Substitute
|
|-damage|p1a: Ferrothorn|43/100 brn|[from] brn
|upkeep
|turn|21
|
|t:|1621267154
|switch|p1a: Landorus|Landorus-Therian, M, shiny|37/100
|-ability|p1a: Landorus|Intimidate|boost
|-unboost|p2a: Garchomp|atk|1
|move|p2a: Garchomp|Scale Shot|p1a: Landorus
|-damage|p1a: Landorus|20/100
|-damage|p1a: Landorus|4/100
|-hitcount|p1a: Landorus|2
|-unboost|p2a: Garchomp|def|1
|-boost|p2a: Garchomp|spe|1
|
|upkeep
|turn|22
|inactive|not mb has 120 seconds left.
|
|t:|1621267188
|switch|p1a: Ferrothorn|Ferrothorn, F|43/100 brn
|move|p2a: Garchomp|Scale Shot|p1a: Ferrothorn|[miss]
|-miss|p2a: Garchomp|p1a: Ferrothorn
|
|-damage|p1a: Ferrothorn|37/100 brn|[from] brn
|upkeep
|turn|23
|
|t:|1621267193
|move|p2a: Garchomp|Earthquake|p1a: Ferrothorn
|-damage|p1a: Ferrothorn|0 fnt
|faint|p1a: Ferrothorn
|
|upkeep
|
|t:|1621267195
|switch|p1a: Landorus|Landorus-Therian, M, shiny|4/100
|-ability|p1a: Landorus|Intimidate|boost
|-unboost|p2a: Garchomp|atk|1
|turn|24
|
|t:|1621267204
|switch|p1a: Slowking|Slowking-Galar, M, shiny|100/100
|move|p2a: Garchomp|Scale Shot|p1a: Slowking
|-damage|p1a: Slowking|86/100
|-damage|p1a: Slowking|72/100
|-damage|p1a: Slowking|58/100
|-hitcount|p1a: Slowking|3
|-unboost|p2a: Garchomp|def|1
|-boost|p2a: Garchomp|spe|1
|
|upkeep
|turn|25
|
|t:|1621267228
|move|p2a: Garchomp|Earthquake|p1a: Slowking
|-supereffective|p1a: Slowking
|-damage|p1a: Slowking|0 fnt
|faint|p1a: Slowking
|
|upkeep
|
|t:|1621267231
|switch|p1a: Moltres|Moltres, shiny|94/100
|turn|26
|
|t:|1621267235
|move|p2a: Garchomp|Scale Shot|p1a: Moltres
|-damage|p1a: Moltres|84/100
|-damage|p1a: Moltres|73/100
|-damage|p1a: Moltres|62/100
|-damage|p1a: Moltres|52/100
|-damage|p1a: Moltres|40/100
|-hitcount|p1a: Moltres|5
|-unboost|p2a: Garchomp|def|1
|-boost|p2a: Garchomp|spe|1
|move|p1a: Moltres|Scorching Sands|p2a: Garchomp
|-damage|p2a: Garchomp|0 fnt
|faint|p2a: Garchomp
|
|upkeep
|
|t:|1621267265
|switch|p2a: Tyranitar|Tyranitar, F|64/100
|-damage|p2a: Tyranitar|52/100|[from] Spikes
|-weather|Sandstorm|[from] ability: Sand Stream|[of] p2a: Tyranitar
|turn|27
|j| EcoEcho
|j| Sugarybomber
|
|t:|1621267268
|switch|p1a: Zeraora|Zeraora|70/100
|switch|p2a: Excadrill|Excadrill, F|88/100
|-damage|p2a: Excadrill|76/100|[from] Spikes
|
|-weather|Sandstorm|[upkeep]
|-damage|p1a: Zeraora|64/100|[from] Sandstorm
|-heal|p2a: Excadrill|82/100|[from] item: Leftovers
|upkeep
|turn|28
|l| KuWyTo
|j| Yoichel
|j| bange
|inactive|not mb has 120 seconds left.
|j| TheLegend2747
|inactive|not mb has 90 seconds left.
|
|t:|1621267330
|switch|p1a: Moltres|Moltres, shiny|40/100
|move|p2a: Excadrill|Swords Dance|p2a: Excadrill
|-boost|p2a: Excadrill|atk|2
|
|-weather|Sandstorm|[upkeep]
|-damage|p1a: Moltres|34/100|[from] Sandstorm
|-heal|p2a: Excadrill|88/100|[from] item: Leftovers
|upkeep
|turn|29
|j| Failsoftheweek
|
|t:|1621267339
|switch|p1a: Landorus|Landorus-Therian, M, shiny|4/100
|-ability|p1a: Landorus|Intimidate|boost
|-unboost|p2a: Excadrill|atk|1
|move|p2a: Excadrill|Iron Head|p1a: Landorus
|-damage|p1a: Landorus|0 fnt
|-damage|p2a: Excadrill|71/100|[from] item: Rocky Helmet|[of] p1a: Landorus
|faint|p1a: Landorus
|
|-weather|Sandstorm|[upkeep]
|-heal|p2a: Excadrill|77/100|[from] item: Leftovers
|upkeep
|
|t:|1621267341
|switch|p1a: Moltres|Moltres, shiny|34/100
|turn|30
|j| BlackBlurSpidey
|
|t:|1621267362
|switch|p2a: Tyranitar|Tyranitar, F|52/100
|-damage|p2a: Tyranitar|40/100|[from] Spikes
|move|p1a: Moltres|Roost|p1a: Moltres
|-heal|p1a: Moltres|85/100
|-singleturn|p1a: Moltres|move: Roost
|
|-weather|Sandstorm|[upkeep]
|-damage|p1a: Moltres|79/100|[from] Sandstorm
|-heal|p2a: Tyranitar|46/100|[from] item: Leftovers
|upkeep
|turn|31
|l| Failsoftheweek
|j| gare23limit
|j| KuWyTo
|
|t:|1621267369
|switch|p1a: Zeraora|Zeraora|64/100
|move|p2a: Tyranitar|Rock Blast|p1a: Zeraora
|-damage|p1a: Zeraora|48/100
|-crit|p1a: Zeraora
|-damage|p1a: Zeraora|23/100
|-hitcount|p1a: Zeraora|2
|
|-weather|none
|-heal|p2a: Tyranitar|52/100|[from] item: Leftovers
|upkeep
|turn|32
|inactive|not mb has 120 seconds left.
|j| gaijineagle
|
|t:|1621267402
|switch|p2a: Kartana|Kartana|100/100
|-damage|p2a: Kartana|88/100|[from] Spikes
|move|p1a: Zeraora|Knock Off|p2a: Kartana
|-damage|p2a: Kartana|56/100
|-enditem|p2a: Kartana|Life Orb|[from] move: Knock Off|[of] p1a: Zeraora
|
|upkeep
|turn|33
|
|t:|1621267425
|move|p1a: Zeraora|Close Combat|p2a: Kartana
|-supereffective|p2a: Kartana
|-damage|p2a: Kartana|0 fnt
|-unboost|p1a: Zeraora|def|1
|-unboost|p1a: Zeraora|spd|1
|faint|p2a: Kartana
|
|upkeep
|
|t:|1621267428
|switch|p2a: Tyranitar|Tyranitar, F|52/100
|-damage|p2a: Tyranitar|40/100|[from] Spikes
|-weather|Sandstorm|[from] ability: Sand Stream|[of] p2a: Tyranitar
|turn|34
|
|t:|1621267447
|move|p2a: Tyranitar|Protect|p2a: Tyranitar
|-singleturn|p2a: Tyranitar|Protect
|move|p1a: Zeraora|Close Combat|p2a: Tyranitar
|-activate|p2a: Tyranitar|move: Protect
|
|-weather|Sandstorm|[upkeep]
|-damage|p1a: Zeraora|17/100|[from] Sandstorm
|-heal|p2a: Tyranitar|46/100|[from] item: Leftovers
|upkeep
|turn|35
|
|t:|1621267452
|move|p2a: Tyranitar|Protect||[still]
|-fail|p2a: Tyranitar
|move|p1a: Zeraora|Close Combat|p2a: Tyranitar
|-supereffective|p2a: Tyranitar
|-damage|p2a: Tyranitar|0 fnt
|-unboost|p1a: Zeraora|def|1
|-unboost|p1a: Zeraora|spd|1
|faint|p2a: Tyranitar
|
|-weather|Sandstorm|[upkeep]
|-damage|p1a: Zeraora|11/100|[from] Sandstorm
|upkeep
|-message|ayevon forfeited.
|
|win|not mb
|raw|not mb's rating: 1796 &rarr; <strong>1815</strong><br />(+19 for winning)
|raw|ayevon's rating: 1782 &rarr; <strong>1763</strong><br />(-19 for losing)
|l|☆ayevon
|l| TheLegend2747
|l| ISimpForNessa
|l| Sugarybomber
|l| bange
|l| KuWyTo
||Ladder isn't responding, score probably updated but might not have (Request timeout).
