|j|☆Kaleor
|j|‽RKOtaku
|t:|1653403600
|gametype|singles
|player|p1|Kaleor|swimmer-gen4dp|1739
|player|p2|RKOtaku|cynthia-gen4|1841
|teamsize|p1|6
|teamsize|p2|6
|gen|8
|tier|[Gen 8] OU
|rated|
|rule|Sleep Clause Mod: Limit one foe put to sleep
|rule|Species Clause: Limit one of each Pokémon
|rule|OHKO Clause: OHKO moves are banned
|rule|Evasion Moves Clause: Evasion moves are banned
|rule|Endless Battle Clause: Forcing endless battles is banned
|rule|HP Percentage Mod: HP is shown in percentages
|rule|Dynamax Clause: You cannot dynamax
|clearpoke
|poke|p1|Zapdos-Galar|
|poke|p1|Volcanion|
|poke|p1|Landorus-Therian, M|
|poke|p1|Kartana|
|poke|p1|Ninetales-Alola, F|
|poke|p1|Aegislash, M|
|poke|p2|Alakazam, M|
|poke|p2|Espeon, F|
|poke|p2|Slurpuff, M|
|poke|p2|Tapu Lele|
|poke|p2|Kartana|
|poke|p2|Polteageist|
|teampreview
|inactive|Battle timer is ON: inactive players will automatically lose when time's up. (requested by RKOtaku)
|
|t:|1653403611
|start
|switch|p1a: Ninetales|Ninetales-Alola, F|100/100
|switch|p2a: Tapu Lele|Tapu Lele, shiny|100/100
|-weather|Hail|[from] ability: Snow Warning|[of] p1a: Ninetales
|-fieldstart|move: Psychic Terrain|[from] ability: Psychic Surge|[of] p2a: Tapu Lele
|turn|1
|
|t:|1653403617
|switch|p1a: Aegislash|Aegislash, M|100/100
|switch|p2a: Espeon|Espeon, F|100/100
|
|-weather|Hail|[upkeep]
|-damage|p2a: Espeon|95/100|[from] Hail
|-damage|p1a: Aegislash|94/100|[from] Hail
|upkeep
|turn|2
|j| jozer1
|
|t:|1653403624
|move|p2a: Espeon|Yawn|p1a: Aegislash
|-start|p1a: Aegislash|move: Yawn|[of] p2a: Espeon
|-formechange|p1a: Aegislash|Aegislash-Blade||[from] ability: Stance Change
|move|p1a: Aegislash|Shadow Ball|p2a: Espeon
|-supereffective|p2a: Espeon
|-damage|p2a: Espeon|0 fnt
|faint|p2a: Espeon
|-damage|p1a: Aegislash|84/100|[from] item: Life Orb
|
|-weather|Hail|[upkeep]
|-damage|p1a: Aegislash|78/100|[from] Hail
|upkeep
|
|t:|1653403628
|switch|p2a: Slurpuff|Slurpuff, M|100/100
|-enditem|p2a: Slurpuff|Psychic Seed
|-boost|p2a: Slurpuff|spd|1|[from] item: Psychic Seed
|turn|3
|
|t:|1653403639
|move|p2a: Slurpuff|Sticky Web|p1a: Aegislash
|-sidestart|p1: Kaleor|move: Sticky Web
|move|p1a: Aegislash|Flash Cannon|p2a: Slurpuff
|-supereffective|p2a: Slurpuff
|-damage|p2a: Slurpuff|0 fnt
|faint|p2a: Slurpuff
|-damage|p1a: Aegislash|68/100|[from] item: Life Orb
|
|-weather|Hail|[upkeep]
|-damage|p1a: Aegislash|62/100|[from] Hail
|-end|p1a: Aegislash|move: Yawn|[silent]
|-status|p1a: Aegislash|slp
|upkeep
|
|t:|1653403651
|switch|p2a: Kartana|Kartana|100/100
|turn|4
|
|t:|1653403654
|switch|p1a: Landorus|Landorus-Therian, M|100/100
|-ability|p1a: Landorus|Intimidate|boost
|-unboost|p2a: Kartana|atk|1
|move|p2a: Kartana|Swords Dance|p2a: Kartana
|-boost|p2a: Kartana|atk|2
|
|-weather|Hail|[upkeep]
|-damage|p2a: Kartana|94/100|[from] Hail
|-damage|p1a: Landorus|94/100|[from] Hail
|-heal|p1a: Landorus|100/100|[from] item: Leftovers
|upkeep
|turn|5
|
|t:|1653403663
|move|p2a: Kartana|Swords Dance|p2a: Kartana
|-boost|p2a: Kartana|atk|2
|move|p1a: Landorus|Defog|p2a: Kartana
|-unboost|p2a: Kartana|evasion|1
|-sideend|p1: Kaleor|Sticky Web|[from] move: Defog|[of] p1a: Landorus
|-fieldend|move: Psychic Terrain
|
|-weather|none
|upkeep
|turn|6
|
|t:|1653403667
|switch|p1a: Aegislash|Aegislash, M|62/100 slp
|move|p2a: Kartana|Leaf Blade|p1a: Aegislash
|-resisted|p1a: Aegislash
|-damage|p1a: Aegislash|0 fnt
|faint|p1a: Aegislash
|-ability|p2a: Kartana|Beast Boost|boost
|-boost|p2a: Kartana|atk|1
|
|upkeep
|
|t:|1653403672
|switch|p1a: Zapdos|Zapdos-Galar|100/100
|turn|7
|
|t:|1653403677
|move|p1a: Zapdos|Close Combat|p2a: Kartana
|-supereffective|p2a: Kartana
|-damage|p2a: Kartana|0 fnt
|-unboost|p1a: Zapdos|def|1
|-unboost|p1a: Zapdos|spd|1
|faint|p2a: Kartana
|
|upkeep
|j| Serena Propaganda
|
|t:|1653403681
|switch|p2a: Polteageist|Polteageist, shiny|100/100
|turn|8
|
|t:|1653403683
|switch|p1a: Ninetales|Ninetales-Alola, F|100/100
|-weather|Hail|[from] ability: Snow Warning|[of] p1a: Ninetales
|move|p2a: Polteageist|Shell Smash|p2a: Polteageist
|-unboost|p2a: Polteageist|def|1
|-unboost|p2a: Polteageist|spd|1
|-boost|p2a: Polteageist|atk|2
|-boost|p2a: Polteageist|spa|2
|-boost|p2a: Polteageist|spe|2
|
|-weather|Hail|[upkeep]
|-damage|p2a: Polteageist|94/100|[from] Hail
|upkeep
|turn|9
|j| 50 at max
|
|t:|1653403694
|move|p2a: Polteageist|Stored Power|p1a: Ninetales
|-damage|p1a: Ninetales|0 fnt
|faint|p1a: Ninetales
|
|-weather|Hail|[upkeep]
|-damage|p2a: Polteageist|88/100|[from] Hail
|upkeep
|
|t:|1653403702
|switch|p1a: Volcanion|Volcanion|100/100
|turn|10
|
|t:|1653403707
|move|p2a: Polteageist|Stored Power|p1a: Volcanion
|-damage|p1a: Volcanion|0 fnt
|faint|p1a: Volcanion
|
|-weather|Hail|[upkeep]
|-damage|p2a: Polteageist|82/100|[from] Hail
|upkeep
|
|t:|1653403711
|switch|p1a: Landorus|Landorus-Therian, M|100/100
|-ability|p1a: Landorus|Intimidate|boost
|-unboost|p2a: Polteageist|atk|1
|turn|11
|
|t:|1653403713
|move|p2a: Polteageist|Stored Power|p1a: Landorus
|-damage|p1a: Landorus|7/100
|move|p1a: Landorus|Earthquake|p2a: Polteageist
|-damage|p2a: Polteageist|0 fnt
|faint|p2a: Polteageist
|
|-weather|Hail|[upkeep]
|-damage|p1a: Landorus|1/100|[from] Hail
|-heal|p1a: Landorus|7/100|[from] item: Leftovers
|upkeep
|
|t:|1653403720
|switch|p2a: Tapu Lele|Tapu Lele, shiny|100/100
|-fieldstart|move: Psychic Terrain|[from] ability: Psychic Surge|[of] p2a: Tapu Lele
|turn|12
|
|t:|1653403723
|move|p2a: Tapu Lele|Psychic|p1a: Landorus
|-damage|p1a: Landorus|0 fnt
|faint|p1a: Landorus
|
|-weather|none
|upkeep
|
|t:|1653403726
|switch|p1a: Kartana|Kartana|100/100
|turn|13
|
|t:|1653403729
|move|p1a: Kartana|Knock Off|p2a: Tapu Lele
|-damage|p2a: Tapu Lele|16/100
|-enditem|p2a: Tapu Lele|Terrain Extender|[from] move: Knock Off|[of] p1a: Kartana
|-damage|p1a: Kartana|91/100|[from] item: Life Orb
|move|p2a: Tapu Lele|Psychic|p1a: Kartana
|-resisted|p1a: Kartana
|-damage|p1a: Kartana|0 fnt
|faint|p1a: Kartana
|
|upkeep
|
|t:|1653403732
|switch|p1a: Zapdos|Zapdos-Galar|100/100
|turn|14
|
|t:|1653403735
|move|p1a: Zapdos|Brave Bird|p2a: Tapu Lele
|-damage|p2a: Tapu Lele|0 fnt
|faint|p2a: Tapu Lele
|-damage|p1a: Zapdos|96/100|[from] Recoil
|
|upkeep
|j| Glock2008
|
|t:|1653403737
|switch|p2a: Alakazam|Alakazam, M, shiny|100/100
|turn|15
|
|t:|1653403738
|move|p1a: Zapdos|Brave Bird|p2a: Alakazam
|-enditem|p2a: Alakazam|Focus Sash
|-damage|p2a: Alakazam|1/100
|-damage|p1a: Zapdos|70/100|[from] Recoil
|move|p2a: Alakazam|Expanding Force|p1a: Zapdos
|-supereffective|p1a: Zapdos
|-damage|p1a: Zapdos|0 fnt
|faint|p1a: Zapdos
|
|win|RKOtaku
|raw|Kaleor's rating: 1739 &rarr; <strong>1725</strong><br />(-14 for losing)
|raw|RKOtaku's rating: 1841 &rarr; <strong>1855</strong><br />(+14 for winning)
|l|‽RKOtaku
|l|☆Kaleor
|l| Serena Propaganda
|l| Glock2008
