|j|☆Pesglovo
|j|☆ultimategoogolplex
|t:|1667518286
|gametype|singles
|player|p1|Pesglovo|steven|1562
|player|p2|ultimategoogolplex|2|1691
|teamsize|p1|6
|teamsize|p2|6
|gen|8
|tier|[Gen 8] OU
|rated|
|rule|Sleep Clause Mod: Limit one foe put to sleep
|rule|Species Clause: Limit one of each Pokémon
|rule|OHKO Clause: OHKO moves are banned
|rule|Evasion Items Clause: Evasion items are banned
|rule|Evasion Moves Clause: Evasion moves are banned
|rule|Endless Battle Clause: Forcing endless battles is banned
|rule|HP Percentage Mod: HP is shown in percentages
|rule|Dynamax Clause: You cannot dynamax
|clearpoke
|poke|p1|Hippowdon, F|
|poke|p1|Heatran, M|
|poke|p1|Blissey, F|
|poke|p1|Ferrothorn, M|
|poke|p1|Corviknight, F|
|poke|p1|Landorus-Therian, M|
|poke|p2|Weavile, M|
|poke|p2|Volcanion|
|poke|p2|Zapdos|
|poke|p2|Landorus-Therian, M|
|poke|p2|Kartana|
|poke|p2|Melmetal|
|teampreview
|inactive|Battle timer is ON: inactive players will automatically lose when time's up. (requested by ultimategoogolplex)
|
|t:|1667518297
|start
|switch|p1a: Landorus|Landorus-Therian, M, shiny|100/100
|switch|p2a: Weavile|Weavile, M|100/100
|-ability|p1a: Landorus|Intimidate|boost
|-unboost|p2a: Weavile|atk|1
|-ability|p2a: Weavile|Pressure
|turn|1
|
|t:|1667518306
|switch|p2a: Volcanion|Volcanion|100/100
|move|p1a: Landorus|U-turn|p2a: Volcanion
|-resisted|p2a: Volcanion
|-damage|p2a: Volcanion|87/100
|
|t:|1667518314
|switch|p1a: Blissey|Blissey, F, shiny|100/100|[from]move: U-turn
|
|upkeep
|turn|2
|
|t:|1667518319
|switch|p2a: Melmetal|Melmetal|100/100
|move|p1a: Blissey|Seismic Toss|p2a: Melmetal
|-damage|p2a: Melmetal|78/100
|
|upkeep
|turn|3
|
|t:|1667518328
|switch|p1a: Hippowdon|Hippowdon, F, shiny|100/100
|-weather|Sandstorm|[from] ability: Sand Stream|[of] p1a: Hippowdon
|switch|p2a: Volcanion|Volcanion|87/100
|
|-weather|Sandstorm|[upkeep]
|-damage|p2a: Volcanion|81/100|[from] Sandstorm
|upkeep
|turn|4
|
|t:|1667518335
|switch|p2a: Weavile|Weavile, M|100/100
|-ability|p2a: Weavile|Pressure
|switch|p1a: Blissey|Blissey, F, shiny|100/100
|
|-weather|Sandstorm|[upkeep]
|-damage|p2a: Weavile|94/100|[from] Sandstorm
|-damage|p1a: Blissey|94/100|[from] Sandstorm
|-heal|p1a: Blissey|100/100|[from] item: Leftovers
|upkeep
|turn|5
|
|t:|1667518339
|move|p2a: Weavile|Beat Up|p1a: Blissey
|-damage|p1a: Blissey|87/100
|-damage|p1a: Blissey|77/100
|-damage|p1a: Blissey|67/100
|-damage|p1a: Blissey|55/100
|-damage|p1a: Blissey|38/100
|-damage|p1a: Blissey|24/100
|-hitcount|p1a: Blissey|6
|move|p1a: Blissey|Toxic|p2a: Weavile
|-status|p2a: Weavile|tox
|
|-weather|Sandstorm|[upkeep]
|-damage|p2a: Weavile|88/100 tox|[from] Sandstorm
|-damage|p1a: Blissey|18/100|[from] Sandstorm
|-heal|p1a: Blissey|24/100|[from] item: Leftovers
|-damage|p2a: Weavile|82/100 tox|[from] psn
|upkeep
|turn|6
|
|t:|1667518357
|switch|p1a: Ferrothorn|Ferrothorn, M, shiny|100/100
|move|p2a: Weavile|Beat Up|p1a: Ferrothorn
|-damage|p1a: Ferrothorn|92/100
|-damage|p1a: Ferrothorn|85/100
|-damage|p1a: Ferrothorn|78/100
|-damage|p1a: Ferrothorn|69/100
|-damage|p1a: Ferrothorn|58/100
|-damage|p1a: Ferrothorn|50/100
|-hitcount|p1a: Ferrothorn|6
|
|-weather|Sandstorm|[upkeep]
|-damage|p2a: Weavile|76/100 tox|[from] Sandstorm
|-heal|p1a: Ferrothorn|56/100|[from] item: Leftovers
|-damage|p2a: Weavile|64/100 tox|[from] psn
|upkeep
|turn|7
|
|t:|1667518371
|switch|p2a: Landorus|Landorus-Therian, M|100/100
|-ability|p2a: Landorus|Intimidate|boost
|-unboost|p1a: Ferrothorn|atk|1
|move|p1a: Ferrothorn|Leech Seed|p2a: Landorus
|-start|p2a: Landorus|move: Leech Seed
|
|-weather|none
|-heal|p1a: Ferrothorn|62/100|[from] item: Leftovers
|-damage|p2a: Landorus|88/100|[from] Leech Seed|[of] p1a: Ferrothorn
|-heal|p1a: Ferrothorn|75/100|[silent]
|upkeep
|turn|8
|
|t:|1667518379
|switch|p2a: Volcanion|Volcanion|81/100
|move|p1a: Ferrothorn|Knock Off|p2a: Volcanion
|-damage|p2a: Volcanion|67/100
|-enditem|p2a: Volcanion|Choice Specs|[from] move: Knock Off|[of] p1a: Ferrothorn
|
|-heal|p1a: Ferrothorn|82/100|[from] item: Leftovers
|upkeep
|turn|9
|
|t:|1667518389
|switch|p1a: Hippowdon|Hippowdon, F, shiny|100/100
|-weather|Sandstorm|[from] ability: Sand Stream|[of] p1a: Hippowdon
|move|p2a: Volcanion|Flamethrower|p1a: Hippowdon
|-damage|p1a: Hippowdon|48/100
|
|-weather|Sandstorm|[upkeep]
|-damage|p2a: Volcanion|61/100|[from] Sandstorm
|-heal|p1a: Hippowdon|54/100|[from] item: Leftovers
|upkeep
|turn|10
|
|t:|1667518401
|switch|p2a: Weavile|Weavile, M|64/100 tox
|-ability|p2a: Weavile|Pressure
|switch|p1a: Blissey|Blissey, F, shiny|24/100
|
|-weather|Sandstorm|[upkeep]
|-damage|p2a: Weavile|58/100 tox|[from] Sandstorm
|-damage|p1a: Blissey|18/100|[from] Sandstorm
|-heal|p1a: Blissey|24/100|[from] item: Leftovers
|-damage|p2a: Weavile|52/100 tox|[from] psn
|upkeep
|turn|11
|
|t:|1667518411
|switch|p1a: Corviknight|Corviknight, F, shiny|100/100
|-ability|p1a: Corviknight|Pressure
|move|p2a: Weavile|Beat Up|p1a: Corviknight
|-damage|p1a: Corviknight|92/100
|-damage|p1a: Corviknight|82/100
|-damage|p1a: Corviknight|75/100
|-damage|p1a: Corviknight|67/100
|-damage|p1a: Corviknight|56/100
|-damage|p1a: Corviknight|46/100
|-hitcount|p1a: Corviknight|6
|
|-weather|Sandstorm|[upkeep]
|-damage|p2a: Weavile|46/100 tox|[from] Sandstorm
|-damage|p2a: Weavile|34/100 tox|[from] psn
|upkeep
|turn|12
|
|t:|1667518425
|switch|p1a: Landorus|Landorus-Therian, M, shiny|100/100
|-ability|p1a: Landorus|Intimidate|boost
|-unboost|p2a: Weavile|atk|1
|move|p2a: Weavile|Beat Up|p1a: Landorus
|-damage|p1a: Landorus|88/100
|-damage|p1a: Landorus|75/100
|-damage|p1a: Landorus|65/100
|-damage|p1a: Landorus|55/100
|-damage|p1a: Landorus|41/100
|-damage|p1a: Landorus|30/100
|-hitcount|p1a: Landorus|6
|
|-weather|Sandstorm|[upkeep]
|-damage|p2a: Weavile|28/100 tox|[from] Sandstorm
|-damage|p2a: Weavile|10/100 tox|[from] psn
|upkeep
|turn|13
|
|t:|1667518433
|move|p1a: Landorus|U-turn|p2a: Weavile
|-supereffective|p2a: Weavile
|-damage|p2a: Weavile|0 fnt
|faint|p2a: Weavile
|
|t:|1667518439
|switch|p1a: Ferrothorn|Ferrothorn, M, shiny|82/100|[from]move: U-turn
|
|-weather|none
|-heal|p1a: Ferrothorn|88/100|[from] item: Leftovers
|upkeep
|
|t:|1667518445
|switch|p2a: Volcanion|Volcanion|61/100
|turn|14
|
|t:|1667518453
|move|p2a: Volcanion|Flamethrower|p1a: Ferrothorn
|-supereffective|p1a: Ferrothorn
|-damage|p1a: Ferrothorn|0 fnt
|faint|p1a: Ferrothorn
|
|upkeep
|
|t:|1667518457
|switch|p1a: Landorus|Landorus-Therian, M, shiny|30/100
|-ability|p1a: Landorus|Intimidate|boost
|-unboost|p2a: Volcanion|atk|1
|turn|15
|
|t:|1667518462
|switch|p2a: Landorus|Landorus-Therian, M|88/100
|-ability|p2a: Landorus|Intimidate|boost
|-unboost|p1a: Landorus|atk|1
|move|p1a: Landorus|Earthquake|p2a: Landorus
|-immune|p2a: Landorus
|
|-heal|p2a: Landorus|94/100|[from] item: Leftovers
|upkeep
|turn|16
|
|t:|1667518466
|switch|p1a: Corviknight|Corviknight, F, shiny|46/100
|-ability|p1a: Corviknight|Pressure
|move|p2a: Landorus|U-turn|p1a: Corviknight
|-resisted|p1a: Corviknight
|-damage|p1a: Corviknight|43/100
|-damage|p2a: Landorus|78/100|[from] item: Rocky Helmet|[of] p1a: Corviknight
|
|t:|1667518469
|switch|p2a: Volcanion|Volcanion|61/100|[from]move: U-turn
|
|upkeep
|turn|17
|
|t:|1667518473
|switch|p1a: Heatran|Heatran, M, shiny|100/100
|move|p2a: Volcanion|Flamethrower|p1a: Heatran
|-start|p1a: Heatran|ability: Flash Fire
|
|upkeep
|turn|18
|
|t:|1667518479
|move|p2a: Volcanion|Steam Eruption|p1a: Heatran
|-supereffective|p1a: Heatran
|-damage|p1a: Heatran|13/100
|move|p1a: Heatran|Magma Storm|p2a: Volcanion
|-resisted|p2a: Volcanion
|-damage|p2a: Volcanion|38/100
|-activate|p2a: Volcanion|move: Magma Storm|[of] p1a: Heatran
|
|-heal|p1a: Heatran|20/100|[from] item: Leftovers
|-damage|p2a: Volcanion|26/100|[from] move: Magma Storm|[partiallytrapped]
|upkeep
|turn|19
|
|t:|1667518490
|move|p2a: Volcanion|Earth Power|p1a: Heatran
|-supereffective|p1a: Heatran
|-damage|p1a: Heatran|0 fnt
|faint|p1a: Heatran
|
|-end|p2a: Volcanion|Magma Storm|[partiallytrapped]|[silent]
|upkeep
|
|t:|1667518493
|switch|p1a: Landorus|Landorus-Therian, M, shiny|30/100
|-ability|p1a: Landorus|Intimidate|boost
|-unboost|p2a: Volcanion|atk|1
|turn|20
|
|t:|1667518498
|move|p1a: Landorus|Rock Slide|p2a: Volcanion
|-supereffective|p2a: Volcanion
|-damage|p2a: Volcanion|0 fnt
|faint|p2a: Volcanion
|
|upkeep
|
|t:|1667518511
|switch|p2a: Landorus|Landorus-Therian, M|78/100
|-ability|p2a: Landorus|Intimidate|boost
|-unboost|p1a: Landorus|atk|1
|turn|21
|
|t:|1667518516
|switch|p1a: Corviknight|Corviknight, F, shiny|43/100
|-ability|p1a: Corviknight|Pressure
|move|p2a: Landorus|U-turn|p1a: Corviknight
|-resisted|p1a: Corviknight
|-damage|p1a: Corviknight|40/100
|-damage|p2a: Landorus|61/100|[from] item: Rocky Helmet|[of] p1a: Corviknight
|
|t:|1667518524
|switch|p2a: Zapdos|Zapdos|100/100|[from]move: U-turn
|
|upkeep
|turn|22
|
|t:|1667518527
|switch|p1a: Blissey|Blissey, F, shiny|24/100
|move|p2a: Zapdos|Volt Switch|p1a: Blissey
|-crit|p1a: Blissey
|-damage|p1a: Blissey|9/100
|
|t:|1667518535
|switch|p2a: Kartana|Kartana|100/100|[from]move: Volt Switch
|
|-heal|p1a: Blissey|15/100|[from] item: Leftovers
|upkeep
|turn|23
|-message|Pesglovo forfeited.
|
|win|ultimategoogolplex
|raw|Pesglovo's rating: 1562 &rarr; <strong>1549</strong><br />(-13 for losing)
|raw|ultimategoogolplex's rating: 1691 &rarr; <strong>1704</strong><br />(+13 for winning)
|l|☆Pesglovo
