|html|<div class="broadcast-blue"><strong>[Gen 8] OU is currently suspecting Melmetal! For information on how to participate check out the <a href="https://www.smogon.com/forums/threads/np-ss-ou-suspect-process-round-12-monster-mash.3709234/">suspect thread</a>.</strong></div>
|j|☆Down$pook
|j|☆I♡EgirlFartFumes
|t:|1666189244
|gametype|singles
|player|p1|Down$pook|teamrocket|1666
|player|p2|I♡EgirlFartFumes|will-gen2|1697
|teamsize|p1|6
|teamsize|p2|6
|gen|8
|tier|[Gen 8] OU
|rated|
|rule|Sleep Clause Mod: Limit one foe put to sleep
|rule|Species Clause: Limit one of each Pokémon
|rule|OHKO Clause: OHKO moves are banned
|rule|Evasion Items Clause: Evasion items are banned
|rule|Evasion Moves Clause: Evasion moves are banned
|rule|Endless Battle Clause: Forcing endless battles is banned
|rule|HP Percentage Mod: HP is shown in percentages
|rule|Dynamax Clause: You cannot dynamax
|clearpoke
|poke|p1|Poipole|
|poke|p1|Magnezone|
|poke|p1|Clefable, F|
|poke|p1|Tornadus-Therian, M|
|poke|p1|Mamoswine, F|
|poke|p1|Toxapex, F|
|poke|p2|Gardevoir, F|
|poke|p2|Tapu Lele|
|poke|p2|Magnezone|
|poke|p2|Melmetal|
|poke|p2|Landorus-Therian, M|
|poke|p2|Tapu Fini|
|teampreview
|c|☆Down$pook|Hf
|c|☆I♡EgirlFartFumes|glhf
|
|t:|1666189270
|start
|switch|p1a: Puri-Puri Prisoner|Clefable, F|100/100
|switch|p2a: Tapu Lele|Tapu Lele|100/100
|-fieldstart|move: Psychic Terrain|[from] ability: Psychic Surge|[of] p2a: Tapu Lele
|turn|1
|
|t:|1666189276
|move|p2a: Tapu Lele|Psyshock|p1a: Puri-Puri Prisoner
|-damage|p1a: Puri-Puri Prisoner|26/100
|move|p1a: Puri-Puri Prisoner|Stealth Rock|p2a: Tapu Lele
|-sidestart|p2: I♡EgirlFartFumes|move: Stealth Rock
|
|upkeep
|turn|2
|
|t:|1666189291
|switch|p2a: Landorus|Landorus-Therian, M|100/100
|-damage|p2a: Landorus|88/100|[from] Stealth Rock
|-ability|p2a: Landorus|Intimidate|boost
|-unboost|p1a: Puri-Puri Prisoner|atk|1
|move|p1a: Puri-Puri Prisoner|Soft-Boiled|p1a: Puri-Puri Prisoner
|-heal|p1a: Puri-Puri Prisoner|76/100
|
|-heal|p2a: Landorus|94/100|[from] item: Leftovers
|upkeep
|turn|3
|
|t:|1666189301
|move|p2a: Landorus|Knock Off|p1a: Puri-Puri Prisoner
|-resisted|p1a: Puri-Puri Prisoner
|-damage|p1a: Puri-Puri Prisoner|64/100
|-damage|p2a: Landorus|78/100|[from] item: Rocky Helmet|[of] p1a: Puri-Puri Prisoner
|-enditem|p1a: Puri-Puri Prisoner|Rocky Helmet|[from] move: Knock Off|[of] p2a: Landorus
|move|p1a: Puri-Puri Prisoner|Soft-Boiled|p1a: Puri-Puri Prisoner
|-heal|p1a: Puri-Puri Prisoner|100/100
|
|-heal|p2a: Landorus|84/100|[from] item: Leftovers
|upkeep
|turn|4
|
|t:|1666189306
|switch|p1a: Tatsumaki|Tornadus-Therian, M|100/100
|move|p2a: Landorus|Stealth Rock|p1a: Tatsumaki
|-sidestart|p1: Down$pook|move: Stealth Rock
|
|-heal|p2a: Landorus|90/100|[from] item: Leftovers
|upkeep
|turn|5
|
|t:|1666189309
|move|p1a: Tatsumaki|Knock Off|p2a: Landorus
|-damage|p2a: Landorus|71/100
|-enditem|p2a: Landorus|Leftovers|[from] move: Knock Off|[of] p1a: Tatsumaki
|move|p2a: Landorus|Knock Off|p1a: Tatsumaki
|-damage|p1a: Tatsumaki|70/100
|-enditem|p1a: Tatsumaki|Heavy-Duty Boots|[from] move: Knock Off|[of] p2a: Landorus
|
|-fieldend|move: Psychic Terrain
|upkeep
|turn|6
|
|t:|1666189312
|move|p1a: Tatsumaki|Hurricane|p2a: Landorus|[miss]
|-miss|p1a: Tatsumaki|p2a: Landorus
|move|p2a: Landorus|U-turn|p1a: Tatsumaki
|-resisted|p1a: Tatsumaki
|-damage|p1a: Tatsumaki|59/100
|
|t:|1666189320
|switch|p2a: Melmetal|Melmetal|100/100|[from]move: U-turn
|-damage|p2a: Melmetal|94/100|[from] Stealth Rock
|
|upkeep
|turn|7
|
|t:|1666189331
|move|p1a: Tatsumaki|U-turn|p2a: Melmetal
|-resisted|p2a: Melmetal
|-damage|p2a: Melmetal|91/100
|inactive|Battle timer is ON: inactive players will automatically lose when time's up. (requested by Down$pook)
|
|t:|1666189336
|switch|p1a: Vaccine Man|Toxapex, F, shiny|100/100|[from]move: U-turn
|-damage|p1a: Vaccine Man|88/100|[from] Stealth Rock
|move|p2a: Melmetal|Thunder Punch|p1a: Vaccine Man
|-supereffective|p1a: Vaccine Man
|-damage|p1a: Vaccine Man|41/100
|
|upkeep
|turn|8
|
|t:|1666189357
|move|p2a: Melmetal|Earthquake|p1a: Vaccine Man
|-supereffective|p1a: Vaccine Man
|-damage|p1a: Vaccine Man|0 fnt
|faint|p1a: Vaccine Man
|
|upkeep
|
|t:|1666189359
|switch|p1a: Lord Boros|Magnezone, shiny|100/100
|-damage|p1a: Lord Boros|94/100|[from] Stealth Rock
|-item|p1a: Lord Boros|Air Balloon
|turn|9
|
|t:|1666189363
|move|p1a: Lord Boros|Iron Defense|p1a: Lord Boros
|-boost|p1a: Lord Boros|def|2
|move|p2a: Melmetal|Double Iron Bash|p1a: Lord Boros
|-resisted|p1a: Lord Boros
|-damage|p1a: Lord Boros|90/100
|-enditem|p1a: Lord Boros|Air Balloon
|-resisted|p1a: Lord Boros
|-damage|p1a: Lord Boros|86/100
|-hitcount|p1a: Lord Boros|2
|
|upkeep
|turn|10
|
|t:|1666189367
|move|p1a: Lord Boros|Magnet Rise|p1a: Lord Boros
|-start|p1a: Lord Boros|Magnet Rise
|move|p2a: Melmetal|Earthquake|p1a: Lord Boros
|-immune|p1a: Lord Boros
|
|upkeep
|turn|11
|
|t:|1666189369
|move|p1a: Lord Boros|Iron Defense|p1a: Lord Boros
|-boost|p1a: Lord Boros|def|2
|move|p2a: Melmetal|Double Iron Bash|p1a: Lord Boros
|-resisted|p1a: Lord Boros
|-damage|p1a: Lord Boros|83/100
|-resisted|p1a: Lord Boros
|-damage|p1a: Lord Boros|81/100
|-hitcount|p1a: Lord Boros|2
|
|upkeep
|turn|12
|
|t:|1666189371
|move|p1a: Lord Boros|Iron Defense|p1a: Lord Boros
|-boost|p1a: Lord Boros|def|2
|move|p2a: Melmetal|Thunder Punch|p1a: Lord Boros
|-resisted|p1a: Lord Boros
|-damage|p1a: Lord Boros|77/100
|
|upkeep
|turn|13
|
|t:|1666189374
|move|p1a: Lord Boros|Body Press|p2a: Melmetal
|-supereffective|p2a: Melmetal
|-damage|p2a: Melmetal|0 fnt
|faint|p2a: Melmetal
|
|upkeep
|inactive|I♡EgirlFartFumes has 120 seconds left.
|
|t:|1666189431
|switch|p2a: Landorus|Landorus-Therian, M|71/100
|-damage|p2a: Landorus|59/100|[from] Stealth Rock
|-ability|p2a: Landorus|Intimidate|boost
|-unboost|p1a: Lord Boros|atk|1
|turn|14
|
|t:|1666189436
|move|p1a: Lord Boros|Body Press|p2a: Landorus
|-resisted|p2a: Landorus
|-damage|p2a: Landorus|15/100
|move|p2a: Landorus|U-turn|p1a: Lord Boros
|-resisted|p1a: Lord Boros
|-damage|p1a: Lord Boros|74/100
|
|t:|1666189444
|switch|p2a: Tapu Lele|Tapu Lele|100/100|[from]move: U-turn
|-damage|p2a: Tapu Lele|88/100|[from] Stealth Rock
|-fieldstart|move: Psychic Terrain|[from] ability: Psychic Surge|[of] p2a: Tapu Lele
|
|-end|p1a: Lord Boros|Magnet Rise
|upkeep
|turn|15
|
|t:|1666189452
|move|p2a: Tapu Lele|Moonblast|p1a: Lord Boros
|-resisted|p1a: Lord Boros
|-damage|p1a: Lord Boros|22/100
|-unboost|p1a: Lord Boros|spa|1
|move|p1a: Lord Boros|Discharge|p2a: Tapu Lele
|-damage|p2a: Tapu Lele|63/100
|
|upkeep
|turn|16
|
|t:|1666189456
|move|p2a: Tapu Lele|Moonblast|p1a: Lord Boros
|-resisted|p1a: Lord Boros
|-damage|p1a: Lord Boros|0 fnt
|faint|p1a: Lord Boros
|
|upkeep
|inactive|Down$pook has 120 seconds left.
|
|t:|1666189487
|switch|p1a: Tatsumaki|Tornadus-Therian, M|92/100
|-damage|p1a: Tatsumaki|68/100|[from] Stealth Rock
|turn|17
|inactive|I♡EgirlFartFumes has 120 seconds left.
|
|t:|1666189502
|switch|p2a: Tapu Fini|Tapu Fini, shiny|100/100
|-damage|p2a: Tapu Fini|88/100|[from] Stealth Rock
|-fieldstart|move: Misty Terrain|[from] ability: Misty Surge|[of] p2a: Tapu Fini
|move|p1a: Tatsumaki|Knock Off|p2a: Tapu Fini
|-resisted|p2a: Tapu Fini
|-damage|p2a: Tapu Fini|80/100
|-enditem|p2a: Tapu Fini|Choice Scarf|[from] move: Knock Off|[of] p1a: Tatsumaki
|
|upkeep
|turn|18
|
|t:|1666189520
|move|p1a: Tatsumaki|Defog|p2a: Tapu Fini
|-unboost|p2a: Tapu Fini|evasion|1
|-sideend|p2: I♡EgirlFartFumes|Stealth Rock|[from] move: Defog|[of] p1a: Tatsumaki
|-sideend|p1: Down$pook|Stealth Rock|[from] move: Defog|[of] p1a: Tatsumaki
|-fieldend|Misty Terrain
|move|p2a: Tapu Fini|Moonblast|p1a: Tatsumaki
|-damage|p1a: Tatsumaki|38/100
|
|upkeep
|turn|19
|
|t:|1666189526
|move|p1a: Tatsumaki|Hurricane|p2a: Tapu Fini
|-damage|p2a: Tapu Fini|50/100
|move|p2a: Tapu Fini|Moonblast|p1a: Tatsumaki
|-damage|p1a: Tatsumaki|5/100
|
|upkeep
|turn|20
|
|t:|1666189532
|move|p1a: Tatsumaki|U-turn|p2a: Tapu Fini
|-resisted|p2a: Tapu Fini
|-damage|p2a: Tapu Fini|45/100
|
|t:|1666189535
|switch|p1a: Puri-Puri Prisoner|Clefable, F|100/100|[from]move: U-turn
|move|p2a: Tapu Fini|Moonblast|p1a: Puri-Puri Prisoner
|-damage|p1a: Puri-Puri Prisoner|71/100
|
|upkeep
|turn|21
|
|t:|1666189542
|switch|p2a: Tapu Lele|Tapu Lele|63/100
|-fieldstart|move: Psychic Terrain|[from] ability: Psychic Surge|[of] p2a: Tapu Lele
|move|p1a: Puri-Puri Prisoner|Soft-Boiled|p1a: Puri-Puri Prisoner
|-heal|p1a: Puri-Puri Prisoner|100/100
|
|upkeep
|turn|22
|
|t:|1666189558
|move|p2a: Tapu Lele|Psyshock|p1a: Puri-Puri Prisoner
|-damage|p1a: Puri-Puri Prisoner|37/100
|move|p1a: Puri-Puri Prisoner|Moonblast|p2a: Tapu Lele
|-crit|p2a: Tapu Lele
|-damage|p2a: Tapu Lele|16/100
|
|upkeep
|turn|23
|
|t:|1666189562
|move|p2a: Tapu Lele|Psyshock|p1a: Puri-Puri Prisoner
|-damage|p1a: Puri-Puri Prisoner|0 fnt
|faint|p1a: Puri-Puri Prisoner
|
|upkeep
|
|t:|1666189564
|switch|p1a: Tatsumaki|Tornadus-Therian, M|38/100
|turn|24
|
|t:|1666189569
|switch|p2a: Tapu Fini|Tapu Fini, shiny|45/100
|-fieldstart|move: Misty Terrain|[from] ability: Misty Surge|[of] p2a: Tapu Fini
|move|p1a: Tatsumaki|Knock Off|p2a: Tapu Fini
|-resisted|p2a: Tapu Fini
|-crit|p2a: Tapu Fini
|-damage|p2a: Tapu Fini|36/100
|
|upkeep
|turn|25
|
|t:|1666189583
|move|p1a: Tatsumaki|Hurricane|p2a: Tapu Fini|[miss]
|-miss|p1a: Tatsumaki|p2a: Tapu Fini
|move|p2a: Tapu Fini|Surf|p1a: Tatsumaki
|-damage|p1a: Tatsumaki|9/100
|
|upkeep
|turn|26
|
|t:|1666189592
|move|p1a: Tatsumaki|Hurricane|p2a: Tapu Fini|[miss]
|-miss|p1a: Tatsumaki|p2a: Tapu Fini
|move|p2a: Tapu Fini|Surf|p1a: Tatsumaki
|-damage|p1a: Tatsumaki|0 fnt
|faint|p1a: Tatsumaki
|
|upkeep
|
|t:|1666189594
|switch|p1a: Geryuganshoop|Poipole|100/100
|turn|27
|c|☆I♡EgirlFartFumes|mb
|
|t:|1666189604
|move|p2a: Tapu Fini|Surf|p1a: Geryuganshoop
|-damage|p1a: Geryuganshoop|69/100
|move|p1a: Geryuganshoop|Nasty Plot|p1a: Geryuganshoop
|-boost|p1a: Geryuganshoop|spa|2
|
|upkeep
|turn|28
|
|t:|1666189608
|switch|p2a: Magnezone|Magnezone, shiny|100/100
|move|p1a: Geryuganshoop|Sludge Wave|p2a: Magnezone
|-immune|p2a: Magnezone
|
|-fieldend|Misty Terrain
|upkeep
|turn|29
|
|t:|1666189613
|switch|p1a: Pig God|Mamoswine, F|100/100
|move|p2a: Magnezone|Thunderbolt|p1a: Pig God
|-immune|p1a: Pig God
|
|upkeep
|turn|30
|
|t:|1666189621
|switch|p2a: Landorus|Landorus-Therian, M|15/100
|-ability|p2a: Landorus|Intimidate|boost
|-unboost|p1a: Pig God|atk|1
|move|p1a: Pig God|Icicle Crash|p2a: Landorus
|-supereffective|p2a: Landorus
|-damage|p2a: Landorus|0 fnt
|faint|p2a: Landorus
|
|upkeep
|
|t:|1666189636
|switch|p2a: Tapu Fini|Tapu Fini, shiny|36/100
|-fieldstart|move: Misty Terrain|[from] ability: Misty Surge|[of] p2a: Tapu Fini
|turn|31
|
|t:|1666189643
|move|p2a: Tapu Fini|Surf|p1a: Pig God
|-supereffective|p1a: Pig God
|-damage|p1a: Pig God|14/100
|move|p1a: Pig God|Freeze-Dry|p2a: Tapu Fini
|-supereffective|p2a: Tapu Fini
|-damage|p2a: Tapu Fini|0 fnt
|faint|p2a: Tapu Fini
|
|upkeep
|
|t:|1666189649
|switch|p2a: Tapu Lele|Tapu Lele|16/100
|-fieldstart|move: Psychic Terrain|[from] ability: Psychic Surge|[of] p2a: Tapu Lele
|turn|32
|-message|Down$pook forfeited.
|
|win|I♡EgirlFartFumes
|raw|Down$pook's rating: 1666 &rarr; <strong>1648</strong><br />(-18 for losing)
|raw|I♡EgirlFartFumes's rating: 1697 &rarr; <strong>1715</strong><br />(+18 for winning)
|l|☆Down$pook
|c|☆I♡EgirlFartFumes|gg
||Ladder isn't responding, score probably updated but might not have (Request timeout).
