|j|☆CoconutCrabs
|j|☆Hydreigon > Latias
|t:|1634738035
|gametype|singles
|player|p1|CoconutCrabs|chuck|1784
|player|p2|Hydreigon > Latias|guitarist|1703
|teamsize|p1|6
|teamsize|p2|6
|gen|8
|tier|[Gen 8] OU
|rated|
|rule|Sleep Clause Mod: Limit one foe put to sleep
|rule|Species Clause: Limit one of each Pokémon
|rule|OHKO Clause: OHKO moves are banned
|rule|Evasion Moves Clause: Evasion moves are banned
|rule|Endless Battle Clause: Forcing endless battles is banned
|rule|HP Percentage Mod: HP is shown in percentages
|rule|Dynamax Clause: You cannot dynamax
|clearpoke
|poke|p1|Tyranitar, F|
|poke|p1|Excadrill, M|
|poke|p1|Tornadus-Therian, M|
|poke|p1|Toxapex, F|
|poke|p1|Heatran, M|
|poke|p1|Tangrowth, M|
|poke|p2|Blissey, F|
|poke|p2|Skarmory, M|
|poke|p2|Tapu Lele|
|poke|p2|Weavile, F|
|poke|p2|Landorus-Therian, M|
|poke|p2|Buzzwole|
|teampreview
|inactive|Battle timer is ON: inactive players will automatically lose when time's up. (requested by CoconutCrabs)
|inactive|CoconutCrabs has 120 seconds left.
|
|t:|1634738082
|start
|switch|p1a: Tornadus|Tornadus-Therian, M|100/100
|switch|p2a: Tapu Lele|Tapu Lele|100/100
|-fieldstart|move: Psychic Terrain|[from] ability: Psychic Surge|[of] p2a: Tapu Lele
|turn|1
|
|t:|1634738109
|move|p1a: Tornadus|Hurricane|p2a: Tapu Lele
|-damage|p2a: Tapu Lele|14/100
|-start|p2a: Tapu Lele|confusion
|-activate|p2a: Tapu Lele|confusion
|move|p2a: Tapu Lele|Psychic|p1a: Tornadus
|-damage|p1a: Tornadus|0 fnt
|faint|p1a: Tornadus
|
|upkeep
|
|t:|1634738115
|switch|p1a: Heatran|Heatran, M|100/100
|turn|2
|
|t:|1634738123
|switch|p1a: Toxapex|Toxapex, F|100/100
|switch|p2a: Landorus|Landorus-Therian, M|100/100
|-ability|p2a: Landorus|Intimidate|boost
|-unboost|p1a: Toxapex|atk|1
|
|upkeep
|turn|3
|
|t:|1634738128
|move|p2a: Landorus|U-turn|p1a: Toxapex
|-resisted|p1a: Toxapex
|-damage|p1a: Toxapex|94/100
|-damage|p2a: Landorus|84/100|[from] item: Rocky Helmet|[of] p1a: Toxapex
|
|t:|1634738131
|switch|p2a: Blissey|Blissey, F|100/100|[from]move: U-turn
|move|p1a: Toxapex|Knock Off|p2a: Blissey
|-damage|p2a: Blissey|91/100
|-enditem|p2a: Blissey|Heavy-Duty Boots|[from] move: Knock Off|[of] p1a: Toxapex
|
|upkeep
|turn|4
|
|t:|1634738134
|switch|p1a: Tyranitar|Tyranitar, F|100/100
|-weather|Sandstorm|[from] ability: Sand Stream|[of] p1a: Tyranitar
|move|p2a: Blissey|Thunder Wave|p1a: Tyranitar
|-status|p1a: Tyranitar|par
|
|-weather|Sandstorm|[upkeep]
|-damage|p2a: Blissey|85/100|[from] Sandstorm
|upkeep
|turn|5
|
|t:|1634738159
|switch|p2a: Skarmory|Skarmory, M|100/100
|move|p1a: Tyranitar|Stealth Rock|p2a: Skarmory
|-sidestart|p2: Hydreigon > Latias|move: Stealth Rock
|
|-weather|Sandstorm|[upkeep]
|-fieldend|move: Psychic Terrain
|upkeep
|turn|6
|
|t:|1634738175
|switch|p1a: Toxapex|Toxapex, F|100/100
|move|p2a: Skarmory|Spikes|p1a: Toxapex
|-sidestart|p1: CoconutCrabs|Spikes
|
|-weather|Sandstorm|[upkeep]
|-damage|p1a: Toxapex|95/100|[from] Sandstorm
|upkeep
|turn|7
|
|t:|1634738193
|switch|p2a: Blissey|Blissey, F|85/100
|-damage|p2a: Blissey|72/100|[from] Stealth Rock
|move|p1a: Toxapex|Scald|p2a: Blissey
|-damage|p2a: Blissey|66/100
|
|-weather|Sandstorm|[upkeep]
|-damage|p2a: Blissey|60/100|[from] Sandstorm
|-damage|p1a: Toxapex|89/100|[from] Sandstorm
|upkeep
|turn|8
|
|t:|1634738197
|switch|p1a: Excadrill|Excadrill, M|100/100
|-damage|p1a: Excadrill|88/100|[from] Spikes
|move|p2a: Blissey|Soft-Boiled|p2a: Blissey
|-heal|p2a: Blissey|100/100
|
|-weather|none
|-heal|p1a: Excadrill|94/100|[from] item: Leftovers
|upkeep
|turn|9
|j| Ava<3
|
|t:|1634738202
|switch|p2a: Skarmory|Skarmory, M|100/100
|-damage|p2a: Skarmory|88/100|[from] Stealth Rock
|move|p1a: Excadrill|Rapid Spin|p2a: Skarmory
|-resisted|p2a: Skarmory
|-damage|p2a: Skarmory|83/100
|-boost|p1a: Excadrill|spe|1
|-damage|p1a: Excadrill|78/100|[from] item: Rocky Helmet|[of] p2a: Skarmory
|-sideend|p1: CoconutCrabs|Spikes|[from] move: Rapid Spin|[of] p1a: Excadrill
|
|-heal|p1a: Excadrill|84/100|[from] item: Leftovers
|upkeep
|turn|10
|
|t:|1634738205
|switch|p1a: Heatran|Heatran, M|100/100
|move|p2a: Skarmory|Spikes|p1a: Heatran
|-sidestart|p1: CoconutCrabs|Spikes
|
|upkeep
|turn|11
|
|t:|1634738220
|switch|p2a: Landorus|Landorus-Therian, M|84/100
|-damage|p2a: Landorus|72/100|[from] Stealth Rock
|-ability|p2a: Landorus|Intimidate|boost
|-unboost|p1a: Heatran|atk|1
|move|p1a: Heatran|Eruption|p2a: Landorus
|-damage|p2a: Landorus|12/100
|
|-heal|p2a: Landorus|18/100|[from] item: Leftovers
|upkeep
|turn|12
|
|t:|1634738223
|switch|p2a: Blissey|Blissey, F|100/100
|-damage|p2a: Blissey|88/100|[from] Stealth Rock
|move|p1a: Heatran|Eruption|p2a: Blissey
|-damage|p2a: Blissey|58/100
|
|upkeep
|turn|13
|inactive|Hydreigon > Latias has 120 seconds left.
|
|t:|1634738260
|switch|p1a: Excadrill|Excadrill, M|84/100
|-damage|p1a: Excadrill|71/100|[from] Spikes
|move|p2a: Blissey|Soft-Boiled|p2a: Blissey
|-heal|p2a: Blissey|100/100
|
|-heal|p1a: Excadrill|77/100|[from] item: Leftovers
|upkeep
|turn|14
|
|t:|1634738263
|switch|p2a: Skarmory|Skarmory, M|83/100
|-damage|p2a: Skarmory|71/100|[from] Stealth Rock
|move|p1a: Excadrill|Rapid Spin|p2a: Skarmory
|-resisted|p2a: Skarmory
|-damage|p2a: Skarmory|65/100
|-boost|p1a: Excadrill|spe|1
|-damage|p1a: Excadrill|61/100|[from] item: Rocky Helmet|[of] p2a: Skarmory
|-sideend|p1: CoconutCrabs|Spikes|[from] move: Rapid Spin|[of] p1a: Excadrill
|
|-heal|p1a: Excadrill|67/100|[from] item: Leftovers
|upkeep
|turn|15
|
|t:|1634738275
|switch|p1a: Heatran|Heatran, M|100/100
|move|p2a: Skarmory|Spikes|p1a: Heatran
|-sidestart|p1: CoconutCrabs|Spikes
|
|upkeep
|turn|16
|l|☆CoconutCrabs
|inactive|CoconutCrabs disconnected and has a minute to reconnect!
|player|p1|
|inactive|CoconutCrabs has 30 seconds to reconnect!
|inactive|CoconutCrabs has 20 seconds to reconnect!
|inactive|CoconutCrabs has 15 seconds to reconnect!
|inactive|CoconutCrabs has 10 seconds to reconnect!
|inactive|CoconutCrabs has 5 seconds to reconnect!
|-message|CoconutCrabs lost due to inactivity.
|
|win|Hydreigon > Latias
|raw|CoconutCrabs's rating: 1784 &rarr; <strong>1759</strong><br />(-25 for losing)
|raw|Hydreigon &gt; Latias's rating: 1703 &rarr; <strong>1728</strong><br />(+25 for winning)
