|raw|<div class="broadcast-blue"><strong>This battle is required to be public due to a player having a name starting with 'LT74PF'.</div>
|j|☆relic stone
|j|☆LT74PF gggiq280
|t:|1599028445
|player|p1|relic stone|lusamine-nihilego|1812
|player|p2|LT74PF gggiq280|birdkeeper|1815
|teamsize|p1|6
|teamsize|p2|6
|gametype|singles
|gen|8
|tier|[Gen 8] OU
|rated|
|clearpoke
|poke|p1|Zeraora|
|poke|p1|Pelipper, M|
|poke|p1|Urshifu-*, M|
|poke|p1|Weezing-Galar, M|
|poke|p1|Jirachi|
|poke|p1|Mandibuzz, F|
|poke|p2|Lycanroc-Dusk, F|
|poke|p2|Scolipede, F|
|poke|p2|Dragapult, F|
|poke|p2|Kommo-o, M|
|poke|p2|Togekiss, M|
|poke|p2|Magnezone|
|rule|Sleep Clause Mod: Limit one foe put to sleep
|rule|Species Clause: Limit one of each Pokémon
|rule|OHKO Clause: OHKO moves are banned
|rule|Evasion Moves Clause: Evasion moves are banned
|rule|Endless Battle Clause: Forcing endless battles is banned
|rule|HP Percentage Mod: HP is shown in percentages
|rule|Dynamax Clause: You cannot dynamax
|teampreview
|c|☆relic stone|hf
|c|☆LT74PF gggiq280|U2
|j|@Eo
|j| yiyue
|c|☆LT74PF gggiq280|strom zone?
|
|t:|1599028461
|start
|switch|p1a: Top Striker|Urshifu-Rapid-Strike, M, shiny|100/100
|switch|p2a: Lycanroc|Lycanroc-Dusk, F|100/100
|turn|1
|j| kkjgkjh
|j| vhhvjhvjhvjhv66
|
|t:|1599028469
|move|p2a: Lycanroc|Stealth Rock|p1a: Top Striker
|-sidestart|p1: relic stone|move: Stealth Rock
|move|p1a: Top Striker|Surging Strikes|p2a: Lycanroc
|-supereffective|p2a: Lycanroc
|-crit|p2a: Lycanroc
|-enditem|p2a: Lycanroc|Focus Sash
|-damage|p2a: Lycanroc|1/100
|-supereffective|p2a: Lycanroc
|-crit|p2a: Lycanroc
|-damage|p2a: Lycanroc|0 fnt
|-hitcount|p2a: Lycanroc|2
|faint|p2a: Lycanroc
|
|upkeep
|c|☆relic stone|yes
|
|t:|1599028480
|switch|p2a: Kommo-o|Kommo-o, M|100/100
|turn|2
|j| kdhsfs
|j| LT74PF kitoothe
|j| Pansears for Fears
|
|t:|1599028492
|move|p1a: Top Striker|Surging Strikes|p2a: Kommo-o
|-resisted|p2a: Kommo-o
|-crit|p2a: Kommo-o
|-damage|p2a: Kommo-o|86/100
|-resisted|p2a: Kommo-o
|-crit|p2a: Kommo-o
|-damage|p2a: Kommo-o|71/100
|-resisted|p2a: Kommo-o
|-crit|p2a: Kommo-o
|-damage|p2a: Kommo-o|58/100
|-hitcount|p2a: Kommo-o|3
|move|p2a: Kommo-o|Belly Drum|p2a: Kommo-o
|-damage|p2a: Kommo-o|8/100
|-setboost|p2a: Kommo-o|atk|6|[from] move: Belly Drum
|-enditem|p2a: Kommo-o|Salac Berry|[eat]
|-boost|p2a: Kommo-o|spe|1|[from] item: Salac Berry
|
|upkeep
|turn|3
|j| justaliltasteof
|
|t:|1599028502
|switch|p1a: Sentinel|Weezing-Galar, M|100/100
|-damage|p1a: Sentinel|88/100|[from] Stealth Rock
|move|p2a: Kommo-o|Drain Punch|p1a: Sentinel
|-resisted|p1a: Sentinel
|-damage|p1a: Sentinel|64/100
|-heal|p2a: Kommo-o|22/100|[from] drain|[of] p1a: Sentinel
|-damage|p2a: Kommo-o|5/100|[from] item: Rocky Helmet|[of] p1a: Sentinel
|
|upkeep
|turn|4
|
|t:|1599028513
|move|p2a: Kommo-o|Earthquake|p1a: Sentinel
|-immune|p1a: Sentinel|[from] ability: Levitate
|move|p1a: Sentinel|Strange Steam|p2a: Kommo-o
|-supereffective|p2a: Kommo-o
|-damage|p2a: Kommo-o|0 fnt
|faint|p2a: Kommo-o
|
|upkeep
|
|t:|1599028520
|switch|p2a: Magnezone|Magnezone|100/100
|turn|5
|
|t:|1599028523
|switch|p1a: Supernova|Jirachi, shiny|100/100
|-damage|p1a: Supernova|94/100|[from] Stealth Rock
|move|p2a: Magnezone|Flash Cannon|p1a: Supernova
|-resisted|p1a: Supernova
|-damage|p1a: Supernova|51/100
|
|upkeep
|turn|6
|
|t:|1599028526
|move|p1a: Supernova|Stealth Rock|p2a: Magnezone
|-sidestart|p2: LT74PF gggiq280|move: Stealth Rock
|move|p2a: Magnezone|Flash Cannon|p1a: Supernova
|-resisted|p1a: Supernova
|-damage|p1a: Supernova|8/100
|
|upkeep
|turn|7
|
|t:|1599028531
|move|p1a: Supernova|Meteor Beam||[still]
|-prepare|p1a: Supernova|Meteor Beam
|-boost|p1a: Supernova|spa|1
|-enditem|p1a: Supernova|Power Herb
|-anim|p1a: Supernova|Meteor Beam|p2a: Magnezone
|-resisted|p2a: Magnezone
|-damage|p2a: Magnezone|68/100
|move|p2a: Magnezone|Flash Cannon|p1a: Supernova
|-resisted|p1a: Supernova
|-damage|p1a: Supernova|0 fnt
|faint|p1a: Supernova
|
|upkeep
|
|t:|1599028534
|switch|p1a: Top Striker|Urshifu-Rapid-Strike, M, shiny|100/100
|-damage|p1a: Top Striker|94/100|[from] Stealth Rock
|turn|8
|
|t:|1599028538
|move|p1a: Top Striker|Surging Strikes|p2a: Magnezone
|-crit|p2a: Magnezone
|-damage|p2a: Magnezone|39/100
|-crit|p2a: Magnezone
|-damage|p2a: Magnezone|8/100
|-crit|p2a: Magnezone
|-damage|p2a: Magnezone|0 fnt
|-hitcount|p2a: Magnezone|3
|faint|p2a: Magnezone
|
|upkeep
|j| CaptainKK^~^
|
|t:|1599028541
|switch|p2a: Dragapult|Dragapult, F|100/100
|-damage|p2a: Dragapult|88/100|[from] Stealth Rock
|turn|9
|
|t:|1599028546
|move|p2a: Dragapult|Dragon Dance|p2a: Dragapult
|-boost|p2a: Dragapult|atk|1
|-boost|p2a: Dragapult|spe|1
|move|p1a: Top Striker|Surging Strikes|p2a: Dragapult
|-resisted|p2a: Dragapult
|-crit|p2a: Dragapult
|-damage|p2a: Dragapult|69/100
|-resisted|p2a: Dragapult
|-crit|p2a: Dragapult
|-damage|p2a: Dragapult|49/100
|-resisted|p2a: Dragapult
|-crit|p2a: Dragapult
|-damage|p2a: Dragapult|30/100
|-hitcount|p2a: Dragapult|3
|
|-heal|p2a: Dragapult|36/100|[from] item: Leftovers
|upkeep
|turn|10
|
|t:|1599028550
|switch|p1a: Yami|Mandibuzz, F, shiny|100/100
|move|p2a: Dragapult|Disable||[still]
|-fail|p2a: Dragapult
|
|-heal|p2a: Dragapult|42/100|[from] item: Leftovers
|upkeep
|turn|11
|
|t:|1599028553
|move|p2a: Dragapult|Substitute|p2a: Dragapult
|-start|p2a: Dragapult|Substitute
|-damage|p2a: Dragapult|18/100
|move|p1a: Yami|Foul Play|p2a: Dragapult
|-supereffective|p2a: Dragapult
|-crit|p2a: Dragapult
|-end|p2a: Dragapult|Substitute
|
|-heal|p2a: Dragapult|24/100|[from] item: Leftovers
|upkeep
|turn|12
|
|t:|1599028558
|move|p2a: Dragapult|Dragon Dance|p2a: Dragapult
|-boost|p2a: Dragapult|atk|1
|-boost|p2a: Dragapult|spe|1
|move|p1a: Yami|Toxic|p2a: Dragapult
|-status|p2a: Dragapult|tox
|
|-heal|p2a: Dragapult|30/100 tox|[from] item: Leftovers
|-damage|p2a: Dragapult|24/100 tox|[from] psn
|upkeep
|turn|13
|
|t:|1599028564
|move|p2a: Dragapult|Phantom Force||[still]
|-prepare|p2a: Dragapult|Phantom Force
|move|p1a: Yami|Foul Play|p2a: Dragapult|[miss]
|-miss|p1a: Yami|p2a: Dragapult
|
|-heal|p2a: Dragapult|30/100 tox|[from] item: Leftovers
|-damage|p2a: Dragapult|18/100 tox|[from] psn
|upkeep
|turn|14
|
|t:|1599028568
|move|p2a: Dragapult|Phantom Force|p1a: Yami|[from]lockedmove
|-resisted|p1a: Yami
|-crit|p1a: Yami
|-damage|p1a: Yami|63/100
|move|p1a: Yami|Roost|p1a: Yami
|-heal|p1a: Yami|100/100
|-singleturn|p1a: Yami|move: Roost
|
|-heal|p2a: Dragapult|24/100 tox|[from] item: Leftovers
|-damage|p2a: Dragapult|5/100 tox|[from] psn
|upkeep
|turn|15
|l| Pansears for Fears
|
|t:|1599028571
|move|p2a: Dragapult|Disable|p1a: Yami
|-start|p1a: Yami|Disable|Roost
|cant|p1a: Yami|Disable|Roost
|
|-heal|p2a: Dragapult|12/100 tox|[from] item: Leftovers
|-damage|p2a: Dragapult|0 fnt|[from] psn
|faint|p2a: Dragapult
|upkeep
|
|t:|1599028574
|switch|p2a: Togekiss|Togekiss, M|100/100
|-damage|p2a: Togekiss|76/100|[from] Stealth Rock
|turn|16
|
|t:|1599028579
|switch|p1a: Zephyr|Zeraora|100/100
|-damage|p1a: Zephyr|88/100|[from] Stealth Rock
|move|p2a: Togekiss|Air Slash|p1a: Zephyr
|-resisted|p1a: Zephyr
|-damage|p1a: Zephyr|66/100
|
|-heal|p1a: Zephyr|72/100|[from] item: Leftovers
|upkeep
|turn|17
|
|t:|1599028584
|move|p2a: Togekiss|Air Slash|p1a: Zephyr
|-resisted|p1a: Zephyr
|-damage|p1a: Zephyr|47/100
|move|p1a: Zephyr|Substitute|p1a: Zephyr
|-start|p1a: Zephyr|Substitute
|-damage|p1a: Zephyr|22/100
|
|-heal|p1a: Zephyr|28/100|[from] item: Leftovers
|upkeep
|turn|18
|
|t:|1599028587
|move|p2a: Togekiss|Air Slash|p1a: Zephyr
|-resisted|p1a: Zephyr
|-activate|p1a: Zephyr|move: Substitute|[damage]
|move|p1a: Zephyr|Calm Mind|p1a: Zephyr
|-boost|p1a: Zephyr|spa|1
|-boost|p1a: Zephyr|spd|1
|
|-heal|p1a: Zephyr|34/100|[from] item: Leftovers
|upkeep
|turn|19
|
|t:|1599028590
|move|p2a: Togekiss|Air Slash|p1a: Zephyr
|-resisted|p1a: Zephyr
|-end|p1a: Zephyr|Substitute
|move|p1a: Zephyr|Thunderbolt|p2a: Togekiss
|-supereffective|p2a: Togekiss
|-damage|p2a: Togekiss|0 fnt
|faint|p2a: Togekiss
|
|-heal|p1a: Zephyr|40/100|[from] item: Leftovers
|upkeep
|c|☆relic stone|gg
|c|☆LT74PF gggiq280|gg
|-message|LT74PF gggiq280 forfeited.
|
|win|relic stone
|l|☆LT74PF gggiq280
