|raw|<div class="broadcast-blue"><strong>This battle is required to be public due to a player having a name starting with 'lt81yl'.</div>
|j|☆Plasmeek
|j|☆LT81YL Storm
|t:|1625131039
|gametype|singles
|player|p1|Plasmeek|102|1760
|player|p2|LT81YL Storm|bruno|1905
|teamsize|p1|6
|teamsize|p2|6
|gen|8
|tier|[Gen 8] OU
|rated|
|rule|Sleep Clause Mod: Limit one foe put to sleep
|rule|Species Clause: Limit one of each Pokémon
|rule|OHKO Clause: OHKO moves are banned
|rule|Evasion Moves Clause: Evasion moves are banned
|rule|Endless Battle Clause: Forcing endless battles is banned
|rule|HP Percentage Mod: HP is shown in percentages
|rule|Dynamax Clause: You cannot dynamax
|clearpoke
|poke|p1|Bisharp, F|
|poke|p1|Slowking, F|
|poke|p1|Clefable, M|
|poke|p1|Landorus-Therian, M|
|poke|p1|Dragapult, F|
|poke|p1|Skarmory, M|
|poke|p2|Landorus-Therian, M|
|poke|p2|Tapu Fini|
|poke|p2|Magnezone|
|poke|p2|Melmetal|
|poke|p2|Mew|
|poke|p2|Dragonite, M|
|teampreview
|j| union boss
|j| AMC TO THE MOOON
|j| salmonelephant
|c|☆LT81YL Storm|HF
|c|☆Plasmeek|hf
|j| IPF
|j| Fostyyminaj
|j| GWEWRHQ3RQ
|inactive|Battle timer is ON: inactive players will automatically lose when time's up. (requested by LT81YL Storm)
|
|t:|1625131070
|start
|switch|p1a: Dragapult|Dragapult, F|100/100
|switch|p2a: Enten|Landorus-Therian, M, shiny|100/100
|-ability|p2a: Enten|Intimidate|boost
|-unboost|p1a: Dragapult|atk|1
|turn|1
|j| banded shifu
|j|+Clone
|
|t:|1625131086
|move|p1a: Dragapult|Draco Meteor|p2a: Enten
|-damage|p2a: Enten|41/100
|-unboost|p1a: Dragapult|spa|2
|move|p2a: Enten|Knock Off|p1a: Dragapult
|-supereffective|p1a: Dragapult
|-damage|p1a: Dragapult|18/100
|-enditem|p1a: Dragapult|Choice Specs|[from] move: Knock Off|[of] p2a: Enten
|
|-heal|p2a: Enten|47/100|[from] item: Leftovers
|upkeep
|turn|2
|
|t:|1625131099
|move|p1a: Dragapult|U-turn|p2a: Enten
|-resisted|p2a: Enten
|-damage|p2a: Enten|41/100
|
|t:|1625131103
|switch|p1a: Clefable|Clefable, M|100/100|[from]move: U-turn
|move|p2a: Enten|Stealth Rock|p1a: Clefable
|-sidestart|p1: Plasmeek|move: Stealth Rock
|
|-heal|p2a: Enten|47/100|[from] item: Leftovers
|upkeep
|turn|3
|
|t:|1625131110
|move|p2a: Enten|U-turn|p1a: Clefable
|-resisted|p1a: Clefable
|-damage|p1a: Clefable|88/100
|
|t:|1625131113
|switch|p2a: Fate|Melmetal, shiny|100/100|[from]move: U-turn
|move|p1a: Clefable|Stealth Rock|p2a: Fate
|-sidestart|p2: LT81YL Storm|move: Stealth Rock
|
|-heal|p1a: Clefable|94/100|[from] item: Leftovers
|upkeep
|turn|4
|j|+Pissog
|
|t:|1625131122
|switch|p1a: Skarmory|Skarmory, M|100/100
|-damage|p1a: Skarmory|88/100|[from] Stealth Rock
|move|p2a: Fate|Double Iron Bash|p1a: Skarmory
|-resisted|p1a: Skarmory
|-damage|p1a: Skarmory|75/100
|-damage|p2a: Fate|84/100|[from] item: Rocky Helmet|[of] p1a: Skarmory
|-resisted|p1a: Skarmory
|-damage|p1a: Skarmory|62/100
|-damage|p2a: Fate|67/100|[from] item: Rocky Helmet|[of] p1a: Skarmory
|-hitcount|p1a: Skarmory|2
|
|upkeep
|turn|5
|
|t:|1625131136
|switch|p1a: Slowking|Slowking, F|100/100
|switch|p2a: Grimlock|Magnezone, shiny|100/100
|-damage|p2a: Grimlock|94/100|[from] Stealth Rock
|-item|p2a: Grimlock|Air Balloon
|
|upkeep
|turn|6
|
|t:|1625131145
|switch|p2a: Leviathan|Dragonite, M, shiny|100/100
|move|p1a: Slowking|Scald|p2a: Leviathan
|-resisted|p2a: Leviathan
|-damage|p2a: Leviathan|94/100
|-status|p2a: Leviathan|brn
|
|-damage|p2a: Leviathan|88/100 brn|[from] brn
|upkeep
|turn|7
|
|t:|1625131150
|move|p2a: Leviathan|Dragon Dance|p2a: Leviathan
|-boost|p2a: Leviathan|atk|1
|-boost|p2a: Leviathan|spe|1
|move|p1a: Slowking|Teleport|p1a: Slowking
|
|t:|1625131156
|switch|p1a: Clefable|Clefable, M|94/100|[from]move: Teleport
|
|-heal|p1a: Clefable|99/100|[from] item: Leftovers
|-damage|p2a: Leviathan|82/100 brn|[from] brn
|upkeep
|turn|8
|
|t:|1625131160
|switch|p2a: Fate|Melmetal, shiny|67/100
|-damage|p2a: Fate|61/100|[from] Stealth Rock
|move|p1a: Clefable|Moonblast|p2a: Fate
|-resisted|p2a: Fate
|-damage|p2a: Fate|50/100
|
|-heal|p1a: Clefable|100/100|[from] item: Leftovers
|upkeep
|turn|9
|j| PoppinLikeAyo
|
|t:|1625131169
|switch|p1a: Slowking|Slowking, F|100/100
|move|p2a: Fate|Double Iron Bash|p1a: Slowking
|-resisted|p1a: Slowking
|-damage|p1a: Slowking|77/100
|-resisted|p1a: Slowking
|-damage|p1a: Slowking|53/100
|-hitcount|p1a: Slowking|2
|
|upkeep
|turn|10
|
|t:|1625131179
|switch|p1a: Skarmory|Skarmory, M|62/100
|-damage|p1a: Skarmory|50/100|[from] Stealth Rock
|move|p2a: Fate|Earthquake|p1a: Skarmory
|-immune|p1a: Skarmory
|
|upkeep
|turn|11
|
|t:|1625131194
|switch|p1a: Slowking|Slowking, F|87/100
|switch|p2a: Grimlock|Magnezone, shiny|94/100
|-damage|p2a: Grimlock|88/100|[from] Stealth Rock
|-item|p2a: Grimlock|Air Balloon
|
|upkeep
|turn|12
|
|t:|1625131208
|move|p2a: Grimlock|Discharge|p1a: Slowking
|-supereffective|p1a: Slowking
|-damage|p1a: Slowking|50/100
|move|p1a: Slowking|Future Sight|p2a: Grimlock
|-start|p1a: Slowking|move: Future Sight
|
|upkeep
|turn|13
|
|t:|1625131218
|move|p2a: Grimlock|Discharge|p1a: Slowking
|-supereffective|p1a: Slowking
|-damage|p1a: Slowking|7/100
|-status|p1a: Slowking|par
|move|p1a: Slowking|Teleport|p1a: Slowking
|j| LT81YL N
|
|t:|1625131223
|switch|p1a: Landorus|Landorus-Therian, M|100/100|[from]move: Teleport
|-damage|p1a: Landorus|88/100|[from] Stealth Rock
|-ability|p1a: Landorus|Intimidate|boost
|-unboost|p2a: Grimlock|atk|1
|
|-heal|p1a: Landorus|94/100|[from] item: Leftovers
|upkeep
|turn|14
|
|t:|1625131231
|switch|p2a: Chaos|Mew, shiny|100/100
|-damage|p2a: Chaos|88/100|[from] Stealth Rock
|move|p1a: Landorus|Substitute|p1a: Landorus
|-start|p1a: Landorus|Substitute
|-damage|p1a: Landorus|69/100
|
|-end|p2a: Chaos|move: Future Sight
|-resisted|p2a: Chaos
|-damage|p2a: Chaos|72/100
|-heal|p1a: Landorus|75/100|[from] item: Leftovers
|upkeep
|turn|15
|
|t:|1625131240
|move|p2a: Chaos|Taunt|p1a: Landorus
|-start|p1a: Landorus|move: Taunt
|cant|p1a: Landorus|move: Taunt|Swords Dance
|
|-heal|p1a: Landorus|81/100|[from] item: Leftovers
|upkeep
|turn|16
|
|t:|1625131252
|switch|p1a: Bisharp|Bisharp, F|100/100
|-damage|p1a: Bisharp|94/100|[from] Stealth Rock
|move|p2a: Chaos|Cosmic Power|p2a: Chaos
|-boost|p2a: Chaos|def|1
|-boost|p2a: Chaos|spd|1
|
|upkeep
|turn|17
|
|t:|1625131259
|move|p2a: Chaos|Taunt|p1a: Bisharp
|-start|p1a: Bisharp|move: Taunt
|move|p1a: Bisharp|Knock Off|p2a: Chaos
|-supereffective|p2a: Chaos
|-damage|p2a: Chaos|0 fnt
|-enditem|p2a: Chaos|Weakness Policy|[from] move: Knock Off|[of] p1a: Bisharp
|faint|p2a: Chaos
|
|upkeep
|j| fgjhkl
|
|t:|1625131262
|switch|p2a: Grimlock|Magnezone, shiny|88/100
|-damage|p2a: Grimlock|82/100|[from] Stealth Rock
|-item|p2a: Grimlock|Air Balloon
|turn|18
|
|t:|1625131268
|move|p1a: Bisharp|Knock Off|p2a: Grimlock
|-damage|p2a: Grimlock|22/100
|-enditem|p2a: Grimlock|Air Balloon
|move|p2a: Grimlock|Body Press|p1a: Bisharp
|-supereffective|p1a: Bisharp
|-damage|p1a: Bisharp|0 fnt
|faint|p1a: Bisharp
|
|upkeep
|
|t:|1625131280
|switch|p1a: Landorus|Landorus-Therian, M|81/100
|-damage|p1a: Landorus|69/100|[from] Stealth Rock
|-ability|p1a: Landorus|Intimidate|boost
|-unboost|p2a: Grimlock|atk|1
|turn|19
|
|t:|1625131289
|switch|p2a: Leviathan|Dragonite, M, shiny|82/100 brn
|move|p1a: Landorus|Substitute|p1a: Landorus
|-start|p1a: Landorus|Substitute
|-damage|p1a: Landorus|44/100
|
|-heal|p1a: Landorus|50/100|[from] item: Leftovers
|-damage|p2a: Leviathan|76/100 brn|[from] brn
|upkeep
|turn|20
|
|t:|1625131300
|move|p1a: Landorus|Stone Edge|p2a: Leviathan
|-supereffective|p2a: Leviathan
|-crit|p2a: Leviathan
|-damage|p2a: Leviathan|0 fnt
|faint|p2a: Leviathan
|
|-heal|p1a: Landorus|56/100|[from] item: Leftovers
|upkeep
|
|t:|1625131303
|switch|p2a: Raven|Tapu Fini, shiny|100/100
|-damage|p2a: Raven|88/100|[from] Stealth Rock
|-fieldstart|move: Misty Terrain|[from] ability: Misty Surge|[of] p2a: Raven
|turn|21
|
|t:|1625131308
|move|p2a: Raven|Surf|p1a: Landorus
|-supereffective|p1a: Landorus
|-end|p1a: Landorus|Substitute
|move|p1a: Landorus|Earthquake|p2a: Raven
|-damage|p2a: Raven|24/100
|
|-heal|p1a: Landorus|62/100|[from] item: Leftovers
|upkeep
|turn|22
|
|t:|1625131318
|switch|p2a: Grimlock|Magnezone, shiny|22/100
|-damage|p2a: Grimlock|16/100|[from] Stealth Rock
|switch|p1a: Clefable|Clefable, M|100/100
|
|upkeep
|turn|23
|
|t:|1625131328
|switch|p2a: Fate|Melmetal, shiny|50/100
|-damage|p2a: Fate|43/100|[from] Stealth Rock
|move|p1a: Clefable|Moonblast|p2a: Fate
|-resisted|p2a: Fate
|-damage|p2a: Fate|32/100
|-unboost|p2a: Fate|spa|1
|
|upkeep
|turn|24
|
|t:|1625131334
|switch|p1a: Skarmory|Skarmory, M|50/100
|-damage|p1a: Skarmory|38/100|[from] Stealth Rock
|move|p2a: Fate|Double Iron Bash|p1a: Skarmory
|-resisted|p1a: Skarmory
|-damage|p1a: Skarmory|26/100
|-damage|p2a: Fate|16/100|[from] item: Rocky Helmet|[of] p1a: Skarmory
|-resisted|p1a: Skarmory
|-damage|p1a: Skarmory|12/100
|-damage|p2a: Fate|0 fnt|[from] item: Rocky Helmet|[of] p1a: Skarmory
|faint|p2a: Fate
|-hitcount|p1a: Skarmory|2
|
|upkeep
|j| ironwater
|c|☆LT81YL Storm|gg
|-message|LT81YL Storm forfeited.
|
|win|Plasmeek
|raw|Plasmeek's rating: 1760 &rarr; <strong>1788</strong><br />(+28 for winning)
|raw|LT81YL Storm's rating: 1907 &rarr; <strong>1879</strong><br />(-28 for losing)
|c|☆Plasmeek|gg
|j| LT81YL BB
|l|+Clone
|l| LT81YL BB
|l| Fostyyminaj
|l| salmonelephant
|l| banded shifu
|l| AMC TO THE MOOON
|l| ironwater
|l| PoppinLikeAyo
