|j|☆tesla roadster
|j|☆BigDaddyAddy
|t:|1659107754
|gametype|singles
|player|p1|tesla roadster|2|1485
|player|p2|BigDaddyAddy|1|1490
|teamsize|p1|6
|teamsize|p2|6
|gen|8
|tier|[Gen 8] OU
|rated|
|rule|Sleep Clause Mod: Limit one foe put to sleep
|rule|Species Clause: Limit one of each Pokémon
|rule|OHKO Clause: OHKO moves are banned
|rule|Evasion Moves Clause: Evasion moves are banned
|rule|Endless Battle Clause: Forcing endless battles is banned
|rule|HP Percentage Mod: HP is shown in percentages
|rule|Dynamax Clause: You cannot dynamax
|clearpoke
|poke|p1|Pelipper, F|
|poke|p1|Seismitoad, F|
|poke|p1|Zapdos|
|poke|p1|Ferrothorn, M|
|poke|p1|Barraskewda, F|
|poke|p1|Crawdaunt, F|
|poke|p2|Tapu Bulu|
|poke|p2|Zeraora|
|poke|p2|Heatran, F|
|poke|p2|Tornadus-Therian, M|
|poke|p2|Urshifu-*, M|
|poke|p2|Tauros, M|
|teampreview
|inactive|Battle timer is ON: inactive players will automatically lose when time's up. (requested by tesla roadster)
|inactive|BigDaddyAddy has 120 seconds left.
|
|t:|1659107796
|start
|switch|p1a: Let's in the rain|Pelipper, F|100/100
|switch|p2a: Tapu Bulu|Tapu Bulu|100/100
|-fieldstart|move: Grassy Terrain|[from] ability: Grassy Surge|[of] p2a: Tapu Bulu
|-weather|RainDance|[from] ability: Drizzle|[of] p1a: Let's in the rain
|turn|1
|inactive|tesla roadster has 120 seconds left.
|
|t:|1659107827
|switch|p2a: Tornadus|Tornadus-Therian, M|100/100
|switch|p1a: Ferrothorn|Ferrothorn, M|100/100
|
|-weather|RainDance|[upkeep]
|upkeep
|turn|2
|
|t:|1659107835
|switch|p1a: Zapdos|Zapdos|100/100
|move|p2a: Tornadus|Hurricane|p1a: Zapdos
|-resisted|p1a: Zapdos
|-damage|p1a: Zapdos|79/100
|
|-weather|RainDance|[upkeep]
|upkeep
|turn|3
|
|t:|1659107848
|switch|p2a: Zeraora|Zeraora|100/100
|move|p1a: Zapdos|Weather Ball|p2a: Zeraora
|-damage|p2a: Zeraora|9/100
|
|-weather|RainDance|[upkeep]
|-heal|p2a: Zeraora|15/100|[from] Grassy Terrain
|upkeep
|turn|4
|
|t:|1659107861
|switch|p1a: Seismitoad|Seismitoad, F|100/100
|move|p2a: Zeraora|Bulk Up|p2a: Zeraora
|-boost|p2a: Zeraora|atk|1
|-boost|p2a: Zeraora|def|1
|
|-weather|RainDance|[upkeep]
|-heal|p2a: Zeraora|21/100|[from] Grassy Terrain
|upkeep
|turn|5
|
|t:|1659107877
|switch|p1a: Ferrothorn|Ferrothorn, M|100/100
|switch|p2a: Tapu Bulu|Tapu Bulu|100/100
|
|-weather|RainDance|[upkeep]
|upkeep
|turn|6
|
|t:|1659107889
|switch|p1a: Zapdos|Zapdos|79/100
|move|p2a: Tapu Bulu|Toxic|p1a: Zapdos
|-status|p1a: Zapdos|tox
|
|-weather|RainDance|[upkeep]
|-damage|p1a: Zapdos|72/100 tox|[from] psn
|upkeep
|turn|7
|
|t:|1659107905
|switch|p2a: Tornadus|Tornadus-Therian, M|100/100
|move|p1a: Zapdos|Weather Ball|p2a: Tornadus
|-damage|p2a: Tornadus|19/100
|
|-weather|RainDance|[upkeep]
|-damage|p1a: Zapdos|60/100 tox|[from] psn
|upkeep
|turn|8
|inactive|tesla roadster has 120 seconds left.
|
|t:|1659107933
|switch|p1a: Barraskewda|Barraskewda, F|100/100
|move|p2a: Tornadus|Hurricane|p1a: Barraskewda
|-damage|p1a: Barraskewda|1/100
|-start|p1a: Barraskewda|confusion
|
|-weather|none
|-heal|p1a: Barraskewda|7/100|[from] Grassy Terrain
|-fieldend|move: Grassy Terrain
|upkeep
|turn|9
|
|t:|1659107947
|switch|p2a: Tapu Bulu|Tapu Bulu|100/100
|-fieldstart|move: Grassy Terrain|[from] ability: Grassy Surge|[of] p2a: Tapu Bulu
|switch|p1a: Zapdos|Zapdos|60/100 tox
|
|-damage|p1a: Zapdos|54/100 tox|[from] psn
|upkeep
|turn|10
|inactive|BigDaddyAddy has 120 seconds left.
|inactive|BigDaddyAddy has 90 seconds left.
|
|t:|1659108012
|switch|p2a: Zeraora|Zeraora|21/100
|move|p1a: Zapdos|Roost|p1a: Zapdos
|-heal|p1a: Zapdos|100/100 tox
|-singleturn|p1a: Zapdos|move: Roost
|
|-heal|p2a: Zeraora|27/100|[from] Grassy Terrain
|-damage|p1a: Zapdos|88/100 tox|[from] psn
|upkeep
|turn|11
|inactive|BigDaddyAddy has 90 seconds left.
|inactive|tesla roadster has 90 seconds left.
|inactive|tesla roadster has 60 seconds left.
|
|t:|1659108087
|switch|p2a: Heatran|Heatran, F|100/100
|switch|p1a: Seismitoad|Seismitoad, F|100/100
|
|upkeep
|turn|12
|inactive|BigDaddyAddy has 90 seconds left.
|
|t:|1659108111
|switch|p1a: Ferrothorn|Ferrothorn, M|100/100
|move|p2a: Heatran|Stealth Rock|p1a: Ferrothorn
|-sidestart|p1: tesla roadster|move: Stealth Rock
|
|upkeep
|turn|13
|
|t:|1659108145
|switch|p2a: Tauros|Tauros, M|100/100
|switch|p1a: Barraskewda|Barraskewda, F|7/100
|-damage|p1a: Barraskewda|0 fnt|[from] Stealth Rock
|faint|p1a: Barraskewda
|
|upkeep
|inactive|tesla roadster has 30 seconds left.
|inactive|tesla roadster has 20 seconds left.
|inactive|tesla roadster has 15 seconds left.
|
|t:|1659108174
|switch|p1a: Seismitoad|Seismitoad, F|100/100
|-damage|p1a: Seismitoad|95/100|[from] Stealth Rock
|turn|14
|inactive|tesla roadster has 25 seconds left this turn.
|inactive|BigDaddyAddy has 90 seconds left.
|
|t:|1659108185
|move|p2a: Tauros|Body Slam|p1a: Seismitoad
|-damage|p1a: Seismitoad|13/100
|move|p1a: Seismitoad|Focus Blast|p2a: Tauros|[miss]
|-miss|p1a: Seismitoad|p2a: Tauros
|
|-heal|p1a: Seismitoad|19/100|[from] Grassy Terrain
|upkeep
|turn|15
|inactive|tesla roadster has 30 seconds left.
|inactive|BigDaddyAddy has 90 seconds left.
|
|t:|1659108213
|switch|p1a: Ferrothorn|Ferrothorn, M|100/100
|-damage|p1a: Ferrothorn|95/100|[from] Stealth Rock
|move|p2a: Tauros|Body Slam|p1a: Ferrothorn
|-resisted|p1a: Ferrothorn
|-damage|p1a: Ferrothorn|75/100
|-damage|p2a: Tauros|88/100|[from] ability: Iron Barbs|[of] p1a: Ferrothorn
|
|-heal|p2a: Tauros|94/100|[from] Grassy Terrain
|-heal|p1a: Ferrothorn|81/100|[from] Grassy Terrain
|upkeep
|turn|16
|inactive|tesla roadster has 30 seconds left.
|inactive|tesla roadster has 20 seconds left.
|
|t:|1659108228
|move|p2a: Tauros|Fire Blast|p1a: Ferrothorn
|-supereffective|p1a: Ferrothorn
|-damage|p1a: Ferrothorn|1/100
|move|p1a: Ferrothorn|Stealth Rock|p2a: Tauros
|-sidestart|p2: BigDaddyAddy|move: Stealth Rock
|
|-heal|p2a: Tauros|100/100|[from] Grassy Terrain
|-heal|p1a: Ferrothorn|7/100|[from] Grassy Terrain
|-fieldend|move: Grassy Terrain
|upkeep
|turn|17
|inactive|tesla roadster has 30 seconds left this turn.
|-message|tesla roadster forfeited.
|
|win|BigDaddyAddy
|raw|tesla roadster's rating: 1485 &rarr; <strong>1465</strong><br />(-20 for losing)
|raw|BigDaddyAddy's rating: 1490 &rarr; <strong>1510</strong><br />(+20 for winning)
|l|☆tesla roadster
||Ladder isn't responding, score probably updated but might not have (Request timeout).
