|j|‽Omari P alt
|j|☆Stads
|t:|1666982300
|gametype|singles
|player|p1|Omari P alt|pokemonrangerf|1709
|player|p2|Stads|266|1873
|teamsize|p1|6
|teamsize|p2|6
|gen|8
|tier|[Gen 8] OU
|rated|
|rule|Sleep Clause Mod: Limit one foe put to sleep
|rule|Species Clause: Limit one of each Pokémon
|rule|OHKO Clause: OHKO moves are banned
|rule|Evasion Items Clause: Evasion items are banned
|rule|Evasion Moves Clause: Evasion moves are banned
|rule|Endless Battle Clause: Forcing endless battles is banned
|rule|HP Percentage Mod: HP is shown in percentages
|rule|Dynamax Clause: You cannot dynamax
|clearpoke
|poke|p1|Porygon-Z|
|poke|p1|Tapu Lele|
|poke|p1|Darmanitan, M|
|poke|p1|Mandibuzz, F|
|poke|p1|Nidoking, M|
|poke|p1|Dragapult, F|
|poke|p2|Tornadus-Therian, M|
|poke|p2|Corviknight, M|
|poke|p2|Kartana|
|poke|p2|Toxapex, F|
|poke|p2|Hippowdon, F|
|poke|p2|Heatran, M|
|teampreview
|inactive|Battle timer is ON: inactive players will automatically lose when time's up. (requested by Omari P alt)
|j| BabyPigsAreLaughin
|j| oxidationreduction
|inactive|Stads has 120 seconds left.
|
|t:|1666982353
|start
|switch|p1a: Nidoking|Nidoking, M, shiny|100/100
|switch|p2a: Tornadus|Tornadus-Therian, M|100/100
|turn|1
|
|t:|1666982355
|move|p2a: Tornadus|Knock Off|p1a: Nidoking
|-damage|p1a: Nidoking|72/100
|-enditem|p1a: Nidoking|Focus Sash|[from] move: Knock Off|[of] p2a: Tornadus
|move|p1a: Nidoking|Ice Beam|p2a: Tornadus
|-supereffective|p2a: Tornadus
|-damage|p2a: Tornadus|45/100
|
|upkeep
|turn|2
|
|t:|1666982359
|move|p2a: Tornadus|Hurricane|p1a: Nidoking
|-damage|p1a: Nidoking|4/100
|move|p1a: Nidoking|Ice Beam|p2a: Tornadus
|-supereffective|p2a: Tornadus
|-damage|p2a: Tornadus|0 fnt
|faint|p2a: Tornadus
|
|upkeep
|
|t:|1666982362
|switch|p2a: Kartana|Kartana|100/100
|turn|3
|
|t:|1666982369
|switch|p1a: Mandibuzz|Mandibuzz, F, shiny|100/100
|move|p2a: Kartana|Knock Off|p1a: Mandibuzz
|-resisted|p1a: Mandibuzz
|-damage|p1a: Mandibuzz|88/100
|-damage|p2a: Kartana|84/100|[from] item: Rocky Helmet|[of] p1a: Mandibuzz
|-enditem|p1a: Mandibuzz|Rocky Helmet|[from] move: Knock Off|[of] p2a: Kartana
|
|upkeep
|turn|4
|
|t:|1666982375
|switch|p2a: Hippowdon|Hippowdon, F|100/100
|-weather|Sandstorm|[from] ability: Sand Stream|[of] p2a: Hippowdon
|switch|p1a: Nidoking|Nidoking, M, shiny|4/100
|
|-weather|Sandstorm|[upkeep]
|upkeep
|turn|5
|
|t:|1666982387
|move|p1a: Nidoking|Stealth Rock|p2a: Hippowdon
|-sidestart|p2: Stads|move: Stealth Rock
|move|p2a: Hippowdon|Stealth Rock|p1a: Nidoking
|-sidestart|p1: Omari P alt|move: Stealth Rock
|
|-weather|Sandstorm|[upkeep]
|upkeep
|turn|6
|
|t:|1666982389
|move|p1a: Nidoking|Ice Beam|p2a: Hippowdon
|-supereffective|p2a: Hippowdon
|-damage|p2a: Hippowdon|52/100
|move|p2a: Hippowdon|Earthquake|p1a: Nidoking
|-supereffective|p1a: Nidoking
|-damage|p1a: Nidoking|0 fnt
|faint|p1a: Nidoking
|
|-weather|Sandstorm|[upkeep]
|-heal|p2a: Hippowdon|58/100|[from] item: Leftovers
|upkeep
|
|t:|1666982391
|switch|p1a: Porygon-Z|Porygon-Z, shiny|100/100
|-damage|p1a: Porygon-Z|88/100|[from] Stealth Rock
|turn|7
|
|t:|1666982393
|switch|p2a: Heatran|Heatran, M|100/100
|-damage|p2a: Heatran|88/100|[from] Stealth Rock
|move|p1a: Porygon-Z|Nasty Plot|p1a: Porygon-Z
|-boost|p1a: Porygon-Z|spa|2
|
|-weather|Sandstorm|[upkeep]
|-damage|p1a: Porygon-Z|82/100|[from] Sandstorm
|-heal|p2a: Heatran|94/100|[from] item: Leftovers
|upkeep
|turn|8
|
|t:|1666982396
|move|p1a: Porygon-Z|Hyper Beam|p2a: Heatran
|-resisted|p2a: Heatran
|-damage|p2a: Heatran|0 fnt
|-mustrecharge|p1a: Porygon-Z
|faint|p2a: Heatran
|-damage|p1a: Porygon-Z|72/100|[from] item: Life Orb
|
|-weather|none
|upkeep
|
|t:|1666982402
|switch|p2a: Kartana|Kartana|84/100
|-damage|p2a: Kartana|78/100|[from] Stealth Rock
|turn|9
|
|t:|1666982404
|move|p2a: Kartana|Smart Strike|p1a: Porygon-Z
|-damage|p1a: Porygon-Z|3/100
|cant|p1a: Porygon-Z|recharge
|
|upkeep
|turn|10
|
|t:|1666982407
|move|p2a: Kartana|Smart Strike|p1a: Porygon-Z
|-damage|p1a: Porygon-Z|0 fnt
|faint|p1a: Porygon-Z
|-ability|p2a: Kartana|Beast Boost|boost
|-boost|p2a: Kartana|atk|1
|
|upkeep
|
|t:|1666982409
|switch|p1a: Mandibuzz|Mandibuzz, F, shiny|88/100
|-damage|p1a: Mandibuzz|64/100|[from] Stealth Rock
|turn|11
|
|t:|1666982411
|switch|p2a: Hippowdon|Hippowdon, F|58/100
|-damage|p2a: Hippowdon|52/100|[from] Stealth Rock
|-weather|Sandstorm|[from] ability: Sand Stream|[of] p2a: Hippowdon
|move|p1a: Mandibuzz|Roost|p1a: Mandibuzz
|-heal|p1a: Mandibuzz|100/100
|-singleturn|p1a: Mandibuzz|move: Roost
|
|-weather|Sandstorm|[upkeep]
|-heal|p2a: Hippowdon|58/100|[from] item: Leftovers
|upkeep
|turn|12
|
|t:|1666982413
|move|p1a: Mandibuzz|Toxic|p2a: Hippowdon
|-status|p2a: Hippowdon|tox
|move|p2a: Hippowdon|Slack Off|p2a: Hippowdon
|-heal|p2a: Hippowdon|100/100 tox
|
|-weather|Sandstorm|[upkeep]
|-damage|p2a: Hippowdon|94/100 tox|[from] psn
|upkeep
|turn|13
|
|t:|1666982415
|switch|p1a: Tapu Lele|Tapu Lele|100/100
|-damage|p1a: Tapu Lele|88/100|[from] Stealth Rock
|-fieldstart|move: Psychic Terrain|[from] ability: Psychic Surge|[of] p1a: Tapu Lele
|move|p2a: Hippowdon|Toxic|p1a: Tapu Lele|[miss]
|-miss|p2a: Hippowdon|p1a: Tapu Lele
|
|-weather|Sandstorm|[upkeep]
|-damage|p1a: Tapu Lele|82/100|[from] Sandstorm
|-heal|p2a: Hippowdon|100/100 tox|[from] item: Leftovers
|-damage|p2a: Hippowdon|88/100 tox|[from] psn
|upkeep
|turn|14
|
|t:|1666982418
|switch|p2a: Corviknight|Corviknight, M|100/100
|-damage|p2a: Corviknight|88/100|[from] Stealth Rock
|-ability|p2a: Corviknight|Pressure
|move|p1a: Tapu Lele|Psychic|p2a: Corviknight
|-resisted|p2a: Corviknight
|-damage|p2a: Corviknight|60/100
|
|-weather|Sandstorm|[upkeep]
|-damage|p1a: Tapu Lele|76/100|[from] Sandstorm
|-heal|p2a: Corviknight|67/100|[from] item: Leftovers
|upkeep
|turn|15
|c| BabyPigsAreLaughin|Damn!
|
|t:|1666982425
|move|p1a: Tapu Lele|Psychic|p2a: Corviknight
|-resisted|p2a: Corviknight
|-damage|p2a: Corviknight|40/100
|move|p2a: Corviknight|Defog|p1a: Tapu Lele
|-unboost|p1a: Tapu Lele|evasion|1
|-sideend|p1: Omari P alt|Stealth Rock|[from] move: Defog|[of] p2a: Corviknight
|-sideend|p2: Stads|Stealth Rock|[from] move: Defog|[of] p2a: Corviknight
|-fieldend|move: Psychic Terrain
|
|-weather|none
|-heal|p2a: Corviknight|46/100|[from] item: Leftovers
|upkeep
|turn|16
|
|t:|1666982427
|switch|p1a: Darmanitan|Darmanitan, M|100/100
|move|p2a: Corviknight|Roost|p2a: Corviknight
|-heal|p2a: Corviknight|96/100
|-singleturn|p2a: Corviknight|move: Roost
|
|-heal|p2a: Corviknight|100/100|[from] item: Leftovers
|upkeep
|turn|17
|
|t:|1666982431
|switch|p2a: Toxapex|Toxapex, F|100/100
|move|p1a: Darmanitan|Flare Blitz|p2a: Toxapex
|-resisted|p2a: Toxapex
|-damage|p2a: Toxapex|65/100
|-damage|p1a: Darmanitan|91/100|[from] Recoil
|
|upkeep
|turn|18
|
|t:|1666982435
|move|p1a: Darmanitan|Earthquake|p2a: Toxapex
|-supereffective|p2a: Toxapex
|-damage|p2a: Toxapex|0 fnt
|faint|p2a: Toxapex
|-damage|p1a: Darmanitan|81/100|[from] item: Life Orb
|
|upkeep
|c| BabyPigsAreLaughin|That Hyper Beam OHKO on Heatran, though.
|
|t:|1666982439
|switch|p2a: Kartana|Kartana|78/100
|turn|19
|
|t:|1666982443
|switch|p2a: Hippowdon|Hippowdon, F|88/100 tox
|-weather|Sandstorm|[from] ability: Sand Stream|[of] p2a: Hippowdon
|move|p1a: Darmanitan|Flare Blitz|p2a: Hippowdon
|-damage|p2a: Hippowdon|6/100 tox
|-damage|p1a: Darmanitan|48/100|[from] Recoil
|
|-weather|Sandstorm|[upkeep]
|-damage|p1a: Darmanitan|42/100|[from] Sandstorm
|-heal|p2a: Hippowdon|12/100 tox|[from] item: Leftovers
|-damage|p2a: Hippowdon|6/100 tox|[from] psn
|upkeep
|turn|20
|
|t:|1666982448
|switch|p2a: Corviknight|Corviknight, M|100/100
|-ability|p2a: Corviknight|Pressure
|move|p1a: Darmanitan|Flare Blitz|p2a: Corviknight
|-supereffective|p2a: Corviknight
|-damage|p2a: Corviknight|0 fnt
|faint|p2a: Corviknight
|-damage|p1a: Darmanitan|4/100|[from] Recoil
|
|-weather|Sandstorm|[upkeep]
|-damage|p1a: Darmanitan|0 fnt|[from] Sandstorm
|faint|p1a: Darmanitan
|upkeep
|
|t:|1666982452
|switch|p1a: Mandibuzz|Mandibuzz, F, shiny|100/100
|switch|p2a: Kartana|Kartana|78/100
|turn|21
|-message|Stads forfeited.
|
|win|Omari P alt
|raw|Omari P alt's rating: 1709 &rarr; <strong>1738</strong><br />(+29 for winning)
|raw|Stads's rating: 1873 &rarr; <strong>1844</strong><br />(-29 for losing)
|l|☆Stads
||Ladder isn't responding, score probably updated but might not have (Request timeout).
