|j|☆Sp0oNl0rD
|j|☆supersam10001?
|inactive|Battle timer is ON: inactive players will automatically lose when time's up.
|t:|1632071087
|gametype|singles
|player|p1|Sp0oNl0rD|blackbelt|
|player|p2|supersam10001?|wallace|
|teamsize|p1|6
|teamsize|p2|6
|gen|8
|tier|[Gen 8] OU
|rated|Tournament battle
|rule|Sleep Clause Mod: Limit one foe put to sleep
|rule|Species Clause: Limit one of each Pokémon
|rule|OHKO Clause: OHKO moves are banned
|rule|Evasion Moves Clause: Evasion moves are banned
|rule|Endless Battle Clause: Forcing endless battles is banned
|rule|HP Percentage Mod: HP is shown in percentages
|rule|Dynamax Clause: You cannot dynamax
|clearpoke
|poke|p1|Rotom-Wash|
|poke|p1|Scizor, F|
|poke|p1|Kartana|
|poke|p1|Latios, M|
|poke|p1|Kyurem|
|poke|p1|Heatran, M|
|poke|p2|Rillaboom, M|
|poke|p2|Kartana|
|poke|p2|Mew|
|poke|p2|Grimmsnarl, M|
|poke|p2|Landorus-Therian, M|
|poke|p2|Bisharp, F|
|teampreview
|inactive|Sp0oNl0rD also wants the timer to be on.
|inactive|supersam10001? also wants the timer to be on.
|j| GengarForFun
|c|☆supersam10001?|hf
|j| hgjkhgjfggfh
|j| deesnut
|c| hgjkhgjfggfh|e
|c| hgjkhgjfggfh|gl
|
|t:|1632071099
|start
|switch|p1a: Heatran|Heatran, M|100/100
|switch|p2a: Doggo Man|Landorus-Therian, M|100/100
|-ability|p2a: Doggo Man|Intimidate|boost
|-unboost|p1a: Heatran|atk|1
|turn|1
|
|t:|1632071103
|move|p2a: Doggo Man|Stealth Rock|p1a: Heatran
|-sidestart|p1: Sp0oNl0rD|move: Stealth Rock
|move|p1a: Heatran|Stealth Rock|p2a: Doggo Man
|-sidestart|p2: supersam10001?|move: Stealth Rock
|
|upkeep
|turn|2
|
|t:|1632071108
|switch|p1a: Rotom|Rotom-Wash|100/100
|-damage|p1a: Rotom|88/100|[from] Stealth Rock
|move|p2a: Doggo Man|Earthquake|p1a: Rotom
|-immune|p1a: Rotom|[from] ability: Levitate
|
|-heal|p1a: Rotom|94/100|[from] item: Leftovers
|upkeep
|turn|3
|
|t:|1632071115
|move|p2a: Doggo Man|Swords Dance|p2a: Doggo Man
|-boost|p2a: Doggo Man|atk|2
|move|p1a: Rotom|Volt Switch|p2a: Doggo Man
|-immune|p2a: Doggo Man
|
|-heal|p1a: Rotom|100/100|[from] item: Leftovers
|upkeep
|turn|4
|
|t:|1632071123
|move|p2a: Doggo Man|Swords Dance|p2a: Doggo Man
|-boost|p2a: Doggo Man|atk|2
|move|p1a: Rotom|Hydro Pump|p2a: Doggo Man
|-supereffective|p2a: Doggo Man
|-damage|p2a: Doggo Man|5/100
|
|upkeep
|turn|5
|
|t:|1632071135
|move|p2a: Doggo Man|Explosion|p1a: Rotom
|-damage|p1a: Rotom|0 fnt
|faint|p2a: Doggo Man
|faint|p1a: Rotom
|
|upkeep
|c| hgjkhgjfggfh|why did you use volt switch
|c|☆supersam10001?|predicting me to go rilla
|c| hgjkhgjfggfh|ok
|c|☆Sp0oNl0rD|Yeah rilla predict
|
|t:|1632071164
|switch|p2a: Beast Incarnate|Grimmsnarl, M|100/100
|switch|p1a: Heatran|Heatran, M|100/100
|-damage|p1a: Heatran|88/100|[from] Stealth Rock
|-damage|p2a: Beast Incarnate|88/100|[from] Stealth Rock
|turn|6
|c|☆Sp0oNl0rD|Didn't think you were boom
|c|☆supersam10001?|well
|c|☆supersam10001?|grimsnarl
|c|☆supersam10001?|it's obvi ho
|inactive|Sp0oNl0rD has 120 seconds left.
|
|t:|1632071202
|move|p2a: Beast Incarnate|Light Screen|p2a: Beast Incarnate
|-sidestart|p2: supersam10001?|move: Light Screen
|move|p1a: Heatran|Magma Storm|p2a: Beast Incarnate
|-damage|p2a: Beast Incarnate|61/100
|-activate|p2a: Beast Incarnate|move: Magma Storm|[of] p1a: Heatran
|
|-heal|p1a: Heatran|94/100|[from] item: Leftovers
|-damage|p2a: Beast Incarnate|49/100|[from] move: Magma Storm|[partiallytrapped]
|upkeep
|turn|7
|
|t:|1632071206
|move|p2a: Beast Incarnate|Light Screen||[still]
|-fail|p2a: Beast Incarnate
|move|p1a: Heatran|Taunt|p2a: Beast Incarnate
|-start|p2a: Beast Incarnate|move: Taunt
|
|-heal|p1a: Heatran|100/100|[from] item: Leftovers
|-damage|p2a: Beast Incarnate|36/100|[from] move: Magma Storm|[partiallytrapped]
|upkeep
|turn|8
|c|☆supersam10001?|misclick
|
|t:|1632071213
|switch|p1a: Scizor|Scizor, F|100/100
|move|p2a: Beast Incarnate|Spirit Break|p1a: Scizor
|-resisted|p1a: Scizor
|-damage|p1a: Scizor|80/100
|-unboost|p1a: Scizor|spa|1
|
|-end|p2a: Beast Incarnate|Magma Storm|[partiallytrapped]|[silent]
|upkeep
|turn|9
|
|t:|1632071223
|switch|p2a: Paper Cut|Kartana|100/100
|-damage|p2a: Paper Cut|94/100|[from] Stealth Rock
|move|p1a: Scizor|Knock Off|p2a: Paper Cut
|-damage|p2a: Paper Cut|67/100
|-enditem|p2a: Paper Cut|Life Orb|[from] move: Knock Off|[of] p1a: Scizor
|
|upkeep
|turn|10
|
|t:|1632071228
|move|p2a: Paper Cut|Swords Dance|p2a: Paper Cut
|-boost|p2a: Paper Cut|atk|2
|move|p1a: Scizor|U-turn|p2a: Paper Cut
|-damage|p2a: Paper Cut|38/100
|
|t:|1632071231
|switch|p1a: Kyurem|Kyurem|100/100|[from]move: U-turn
|-damage|p1a: Kyurem|76/100|[from] Stealth Rock
|-ability|p1a: Kyurem|Pressure
|
|upkeep
|turn|11
|
|t:|1632071237
|move|p1a: Kyurem|Earth Power|p2a: Paper Cut
|-damage|p2a: Paper Cut|0 fnt
|faint|p2a: Paper Cut
|
|upkeep
|
|t:|1632071240
|switch|p2a: Pink|Mew|100/100
|-damage|p2a: Pink|88/100|[from] Stealth Rock
|turn|12
|
|t:|1632071246
|switch|p1a: Kartana|Kartana|100/100
|-damage|p1a: Kartana|94/100|[from] Stealth Rock
|move|p2a: Pink|Cosmic Power|p2a: Pink
|-boost|p2a: Pink|def|1
|-boost|p2a: Pink|spd|1
|
|upkeep
|turn|13
|
|t:|1632071250
|move|p1a: Kartana|Swords Dance|p1a: Kartana
|-boost|p1a: Kartana|atk|2
|move|p2a: Pink|Cosmic Power|p2a: Pink
|-boost|p2a: Pink|def|1
|-boost|p2a: Pink|spd|1
|
|-sideend|p2: supersam10001?|move: Light Screen
|upkeep
|turn|14
|
|t:|1632071254
|move|p1a: Kartana|Knock Off|p2a: Pink
|-supereffective|p2a: Pink
|-damage|p2a: Pink|36/100
|-enditem|p2a: Pink|Weakness Policy
|-boost|p2a: Pink|atk|2|[from] item: Weakness Policy
|-boost|p2a: Pink|spa|2|[from] item: Weakness Policy
|-damage|p1a: Kartana|85/100|[from] item: Life Orb
|move|p2a: Pink|Stored Power|p1a: Kartana
|-resisted|p1a: Kartana
|-damage|p1a: Kartana|0 fnt
|faint|p1a: Kartana
|
|upkeep
|j| soukoukou
|
|t:|1632071263
|switch|p1a: Kyurem|Kyurem|76/100
|-damage|p1a: Kyurem|51/100|[from] Stealth Rock
|-ability|p1a: Kyurem|Pressure
|turn|15
|
|t:|1632071266
|move|p1a: Kyurem|Ice Beam|p2a: Pink
|-crit|p2a: Pink
|-damage|p2a: Pink|0 fnt
|faint|p2a: Pink
|
|upkeep
|c| hgjkhgjfggfh|rip
|c|☆Sp0oNl0rD|Sry
|c|☆supersam10001?|it's fine
|inactive|supersam10001? has 120 seconds left.
|c|☆supersam10001?|bisharp still wins
|c|☆Sp0oNl0rD|Yh
|
|t:|1632071305
|switch|p2a: Defiant|Bisharp, F|100/100
|-damage|p2a: Defiant|95/100|[from] Stealth Rock
|turn|16
|
|t:|1632071313
|switch|p1a: Latios|Latios, M|100/100
|-damage|p1a: Latios|88/100|[from] Stealth Rock
|move|p2a: Defiant|Swords Dance|p2a: Defiant
|-boost|p2a: Defiant|atk|2
|
|upkeep
|turn|17
|c| deesnut|time to
|inactive|supersam10001? has 120 seconds left.
|c| deesnut|stall out sucker punch pp
|c| GengarForFun|reveal sub
|c|☆supersam10001?|that's lo
|c|☆supersam10001?|scouting ;)
|
|t:|1632071341
|move|p2a: Defiant|Sucker Punch||[still]
|-fail|p2a: Defiant
|move|p1a: Latios|Calm Mind|p1a: Latios
|-boost|p1a: Latios|spa|1
|-boost|p1a: Latios|spd|1
|
|upkeep
|turn|18
|
|t:|1632071344
|move|p2a: Defiant|Sucker Punch||[still]
|-fail|p2a: Defiant
|move|p1a: Latios|Calm Mind|p1a: Latios
|-boost|p1a: Latios|spa|1
|-boost|p1a: Latios|spd|1
|
|upkeep
|turn|19
|
|t:|1632071346
|move|p1a: Latios|Calm Mind|p1a: Latios
|-boost|p1a: Latios|spa|1
|-boost|p1a: Latios|spd|1
|move|p2a: Defiant|Knock Off|p1a: Latios
|-supereffective|p1a: Latios
|-damage|p1a: Latios|0 fnt
|-enditem|p1a: Latios|Life Orb|[from] move: Knock Off|[of] p2a: Defiant
|faint|p1a: Latios
|-damage|p2a: Defiant|85/100|[from] item: Life Orb
|
|upkeep
|c|☆Sp0oNl0rD|Dng it
|l| deesnut
|
|t:|1632071355
|switch|p1a: Heatran|Heatran, M|100/100
|-damage|p1a: Heatran|88/100|[from] Stealth Rock
|turn|20
|
|t:|1632071359
|move|p2a: Defiant|Knock Off|p1a: Heatran
|-crit|p1a: Heatran
|-damage|p1a: Heatran|0 fnt
|-enditem|p1a: Heatran|Leftovers|[from] move: Knock Off|[of] p2a: Defiant
|faint|p1a: Heatran
|-damage|p2a: Defiant|75/100|[from] item: Life Orb
|
|upkeep
|c|☆Sp0oNl0rD|Ah over for sure then
|c|☆supersam10001?|didn't matter I think
|c| hgjkhgjfggfh|big oof momento
|-message|Sp0oNl0rD forfeited.
|
|win|supersam10001?
|n|☆Sp0oNl0rD|sp0onl0rd
|n|☆supersam10001?|supersam10001
|n| GengarForFun|gengarforfun
|n| hgjkhgjfggfh|hgjkhgjfggfh
|n| soukoukou|soukoukou
