|j|☆CloudNineee
|j|☆cute pink team
|t:|1650173657
|gametype|singles
|player|p1|CloudNineee|265|1867
|player|p2|cute pink team|misty-gen1|1865
|teamsize|p1|6
|teamsize|p2|6
|gen|8
|tier|[Gen 8] OU
|rated|
|rule|Sleep Clause Mod: Limit one foe put to sleep
|rule|Species Clause: Limit one of each Pokémon
|rule|OHKO Clause: OHKO moves are banned
|rule|Evasion Moves Clause: Evasion moves are banned
|rule|Endless Battle Clause: Forcing endless battles is banned
|rule|HP Percentage Mod: HP is shown in percentages
|rule|Dynamax Clause: You cannot dynamax
|clearpoke
|poke|p1|Melmetal|
|poke|p1|Tornadus-Therian, M|
|poke|p1|Tyranitar, M|
|poke|p1|Nidoking, M|
|poke|p1|Slowking, M|
|poke|p1|Buzzwole|
|poke|p2|Zapdos|
|poke|p2|Mamoswine, F|
|poke|p2|Tyranitar, M|
|poke|p2|Corviknight, F|
|poke|p2|Volcanion|
|poke|p2|Tapu Lele|
|teampreview
|inactive|Battle timer is ON: inactive players will automatically lose when time's up. (requested by CloudNineee)
|j| stalliseasy
|j| Fitzcarraldo
|
|t:|1650173688
|start
|switch|p1a: Slowking|Slowking, M|100/100
|switch|p2a: Zapdos|Zapdos|100/100
|turn|1
|
|t:|1650173695
|move|p2a: Zapdos|Thunderbolt|p1a: Slowking
|-supereffective|p1a: Slowking
|-damage|p1a: Slowking|13/100
|move|p1a: Slowking|Teleport|p1a: Slowking
|
|t:|1650173700
|switch|p1a: Nidoking|Nidoking, M|100/100|[from]move: Teleport
|
|upkeep
|turn|2
|
|t:|1650173710
|switch|p2a: Mamoswine|Mamoswine, F|100/100
|move|p1a: Nidoking|Earth Power|p2a: Mamoswine
|-damage|p2a: Mamoswine|63/100
|
|upkeep
|turn|3
|
|t:|1650173716
|switch|p2a: Zapdos|Zapdos|100/100
|move|p1a: Nidoking|Superpower|p2a: Zapdos
|-resisted|p2a: Zapdos
|-damage|p2a: Zapdos|80/100
|-unboost|p1a: Nidoking|atk|1
|-unboost|p1a: Nidoking|def|1
|-damage|p1a: Nidoking|91/100|[from] item: Life Orb
|
|upkeep
|turn|4
|
|t:|1650173727
|switch|p1a: Tyranitar|Tyranitar, M|100/100
|-weather|Sandstorm|[from] ability: Sand Stream|[of] p1a: Tyranitar
|move|p2a: Zapdos|Volt Switch|p1a: Tyranitar
|-damage|p1a: Tyranitar|75/100
|
|t:|1650173729
|switch|p2a: Volcanion|Volcanion|100/100|[from]move: Volt Switch
|
|-weather|Sandstorm|[upkeep]
|-damage|p2a: Volcanion|95/100|[from] Sandstorm
|-heal|p1a: Tyranitar|81/100|[from] item: Leftovers
|upkeep
|turn|5
|
|t:|1650173739
|move|p2a: Volcanion|Steam Eruption|p1a: Tyranitar
|-supereffective|p1a: Tyranitar
|-damage|p1a: Tyranitar|1/100
|move|p1a: Tyranitar|Rock Blast|p2a: Volcanion|[miss]
|-miss|p1a: Tyranitar|p2a: Volcanion
|
|-weather|Sandstorm|[upkeep]
|-damage|p2a: Volcanion|89/100|[from] Sandstorm
|-heal|p1a: Tyranitar|7/100|[from] item: Leftovers
|upkeep
|turn|6
|
|t:|1650173754
|move|p2a: Volcanion|Steam Eruption|p1a: Tyranitar|[miss]
|-miss|p2a: Volcanion|p1a: Tyranitar
|move|p1a: Tyranitar|Rock Blast|p2a: Volcanion
|-supereffective|p2a: Volcanion
|-damage|p2a: Volcanion|67/100
|-supereffective|p2a: Volcanion
|-damage|p2a: Volcanion|44/100
|-hitcount|p2a: Volcanion|2
|
|-weather|Sandstorm|[upkeep]
|-damage|p2a: Volcanion|38/100|[from] Sandstorm
|-heal|p1a: Tyranitar|13/100|[from] item: Leftovers
|upkeep
|turn|7
|c|☆cute pink team|fair
|j| Go b4 it gets dark
|
|t:|1650173764
|switch|p1a: Tornadus|Tornadus-Therian, M, shiny|100/100
|move|p2a: Volcanion|Steam Eruption|p1a: Tornadus
|-damage|p1a: Tornadus|8/100
|-status|p1a: Tornadus|brn
|
|-weather|Sandstorm|[upkeep]
|-damage|p1a: Tornadus|2/100 brn|[from] Sandstorm
|-damage|p2a: Volcanion|32/100|[from] Sandstorm
|-damage|p1a: Tornadus|0 fnt|[from] brn
|faint|p1a: Tornadus
|upkeep
|
|t:|1650173770
|switch|p1a: Slowking|Slowking, M|46/100
|turn|8
|
|t:|1650173773
|switch|p2a: Zapdos|Zapdos|80/100
|move|p1a: Slowking|Slack Off|p1a: Slowking
|-heal|p1a: Slowking|96/100
|
|-weather|none
|upkeep
|turn|9
|
|t:|1650173783
|move|p2a: Zapdos|Volt Switch|p1a: Slowking
|-supereffective|p1a: Slowking
|-damage|p1a: Slowking|32/100
|
|t:|1650173786
|switch|p2a: Tapu Lele|Tapu Lele|100/100|[from]move: Volt Switch
|-fieldstart|move: Psychic Terrain|[from] ability: Psychic Surge|[of] p2a: Tapu Lele
|move|p1a: Slowking|Teleport|p1a: Slowking
|
|t:|1650173793
|switch|p1a: Melmetal|Melmetal|100/100|[from]move: Teleport
|
|upkeep
|turn|10
|
|t:|1650173803
|switch|p2a: Corviknight|Corviknight, F|100/100
|-ability|p2a: Corviknight|Pressure
|move|p1a: Melmetal|Double Iron Bash|p2a: Corviknight
|-resisted|p2a: Corviknight
|-damage|p2a: Corviknight|79/100
|-resisted|p2a: Corviknight
|-damage|p2a: Corviknight|61/100
|-hitcount|p2a: Corviknight|2
|
|-heal|p2a: Corviknight|68/100|[from] item: Leftovers
|upkeep
|turn|11
|
|t:|1650173817
|move|p2a: Corviknight|Roost|p2a: Corviknight
|-heal|p2a: Corviknight|100/100
|-singleturn|p2a: Corviknight|move: Roost
|move|p1a: Melmetal|Double Iron Bash|p2a: Corviknight
|-resisted|p2a: Corviknight
|-damage|p2a: Corviknight|82/100
|-resisted|p2a: Corviknight
|-damage|p2a: Corviknight|63/100
|-hitcount|p2a: Corviknight|2
|
|-heal|p2a: Corviknight|69/100|[from] item: Leftovers
|upkeep
|turn|12
|
|t:|1650173822
|switch|p1a: Slowking|Slowking, M|65/100
|move|p2a: Corviknight|U-turn|p1a: Slowking
|-supereffective|p1a: Slowking
|-damage|p1a: Slowking|37/100
|
|t:|1650173829
|switch|p2a: Tapu Lele|Tapu Lele|100/100|[from]move: U-turn
|
|upkeep
|turn|13
|
|t:|1650173835
|switch|p1a: Melmetal|Melmetal|100/100
|move|p2a: Tapu Lele|Moonblast|p1a: Melmetal
|-resisted|p1a: Melmetal
|-damage|p1a: Melmetal|58/100
|
|-fieldend|move: Psychic Terrain
|upkeep
|turn|14
|
|t:|1650173845
|switch|p2a: Corviknight|Corviknight, F|69/100
|-ability|p2a: Corviknight|Pressure
|switch|p1a: Slowking|Slowking, M|71/100
|
|-heal|p2a: Corviknight|75/100|[from] item: Leftovers
|upkeep
|turn|15
|
|t:|1650173848
|move|p2a: Corviknight|U-turn|p1a: Slowking
|-supereffective|p1a: Slowking
|-damage|p1a: Slowking|42/100
|
|t:|1650173851
|switch|p2a: Tapu Lele|Tapu Lele|100/100|[from]move: U-turn
|-fieldstart|move: Psychic Terrain|[from] ability: Psychic Surge|[of] p2a: Tapu Lele
|move|p1a: Slowking|Future Sight|p2a: Tapu Lele
|-start|p1a: Slowking|move: Future Sight
|
|upkeep
|turn|16
|
|t:|1650173856
|move|p2a: Tapu Lele|Moonblast|p1a: Slowking
|-damage|p1a: Slowking|0 fnt
|faint|p1a: Slowking
|
|upkeep
|
|t:|1650173861
|switch|p1a: Nidoking|Nidoking, M|91/100
|turn|17
|
|t:|1650173872
|switch|p2a: Tyranitar|Tyranitar, M|100/100
|-weather|Sandstorm|[from] ability: Sand Stream|[of] p2a: Tyranitar
|move|p1a: Nidoking|Superpower|p2a: Tyranitar
|-supereffective|p2a: Tyranitar
|-damage|p2a: Tyranitar|0 fnt
|-unboost|p1a: Nidoking|atk|1
|-unboost|p1a: Nidoking|def|1
|faint|p2a: Tyranitar
|-damage|p1a: Nidoking|81/100|[from] item: Life Orb
|
|-weather|Sandstorm|[upkeep]
|-hint|Future Sight did not hit because the target is fainted.
|upkeep
|
|t:|1650173888
|switch|p2a: Zapdos|Zapdos|80/100
|turn|18
|
|t:|1650173891
|move|p2a: Zapdos|Heat Wave|p1a: Nidoking
|-damage|p1a: Nidoking|0 fnt
|faint|p1a: Nidoking
|
|-weather|Sandstorm|[upkeep]
|-damage|p2a: Zapdos|74/100|[from] Sandstorm
|upkeep
|
|t:|1650173897
|switch|p1a: Tyranitar|Tyranitar, M|13/100
|turn|19
|
|t:|1650173901
|switch|p2a: Corviknight|Corviknight, F|75/100
|-ability|p2a: Corviknight|Pressure
|move|p1a: Tyranitar|Stealth Rock|p2a: Corviknight
|-sidestart|p2: cute pink team|move: Stealth Rock
|
|-weather|Sandstorm|[upkeep]
|-heal|p2a: Corviknight|82/100|[from] item: Leftovers
|-heal|p1a: Tyranitar|20/100|[from] item: Leftovers
|-fieldend|move: Psychic Terrain
|upkeep
|turn|20
|
|t:|1650173906
|move|p2a: Corviknight|Defog|p1a: Tyranitar
|-unboost|p1a: Tyranitar|evasion|1
|-sideend|p2: cute pink team|Stealth Rock|[from] move: Defog|[of] p2a: Corviknight
|move|p1a: Tyranitar|Thunder Wave|p2a: Corviknight
|-status|p2a: Corviknight|par
|
|-weather|Sandstorm|[upkeep]
|-heal|p1a: Tyranitar|26/100|[from] item: Leftovers
|-heal|p2a: Corviknight|88/100 par|[from] item: Leftovers
|upkeep
|turn|21
|
|t:|1650173911
|move|p1a: Tyranitar|Stealth Rock|p2a: Corviknight
|-sidestart|p2: cute pink team|move: Stealth Rock
|move|p2a: Corviknight|U-turn|p1a: Tyranitar
|-supereffective|p1a: Tyranitar
|-damage|p1a: Tyranitar|4/100
|
|t:|1650173919
|switch|p2a: Tapu Lele|Tapu Lele|100/100|[from]move: U-turn
|-damage|p2a: Tapu Lele|88/100|[from] Stealth Rock
|-fieldstart|move: Psychic Terrain|[from] ability: Psychic Surge|[of] p2a: Tapu Lele
|
|-weather|none
|-heal|p1a: Tyranitar|11/100|[from] item: Leftovers
|upkeep
|turn|22
|
|t:|1650173923
|move|p2a: Tapu Lele|Thunderbolt|p1a: Tyranitar
|-damage|p1a: Tyranitar|0 fnt
|faint|p1a: Tyranitar
|
|upkeep
|-message|CloudNineee forfeited.
|
|win|cute pink team
|raw|CloudNineee's rating: 1867 &rarr; <strong>1847</strong><br />(-20 for losing)
|raw|cute pink team's rating: 1865 &rarr; <strong>1885</strong><br />(+20 for winning)
|l|☆CloudNineee
