|j|☆Hairy Potters
|j|☆OUT Kazt
|inactive|Battle timer is ON: inactive players will automatically lose when time's up.
|t:|1630365218
|gametype|singles
|player|p1|Hairy Potters|steven|
|player|p2|OUT Kazt|acetrainersnowf|
|teamsize|p1|6
|teamsize|p2|6
|gen|8
|tier|[Gen 8] OU
|rated|Tournament battle
|rule|Sleep Clause Mod: Limit one foe put to sleep
|rule|Species Clause: Limit one of each Pokémon
|rule|OHKO Clause: OHKO moves are banned
|rule|Evasion Moves Clause: Evasion moves are banned
|rule|Endless Battle Clause: Forcing endless battles is banned
|rule|HP Percentage Mod: HP is shown in percentages
|rule|Dynamax Clause: You cannot dynamax
|clearpoke
|poke|p1|Buzzwole|
|poke|p1|Starmie|
|poke|p1|Shedinja|
|poke|p1|Hippowdon, F|
|poke|p1|Corviknight, M|
|poke|p1|Chansey, F|
|poke|p2|Tapu Lele|
|poke|p2|Tyranitar, M|
|poke|p2|Ferrothorn, M|
|poke|p2|Tapu Fini|
|poke|p2|Excadrill, M|
|poke|p2|Zapdos|
|teampreview
|j| SaberSeven
|j| TestingBot#7233
|j| Tacobellbootysauce
|j| xxxfortnitefanxxx
|j| Hylario
|c| xxxfortnitefanxxx|gl to both parties
|j|+gomikyu
|c|☆OUT Kazt|thx
|inactive|Hairy Potters has 120 seconds left.
|j| facey.C
|j| tragoedius re
|j| Serp IV
|c| SaberSeven|Good luck Kazt. Also Ignore Spectators button is a thing.
|j| Mikirae1218
|j| ttv-error-yt
|inactive|Hairy Potters has 90 seconds left.
|
|t:|1630365280
|start
|switch|p1a: CORVID-19|Corviknight, M|100/100
|switch|p2a: Tapu Fini|Tapu Fini|100/100
|-fieldstart|move: Misty Terrain|[from] ability: Misty Surge|[of] p2a: Tapu Fini
|-ability|p1a: CORVID-19|Pressure
|turn|1
|j| BilNyTheScienceGuy
|
|t:|1630365287
|switch|p2a: Zapdos|Zapdos|100/100
|switch|p1a: Shedinja|Shedinja|100/100
|
|upkeep
|turn|2
|j| quagsireperson
|c| Hylario|i was expecting a nature power grass heatran here i think it could do great
|c| quagsireperson|FINALS
|
|t:|1630365295
|switch|p1a: Hippowdon|Hippowdon, F|100/100
|-weather|Sandstorm|[from] ability: Sand Stream|[of] p1a: Hippowdon
|move|p2a: Zapdos|Heat Wave|p1a: Hippowdon|[miss]
|-miss|p2a: Zapdos|p1a: Hippowdon
|
|-weather|Sandstorm|[upkeep]
|-damage|p2a: Zapdos|94/100|[from] Sandstorm
|upkeep
|turn|3
|
|t:|1630365306
|switch|p2a: Ferrothorn|Ferrothorn, M|100/100
|move|p1a: Hippowdon|Stealth Rock|p2a: Ferrothorn
|-sidestart|p2: OUT Kazt|move: Stealth Rock
|
|-weather|Sandstorm|[upkeep]
|upkeep
|turn|4
|j| Aftxn
|
|t:|1630365329
|switch|p1a: CORVID-19|Corviknight, M|100/100
|-ability|p1a: CORVID-19|Pressure
|move|p2a: Ferrothorn|Stealth Rock|p1a: CORVID-19
|-sidestart|p1: Hairy Potters|move: Stealth Rock
|
|-weather|Sandstorm|[upkeep]
|upkeep
|turn|5
|
|t:|1630365335
|move|p1a: CORVID-19|Defog|p2a: Ferrothorn
|-unboost|p2a: Ferrothorn|evasion|1
|-sideend|p2: OUT Kazt|Stealth Rock|[from] move: Defog|[of] p1a: CORVID-19
|-sideend|p1: Hairy Potters|Stealth Rock|[from] move: Defog|[of] p1a: CORVID-19
|-fieldend|Misty Terrain
|move|p2a: Ferrothorn|Knock Off|p1a: CORVID-19
|-damage|p1a: CORVID-19|87/100
|-enditem|p1a: CORVID-19|Shed Shell|[from] move: Knock Off|[of] p2a: Ferrothorn
|
|-weather|Sandstorm|[upkeep]
|upkeep
|turn|6
|l| tragoedius re
|l| Aftxn
|
|t:|1630365347
|move|p1a: CORVID-19|Iron Defense|p1a: CORVID-19
|-boost|p1a: CORVID-19|def|2
|move|p2a: Ferrothorn|Leech Seed|p1a: CORVID-19
|-start|p1a: CORVID-19|move: Leech Seed
|
|-weather|none
|-damage|p1a: CORVID-19|74/100|[from] Leech Seed|[of] p2a: Ferrothorn
|upkeep
|turn|7
|
|t:|1630365352
|switch|p2a: Tapu Fini|Tapu Fini|100/100
|-fieldstart|move: Misty Terrain|[from] ability: Misty Surge|[of] p2a: Tapu Fini
|move|p1a: CORVID-19|Body Press|p2a: Tapu Fini
|-resisted|p2a: Tapu Fini
|-damage|p2a: Tapu Fini|72/100
|
|-damage|p1a: CORVID-19|62/100|[from] Leech Seed|[of] p2a: Tapu Fini
|-heal|p2a: Tapu Fini|90/100|[silent]
|upkeep
|turn|8
|
|t:|1630365359
|switch|p1a: Shedinja|Shedinja|100/100
|move|p2a: Tapu Fini|Hydro Pump|p1a: Shedinja
|-immune|p1a: Shedinja|[from] ability: Wonder Guard
|
|upkeep
|turn|9
|
|t:|1630365366
|switch|p2a: Tyranitar|Tyranitar, M|100/100
|-weather|Sandstorm|[from] ability: Sand Stream|[of] p2a: Tyranitar
|move|p1a: Shedinja|Gust|p2a: Tyranitar
|-resisted|p2a: Tyranitar
|-damage|p2a: Tyranitar|98/100
|
|-weather|Sandstorm|[upkeep]
|upkeep
|turn|10
|j| forestcave
|
|t:|1630365376
|switch|p1a: Buzzwole|Buzzwole|100/100
|switch|p2a: Zapdos|Zapdos|94/100
|
|-weather|Sandstorm|[upkeep]
|-damage|p2a: Zapdos|88/100|[from] Sandstorm
|-damage|p1a: Buzzwole|94/100|[from] Sandstorm
|-heal|p1a: Buzzwole|100/100|[from] item: Leftovers
|upkeep
|turn|11
|j|#UberPyro
|
|t:|1630365383
|switch|p2a: Tapu Fini|Tapu Fini|90/100
|switch|p1a: Hippowdon|Hippowdon, F|100/100
|
|-weather|Sandstorm|[upkeep]
|-damage|p2a: Tapu Fini|84/100|[from] Sandstorm
|-fieldend|Misty Terrain
|upkeep
|turn|12
|
|t:|1630365390
|switch|p1a: Shedinja|Shedinja|100/100
|move|p2a: Tapu Fini|Trick|p1a: Shedinja
|-activate|p2a: Tapu Fini|move: Trick|[of] p1a: Shedinja
|-item|p1a: Shedinja|Choice Scarf|[from] move: Trick
|-item|p2a: Tapu Fini|Safety Goggles|[from] move: Trick
|
|-weather|Sandstorm|[upkeep]
|-damage|p1a: Shedinja|0 fnt|[from] Sandstorm
|faint|p1a: Shedinja
|upkeep
|c|☆OUT Kazt|chansey is right there
|j|%georgiethefirst
|
|t:|1630365419
|switch|p1a: Chansey|Chansey, F|100/100
|turn|13
|
|t:|1630365423
|move|p2a: Tapu Fini|Trick|p1a: Chansey
|-activate|p2a: Tapu Fini|move: Trick|[of] p1a: Chansey
|-item|p1a: Chansey|Safety Goggles|[from] move: Trick
|-item|p2a: Tapu Fini|Eviolite|[from] move: Trick
|move|p1a: Chansey|Stealth Rock|p2a: Tapu Fini
|-sidestart|p2: OUT Kazt|move: Stealth Rock
|
|-weather|none
|upkeep
|turn|14
|c| Hylario|he feared the whirlpool set most likely
|c| quagsireperson|damn
|c| SaberSeven|He already revealed Hydro Pump
|
|t:|1630365438
|switch|p2a: Ferrothorn|Ferrothorn, M|100/100
|-damage|p2a: Ferrothorn|94/100|[from] Stealth Rock
|move|p1a: Chansey|Toxic|p2a: Ferrothorn
|-immune|p2a: Ferrothorn
|
|-heal|p2a: Ferrothorn|100/100|[from] item: Leftovers
|upkeep
|turn|15
|c| Hylario|yup yup ik
|c| SaberSeven|This was obviously the Scarf set
|
|t:|1630365443
|switch|p1a: CORVID-19|Corviknight, M|62/100
|-ability|p1a: CORVID-19|Pressure
|move|p2a: Ferrothorn|Leech Seed|p1a: CORVID-19
|-start|p1a: CORVID-19|move: Leech Seed
|
|-damage|p1a: CORVID-19|49/100|[from] Leech Seed|[of] p2a: Ferrothorn
|upkeep
|turn|16
|c| Mikirae1218|Scarf whirlpool goated set
|c| Hylario|i meant the first time
|
|t:|1630365453
|move|p1a: CORVID-19|Roost|p1a: CORVID-19
|-heal|p1a: CORVID-19|99/100
|-singleturn|p1a: CORVID-19|move: Roost
|move|p2a: Ferrothorn|Stealth Rock|p1a: CORVID-19
|-sidestart|p1: Hairy Potters|move: Stealth Rock
|
|-damage|p1a: CORVID-19|87/100|[from] Leech Seed|[of] p2a: Ferrothorn
|upkeep
|turn|17
|
|t:|1630365466
|switch|p2a: Zapdos|Zapdos|88/100
|move|p1a: CORVID-19|Defog|p2a: Zapdos
|-unboost|p2a: Zapdos|evasion|1
|-sideend|p2: OUT Kazt|Stealth Rock|[from] move: Defog|[of] p1a: CORVID-19
|-sideend|p1: Hairy Potters|Stealth Rock|[from] move: Defog|[of] p1a: CORVID-19
|
|-damage|p1a: CORVID-19|74/100|[from] Leech Seed|[of] p2a: Zapdos
|-heal|p2a: Zapdos|100/100|[silent]
|upkeep
|turn|18
|
|t:|1630365472
|switch|p2a: Tapu Lele|Tapu Lele|100/100
|-fieldstart|move: Psychic Terrain|[from] ability: Psychic Surge|[of] p2a: Tapu Lele
|switch|p1a: Hippowdon|Hippowdon, F|100/100
|-weather|Sandstorm|[from] ability: Sand Stream|[of] p1a: Hippowdon
|
|-weather|Sandstorm|[upkeep]
|-damage|p2a: Tapu Lele|94/100|[from] Sandstorm
|upkeep
|turn|19
|
|t:|1630365483
|switch|p1a: Chansey|Chansey, F|100/100
|move|p2a: Tapu Lele|Psychic|p1a: Chansey
|-damage|p1a: Chansey|57/100
|
|-weather|Sandstorm|[upkeep]
|-damage|p2a: Tapu Lele|88/100|[from] Sandstorm
|upkeep
|turn|20
|
|t:|1630365489
|switch|p2a: Excadrill|Excadrill, M|100/100
|move|p1a: Chansey|Soft-Boiled|p1a: Chansey
|-heal|p1a: Chansey|100/100
|
|-weather|Sandstorm|[upkeep]
|upkeep
|turn|21
|j| 13t
|
|t:|1630365493
|switch|p2a: Tapu Lele|Tapu Lele|88/100
|switch|p1a: CORVID-19|Corviknight, M|74/100
|-ability|p1a: CORVID-19|Pressure
|
|-weather|Sandstorm|[upkeep]
|-damage|p2a: Tapu Lele|82/100|[from] Sandstorm
|upkeep
|turn|22
|j| mxgudelo
|
|t:|1630365499
|move|p2a: Tapu Lele|Focus Blast|p1a: CORVID-19
|-damage|p1a: CORVID-19|13/100
|move|p1a: CORVID-19|Roost|p1a: CORVID-19
|-heal|p1a: CORVID-19|63/100
|-singleturn|p1a: CORVID-19|move: Roost
|
|-weather|none
|-fieldend|move: Psychic Terrain
|upkeep
|turn|23
|
|t:|1630365516
|move|p2a: Tapu Lele|Focus Blast|p1a: CORVID-19
|-damage|p1a: CORVID-19|0 fnt
|faint|p1a: CORVID-19
|
|upkeep
|
|t:|1630365523
|switch|p1a: Chansey|Chansey, F|100/100
|turn|24
|
|t:|1630365530
|switch|p2a: Ferrothorn|Ferrothorn, M|100/100
|move|p1a: Chansey|Stealth Rock|p2a: Ferrothorn
|-sidestart|p2: OUT Kazt|move: Stealth Rock
|
|upkeep
|turn|25
|
|t:|1630365538
|switch|p1a: Buzzwole|Buzzwole|100/100
|move|p2a: Ferrothorn|Stealth Rock|p1a: Buzzwole
|-sidestart|p1: Hairy Potters|move: Stealth Rock
|
|upkeep
|turn|26
|
|t:|1630365543
|switch|p2a: Tapu Fini|Tapu Fini|84/100
|-damage|p2a: Tapu Fini|71/100|[from] Stealth Rock
|-fieldstart|move: Misty Terrain|[from] ability: Misty Surge|[of] p2a: Tapu Fini
|move|p1a: Buzzwole|Drain Punch|p2a: Tapu Fini
|-resisted|p2a: Tapu Fini
|-damage|p2a: Tapu Fini|52/100
|
|upkeep
|turn|27
|
|t:|1630365549
|switch|p2a: Ferrothorn|Ferrothorn, M|100/100
|-damage|p2a: Ferrothorn|94/100|[from] Stealth Rock
|switch|p1a: Chansey|Chansey, F|100/100
|-damage|p1a: Chansey|88/100|[from] Stealth Rock
|
|-heal|p2a: Ferrothorn|100/100|[from] item: Leftovers
|upkeep
|turn|28
|
|t:|1630365569
|switch|p1a: Buzzwole|Buzzwole|100/100
|-damage|p1a: Buzzwole|88/100|[from] Stealth Rock
|move|p2a: Ferrothorn|Knock Off|p1a: Buzzwole
|-resisted|p1a: Buzzwole
|-damage|p1a: Buzzwole|83/100
|-enditem|p1a: Buzzwole|Leftovers|[from] move: Knock Off|[of] p2a: Ferrothorn
|
|upkeep
|turn|29
|l|%georgiethefirst
|
|t:|1630365574
|switch|p2a: Zapdos|Zapdos|100/100
|move|p1a: Buzzwole|Drain Punch|p2a: Zapdos
|-resisted|p2a: Zapdos
|-damage|p2a: Zapdos|89/100
|-heal|p1a: Buzzwole|89/100|[from] drain|[of] p2a: Zapdos
|
|upkeep
|turn|30
|j|%georgiethefirst
|
|t:|1630365579
|switch|p1a: Chansey|Chansey, F|88/100
|-damage|p1a: Chansey|76/100|[from] Stealth Rock
|move|p2a: Zapdos|Heat Wave|p1a: Chansey
|-crit|p1a: Chansey
|-damage|p1a: Chansey|57/100
|
|-fieldend|Misty Terrain
|upkeep
|turn|31
|
|t:|1630365584
|switch|p2a: Excadrill|Excadrill, M|100/100
|-damage|p2a: Excadrill|97/100|[from] Stealth Rock
|move|p1a: Chansey|Soft-Boiled|p1a: Chansey
|-heal|p1a: Chansey|100/100
|
|-heal|p2a: Excadrill|100/100|[from] item: Leftovers
|upkeep
|turn|32
|
|t:|1630365592
|switch|p1a: Buzzwole|Buzzwole|89/100
|-damage|p1a: Buzzwole|76/100|[from] Stealth Rock
|move|p2a: Excadrill|Rapid Spin|p1a: Buzzwole
|-damage|p1a: Buzzwole|67/100
|-boost|p2a: Excadrill|spe|1
|-sideend|p2: OUT Kazt|Stealth Rock|[from] move: Rapid Spin|[of] p2a: Excadrill
|
|upkeep
|turn|33
|
|t:|1630365601
|switch|p2a: Tapu Fini|Tapu Fini|52/100
|-fieldstart|move: Misty Terrain|[from] ability: Misty Surge|[of] p2a: Tapu Fini
|move|p1a: Buzzwole|Toxic|p2a: Tapu Fini
|-activate|p2a: Tapu Fini|move: Misty Terrain
|
|upkeep
|turn|34
|
|t:|1630365605
|switch|p2a: Tapu Lele|Tapu Lele|82/100
|-fieldstart|move: Psychic Terrain|[from] ability: Psychic Surge|[of] p2a: Tapu Lele
|switch|p1a: Chansey|Chansey, F|100/100
|-damage|p1a: Chansey|88/100|[from] Stealth Rock
|
|upkeep
|turn|35
|
|t:|1630365615
|move|p2a: Tapu Lele|Psyshock|p1a: Chansey
|-damage|p1a: Chansey|0 fnt
|faint|p1a: Chansey
|
|upkeep
|
|t:|1630365619
|switch|p1a: Starmie|Starmie, shiny|100/100
|-damage|p1a: Starmie|88/100|[from] Stealth Rock
|turn|36
|
|t:|1630365622
|switch|p2a: Ferrothorn|Ferrothorn, M|100/100
|move|p1a: Starmie|Toxic|p2a: Ferrothorn
|-immune|p2a: Ferrothorn
|
|-heal|p1a: Starmie|94/100|[from] item: Leftovers
|upkeep
|turn|37
|
|t:|1630365627
|move|p1a: Starmie|Toxic|p2a: Ferrothorn
|-immune|p2a: Ferrothorn
|move|p2a: Ferrothorn|Leech Seed|p1a: Starmie
|-start|p1a: Starmie|move: Leech Seed
|
|-heal|p1a: Starmie|100/100|[from] item: Leftovers
|-damage|p1a: Starmie|88/100|[from] Leech Seed|[of] p2a: Ferrothorn
|upkeep
|turn|38
|-message|Hairy Potters forfeited.
|
|win|OUT Kazt
|n|☆Hairy Potters|hairypotters
|n|☆OUT Kazt|outkazt
|n| SaberSeven|saberseven
|n| TestingBot#7233|testingbot7233
|n| Tacobellbootysauce|tacobellbootysauce
|n| xxxfortnitefanxxx|xxxfortnitefanxxx
|n| Hylario|hylario
|n| gomikyu|gomikyu
|n| facey.C|faceyc
|n| Serp IV|serpiv
|n| Mikirae1218|mikirae1218
|n| ttv-error-yt|ttverroryt
|n| BilNyTheScienceGuy|bilnythescienceguy
|n| quagsireperson|quagsireperson
|n| forestcave|forestcave
|n|+UberPyro|uberpyro
|n| 13t|13t
|n| mxgudelo|mxgudelo
|n| georgiethefirst|georgiethefirst
|l| ttv-error-yt
|l|☆OUT Kazt
|l| 13t
|l| xxxfortnitefanxxx
|l| gomikyu
|l| Serp IV
