|j|☆lebanesestinker
|j|☆Leglock
|t:|1630367601
|gametype|singles
|player|p1|lebanesestinker|policeman|1643
|player|p2|Leglock|koga|1635
|teamsize|p1|6
|teamsize|p2|6
|gen|8
|tier|[Gen 8] OU
|rated|
|rule|Sleep Clause Mod: Limit one foe put to sleep
|rule|Species Clause: Limit one of each Pokémon
|rule|OHKO Clause: OHKO moves are banned
|rule|Evasion Moves Clause: Evasion moves are banned
|rule|Endless Battle Clause: Forcing endless battles is banned
|rule|HP Percentage Mod: HP is shown in percentages
|rule|Dynamax Clause: You cannot dynamax
|clearpoke
|poke|p1|Heatran, M|
|poke|p1|Ninetales-Alola, F|
|poke|p1|Arctozolt|
|poke|p1|Landorus-Therian, M|
|poke|p1|Kyurem|
|poke|p1|Tapu Lele|
|poke|p2|Pelipper, M|
|poke|p2|Barraskewda, M|
|poke|p2|Regieleki|
|poke|p2|Tapu Lele|
|poke|p2|Landorus-Therian, M|
|poke|p2|Ferrothorn, M|
|teampreview
|inactive|Battle timer is ON: inactive players will automatically lose when time's up. (requested by Leglock)
|
|t:|1630367640
|start
|switch|p1a: Kyurem|Kyurem|100/100
|switch|p2a: Pelipper|Pelipper, M|100/100
|-ability|p1a: Kyurem|Pressure
|-weather|RainDance|[from] ability: Drizzle|[of] p2a: Pelipper
|turn|1
|
|t:|1630367648
|switch|p2a: Ferrothorn|Ferrothorn, M|100/100
|move|p1a: Kyurem|Freeze-Dry|p2a: Ferrothorn
|-damage|p2a: Ferrothorn|77/100
|
|-weather|RainDance|[upkeep]
|-heal|p2a: Ferrothorn|83/100|[from] item: Leftovers
|upkeep
|turn|2
|
|t:|1630367661
|move|p1a: Kyurem|Substitute|p1a: Kyurem
|-start|p1a: Kyurem|Substitute
|-damage|p1a: Kyurem|76/100
|move|p2a: Ferrothorn|Knock Off|p1a: Kyurem
|-activate|p1a: Kyurem|move: Substitute|[damage]
|
|-weather|RainDance|[upkeep]
|-heal|p2a: Ferrothorn|89/100|[from] item: Leftovers
|upkeep
|turn|3
|
|t:|1630367688
|move|p1a: Kyurem|Freeze-Dry|p2a: Ferrothorn
|-damage|p2a: Ferrothorn|67/100
|-status|p2a: Ferrothorn|frz
|cant|p2a: Ferrothorn|frz
|
|-weather|RainDance|[upkeep]
|-heal|p2a: Ferrothorn|73/100 frz|[from] item: Leftovers
|upkeep
|turn|4
|j| Crowv2
|l| Crowv2
|
|t:|1630367700
|move|p1a: Kyurem|Freeze-Dry|p2a: Ferrothorn
|-damage|p2a: Ferrothorn|52/100 frz
|cant|p2a: Ferrothorn|frz
|
|-weather|RainDance|[upkeep]
|-heal|p2a: Ferrothorn|58/100 frz|[from] item: Leftovers
|upkeep
|turn|5
|
|t:|1630367705
|move|p1a: Kyurem|Freeze-Dry|p2a: Ferrothorn
|-damage|p2a: Ferrothorn|34/100 frz
|-curestatus|p2a: Ferrothorn|frz|[msg]
|move|p2a: Ferrothorn|Iron Head|p1a: Kyurem
|-supereffective|p1a: Kyurem
|-end|p1a: Kyurem|Substitute
|
|-weather|none
|-heal|p2a: Ferrothorn|40/100|[from] item: Leftovers
|upkeep
|turn|6
|
|t:|1630367716
|move|p1a: Kyurem|Substitute|p1a: Kyurem
|-start|p1a: Kyurem|Substitute
|-damage|p1a: Kyurem|51/100
|move|p2a: Ferrothorn|Iron Head|p1a: Kyurem
|-supereffective|p1a: Kyurem
|-end|p1a: Kyurem|Substitute
|
|-heal|p2a: Ferrothorn|46/100|[from] item: Leftovers
|upkeep
|turn|7
|
|t:|1630367725
|switch|p1a: Heatran|Heatran, M|100/100
|move|p2a: Ferrothorn|Leech Seed|p1a: Heatran
|-start|p1a: Heatran|move: Leech Seed
|
|-heal|p2a: Ferrothorn|52/100|[from] item: Leftovers
|-damage|p1a: Heatran|88/100|[from] Leech Seed|[of] p2a: Ferrothorn
|-heal|p2a: Ferrothorn|66/100|[silent]
|upkeep
|turn|8
|j| TestingBot#7233
|
|t:|1630367735
|switch|p1a: Kyurem|Kyurem|51/100
|-ability|p1a: Kyurem|Pressure
|switch|p2a: Pelipper|Pelipper, M|100/100
|-weather|RainDance|[from] ability: Drizzle|[of] p2a: Pelipper
|
|-weather|RainDance|[upkeep]
|upkeep
|turn|9
|
|t:|1630367743
|move|p1a: Kyurem|Roost|p1a: Kyurem
|-heal|p1a: Kyurem|100/100
|-singleturn|p1a: Kyurem|move: Roost
|move|p2a: Pelipper|U-turn|p1a: Kyurem
|-damage|p1a: Kyurem|92/100
|
|t:|1630367749
|switch|p2a: Ferrothorn|Ferrothorn, M|66/100|[from]move: U-turn
|
|-weather|RainDance|[upkeep]
|-heal|p2a: Ferrothorn|72/100|[from] item: Leftovers
|upkeep
|turn|10
|
|t:|1630367756
|switch|p1a: Heatran|Heatran, M|88/100
|move|p2a: Ferrothorn|Leech Seed|p1a: Heatran
|-start|p1a: Heatran|move: Leech Seed
|
|-weather|RainDance|[upkeep]
|-heal|p1a: Heatran|94/100|[from] item: Leftovers
|-heal|p2a: Ferrothorn|78/100|[from] item: Leftovers
|-damage|p1a: Heatran|82/100|[from] Leech Seed|[of] p2a: Ferrothorn
|-heal|p2a: Ferrothorn|92/100|[silent]
|upkeep
|turn|11
|
|t:|1630367771
|move|p1a: Heatran|Toxic|p2a: Ferrothorn
|-immune|p2a: Ferrothorn
|move|p2a: Ferrothorn|Knock Off|p1a: Heatran
|-damage|p1a: Heatran|64/100
|-enditem|p1a: Heatran|Leftovers|[from] move: Knock Off|[of] p2a: Ferrothorn
|
|-weather|RainDance|[upkeep]
|-heal|p2a: Ferrothorn|98/100|[from] item: Leftovers
|-damage|p1a: Heatran|52/100|[from] Leech Seed|[of] p2a: Ferrothorn
|-heal|p2a: Ferrothorn|100/100|[silent]
|upkeep
|turn|12
|
|t:|1630367786
|switch|p2a: Pelipper|Pelipper, M|100/100
|move|p1a: Heatran|Toxic|p2a: Pelipper
|-status|p2a: Pelipper|tox
|
|-weather|none
|-damage|p1a: Heatran|39/100|[from] Leech Seed|[of] p2a: Pelipper
|-damage|p2a: Pelipper|94/100 tox|[from] psn
|upkeep
|turn|13
|
|t:|1630367795
|switch|p1a: Ninetales|Ninetales-Alola, F|100/100
|-weather|Hail|[from] ability: Snow Warning|[of] p1a: Ninetales
|move|p2a: Pelipper|U-turn|p1a: Ninetales
|-resisted|p1a: Ninetales
|-damage|p1a: Ninetales|96/100
|
|t:|1630367810
|switch|p2a: Regieleki|Regieleki|100/100|[from]move: U-turn
|
|-weather|Hail|[upkeep]
|-damage|p2a: Regieleki|94/100|[from] Hail
|upkeep
|turn|14
|
|t:|1630367815
|switch|p1a: Landorus|Landorus-Therian, M|100/100
|-ability|p1a: Landorus|Intimidate|boost
|-unboost|p2a: Regieleki|atk|1
|move|p2a: Regieleki|Volt Switch|p1a: Landorus
|-immune|p1a: Landorus
|
|-weather|Hail|[upkeep]
|-damage|p2a: Regieleki|88/100|[from] Hail
|-damage|p1a: Landorus|94/100|[from] Hail
|-heal|p1a: Landorus|100/100|[from] item: Leftovers
|upkeep
|turn|15
|
|t:|1630367823
|switch|p2a: Landorus|Landorus-Therian, M|100/100
|-ability|p2a: Landorus|Intimidate|boost
|-unboost|p1a: Landorus|atk|1
|move|p1a: Landorus|Stealth Rock|p2a: Landorus
|-sidestart|p2: Leglock|move: Stealth Rock
|
|-weather|Hail|[upkeep]
|-damage|p2a: Landorus|94/100|[from] Hail
|-damage|p1a: Landorus|94/100|[from] Hail
|-heal|p2a: Landorus|100/100|[from] item: Leftovers
|-heal|p1a: Landorus|100/100|[from] item: Leftovers
|upkeep
|turn|16
|
|t:|1630367831
|move|p2a: Landorus|Stealth Rock|p1a: Landorus
|-sidestart|p1: lebanesestinker|move: Stealth Rock
|move|p1a: Landorus|Knock Off|p2a: Landorus
|-damage|p2a: Landorus|82/100
|-enditem|p2a: Landorus|Leftovers|[from] move: Knock Off|[of] p1a: Landorus
|
|-weather|Hail|[upkeep]
|-damage|p2a: Landorus|76/100|[from] Hail
|-damage|p1a: Landorus|94/100|[from] Hail
|-heal|p1a: Landorus|100/100|[from] item: Leftovers
|upkeep
|turn|17
|
|t:|1630367838
|move|p2a: Landorus|Toxic|p1a: Landorus
|-status|p1a: Landorus|tox
|move|p1a: Landorus|U-turn|p2a: Landorus
|-resisted|p2a: Landorus
|-damage|p2a: Landorus|70/100
|
|t:|1630367841
|switch|p1a: Arctozolt|Arctozolt|100/100|[from]move: U-turn
|
|-weather|Hail|[upkeep]
|-damage|p2a: Landorus|63/100|[from] Hail
|upkeep
|turn|18
|
|t:|1630367851
|switch|p2a: Ferrothorn|Ferrothorn, M|100/100
|-damage|p2a: Ferrothorn|95/100|[from] Stealth Rock
|move|p1a: Arctozolt|Blizzard|p2a: Ferrothorn
|-damage|p2a: Ferrothorn|71/100
|
|-weather|Hail|[upkeep]
|-damage|p2a: Ferrothorn|65/100|[from] Hail
|-heal|p2a: Ferrothorn|71/100|[from] item: Leftovers
|upkeep
|turn|19
|
|t:|1630367871
|move|p1a: Arctozolt|Low Kick|p2a: Ferrothorn
|-supereffective|p2a: Ferrothorn
|-damage|p2a: Ferrothorn|29/100
|-damage|p1a: Arctozolt|88/100|[from] ability: Iron Barbs|[of] p2a: Ferrothorn
|move|p2a: Ferrothorn|Iron Head|p1a: Arctozolt
|-crit|p1a: Arctozolt
|-damage|p1a: Arctozolt|44/100
|
|-weather|Hail|[upkeep]
|-damage|p2a: Ferrothorn|23/100|[from] Hail
|-heal|p2a: Ferrothorn|29/100|[from] item: Leftovers
|upkeep
|turn|20
|
|t:|1630367897
|move|p1a: Arctozolt|Low Kick|p2a: Ferrothorn
|-supereffective|p2a: Ferrothorn
|-damage|p2a: Ferrothorn|0 fnt
|-damage|p1a: Arctozolt|32/100|[from] ability: Iron Barbs|[of] p2a: Ferrothorn
|faint|p2a: Ferrothorn
|
|-weather|none
|upkeep
|inactive|Leglock has 120 seconds left.
|
|t:|1630367908
|switch|p2a: Barraskewda|Barraskewda, M|100/100
|-damage|p2a: Barraskewda|88/100|[from] Stealth Rock
|turn|21
|
|t:|1630367927
|switch|p1a: Kyurem|Kyurem|92/100
|-ability|p1a: Kyurem|Pressure
|move|p2a: Barraskewda|Flip Turn|p1a: Kyurem
|-resisted|p1a: Kyurem
|-crit|p1a: Kyurem
|-damage|p1a: Kyurem|61/100
|inactive|Leglock has 120 seconds left.
|j| nico seneise
|
|t:|1630367946
|switch|p2a: Tapu Lele|Tapu Lele|100/100|[from]move: Flip Turn
|-damage|p2a: Tapu Lele|88/100|[from] Stealth Rock
|-fieldstart|move: Psychic Terrain|[from] ability: Psychic Surge|[of] p2a: Tapu Lele
|
|upkeep
|turn|22
|inactive|Leglock has 120 seconds left.
|l| nico seneise
|
|t:|1630367956
|switch|p1a: Heatran|Heatran, M|39/100
|-damage|p1a: Heatran|27/100|[from] Stealth Rock
|move|p2a: Tapu Lele|Moonblast|p1a: Heatran
|-resisted|p1a: Heatran
|-damage|p1a: Heatran|17/100
|
|upkeep
|turn|23
|inactive|Leglock has 120 seconds left.
|
|t:|1630367971
|switch|p2a: Landorus|Landorus-Therian, M|63/100
|-damage|p2a: Landorus|51/100|[from] Stealth Rock
|-ability|p2a: Landorus|Intimidate|boost
|-unboost|p1a: Heatran|atk|1
|move|p1a: Heatran|Magma Storm|p2a: Landorus
|-damage|p2a: Landorus|13/100
|-activate|p2a: Landorus|move: Magma Storm|[of] p1a: Heatran
|
|-damage|p2a: Landorus|1/100|[from] move: Magma Storm|[partiallytrapped]
|upkeep
|turn|24
|inactive|Leglock has 120 seconds left.
|
|t:|1630367988
|switch|p1a: Landorus|Landorus-Therian, M|100/100 tox
|-damage|p1a: Landorus|88/100 tox|[from] Stealth Rock
|-ability|p1a: Landorus|Intimidate|boost
|-unboost|p2a: Landorus|atk|1
|move|p2a: Landorus|U-turn|p1a: Landorus
|-resisted|p1a: Landorus
|-damage|p1a: Landorus|81/100 tox
|inactive|Leglock has 120 seconds left.
|
|t:|1630368002
|switch|p2a: Regieleki|Regieleki|88/100|[from]move: U-turn
|
|-heal|p1a: Landorus|87/100 tox|[from] item: Leftovers
|-damage|p1a: Landorus|81/100 tox|[from] psn
|upkeep
|turn|25
|inactive|Leglock has 120 seconds left.
|
|t:|1630368011
|switch|p2a: Pelipper|Pelipper, M|94/100 tox
|-damage|p2a: Pelipper|69/100 tox|[from] Stealth Rock
|-weather|RainDance|[from] ability: Drizzle|[of] p2a: Pelipper
|move|p1a: Landorus|Earthquake|p2a: Pelipper
|-immune|p2a: Pelipper
|
|-weather|RainDance|[upkeep]
|-heal|p1a: Landorus|87/100 tox|[from] item: Leftovers
|-damage|p2a: Pelipper|63/100 tox|[from] psn
|-damage|p1a: Landorus|75/100 tox|[from] psn
|-fieldend|move: Psychic Terrain
|upkeep
|turn|26
|inactive|Leglock has 120 seconds left.
|
|t:|1630368033
|move|p2a: Pelipper|Weather Ball|p1a: Landorus
|-supereffective|p1a: Landorus
|-damage|p1a: Landorus|0 fnt
|faint|p1a: Landorus
|
|-weather|RainDance|[upkeep]
|-damage|p2a: Pelipper|51/100 tox|[from] psn
|upkeep
|
|t:|1630368052
|switch|p1a: Kyurem|Kyurem|61/100
|-ability|p1a: Kyurem|Pressure
|turn|27
|inactive|Leglock has 120 seconds left.
|
|t:|1630368059
|switch|p2a: Landorus|Landorus-Therian, M|1/100
|-damage|p2a: Landorus|0 fnt|[from] Stealth Rock
|faint|p2a: Landorus
|move|p1a: Kyurem|Roost|p1a: Kyurem
|-heal|p1a: Kyurem|100/100
|-singleturn|p1a: Kyurem|move: Roost
|
|-weather|RainDance|[upkeep]
|upkeep
|inactive|Leglock has 120 seconds left.
|
|t:|1630368067
|switch|p2a: Tapu Lele|Tapu Lele|88/100
|-damage|p2a: Tapu Lele|76/100|[from] Stealth Rock
|-fieldstart|move: Psychic Terrain|[from] ability: Psychic Surge|[of] p2a: Tapu Lele
|turn|28
|inactive|lebanesestinker has 120 seconds left.
|
|t:|1630368104
|switch|p1a: Heatran|Heatran, M|17/100
|-damage|p1a: Heatran|5/100|[from] Stealth Rock
|move|p2a: Tapu Lele|Moonblast|p1a: Heatran
|-resisted|p1a: Heatran
|-damage|p1a: Heatran|0 fnt
|faint|p1a: Heatran
|
|-weather|RainDance|[upkeep]
|upkeep
|
|t:|1630368109
|switch|p1a: Ninetales|Ninetales-Alola, F|96/100
|-damage|p1a: Ninetales|71/100|[from] Stealth Rock
|-weather|Hail|[from] ability: Snow Warning|[of] p1a: Ninetales
|turn|29
|inactive|lebanesestinker has 120 seconds left.
|
|t:|1630368118
|move|p2a: Tapu Lele|Moonblast|p1a: Ninetales
|-damage|p1a: Ninetales|15/100
|move|p1a: Ninetales|Freeze-Dry|p2a: Tapu Lele
|-damage|p2a: Tapu Lele|53/100
|
|-weather|Hail|[upkeep]
|-damage|p2a: Tapu Lele|47/100|[from] Hail
|upkeep
|turn|30
|
|t:|1630368127
|switch|p1a: Tapu Lele|Tapu Lele|100/100
|-damage|p1a: Tapu Lele|88/100|[from] Stealth Rock
|move|p2a: Tapu Lele|Moonblast|p1a: Tapu Lele
|-damage|p1a: Tapu Lele|30/100
|
|-weather|Hail|[upkeep]
|-damage|p2a: Tapu Lele|41/100|[from] Hail
|-damage|p1a: Tapu Lele|24/100|[from] Hail
|upkeep
|turn|31
|
|t:|1630368131
|move|p2a: Tapu Lele|Moonblast|p1a: Tapu Lele
|-damage|p1a: Tapu Lele|0 fnt
|faint|p1a: Tapu Lele
|
|-weather|Hail|[upkeep]
|-damage|p2a: Tapu Lele|35/100|[from] Hail
|upkeep
|
|t:|1630368139
|switch|p1a: Arctozolt|Arctozolt|32/100
|turn|32
|
|t:|1630368148
|switch|p2a: Pelipper|Pelipper, M|51/100 tox
|-damage|p2a: Pelipper|26/100 tox|[from] Stealth Rock
|-weather|RainDance|[from] ability: Drizzle|[of] p2a: Pelipper
|move|p1a: Arctozolt|Bolt Beak|p2a: Pelipper
|-supereffective|p2a: Pelipper
|-damage|p2a: Pelipper|0 fnt
|faint|p2a: Pelipper
|
|-weather|RainDance|[upkeep]
|-fieldend|move: Psychic Terrain
|upkeep
|
|t:|1630368157
|switch|p2a: Barraskewda|Barraskewda, M|88/100
|-damage|p2a: Barraskewda|76/100|[from] Stealth Rock
|turn|33
|
|t:|1630368169
|switch|p1a: Ninetales|Ninetales-Alola, F|15/100
|-damage|p1a: Ninetales|0 fnt|[from] Stealth Rock
|faint|p1a: Ninetales
|move|p2a: Barraskewda|Close Combat|p1: Ninetales|[notarget]
|-fail|p2a: Barraskewda
|
|-weather|RainDance|[upkeep]
|upkeep
|
|t:|1630368173
|switch|p1a: Kyurem|Kyurem|100/100
|-ability|p1a: Kyurem|Pressure
|turn|34
|
|t:|1630368181
|move|p2a: Barraskewda|Close Combat|p1a: Kyurem
|-supereffective|p1a: Kyurem
|-damage|p1a: Kyurem|0 fnt
|-unboost|p2a: Barraskewda|def|1
|-unboost|p2a: Barraskewda|spd|1
|faint|p1a: Kyurem
|
|-weather|RainDance|[upkeep]
|upkeep
|
|t:|1630368183
|switch|p1a: Arctozolt|Arctozolt|32/100
|turn|35
|
|t:|1630368190
|move|p2a: Barraskewda|Close Combat|p1a: Arctozolt
|-supereffective|p1a: Arctozolt
|-damage|p1a: Arctozolt|0 fnt
|-unboost|p2a: Barraskewda|def|1
|-unboost|p2a: Barraskewda|spd|1
|faint|p1a: Arctozolt
|
|win|Leglock
|raw|lebanesestinker's rating: 1643 &rarr; <strong>1623</strong><br />(-20 for losing)
|raw|Leglock's rating: 1635 &rarr; <strong>1655</strong><br />(+20 for winning)
|l|☆lebanesestinker
