|j|☆EST tay
|j|☆Alu9204
|t:|1655876923
|gametype|singles
|player|p1|EST tay|1|1443
|player|p2|Alu9204|burglar|1452
|teamsize|p1|6
|teamsize|p2|6
|gen|8
|tier|[Gen 8] OU
|rated|
|rule|Sleep Clause Mod: Limit one foe put to sleep
|rule|Species Clause: Limit one of each Pokémon
|rule|OHKO Clause: OHKO moves are banned
|rule|Evasion Moves Clause: Evasion moves are banned
|rule|Endless Battle Clause: Forcing endless battles is banned
|rule|HP Percentage Mod: HP is shown in percentages
|rule|Dynamax Clause: You cannot dynamax
|clearpoke
|poke|p1|Tapu Bulu|
|poke|p1|Dragonite, F|
|poke|p1|Melmetal|
|poke|p1|Swampert, F|
|poke|p1|Zeraora|
|poke|p1|Zapdos-Galar|
|poke|p2|Blacephalon|
|poke|p2|Ninetales-Alola, M|
|poke|p2|Tapu Fini|
|poke|p2|Heatran, M|
|poke|p2|Garchomp, F|
|poke|p2|Kartana|
|teampreview
|
|t:|1655876938
|start
|switch|p1a: Melmetal|Melmetal|100/100
|switch|p2a: Ninetales|Ninetales-Alola, M|100/100
|-weather|Hail|[from] ability: Snow Warning|[of] p2a: Ninetales
|turn|1
|inactive|Battle timer is ON: inactive players will automatically lose when time's up. (requested by Alu9204)
|inactive|EST tay has 120 seconds left.
|
|t:|1655876982
|move|p2a: Ninetales|Aurora Veil|p2a: Ninetales
|-sidestart|p2: Alu9204|move: Aurora Veil
|move|p1a: Melmetal|Double Iron Bash|p2a: Ninetales
|-supereffective|p2a: Ninetales
|-crit|p2a: Ninetales
|-damage|p2a: Ninetales|0 fnt
|faint|p2a: Ninetales
|-hitcount|p2: Ninetales|1
|
|-weather|Hail|[upkeep]
|-damage|p1a: Melmetal|94/100|[from] Hail
|upkeep
|
|t:|1655876988
|switch|p2a: Heatran|Heatran, M|100/100
|-item|p2a: Heatran|Air Balloon
|turn|2
|
|t:|1655876999
|switch|p1a: Dragonite|Dragonite, F|100/100
|move|p2a: Heatran|Will-O-Wisp|p1a: Dragonite
|-status|p1a: Dragonite|brn
|
|-weather|Hail|[upkeep]
|-damage|p2a: Heatran|94/100|[from] Hail
|-damage|p1a: Dragonite|94/100 brn|[from] Hail
|-damage|p1a: Dragonite|88/100 brn|[from] brn
|upkeep
|turn|3
|
|t:|1655877015
|move|p2a: Heatran|Stealth Rock|p1a: Dragonite
|-sidestart|p1: EST tay|move: Stealth Rock
|move|p1a: Dragonite|Defog|p2a: Heatran
|-unboost|p2a: Heatran|evasion|1
|-sideend|p2: Alu9204|move: Aurora Veil
|-sideend|p1: EST tay|Stealth Rock|[from] move: Defog|[of] p1a: Dragonite
|
|-weather|Hail|[upkeep]
|-damage|p2a: Heatran|88/100|[from] Hail
|-damage|p1a: Dragonite|82/100 brn|[from] Hail
|-damage|p1a: Dragonite|76/100 brn|[from] brn
|upkeep
|turn|4
|
|t:|1655877022
|move|p2a: Heatran|Magma Storm|p1a: Dragonite
|-resisted|p1a: Dragonite
|-damage|p1a: Dragonite|58/100 brn
|-activate|p1a: Dragonite|move: Magma Storm|[of] p2a: Heatran
|move|p1a: Dragonite|Ice Beam|p2a: Heatran
|-resisted|p2a: Heatran
|-damage|p2a: Heatran|84/100
|-enditem|p2a: Heatran|Air Balloon
|
|-weather|Hail|[upkeep]
|-damage|p2a: Heatran|78/100|[from] Hail
|-damage|p1a: Dragonite|52/100 brn|[from] Hail
|-damage|p1a: Dragonite|46/100 brn|[from] brn
|-damage|p1a: Dragonite|33/100 brn|[from] move: Magma Storm|[partiallytrapped]
|upkeep
|turn|5
|
|t:|1655877033
|move|p2a: Heatran|Stealth Rock|p1a: Dragonite
|-sidestart|p1: EST tay|move: Stealth Rock
|move|p1a: Dragonite|Roost|p1a: Dragonite
|-heal|p1a: Dragonite|83/100 brn
|-singleturn|p1a: Dragonite|move: Roost
|
|-weather|none
|-damage|p1a: Dragonite|77/100 brn|[from] brn
|-damage|p1a: Dragonite|64/100 brn|[from] move: Magma Storm|[partiallytrapped]
|upkeep
|turn|6
|
|t:|1655877041
|move|p2a: Heatran|Magma Storm|p1a: Dragonite
|-resisted|p1a: Dragonite
|-damage|p1a: Dragonite|46/100 brn
|move|p1a: Dragonite|Heal Bell|p1a: Dragonite
|-activate|p1a: Dragonite|move: Heal Bell
|-curestatus|p1a: Dragonite|brn|[msg]
|
|-damage|p1a: Dragonite|33/100|[from] move: Magma Storm|[partiallytrapped]
|upkeep
|turn|7
|
|t:|1655877055
|move|p2a: Heatran|Will-O-Wisp|p1a: Dragonite
|-status|p1a: Dragonite|brn
|move|p1a: Dragonite|Roost|p1a: Dragonite
|-heal|p1a: Dragonite|83/100 brn
|-singleturn|p1a: Dragonite|move: Roost
|
|-damage|p1a: Dragonite|77/100 brn|[from] brn
|-damage|p1a: Dragonite|65/100 brn|[from] move: Magma Storm|[partiallytrapped]
|upkeep
|turn|8
|
|t:|1655877070
|switch|p2a: Tapu Fini|Tapu Fini|100/100
|-fieldstart|move: Misty Terrain|[from] ability: Misty Surge|[of] p2a: Tapu Fini
|move|p1a: Dragonite|Roost|p1a: Dragonite
|-heal|p1a: Dragonite|100/100 brn
|-singleturn|p1a: Dragonite|move: Roost
|
|-damage|p1a: Dragonite|94/100 brn|[from] brn
|-end|p1a: Dragonite|Magma Storm|[partiallytrapped]|[silent]
|upkeep
|turn|9
|
|t:|1655877083
|switch|p1a: Tapu Bulu|Tapu Bulu|100/100
|-damage|p1a: Tapu Bulu|88/100|[from] Stealth Rock
|-fieldstart|move: Grassy Terrain|[from] ability: Grassy Surge|[of] p1a: Tapu Bulu
|move|p2a: Tapu Fini|Surf|p1a: Tapu Bulu
|-resisted|p1a: Tapu Bulu
|-damage|p1a: Tapu Bulu|68/100
|
|-heal|p1a: Tapu Bulu|74/100|[from] Grassy Terrain
|upkeep
|turn|10
|
|t:|1655877093
|switch|p2a: Heatran|Heatran, M|78/100
|move|p1a: Tapu Bulu|Close Combat|p2a: Heatran
|-supereffective|p2a: Heatran
|-damage|p2a: Heatran|0 fnt
|-unboost|p1a: Tapu Bulu|def|1
|-unboost|p1a: Tapu Bulu|spd|1
|faint|p2a: Heatran
|-damage|p1a: Tapu Bulu|64/100|[from] item: Life Orb
|
|-heal|p1a: Tapu Bulu|70/100|[from] Grassy Terrain
|upkeep
|c|☆EST tay|waboom
|
|t:|1655877100
|switch|p2a: Blacephalon|Blacephalon|100/100
|turn|11
|
|t:|1655877107
|switch|p1a: Melmetal|Melmetal|94/100
|-damage|p1a: Melmetal|88/100|[from] Stealth Rock
|move|p2a: Blacephalon|Substitute|p2a: Blacephalon
|-start|p2a: Blacephalon|Substitute
|-damage|p2a: Blacephalon|76/100
|
|-heal|p2a: Blacephalon|82/100|[from] Grassy Terrain
|-heal|p1a: Melmetal|94/100|[from] Grassy Terrain
|upkeep
|turn|12
|
|t:|1655877111
|move|p2a: Blacephalon|Flamethrower|p1a: Melmetal
|-supereffective|p1a: Melmetal
|-damage|p1a: Melmetal|48/100
|move|p1a: Melmetal|Double Iron Bash|p2a: Blacephalon
|-resisted|p2a: Blacephalon
|-end|p2a: Blacephalon|Substitute
|-resisted|p2a: Blacephalon
|-damage|p2a: Blacephalon|50/100
|-hitcount|p2a: Blacephalon|2
|
|-heal|p2a: Blacephalon|57/100|[from] Grassy Terrain
|-heal|p1a: Melmetal|54/100|[from] Grassy Terrain
|upkeep
|turn|13
|
|t:|1655877133
|move|p2a: Blacephalon|Flamethrower|p1a: Melmetal
|-supereffective|p1a: Melmetal
|-damage|p1a: Melmetal|12/100
|move|p1a: Melmetal|Double Iron Bash|p2a: Blacephalon
|-resisted|p2a: Blacephalon
|-damage|p2a: Blacephalon|20/100
|-resisted|p2a: Blacephalon
|-damage|p2a: Blacephalon|0 fnt
|faint|p2a: Blacephalon
|-hitcount|p2: Blacephalon|2
|
|-heal|p1a: Melmetal|18/100|[from] Grassy Terrain
|-fieldend|move: Grassy Terrain
|upkeep
|
|t:|1655877140
|switch|p2a: Garchomp|Garchomp, F|100/100
|turn|14
|
|t:|1655877148
|move|p2a: Garchomp|Swords Dance|p2a: Garchomp
|-boost|p2a: Garchomp|atk|2
|move|p1a: Melmetal|Ice Punch|p2a: Garchomp
|-supereffective|p2a: Garchomp
|-damage|p2a: Garchomp|0 fnt
|-damage|p1a: Melmetal|6/100|[from] ability: Rough Skin|[of] p2a: Garchomp
|faint|p2a: Garchomp
|
|upkeep
|
|t:|1655877153
|switch|p2a: Tapu Fini|Tapu Fini|100/100
|-fieldstart|move: Misty Terrain|[from] ability: Misty Surge|[of] p2a: Tapu Fini
|turn|15
|c|☆EST tay|taboo,m
|-message|Alu9204 forfeited.
|
|win|EST tay
|raw|EST tay's rating: 1443 &rarr; <strong>1464</strong><br />(+21 for winning)
|raw|Alu9204's rating: 1452 &rarr; <strong>1431</strong><br />(-21 for losing)
|l|☆Alu9204
|c|☆EST tay|gg
