|j|☆LatiGOD
|j|☆Steelix Fusion
|t:|1657156569
|gametype|singles
|player|p1|LatiGOD|grimsley|1609
|player|p2|Steelix Fusion|marshal|1672
|teamsize|p1|6
|teamsize|p2|6
|gen|8
|tier|[Gen 8] OU
|rated|
|rule|Sleep Clause Mod: Limit one foe put to sleep
|rule|Species Clause: Limit one of each Pokémon
|rule|OHKO Clause: OHKO moves are banned
|rule|Evasion Moves Clause: Evasion moves are banned
|rule|Endless Battle Clause: Forcing endless battles is banned
|rule|HP Percentage Mod: HP is shown in percentages
|rule|Dynamax Clause: You cannot dynamax
|clearpoke
|poke|p1|Landorus-Therian, M|
|poke|p1|Ferrothorn, F|
|poke|p1|Toxapex, F|
|poke|p1|Zapdos-Galar|
|poke|p1|Tapu Koko|
|poke|p1|Dragapult, M|
|poke|p2|Ninetales-Alola, F|
|poke|p2|Klefki, M|
|poke|p2|Volcarona, F|
|poke|p2|Scolipede, M|
|poke|p2|Gyarados, M|
|poke|p2|Garchomp, F|
|teampreview
|inactive|Battle timer is ON: inactive players will automatically lose when time's up. (requested by Steelix Fusion)
|
|t:|1657156591
|start
|switch|p1a: Landorus|Landorus-Therian, M|100/100
|switch|p2a: Ninetales|Ninetales-Alola, F|100/100
|-weather|Hail|[from] ability: Snow Warning|[of] p2a: Ninetales
|-ability|p1a: Landorus|Intimidate|boost
|-unboost|p2a: Ninetales|atk|1
|turn|1
|
|t:|1657156598
|move|p2a: Ninetales|Freeze-Dry|p1a: Landorus
|-supereffective|p1a: Landorus
|-damage|p1a: Landorus|36/100
|move|p1a: Landorus|Toxic|p2a: Ninetales|[miss]
|-miss|p1a: Landorus|p2a: Ninetales
|
|-weather|Hail|[upkeep]
|-damage|p1a: Landorus|30/100|[from] Hail
|-heal|p1a: Landorus|36/100|[from] item: Leftovers
|upkeep
|turn|2
|
|t:|1657156608
|switch|p1a: Ferrothorn|Ferrothorn, F|100/100
|move|p2a: Ninetales|Freeze-Dry|p1a: Ferrothorn
|-damage|p1a: Ferrothorn|84/100
|
|-weather|Hail|[upkeep]
|-damage|p1a: Ferrothorn|78/100|[from] Hail
|-heal|p1a: Ferrothorn|84/100|[from] item: Leftovers
|upkeep
|turn|3
|j| TGB Scorpeon
|
|t:|1657156616
|move|p2a: Ninetales|Aurora Veil|p2a: Ninetales
|-sidestart|p2: Steelix Fusion|move: Aurora Veil
|move|p1a: Ferrothorn|Stealth Rock|p2a: Ninetales
|-sidestart|p2: Steelix Fusion|move: Stealth Rock
|
|-weather|Hail|[upkeep]
|-damage|p1a: Ferrothorn|78/100|[from] Hail
|-heal|p1a: Ferrothorn|84/100|[from] item: Leftovers
|upkeep
|turn|4
|
|t:|1657156622
|move|p2a: Ninetales|Encore|p1a: Ferrothorn
|-start|p1a: Ferrothorn|Encore
|move|p1a: Ferrothorn|Stealth Rock||[still]
|-fail|p1a: Ferrothorn
|
|-weather|Hail|[upkeep]
|-damage|p1a: Ferrothorn|78/100|[from] Hail
|-heal|p1a: Ferrothorn|84/100|[from] item: Leftovers
|upkeep
|turn|5
|
|t:|1657156630
|switch|p1a: Toxapex|Toxapex, F|100/100
|move|p2a: Ninetales|Freeze-Dry|p1a: Toxapex
|-supereffective|p1a: Toxapex
|-damage|p1a: Toxapex|76/100
|
|-weather|none
|upkeep
|turn|6
|
|t:|1657156636
|move|p2a: Ninetales|Freeze-Dry|p1a: Toxapex
|-supereffective|p1a: Toxapex
|-damage|p1a: Toxapex|50/100
|move|p1a: Toxapex|Recover|p1a: Toxapex
|-heal|p1a: Toxapex|100/100
|
|upkeep
|turn|7
|
|t:|1657156642
|switch|p2a: Volcarona|Volcarona, F|100/100
|switch|p1a: Ferrothorn|Ferrothorn, F|84/100
|
|-heal|p1a: Ferrothorn|90/100|[from] item: Leftovers
|upkeep
|turn|8
|
|t:|1657156649
|switch|p1a: Toxapex|Toxapex, F|100/100
|move|p2a: Volcarona|Quiver Dance|p2a: Volcarona
|-boost|p2a: Volcarona|spa|1
|-boost|p2a: Volcarona|spd|1
|-boost|p2a: Volcarona|spe|1
|
|upkeep
|turn|9
|
|t:|1657156654
|move|p2a: Volcarona|Psychic|p1a: Toxapex
|-supereffective|p1a: Toxapex
|-damage|p1a: Toxapex|28/100
|move|p1a: Toxapex|Haze|p1a: Toxapex
|-clearallboost
|
|upkeep
|turn|10
|
|t:|1657156660
|move|p2a: Volcarona|Quiver Dance|p2a: Volcarona
|-boost|p2a: Volcarona|spa|1
|-boost|p2a: Volcarona|spd|1
|-boost|p2a: Volcarona|spe|1
|move|p1a: Toxapex|Recover|p1a: Toxapex
|-heal|p1a: Toxapex|78/100
|
|-sideend|p2: Steelix Fusion|move: Aurora Veil
|upkeep
|turn|11
|
|t:|1657156666
|move|p2a: Volcarona|Psychic|p1a: Toxapex
|-supereffective|p1a: Toxapex
|-damage|p1a: Toxapex|12/100
|move|p1a: Toxapex|Haze|p1a: Toxapex
|-clearallboost
|
|upkeep
|turn|12
|
|t:|1657156672
|move|p2a: Volcarona|Fiery Dance|p1a: Toxapex
|-resisted|p1a: Toxapex
|-damage|p1a: Toxapex|0 fnt
|faint|p1a: Toxapex
|
|upkeep
|
|t:|1657156674
|switch|p1a: Zapdos|Zapdos-Galar|100/100
|turn|13
|
|t:|1657156678
|switch|p2a: Klefki|Klefki, M, shiny|100/100
|-damage|p2a: Klefki|94/100|[from] Stealth Rock
|move|p1a: Zapdos|Brave Bird|p2a: Klefki
|-resisted|p2a: Klefki
|-damage|p2a: Klefki|46/100
|-damage|p1a: Zapdos|88/100|[from] Recoil
|
|upkeep
|turn|14
|
|t:|1657156686
|move|p2a: Klefki|Reflect|p2a: Klefki
|-sidestart|p2: Steelix Fusion|Reflect
|move|p1a: Zapdos|Brave Bird|p2a: Klefki
|-resisted|p2a: Klefki
|-damage|p2a: Klefki|21/100
|-damage|p1a: Zapdos|81/100|[from] Recoil
|
|upkeep
|turn|15
|
|t:|1657156693
|move|p2a: Klefki|Thunder Wave|p1a: Zapdos
|-status|p1a: Zapdos|par
|move|p1a: Zapdos|Brave Bird|p2a: Klefki
|-resisted|p2a: Klefki
|-damage|p2a: Klefki|0 fnt
|faint|p2a: Klefki
|-damage|p1a: Zapdos|76/100 par|[from] Recoil
|
|upkeep
|
|t:|1657156702
|switch|p2a: Garchomp|Garchomp, F|100/100
|-damage|p2a: Garchomp|94/100|[from] Stealth Rock
|turn|16
|
|t:|1657156706
|switch|p1a: Landorus|Landorus-Therian, M|36/100
|-ability|p1a: Landorus|Intimidate|boost
|-unboost|p2a: Garchomp|atk|1
|move|p2a: Garchomp|Swords Dance|p2a: Garchomp
|-boost|p2a: Garchomp|atk|2
|
|-heal|p1a: Landorus|42/100|[from] item: Leftovers
|upkeep
|turn|17
|
|t:|1657156714
|switch|p1a: Ferrothorn|Ferrothorn, F|90/100
|move|p2a: Garchomp|Scale Shot|p1a: Ferrothorn|[miss]
|-miss|p2a: Garchomp|p1a: Ferrothorn
|
|-heal|p1a: Ferrothorn|96/100|[from] item: Leftovers
|upkeep
|turn|18
|
|t:|1657156721
|move|p2a: Garchomp|Fire Fang|p1a: Ferrothorn
|-supereffective|p1a: Ferrothorn
|-damage|p1a: Ferrothorn|0 fnt
|-damage|p2a: Garchomp|82/100|[from] ability: Iron Barbs|[of] p1a: Ferrothorn
|faint|p1a: Ferrothorn
|-damage|p2a: Garchomp|72/100|[from] item: Life Orb
|
|upkeep
|
|t:|1657156723
|switch|p1a: Tapu Koko|Tapu Koko|100/100
|-fieldstart|move: Electric Terrain|[from] ability: Electric Surge|[of] p1a: Tapu Koko
|turn|19
|
|t:|1657156730
|move|p1a: Tapu Koko|Dazzling Gleam|p2a: Garchomp
|-supereffective|p2a: Garchomp
|-damage|p2a: Garchomp|1/100
|move|p2a: Garchomp|Earthquake|p1a: Tapu Koko
|-supereffective|p1a: Tapu Koko
|-damage|p1a: Tapu Koko|0 fnt
|faint|p1a: Tapu Koko
|-damage|p2a: Garchomp|0 fnt|[from] item: Life Orb
|faint|p2a: Garchomp
|
|upkeep
|
|t:|1657156739
|switch|p1a: Dragapult|Dragapult, M|100/100
|switch|p2a: Ninetales|Ninetales-Alola, F|100/100
|-damage|p2a: Ninetales|76/100|[from] Stealth Rock
|-weather|Hail|[from] ability: Snow Warning|[of] p2a: Ninetales
|turn|20
|
|t:|1657156745
|move|p1a: Dragapult|Shadow Ball|p2a: Ninetales
|-damage|p2a: Ninetales|14/100
|-unboost|p2a: Ninetales|spd|1
|move|p2a: Ninetales|Aurora Veil|p2a: Ninetales
|-sidestart|p2: Steelix Fusion|move: Aurora Veil
|
|-weather|Hail|[upkeep]
|-damage|p1a: Dragapult|95/100|[from] Hail
|upkeep
|turn|21
|
|t:|1657156752
|move|p1a: Dragapult|Shadow Ball|p2a: Ninetales
|-damage|p2a: Ninetales|0 fnt
|faint|p2a: Ninetales
|
|-weather|Hail|[upkeep]
|-damage|p1a: Dragapult|89/100|[from] Hail
|-sideend|p2: Steelix Fusion|Reflect
|upkeep
|
|t:|1657156759
|switch|p2a: Volcarona|Volcarona, F|100/100
|turn|22
|
|t:|1657156761
|move|p1a: Dragapult|Shadow Ball|p2a: Volcarona
|-damage|p2a: Volcarona|44/100
|move|p2a: Volcarona|Quiver Dance|p2a: Volcarona
|-boost|p2a: Volcarona|spa|1
|-boost|p2a: Volcarona|spd|1
|-boost|p2a: Volcarona|spe|1
|
|-weather|Hail|[upkeep]
|-damage|p1a: Dragapult|83/100|[from] Hail
|-damage|p2a: Volcarona|38/100|[from] Hail
|upkeep
|turn|23
|
|t:|1657156769
|move|p1a: Dragapult|Shadow Ball|p2a: Volcarona
|-damage|p2a: Volcarona|0 fnt
|faint|p2a: Volcarona
|
|-weather|Hail|[upkeep]
|-damage|p1a: Dragapult|77/100|[from] Hail
|-fieldend|move: Electric Terrain
|upkeep
|
|t:|1657156775
|switch|p2a: Gyarados|Gyarados, M, shiny|100/100
|-damage|p2a: Gyarados|76/100|[from] Stealth Rock
|turn|24
|
|t:|1657156779
|move|p1a: Dragapult|Shadow Ball|p2a: Gyarados
|-damage|p2a: Gyarados|22/100
|move|p2a: Gyarados|Bounce||[still]
|-prepare|p2a: Gyarados|Bounce
|
|-weather|none
|-heal|p2a: Gyarados|28/100|[from] item: Leftovers
|upkeep
|turn|25
|
|t:|1657156786
|switch|p1a: Zapdos|Zapdos-Galar|76/100 par
|move|p2a: Gyarados|Bounce|p1a: Zapdos|[from]lockedmove
|-supereffective|p1a: Zapdos
|-damage|p1a: Zapdos|0 fnt
|faint|p1a: Zapdos
|-ability|p2a: Gyarados|Moxie|boost
|-boost|p2a: Gyarados|atk|1
|
|-heal|p2a: Gyarados|34/100|[from] item: Leftovers
|upkeep
|
|t:|1657156788
|switch|p1a: Dragapult|Dragapult, M|77/100
|turn|26
|
|t:|1657156798
|move|p1a: Dragapult|Shadow Ball|p2a: Gyarados
|-damage|p2a: Gyarados|0 fnt
|faint|p2a: Gyarados
|
|upkeep
|l| TGB Scorpeon
|
|t:|1657156802
|switch|p2a: Scolipede|Scolipede, M|100/100
|-damage|p2a: Scolipede|76/100|[from] Stealth Rock
|turn|27
|
|t:|1657156807
|move|p1a: Dragapult|Shadow Ball|p2a: Scolipede
|-damage|p2a: Scolipede|0 fnt
|faint|p2a: Scolipede
|
|win|LatiGOD
|raw|LatiGOD's rating: 1609 &rarr; <strong>1633</strong><br />(+24 for winning)
|raw|Steelix Fusion's rating: 1672 &rarr; <strong>1648</strong><br />(-24 for losing)
