|j|☆Allelaja
|j|☆minimax_ai
|t:|1667819596
|gametype|singles
|player|p1|Allelaja|tuber|1613
|player|p2|minimax_ai|169|1614
|teamsize|p1|6
|teamsize|p2|6
|gen|8
|tier|[Gen 8] OU
|rated|
|rule|Sleep Clause Mod: Limit one foe put to sleep
|rule|Species Clause: Limit one of each Pokémon
|rule|OHKO Clause: OHKO moves are banned
|rule|Evasion Items Clause: Evasion items are banned
|rule|Evasion Moves Clause: Evasion moves are banned
|rule|Endless Battle Clause: Forcing endless battles is banned
|rule|HP Percentage Mod: HP is shown in percentages
|rule|Dynamax Clause: You cannot dynamax
|clearpoke
|poke|p1|Magnezone|
|poke|p1|Tapu Lele|
|poke|p1|Kartana|
|poke|p1|Zapdos|
|poke|p1|Landorus-Therian, M|
|poke|p1|Toxapex, F|
|poke|p2|Rotom-Wash|
|poke|p2|Weavile, M|
|poke|p2|Landorus-Therian, M|
|poke|p2|Heatran, M|
|poke|p2|Tangrowth, F|
|poke|p2|Melmetal|
|teampreview
|inactive|Battle timer is ON: inactive players will automatically lose when time's up. (requested by Allelaja)
|c|☆minimax_ai|hf
|inactive|minimax_ai also wants the timer to be on.
|
|t:|1667819602
|start
|switch|p1a: Bello Bello|Kartana|100/100
|switch|p2a: landorustherian|Landorus-Therian, M|100/100
|-ability|p2a: landorustherian|Intimidate|boost
|-unboost|p1a: Bello Bello|atk|1
|turn|1
|
|t:|1667819605
|switch|p2a: Tangrowth|Tangrowth, F|100/100
|move|p1a: Bello Bello|Leaf Blade|p2a: Tangrowth
|-resisted|p2a: Tangrowth
|-damage|p2a: Tangrowth|83/100
|-damage|p1a: Bello Bello|84/100|[from] item: Rocky Helmet|[of] p2a: Tangrowth
|
|upkeep
|turn|2
|
|t:|1667819608
|switch|p1a: Me want banana|Zapdos|100/100
|move|p2a: Tangrowth|Sleep Powder|p1a: Me want banana
|-status|p1a: Me want banana|slp|[from] move: Sleep Powder
|
|upkeep
|turn|3
|
|t:|1667819614
|switch|p1a: Poopaye|Tapu Lele|100/100
|-fieldstart|move: Psychic Terrain|[from] ability: Psychic Surge|[of] p1a: Poopaye
|switch|p2a: Heatran|Heatran, M|100/100
|-item|p2a: Heatran|Air Balloon
|
|upkeep
|turn|4
|
|t:|1667819619
|switch|p1a: Tatata bala tu|Toxapex, F|100/100
|switch|p2a: Melmetal|Melmetal|100/100
|
|upkeep
|turn|5
|j| cypherstest
|
|t:|1667819622
|switch|p2a: Heatran|Heatran, M|100/100
|-item|p2a: Heatran|Air Balloon
|move|p1a: Tatata bala tu|Knock Off|p2a: Heatran
|-damage|p2a: Heatran|84/100
|-enditem|p2a: Heatran|Air Balloon
|
|upkeep
|turn|6
|
|t:|1667819624
|move|p2a: Heatran|Stealth Rock|p1a: Tatata bala tu
|-sidestart|p1: Allelaja|move: Stealth Rock
|move|p1a: Tatata bala tu|Scald|p2a: Heatran
|-supereffective|p2a: Heatran
|-damage|p2a: Heatran|52/100
|
|upkeep
|turn|7
|
|t:|1667819628
|switch|p2a: rotomwash|Rotom-Wash|100/100
|switch|p1a: Kampai|Landorus-Therian, M|100/100
|-damage|p1a: Kampai|88/100|[from] Stealth Rock
|-ability|p1a: Kampai|Intimidate|boost
|-unboost|p2a: rotomwash|atk|1
|
|-heal|p1a: Kampai|94/100|[from] item: Leftovers
|-fieldend|move: Psychic Terrain
|upkeep
|turn|8
|
|t:|1667819630
|move|p2a: rotomwash|Hydro Pump|p1a: Kampai
|-supereffective|p1a: Kampai
|-damage|p1a: Kampai|28/100
|move|p1a: Kampai|Toxic|p2a: rotomwash
|-status|p2a: rotomwash|tox
|
|-heal|p1a: Kampai|34/100|[from] item: Leftovers
|-damage|p2a: rotomwash|94/100 tox|[from] psn
|upkeep
|turn|9
|
|t:|1667819635
|switch|p1a: Tatata bala tu|Toxapex, F|100/100
|-damage|p1a: Tatata bala tu|88/100|[from] Stealth Rock
|move|p2a: rotomwash|Hydro Pump|p1a: Tatata bala tu
|-resisted|p1a: Tatata bala tu
|-crit|p1a: Tatata bala tu
|-damage|p1a: Tatata bala tu|64/100
|-enditem|p1a: Tatata bala tu|Eject Button
|
|t:|1667819639
|switch|p1a: Bello Bello|Kartana|84/100
|-damage|p1a: Bello Bello|78/100|[from] Stealth Rock
|
|-heal|p2a: rotomwash|100/100 tox|[from] item: Leftovers
|-damage|p2a: rotomwash|88/100 tox|[from] psn
|upkeep
|turn|10
|
|t:|1667819641
|switch|p2a: Tangrowth|Tangrowth, F|100/100
|move|p1a: Bello Bello|Knock Off|p2a: Tangrowth
|-damage|p2a: Tangrowth|64/100
|-damage|p1a: Bello Bello|61/100|[from] item: Rocky Helmet|[of] p2a: Tangrowth
|-enditem|p2a: Tangrowth|Rocky Helmet|[from] move: Knock Off|[of] p1a: Bello Bello
|
|upkeep
|turn|11
|
|t:|1667819645
|switch|p1a: Tatata bala tu|Toxapex, F|97/100
|-damage|p1a: Tatata bala tu|85/100|[from] Stealth Rock
|move|p2a: Tangrowth|Giga Drain|p1a: Tatata bala tu
|-damage|p1a: Tatata bala tu|61/100
|-heal|p2a: Tangrowth|73/100|[from] drain|[of] p1a: Tatata bala tu
|
|upkeep
|turn|12
|
|t:|1667819649
|move|p2a: Tangrowth|Giga Drain|p1a: Tatata bala tu
|-damage|p1a: Tatata bala tu|37/100
|-heal|p2a: Tangrowth|82/100|[from] drain|[of] p1a: Tatata bala tu
|move|p1a: Tatata bala tu|Scald|p2a: Tangrowth
|-resisted|p2a: Tangrowth
|-damage|p2a: Tangrowth|71/100
|
|upkeep
|turn|13
|
|t:|1667819651
|switch|p2a: rotomwash|Rotom-Wash|88/100 tox
|move|p1a: Tatata bala tu|Recover|p1a: Tatata bala tu
|-heal|p1a: Tatata bala tu|88/100
|
|-heal|p2a: rotomwash|94/100 tox|[from] item: Leftovers
|-damage|p2a: rotomwash|88/100 tox|[from] psn
|upkeep
|turn|14
|
|t:|1667819654
|move|p2a: rotomwash|Thunderbolt|p1a: Tatata bala tu
|-supereffective|p1a: Tatata bala tu
|-damage|p1a: Tatata bala tu|24/100
|move|p1a: Tatata bala tu|Recover|p1a: Tatata bala tu
|-heal|p1a: Tatata bala tu|74/100
|
|-heal|p2a: rotomwash|94/100 tox|[from] item: Leftovers
|-damage|p2a: rotomwash|82/100 tox|[from] psn
|upkeep
|turn|15
|
|t:|1667819657
|switch|p1a: Kampai|Landorus-Therian, M|34/100
|-damage|p1a: Kampai|22/100|[from] Stealth Rock
|-ability|p1a: Kampai|Intimidate|boost
|-unboost|p2a: rotomwash|atk|1
|move|p2a: rotomwash|Thunderbolt|p1a: Kampai
|-immune|p1a: Kampai
|
|-heal|p2a: rotomwash|88/100 tox|[from] item: Leftovers
|-heal|p1a: Kampai|28/100|[from] item: Leftovers
|-damage|p2a: rotomwash|69/100 tox|[from] psn
|upkeep
|turn|16
|
|t:|1667819663
|switch|p1a: Tatata bala tu|Toxapex, F|100/100
|-damage|p1a: Tatata bala tu|88/100|[from] Stealth Rock
|move|p2a: rotomwash|Hydro Pump|p1a: Tatata bala tu
|-resisted|p1a: Tatata bala tu
|-damage|p1a: Tatata bala tu|69/100
|
|-heal|p2a: rotomwash|75/100 tox|[from] item: Leftovers
|-damage|p2a: rotomwash|50/100 tox|[from] psn
|upkeep
|turn|17
|
|t:|1667819669
|switch|p2a: Melmetal|Melmetal|100/100
|move|p1a: Tatata bala tu|Recover|p1a: Tatata bala tu
|-heal|p1a: Tatata bala tu|100/100
|
|upkeep
|turn|18
|
|t:|1667819672
|move|p2a: Melmetal|Earthquake|p1a: Tatata bala tu
|-supereffective|p1a: Tatata bala tu
|-damage|p1a: Tatata bala tu|57/100
|move|p1a: Tatata bala tu|Knock Off|p2a: Melmetal
|-damage|p2a: Melmetal|92/100
|-enditem|p2a: Melmetal|Assault Vest|[from] move: Knock Off|[of] p1a: Tatata bala tu
|
|upkeep
|turn|19
|
|t:|1667819675
|move|p2a: Melmetal|Earthquake|p1a: Tatata bala tu
|-supereffective|p1a: Tatata bala tu
|-damage|p1a: Tatata bala tu|11/100
|move|p1a: Tatata bala tu|Recover|p1a: Tatata bala tu
|-heal|p1a: Tatata bala tu|62/100
|
|upkeep
|turn|20
|
|t:|1667819677
|move|p2a: Melmetal|Earthquake|p1a: Tatata bala tu
|-supereffective|p1a: Tatata bala tu
|-damage|p1a: Tatata bala tu|13/100
|move|p1a: Tatata bala tu|Recover|p1a: Tatata bala tu
|-heal|p1a: Tatata bala tu|63/100
|
|upkeep
|turn|21
|
|t:|1667819679
|switch|p1a: Kampai|Landorus-Therian, M|28/100
|-damage|p1a: Kampai|16/100|[from] Stealth Rock
|-ability|p1a: Kampai|Intimidate|boost
|-unboost|p2a: Melmetal|atk|1
|move|p2a: Melmetal|Earthquake|p1a: Kampai
|-immune|p1a: Kampai
|
|-heal|p1a: Kampai|22/100|[from] item: Leftovers
|upkeep
|turn|22
|
|t:|1667819687
|move|p1a: Kampai|Earthquake|p2a: Melmetal
|-supereffective|p2a: Melmetal
|-damage|p2a: Melmetal|38/100
|move|p2a: Melmetal|Ice Punch|p1a: Kampai
|-supereffective|p1a: Kampai
|-damage|p1a: Kampai|0 fnt
|faint|p1a: Kampai
|
|upkeep
|
|t:|1667819691
|switch|p1a: Tank yu|Magnezone|100/100
|-damage|p1a: Tank yu|94/100|[from] Stealth Rock
|turn|23
|
|t:|1667819693
|move|p1a: Tank yu|Iron Defense|p1a: Tank yu
|-boost|p1a: Tank yu|def|2
|move|p2a: Melmetal|Earthquake|p1a: Tank yu
|-supereffective|p1a: Tank yu
|-damage|p1a: Tank yu|47/100
|
|-heal|p1a: Tank yu|54/100|[from] item: Leftovers
|upkeep
|turn|24
|
|t:|1667819695
|move|p1a: Tank yu|Body Press|p2a: Melmetal
|-supereffective|p2a: Melmetal
|-damage|p2a: Melmetal|0 fnt
|faint|p2a: Melmetal
|
|-heal|p1a: Tank yu|60/100|[from] item: Leftovers
|upkeep
|
|t:|1667819695
|switch|p2a: Heatran|Heatran, M|52/100
|turn|25
|
|t:|1667819701
|move|p2a: Heatran|Magma Storm|p1a: Tank yu
|-supereffective|p1a: Tank yu
|-damage|p1a: Tank yu|0 fnt
|faint|p1a: Tank yu
|
|upkeep
|
|t:|1667819704
|switch|p1a: Bello Bello|Kartana|61/100
|-damage|p1a: Bello Bello|55/100|[from] Stealth Rock
|turn|26
|
|t:|1667819706
|switch|p2a: Tangrowth|Tangrowth, F|100/100
|move|p1a: Bello Bello|Sacred Sword|p2a: Tangrowth
|-damage|p2a: Tangrowth|66/100
|
|upkeep
|turn|27
|
|t:|1667819708
|switch|p1a: Tatata bala tu|Toxapex, F|96/100
|-damage|p1a: Tatata bala tu|84/100|[from] Stealth Rock
|move|p2a: Tangrowth|Giga Drain|p1a: Tatata bala tu
|-damage|p1a: Tatata bala tu|60/100
|-heal|p2a: Tangrowth|75/100|[from] drain|[of] p1a: Tatata bala tu
|
|upkeep
|turn|28
|
|t:|1667819712
|move|p2a: Tangrowth|Giga Drain|p1a: Tatata bala tu
|-damage|p1a: Tatata bala tu|37/100
|-heal|p2a: Tangrowth|84/100|[from] drain|[of] p1a: Tatata bala tu
|move|p1a: Tatata bala tu|Knock Off|p2a: Tangrowth
|-damage|p2a: Tangrowth|79/100
|
|upkeep
|turn|29
|
|t:|1667819714
|switch|p1a: Me want banana|Zapdos|100/100 slp
|move|p2a: Tangrowth|Giga Drain|p1a: Me want banana
|-resisted|p1a: Me want banana
|-damage|p1a: Me want banana|87/100 slp
|-heal|p2a: Tangrowth|86/100|[from] drain|[of] p1a: Me want banana
|
|upkeep
|turn|30
|
|t:|1667819717
|switch|p2a: landorustherian|Landorus-Therian, M|100/100
|-ability|p2a: landorustherian|Intimidate|boost
|-unboost|p1a: Me want banana|atk|1
|cant|p1a: Me want banana|slp
|
|upkeep
|turn|31
|
|t:|1667819721
|cant|p1a: Me want banana|slp
|move|p2a: landorustherian|U-turn|p1a: Me want banana
|-resisted|p1a: Me want banana
|-damage|p1a: Me want banana|79/100 slp
|
|t:|1667819721
|switch|p2a: Weavile|Weavile, M|100/100|[from]move: U-turn
|-ability|p2a: Weavile|Pressure
|
|upkeep
|turn|32
|
|t:|1667819726
|switch|p1a: Tatata bala tu|Toxapex, F|70/100
|-damage|p1a: Tatata bala tu|58/100|[from] Stealth Rock
|move|p2a: Weavile|Triple Axel|p1a: Tatata bala tu|[miss]
|-miss|p2a: Weavile|p1a: Tatata bala tu
|
|upkeep
|turn|33
|
|t:|1667819729
|switch|p2a: landorustherian|Landorus-Therian, M|100/100
|-ability|p2a: landorustherian|Intimidate|boost
|-unboost|p1a: Tatata bala tu|atk|1
|move|p1a: Tatata bala tu|Scald|p2a: landorustherian
|-supereffective|p2a: landorustherian
|-damage|p2a: landorustherian|80/100
|
|-heal|p2a: landorustherian|86/100|[from] item: Leftovers
|upkeep
|turn|34
|
|t:|1667819731
|switch|p1a: Me want banana|Zapdos|79/100 slp
|move|p2a: landorustherian|U-turn|p1a: Me want banana
|-resisted|p1a: Me want banana
|-damage|p1a: Me want banana|71/100 slp
|
|t:|1667819731
|switch|p2a: Weavile|Weavile, M|100/100|[from]move: U-turn
|-ability|p2a: Weavile|Pressure
|
|upkeep
|turn|35
|
|t:|1667819733
|switch|p1a: Tatata bala tu|Toxapex, F|92/100
|-damage|p1a: Tatata bala tu|79/100|[from] Stealth Rock
|move|p2a: Weavile|Knock Off|p1a: Tatata bala tu
|-damage|p1a: Tatata bala tu|49/100
|
|upkeep
|turn|36
|
|t:|1667819736
|move|p2a: Weavile|Knock Off|p1a: Tatata bala tu
|-damage|p1a: Tatata bala tu|22/100
|move|p1a: Tatata bala tu|Recover|p1a: Tatata bala tu
|-heal|p1a: Tatata bala tu|72/100
|
|upkeep
|turn|37
|
|t:|1667819738
|switch|p2a: landorustherian|Landorus-Therian, M|86/100
|-ability|p2a: landorustherian|Intimidate|boost
|-unboost|p1a: Tatata bala tu|atk|1
|move|p1a: Tatata bala tu|Scald|p2a: landorustherian
|-supereffective|p2a: landorustherian
|-damage|p2a: landorustherian|61/100
|
|-heal|p2a: landorustherian|67/100|[from] item: Leftovers
|upkeep
|turn|38
|
|t:|1667819740
|switch|p1a: Me want banana|Zapdos|71/100 slp
|move|p2a: landorustherian|U-turn|p1a: Me want banana
|-resisted|p1a: Me want banana
|-damage|p1a: Me want banana|62/100 slp
|
|t:|1667819740
|switch|p2a: Weavile|Weavile, M|100/100|[from]move: U-turn
|-ability|p2a: Weavile|Pressure
|
|upkeep
|turn|39
|
|t:|1667819741
|switch|p1a: Tatata bala tu|Toxapex, F|100/100
|-damage|p1a: Tatata bala tu|88/100|[from] Stealth Rock
|move|p2a: Weavile|Knock Off|p1a: Tatata bala tu
|-damage|p1a: Tatata bala tu|60/100
|
|upkeep
|turn|40
|
|t:|1667819744
|move|p2a: Weavile|Knock Off|p1a: Tatata bala tu
|-damage|p1a: Tatata bala tu|29/100
|move|p1a: Tatata bala tu|Recover|p1a: Tatata bala tu
|-heal|p1a: Tatata bala tu|79/100
|
|upkeep
|turn|41
|
|t:|1667819745
|switch|p2a: landorustherian|Landorus-Therian, M|67/100
|-ability|p2a: landorustherian|Intimidate|boost
|-unboost|p1a: Tatata bala tu|atk|1
|move|p1a: Tatata bala tu|Scald|p2a: landorustherian
|-supereffective|p2a: landorustherian
|-damage|p2a: landorustherian|45/100
|
|-heal|p2a: landorustherian|51/100|[from] item: Leftovers
|upkeep
|turn|42
|
|t:|1667819747
|switch|p1a: Me want banana|Zapdos|62/100 slp
|move|p2a: landorustherian|Earthquake|p1a: Me want banana
|-immune|p1a: Me want banana
|
|-heal|p2a: landorustherian|57/100|[from] item: Leftovers
|upkeep
|turn|43
|
|t:|1667819749
|-curestatus|p1a: Me want banana|slp|[msg]
|move|p1a: Me want banana|Roost|p1a: Me want banana
|-heal|p1a: Me want banana|100/100
|-singleturn|p1a: Me want banana|move: Roost
|move|p2a: landorustherian|U-turn|p1a: Me want banana
|-damage|p1a: Me want banana|85/100
|
|t:|1667819750
|switch|p2a: Weavile|Weavile, M|100/100|[from]move: U-turn
|-ability|p2a: Weavile|Pressure
|
|upkeep
|turn|44
|
|t:|1667819753
|switch|p1a: Tatata bala tu|Toxapex, F|100/100
|-damage|p1a: Tatata bala tu|88/100|[from] Stealth Rock
|move|p2a: Weavile|Triple Axel|p1a: Tatata bala tu
|-resisted|p1a: Tatata bala tu
|-damage|p1a: Tatata bala tu|84/100
|-resisted|p1a: Tatata bala tu
|-damage|p1a: Tatata bala tu|75/100
|-resisted|p1a: Tatata bala tu
|-crit|p1a: Tatata bala tu
|-damage|p1a: Tatata bala tu|56/100
|-hitcount|p1a: Tatata bala tu|3
|
|upkeep
|turn|45
|
|t:|1667819755
|switch|p2a: Tangrowth|Tangrowth, F|100/100
|move|p1a: Tatata bala tu|Recover|p1a: Tatata bala tu
|-heal|p1a: Tatata bala tu|100/100
|
|upkeep
|turn|46
|
|t:|1667819757
|switch|p1a: Me want banana|Zapdos|85/100
|move|p2a: Tangrowth|Sleep Powder|p1a: Me want banana
|-status|p1a: Me want banana|slp|[from] move: Sleep Powder
|
|upkeep
|turn|47
|
|t:|1667819760
|switch|p2a: landorustherian|Landorus-Therian, M|57/100
|-ability|p2a: landorustherian|Intimidate|boost
|-unboost|p1a: Me want banana|atk|1
|cant|p1a: Me want banana|slp
|
|-heal|p2a: landorustherian|63/100|[from] item: Leftovers
|upkeep
|turn|48
|
|t:|1667819761
|switch|p1a: Tatata bala tu|Toxapex, F|100/100
|-damage|p1a: Tatata bala tu|88/100|[from] Stealth Rock
|move|p2a: landorustherian|U-turn|p1a: Tatata bala tu
|-resisted|p1a: Tatata bala tu
|-damage|p1a: Tatata bala tu|81/100
|
|t:|1667819761
|switch|p2a: rotomwash|Rotom-Wash|50/100 tox|[from]move: U-turn
|
|-heal|p2a: rotomwash|57/100 tox|[from] item: Leftovers
|-damage|p2a: rotomwash|50/100 tox|[from] psn
|upkeep
|turn|49
|
|t:|1667819774
|switch|p1a: Poopaye|Tapu Lele|100/100
|-damage|p1a: Poopaye|88/100|[from] Stealth Rock
|-fieldstart|move: Psychic Terrain|[from] ability: Psychic Surge|[of] p1a: Poopaye
|move|p2a: rotomwash|Thunderbolt|p1a: Poopaye
|-damage|p1a: Poopaye|50/100
|
|-heal|p2a: rotomwash|57/100 tox|[from] item: Leftovers
|-damage|p2a: rotomwash|44/100 tox|[from] psn
|upkeep
|turn|50
|
|t:|1667819777
|move|p1a: Poopaye|Psychic|p2a: rotomwash
|-damage|p2a: rotomwash|0 fnt
|faint|p2a: rotomwash
|
|upkeep
|
|t:|1667819777
|switch|p2a: Heatran|Heatran, M|52/100
|turn|51
|
|t:|1667819784
|switch|p1a: Bello Bello|Kartana|55/100
|-damage|p1a: Bello Bello|49/100|[from] Stealth Rock
|move|p2a: Heatran|Magma Storm|p1a: Bello Bello
|-supereffective|p1a: Bello Bello
|-damage|p1a: Bello Bello|0 fnt
|faint|p1a: Bello Bello
|
|upkeep
|
|t:|1667819789
|switch|p1a: Tatata bala tu|Toxapex, F|100/100
|-damage|p1a: Tatata bala tu|88/100|[from] Stealth Rock
|turn|52
|
|t:|1667819791
|move|p2a: Heatran|Magma Storm|p1a: Tatata bala tu
|-resisted|p1a: Tatata bala tu
|-damage|p1a: Tatata bala tu|66/100
|-activate|p1a: Tatata bala tu|move: Magma Storm|[of] p2a: Heatran
|move|p1a: Tatata bala tu|Scald|p2a: Heatran
|-supereffective|p2a: Heatran
|-damage|p2a: Heatran|22/100
|
|-damage|p1a: Tatata bala tu|53/100|[from] move: Magma Storm|[partiallytrapped]
|upkeep
|turn|53
|
|t:|1667819794
|move|p2a: Heatran|Magma Storm|p1a: Tatata bala tu
|-resisted|p1a: Tatata bala tu
|-damage|p1a: Tatata bala tu|31/100
|move|p1a: Tatata bala tu|Scald|p2a: Heatran
|-supereffective|p2a: Heatran
|-damage|p2a: Heatran|0 fnt
|faint|p2a: Heatran
|
|-end|p1a: Tatata bala tu|Magma Storm|[partiallytrapped]|[silent]
|-fieldend|move: Psychic Terrain
|upkeep
|
|t:|1667819794
|switch|p2a: Tangrowth|Tangrowth, F|100/100
|turn|54
|
|t:|1667819796
|switch|p1a: Me want banana|Zapdos|85/100 slp
|move|p2a: Tangrowth|Knock Off|p1a: Me want banana
|-damage|p1a: Me want banana|70/100 slp
|-enditem|p1a: Me want banana|Heavy-Duty Boots|[from] move: Knock Off|[of] p2a: Tangrowth
|
|upkeep
|turn|55
|
|t:|1667819799
|switch|p2a: Weavile|Weavile, M|100/100
|-ability|p2a: Weavile|Pressure
|-curestatus|p1a: Me want banana|slp|[msg]
|move|p1a: Me want banana|Defog|p2a: Weavile
|-unboost|p2a: Weavile|evasion|1
|-sideend|p1: Allelaja|Stealth Rock|[from] move: Defog|[of] p1a: Me want banana
|
|upkeep
|turn|56
|
|t:|1667819802
|switch|p1a: Tatata bala tu|Toxapex, F|64/100
|move|p2a: Weavile|Triple Axel|p1a: Tatata bala tu
|-resisted|p1a: Tatata bala tu
|-crit|p1a: Tatata bala tu
|-damage|p1a: Tatata bala tu|57/100
|-resisted|p1a: Tatata bala tu
|-damage|p1a: Tatata bala tu|47/100
|-resisted|p1a: Tatata bala tu
|-damage|p1a: Tatata bala tu|34/100
|-hitcount|p1a: Tatata bala tu|3
|
|upkeep
|turn|57
|
|t:|1667819804
|move|p2a: Weavile|Triple Axel|p1a: Tatata bala tu
|-resisted|p1a: Tatata bala tu
|-damage|p1a: Tatata bala tu|30/100
|-resisted|p1a: Tatata bala tu
|-damage|p1a: Tatata bala tu|21/100
|-resisted|p1a: Tatata bala tu
|-damage|p1a: Tatata bala tu|7/100
|-hitcount|p1a: Tatata bala tu|3
|move|p1a: Tatata bala tu|Recover|p1a: Tatata bala tu
|-heal|p1a: Tatata bala tu|57/100
|
|upkeep
|turn|58
|
|t:|1667819807
|move|p2a: Weavile|Triple Axel|p1a: Tatata bala tu
|-resisted|p1a: Tatata bala tu
|-damage|p1a: Tatata bala tu|52/100
|-resisted|p1a: Tatata bala tu
|-damage|p1a: Tatata bala tu|43/100
|-resisted|p1a: Tatata bala tu
|-damage|p1a: Tatata bala tu|30/100
|-hitcount|p1a: Tatata bala tu|3
|move|p1a: Tatata bala tu|Recover|p1a: Tatata bala tu
|-heal|p1a: Tatata bala tu|80/100
|
|upkeep
|turn|59
|
|t:|1667819809
|move|p2a: Weavile|Triple Axel|p1a: Tatata bala tu
|-resisted|p1a: Tatata bala tu
|-damage|p1a: Tatata bala tu|76/100
|-resisted|p1a: Tatata bala tu
|-damage|p1a: Tatata bala tu|67/100
|-resisted|p1a: Tatata bala tu
|-damage|p1a: Tatata bala tu|53/100
|-hitcount|p1a: Tatata bala tu|3
|move|p1a: Tatata bala tu|Scald|p2a: Weavile
|-damage|p2a: Weavile|80/100
|
|upkeep
|turn|60
|j| Ran Kob
|
|t:|1667819811
|move|p2a: Weavile|Triple Axel|p1a: Tatata bala tu
|-resisted|p1a: Tatata bala tu
|-damage|p1a: Tatata bala tu|48/100
|-resisted|p1a: Tatata bala tu
|-damage|p1a: Tatata bala tu|39/100
|-resisted|p1a: Tatata bala tu
|-damage|p1a: Tatata bala tu|26/100
|-hitcount|p1a: Tatata bala tu|3
|move|p1a: Tatata bala tu|Recover|p1a: Tatata bala tu
|-heal|p1a: Tatata bala tu|76/100
|
|upkeep
|turn|61
|
|t:|1667819812
|move|p2a: Weavile|Triple Axel|p1a: Tatata bala tu
|-resisted|p1a: Tatata bala tu
|-damage|p1a: Tatata bala tu|71/100
|-hitcount|p1a: Tatata bala tu|1
|move|p1a: Tatata bala tu|Scald|p2a: Weavile
|-damage|p2a: Weavile|59/100
|-status|p2a: Weavile|brn
|
|-damage|p2a: Weavile|52/100 brn|[from] brn
|upkeep
|turn|62
|
|t:|1667819815
|switch|p2a: landorustherian|Landorus-Therian, M|63/100
|-ability|p2a: landorustherian|Intimidate|boost
|-unboost|p1a: Tatata bala tu|atk|1
|move|p1a: Tatata bala tu|Knock Off|p2a: landorustherian
|-damage|p2a: landorustherian|54/100
|-enditem|p2a: landorustherian|Leftovers|[from] move: Knock Off|[of] p1a: Tatata bala tu
|
|upkeep
|turn|63
|
|t:|1667819816
|switch|p1a: Me want banana|Zapdos|70/100
|move|p2a: landorustherian|Earthquake|p1a: Me want banana
|-immune|p1a: Me want banana
|
|upkeep
|turn|64
|
|t:|1667819819
|move|p1a: Me want banana|Toxic|p2a: landorustherian
|-status|p2a: landorustherian|tox
|move|p2a: landorustherian|Earthquake|p1a: Me want banana
|-immune|p1a: Me want banana
|
|-damage|p2a: landorustherian|48/100 tox|[from] psn
|upkeep
|turn|65
|
|t:|1667819823
|move|p1a: Me want banana|Defog|p2a: landorustherian
|-unboost|p2a: landorustherian|evasion|1
|move|p2a: landorustherian|Earthquake|p1a: Me want banana
|-immune|p1a: Me want banana
|
|-damage|p2a: landorustherian|36/100 tox|[from] psn
|upkeep
|turn|66
|
|t:|1667819825
|move|p1a: Me want banana|Defog|p2a: landorustherian
|-unboost|p2a: landorustherian|evasion|1
|move|p2a: landorustherian|Earthquake|p1a: Me want banana
|-immune|p1a: Me want banana
|
|-damage|p2a: landorustherian|18/100 tox|[from] psn
|upkeep
|turn|67
|
|t:|1667819827
|move|p1a: Me want banana|Volt Switch|p2a: landorustherian
|-immune|p2a: landorustherian
|move|p2a: landorustherian|Earthquake|p1a: Me want banana
|-immune|p1a: Me want banana
|
|-damage|p2a: landorustherian|0 fnt|[from] psn
|faint|p2a: landorustherian
|upkeep
|
|t:|1667819827
|switch|p2a: Weavile|Weavile, M|52/100 brn
|-ability|p2a: Weavile|Pressure
|turn|68
|
|t:|1667819830
|switch|p1a: Tatata bala tu|Toxapex, F|100/100
|move|p2a: Weavile|Triple Axel|p1a: Tatata bala tu
|-resisted|p1a: Tatata bala tu
|-damage|p1a: Tatata bala tu|99/100
|-resisted|p1a: Tatata bala tu
|-damage|p1a: Tatata bala tu|94/100
|-resisted|p1a: Tatata bala tu
|-damage|p1a: Tatata bala tu|87/100
|-hitcount|p1a: Tatata bala tu|3
|
|-damage|p2a: Weavile|46/100 brn|[from] brn
|upkeep
|turn|69
|
|t:|1667819831
|switch|p2a: Tangrowth|Tangrowth, F|100/100
|move|p1a: Tatata bala tu|Scald|p2a: Tangrowth
|-resisted|p2a: Tangrowth
|-damage|p2a: Tangrowth|90/100
|-status|p2a: Tangrowth|brn
|
|-damage|p2a: Tangrowth|84/100 brn|[from] brn
|upkeep
|turn|70
|
|t:|1667819834
|move|p2a: Tangrowth|Sleep Powder|p1a: Tatata bala tu
|-status|p1a: Tatata bala tu|slp|[from] move: Sleep Powder
|cant|p1a: Tatata bala tu|slp
|
|-damage|p2a: Tangrowth|78/100 brn|[from] brn
|upkeep
|turn|71
|
|t:|1667819836
|switch|p1a: Me want banana|Zapdos|70/100
|move|p2a: Tangrowth|Giga Drain|p1a: Me want banana
|-resisted|p1a: Me want banana
|-damage|p1a: Me want banana|57/100
|-heal|p2a: Tangrowth|84/100 brn|[from] drain|[of] p1a: Me want banana
|
|-damage|p2a: Tangrowth|78/100 brn|[from] brn
|upkeep
|turn|72
|
|t:|1667819839
|switch|p2a: Weavile|Weavile, M|46/100 brn
|-ability|p2a: Weavile|Pressure
|move|p1a: Me want banana|Volt Switch|p2a: Weavile
|-damage|p2a: Weavile|5/100 brn
|
|t:|1667819841
|switch|p1a: Poopaye|Tapu Lele|50/100|[from]move: Volt Switch
|-fieldstart|move: Psychic Terrain|[from] ability: Psychic Surge|[of] p1a: Poopaye
|
|-damage|p2a: Weavile|0 fnt|[from] brn
|faint|p2a: Weavile
|upkeep
|
|t:|1667819841
|switch|p2a: Tangrowth|Tangrowth, F|100/100 brn
|turn|73
|
|t:|1667819843
|move|p1a: Poopaye|Psychic|p2a: Tangrowth
|-damage|p2a: Tangrowth|5/100 brn
|move|p2a: Tangrowth|Giga Drain|p1a: Poopaye
|-damage|p1a: Poopaye|19/100
|-heal|p2a: Tangrowth|15/100 brn|[from] drain|[of] p1a: Poopaye
|
|-damage|p2a: Tangrowth|9/100 brn|[from] brn
|upkeep
|turn|74
|
|t:|1667819847
|move|p1a: Poopaye|Psychic|p2a: Tangrowth
|-damage|p2a: Tangrowth|0 fnt
|faint|p2a: Tangrowth
|
|win|Allelaja
|raw|Allelaja's rating: 1613 &rarr; <strong>1633</strong><br />(+20 for winning)
|raw|minimax_ai's rating: 1614 &rarr; <strong>1594</strong><br />(-20 for losing)
|c|☆minimax_ai|gg
