|j|☆uuuuiiii
|j|‽vancouvercarpenter
|t:|1636913104
|gametype|singles
|player|p1|uuuuiiii|2|1708
|player|p2|vancouvercarpenter|skier|1868
|teamsize|p1|6
|teamsize|p2|6
|gen|8
|tier|[Gen 8] OU
|rated|
|rule|Sleep Clause Mod: Limit one foe put to sleep
|rule|Species Clause: Limit one of each Pokémon
|rule|OHKO Clause: OHKO moves are banned
|rule|Evasion Moves Clause: Evasion moves are banned
|rule|Endless Battle Clause: Forcing endless battles is banned
|rule|HP Percentage Mod: HP is shown in percentages
|rule|Dynamax Clause: You cannot dynamax
|clearpoke
|poke|p1|Kyurem|
|poke|p1|Toxapex, F|
|poke|p1|Landorus-Therian, M|
|poke|p1|Porygon2|
|poke|p1|Corviknight, M|
|poke|p1|Moltres|
|poke|p2|Rillaboom, F|
|poke|p2|Melmetal|
|poke|p2|Hatterene, F|
|poke|p2|Swampert, M|
|poke|p2|Zeraora|
|poke|p2|Magnezone|
|teampreview
|j| Vaincoeur
|
|t:|1636913175
|start
|switch|p1a: Landorus|Landorus-Therian, M|100/100
|switch|p2a: Melmetal|Melmetal|100/100
|-ability|p1a: Landorus|Intimidate|boost
|-unboost|p2a: Melmetal|atk|1
|turn|1
|
|t:|1636913180
|switch|p2a: Hatterene|Hatterene, F|100/100
|move|p1a: Landorus|U-turn|p2a: Hatterene
|-damage|p2a: Hatterene|83/100
|j| HP Pinorska
|
|t:|1636913189
|switch|p1a: Toxapex|Toxapex, F|100/100|[from]move: U-turn
|
|-heal|p2a: Hatterene|89/100|[from] item: Leftovers
|upkeep
|turn|2
|
|t:|1636913192
|move|p2a: Hatterene|Calm Mind|p2a: Hatterene
|-boost|p2a: Hatterene|spa|1
|-boost|p2a: Hatterene|spd|1
|move|p1a: Toxapex|Knock Off|p2a: Hatterene
|-damage|p2a: Hatterene|75/100
|-enditem|p2a: Hatterene|Leftovers|[from] move: Knock Off|[of] p1a: Toxapex
|
|upkeep
|turn|3
|
|t:|1636913198
|switch|p1a: Moltres|Moltres|100/100
|-ability|p1a: Moltres|Pressure
|move|p2a: Hatterene|Psyshock|p1a: Moltres
|-damage|p1a: Moltres|50/100
|
|upkeep
|turn|4
|
|t:|1636913203
|move|p1a: Moltres|Mystical Fire|p2a: Hatterene
|-damage|p2a: Hatterene|52/100
|-unboost|p2a: Hatterene|spa|1
|move|p2a: Hatterene|Psyshock|p1a: Moltres
|-damage|p1a: Moltres|15/100
|
|upkeep
|turn|5
|
|t:|1636913212
|switch|p2a: Swampert|Swampert, M|100/100
|move|p1a: Moltres|Roost|p1a: Moltres
|-heal|p1a: Moltres|65/100
|-singleturn|p1a: Moltres|move: Roost
|
|upkeep
|turn|6
|
|t:|1636913218
|move|p1a: Moltres|U-turn|p2a: Swampert
|-damage|p2a: Swampert|91/100
|
|t:|1636913220
|switch|p1a: Corviknight|Corviknight, M|100/100|[from]move: U-turn
|-ability|p1a: Corviknight|Pressure
|move|p2a: Swampert|Stealth Rock|p1a: Corviknight
|-sidestart|p1: uuuuiiii|move: Stealth Rock
|
|-heal|p2a: Swampert|97/100|[from] item: Leftovers
|upkeep
|turn|7
|
|t:|1636913223
|move|p1a: Corviknight|Defog|p2a: Swampert
|-unboost|p2a: Swampert|evasion|1
|-sideend|p1: uuuuiiii|Stealth Rock|[from] move: Defog|[of] p1a: Corviknight
|move|p2a: Swampert|Flip Turn|p1a: Corviknight
|-damage|p1a: Corviknight|87/100
|
|t:|1636913228
|switch|p2a: Magnezone|Magnezone|100/100|[from]move: Flip Turn
|
|-heal|p1a: Corviknight|93/100|[from] item: Leftovers
|upkeep
|turn|8
|
|t:|1636913230
|move|p2a: Magnezone|Thunderbolt|p1a: Corviknight
|-supereffective|p1a: Corviknight
|-damage|p1a: Corviknight|10/100
|move|p1a: Corviknight|U-turn|p2a: Magnezone
|-resisted|p2a: Magnezone
|-damage|p2a: Magnezone|94/100
|
|t:|1636913242
|switch|p1a: Kyurem|Kyurem|100/100|[from]move: U-turn
|-ability|p1a: Kyurem|Pressure
|
|-heal|p2a: Magnezone|99/100|[from] item: Leftovers
|upkeep
|turn|9
|j| TalonSFlames
|j| Idoejeie
|
|t:|1636913261
|switch|p2a: Rillaboom|Rillaboom, F|100/100
|-fieldstart|move: Grassy Terrain|[from] ability: Grassy Surge|[of] p2a: Rillaboom
|move|p1a: Kyurem|Focus Blast|p2a: Rillaboom|[miss]
|-miss|p1a: Kyurem|p2a: Rillaboom
|
|upkeep
|turn|10
|j| unimportant PS alt
|
|t:|1636913269
|move|p1a: Kyurem|Focus Blast|p2a: Rillaboom
|-damage|p2a: Rillaboom|13/100
|-unboost|p2a: Rillaboom|spd|1
|move|p2a: Rillaboom|Knock Off|p1a: Kyurem
|-damage|p1a: Kyurem|46/100
|-enditem|p1a: Kyurem|Choice Specs|[from] move: Knock Off|[of] p2a: Rillaboom
|
|-heal|p1a: Kyurem|52/100|[from] Grassy Terrain
|-heal|p2a: Rillaboom|20/100|[from] Grassy Terrain
|upkeep
|turn|11
|
|t:|1636913283
|move|p1a: Kyurem|Freeze-Dry|p2a: Rillaboom
|-supereffective|p2a: Rillaboom
|-damage|p2a: Rillaboom|0 fnt
|faint|p2a: Rillaboom
|
|-heal|p1a: Kyurem|58/100|[from] Grassy Terrain
|upkeep
|
|t:|1636913291
|switch|p2a: Zeraora|Zeraora|100/100
|turn|12
|
|t:|1636913298
|switch|p2a: Swampert|Swampert, M|97/100
|switch|p1a: Landorus|Landorus-Therian, M|100/100
|-ability|p1a: Landorus|Intimidate|boost
|-unboost|p2a: Swampert|atk|1
|
|-heal|p2a: Swampert|100/100|[from] Grassy Terrain
|upkeep
|turn|13
|
|t:|1636913301
|move|p1a: Landorus|Toxic|p2a: Swampert
|-status|p2a: Swampert|tox
|move|p2a: Swampert|Stealth Rock|p1a: Landorus
|-sidestart|p1: uuuuiiii|move: Stealth Rock
|
|-damage|p2a: Swampert|94/100 tox|[from] psn
|-fieldend|move: Grassy Terrain
|upkeep
|turn|14
|
|t:|1636913310
|move|p1a: Landorus|Earthquake|p2a: Swampert
|-damage|p2a: Swampert|62/100 tox
|move|p2a: Swampert|Flip Turn|p1a: Landorus
|-supereffective|p1a: Landorus
|-damage|p1a: Landorus|73/100
|
|t:|1636913318
|switch|p2a: Melmetal|Melmetal|100/100|[from]move: Flip Turn
|
|-heal|p1a: Landorus|79/100|[from] item: Leftovers
|upkeep
|turn|15
|
|t:|1636913322
|move|p1a: Landorus|U-turn|p2a: Melmetal
|-resisted|p2a: Melmetal
|-crit|p2a: Melmetal
|-damage|p2a: Melmetal|91/100
|
|t:|1636913325
|switch|p1a: Toxapex|Toxapex, F|100/100|[from]move: U-turn
|-damage|p1a: Toxapex|88/100|[from] Stealth Rock
|move|p2a: Melmetal|Ice Punch|p1a: Toxapex
|-resisted|p1a: Toxapex
|-damage|p1a: Toxapex|77/100
|-damage|p2a: Melmetal|75/100|[from] item: Rocky Helmet|[of] p1a: Toxapex
|
|upkeep
|turn|16
|
|t:|1636913338
|switch|p2a: Magnezone|Magnezone|99/100
|move|p1a: Toxapex|Knock Off|p2a: Magnezone
|-damage|p2a: Magnezone|86/100
|-enditem|p2a: Magnezone|Leftovers|[from] move: Knock Off|[of] p1a: Toxapex
|
|upkeep
|turn|17
|
|t:|1636913363
|switch|p1a: Porygon2|Porygon2|100/100
|-damage|p1a: Porygon2|88/100|[from] Stealth Rock
|-ability|p1a: Porygon2|Magnet Pull|[from] ability: Trace|[of] p2a: Magnezone
|move|p2a: Magnezone|Toxic|p1a: Porygon2
|-status|p1a: Porygon2|tox
|
|-damage|p1a: Porygon2|82/100 tox|[from] psn
|upkeep
|turn|18
|
|t:|1636913370
|switch|p1a: Landorus|Landorus-Therian, M|79/100
|-damage|p1a: Landorus|67/100|[from] Stealth Rock
|-ability|p1a: Landorus|Intimidate|boost
|-unboost|p2a: Magnezone|atk|1
|move|p2a: Magnezone|Iron Defense|p2a: Magnezone
|-boost|p2a: Magnezone|def|2
|
|-heal|p1a: Landorus|73/100|[from] item: Leftovers
|upkeep
|turn|19
|
|t:|1636913390
|move|p2a: Magnezone|Toxic|p1a: Landorus
|-status|p1a: Landorus|tox
|move|p1a: Landorus|Earthquake|p2a: Magnezone
|-supereffective|p2a: Magnezone
|-damage|p2a: Magnezone|8/100
|
|-heal|p1a: Landorus|79/100 tox|[from] item: Leftovers
|-damage|p1a: Landorus|73/100 tox|[from] psn
|upkeep
|turn|20
|
|t:|1636913395
|move|p2a: Magnezone|Body Press|p1a: Landorus
|-resisted|p1a: Landorus
|-damage|p1a: Landorus|55/100 tox
|move|p1a: Landorus|Earthquake|p2a: Magnezone
|-supereffective|p2a: Magnezone
|-damage|p2a: Magnezone|0 fnt
|faint|p2a: Magnezone
|
|-heal|p1a: Landorus|61/100 tox|[from] item: Leftovers
|-damage|p1a: Landorus|49/100 tox|[from] psn
|upkeep
|
|t:|1636913400
|switch|p2a: Swampert|Swampert, M|62/100 tox
|turn|21
|
|t:|1636913403
|move|p1a: Landorus|U-turn|p2a: Swampert
|-damage|p2a: Swampert|48/100 tox
|l|☆uuuuiiii
|player|p1|
|j| Bloody alfa
|inactive|Battle timer is ON: inactive players will automatically lose when time's up. (requested by vancouvercarpenter)
|j|☆uuuuiiii
|inactive|uuuuiiii reconnected and has 140 seconds left.
|player|p1|uuuuiiii|2
|
|t:|1636913480
|switch|p1a: Corviknight|Corviknight, M|10/100|[from]move: U-turn
|-damage|p1a: Corviknight|0 fnt|[from] Stealth Rock
|faint|p1a: Corviknight
|move|p2a: Swampert|Flip Turn|p1: Corviknight|[notarget]
|-fail|p2a: Swampert
|
|-heal|p2a: Swampert|54/100 tox|[from] item: Leftovers
|-damage|p2a: Swampert|48/100 tox|[from] psn
|upkeep
|l| Vaincoeur
|
|t:|1636913484
|switch|p1a: Kyurem|Kyurem|58/100
|-damage|p1a: Kyurem|33/100|[from] Stealth Rock
|-ability|p1a: Kyurem|Pressure
|turn|22
|j| Akr2938
|
|t:|1636913503
|switch|p2a: Melmetal|Melmetal|75/100
|move|p1a: Kyurem|Earth Power|p2a: Melmetal
|-supereffective|p2a: Melmetal
|-damage|p2a: Melmetal|28/100
|
|upkeep
|turn|23
|
|t:|1636913509
|move|p1a: Kyurem|Earth Power|p2a: Melmetal
|-supereffective|p2a: Melmetal
|-damage|p2a: Melmetal|0 fnt
|faint|p2a: Melmetal
|
|upkeep
|
|t:|1636913511
|switch|p2a: Zeraora|Zeraora|100/100
|turn|24
|
|t:|1636913519
|switch|p1a: Moltres|Moltres|65/100
|-ability|p1a: Moltres|Pressure
|move|p2a: Zeraora|Close Combat|p1a: Moltres
|-resisted|p1a: Moltres
|-damage|p1a: Moltres|39/100
|-unboost|p2a: Zeraora|def|1
|-unboost|p2a: Zeraora|spd|1
|-damage|p2a: Zeraora|91/100|[from] item: Life Orb
|
|upkeep
|turn|25
|
|t:|1636913526
|move|p2a: Zeraora|Plasma Fists|p1a: Moltres
|-supereffective|p1a: Moltres
|-crit|p1a: Moltres
|-damage|p1a: Moltres|0 fnt
|faint|p1a: Moltres
|-damage|p2a: Zeraora|81/100|[from] item: Life Orb
|
|upkeep
|
|t:|1636913530
|switch|p1a: Landorus|Landorus-Therian, M|49/100 tox
|-damage|p1a: Landorus|36/100 tox|[from] Stealth Rock
|-ability|p1a: Landorus|Intimidate|boost
|-unboost|p2a: Zeraora|atk|1
|turn|26
|
|t:|1636913535
|switch|p2a: Swampert|Swampert, M|48/100 tox
|move|p1a: Landorus|U-turn|p2a: Swampert
|-damage|p2a: Swampert|33/100 tox
|
|t:|1636913539
|switch|p1a: Kyurem|Kyurem|33/100|[from]move: U-turn
|-damage|p1a: Kyurem|8/100|[from] Stealth Rock
|-ability|p1a: Kyurem|Pressure
|
|-heal|p2a: Swampert|39/100 tox|[from] item: Leftovers
|-damage|p2a: Swampert|33/100 tox|[from] psn
|upkeep
|turn|27
|
|t:|1636913544
|move|p1a: Kyurem|Freeze-Dry|p2a: Swampert
|-supereffective|p2a: Swampert
|-damage|p2a: Swampert|0 fnt
|faint|p2a: Swampert
|
|upkeep
|
|t:|1636913545
|switch|p2a: Zeraora|Zeraora|81/100
|turn|28
|
|t:|1636913547
|move|p2a: Zeraora|Knock Off|p1a: Kyurem
|-damage|p1a: Kyurem|0 fnt
|faint|p1a: Kyurem
|-damage|p2a: Zeraora|71/100|[from] item: Life Orb
|
|upkeep
|
|t:|1636913551
|switch|p1a: Porygon2|Porygon2|82/100 tox
|-damage|p1a: Porygon2|70/100 tox|[from] Stealth Rock
|-ability|p1a: Porygon2|Volt Absorb|[from] ability: Trace|[of] p2a: Zeraora
|turn|29
|
|t:|1636913557
|switch|p2a: Hatterene|Hatterene, F|52/100
|move|p1a: Porygon2|Tri Attack|p2a: Hatterene
|-damage|p2a: Hatterene|19/100
|
|-damage|p1a: Porygon2|64/100 tox|[from] psn
|upkeep
|turn|30
|
|t:|1636913563
|move|p1a: Porygon2|Recover|p1a: Porygon2
|-heal|p1a: Porygon2|100/100 tox
|move|p2a: Hatterene|Mystical Fire|p1a: Porygon2
|-crit|p1a: Porygon2
|-damage|p1a: Porygon2|84/100 tox
|-unboost|p1a: Porygon2|spa|1
|
|-damage|p1a: Porygon2|72/100 tox|[from] psn
|upkeep
|turn|31
|
|t:|1636913568
|switch|p1a: Toxapex|Toxapex, F|100/100
|-damage|p1a: Toxapex|88/100|[from] Stealth Rock
|move|p2a: Hatterene|Psyshock|p1a: Toxapex
|-supereffective|p1a: Toxapex
|-damage|p1a: Toxapex|43/100
|
|upkeep
|turn|32
|
|t:|1636913573
|move|p2a: Hatterene|Psyshock|p1a: Toxapex
|-supereffective|p1a: Toxapex
|-damage|p1a: Toxapex|0 fnt
|faint|p1a: Toxapex
|
|upkeep
|
|t:|1636913576
|switch|p1a: Porygon2|Porygon2|72/100 tox
|-damage|p1a: Porygon2|59/100 tox|[from] Stealth Rock
|-ability|p1a: Porygon2|Magic Bounce|[from] ability: Trace|[of] p2a: Hatterene
|turn|33
|
|t:|1636913584
|move|p1a: Porygon2|Tri Attack|p2a: Hatterene
|-damage|p2a: Hatterene|0 fnt
|faint|p2a: Hatterene
|
|-damage|p1a: Porygon2|53/100 tox|[from] psn
|upkeep
|
|t:|1636913586
|switch|p2a: Zeraora|Zeraora|71/100
|turn|34
|
|t:|1636913598
|move|p2a: Zeraora|Knock Off|p1a: Porygon2
|-damage|p1a: Porygon2|25/100 tox
|-enditem|p1a: Porygon2|Eviolite|[from] move: Knock Off|[of] p2a: Zeraora
|-damage|p2a: Zeraora|61/100|[from] item: Life Orb
|move|p1a: Porygon2|Tri Attack|p2a: Zeraora
|-damage|p2a: Zeraora|21/100
|
|-damage|p1a: Porygon2|13/100 tox|[from] psn
|upkeep
|turn|35
|
|t:|1636913602
|move|p2a: Zeraora|Knock Off|p1a: Porygon2
|-damage|p1a: Porygon2|0 fnt
|faint|p1a: Porygon2
|-damage|p2a: Zeraora|11/100|[from] item: Life Orb
|
|upkeep
|
|t:|1636913604
|switch|p1a: Landorus|Landorus-Therian, M|36/100 tox
|-damage|p1a: Landorus|24/100 tox|[from] Stealth Rock
|-ability|p1a: Landorus|Intimidate|boost
|-unboost|p2a: Zeraora|atk|1
|turn|36
|
|t:|1636913608
|move|p2a: Zeraora|Knock Off|p1a: Landorus
|-damage|p1a: Landorus|0 fnt
|-enditem|p1a: Landorus|Leftovers|[from] move: Knock Off|[of] p2a: Zeraora
|faint|p1a: Landorus
|-damage|p2a: Zeraora|1/100|[from] item: Life Orb
|
|win|vancouvercarpenter
|raw|uuuuiiii's rating: 1708 &rarr; <strong>1697</strong><br />(-11 for losing)
|raw|vancouvercarpenter's rating: 1868 &rarr; <strong>1879</strong><br />(+11 for winning)
|l|☆uuuuiiii
|l| unimportant PS alt
||Ladder isn't responding, score probably updated but might not have (Request timeout).
