|html|<div class="broadcast-blue"><strong>[Gen 8] OU is currently suspecting Melmetal! For information on how to participate check out the <a href="https://www.smogon.com/forums/threads/np-ss-ou-suspect-process-round-12-monster-mash.3709234/">suspect thread</a>.</strong></div>
|j|☆i know im horrible
|j|☆minimax_ai
|t:|1666433381
|gametype|singles
|player|p1|i know im horrible|102|1408
|player|p2|minimax_ai|lusamine-nihilego|1474
|teamsize|p1|6
|teamsize|p2|6
|gen|8
|tier|[Gen 8] OU
|rated|
|rule|Sleep Clause Mod: Limit one foe put to sleep
|rule|Species Clause: Limit one of each Pokémon
|rule|OHKO Clause: OHKO moves are banned
|rule|Evasion Items Clause: Evasion items are banned
|rule|Evasion Moves Clause: Evasion moves are banned
|rule|Endless Battle Clause: Forcing endless battles is banned
|rule|HP Percentage Mod: HP is shown in percentages
|rule|Dynamax Clause: You cannot dynamax
|clearpoke
|poke|p1|Tapu Koko|
|poke|p1|Hawlucha, M|
|poke|p1|Zeraora|
|poke|p1|Regieleki|
|poke|p1|Dragonite, F|
|poke|p1|Klefki, M|
|poke|p2|Rotom-Wash|
|poke|p2|Weavile, F|
|poke|p2|Landorus-Therian, M|
|poke|p2|Heatran, M|
|poke|p2|Tangrowth, M|
|poke|p2|Melmetal|
|teampreview
|c|☆minimax_ai|hf
|inactive|Battle timer is ON: inactive players will automatically lose when time's up. (requested by minimax_ai)
|
|t:|1666433395
|start
|switch|p1a: Klefki|Klefki, M|100/100
|switch|p2a: Melmetal|Melmetal|100/100
|turn|1
|
|t:|1666433398
|move|p1a: Klefki|Reflect|p1a: Klefki
|-sidestart|p1: i know im horrible|Reflect
|move|p2a: Melmetal|Double Iron Bash|p1a: Klefki
|-damage|p1a: Klefki|83/100
|-damage|p1a: Klefki|67/100
|-hitcount|p1a: Klefki|2
|
|upkeep
|turn|2
|
|t:|1666433402
|move|p1a: Klefki|Thunder Wave|p2a: Melmetal
|-status|p2a: Melmetal|par
|move|p2a: Melmetal|Double Iron Bash|p1a: Klefki
|-damage|p1a: Klefki|51/100
|-damage|p1a: Klefki|34/100
|-hitcount|p1a: Klefki|2
|
|upkeep
|turn|3
|
|t:|1666433404
|move|p1a: Klefki|Spikes|p2a: Melmetal
|-sidestart|p2: minimax_ai|Spikes
|cant|p2a: Melmetal|par
|
|upkeep
|turn|4
|
|t:|1666433412
|switch|p1a: Zeraora|Zeraora|100/100
|move|p2a: Melmetal|Double Iron Bash|p1a: Zeraora
|-resisted|p1a: Zeraora
|-damage|p1a: Zeraora|85/100
|-resisted|p1a: Zeraora
|-damage|p1a: Zeraora|69/100
|-hitcount|p1a: Zeraora|2
|
|upkeep
|turn|5
|
|t:|1666433425
|switch|p1a: Klefki|Klefki, M|34/100
|switch|p2a: landorustherian|Landorus-Therian, M|100/100
|-ability|p2a: landorustherian|Intimidate|boost
|-unboost|p1a: Klefki|atk|1
|
|-sideend|p1: i know im horrible|Reflect
|upkeep
|turn|6
|
|t:|1666433428
|move|p1a: Klefki|Switcheroo|p2a: landorustherian
|-activate|p1a: Klefki|move: Trick|[of] p2a: landorustherian
|-item|p2a: landorustherian|Ring Target|[from] move: Switcheroo
|-item|p1a: Klefki|Leftovers|[from] move: Switcheroo
|move|p2a: landorustherian|Defog|p1a: Klefki
|-unboost|p1a: Klefki|evasion|1
|-sideend|p2: minimax_ai|Spikes|[from] move: Defog|[of] p2a: landorustherian
|
|-heal|p1a: Klefki|40/100|[from] item: Leftovers
|upkeep
|turn|7
|
|t:|1666433432
|switch|p2a: Melmetal|Melmetal|100/100 par
|move|p1a: Klefki|Reflect|p1a: Klefki
|-sidestart|p1: i know im horrible|Reflect
|
|-heal|p1a: Klefki|46/100|[from] item: Leftovers
|upkeep
|turn|8
|
|t:|1666433434
|move|p1a: Klefki|Spikes|p2a: Melmetal
|-sidestart|p2: minimax_ai|Spikes
|move|p2a: Melmetal|Double Iron Bash|p1a: Klefki
|-damage|p1a: Klefki|30/100
|-damage|p1a: Klefki|14/100
|-hitcount|p1a: Klefki|2
|
|-heal|p1a: Klefki|20/100|[from] item: Leftovers
|upkeep
|turn|9
|
|t:|1666433436
|move|p1a: Klefki|Spikes|p2a: Melmetal
|-sidestart|p2: minimax_ai|Spikes
|cant|p2a: Melmetal|par
|
|-heal|p1a: Klefki|26/100|[from] item: Leftovers
|upkeep
|turn|10
|
|t:|1666433439
|move|p1a: Klefki|Spikes|p2a: Melmetal
|-sidestart|p2: minimax_ai|Spikes
|move|p2a: Melmetal|Double Iron Bash|p1a: Klefki
|-damage|p1a: Klefki|9/100
|-damage|p1a: Klefki|0 fnt
|faint|p1a: Klefki
|-hitcount|p1: Klefki|2
|
|upkeep
|
|t:|1666433441
|switch|p1a: Tapu Koko|Tapu Koko|100/100
|-fieldstart|move: Electric Terrain|[from] ability: Electric Surge|[of] p1a: Tapu Koko
|turn|11
|
|t:|1666433445
|move|p1a: Tapu Koko|Volt Switch|p2a: Melmetal
|-damage|p2a: Melmetal|79/100 par
|
|t:|1666433449
|switch|p1a: Hawlucha|Hawlucha, M|100/100|[from]move: Volt Switch
|-enditem|p1a: Hawlucha|Electric Seed
|-boost|p1a: Hawlucha|def|1|[from] item: Electric Seed
|move|p2a: Melmetal|Double Iron Bash|p1a: Hawlucha
|-damage|p1a: Hawlucha|84/100
|-damage|p1a: Hawlucha|70/100
|-hitcount|p1a: Hawlucha|2
|
|-sideend|p1: i know im horrible|Reflect
|upkeep
|turn|12
|
|t:|1666433453
|move|p1a: Hawlucha|Swords Dance|p1a: Hawlucha
|-boost|p1a: Hawlucha|atk|2
|move|p2a: Melmetal|Double Iron Bash|p1a: Hawlucha
|-damage|p1a: Hawlucha|37/100
|-damage|p1a: Hawlucha|3/100
|-hitcount|p1a: Hawlucha|2
|
|upkeep
|turn|13
|
|t:|1666433455
|move|p1a: Hawlucha|Close Combat|p2a: Melmetal
|-supereffective|p2a: Melmetal
|-damage|p2a: Melmetal|0 fnt
|-unboost|p1a: Hawlucha|def|1
|-unboost|p1a: Hawlucha|spd|1
|faint|p2a: Melmetal
|
|upkeep
|
|t:|1666433455
|switch|p2a: landorustherian|Landorus-Therian, M|100/100
|-ability|p2a: landorustherian|Intimidate|boost
|-unboost|p1a: Hawlucha|atk|1
|turn|14
|
|t:|1666433459
|move|p1a: Hawlucha|Swords Dance|p1a: Hawlucha
|-boost|p1a: Hawlucha|atk|2
|move|p2a: landorustherian|U-turn|p1a: Hawlucha
|-resisted|p1a: Hawlucha
|-damage|p1a: Hawlucha|0 fnt
|faint|p1a: Hawlucha
|
|t:|1666433459
|switch|p2a: rotomwash|Rotom-Wash|100/100|[from]move: U-turn
|
|upkeep
|
|t:|1666433468
|switch|p1a: Zeraora|Zeraora|69/100
|turn|15
|
|t:|1666433471
|switch|p2a: landorustherian|Landorus-Therian, M|100/100
|-ability|p2a: landorustherian|Intimidate|boost
|-unboost|p1a: Zeraora|atk|1
|move|p1a: Zeraora|Plasma Fists|p2a: landorustherian
|-supereffective|p2a: landorustherian
|-damage|p2a: landorustherian|26/100
|-fieldactivate|move: Ion Deluge
|-hint|Normal-type moves become Electric-type after using Plasma Fists.
|
|-fieldend|move: Electric Terrain
|upkeep
|turn|16
|
|t:|1666433473
|move|p1a: Zeraora|Plasma Fists|p2a: landorustherian
|-supereffective|p2a: landorustherian
|-damage|p2a: landorustherian|0 fnt
|-fieldactivate|move: Ion Deluge
|-hint|Normal-type moves become Electric-type after using Plasma Fists.
|faint|p2a: landorustherian
|
|upkeep
|
|t:|1666433473
|switch|p2a: Heatran|Heatran, M|100/100
|-item|p2a: Heatran|Air Balloon
|turn|17
|
|t:|1666433478
|move|p1a: Zeraora|Close Combat|p2a: Heatran
|-supereffective|p2a: Heatran
|-damage|p2a: Heatran|53/100
|-unboost|p1a: Zeraora|def|1
|-unboost|p1a: Zeraora|spd|1
|-enditem|p2a: Heatran|Air Balloon
|move|p2a: Heatran|Magma Storm|p1a: Zeraora
|-crit|p1a: Zeraora
|-damage|p1a: Zeraora|0 fnt
|faint|p1a: Zeraora
|
|upkeep
|
|t:|1666433485
|switch|p1a: Tapu Koko|Tapu Koko|100/100
|-fieldstart|move: Electric Terrain|[from] ability: Electric Surge|[of] p1a: Tapu Koko
|turn|18
|
|t:|1666433487
|move|p1a: Tapu Koko|Volt Switch|p2a: Heatran
|-damage|p2a: Heatran|18/100
|
|t:|1666433489
|switch|p1a: Dragonite|Dragonite, F|100/100|[from]move: Volt Switch
|move|p2a: Heatran|Magma Storm|p1a: Dragonite
|-resisted|p1a: Dragonite
|-damage|p1a: Dragonite|93/100
|-activate|p1a: Dragonite|move: Magma Storm|[of] p2a: Heatran
|
|-damage|p1a: Dragonite|80/100|[from] move: Magma Storm|[partiallytrapped]
|upkeep
|turn|19
|
|t:|1666433494
|move|p2a: Heatran|Magma Storm|p1a: Dragonite
|-resisted|p1a: Dragonite
|-damage|p1a: Dragonite|63/100
|move|p1a: Dragonite|Dragon Dance|p1a: Dragonite
|-boost|p1a: Dragonite|atk|1
|-boost|p1a: Dragonite|spe|1
|
|-damage|p1a: Dragonite|51/100|[from] move: Magma Storm|[partiallytrapped]
|upkeep
|turn|20
|
|t:|1666433497
|switch|p2a: rotomwash|Rotom-Wash|100/100
|move|p1a: Dragonite|Ice Punch|p2a: rotomwash
|-resisted|p2a: rotomwash
|-damage|p2a: rotomwash|82/100
|
|-heal|p2a: rotomwash|89/100|[from] item: Leftovers
|-end|p1a: Dragonite|Magma Storm|[partiallytrapped]|[silent]
|upkeep
|turn|21
|
|t:|1666433502
|switch|p1a: Tapu Koko|Tapu Koko|100/100
|move|p2a: rotomwash|Thunderbolt|p1a: Tapu Koko
|-resisted|p1a: Tapu Koko
|-damage|p1a: Tapu Koko|76/100
|
|-heal|p2a: rotomwash|95/100|[from] item: Leftovers
|upkeep
|turn|22
|
|t:|1666433505
|move|p1a: Tapu Koko|Volt Switch|p2a: rotomwash
|-damage|p2a: rotomwash|52/100
|
|t:|1666433508
|switch|p1a: Dragonite|Dragonite, F|51/100|[from]move: Volt Switch
|move|p2a: rotomwash|Hydro Pump|p1a: Dragonite
|-resisted|p1a: Dragonite
|-damage|p1a: Dragonite|36/100
|
|-heal|p2a: rotomwash|59/100|[from] item: Leftovers
|-fieldend|move: Electric Terrain
|upkeep
|turn|23
|
|t:|1666433511
|move|p2a: rotomwash|Hydro Pump|p1a: Dragonite
|-resisted|p1a: Dragonite
|-damage|p1a: Dragonite|23/100
|move|p1a: Dragonite|Ice Punch|p2a: rotomwash
|-resisted|p2a: rotomwash
|-damage|p2a: rotomwash|48/100
|
|-heal|p2a: rotomwash|54/100|[from] item: Leftovers
|upkeep
|turn|24
|
|t:|1666433513
|move|p2a: rotomwash|Hydro Pump|p1a: Dragonite
|-resisted|p1a: Dragonite
|-damage|p1a: Dragonite|9/100
|move|p1a: Dragonite|Ice Punch|p2a: rotomwash
|-resisted|p2a: rotomwash
|-damage|p2a: rotomwash|41/100
|
|-heal|p2a: rotomwash|47/100|[from] item: Leftovers
|upkeep
|turn|25
|
|t:|1666433516
|move|p2a: rotomwash|Hydro Pump|p1a: Dragonite
|-resisted|p1a: Dragonite
|-damage|p1a: Dragonite|0 fnt
|faint|p1a: Dragonite
|
|-heal|p2a: rotomwash|53/100|[from] item: Leftovers
|upkeep
|
|t:|1666433519
|switch|p1a: Regieleki|Regieleki|100/100
|turn|26
|
|t:|1666433521
|switch|p2a: Heatran|Heatran, M|18/100
|-damage|p2a: Heatran|0 fnt|[from] Spikes
|faint|p2a: Heatran
|move|p1a: Regieleki|Thunderbolt|p2: Heatran|[notarget]
|-fail|p1a: Regieleki
|
|upkeep
|
|t:|1666433521
|switch|p2a: Weavile|Weavile, F|100/100
|-damage|p2a: Weavile|76/100|[from] Spikes
|-ability|p2a: Weavile|Pressure
|turn|27
|
|t:|1666433523
|move|p2a: Weavile|Ice Shard|p1a: Regieleki
|-damage|p1a: Regieleki|40/100
|move|p1a: Regieleki|Thunderbolt|p2a: Weavile
|-damage|p2a: Weavile|0 fnt
|faint|p2a: Weavile
|
|upkeep
|
|t:|1666433523
|switch|p2a: rotomwash|Rotom-Wash|53/100
|turn|28
|
|t:|1666433525
|move|p1a: Regieleki|Thunderbolt|p2a: rotomwash
|-damage|p2a: rotomwash|0 fnt
|faint|p2a: rotomwash
|
|upkeep
|
|t:|1666433525
|switch|p2a: Tangrowth|Tangrowth, M|100/100
|-damage|p2a: Tangrowth|75/100|[from] Spikes
|turn|29
|
|t:|1666433528
|switch|p1a: Tapu Koko|Tapu Koko|76/100
|-fieldstart|move: Electric Terrain|[from] ability: Electric Surge|[of] p1a: Tapu Koko
|move|p2a: Tangrowth|Giga Drain|p1a: Tapu Koko
|-damage|p1a: Tapu Koko|32/100
|-heal|p2a: Tangrowth|91/100|[from] drain|[of] p1a: Tapu Koko
|
|upkeep
|turn|30
|
|t:|1666433531
|move|p1a: Tapu Koko|Dazzling Gleam|p2a: Tangrowth
|-damage|p2a: Tangrowth|39/100
|move|p2a: Tangrowth|Giga Drain|p1a: Tapu Koko
|-damage|p1a: Tapu Koko|0 fnt
|-heal|p2a: Tangrowth|50/100|[from] drain|[of] p1a: Tapu Koko
|faint|p1a: Tapu Koko
|
|upkeep
|
|t:|1666433533
|switch|p1a: Regieleki|Regieleki|40/100
|turn|31
|
|t:|1666433534
|move|p1a: Regieleki|Rising Voltage|p2a: Tangrowth
|-hint|Rising Voltage's BP doubled on grounded target.
|-resisted|p2a: Tangrowth
|-damage|p2a: Tangrowth|0 fnt
|faint|p2a: Tangrowth
|
|win|i know im horrible
|raw|i know im horrible's rating: 1408 &rarr; <strong>1432</strong><br />(+24 for winning)
|raw|minimax_ai's rating: 1474 &rarr; <strong>1450</strong><br />(-24 for losing)
|c|☆minimax_ai|gg
|l|☆minimax_ai
