|j|☆minimax_ai
|j|☆iFives
|t:|1663484962
|gametype|singles
|player|p1|minimax_ai|lusamine-nihilego|1464
|player|p2|iFives|drayden|1409
|teamsize|p1|6
|teamsize|p2|6
|gen|8
|tier|[Gen 8] OU
|rated|
|rule|Sleep Clause Mod: Limit one foe put to sleep
|rule|Species Clause: Limit one of each Pokémon
|rule|OHKO Clause: OHKO moves are banned
|rule|Evasion Items Clause: Evasion items are banned
|rule|Evasion Moves Clause: Evasion moves are banned
|rule|Endless Battle Clause: Forcing endless battles is banned
|rule|HP Percentage Mod: HP is shown in percentages
|rule|Dynamax Clause: You cannot dynamax
|clearpoke
|poke|p1|Rotom-Wash|
|poke|p1|Weavile, M|
|poke|p1|Landorus-Therian, M|
|poke|p1|Heatran, M|
|poke|p1|Tangrowth, F|
|poke|p1|Melmetal|
|poke|p2|Tapu Lele|
|poke|p2|Tapu Fini|
|poke|p2|Garchomp, F|
|poke|p2|Melmetal|
|poke|p2|Weavile, M|
|poke|p2|Buzzwole|
|teampreview
|c|☆minimax_ai|hf
|inactive|Battle timer is ON: inactive players will automatically lose when time's up. (requested by minimax_ai)
|
|t:|1663484976
|start
|switch|p1a: landorustherian|Landorus-Therian, M|100/100
|switch|p2a: Bandit|Weavile, M|100/100
|-ability|p2a: Bandit|Pressure
|-ability|p1a: landorustherian|Intimidate|boost
|-unboost|p2a: Bandit|atk|1
|turn|1
|c|☆iFives|u2
|
|t:|1663484993
|switch|p1a: Tangrowth|Tangrowth, F|100/100
|move|p2a: Bandit|Triple Axel|p1a: Tangrowth|[miss]
|-miss|p2a: Bandit|p1a: Tangrowth
|
|upkeep
|turn|2
|
|t:|1663485006
|switch|p2a: Fate|Melmetal, shiny|100/100
|move|p1a: Tangrowth|Sleep Powder|p2a: Fate
|-status|p2a: Fate|slp|[from] move: Sleep Powder
|
|upkeep
|turn|3
|
|t:|1663485010
|switch|p2a: Dark Calamity|Tapu Fini, shiny|100/100
|-fieldstart|move: Misty Terrain|[from] ability: Misty Surge|[of] p2a: Dark Calamity
|move|p1a: Tangrowth|Giga Drain|p2a: Dark Calamity
|-supereffective|p2a: Dark Calamity
|-damage|p2a: Dark Calamity|47/100
|
|upkeep
|turn|4
|
|t:|1663485013
|move|p2a: Dark Calamity|Trick|p1a: Tangrowth
|-activate|p2a: Dark Calamity|move: Trick|[of] p1a: Tangrowth
|-item|p1a: Tangrowth|Choice Scarf|[from] move: Trick
|-item|p2a: Dark Calamity|Rocky Helmet|[from] move: Trick
|move|p1a: Tangrowth|Giga Drain|p2a: Dark Calamity
|-supereffective|p2a: Dark Calamity
|-damage|p2a: Dark Calamity|0 fnt
|faint|p2a: Dark Calamity
|
|upkeep
|
|t:|1663485021
|switch|p2a: Vilgax|Buzzwole, shiny|100/100
|turn|5
|
|t:|1663485030
|move|p2a: Vilgax|Dual Wingbeat|p1a: Tangrowth
|-supereffective|p1a: Tangrowth
|-damage|p1a: Tangrowth|78/100
|-supereffective|p1a: Tangrowth
|-damage|p1a: Tangrowth|56/100
|-hitcount|p1a: Tangrowth|2
|move|p1a: Tangrowth|Giga Drain|p2a: Vilgax
|-resisted|p2a: Vilgax
|-damage|p2a: Vilgax|79/100
|-heal|p1a: Tangrowth|66/100|[from] drain|[of] p2a: Vilgax
|
|upkeep
|turn|6
|
|t:|1663485035
|switch|p1a: Melmetal|Melmetal|100/100
|move|p2a: Vilgax|Dual Wingbeat|p1a: Melmetal
|-resisted|p1a: Melmetal
|-damage|p1a: Melmetal|95/100
|-resisted|p1a: Melmetal
|-damage|p1a: Melmetal|88/100
|-hitcount|p1a: Melmetal|2
|
|upkeep
|turn|7
|
|t:|1663485038
|switch|p2a: Fate|Melmetal, shiny|100/100 slp
|move|p1a: Melmetal|Earthquake|p2a: Fate
|-supereffective|p2a: Fate
|-damage|p2a: Fate|67/100 slp
|
|-fieldend|Misty Terrain
|upkeep
|turn|8
|
|t:|1663485041
|cant|p2a: Fate|slp
|move|p1a: Melmetal|Earthquake|p2a: Fate
|-supereffective|p2a: Fate
|-damage|p2a: Fate|30/100 slp
|
|upkeep
|turn|9
|
|t:|1663485046
|cant|p2a: Fate|slp
|move|p1a: Melmetal|Double Iron Bash|p2a: Fate
|-resisted|p2a: Fate
|-damage|p2a: Fate|20/100 slp
|-resisted|p2a: Fate
|-damage|p2a: Fate|11/100 slp
|-hitcount|p2a: Fate|2
|
|upkeep
|turn|10
|
|t:|1663485047
|-curestatus|p2a: Fate|slp|[msg]
|move|p2a: Fate|Earthquake|p1a: Melmetal
|-supereffective|p1a: Melmetal
|-damage|p1a: Melmetal|50/100
|move|p1a: Melmetal|Double Iron Bash|p2a: Fate
|-resisted|p2a: Fate
|-damage|p2a: Fate|2/100
|-resisted|p2a: Fate
|-damage|p2a: Fate|0 fnt
|faint|p2a: Fate
|-hitcount|p2: Fate|2
|
|upkeep
|
|t:|1663485051
|switch|p2a: Zangetsu|Garchomp, F, shiny|100/100
|turn|11
|
|t:|1663485067
|switch|p1a: landorustherian|Landorus-Therian, M|100/100
|-ability|p1a: landorustherian|Intimidate|boost
|-unboost|p2a: Zangetsu|atk|1
|move|p2a: Zangetsu|Draco Meteor|p1a: landorustherian|[miss]
|-miss|p2a: Zangetsu|p1a: landorustherian
|
|upkeep
|turn|12
|
|t:|1663485070
|move|p2a: Zangetsu|Draco Meteor|p1a: landorustherian
|-damage|p1a: landorustherian|50/100
|-unboost|p2a: Zangetsu|spa|2
|move|p1a: landorustherian|Toxic|p2a: Zangetsu
|-status|p2a: Zangetsu|tox
|
|-heal|p1a: landorustherian|56/100|[from] item: Leftovers
|-damage|p2a: Zangetsu|94/100 tox|[from] psn
|upkeep
|turn|13
|-message|iFives forfeited.
|
|win|minimax_ai
|raw|minimax_ai's rating: 1464 &rarr; <strong>1481</strong><br />(+17 for winning)
|raw|iFives's rating: 1409 &rarr; <strong>1392</strong><br />(-17 for losing)
|c|☆minimax_ai|gg
|l|☆iFives
