|html|<div class="broadcast-blue"><strong>[Gen 8] OU is currently suspecting Kyurem! For information on how to participate check out the <a href="https://www.smogon.com/forums/threads/np-ss-ou-suspect-process-round-11-break-the-ice.3694129/">suspect thread</a>.</strong></div>
|j|☆OUTH TournedosG
|j|☆IMSOMALD
|t:|1638739394
|gametype|singles
|player|p1|OUTH TournedosG|blue-gen1rbchampion|1597
|player|p2|IMSOMALD|n|1581
|teamsize|p1|6
|teamsize|p2|6
|gen|8
|tier|[Gen 8] OU
|rated|
|rule|Sleep Clause Mod: Limit one foe put to sleep
|rule|Species Clause: Limit one of each Pokémon
|rule|OHKO Clause: OHKO moves are banned
|rule|Evasion Moves Clause: Evasion moves are banned
|rule|Endless Battle Clause: Forcing endless battles is banned
|rule|HP Percentage Mod: HP is shown in percentages
|rule|Dynamax Clause: You cannot dynamax
|clearpoke
|poke|p1|Shedinja|
|poke|p1|Blissey, F|
|poke|p1|Skarmory, F|
|poke|p1|Dragonite, F|
|poke|p1|Toxapex, M|
|poke|p1|Quagsire, F|
|poke|p2|Weavile, M|
|poke|p2|Nihilego|
|poke|p2|Garchomp, M|
|poke|p2|Rotom-Wash|
|poke|p2|Clefable, F|
|poke|p2|Skarmory, M|
|teampreview
|j| Kyurem
|inactive|Battle timer is ON: inactive players will automatically lose when time's up. (requested by IMSOMALD)
|
|t:|1638739427
|start
|switch|p1a: Toxapex|Toxapex, M|100/100
|switch|p2a: Rotom|Rotom-Wash|100/100
|turn|1
|
|t:|1638739435
|move|p2a: Rotom|Trick|p1a: Toxapex
|-activate|p2a: Rotom|move: Trick|[of] p1a: Toxapex
|-item|p1a: Toxapex|Choice Scarf|[from] move: Trick
|-item|p2a: Rotom|Shed Shell|[from] move: Trick
|move|p1a: Toxapex|Toxic|p2a: Rotom
|-status|p2a: Rotom|tox
|
|-damage|p2a: Rotom|94/100 tox|[from] psn
|upkeep
|turn|2
|j| hamiltonion
|
|t:|1638739443
|move|p2a: Rotom|Volt Switch|p1a: Toxapex
|-supereffective|p1a: Toxapex
|-damage|p1a: Toxapex|51/100
|
|t:|1638739465
|switch|p2a: Skarmory|Skarmory, M|100/100|[from]move: Volt Switch
|move|p1a: Toxapex|Toxic|p2a: Skarmory
|-immune|p2a: Skarmory
|
|upkeep
|turn|3
|
|t:|1638739468
|switch|p1a: Skarmory|Skarmory, F|100/100
|move|p2a: Skarmory|Spikes|p1a: Skarmory
|-sidestart|p1: OUTH TournedosG|Spikes
|
|upkeep
|turn|4
|j| UnzipsCrogre
|l| UnzipsCrogre
|inactive|IMSOMALD has 120 seconds left.
|
|t:|1638739512
|switch|p2a: Rotom|Rotom-Wash|94/100 tox
|move|p1a: Skarmory|Spikes|p2a: Rotom
|-sidestart|p2: IMSOMALD|Spikes
|
|-damage|p2a: Rotom|88/100 tox|[from] psn
|upkeep
|turn|5
|
|t:|1638739536
|switch|p1a: Dragonite|Dragonite, F|100/100
|move|p2a: Rotom|Volt Switch|p1a: Dragonite
|-damage|p1a: Dragonite|86/100
|
|t:|1638739543
|switch|p2a: Weavile|Weavile, M|100/100|[from]move: Volt Switch
|-ability|p2a: Weavile|Pressure
|
|upkeep
|turn|6
|
|t:|1638739551
|switch|p1a: Skarmory|Skarmory, F|100/100
|move|p2a: Weavile|Triple Axel|p1a: Skarmory
|-damage|p1a: Skarmory|95/100
|-damage|p1a: Skarmory|81/100
|-damage|p1a: Skarmory|63/100
|-hitcount|p1a: Skarmory|3
|
|upkeep
|turn|7
|
|t:|1638739569
|switch|p2a: Clefable|Clefable, F|100/100
|move|p1a: Skarmory|Roost|p1a: Skarmory
|-heal|p1a: Skarmory|100/100
|-singleturn|p1a: Skarmory|move: Roost
|
|upkeep
|turn|8
|
|t:|1638739573
|switch|p1a: Toxapex|Toxapex, M|84/100
|-damage|p1a: Toxapex|72/100|[from] Spikes
|move|p2a: Clefable|Thunder Wave|p1a: Toxapex
|-status|p1a: Toxapex|par
|
|upkeep
|turn|9
|inactive|IMSOMALD has 120 seconds left.
|
|t:|1638739584
|move|p2a: Clefable|Moonblast|p1a: Toxapex
|-resisted|p1a: Toxapex
|-damage|p1a: Toxapex|60/100 par
|move|p1a: Toxapex|Knock Off|p2a: Clefable
|-resisted|p2a: Clefable
|-damage|p2a: Clefable|95/100
|-enditem|p2a: Clefable|Leftovers|[from] move: Knock Off|[of] p1a: Toxapex
|
|upkeep
|turn|10
|inactive|IMSOMALD has 120 seconds left.
|
|t:|1638739596
|switch|p2a: Garchomp|Garchomp, M|100/100
|-damage|p2a: Garchomp|88/100|[from] Spikes
|switch|p1a: Blissey|Blissey, F|100/100
|
|upkeep
|turn|11
|
|t:|1638739600
|move|p2a: Garchomp|Stealth Rock|p1a: Blissey
|-sidestart|p1: OUTH TournedosG|move: Stealth Rock
|move|p1a: Blissey|Toxic|p2a: Garchomp
|-status|p2a: Garchomp|tox
|-enditem|p2a: Garchomp|Lum Berry|[eat]
|-curestatus|p2a: Garchomp|tox|[msg]
|
|upkeep
|turn|12
|
|t:|1638739606
|move|p2a: Garchomp|Swords Dance|p2a: Garchomp
|-boost|p2a: Garchomp|atk|2
|move|p1a: Blissey|Toxic|p2a: Garchomp|[miss]
|-miss|p1a: Blissey|p2a: Garchomp
|
|upkeep
|turn|13
|
|t:|1638739610
|switch|p1a: Shedinja|Shedinja|100/100
|move|p2a: Garchomp|Earthquake|p1a: Shedinja
|-immune|p1a: Shedinja|[from] ability: Wonder Guard
|
|upkeep
|turn|14
|
|t:|1638739612
|switch|p1a: Quagsire|Quagsire, F|100/100
|-damage|p1a: Quagsire|94/100|[from] Stealth Rock
|-damage|p1a: Quagsire|82/100|[from] Spikes
|move|p2a: Garchomp|Stone Edge|p1a: Quagsire
|-resisted|p1a: Quagsire
|-damage|p1a: Quagsire|70/100
|
|-heal|p1a: Quagsire|76/100|[from] item: Leftovers
|upkeep
|turn|15
|inactive|IMSOMALD has 120 seconds left.
|
|t:|1638739643
|move|p2a: Garchomp|Earthquake|p1a: Quagsire
|-damage|p1a: Quagsire|39/100
|move|p1a: Quagsire|Recover|p1a: Quagsire
|-heal|p1a: Quagsire|89/100
|
|-heal|p1a: Quagsire|95/100|[from] item: Leftovers
|upkeep
|turn|16
|inactive|IMSOMALD has 120 seconds left.
|
|t:|1638739657
|switch|p2a: Clefable|Clefable, F|95/100
|move|p1a: Quagsire|Toxic|p2a: Clefable|[miss]
|-miss|p1a: Quagsire|p2a: Clefable
|
|-heal|p1a: Quagsire|100/100|[from] item: Leftovers
|upkeep
|turn|17
|
|t:|1638739666
|switch|p1a: Blissey|Blissey, F|100/100
|move|p2a: Clefable|Moonblast|p1a: Blissey
|-damage|p1a: Blissey|88/100
|
|upkeep
|turn|18
|
|t:|1638739681
|switch|p2a: Nihilego|Nihilego|100/100
|-damage|p2a: Nihilego|88/100|[from] Spikes
|switch|p1a: Toxapex|Toxapex, M|93/100 par
|-damage|p1a: Toxapex|81/100 par|[from] Stealth Rock
|-damage|p1a: Toxapex|68/100 par|[from] Spikes
|
|upkeep
|turn|19
|
|t:|1638739687
|switch|p1a: Blissey|Blissey, F|88/100
|move|p2a: Nihilego|Meteor Beam||[still]
|-prepare|p2a: Nihilego|Meteor Beam
|-boost|p2a: Nihilego|spa|1
|-enditem|p2a: Nihilego|Power Herb
|-anim|p2a: Nihilego|Meteor Beam|p1a: Blissey
|-damage|p1a: Blissey|54/100
|
|upkeep
|turn|20
|j| zxczxczxcvbn
|
|t:|1638739694
|move|p2a: Nihilego|Meteor Beam||[still]
|-prepare|p2a: Nihilego|Meteor Beam
|-boost|p2a: Nihilego|spa|1
|move|p1a: Blissey|Soft-Boiled|p1a: Blissey
|-heal|p1a: Blissey|100/100
|
|upkeep
|turn|21
|
|t:|1638739704
|move|p2a: Nihilego|Meteor Beam|p1a: Blissey|[from]lockedmove
|-damage|p1a: Blissey|60/100
|move|p1a: Blissey|Soft-Boiled|p1a: Blissey
|-heal|p1a: Blissey|100/100
|
|upkeep
|turn|22
|
|t:|1638739710
|move|p2a: Nihilego|Meteor Beam||[still]
|-prepare|p2a: Nihilego|Meteor Beam
|-boost|p2a: Nihilego|spa|1
|move|p1a: Blissey|Stealth Rock|p2a: Nihilego
|-sidestart|p2: IMSOMALD|move: Stealth Rock
|
|upkeep
|turn|23
|
|t:|1638739723
|move|p2a: Nihilego|Meteor Beam|p1a: Blissey|[from]lockedmove
|-damage|p1a: Blissey|45/100
|move|p1a: Blissey|Soft-Boiled|p1a: Blissey
|-heal|p1a: Blissey|95/100
|
|upkeep
|turn|24
|
|t:|1638739733
|switch|p1a: Shedinja|Shedinja|100/100
|move|p2a: Nihilego|Sludge Wave|p1a: Shedinja
|-immune|p1a: Shedinja|[from] ability: Wonder Guard
|
|upkeep
|turn|25
|
|t:|1638739740
|move|p2a: Nihilego|Meteor Beam||[still]
|-prepare|p2a: Nihilego|Meteor Beam
|-boost|p2a: Nihilego|spa|1
|move|p1a: Shedinja|Will-O-Wisp|p2a: Nihilego
|-status|p2a: Nihilego|brn
|
|-damage|p2a: Nihilego|82/100 brn|[from] brn
|upkeep
|turn|26
|
|t:|1638739743
|move|p1a: Shedinja|Protect|p1a: Shedinja
|-singleturn|p1a: Shedinja|Protect
|move|p2a: Nihilego|Meteor Beam|p1a: Shedinja|[from]lockedmove
|-activate|p1a: Shedinja|move: Protect
|
|-damage|p2a: Nihilego|76/100 brn|[from] brn
|upkeep
|turn|27
|
|t:|1638739753
|move|p2a: Nihilego|Sludge Wave|p1a: Shedinja
|-immune|p1a: Shedinja|[from] ability: Wonder Guard
|move|p1a: Shedinja|Will-O-Wisp|p2a: Nihilego
|-fail|p2a: Nihilego|brn
|
|-damage|p2a: Nihilego|70/100 brn|[from] brn
|upkeep
|turn|28
|l| zxczxczxcvbn
|
|t:|1638739774
|switch|p2a: Clefable|Clefable, F|95/100
|move|p1a: Shedinja|Will-O-Wisp|p2a: Clefable
|-status|p2a: Clefable|brn
|
|upkeep
|turn|29
|
|t:|1638739779
|switch|p1a: Toxapex|Toxapex, M|100/100 par
|-damage|p1a: Toxapex|88/100 par|[from] Stealth Rock
|-damage|p1a: Toxapex|75/100 par|[from] Spikes
|move|p2a: Clefable|Moonblast|p1a: Toxapex
|-resisted|p1a: Toxapex
|-damage|p1a: Toxapex|63/100 par
|
|upkeep
|turn|30
|
|t:|1638739788
|move|p2a: Clefable|Moonblast|p1a: Toxapex
|-resisted|p1a: Toxapex
|-damage|p1a: Toxapex|50/100 par
|cant|p1a: Toxapex|par
|
|upkeep
|turn|31
|j| CallMePrimal
|
|t:|1638739800
|switch|p2a: Skarmory|Skarmory, M|100/100
|switch|p1a: Blissey|Blissey, F|95/100
|
|upkeep
|turn|32
|
|t:|1638739803
|switch|p1a: Dragonite|Dragonite, F|86/100
|move|p2a: Skarmory|Body Press|p1a: Dragonite
|-resisted|p1a: Dragonite
|-damage|p1a: Dragonite|73/100
|
|upkeep
|turn|33
|l| CallMePrimal
|
|t:|1638739811
|switch|p2a: Clefable|Clefable, F|95/100 brn
|move|p1a: Dragonite|Roost|p1a: Dragonite
|-heal|p1a: Dragonite|100/100
|-singleturn|p1a: Dragonite|move: Roost
|
|upkeep
|turn|34
|
|t:|1638739816
|switch|p1a: Toxapex|Toxapex, M|84/100 par
|-damage|p1a: Toxapex|71/100 par|[from] Stealth Rock
|-damage|p1a: Toxapex|59/100 par|[from] Spikes
|move|p2a: Clefable|Moonblast|p1a: Toxapex
|-resisted|p1a: Toxapex
|-damage|p1a: Toxapex|47/100 par
|-unboost|p1a: Toxapex|spa|1
|
|upkeep
|turn|35
|
|t:|1638739822
|switch|p1a: Blissey|Blissey, F|95/100
|move|p2a: Clefable|Moonblast|p1a: Blissey
|-damage|p1a: Blissey|84/100
|
|upkeep
|turn|36
|
|t:|1638739826
|switch|p2a: Skarmory|Skarmory, M|100/100
|switch|p1a: Toxapex|Toxapex, M|80/100 par
|-damage|p1a: Toxapex|68/100 par|[from] Stealth Rock
|-damage|p1a: Toxapex|55/100 par|[from] Spikes
|
|upkeep
|turn|37
|
|t:|1638739830
|switch|p1a: Dragonite|Dragonite, F|100/100
|move|p2a: Skarmory|Spikes|p1a: Dragonite
|-sidestart|p1: OUTH TournedosG|Spikes
|
|upkeep
|turn|38
|
|t:|1638739833
|switch|p2a: Clefable|Clefable, F|95/100 brn
|move|p1a: Dragonite|Defog|p2a: Clefable
|-unboost|p2a: Clefable|evasion|1
|-sideend|p2: IMSOMALD|Spikes|[from] move: Defog|[of] p1a: Dragonite
|-sideend|p2: IMSOMALD|Stealth Rock|[from] move: Defog|[of] p1a: Dragonite
|-sideend|p1: OUTH TournedosG|Spikes|[from] move: Defog|[of] p1a: Dragonite
|-sideend|p1: OUTH TournedosG|Stealth Rock|[from] move: Defog|[of] p1a: Dragonite
|
|upkeep
|turn|39
|
|t:|1638739848
|switch|p1a: Blissey|Blissey, F|84/100
|switch|p2a: Garchomp|Garchomp, M|88/100
|
|upkeep
|turn|40
|
|t:|1638739852
|move|p2a: Garchomp|Earthquake|p1a: Blissey
|-damage|p1a: Blissey|42/100
|move|p1a: Blissey|Toxic|p2a: Garchomp
|-status|p2a: Garchomp|tox
|
|-damage|p2a: Garchomp|82/100 tox|[from] psn
|upkeep
|turn|41
|
|t:|1638739858
|switch|p1a: Skarmory|Skarmory, F|100/100
|move|p2a: Garchomp|Stealth Rock|p1a: Skarmory
|-sidestart|p1: OUTH TournedosG|move: Stealth Rock
|
|-damage|p2a: Garchomp|70/100 tox|[from] psn
|upkeep
|turn|42
|
|t:|1638739866
|switch|p2a: Rotom|Rotom-Wash|88/100 tox
|move|p1a: Skarmory|Spikes|p2a: Rotom
|-sidestart|p2: IMSOMALD|Spikes
|
|-damage|p2a: Rotom|82/100 tox|[from] psn
|upkeep
|turn|43
|
|t:|1638739876
|switch|p1a: Shedinja|Shedinja|100/100
|move|p2a: Rotom|Volt Switch|p1a: Shedinja
|-immune|p1a: Shedinja|[from] ability: Wonder Guard
|
|-damage|p2a: Rotom|69/100 tox|[from] psn
|upkeep
|turn|44
|
|t:|1638739884
|switch|p1a: Blissey|Blissey, F|42/100
|move|p2a: Rotom|Trick|p1a: Blissey
|-activate|p2a: Rotom|move: Trick|[of] p1a: Blissey
|-item|p1a: Blissey|Shed Shell|[from] move: Trick
|-item|p2a: Rotom|Heavy-Duty Boots|[from] move: Trick
|
|-damage|p2a: Rotom|51/100 tox|[from] psn
|upkeep
|turn|45
|
|t:|1638739892
|move|p2a: Rotom|Volt Switch|p1a: Blissey
|-damage|p1a: Blissey|29/100
|
|t:|1638739906
|switch|p2a: Weavile|Weavile, M|100/100|[from]move: Volt Switch
|-ability|p2a: Weavile|Pressure
|move|p1a: Blissey|Soft-Boiled|p1a: Blissey
|-heal|p1a: Blissey|79/100
|
|upkeep
|turn|46
|
|t:|1638739917
|move|p2a: Weavile|Swords Dance|p2a: Weavile
|-boost|p2a: Weavile|atk|2
|move|p1a: Blissey|Toxic|p2a: Weavile
|-status|p2a: Weavile|tox
|
|-damage|p2a: Weavile|94/100 tox|[from] psn
|upkeep
|turn|47
|
|t:|1638739923
|switch|p1a: Toxapex|Toxapex, M|88/100 par
|-damage|p1a: Toxapex|76/100 par|[from] Stealth Rock
|move|p2a: Weavile|Knock Off|p1a: Toxapex
|-damage|p1a: Toxapex|21/100 par
|-enditem|p1a: Toxapex|Choice Scarf|[from] move: Knock Off|[of] p2a: Weavile
|
|-damage|p2a: Weavile|82/100 tox|[from] psn
|upkeep
|turn|48
|
|t:|1638739931
|switch|p1a: Quagsire|Quagsire, F|100/100
|-damage|p1a: Quagsire|94/100|[from] Stealth Rock
|move|p2a: Weavile|Knock Off|p1a: Quagsire
|-damage|p1a: Quagsire|59/100
|-enditem|p1a: Quagsire|Leftovers|[from] move: Knock Off|[of] p2a: Weavile
|
|-damage|p2a: Weavile|64/100 tox|[from] psn
|upkeep
|turn|49
|
|t:|1638739936
|move|p2a: Weavile|Triple Axel|p1a: Quagsire
|-damage|p1a: Quagsire|52/100
|-damage|p1a: Quagsire|38/100
|-crit|p1a: Quagsire
|-damage|p1a: Quagsire|7/100
|-hitcount|p1a: Quagsire|3
|move|p1a: Quagsire|Recover|p1a: Quagsire
|-heal|p1a: Quagsire|57/100
|
|-damage|p2a: Weavile|40/100 tox|[from] psn
|upkeep
|turn|50
|
|t:|1638739958
|switch|p2a: Clefable|Clefable, F|95/100 brn
|move|p1a: Quagsire|Recover|p1a: Quagsire
|-heal|p1a: Quagsire|100/100
|
|upkeep
|turn|51
|l| hamiltonion
|
|t:|1638739967
|switch|p1a: Blissey|Blissey, F|79/100
|-damage|p1a: Blissey|67/100|[from] Stealth Rock
|move|p2a: Clefable|Moonblast|p1a: Blissey
|-damage|p1a: Blissey|56/100
|
|upkeep
|turn|52
|j| 33ee
|
|t:|1638739980
|switch|p2a: Nihilego|Nihilego|70/100 brn
|-damage|p2a: Nihilego|58/100 brn|[from] Spikes
|move|p1a: Blissey|Soft-Boiled|p1a: Blissey
|-heal|p1a: Blissey|100/100
|
|-damage|p2a: Nihilego|51/100 brn|[from] brn
|upkeep
|turn|53
|
|t:|1638739983
|switch|p1a: Shedinja|Shedinja|100/100
|move|p2a: Nihilego|Pain Split|p1a: Shedinja
|-sethp|p1a: Shedinja|100/100|[from] move: Pain Split|[silent]
|-sethp|p2a: Nihilego|26/100 brn|[from] move: Pain Split
|
|-damage|p2a: Nihilego|20/100 brn|[from] brn
|upkeep
|turn|54
|
|t:|1638739998
|switch|p2a: Clefable|Clefable, F|95/100 brn
|move|p1a: Shedinja|Shadow Ball|p2a: Clefable
|-damage|p2a: Clefable|78/100 brn
|-unboost|p2a: Clefable|spd|1
|
|upkeep
|turn|55
|
|t:|1638740001
|switch|p1a: Toxapex|Toxapex, M|54/100 par
|-damage|p1a: Toxapex|41/100 par|[from] Stealth Rock
|move|p2a: Clefable|Knock Off|p1a: Toxapex
|-crit|p1a: Toxapex
|-damage|p1a: Toxapex|37/100 par
|
|upkeep
|turn|56
|
|t:|1638740012
|switch|p2a: Garchomp|Garchomp, M|70/100 tox
|-damage|p2a: Garchomp|57/100 tox|[from] Spikes
|cant|p1a: Toxapex|par
|
|-damage|p2a: Garchomp|51/100 tox|[from] psn
|upkeep
|turn|57
|
|t:|1638740017
|switch|p1a: Quagsire|Quagsire, F|100/100
|-damage|p1a: Quagsire|94/100|[from] Stealth Rock
|move|p2a: Garchomp|Stealth Rock||[still]
|-fail|p2a: Garchomp
|
|-damage|p2a: Garchomp|39/100 tox|[from] psn
|upkeep
|turn|58
|
|t:|1638740022
|switch|p2a: Clefable|Clefable, F|78/100 brn
|move|p1a: Quagsire|Recover|p1a: Quagsire
|-heal|p1a: Quagsire|100/100
|
|upkeep
|turn|59
|
|t:|1638740029
|switch|p1a: Toxapex|Toxapex, M|70/100 par
|-damage|p1a: Toxapex|58/100 par|[from] Stealth Rock
|move|p2a: Clefable|Moonblast|p1a: Toxapex
|-resisted|p1a: Toxapex
|-damage|p1a: Toxapex|45/100 par
|
|upkeep
|turn|60
|
|t:|1638740040
|switch|p2a: Nihilego|Nihilego|20/100 brn
|-damage|p2a: Nihilego|8/100 brn|[from] Spikes
|move|p1a: Toxapex|Recover|p1a: Toxapex
|-heal|p1a: Toxapex|95/100 par
|
|-damage|p2a: Nihilego|2/100 brn|[from] brn
|upkeep
|turn|61
|
|t:|1638740043
|switch|p1a: Shedinja|Shedinja|100/100
|move|p2a: Nihilego|Pain Split|p1a: Shedinja
|-sethp|p1a: Shedinja|100/100|[from] move: Pain Split|[silent]
|-sethp|p2a: Nihilego|1/100 brn|[from] move: Pain Split
|
|-damage|p2a: Nihilego|0 fnt|[from] brn
|faint|p2a: Nihilego
|upkeep
|-message|IMSOMALD forfeited.
|
|win|OUTH TournedosG
|raw|OUTH TournedosG's rating: 1597 &rarr; <strong>1616</strong><br />(+19 for winning)
|raw|IMSOMALD's rating: 1581 &rarr; <strong>1562</strong><br />(-19 for losing)
|l|☆IMSOMALD
||Ladder isn't responding, score probably updated but might not have (Request timeout).
|l| Kyurem
