|j|☆UnzipsCrogre
|j|‽not mb
|t:|1624502228
|gametype|singles
|player|p1|UnzipsCrogre|1|1812
|player|p2|not mb|#ssdbushmasters|1999
|teamsize|p1|6
|teamsize|p2|6
|gen|8
|tier|[Gen 8] OU
|rated|
|rule|Sleep Clause Mod: Limit one foe put to sleep
|rule|Species Clause: Limit one of each Pokémon
|rule|OHKO Clause: OHKO moves are banned
|rule|Evasion Moves Clause: Evasion moves are banned
|rule|Endless Battle Clause: Forcing endless battles is banned
|rule|HP Percentage Mod: HP is shown in percentages
|rule|Dynamax Clause: You cannot dynamax
|clearpoke
|poke|p1|Hatterene, F|
|poke|p1|Melmetal|
|poke|p1|Porygon2|
|poke|p1|Marowak-Alola, F|
|poke|p1|Cresselia, F|
|poke|p1|Conkeldurr, F|
|poke|p2|Tapu Lele|
|poke|p2|Landorus-Therian, M|
|poke|p2|Zapdos|
|poke|p2|Volcanion|
|poke|p2|Dragapult, F|
|poke|p2|Melmetal|
|teampreview
|inactive|Battle timer is ON: inactive players will automatically lose when time's up. (requested by UnzipsCrogre)
|j| DragonHunter994
|n|‽not mb|notmb
|j| Rias
|j| BabyPigsAreLaughin
|
|t:|1624502259
|start
|switch|p1a: Hatterene|Hatterene, F|100/100
|switch|p2a: Landorus|Landorus-Therian, M|100/100
|-ability|p2a: Landorus|Intimidate|boost
|-unboost|p1a: Hatterene|atk|1
|turn|1
|
|t:|1624502262
|move|p2a: Landorus|Knock Off|p1a: Hatterene
|-damage|p1a: Hatterene|69/100
|-enditem|p1a: Hatterene|Focus Sash|[from] move: Knock Off|[of] p2a: Landorus
|move|p1a: Hatterene|Trick Room|p1a: Hatterene
|-fieldstart|move: Trick Room|[of] p1a: Hatterene
|
|upkeep
|turn|2
|
|t:|1624502272
|switch|p2a: Melmetal|Melmetal|100/100
|move|p1a: Hatterene|Psychic|p2a: Melmetal
|-resisted|p2a: Melmetal
|-damage|p2a: Melmetal|79/100
|
|-heal|p2a: Melmetal|85/100|[from] item: Leftovers
|upkeep
|turn|3
|j| bunny girl mai
|
|t:|1624502293
|switch|p2a: Volcanion|Volcanion|100/100
|move|p1a: Hatterene|Healing Wish|p1a: Hatterene
|faint|p1a: Hatterene
|
|upkeep
|j| Bacosita
|
|t:|1624502300
|switch|p1a: Conkeldurr|Conkeldurr, F|100/100
|turn|4
|
|t:|1624502308
|move|p1a: Conkeldurr|Facade|p2a: Volcanion
|-damage|p2a: Volcanion|73/100
|move|p2a: Volcanion|Steam Eruption|p1a: Conkeldurr
|-damage|p1a: Conkeldurr|29/100
|
|-status|p1a: Conkeldurr|brn|[from] item: Flame Orb
|upkeep
|turn|5
|j| westcottike
|
|t:|1624502327
|switch|p2a: Zapdos|Zapdos|100/100
|move|p1a: Conkeldurr|Close Combat|p2a: Zapdos
|-resisted|p2a: Zapdos
|-damage|p2a: Zapdos|53/100
|-unboost|p1a: Conkeldurr|def|1
|-unboost|p1a: Conkeldurr|spd|1
|
|-damage|p1a: Conkeldurr|23/100 brn|[from] brn
|-fieldend|move: Trick Room
|upkeep
|turn|6
|
|t:|1624502340
|switch|p1a: Porygon2|Porygon2|100/100
|-ability|p1a: Porygon2|Download|boost
|-boost|p1a: Porygon2|spa|1
|move|p2a: Zapdos|Volt Switch|p1a: Porygon2
|-damage|p1a: Porygon2|83/100
|j| Shgo Haizaki
|
|t:|1624502349
|switch|p2a: Melmetal|Melmetal|85/100|[from]move: Volt Switch
|
|-heal|p2a: Melmetal|91/100|[from] item: Leftovers
|upkeep
|turn|7
|
|t:|1624502353
|move|p1a: Porygon2|Thunderbolt|p2a: Melmetal
|-damage|p2a: Melmetal|55/100
|move|p2a: Melmetal|Toxic|p1a: Porygon2
|-status|p1a: Porygon2|tox
|
|-heal|p2a: Melmetal|61/100|[from] item: Leftovers
|-damage|p1a: Porygon2|77/100 tox|[from] psn
|upkeep
|turn|8
|
|t:|1624502369
|move|p2a: Melmetal|Protect|p2a: Melmetal
|-singleturn|p2a: Melmetal|Protect
|move|p1a: Porygon2|Thunderbolt|p2a: Melmetal
|-activate|p2a: Melmetal|move: Protect
|
|-heal|p2a: Melmetal|67/100|[from] item: Leftovers
|-damage|p1a: Porygon2|64/100 tox|[from] psn
|upkeep
|turn|9
|
|t:|1624502377
|move|p1a: Porygon2|Thunderbolt|p2a: Melmetal
|-damage|p2a: Melmetal|30/100
|move|p2a: Melmetal|Double Iron Bash|p1a: Porygon2
|-damage|p1a: Porygon2|33/100 tox
|-damage|p1a: Porygon2|6/100 tox
|-hitcount|p1a: Porygon2|2
|
|-heal|p2a: Melmetal|36/100|[from] item: Leftovers
|-damage|p1a: Porygon2|0 fnt|[from] psn
|faint|p1a: Porygon2
|upkeep
|
|t:|1624502389
|switch|p1a: Marowak|Marowak-Alola, F|100/100
|turn|10
|
|t:|1624502401
|switch|p2a: Landorus|Landorus-Therian, M|100/100
|-ability|p2a: Landorus|Intimidate|boost
|-unboost|p1a: Marowak|atk|1
|move|p1a: Marowak|Poltergeist|p2a: Landorus
|-activate|p2a: Landorus|move: Poltergeist|Leftovers
|-damage|p2a: Landorus|46/100
|
|-heal|p2a: Landorus|52/100|[from] item: Leftovers
|upkeep
|turn|11
|
|t:|1624502407
|switch|p1a: Melmetal|Melmetal|100/100
|move|p2a: Landorus|Knock Off|p1a: Melmetal
|-damage|p1a: Melmetal|85/100
|-enditem|p1a: Melmetal|Choice Band|[from] move: Knock Off|[of] p2a: Landorus
|
|-heal|p2a: Landorus|58/100|[from] item: Leftovers
|upkeep
|turn|12
|
|t:|1624502420
|move|p2a: Landorus|Stealth Rock|p1a: Melmetal
|-sidestart|p1: UnzipsCrogre|move: Stealth Rock
|move|p1a: Melmetal|Double Iron Bash|p2a: Landorus
|-damage|p2a: Landorus|18/100
|-damage|p2a: Landorus|0 fnt
|faint|p2a: Landorus
|-hitcount|p2: Landorus|2
|
|upkeep
|
|t:|1624502425
|switch|p2a: Volcanion|Volcanion|73/100
|turn|13
|
|t:|1624502434
|move|p2a: Volcanion|Flamethrower|p1a: Melmetal
|-supereffective|p1a: Melmetal
|-damage|p1a: Melmetal|0 fnt
|faint|p1a: Melmetal
|
|upkeep
|
|t:|1624502438
|switch|p1a: Cresselia|Cresselia, F|100/100
|-damage|p1a: Cresselia|88/100|[from] Stealth Rock
|turn|14
|
|t:|1624502454
|move|p2a: Volcanion|Sludge Bomb|p1a: Cresselia
|-damage|p1a: Cresselia|70/100
|-status|p1a: Cresselia|psn
|move|p1a: Cresselia|Trick Room|p1a: Cresselia
|-fieldstart|move: Trick Room|[of] p1a: Cresselia
|
|-damage|p1a: Cresselia|57/100 psn|[from] psn
|upkeep
|turn|15
|
|t:|1624502461
|switch|p1a: Conkeldurr|Conkeldurr, F|23/100 brn
|-heal|p1a: Conkeldurr|100/100|[from] move: Healing Wish
|-damage|p1a: Conkeldurr|94/100|[from] Stealth Rock
|switch|p2a: Melmetal|Melmetal|36/100
|
|-heal|p2a: Melmetal|42/100|[from] item: Leftovers
|-status|p1a: Conkeldurr|brn|[from] item: Flame Orb
|upkeep
|turn|16
|
|t:|1624502474
|move|p2a: Melmetal|Protect|p2a: Melmetal
|-singleturn|p2a: Melmetal|Protect
|move|p1a: Conkeldurr|Mach Punch|p2a: Melmetal
|-activate|p2a: Melmetal|move: Protect
|
|-heal|p2a: Melmetal|48/100|[from] item: Leftovers
|-damage|p1a: Conkeldurr|88/100 brn|[from] brn
|upkeep
|turn|17
|
|t:|1624502482
|switch|p2a: Zapdos|Zapdos|53/100
|move|p1a: Conkeldurr|Knock Off|p2a: Zapdos
|-damage|p2a: Zapdos|6/100
|-enditem|p2a: Zapdos|Heavy-Duty Boots|[from] move: Knock Off|[of] p1a: Conkeldurr
|
|-damage|p1a: Conkeldurr|82/100 brn|[from] brn
|upkeep
|turn|18
|
|t:|1624502492
|move|p1a: Conkeldurr|Knock Off|p2a: Zapdos
|-damage|p2a: Zapdos|0 fnt
|faint|p2a: Zapdos
|
|-damage|p1a: Conkeldurr|76/100 brn|[from] brn
|-fieldend|move: Trick Room
|upkeep
|
|t:|1624502495
|switch|p2a: Tapu Lele|Tapu Lele|100/100
|-fieldstart|move: Psychic Terrain|[from] ability: Psychic Surge|[of] p2a: Tapu Lele
|turn|19
|
|t:|1624502504
|switch|p1a: Marowak|Marowak-Alola, F|100/100
|-damage|p1a: Marowak|75/100|[from] Stealth Rock
|move|p2a: Tapu Lele|Moonblast|p1a: Marowak
|-resisted|p1a: Marowak
|-damage|p1a: Marowak|39/100
|-unboost|p1a: Marowak|spa|1
|
|upkeep
|turn|20
|inactive|not mb has 120 seconds left.
|
|t:|1624502542
|move|p2a: Tapu Lele|Moonblast|p1a: Marowak
|-resisted|p1a: Marowak
|-damage|p1a: Marowak|4/100
|move|p1a: Marowak|Poltergeist|p2a: Tapu Lele|[miss]
|-miss|p1a: Marowak|p2a: Tapu Lele
|
|upkeep
|turn|21
|-message|UnzipsCrogre forfeited.
|
|win|not mb
|raw|UnzipsCrogre's rating: 1812 &rarr; <strong>1802</strong><br />(-10 for losing)
|raw|not mb's rating: 1999 &rarr; <strong>2009</strong><br />(+10 for winning)
|c|☆UnzipsCrogre|gg
|c| BabyPigsAreLaughin|That miss, though.
|l| Bacosita
|l| westcottike
