|j|☆FreeGod
|j|☆Lou dort
|t:|1659308745
|gametype|singles
|player|p1|FreeGod|silver|1506
|player|p2|Lou dort|volo-ginkgo|1462
|teamsize|p1|6
|teamsize|p2|6
|gen|8
|tier|[Gen 8] OU
|rated|
|rule|Sleep Clause Mod: Limit one foe put to sleep
|rule|Species Clause: Limit one of each Pokémon
|rule|OHKO Clause: OHKO moves are banned
|rule|Evasion Moves Clause: Evasion moves are banned
|rule|Endless Battle Clause: Forcing endless battles is banned
|rule|HP Percentage Mod: HP is shown in percentages
|rule|Dynamax Clause: You cannot dynamax
|clearpoke
|poke|p1|Landorus-Therian, M|
|poke|p1|Slowking-Galar, F|
|poke|p1|Urshifu-*, F|
|poke|p1|Ferrothorn, M|
|poke|p1|Tornadus-Therian, M|
|poke|p1|Clefable, M|
|poke|p2|Vanilluxe, F|
|poke|p2|Magnezone|
|poke|p2|Garchomp, M|
|poke|p2|Urshifu-*, F|
|poke|p2|Ferrothorn, F|
|poke|p2|Clefable, M|
|teampreview
|inactive|Battle timer is ON: inactive players will automatically lose when time's up. (requested by Lou dort)
|
|t:|1659308760
|start
|switch|p1a: Urshifu|Urshifu-Rapid-Strike, F|100/100
|switch|p2a: Clefable|Clefable, M|100/100
|turn|1
|
|t:|1659308767
|move|p1a: Urshifu|U-turn|p2a: Clefable
|-resisted|p2a: Clefable
|-damage|p2a: Clefable|89/100
|
|t:|1659308773
|switch|p1a: Tornadus|Tornadus-Therian, M, shiny|100/100|[from]move: U-turn
|move|p2a: Clefable|Soft-Boiled|p2a: Clefable
|-heal|p2a: Clefable|100/100
|
|upkeep
|turn|2
|
|t:|1659308780
|move|p1a: Tornadus|Knock Off|p2a: Clefable
|-resisted|p2a: Clefable
|-damage|p2a: Clefable|92/100
|-enditem|p2a: Clefable|Sticky Barb|[from] move: Knock Off|[of] p1a: Tornadus
|move|p2a: Clefable|Trick|p1a: Tornadus
|-activate|p2a: Clefable|move: Trick|[of] p1a: Tornadus
|-enditem|p1a: Tornadus|Heavy-Duty Boots|[silent]|[from] move: Trick
|-item|p2a: Clefable|Heavy-Duty Boots|[from] move: Trick
|
|upkeep
|turn|3
|
|t:|1659308798
|move|p1a: Tornadus|Hurricane|p2a: Clefable
|-damage|p2a: Clefable|61/100
|move|p2a: Clefable|Stealth Rock|p1a: Tornadus
|-sidestart|p1: FreeGod|move: Stealth Rock
|
|upkeep
|turn|4
|
|t:|1659308802
|move|p1a: Tornadus|Defog|p2a: Clefable
|-unboost|p2a: Clefable|evasion|1
|-sideend|p1: FreeGod|Stealth Rock|[from] move: Defog|[of] p1a: Tornadus
|move|p2a: Clefable|Moonblast|p1a: Tornadus
|-damage|p1a: Tornadus|67/100
|-unboost|p1a: Tornadus|spa|1
|
|upkeep
|turn|5
|
|t:|1659308804
|move|p1a: Tornadus|Hurricane|p2a: Clefable
|-damage|p2a: Clefable|41/100
|-start|p2a: Clefable|confusion
|-activate|p2a: Clefable|confusion
|move|p2a: Clefable|Stealth Rock|p1a: Tornadus
|-sidestart|p1: FreeGod|move: Stealth Rock
|
|upkeep
|turn|6
|
|t:|1659308808
|move|p1a: Tornadus|Defog|p2a: Clefable
|-unboost|p2a: Clefable|evasion|1
|-sideend|p1: FreeGod|Stealth Rock|[from] move: Defog|[of] p1a: Tornadus
|-activate|p2a: Clefable|confusion
|move|p2a: Clefable|Soft-Boiled|p2a: Clefable
|-heal|p2a: Clefable|91/100
|
|upkeep
|turn|7
|
|t:|1659308818
|move|p1a: Tornadus|U-turn|p2a: Clefable
|-resisted|p2a: Clefable
|-damage|p2a: Clefable|85/100
|
|t:|1659308822
|switch|p1a: Landorus|Landorus-Therian, M|100/100|[from]move: U-turn
|-ability|p1a: Landorus|Intimidate|boost
|-unboost|p2a: Clefable|atk|1
|-activate|p2a: Clefable|confusion
|move|p2a: Clefable|Stealth Rock|p1a: Landorus
|-sidestart|p1: FreeGod|move: Stealth Rock
|
|upkeep
|turn|8
|
|t:|1659308828
|move|p1a: Landorus|Stealth Rock|p2a: Clefable
|-sidestart|p2: Lou dort|move: Stealth Rock
|-end|p2a: Clefable|confusion
|move|p2a: Clefable|Trick|p1a: Landorus
|-activate|p2a: Clefable|move: Trick|[of] p1a: Landorus
|-item|p1a: Landorus|Heavy-Duty Boots|[from] move: Trick
|-item|p2a: Clefable|Leftovers|[from] move: Trick
|
|-heal|p2a: Clefable|91/100|[from] item: Leftovers
|upkeep
|turn|9
|
|t:|1659308834
|move|p1a: Landorus|U-turn|p2a: Clefable
|-resisted|p2a: Clefable
|-damage|p2a: Clefable|80/100
|
|t:|1659308837
|switch|p1a: Ferrothorn|Ferrothorn, M|100/100|[from]move: U-turn
|-damage|p1a: Ferrothorn|94/100|[from] Stealth Rock
|move|p2a: Clefable|Moonblast|p1a: Ferrothorn
|-resisted|p1a: Ferrothorn
|-damage|p1a: Ferrothorn|81/100
|-unboost|p1a: Ferrothorn|spa|1
|
|-heal|p2a: Clefable|87/100|[from] item: Leftovers
|upkeep
|turn|10
|
|t:|1659308846
|switch|p2a: Magnezone|Magnezone|100/100
|-damage|p2a: Magnezone|94/100|[from] Stealth Rock
|move|p1a: Ferrothorn|Spikes|p2a: Magnezone
|-sidestart|p2: Lou dort|Spikes
|
|-heal|p2a: Magnezone|100/100|[from] item: Leftovers
|upkeep
|turn|11
|
|t:|1659308850
|move|p2a: Magnezone|Iron Defense|p2a: Magnezone
|-boost|p2a: Magnezone|def|2
|move|p1a: Ferrothorn|Leech Seed|p2a: Magnezone
|-start|p2a: Magnezone|move: Leech Seed
|
|-damage|p2a: Magnezone|88/100|[from] Leech Seed|[of] p1a: Ferrothorn
|-heal|p1a: Ferrothorn|91/100|[silent]
|upkeep
|turn|12
|
|t:|1659308853
|move|p2a: Magnezone|Iron Defense|p2a: Magnezone
|-boost|p2a: Magnezone|def|2
|move|p1a: Ferrothorn|Body Press|p2a: Magnezone
|-supereffective|p2a: Magnezone
|-damage|p2a: Magnezone|70/100
|
|-heal|p2a: Magnezone|76/100|[from] item: Leftovers
|-damage|p2a: Magnezone|63/100|[from] Leech Seed|[of] p1a: Ferrothorn
|-heal|p1a: Ferrothorn|100/100|[silent]
|upkeep
|turn|13
|
|t:|1659308856
|move|p2a: Magnezone|Body Press|p1a: Ferrothorn
|-supereffective|p1a: Ferrothorn
|-damage|p1a: Ferrothorn|19/100
|-damage|p2a: Magnezone|51/100|[from] ability: Iron Barbs|[of] p1a: Ferrothorn
|-damage|p2a: Magnezone|34/100|[from] item: Rocky Helmet|[of] p1a: Ferrothorn
|move|p1a: Ferrothorn|Spikes|p2a: Magnezone
|-sidestart|p2: Lou dort|Spikes
|
|-heal|p2a: Magnezone|40/100|[from] item: Leftovers
|-damage|p2a: Magnezone|28/100|[from] Leech Seed|[of] p1a: Ferrothorn
|-heal|p1a: Ferrothorn|29/100|[silent]
|upkeep
|turn|14
|
|t:|1659308866
|move|p2a: Magnezone|Body Press|p1a: Ferrothorn
|-supereffective|p1a: Ferrothorn
|-damage|p1a: Ferrothorn|0 fnt
|-damage|p2a: Magnezone|15/100|[from] ability: Iron Barbs|[of] p1a: Ferrothorn
|-damage|p2a: Magnezone|0 fnt|[from] item: Rocky Helmet|[of] p1a: Ferrothorn
|faint|p1a: Ferrothorn
|faint|p2a: Magnezone
|
|upkeep
|c|☆FreeGod|Lol
|c|☆FreeGod|Get rekt
|c|☆Lou dort|worth
|
|t:|1659308885
|switch|p2a: Vanilluxe|Vanilluxe, F|100/100
|switch|p1a: Urshifu|Urshifu-Rapid-Strike, F|100/100
|-damage|p1a: Urshifu|94/100|[from] Stealth Rock
|-damage|p2a: Vanilluxe|76/100|[from] Stealth Rock
|-damage|p2a: Vanilluxe|59/100|[from] Spikes
|-weather|Hail|[from] ability: Snow Warning|[of] p2a: Vanilluxe
|turn|15
|
|t:|1659308892
|switch|p2a: Urshifu|Urshifu-Rapid-Strike, F|100/100
|-damage|p2a: Urshifu|94/100|[from] Stealth Rock
|-damage|p2a: Urshifu|78/100|[from] Spikes
|move|p1a: Urshifu|Surging Strikes|p2a: Urshifu
|-resisted|p2a: Urshifu
|-crit|p2a: Urshifu
|-damage|p2a: Urshifu|68/100
|-resisted|p2a: Urshifu
|-crit|p2a: Urshifu
|-damage|p2a: Urshifu|58/100
|-resisted|p2a: Urshifu
|-crit|p2a: Urshifu
|-damage|p2a: Urshifu|47/100
|-hitcount|p2a: Urshifu|3
|
|-weather|Hail|[upkeep]
|-damage|p2a: Urshifu|41/100|[from] Hail
|-damage|p1a: Urshifu|88/100|[from] Hail
|upkeep
|turn|16
|
|t:|1659308903
|switch|p1a: Landorus|Landorus-Therian, M|100/100
|-ability|p1a: Landorus|Intimidate|boost
|-unboost|p2a: Urshifu|atk|1
|move|p2a: Urshifu|Close Combat|p1a: Landorus
|-resisted|p1a: Landorus
|-damage|p1a: Landorus|82/100
|-unboost|p2a: Urshifu|def|1
|-unboost|p2a: Urshifu|spd|1
|
|-weather|Hail|[upkeep]
|-damage|p2a: Urshifu|35/100|[from] Hail
|-damage|p1a: Landorus|76/100|[from] Hail
|upkeep
|turn|17
|
|t:|1659308920
|switch|p2a: Ferrothorn|Ferrothorn, F|100/100
|-damage|p2a: Ferrothorn|94/100|[from] Stealth Rock
|-damage|p2a: Ferrothorn|78/100|[from] Spikes
|move|p1a: Landorus|Toxic|p2a: Ferrothorn
|-immune|p2a: Ferrothorn
|
|-weather|Hail|[upkeep]
|-damage|p1a: Landorus|70/100|[from] Hail
|-damage|p2a: Ferrothorn|72/100|[from] Hail
|-heal|p2a: Ferrothorn|78/100|[from] item: Leftovers
|upkeep
|turn|18
|
|t:|1659308926
|move|p1a: Landorus|Earthquake|p2a: Ferrothorn
|-damage|p2a: Ferrothorn|49/100
|move|p2a: Ferrothorn|Leech Seed|p1a: Landorus
|-start|p1a: Landorus|move: Leech Seed
|
|-weather|Hail|[upkeep]
|-damage|p1a: Landorus|64/100|[from] Hail
|-damage|p2a: Ferrothorn|42/100|[from] Hail
|-heal|p2a: Ferrothorn|49/100|[from] item: Leftovers
|-damage|p1a: Landorus|51/100|[from] Leech Seed|[of] p2a: Ferrothorn
|-heal|p2a: Ferrothorn|62/100|[silent]
|upkeep
|turn|19
|
|t:|1659308933
|switch|p1a: Tornadus|Tornadus-Therian, M, shiny|99/100
|-damage|p1a: Tornadus|75/100|[from] Stealth Rock
|move|p2a: Ferrothorn|Spikes|p1a: Tornadus
|-sidestart|p1: FreeGod|Spikes
|
|-weather|none
|-heal|p2a: Ferrothorn|68/100|[from] item: Leftovers
|upkeep
|turn|20
|
|t:|1659308938
|move|p1a: Tornadus|Knock Off|p2a: Ferrothorn
|-damage|p2a: Ferrothorn|57/100
|-damage|p1a: Tornadus|63/100|[from] ability: Iron Barbs|[of] p2a: Ferrothorn
|-enditem|p2a: Ferrothorn|Leftovers|[from] move: Knock Off|[of] p1a: Tornadus
|move|p2a: Ferrothorn|Spikes|p1a: Tornadus
|-sidestart|p1: FreeGod|Spikes
|
|upkeep
|turn|21
|
|t:|1659308942
|move|p1a: Tornadus|Hurricane|p2a: Ferrothorn
|-crit|p2a: Ferrothorn
|-damage|p2a: Ferrothorn|2/100
|move|p2a: Ferrothorn|Leech Seed|p1a: Tornadus
|-start|p1a: Tornadus|move: Leech Seed
|
|-damage|p1a: Tornadus|50/100|[from] Leech Seed|[of] p2a: Ferrothorn
|-heal|p2a: Ferrothorn|15/100|[silent]
|upkeep
|turn|22
|
|t:|1659308959
|switch|p2a: Clefable|Clefable, M|87/100
|move|p1a: Tornadus|Defog|p2a: Clefable
|-unboost|p2a: Clefable|evasion|1
|-sideend|p2: Lou dort|Spikes|[from] move: Defog|[of] p1a: Tornadus
|-sideend|p2: Lou dort|Stealth Rock|[from] move: Defog|[of] p1a: Tornadus
|-sideend|p1: FreeGod|Spikes|[from] move: Defog|[of] p1a: Tornadus
|-sideend|p1: FreeGod|Stealth Rock|[from] move: Defog|[of] p1a: Tornadus
|
|-heal|p2a: Clefable|93/100|[from] item: Leftovers
|-damage|p1a: Tornadus|38/100|[from] Leech Seed|[of] p2a: Clefable
|-heal|p2a: Clefable|100/100|[silent]
|upkeep
|turn|23
|
|t:|1659308966
|move|p1a: Tornadus|U-turn|p2a: Clefable
|-resisted|p2a: Clefable
|-crit|p2a: Clefable
|-damage|p2a: Clefable|90/100
|
|t:|1659308969
|switch|p1a: Clefable|Clefable, M|100/100|[from]move: U-turn
|move|p2a: Clefable|Stealth Rock|p1a: Clefable
|-sidestart|p1: FreeGod|move: Stealth Rock
|
|-heal|p2a: Clefable|96/100|[from] item: Leftovers
|upkeep
|turn|24
|
|t:|1659308974
|move|p2a: Clefable|Moonblast|p1a: Clefable
|-damage|p1a: Clefable|72/100
|move|p1a: Clefable|Calm Mind|p1a: Clefable
|-boost|p1a: Clefable|spa|1
|-boost|p1a: Clefable|spd|1
|
|-heal|p2a: Clefable|100/100|[from] item: Leftovers
|upkeep
|turn|25
|
|t:|1659308979
|switch|p2a: Urshifu|Urshifu-Rapid-Strike, F|35/100
|move|p1a: Clefable|Calm Mind|p1a: Clefable
|-boost|p1a: Clefable|spa|1
|-boost|p1a: Clefable|spd|1
|
|upkeep
|turn|26
|
|t:|1659308988
|switch|p1a: Urshifu|Urshifu-Rapid-Strike, F|88/100
|-damage|p1a: Urshifu|82/100|[from] Stealth Rock
|move|p2a: Urshifu|Surging Strikes|p1a: Urshifu
|-resisted|p1a: Urshifu
|-crit|p1a: Urshifu
|-damage|p1a: Urshifu|73/100
|-resisted|p1a: Urshifu
|-crit|p1a: Urshifu
|-damage|p1a: Urshifu|63/100
|-resisted|p1a: Urshifu
|-crit|p1a: Urshifu
|-damage|p1a: Urshifu|53/100
|-hitcount|p1a: Urshifu|3
|
|upkeep
|turn|27
|
|t:|1659308992
|switch|p2a: Ferrothorn|Ferrothorn, F|15/100
|move|p1a: Urshifu|Surging Strikes|p2a: Ferrothorn
|-resisted|p2a: Ferrothorn
|-crit|p2a: Ferrothorn
|-damage|p2a: Ferrothorn|10/100
|-activate|p2a: Ferrothorn|ability: Iron Barbs
|-activate|p1a: Urshifu|item: Protective Pads
|-resisted|p2a: Ferrothorn
|-crit|p2a: Ferrothorn
|-damage|p2a: Ferrothorn|4/100
|-activate|p2a: Ferrothorn|ability: Iron Barbs
|-activate|p1a: Urshifu|item: Protective Pads
|-resisted|p2a: Ferrothorn
|-crit|p2a: Ferrothorn
|-damage|p2a: Ferrothorn|0 fnt
|-activate|p2a: Ferrothorn|ability: Iron Barbs
|-activate|p1a: Urshifu|item: Protective Pads
|faint|p2a: Ferrothorn
|-hitcount|p2: Ferrothorn|3
|
|upkeep
|
|t:|1659309000
|switch|p2a: Clefable|Clefable, M|100/100
|turn|28
|
|t:|1659309005
|switch|p1a: Landorus|Landorus-Therian, M|51/100
|-ability|p1a: Landorus|Intimidate|boost
|-unboost|p2a: Clefable|atk|1
|move|p2a: Clefable|Moonblast|p1a: Landorus
|-damage|p1a: Landorus|30/100
|
|upkeep
|turn|29
|
|t:|1659309008
|move|p1a: Landorus|Stealth Rock|p2a: Clefable
|-sidestart|p2: Lou dort|move: Stealth Rock
|move|p2a: Clefable|Moonblast|p1a: Landorus
|-damage|p1a: Landorus|5/100
|
|upkeep
|turn|30
|
|t:|1659309013
|switch|p1a: Slowking|Slowking-Galar, F|100/100
|-damage|p1a: Slowking|88/100|[from] Stealth Rock
|move|p2a: Clefable|Moonblast|p1a: Slowking
|-resisted|p1a: Slowking
|-damage|p1a: Slowking|80/100
|-unboost|p1a: Slowking|spa|1
|
|upkeep
|turn|31
|
|t:|1659309018
|switch|p2a: Garchomp|Garchomp, M|100/100
|-damage|p2a: Garchomp|94/100|[from] Stealth Rock
|move|p1a: Slowking|Future Sight|p2a: Garchomp
|-start|p1a: Slowking|move: Future Sight
|
|-heal|p2a: Garchomp|100/100|[from] item: Leftovers
|upkeep
|turn|32
|
|t:|1659309021
|switch|p1a: Landorus|Landorus-Therian, M|5/100
|-ability|p1a: Landorus|Intimidate|boost
|-unboost|p2a: Garchomp|atk|1
|move|p2a: Garchomp|Swords Dance|p2a: Garchomp
|-boost|p2a: Garchomp|atk|2
|
|upkeep
|turn|33
|
|t:|1659309024
|move|p2a: Garchomp|Scale Shot|p1a: Landorus
|-damage|p1a: Landorus|0 fnt
|faint|p1a: Landorus
|-hitcount|p1: Landorus|1
|-unboost|p2a: Garchomp|def|1
|-boost|p2a: Garchomp|spe|1
|
|-end|p2a: Garchomp|move: Future Sight
|-damage|p2a: Garchomp|41/100
|-heal|p2a: Garchomp|48/100|[from] item: Leftovers
|upkeep
|
|t:|1659309028
|switch|p1a: Urshifu|Urshifu-Rapid-Strike, F|53/100
|-damage|p1a: Urshifu|47/100|[from] Stealth Rock
|turn|34
|
|t:|1659309033
|move|p1a: Urshifu|Aqua Jet|p2a: Garchomp
|-damage|p2a: Garchomp|19/100
|-activate|p2a: Garchomp|ability: Rough Skin
|-activate|p1a: Urshifu|item: Protective Pads
|move|p2a: Garchomp|Earthquake|p1a: Urshifu
|-damage|p1a: Urshifu|0 fnt
|faint|p1a: Urshifu
|
|-heal|p2a: Garchomp|25/100|[from] item: Leftovers
|upkeep
|c|☆Lou dort|lol
|
|t:|1659309042
|switch|p1a: Clefable|Clefable, M|72/100
|turn|35
|c|☆Lou dort|get rekt
|
|t:|1659309047
|move|p2a: Garchomp|Earthquake|p1a: Clefable
|-damage|p1a: Clefable|12/100
|move|p1a: Clefable|Moonblast|p2a: Garchomp
|-supereffective|p2a: Garchomp
|-damage|p2a: Garchomp|0 fnt
|faint|p2a: Garchomp
|
|upkeep
|
|t:|1659309051
|switch|p2a: Urshifu|Urshifu-Rapid-Strike, F|35/100
|-damage|p2a: Urshifu|29/100|[from] Stealth Rock
|turn|36
|
|t:|1659309057
|move|p2a: Urshifu|Surging Strikes|p1a: Clefable
|-crit|p1a: Clefable
|-damage|p1a: Clefable|0 fnt
|faint|p1a: Clefable
|-hitcount|p1: Clefable|1
|
|upkeep
|
|t:|1659309060
|switch|p1a: Tornadus|Tornadus-Therian, M, shiny|71/100
|-damage|p1a: Tornadus|46/100|[from] Stealth Rock
|turn|37
|
|t:|1659309063
|move|p2a: Urshifu|Surging Strikes|p1a: Tornadus
|-crit|p1a: Tornadus
|-damage|p1a: Tornadus|26/100
|-crit|p1a: Tornadus
|-damage|p1a: Tornadus|6/100
|-crit|p1a: Tornadus
|-damage|p1a: Tornadus|0 fnt
|faint|p1a: Tornadus
|-hitcount|p1: Tornadus|3
|
|upkeep
|
|t:|1659309066
|switch|p1a: Slowking|Slowking-Galar, F|100/100
|-damage|p1a: Slowking|88/100|[from] Stealth Rock
|turn|38
|
|t:|1659309070
|move|p2a: Urshifu|Surging Strikes|p1a: Slowking
|-crit|p1a: Slowking
|-damage|p1a: Slowking|68/100
|-crit|p1a: Slowking
|-damage|p1a: Slowking|48/100
|-crit|p1a: Slowking
|-damage|p1a: Slowking|27/100
|-hitcount|p1a: Slowking|3
|move|p1a: Slowking|Sludge Bomb|p2a: Urshifu
|-damage|p2a: Urshifu|0 fnt
|faint|p2a: Urshifu
|
|upkeep
|
|t:|1659309071
|switch|p2a: Vanilluxe|Vanilluxe, F|59/100
|-damage|p2a: Vanilluxe|34/100|[from] Stealth Rock
|-weather|Hail|[from] ability: Snow Warning|[of] p2a: Vanilluxe
|turn|39
|
|t:|1659309075
|move|p2a: Vanilluxe|Blizzard|p1a: Slowking
|-damage|p1a: Slowking|0 fnt
|faint|p1a: Slowking
|
|win|Lou dort
|raw|FreeGod's rating: 1506 &rarr; <strong>1483</strong><br />(-23 for losing)
|raw|Lou dort's rating: 1462 &rarr; <strong>1485</strong><br />(+23 for winning)
|c|☆FreeGod|Lucky noob
|l|☆FreeGod
||Ladder isn't responding, score probably updated but might not have (Request timeout).
