|j|☆minimax_ai
|j|☆CoconutCrabs
|t:|1663031414
|gametype|singles
|player|p1|minimax_ai|lusamine-nihilego|1580
|player|p2|CoconutCrabs|chuck|1681
|teamsize|p1|6
|teamsize|p2|6
|gen|8
|tier|[Gen 8] OU
|rated|
|rule|Sleep Clause Mod: Limit one foe put to sleep
|rule|Species Clause: Limit one of each Pokémon
|rule|OHKO Clause: OHKO moves are banned
|rule|Evasion Items Clause: Evasion items are banned
|rule|Evasion Moves Clause: Evasion moves are banned
|rule|Endless Battle Clause: Forcing endless battles is banned
|rule|HP Percentage Mod: HP is shown in percentages
|rule|Dynamax Clause: You cannot dynamax
|clearpoke
|poke|p1|Rotom-Wash|
|poke|p1|Weavile, F|
|poke|p1|Landorus-Therian, M|
|poke|p1|Heatran, M|
|poke|p1|Tangrowth, M|
|poke|p1|Melmetal|
|poke|p2|Pelipper, M|
|poke|p2|Seismitoad, F|
|poke|p2|Zapdos|
|poke|p2|Ferrothorn, F|
|poke|p2|Barraskewda, M|
|poke|p2|Crawdaunt, F|
|teampreview
|inactive|Battle timer is ON: inactive players will automatically lose when time's up. (requested by CoconutCrabs)
|c|☆minimax_ai|hf
|inactive|minimax_ai also wants the timer to be on.
|inactive|CoconutCrabs has 120 seconds left.
|
|t:|1663031460
|start
|switch|p1a: landorustherian|Landorus-Therian, M|100/100
|switch|p2a: Ferrothorn|Ferrothorn, F|100/100
|-ability|p1a: landorustherian|Intimidate|boost
|-unboost|p2a: Ferrothorn|atk|1
|turn|1
|
|t:|1663031462
|move|p1a: landorustherian|Earthquake|p2a: Ferrothorn
|-damage|p2a: Ferrothorn|70/100
|move|p2a: Ferrothorn|Stealth Rock|p1a: landorustherian
|-sidestart|p1: minimax_ai|move: Stealth Rock
|
|-heal|p2a: Ferrothorn|76/100|[from] item: Leftovers
|upkeep
|turn|2
|
|t:|1663031468
|move|p1a: landorustherian|Defog|p2a: Ferrothorn
|-unboost|p2a: Ferrothorn|evasion|1
|-sideend|p1: minimax_ai|Stealth Rock|[from] move: Defog|[of] p1a: landorustherian
|move|p2a: Ferrothorn|Leech Seed|p1a: landorustherian|[miss]
|-miss|p2a: Ferrothorn|p1a: landorustherian
|
|-heal|p2a: Ferrothorn|82/100|[from] item: Leftovers
|upkeep
|turn|3
|
|t:|1663031469
|move|p1a: landorustherian|Earthquake|p2a: Ferrothorn
|-damage|p2a: Ferrothorn|50/100
|move|p2a: Ferrothorn|Leech Seed|p1a: landorustherian
|-start|p1a: landorustherian|move: Leech Seed
|
|-heal|p2a: Ferrothorn|56/100|[from] item: Leftovers
|-damage|p1a: landorustherian|88/100|[from] Leech Seed|[of] p2a: Ferrothorn
|-heal|p2a: Ferrothorn|69/100|[silent]
|upkeep
|turn|4
|
|t:|1663031471
|move|p1a: landorustherian|U-turn|p2a: Ferrothorn
|-damage|p2a: Ferrothorn|55/100
|-damage|p1a: landorustherian|76/100|[from] ability: Iron Barbs|[of] p2a: Ferrothorn
|
|t:|1663031471
|switch|p1a: Tangrowth|Tangrowth, M|100/100|[from]move: U-turn
|move|p2a: Ferrothorn|Stealth Rock|p1a: Tangrowth
|-sidestart|p1: minimax_ai|move: Stealth Rock
|
|-heal|p2a: Ferrothorn|61/100|[from] item: Leftovers
|upkeep
|turn|5
|
|t:|1663031474
|switch|p2a: Pelipper|Pelipper, M|100/100
|-weather|RainDance|[from] ability: Drizzle|[of] p2a: Pelipper
|move|p1a: Tangrowth|Sleep Powder|p2a: Pelipper
|-status|p2a: Pelipper|slp|[from] move: Sleep Powder
|
|-weather|RainDance|[upkeep]
|upkeep
|turn|6
|
|t:|1663031479
|switch|p2a: Zapdos|Zapdos|100/100
|switch|p1a: rotomwash|Rotom-Wash|100/100
|-damage|p1a: rotomwash|88/100|[from] Stealth Rock
|
|-weather|RainDance|[upkeep]
|-heal|p1a: rotomwash|94/100|[from] item: Leftovers
|upkeep
|turn|7
|
|t:|1663031481
|move|p2a: Zapdos|Thunder|p1a: rotomwash
|-damage|p1a: rotomwash|33/100
|move|p1a: rotomwash|Hydro Pump|p2a: Zapdos
|-damage|p2a: Zapdos|32/100
|
|-weather|RainDance|[upkeep]
|-heal|p1a: rotomwash|39/100|[from] item: Leftovers
|upkeep
|turn|8
|
|t:|1663031485
|switch|p1a: Melmetal|Melmetal|100/100
|-damage|p1a: Melmetal|94/100|[from] Stealth Rock
|move|p2a: Zapdos|Thunder|p1a: Melmetal
|-damage|p1a: Melmetal|66/100
|
|-weather|RainDance|[upkeep]
|upkeep
|turn|9
|
|t:|1663031489
|move|p2a: Zapdos|Roost|p2a: Zapdos
|-heal|p2a: Zapdos|82/100
|-singleturn|p2a: Zapdos|move: Roost
|move|p1a: Melmetal|Ice Punch|p2a: Zapdos
|-damage|p2a: Zapdos|44/100
|
|-weather|RainDance|[upkeep]
|upkeep
|turn|10
|
|t:|1663031493
|switch|p2a: Ferrothorn|Ferrothorn, F|61/100
|move|p1a: Melmetal|Ice Punch|p2a: Ferrothorn
|-damage|p2a: Ferrothorn|41/100
|-damage|p1a: Melmetal|53/100|[from] ability: Iron Barbs|[of] p2a: Ferrothorn
|
|-weather|RainDance|[upkeep]
|-heal|p2a: Ferrothorn|47/100|[from] item: Leftovers
|upkeep
|turn|11
|
|t:|1663031496
|switch|p2a: Zapdos|Zapdos|44/100
|move|p1a: Melmetal|Ice Punch|p2a: Zapdos
|-supereffective|p2a: Zapdos
|-damage|p2a: Zapdos|0 fnt
|faint|p2a: Zapdos
|
|-weather|RainDance|[upkeep]
|upkeep
|
|t:|1663031499
|switch|p2a: Crawdaunt|Crawdaunt, F|100/100
|turn|12
|
|t:|1663031501
|switch|p1a: rotomwash|Rotom-Wash|39/100
|-damage|p1a: rotomwash|27/100|[from] Stealth Rock
|move|p2a: Crawdaunt|Knock Off|p1a: rotomwash
|-damage|p1a: rotomwash|0 fnt
|-enditem|p1a: rotomwash|Leftovers|[from] move: Knock Off|[of] p2a: Crawdaunt
|faint|p1a: rotomwash
|-damage|p2a: Crawdaunt|91/100|[from] item: Life Orb
|
|-weather|none
|upkeep
|
|t:|1663031501
|switch|p1a: Tangrowth|Tangrowth, M|100/100
|-damage|p1a: Tangrowth|88/100|[from] Stealth Rock
|turn|13
|
|t:|1663031503
|switch|p2a: Ferrothorn|Ferrothorn, F|47/100
|move|p1a: Tangrowth|Giga Drain|p2a: Ferrothorn
|-resisted|p2a: Ferrothorn
|-damage|p2a: Ferrothorn|41/100
|-heal|p1a: Tangrowth|91/100|[from] drain|[of] p2a: Ferrothorn
|
|-heal|p2a: Ferrothorn|47/100|[from] item: Leftovers
|upkeep
|turn|14
|
|t:|1663031505
|move|p1a: Tangrowth|Giga Drain|p2a: Ferrothorn
|-resisted|p2a: Ferrothorn
|-damage|p2a: Ferrothorn|42/100
|-heal|p1a: Tangrowth|93/100|[from] drain|[of] p2a: Ferrothorn
|move|p2a: Ferrothorn|Knock Off|p1a: Tangrowth
|-damage|p1a: Tangrowth|81/100
|-damage|p2a: Ferrothorn|26/100|[from] item: Rocky Helmet|[of] p1a: Tangrowth
|-enditem|p1a: Tangrowth|Rocky Helmet|[from] move: Knock Off|[of] p2a: Ferrothorn
|
|-heal|p2a: Ferrothorn|32/100|[from] item: Leftovers
|upkeep
|turn|15
|
|t:|1663031510
|move|p1a: Tangrowth|Knock Off|p2a: Ferrothorn
|-damage|p2a: Ferrothorn|18/100
|-damage|p1a: Tangrowth|68/100|[from] ability: Iron Barbs|[of] p2a: Ferrothorn
|-enditem|p2a: Ferrothorn|Leftovers|[from] move: Knock Off|[of] p1a: Tangrowth
|move|p2a: Ferrothorn|Gyro Ball|p1a: Tangrowth
|-damage|p1a: Tangrowth|56/100
|
|upkeep
|turn|16
|
|t:|1663031514
|move|p1a: Tangrowth|Focus Blast|p2a: Ferrothorn
|-supereffective|p2a: Ferrothorn
|-damage|p2a: Ferrothorn|0 fnt
|faint|p2a: Ferrothorn
|
|upkeep
|
|t:|1663031517
|switch|p2a: Seismitoad|Seismitoad, F|100/100
|turn|17
|
|t:|1663031523
|switch|p1a: Melmetal|Melmetal|53/100
|-damage|p1a: Melmetal|47/100|[from] Stealth Rock
|move|p2a: Seismitoad|Icy Wind|p1a: Melmetal
|-resisted|p1a: Melmetal
|-damage|p1a: Melmetal|41/100
|-unboost|p1a: Melmetal|spe|1
|-damage|p2a: Seismitoad|91/100|[from] item: Life Orb
|
|upkeep
|turn|18
|
|t:|1663031528
|switch|p2a: Pelipper|Pelipper, M|100/100 slp
|-weather|RainDance|[from] ability: Drizzle|[of] p2a: Pelipper
|switch|p1a: Weavile|Weavile, F|100/100
|-damage|p1a: Weavile|76/100|[from] Stealth Rock
|-ability|p1a: Weavile|Pressure
|
|-weather|RainDance|[upkeep]
|upkeep
|turn|19
|
|t:|1663031554
|switch|p2a: Barraskewda|Barraskewda, M|100/100
|move|p1a: Weavile|Triple Axel|p2a: Barraskewda
|-resisted|p2a: Barraskewda
|-damage|p2a: Barraskewda|86/100
|-resisted|p2a: Barraskewda
|-damage|p2a: Barraskewda|56/100
|-resisted|p2a: Barraskewda
|-crit|p2a: Barraskewda
|-damage|p2a: Barraskewda|0 fnt
|faint|p2a: Barraskewda
|-hitcount|p2: Barraskewda|3
|
|-weather|RainDance|[upkeep]
|upkeep
|
|t:|1663031556
|switch|p2a: Seismitoad|Seismitoad, F|91/100
|turn|20
|
|t:|1663031559
|switch|p1a: Melmetal|Melmetal|41/100
|-damage|p1a: Melmetal|35/100|[from] Stealth Rock
|move|p2a: Seismitoad|Weather Ball|p1a: Melmetal
|-damage|p1a: Melmetal|0 fnt
|faint|p1a: Melmetal
|-damage|p2a: Seismitoad|81/100|[from] item: Life Orb
|
|-weather|RainDance|[upkeep]
|upkeep
|
|t:|1663031559
|switch|p1a: Tangrowth|Tangrowth, M|89/100
|-damage|p1a: Tangrowth|77/100|[from] Stealth Rock
|turn|21
|
|t:|1663031562
|move|p2a: Seismitoad|Icy Wind|p1a: Tangrowth
|-supereffective|p1a: Tangrowth
|-damage|p1a: Tangrowth|14/100
|-unboost|p1a: Tangrowth|spe|1
|-damage|p2a: Seismitoad|71/100|[from] item: Life Orb
|move|p1a: Tangrowth|Giga Drain|p2a: Seismitoad
|-supereffective|p2a: Seismitoad
|-damage|p2a: Seismitoad|0 fnt
|-heal|p1a: Tangrowth|44/100|[from] drain|[of] p2a: Seismitoad
|faint|p2a: Seismitoad
|
|-weather|RainDance|[upkeep]
|upkeep
|
|t:|1663031565
|switch|p2a: Crawdaunt|Crawdaunt, F|91/100
|turn|22
|
|t:|1663031568
|move|p2a: Crawdaunt|Knock Off|p1a: Tangrowth
|-damage|p1a: Tangrowth|10/100
|-damage|p2a: Crawdaunt|81/100|[from] item: Life Orb
|move|p1a: Tangrowth|Giga Drain|p2a: Crawdaunt
|-supereffective|p2a: Crawdaunt
|-damage|p2a: Crawdaunt|0 fnt
|-heal|p1a: Tangrowth|37/100|[from] drain|[of] p2a: Crawdaunt
|faint|p2a: Crawdaunt
|
|-weather|RainDance|[upkeep]
|upkeep
|-message|CoconutCrabs forfeited.
|
|win|minimax_ai
|raw|minimax_ai's rating: 1562 &rarr; <strong>1590</strong><br />(+28 for winning)
|raw|CoconutCrabs's rating: 1700 &rarr; <strong>1672</strong><br />(-28 for losing)
|c|☆minimax_ai|gg
|l|☆CoconutCrabs
