|j|☆Oulaa
|j|☆Blue chen
|player|p1|Oulaa|acetrainer-gen2|1614
|player|p2|Blue chen|karen|1665
|teamsize|p1|6
|teamsize|p2|6
|gametype|singles
|gen|8
|tier|[Gen 8] OU
|rated|
|clearpoke
|poke|p1|Rillaboom, F|
|poke|p1|Magnezone|
|poke|p1|Marowak-Alola, M|
|poke|p1|Krookodile, F|
|poke|p1|Toxapex, M|
|poke|p1|Corviknight, F|
|poke|p2|Accelgor, M|
|poke|p2|Volcarona, M|
|poke|p2|Urshifu-*, M|
|poke|p2|Azumarill, M|
|poke|p2|Keldeo-Resolute|
|poke|p2|Magearna|
|rule|Sleep Clause Mod: Limit one foe put to sleep
|rule|Species Clause: Limit one of each Pokémon
|rule|OHKO Clause: OHKO moves are banned
|rule|Evasion Moves Clause: Evasion moves are banned
|rule|Endless Battle Clause: Forcing endless battles is banned
|rule|HP Percentage Mod: HP is shown in percentages
|rule|Dynamax Clause: You cannot dynamax
|teampreview
|
|start
|switch|p1a: Corviknight|Corviknight, F|100/100
|switch|p2a: Accelgor|Accelgor, M|100/100
|-ability|p1a: Corviknight|Pressure
|turn|1
|
|move|p2a: Accelgor|Spikes|p1a: Corviknight
|-sidestart|p1: Oulaa|Spikes
|move|p1a: Corviknight|Brave Bird|p2a: Accelgor
|-supereffective|p2a: Accelgor
|-enditem|p2a: Accelgor|Focus Sash
|-damage|p2a: Accelgor|1/100
|-damage|p1a: Corviknight|71/100|[from] Recoil
|
|-heal|p1a: Corviknight|77/100|[from] item: Leftovers
|upkeep
|turn|2
|
|move|p2a: Accelgor|Encore|p1a: Corviknight
|-start|p1a: Corviknight|Encore
|move|p1a: Corviknight|Brave Bird|p2a: Accelgor
|-supereffective|p2a: Accelgor
|-damage|p2a: Accelgor|0 fnt
|-damage|p1a: Corviknight|76/100|[from] Recoil
|faint|p2a: Accelgor
|
|-heal|p1a: Corviknight|82/100|[from] item: Leftovers
|upkeep
|
|switch|p2a: Azumarill|Azumarill, M|100/100
|turn|3
|
|switch|p1a: Rillaboom|Rillaboom, F|100/100
|-damage|p1a: Rillaboom|88/100|[from] Spikes
|-fieldstart|move: Grassy Terrain|[from] ability: Grassy Surge|[of] p1a: Rillaboom
|move|p2a: Azumarill|Knock Off|p1a: Rillaboom
|-damage|p1a: Rillaboom|44/100
|-enditem|p1a: Rillaboom|Choice Band|[from] move: Knock Off|[of] p2a: Azumarill
|
|-heal|p1a: Rillaboom|51/100|[from] Grassy Terrain
|upkeep
|turn|4
|
|switch|p2a: Volcarona|Volcarona, M|100/100
|move|p1a: Rillaboom|U-turn|p2a: Volcarona
|-resisted|p2a: Volcarona
|-damage|p2a: Volcarona|82/100
|-status|p1a: Rillaboom|brn|[from] ability: Flame Body|[of] p2a: Volcarona
|
|switch|p1a: Marowak|Marowak-Alola, M|100/100|[from]move: U-turn
|-damage|p1a: Marowak|88/100|[from] Spikes
|
|-heal|p2a: Volcarona|88/100|[from] Grassy Terrain
|-heal|p1a: Marowak|94/100|[from] Grassy Terrain
|upkeep
|turn|5
|
|switch|p2a: Urshifu|Urshifu, M|100/100
|move|p1a: Marowak|Shadow Bone|p2a: Urshifu
|-resisted|p2a: Urshifu
|-damage|p2a: Urshifu|66/100
|
|-heal|p2a: Urshifu|72/100|[from] item: Leftovers
|-heal|p2a: Urshifu|79/100|[from] Grassy Terrain
|-heal|p1a: Marowak|100/100|[from] Grassy Terrain
|upkeep
|turn|6
|
|switch|p1a: Toxapex|Toxapex, M|100/100
|-damage|p1a: Toxapex|88/100|[from] Spikes
|move|p2a: Urshifu|Bulk Up|p2a: Urshifu
|-boost|p2a: Urshifu|atk|1
|-boost|p2a: Urshifu|def|1
|
|-heal|p2a: Urshifu|85/100|[from] item: Leftovers
|-heal|p2a: Urshifu|91/100|[from] Grassy Terrain
|-heal|p1a: Toxapex|94/100|[from] item: Black Sludge
|-heal|p1a: Toxapex|100/100|[from] Grassy Terrain
|upkeep
|turn|7
|
|move|p2a: Urshifu|Wicked Blow|p1a: Toxapex
|-crit|p1a: Toxapex
|-damage|p1a: Toxapex|49/100
|move|p1a: Toxapex|Haze|p1a: Toxapex
|-clearallboost
|
|-heal|p2a: Urshifu|97/100|[from] item: Leftovers
|-heal|p2a: Urshifu|100/100|[from] Grassy Terrain
|-heal|p1a: Toxapex|55/100|[from] item: Black Sludge
|-heal|p1a: Toxapex|61/100|[from] Grassy Terrain
|-fieldend|move: Grassy Terrain
|upkeep
|turn|8
|
|switch|p2a: Keldeo|Keldeo-Resolute|100/100
|move|p1a: Toxapex|Recover|p1a: Toxapex
|-heal|p1a: Toxapex|100/100
|
|upkeep
|turn|9
|
|switch|p1a: Rillaboom|Rillaboom, F|51/100 brn
|-damage|p1a: Rillaboom|38/100 brn|[from] Spikes
|-fieldstart|move: Grassy Terrain|[from] ability: Grassy Surge|[of] p1a: Rillaboom
|move|p2a: Keldeo|Substitute|p2a: Keldeo
|-start|p2a: Keldeo|Substitute
|-damage|p2a: Keldeo|75/100
|
|-heal|p2a: Keldeo|82/100|[from] item: Leftovers
|-heal|p2a: Keldeo|88/100|[from] Grassy Terrain
|-heal|p1a: Rillaboom|44/100 brn|[from] Grassy Terrain
|-damage|p1a: Rillaboom|38/100 brn|[from] brn
|upkeep
|turn|10
|
|move|p1a: Rillaboom|Grassy Glide|p2a: Keldeo
|-supereffective|p2a: Keldeo
|-end|p2a: Keldeo|Substitute
|move|p2a: Keldeo|Secret Sword|p1a: Rillaboom
|-damage|p1a: Rillaboom|0 fnt
|faint|p1a: Rillaboom
|
|-heal|p2a: Keldeo|94/100|[from] item: Leftovers
|-heal|p2a: Keldeo|99/100|[from] Grassy Terrain
|upkeep
|
|switch|p1a: Corviknight|Corviknight, F|82/100
|-ability|p1a: Corviknight|Pressure
|turn|11
|
|move|p2a: Keldeo|Calm Mind|p2a: Keldeo
|-boost|p2a: Keldeo|spa|1
|-boost|p2a: Keldeo|spd|1
|move|p1a: Corviknight|Brave Bird|p2a: Keldeo
|-supereffective|p2a: Keldeo
|-damage|p2a: Keldeo|13/100
|-damage|p1a: Corviknight|59/100|[from] Recoil
|
|-heal|p2a: Keldeo|19/100|[from] item: Leftovers
|-heal|p2a: Keldeo|25/100|[from] Grassy Terrain
|-heal|p1a: Corviknight|65/100|[from] item: Leftovers
|upkeep
|turn|12
|
|move|p2a: Keldeo|Secret Sword|p1a: Corviknight
|-damage|p1a: Corviknight|7/100
|move|p1a: Corviknight|Brave Bird|p2a: Keldeo
|-supereffective|p2a: Keldeo
|-damage|p2a: Keldeo|0 fnt
|-damage|p1a: Corviknight|0 fnt|[from] Recoil
|faint|p2a: Keldeo
|faint|p1a: Corviknight
|
|upkeep
|
|switch|p2a: Urshifu|Urshifu, M|100/100
|switch|p1a: Toxapex|Toxapex, M|100/100
|-damage|p1a: Toxapex|88/100|[from] Spikes
|turn|13
|
|move|p2a: Urshifu|Substitute|p2a: Urshifu
|-start|p2a: Urshifu|Substitute
|-damage|p2a: Urshifu|76/100
|move|p1a: Toxapex|Toxic Spikes|p2a: Urshifu
|-sidestart|p2: Blue chen|move: Toxic Spikes
|
|-heal|p2a: Urshifu|82/100|[from] item: Leftovers
|-heal|p2a: Urshifu|88/100|[from] Grassy Terrain
|-heal|p1a: Toxapex|94/100|[from] item: Black Sludge
|-heal|p1a: Toxapex|100/100|[from] Grassy Terrain
|-fieldend|move: Grassy Terrain
|upkeep
|turn|14
|
|move|p2a: Urshifu|Bulk Up|p2a: Urshifu
|-boost|p2a: Urshifu|atk|1
|-boost|p2a: Urshifu|def|1
|move|p1a: Toxapex|Scald|p2a: Urshifu
|-activate|p2a: Urshifu|move: Substitute|[damage]
|
|-heal|p2a: Urshifu|94/100|[from] item: Leftovers
|upkeep
|turn|15
|
|move|p2a: Urshifu|Wicked Blow|p1a: Toxapex
|-crit|p1a: Toxapex
|-damage|p1a: Toxapex|48/100
|move|p1a: Toxapex|Haze|p1a: Toxapex
|-clearallboost
|
|-heal|p2a: Urshifu|99/100|[from] item: Leftovers
|-heal|p1a: Toxapex|54/100|[from] item: Black Sludge
|upkeep
|turn|16
|
|switch|p2a: Azumarill|Azumarill, M|100/100
|-status|p2a: Azumarill|psn
|move|p1a: Toxapex|Recover|p1a: Toxapex
|-heal|p1a: Toxapex|100/100
|
|-damage|p2a: Azumarill|88/100 psn|[from] psn
|upkeep
|turn|17
|
|move|p2a: Azumarill|Knock Off|p1a: Toxapex
|-damage|p1a: Toxapex|78/100
|-enditem|p1a: Toxapex|Black Sludge|[from] move: Knock Off|[of] p2a: Azumarill
|move|p1a: Toxapex|Haze|p1a: Toxapex
|-clearallboost
|
|-damage|p2a: Azumarill|76/100 psn|[from] psn
|upkeep
|turn|18
|
|switch|p2a: Volcarona|Volcarona, M|88/100
|move|p1a: Toxapex|Haze|p1a: Toxapex
|-clearallboost
|
|upkeep
|turn|19
|
|switch|p1a: Marowak|Marowak-Alola, M|100/100
|-damage|p1a: Marowak|88/100|[from] Spikes
|move|p2a: Volcarona|Quiver Dance|p2a: Volcarona
|-boost|p2a: Volcarona|spa|1
|-boost|p2a: Volcarona|spd|1
|-boost|p2a: Volcarona|spe|1
|
|upkeep
|turn|20
|
|switch|p2a: Azumarill|Azumarill, M|76/100 psn
|move|p1a: Marowak|Shadow Bone|p2a: Azumarill
|-damage|p2a: Azumarill|0 fnt
|faint|p2a: Azumarill
|
|upkeep
|
|switch|p2a: Urshifu|Urshifu, M|99/100
|-status|p2a: Urshifu|psn
|turn|21
|
|switch|p1a: Krookodile|Krookodile, F|100/100
|-damage|p1a: Krookodile|88/100|[from] Spikes
|move|p2a: Urshifu|Wicked Blow|p1a: Krookodile
|-resisted|p1a: Krookodile
|-crit|p1a: Krookodile
|-damage|p1a: Krookodile|49/100
|-setboost|p1a: Krookodile|atk|12|[from] ability: Anger Point
|
|-heal|p2a: Urshifu|100/100 psn|[from] item: Leftovers
|-damage|p2a: Urshifu|88/100 psn|[from] psn
|upkeep
|turn|22
|
|move|p1a: Krookodile|Earthquake|p2a: Urshifu
|-damage|p2a: Urshifu|0 fnt
|faint|p2a: Urshifu
|
|upkeep
|-message|Blue chen forfeited.
|
|win|Oulaa
|l|☆Blue chen
||Ladder (probably) updated, but score could not be retrieved (Request timeout).
