|j|☆Makuryu
|j|☆310YM4N74N3R0
|t:|1656860656
|gametype|singles
|player|p1|Makuryu|koga|1771
|player|p2|310YM4N74N3R0|grimsley|1732
|teamsize|p1|6
|teamsize|p2|6
|gen|8
|tier|[Gen 8] OU
|rated|
|rule|Sleep Clause Mod: Limit one foe put to sleep
|rule|Species Clause: Limit one of each Pokémon
|rule|OHKO Clause: OHKO moves are banned
|rule|Evasion Moves Clause: Evasion moves are banned
|rule|Endless Battle Clause: Forcing endless battles is banned
|rule|HP Percentage Mod: HP is shown in percentages
|rule|Dynamax Clause: You cannot dynamax
|clearpoke
|poke|p1|Garchomp, M|
|poke|p1|Ferrothorn, F|
|poke|p1|Heatran, F|
|poke|p1|Zapdos|
|poke|p1|Tapu Fini|
|poke|p1|Weavile, M|
|poke|p2|Landorus-Therian, M|
|poke|p2|Ferrothorn, F|
|poke|p2|Volcanion|
|poke|p2|Rillaboom, M|
|poke|p2|Zapdos|
|poke|p2|Tyranitar, F|
|teampreview
|inactive|Battle timer is ON: inactive players will automatically lose when time's up. (requested by 310YM4N74N3R0)
|j| Strenghtgod
|
|t:|1656860694
|start
|switch|p1a: Weavile|Weavile, M|100/100
|switch|p2a: Landorus|Landorus-Therian, M|100/100
|-ability|p2a: Landorus|Intimidate|boost
|-unboost|p1a: Weavile|atk|1
|-ability|p1a: Weavile|Pressure
|turn|1
|j| my emoji is goat
|j| SuperNUTZ126
|inactive|Makuryu has 120 seconds left.
|
|t:|1656860737
|switch|p1a: Heatran|Heatran, F|100/100
|-item|p1a: Heatran|Air Balloon
|move|p2a: Landorus|U-turn|p1a: Heatran
|-resisted|p1a: Heatran
|-damage|p1a: Heatran|94/100
|-enditem|p1a: Heatran|Air Balloon
|inactive|310YM4N74N3R0 has 120 seconds left.
|
|t:|1656860760
|switch|p2a: Volcanion|Volcanion|100/100|[from]move: U-turn
|
|upkeep
|turn|2
|
|t:|1656860765
|switch|p1a: Tapu Fini|Tapu Fini|100/100
|-fieldstart|move: Misty Terrain|[from] ability: Misty Surge|[of] p1a: Tapu Fini
|move|p2a: Volcanion|Scorching Sands|p1a: Tapu Fini
|-damage|p1a: Tapu Fini|80/100
|
|-heal|p1a: Tapu Fini|87/100|[from] item: Leftovers
|upkeep
|turn|3
|
|t:|1656860775
|move|p1a: Tapu Fini|Nature's Madness|p2a: Volcanion
|-damage|p2a: Volcanion|51/100
|move|p2a: Volcanion|Sludge Wave|p1a: Tapu Fini
|-supereffective|p1a: Tapu Fini
|-damage|p1a: Tapu Fini|38/100
|
|-heal|p1a: Tapu Fini|44/100|[from] item: Leftovers
|upkeep
|turn|4
|
|t:|1656860784
|move|p1a: Tapu Fini|Nature's Madness|p2a: Volcanion
|-damage|p2a: Volcanion|26/100
|move|p2a: Volcanion|Scorching Sands|p1a: Tapu Fini
|-damage|p1a: Tapu Fini|25/100
|
|-heal|p1a: Tapu Fini|32/100|[from] item: Leftovers
|upkeep
|turn|5
|
|t:|1656860795
|move|p1a: Tapu Fini|Moonblast|p2a: Volcanion
|-resisted|p2a: Volcanion
|-damage|p2a: Volcanion|16/100
|move|p2a: Volcanion|Sludge Wave|p1a: Tapu Fini
|-supereffective|p1a: Tapu Fini
|-damage|p1a: Tapu Fini|0 fnt
|faint|p1a: Tapu Fini
|
|upkeep
|
|t:|1656860806
|switch|p1a: Weavile|Weavile, M|100/100
|-ability|p1a: Weavile|Pressure
|turn|6
|
|t:|1656860812
|switch|p2a: Ferrothorn|Ferrothorn, F, shiny|100/100
|move|p1a: Weavile|Knock Off|p2a: Ferrothorn
|-damage|p2a: Ferrothorn|52/100
|-damage|p1a: Weavile|88/100|[from] ability: Iron Barbs|[of] p2a: Ferrothorn
|-enditem|p2a: Ferrothorn|Mental Herb|[from] move: Knock Off|[of] p1a: Weavile
|
|-fieldend|Misty Terrain
|upkeep
|turn|7
|
|t:|1656860822
|switch|p1a: Ferrothorn|Ferrothorn, F|100/100
|move|p2a: Ferrothorn|Body Press|p1a: Ferrothorn
|-supereffective|p1a: Ferrothorn
|-damage|p1a: Ferrothorn|64/100
|-damage|p2a: Ferrothorn|39/100|[from] ability: Iron Barbs|[of] p1a: Ferrothorn
|-damage|p2a: Ferrothorn|23/100|[from] item: Rocky Helmet|[of] p1a: Ferrothorn
|
|upkeep
|turn|8
|
|t:|1656860832
|move|p2a: Ferrothorn|Spikes|p1a: Ferrothorn
|-sidestart|p1: Makuryu|Spikes
|move|p1a: Ferrothorn|Spikes|p2a: Ferrothorn
|-sidestart|p2: 310YM4N74N3R0|Spikes
|
|upkeep
|turn|9
|
|t:|1656860837
|switch|p2a: Zapdos|Zapdos|100/100
|move|p1a: Ferrothorn|Spikes|p2a: Zapdos
|-sidestart|p2: 310YM4N74N3R0|Spikes
|
|upkeep
|turn|10
|
|t:|1656860845
|move|p2a: Zapdos|Defog|p1a: Ferrothorn
|-unboost|p1a: Ferrothorn|evasion|1
|-sideend|p1: Makuryu|Spikes|[from] move: Defog|[of] p2a: Zapdos
|-sideend|p2: 310YM4N74N3R0|Spikes|[from] move: Defog|[of] p2a: Zapdos
|move|p1a: Ferrothorn|Knock Off|p2a: Zapdos
|-damage|p2a: Zapdos|75/100
|-enditem|p2a: Zapdos|Heavy-Duty Boots|[from] move: Knock Off|[of] p1a: Ferrothorn
|
|upkeep
|turn|11
|
|t:|1656860853
|switch|p1a: Heatran|Heatran, F|94/100
|move|p2a: Zapdos|Heat Wave|p1a: Heatran
|-start|p1a: Heatran|ability: Flash Fire
|
|upkeep
|turn|12
|
|t:|1656860861
|switch|p2a: Volcanion|Volcanion|16/100
|move|p1a: Heatran|Stealth Rock|p2a: Volcanion
|-sidestart|p2: 310YM4N74N3R0|move: Stealth Rock
|
|upkeep
|turn|13
|
|t:|1656860868
|move|p1a: Heatran|Earth Power|p2a: Volcanion
|-supereffective|p2a: Volcanion
|-damage|p2a: Volcanion|0 fnt
|faint|p2a: Volcanion
|
|upkeep
|
|t:|1656860876
|switch|p2a: Tyranitar|Tyranitar, F, shiny|100/100
|-damage|p2a: Tyranitar|88/100|[from] Stealth Rock
|-weather|Sandstorm|[from] ability: Sand Stream|[of] p2a: Tyranitar
|turn|14
|inactive|Makuryu has 120 seconds left.
|
|t:|1656860906
|-end|p1a: Heatran|ability: Flash Fire|[silent]
|switch|p1a: Ferrothorn|Ferrothorn, F|64/100
|move|p2a: Tyranitar|Dragon Dance|p2a: Tyranitar
|-boost|p2a: Tyranitar|atk|1
|-boost|p2a: Tyranitar|spe|1
|
|-weather|Sandstorm|[upkeep]
|upkeep
|turn|15
|j| 50 at max
|inactive|Makuryu has 120 seconds left.
|
|t:|1656860920
|move|p2a: Tyranitar|Fire Punch|p1a: Ferrothorn
|-supereffective|p1a: Ferrothorn
|-damage|p1a: Ferrothorn|0 fnt
|-damage|p2a: Tyranitar|76/100|[from] ability: Iron Barbs|[of] p1a: Ferrothorn
|-damage|p2a: Tyranitar|59/100|[from] item: Rocky Helmet|[of] p1a: Ferrothorn
|faint|p1a: Ferrothorn
|
|-weather|Sandstorm|[upkeep]
|upkeep
|inactive|Makuryu has 120 seconds left.
|
|t:|1656860927
|switch|p1a: Weavile|Weavile, M|88/100
|-ability|p1a: Weavile|Pressure
|turn|16
|
|t:|1656860932
|move|p1a: Weavile|Low Kick|p2a: Tyranitar
|-supereffective|p2a: Tyranitar
|-damage|p2a: Tyranitar|0 fnt
|faint|p2a: Tyranitar
|
|-weather|Sandstorm|[upkeep]
|-damage|p1a: Weavile|82/100|[from] Sandstorm
|upkeep
|
|t:|1656860943
|switch|p2a: Landorus|Landorus-Therian, M|100/100
|-damage|p2a: Landorus|88/100|[from] Stealth Rock
|-ability|p2a: Landorus|Intimidate|boost
|-unboost|p1a: Weavile|atk|1
|turn|17
|
|t:|1656860954
|switch|p1a: Garchomp|Garchomp, M|100/100
|move|p2a: Landorus|Earthquake|p1a: Garchomp
|-damage|p1a: Garchomp|37/100
|
|-weather|Sandstorm|[upkeep]
|-heal|p1a: Garchomp|44/100|[from] item: Leftovers
|upkeep
|turn|18
|
|t:|1656860962
|move|p2a: Landorus|Earthquake|p1a: Garchomp
|-damage|p1a: Garchomp|0 fnt
|faint|p1a: Garchomp
|
|-weather|none
|upkeep
|
|t:|1656860967
|switch|p1a: Weavile|Weavile, M|82/100
|-ability|p1a: Weavile|Pressure
|turn|19
|
|t:|1656860974
|switch|p2a: Ferrothorn|Ferrothorn, F, shiny|23/100
|-damage|p2a: Ferrothorn|16/100|[from] Stealth Rock
|move|p1a: Weavile|Ice Shard|p2a: Ferrothorn
|-damage|p2a: Ferrothorn|0 fnt
|faint|p2a: Ferrothorn
|
|upkeep
|
|t:|1656860988
|switch|p2a: Rillaboom|Rillaboom, M, shiny|100/100
|-damage|p2a: Rillaboom|88/100|[from] Stealth Rock
|-fieldstart|move: Grassy Terrain|[from] ability: Grassy Surge|[of] p2a: Rillaboom
|turn|20
|
|t:|1656860995
|switch|p1a: Zapdos|Zapdos|100/100
|move|p2a: Rillaboom|Hammer Arm|p1a: Zapdos
|-resisted|p1a: Zapdos
|-crit|p1a: Zapdos
|-damage|p1a: Zapdos|62/100
|-unboost|p2a: Rillaboom|spe|1
|-status|p2a: Rillaboom|par|[from] ability: Static|[of] p1a: Zapdos
|-damage|p2a: Rillaboom|78/100 par|[from] item: Life Orb
|
|-heal|p2a: Rillaboom|84/100 par|[from] Grassy Terrain
|upkeep
|turn|21
|j| 7lock
|
|t:|1656861014
|switch|p2a: Zapdos|Zapdos|75/100
|-damage|p2a: Zapdos|50/100|[from] Stealth Rock
|move|p1a: Zapdos|Volt Switch|p2a: Zapdos
|-damage|p2a: Zapdos|8/100
|
|t:|1656861020
|switch|p1a: Weavile|Weavile, M|82/100|[from]move: Volt Switch
|-ability|p1a: Weavile|Pressure
|
|-heal|p1a: Weavile|88/100|[from] Grassy Terrain
|upkeep
|turn|22
|
|t:|1656861032
|move|p1a: Weavile|Ice Shard|p2a: Zapdos
|-supereffective|p2a: Zapdos
|-damage|p2a: Zapdos|0 fnt
|faint|p2a: Zapdos
|
|-heal|p1a: Weavile|94/100|[from] Grassy Terrain
|upkeep
|
|t:|1656861040
|switch|p2a: Rillaboom|Rillaboom, M, shiny|84/100 par
|-damage|p2a: Rillaboom|72/100 par|[from] Stealth Rock
|turn|23
|
|t:|1656861048
|switch|p1a: Heatran|Heatran, F|94/100
|move|p2a: Rillaboom|Grassy Glide|p1a: Heatran
|-resisted|p1a: Heatran
|-damage|p1a: Heatran|78/100
|-damage|p2a: Rillaboom|62/100 par|[from] item: Life Orb
|
|-heal|p1a: Heatran|84/100|[from] Grassy Terrain
|-heal|p2a: Rillaboom|68/100 par|[from] Grassy Terrain
|upkeep
|turn|24
|
|t:|1656861058
|move|p1a: Heatran|Magma Storm|p2a: Rillaboom|[miss]
|-miss|p1a: Heatran|p2a: Rillaboom
|move|p2a: Rillaboom|High Horsepower|p1a: Heatran
|-supereffective|p1a: Heatran
|-damage|p1a: Heatran|0 fnt
|faint|p1a: Heatran
|-damage|p2a: Rillaboom|58/100 par|[from] item: Life Orb
|
|-heal|p2a: Rillaboom|65/100 par|[from] Grassy Terrain
|-fieldend|move: Grassy Terrain
|upkeep
|
|t:|1656861071
|switch|p1a: Weavile|Weavile, M|94/100
|-ability|p1a: Weavile|Pressure
|turn|25
|c|☆310YM4N74N3R0|Sorry
|
|t:|1656861095
|switch|p2a: Landorus|Landorus-Therian, M|88/100
|-damage|p2a: Landorus|76/100|[from] Stealth Rock
|-ability|p2a: Landorus|Intimidate|boost
|-unboost|p1a: Weavile|atk|1
|move|p1a: Weavile|Knock Off|p2a: Landorus
|-crit|p2a: Landorus
|-damage|p2a: Landorus|0 fnt
|-enditem|p2a: Landorus|Choice Scarf|[from] move: Knock Off|[of] p1a: Weavile
|faint|p2a: Landorus
|
|upkeep
|
|t:|1656861097
|switch|p2a: Rillaboom|Rillaboom, M, shiny|65/100 par
|-damage|p2a: Rillaboom|52/100 par|[from] Stealth Rock
|-fieldstart|move: Grassy Terrain|[from] ability: Grassy Surge|[of] p2a: Rillaboom
|turn|26
|
|t:|1656861108
|switch|p1a: Zapdos|Zapdos|62/100
|cant|p2a: Rillaboom|par
|
|-heal|p2a: Rillaboom|58/100 par|[from] Grassy Terrain
|upkeep
|turn|27
|
|t:|1656861114
|move|p1a: Zapdos|Hurricane|p2a: Rillaboom
|-supereffective|p2a: Rillaboom
|-damage|p2a: Rillaboom|0 fnt
|faint|p2a: Rillaboom
|
|win|Makuryu
|raw|Makuryu's rating: 1771 &rarr; <strong>1789</strong><br />(+18 for winning)
|raw|310YM4N74N3R0's rating: 1732 &rarr; <strong>1714</strong><br />(-18 for losing)
|l|☆Makuryu
|l|☆310YM4N74N3R0
|l| 7lock
||Ladder isn't responding, score probably updated but might not have (Request timeout).
|l| 50 at max
