|j|☆mickey m
|j|☆UnLucky Luoro
|t:|1604393991
|player|p1|mickey m|101|1288
|player|p2|UnLucky Luoro|ryuki|1256
|teamsize|p1|6
|teamsize|p2|6
|gametype|singles
|gen|8
|tier|[Gen 8] OU
|rated|
|clearpoke
|poke|p1|Crawdaunt, F|
|poke|p1|Moltres-Galar|
|poke|p1|Dragonite, F|
|poke|p1|Cinderace, F|
|poke|p1|Rillaboom, M|
|poke|p1|Blaziken, M|
|poke|p2|Clefable, M|
|poke|p2|Zygarde|
|poke|p2|Toxapex, M|
|poke|p2|Tornadus-Therian, M|
|poke|p2|Heatran, M|
|poke|p2|Tapu Bulu|
|rule|Sleep Clause Mod: Limit one foe put to sleep
|rule|Species Clause: Limit one of each Pokémon
|rule|OHKO Clause: OHKO moves are banned
|rule|Evasion Moves Clause: Evasion moves are banned
|rule|Endless Battle Clause: Forcing endless battles is banned
|rule|HP Percentage Mod: HP is shown in percentages
|rule|Dynamax Clause: You cannot dynamax
|teampreview
|
|t:|1604394017
|start
|switch|p1a: Crawdaunt|Crawdaunt, F|100/100
|switch|p2a: Tornadus|Tornadus-Therian, M|100/100
|turn|1
|inactive|Battle timer is ON: inactive players will automatically lose when time's up. (requested by mickey m)
|
|t:|1604394032
|switch|p2a: Clefable|Clefable, M|100/100
|move|p1a: Crawdaunt|Swords Dance|p1a: Crawdaunt
|-boost|p1a: Crawdaunt|atk|2
|
|upkeep
|turn|2
|
|t:|1604394038
|move|p1a: Crawdaunt|Knock Off|p2a: Clefable
|-resisted|p2a: Clefable
|-damage|p2a: Clefable|63/100
|-enditem|p2a: Clefable|Leftovers|[from] move: Knock Off|[of] p1a: Crawdaunt
|-damage|p1a: Crawdaunt|91/100|[from] item: Life Orb
|move|p2a: Clefable|Moonblast|p1a: Crawdaunt
|-supereffective|p1a: Crawdaunt
|-damage|p1a: Crawdaunt|0 fnt
|faint|p1a: Crawdaunt
|
|upkeep
|
|t:|1604394056
|switch|p1a: Rillaboom|Rillaboom, M|100/100
|-fieldstart|move: Grassy Terrain|[from] ability: Grassy Surge|[of] p1a: Rillaboom
|-enditem|p1a: Rillaboom|Grassy Seed
|-boost|p1a: Rillaboom|def|1|[from] item: Grassy Seed
|turn|3
|
|t:|1604394062
|move|p1a: Rillaboom|Swords Dance|p1a: Rillaboom
|-boost|p1a: Rillaboom|atk|2
|move|p2a: Clefable|Thunder Wave|p1a: Rillaboom
|-status|p1a: Rillaboom|par
|
|-heal|p2a: Clefable|69/100|[from] Grassy Terrain
|upkeep
|turn|4
|
|t:|1604394069
|move|p2a: Clefable|Soft-Boiled|p2a: Clefable
|-heal|p2a: Clefable|100/100
|move|p1a: Rillaboom|Swords Dance|p1a: Rillaboom
|-boost|p1a: Rillaboom|atk|2
|
|upkeep
|turn|5
|
|t:|1604394074
|move|p1a: Rillaboom|Grassy Glide|p2a: Clefable
|-damage|p2a: Clefable|65/100
|move|p2a: Clefable|Moonblast|p1a: Rillaboom
|-damage|p1a: Rillaboom|60/100 par
|
|-heal|p2a: Clefable|71/100|[from] Grassy Terrain
|-heal|p1a: Rillaboom|66/100 par|[from] Grassy Terrain
|upkeep
|turn|6
|
|t:|1604394084
|move|p2a: Clefable|Moonblast|p1a: Rillaboom
|-damage|p1a: Rillaboom|25/100 par
|move|p1a: Rillaboom|Acrobatics|p2a: Clefable
|-damage|p2a: Clefable|44/100
|
|-heal|p2a: Clefable|50/100|[from] Grassy Terrain
|-heal|p1a: Rillaboom|31/100 par|[from] Grassy Terrain
|upkeep
|turn|7
|
|t:|1604394093
|move|p1a: Rillaboom|Grassy Glide|p2a: Clefable
|-damage|p2a: Clefable|16/100
|move|p2a: Clefable|Moonblast|p1a: Rillaboom
|-damage|p1a: Rillaboom|0 fnt
|faint|p1a: Rillaboom
|
|-heal|p2a: Clefable|23/100|[from] Grassy Terrain
|-fieldend|move: Grassy Terrain
|upkeep
|
|t:|1604394109
|switch|p1a: Blaziken|Blaziken, M|100/100
|turn|8
|
|t:|1604394114
|move|p1a: Blaziken|Swords Dance|p1a: Blaziken
|-boost|p1a: Blaziken|atk|2
|move|p2a: Clefable|Thunder Wave|p1a: Blaziken
|-status|p1a: Blaziken|par
|
|-ability|p1a: Blaziken|Speed Boost|boost
|-boost|p1a: Blaziken|spe|1
|upkeep
|turn|9
|
|t:|1604394126
|cant|p1a: Blaziken|par
|move|p2a: Clefable|Soft-Boiled|p2a: Clefable
|-heal|p2a: Clefable|73/100
|
|-ability|p1a: Blaziken|Speed Boost|boost
|-boost|p1a: Blaziken|spe|1
|upkeep
|turn|10
|
|t:|1604394132
|move|p1a: Blaziken|Brave Bird|p2a: Clefable
|-damage|p2a: Clefable|35/100
|-damage|p1a: Blaziken|84/100 par|[from] Recoil
|-damage|p1a: Blaziken|74/100 par|[from] item: Life Orb
|move|p2a: Clefable|Moonblast|p1a: Blaziken
|-damage|p1a: Blaziken|31/100 par
|
|-ability|p1a: Blaziken|Speed Boost|boost
|-boost|p1a: Blaziken|spe|1
|upkeep
|turn|11
|
|t:|1604394142
|move|p1a: Blaziken|Flare Blitz|p2a: Clefable
|-damage|p2a: Clefable|0 fnt
|-damage|p1a: Blaziken|16/100 par|[from] Recoil
|-damage|p1a: Blaziken|6/100 par|[from] item: Life Orb
|faint|p2a: Clefable
|
|-ability|p1a: Blaziken|Speed Boost|boost
|-boost|p1a: Blaziken|spe|1
|upkeep
|
|t:|1604394150
|switch|p2a: Toxapex|Toxapex, M|100/100
|turn|12
|
|t:|1604394156
|move|p1a: Blaziken|Brave Bird|p2a: Toxapex
|-damage|p2a: Toxapex|17/100
|-damage|p1a: Blaziken|0 fnt|[from] item: Rocky Helmet|[of] p2a: Toxapex
|faint|p1a: Blaziken
|move|p2a: Toxapex|Recover|p2a: Toxapex
|-heal|p2a: Toxapex|67/100
|
|upkeep
|
|t:|1604394166
|switch|p1a: Dragonite|Dragonite, F|100/100
|turn|13
|
|t:|1604394171
|move|p1a: Dragonite|Dragon Dance|p1a: Dragonite
|-boost|p1a: Dragonite|atk|1
|-boost|p1a: Dragonite|spe|1
|move|p2a: Toxapex|Scald|p1a: Dragonite
|-resisted|p1a: Dragonite
|-damage|p1a: Dragonite|96/100
|
|upkeep
|turn|14
|
|t:|1604394177
|move|p1a: Dragonite|Earthquake|p2a: Toxapex
|-supereffective|p2a: Toxapex
|-damage|p2a: Toxapex|0 fnt
|faint|p2a: Toxapex
|
|upkeep
|
|t:|1604394186
|switch|p2a: Tapu Bulu|Tapu Bulu|100/100
|-fieldstart|move: Grassy Terrain|[from] ability: Grassy Surge|[of] p2a: Tapu Bulu
|turn|15
|
|t:|1604394194
|move|p1a: Dragonite|Extreme Speed|p2a: Tapu Bulu
|-damage|p2a: Tapu Bulu|55/100
|move|p2a: Tapu Bulu|Stone Edge|p1a: Dragonite
|-supereffective|p1a: Dragonite
|-damage|p1a: Dragonite|0 fnt
|faint|p1a: Dragonite
|
|-heal|p2a: Tapu Bulu|61/100|[from] Grassy Terrain
|upkeep
|
|t:|1604394203
|switch|p1a: Moltres|Moltres-Galar|100/100
|turn|16
|
|t:|1604394213
|move|p1a: Moltres|Agility|p1a: Moltres
|-boost|p1a: Moltres|spe|2
|move|p2a: Tapu Bulu|Stone Edge|p1a: Moltres
|-supereffective|p1a: Moltres
|-damage|p1a: Moltres|0 fnt
|faint|p1a: Moltres
|
|-heal|p2a: Tapu Bulu|67/100|[from] Grassy Terrain
|upkeep
|-message|mickey m forfeited.
|
|win|UnLucky Luoro
|l|☆mickey m
||Ladder (probably) updated, but score could not be retrieved (Request timeout).
