|j|☆rgsdg
|j|☆Darkman64
|t:|1662782909
|gametype|singles
|player|p1|rgsdg|furisodegirl-black|1526
|player|p2|Darkman64|juan|1573
|teamsize|p1|6
|teamsize|p2|6
|gen|8
|tier|[Gen 8] OU
|rated|
|rule|Sleep Clause Mod: Limit one foe put to sleep
|rule|Species Clause: Limit one of each Pokémon
|rule|OHKO Clause: OHKO moves are banned
|rule|Evasion Items Clause: Evasion items are banned
|rule|Evasion Moves Clause: Evasion moves are banned
|rule|Endless Battle Clause: Forcing endless battles is banned
|rule|HP Percentage Mod: HP is shown in percentages
|rule|Dynamax Clause: You cannot dynamax
|clearpoke
|poke|p1|Magnezone|
|poke|p1|Kartana|
|poke|p1|Rillaboom, M|
|poke|p1|Volcanion|
|poke|p1|Kommo-o, F|
|poke|p1|Corviknight, M|
|poke|p2|Weavile, M|
|poke|p2|Slowbro, M|
|poke|p2|Landorus-Therian, M|
|poke|p2|Urshifu-*, M|
|poke|p2|Ferrothorn, M|
|poke|p2|Clefable, M|
|teampreview
|inactive|Battle timer is ON: inactive players will automatically lose when time's up. (requested by rgsdg)
|
|t:|1662782914
|start
|switch|p1a: Volcanion|Volcanion|100/100
|switch|p2a: Weavile|Weavile, M|100/100
|-ability|p2a: Weavile|Pressure
|turn|1
|
|t:|1662782919
|switch|p2a: Slowbro|Slowbro, M|100/100
|move|p1a: Volcanion|Steam Eruption|p2a: Slowbro
|-resisted|p2a: Slowbro
|-damage|p2a: Slowbro|71/100
|
|upkeep
|turn|2
|
|t:|1662782925
|switch|p1a: Magnezone|Magnezone|100/100
|move|p2a: Slowbro|Future Sight|p1a: Magnezone
|-start|p2a: Slowbro|move: Future Sight
|
|upkeep
|turn|3
|
|t:|1662782931
|switch|p1a: Corviknight|Corviknight, M|100/100
|-ability|p1a: Corviknight|Pressure
|switch|p2a: Landorus|Landorus-Therian, M|100/100
|-ability|p2a: Landorus|Intimidate|boost
|-unboost|p1a: Corviknight|atk|1
|
|upkeep
|turn|4
|
|t:|1662782934
|switch|p2a: Ferrothorn|Ferrothorn, M|100/100
|move|p1a: Corviknight|Body Press|p2a: Ferrothorn
|-supereffective|p2a: Ferrothorn
|-damage|p2a: Ferrothorn|70/100
|-damage|p1a: Corviknight|88/100|[from] ability: Iron Barbs|[of] p2a: Ferrothorn
|
|-end|p1a: Corviknight|move: Future Sight
|-resisted|p1a: Corviknight
|-damage|p1a: Corviknight|68/100
|-heal|p1a: Corviknight|74/100|[from] item: Leftovers
|-heal|p2a: Ferrothorn|77/100|[from] item: Leftovers
|upkeep
|turn|5
|
|t:|1662782936
|move|p1a: Corviknight|Body Press|p2a: Ferrothorn
|-supereffective|p2a: Ferrothorn
|-damage|p2a: Ferrothorn|46/100
|-damage|p1a: Corviknight|62/100|[from] ability: Iron Barbs|[of] p2a: Ferrothorn
|move|p2a: Ferrothorn|Knock Off|p1a: Corviknight
|-damage|p1a: Corviknight|50/100
|-enditem|p1a: Corviknight|Leftovers|[from] move: Knock Off|[of] p2a: Ferrothorn
|
|-heal|p2a: Ferrothorn|52/100|[from] item: Leftovers
|upkeep
|turn|6
|
|t:|1662782940
|move|p1a: Corviknight|Roost|p1a: Corviknight
|-heal|p1a: Corviknight|99/100
|-singleturn|p1a: Corviknight|move: Roost
|move|p2a: Ferrothorn|Leech Seed|p1a: Corviknight
|-start|p1a: Corviknight|move: Leech Seed
|
|-heal|p2a: Ferrothorn|58/100|[from] item: Leftovers
|-damage|p1a: Corviknight|87/100|[from] Leech Seed|[of] p2a: Ferrothorn
|-heal|p2a: Ferrothorn|73/100|[silent]
|upkeep
|turn|7
|
|t:|1662782946
|move|p1a: Corviknight|Body Press|p2a: Ferrothorn
|-supereffective|p2a: Ferrothorn
|-damage|p2a: Ferrothorn|41/100
|-damage|p1a: Corviknight|75/100|[from] ability: Iron Barbs|[of] p2a: Ferrothorn
|move|p2a: Ferrothorn|Knock Off|p1a: Corviknight
|-damage|p1a: Corviknight|66/100
|
|-heal|p2a: Ferrothorn|48/100|[from] item: Leftovers
|-damage|p1a: Corviknight|53/100|[from] Leech Seed|[of] p2a: Ferrothorn
|-heal|p2a: Ferrothorn|62/100|[silent]
|upkeep
|turn|8
|
|t:|1662782949
|move|p1a: Corviknight|Body Press|p2a: Ferrothorn
|-supereffective|p2a: Ferrothorn
|-damage|p2a: Ferrothorn|32/100
|-damage|p1a: Corviknight|41/100|[from] ability: Iron Barbs|[of] p2a: Ferrothorn
|move|p2a: Ferrothorn|Knock Off|p1a: Corviknight
|-damage|p1a: Corviknight|32/100
|
|-heal|p2a: Ferrothorn|38/100|[from] item: Leftovers
|-damage|p1a: Corviknight|19/100|[from] Leech Seed|[of] p2a: Ferrothorn
|-heal|p2a: Ferrothorn|52/100|[silent]
|upkeep
|turn|9
|j| Rhunic32
|
|t:|1662782959
|move|p1a: Corviknight|Roost|p1a: Corviknight
|-heal|p1a: Corviknight|69/100
|-singleturn|p1a: Corviknight|move: Roost
|move|p2a: Ferrothorn|Knock Off|p1a: Corviknight
|-damage|p1a: Corviknight|60/100
|
|-heal|p2a: Ferrothorn|58/100|[from] item: Leftovers
|-damage|p1a: Corviknight|48/100|[from] Leech Seed|[of] p2a: Ferrothorn
|-heal|p2a: Ferrothorn|73/100|[silent]
|upkeep
|turn|10
|
|t:|1662782961
|move|p1a: Corviknight|Roost|p1a: Corviknight
|-heal|p1a: Corviknight|98/100
|-singleturn|p1a: Corviknight|move: Roost
|move|p2a: Ferrothorn|Knock Off|p1a: Corviknight
|-damage|p1a: Corviknight|89/100
|
|-heal|p2a: Ferrothorn|79/100|[from] item: Leftovers
|-damage|p1a: Corviknight|76/100|[from] Leech Seed|[of] p2a: Ferrothorn
|-heal|p2a: Ferrothorn|93/100|[silent]
|upkeep
|turn|11
|
|t:|1662782966
|switch|p1a: Volcanion|Volcanion|100/100
|move|p2a: Ferrothorn|Seed Bomb|p1a: Volcanion
|-damage|p1a: Volcanion|80/100
|
|-heal|p2a: Ferrothorn|99/100|[from] item: Leftovers
|upkeep
|turn|12
|
|t:|1662782971
|switch|p1a: Rillaboom|Rillaboom, M|100/100
|-fieldstart|move: Grassy Terrain|[from] ability: Grassy Surge|[of] p1a: Rillaboom
|switch|p2a: Slowbro|Slowbro, M|100/100
|
|upkeep
|turn|13
|
|t:|1662782977
|switch|p2a: Ferrothorn|Ferrothorn, M|99/100
|move|p1a: Rillaboom|Swords Dance|p1a: Rillaboom
|-boost|p1a: Rillaboom|atk|2
|
|-heal|p2a: Ferrothorn|100/100|[from] Grassy Terrain
|upkeep
|turn|14
|
|t:|1662782980
|switch|p2a: Clefable|Clefable, M|100/100
|move|p1a: Rillaboom|Swords Dance|p1a: Rillaboom
|-boost|p1a: Rillaboom|atk|2
|
|upkeep
|turn|15
|
|t:|1662782984
|move|p1a: Rillaboom|Grassy Glide|p2a: Clefable
|-damage|p2a: Clefable|64/100
|move|p2a: Clefable|Wish|p2a: Clefable
|
|-heal|p2a: Clefable|70/100|[from] Grassy Terrain
|-heal|p2a: Clefable|76/100|[from] item: Leftovers
|upkeep
|turn|16
|
|t:|1662782988
|move|p1a: Rillaboom|Swords Dance|p1a: Rillaboom
|-boost|p1a: Rillaboom|atk|2
|move|p2a: Clefable|Moonblast|p1a: Rillaboom
|-damage|p1a: Rillaboom|66/100
|-unboost|p1a: Rillaboom|spa|1
|
|-heal|p2a: Clefable|100/100|[from] move: Wish|[wisher] Clefable
|-heal|p1a: Rillaboom|72/100|[from] Grassy Terrain
|-heal|p1a: Rillaboom|78/100|[from] item: Leftovers
|-fieldend|move: Grassy Terrain
|upkeep
|turn|17
|
|t:|1662782996
|switch|p1a: Corviknight|Corviknight, M|76/100
|-ability|p1a: Corviknight|Pressure
|move|p2a: Clefable|Moonblast|p1a: Corviknight
|-resisted|p1a: Corviknight
|-damage|p1a: Corviknight|60/100
|-unboost|p1a: Corviknight|spa|1
|
|upkeep
|turn|18
|
|t:|1662783004
|move|p1a: Corviknight|Roost|p1a: Corviknight
|-heal|p1a: Corviknight|100/100
|-singleturn|p1a: Corviknight|move: Roost
|move|p2a: Clefable|Teleport|p2a: Clefable
|
|t:|1662783008
|switch|p2a: Slowbro|Slowbro, M|100/100|[from]move: Teleport
|
|upkeep
|turn|19
|
|t:|1662783011
|move|p1a: Corviknight|U-turn|p2a: Slowbro
|-supereffective|p2a: Slowbro
|-damage|p2a: Slowbro|84/100
|
|t:|1662783016
|switch|p1a: Rillaboom|Rillaboom, M|78/100|[from]move: U-turn
|-fieldstart|move: Grassy Terrain|[from] ability: Grassy Surge|[of] p1a: Rillaboom
|move|p2a: Slowbro|Teleport|p2a: Slowbro
|
|t:|1662783020
|switch|p2a: Weavile|Weavile, M|100/100|[from]move: Teleport
|-ability|p2a: Weavile|Pressure
|
|-heal|p1a: Rillaboom|85/100|[from] Grassy Terrain
|-heal|p1a: Rillaboom|91/100|[from] item: Leftovers
|upkeep
|turn|20
|
|t:|1662783030
|switch|p2a: Ferrothorn|Ferrothorn, M|100/100
|move|p1a: Rillaboom|Grassy Glide|p2a: Ferrothorn
|-resisted|p2a: Ferrothorn
|-damage|p2a: Ferrothorn|93/100
|-damage|p1a: Rillaboom|78/100|[from] ability: Iron Barbs|[of] p2a: Ferrothorn
|
|-heal|p1a: Rillaboom|85/100|[from] Grassy Terrain
|-heal|p1a: Rillaboom|91/100|[from] item: Leftovers
|-heal|p2a: Ferrothorn|99/100|[from] Grassy Terrain
|-heal|p2a: Ferrothorn|100/100|[from] item: Leftovers
|upkeep
|turn|21
|
|t:|1662783034
|move|p1a: Rillaboom|Drain Punch|p2a: Ferrothorn
|-supereffective|p2a: Ferrothorn
|-damage|p2a: Ferrothorn|70/100
|-heal|p1a: Rillaboom|100/100|[from] drain|[of] p2a: Ferrothorn
|-damage|p1a: Rillaboom|88/100|[from] ability: Iron Barbs|[of] p2a: Ferrothorn
|move|p2a: Ferrothorn|Knock Off|p1a: Rillaboom
|-damage|p1a: Rillaboom|67/100
|-enditem|p1a: Rillaboom|Leftovers|[from] move: Knock Off|[of] p2a: Ferrothorn
|
|-heal|p1a: Rillaboom|74/100|[from] Grassy Terrain
|-heal|p2a: Ferrothorn|76/100|[from] Grassy Terrain
|-heal|p2a: Ferrothorn|82/100|[from] item: Leftovers
|upkeep
|turn|22
|
|t:|1662783038
|switch|p2a: Clefable|Clefable, M|100/100
|move|p1a: Rillaboom|Swords Dance|p1a: Rillaboom
|-boost|p1a: Rillaboom|atk|2
|
|-heal|p1a: Rillaboom|80/100|[from] Grassy Terrain
|upkeep
|turn|23
|
|t:|1662783043
|switch|p1a: Volcanion|Volcanion|80/100
|move|p2a: Clefable|Moonblast|p1a: Volcanion
|-resisted|p1a: Volcanion
|-damage|p1a: Volcanion|64/100
|
|-heal|p1a: Volcanion|70/100|[from] Grassy Terrain
|-fieldend|move: Grassy Terrain
|upkeep
|turn|24
|
|t:|1662783046
|move|p2a: Clefable|Protect|p2a: Clefable
|-singleturn|p2a: Clefable|Protect
|move|p1a: Volcanion|Steam Eruption|p2a: Clefable
|-activate|p2a: Clefable|move: Protect
|
|upkeep
|turn|25
|
|t:|1662783050
|switch|p2a: Slowbro|Slowbro, M|100/100
|move|p1a: Volcanion|Earth Power|p2a: Slowbro
|-damage|p2a: Slowbro|69/100
|
|upkeep
|turn|26
|
|t:|1662783053
|move|p1a: Volcanion|Earth Power|p2a: Slowbro
|-damage|p2a: Slowbro|37/100
|move|p2a: Slowbro|Teleport|p2a: Slowbro
|
|t:|1662783055
|switch|p2a: Urshifu|Urshifu-Rapid-Strike, M|100/100|[from]move: Teleport
|
|upkeep
|turn|27
|
|t:|1662783062
|switch|p1a: Corviknight|Corviknight, M|100/100
|-ability|p1a: Corviknight|Pressure
|move|p2a: Urshifu|Close Combat|p1a: Corviknight
|-damage|p1a: Corviknight|45/100
|-unboost|p2a: Urshifu|def|1
|-unboost|p2a: Urshifu|spd|1
|
|upkeep
|turn|28
|
|t:|1662783069
|move|p2a: Urshifu|Close Combat|p1a: Corviknight
|-damage|p1a: Corviknight|0 fnt
|-unboost|p2a: Urshifu|def|1
|-unboost|p2a: Urshifu|spd|1
|faint|p1a: Corviknight
|
|upkeep
|
|t:|1662783072
|switch|p1a: Kommo-o|Kommo-o, F|100/100
|turn|29
|
|t:|1662783077
|move|p2a: Urshifu|Close Combat|p1a: Kommo-o
|-damage|p1a: Kommo-o|5/100
|-unboost|p2a: Urshifu|def|1
|-unboost|p2a: Urshifu|spd|1
|move|p1a: Kommo-o|Boomburst|p2a: Urshifu
|-damage|p2a: Urshifu|0 fnt
|faint|p2a: Urshifu
|-enditem|p1a: Kommo-o|Throat Spray
|-boost|p1a: Kommo-o|spa|1|[from] item: Throat Spray
|
|upkeep
|
|t:|1662783081
|switch|p2a: Weavile|Weavile, M|100/100
|-ability|p2a: Weavile|Pressure
|turn|30
|
|t:|1662783088
|move|p2a: Weavile|Knock Off|p1a: Kommo-o
|-resisted|p1a: Kommo-o
|-damage|p1a: Kommo-o|0 fnt
|faint|p1a: Kommo-o
|
|upkeep
|
|t:|1662783092
|switch|p1a: Volcanion|Volcanion|70/100
|turn|31
|
|t:|1662783100
|switch|p2a: Slowbro|Slowbro, M|70/100
|move|p1a: Volcanion|Fire Blast|p2a: Slowbro
|-resisted|p2a: Slowbro
|-damage|p2a: Slowbro|42/100
|
|upkeep
|turn|32
|
|t:|1662783104
|move|p1a: Volcanion|Earth Power|p2a: Slowbro
|-damage|p2a: Slowbro|8/100
|move|p2a: Slowbro|Slack Off|p2a: Slowbro
|-heal|p2a: Slowbro|58/100
|
|upkeep
|turn|33
|
|t:|1662783107
|move|p1a: Volcanion|Earth Power|p2a: Slowbro
|-damage|p2a: Slowbro|25/100
|move|p2a: Slowbro|Teleport|p2a: Slowbro
|
|t:|1662783113
|switch|p2a: Ferrothorn|Ferrothorn, M|82/100|[from]move: Teleport
|
|-heal|p2a: Ferrothorn|89/100|[from] item: Leftovers
|upkeep
|turn|34
|
|t:|1662783117
|switch|p2a: Slowbro|Slowbro, M|58/100
|move|p1a: Volcanion|Fire Blast|p2a: Slowbro
|-resisted|p2a: Slowbro
|-damage|p2a: Slowbro|29/100
|
|upkeep
|turn|35
|
|t:|1662783124
|switch|p2a: Landorus|Landorus-Therian, M|100/100
|-ability|p2a: Landorus|Intimidate|boost
|-unboost|p1a: Volcanion|atk|1
|move|p1a: Volcanion|Earth Power|p2a: Landorus
|-immune|p2a: Landorus
|
|upkeep
|turn|36
|
|t:|1662783128
|switch|p2a: Slowbro|Slowbro, M|62/100
|move|p1a: Volcanion|Steam Eruption|p2a: Slowbro
|-resisted|p2a: Slowbro
|-damage|p2a: Slowbro|32/100
|
|upkeep
|turn|37
|
|t:|1662783143
|switch|p2a: Clefable|Clefable, M|100/100
|move|p1a: Volcanion|Steam Eruption|p2a: Clefable
|-damage|p2a: Clefable|42/100
|
|-heal|p2a: Clefable|48/100|[from] item: Leftovers
|upkeep
|turn|38
|
|t:|1662783149
|move|p2a: Clefable|Protect|p2a: Clefable
|-singleturn|p2a: Clefable|Protect
|move|p1a: Volcanion|Fire Blast|p2a: Clefable
|-activate|p2a: Clefable|move: Protect
|
|-heal|p2a: Clefable|54/100|[from] item: Leftovers
|upkeep
|turn|39
|
|t:|1662783155
|switch|p2a: Slowbro|Slowbro, M|65/100
|move|p1a: Volcanion|Earth Power|p2a: Slowbro
|-damage|p2a: Slowbro|32/100
|
|upkeep
|turn|40
|
|t:|1662783164
|switch|p2a: Landorus|Landorus-Therian, M|100/100
|-ability|p2a: Landorus|Intimidate|boost
|-unboost|p1a: Volcanion|atk|1
|move|p1a: Volcanion|Steam Eruption|p2a: Landorus
|-supereffective|p2a: Landorus
|-crit|p2a: Landorus
|-damage|p2a: Landorus|0 fnt
|faint|p2a: Landorus
|
|upkeep
|
|t:|1662783167
|switch|p2a: Slowbro|Slowbro, M|65/100
|turn|41
|
|t:|1662783169
|move|p1a: Volcanion|Earth Power|p2a: Slowbro
|-damage|p2a: Slowbro|32/100
|-unboost|p2a: Slowbro|spd|1
|move|p2a: Slowbro|Slack Off|p2a: Slowbro
|-heal|p2a: Slowbro|82/100
|
|upkeep
|turn|42
|
|t:|1662783174
|switch|p1a: Rillaboom|Rillaboom, M|80/100
|-fieldstart|move: Grassy Terrain|[from] ability: Grassy Surge|[of] p1a: Rillaboom
|move|p2a: Slowbro|Future Sight|p1a: Rillaboom
|-start|p2a: Slowbro|move: Future Sight
|
|-heal|p1a: Rillaboom|86/100|[from] Grassy Terrain
|-heal|p2a: Slowbro|88/100|[from] Grassy Terrain
|upkeep
|turn|43
|
|t:|1662783177
|switch|p1a: Volcanion|Volcanion|70/100
|switch|p2a: Ferrothorn|Ferrothorn, M|89/100
|
|-heal|p1a: Volcanion|76/100|[from] Grassy Terrain
|-heal|p2a: Ferrothorn|95/100|[from] Grassy Terrain
|-heal|p2a: Ferrothorn|100/100|[from] item: Leftovers
|upkeep
|turn|44
|
|t:|1662783183
|switch|p1a: Magnezone|Magnezone|100/100
|switch|p2a: Slowbro|Slowbro, M|100/100
|
|-end|p1a: Magnezone|move: Future Sight
|-resisted|p1a: Magnezone
|-crit|p1a: Magnezone
|-damage|p1a: Magnezone|62/100
|-heal|p1a: Magnezone|68/100|[from] Grassy Terrain
|upkeep
|turn|45
|
|t:|1662783190
|move|p1a: Magnezone|Volt Switch|p2a: Slowbro
|-supereffective|p2a: Slowbro
|-damage|p2a: Slowbro|31/100
|
|t:|1662783194
|switch|p1a: Rillaboom|Rillaboom, M|86/100|[from]move: Volt Switch
|move|p2a: Slowbro|Teleport|p2a: Slowbro
|
|t:|1662783197
|switch|p2a: Weavile|Weavile, M|100/100|[from]move: Teleport
|-ability|p2a: Weavile|Pressure
|
|-heal|p1a: Rillaboom|92/100|[from] Grassy Terrain
|upkeep
|turn|46
|
|t:|1662783202
|switch|p2a: Ferrothorn|Ferrothorn, M|100/100
|switch|p1a: Kartana|Kartana|100/100
|
|-fieldend|move: Grassy Terrain
|upkeep
|turn|47
|
|t:|1662783206
|move|p1a: Kartana|Swords Dance|p1a: Kartana
|-boost|p1a: Kartana|atk|2
|move|p2a: Ferrothorn|Spikes|p1a: Kartana
|-sidestart|p1: rgsdg|Spikes
|
|upkeep
|turn|48
|
|t:|1662783210
|switch|p2a: Clefable|Clefable, M|54/100
|move|p1a: Kartana|Swords Dance|p1a: Kartana
|-boost|p1a: Kartana|atk|2
|
|-heal|p2a: Clefable|60/100|[from] item: Leftovers
|upkeep
|turn|49
|
|t:|1662783214
|move|p2a: Clefable|Protect|p2a: Clefable
|-singleturn|p2a: Clefable|Protect
|move|p1a: Kartana|Leaf Blade|p2a: Clefable
|-activate|p2a: Clefable|move: Protect
|
|-heal|p2a: Clefable|66/100|[from] item: Leftovers
|upkeep
|turn|50
|
|t:|1662783217
|move|p1a: Kartana|Knock Off|p2a: Clefable
|-resisted|p2a: Clefable
|-damage|p2a: Clefable|54/100
|-enditem|p2a: Clefable|Leftovers|[from] move: Knock Off|[of] p1a: Kartana
|move|p2a: Clefable|Wish|p2a: Clefable
|
|upkeep
|turn|51
|
|t:|1662783220
|move|p1a: Kartana|Leaf Blade|p2a: Clefable
|-damage|p2a: Clefable|18/100
|move|p2a: Clefable|Moonblast|p1a: Kartana
|-resisted|p1a: Kartana
|-damage|p1a: Kartana|58/100
|-unboost|p1a: Kartana|spa|1
|
|-heal|p2a: Clefable|68/100|[from] move: Wish|[wisher] Clefable
|upkeep
|turn|52
|
|t:|1662783224
|move|p1a: Kartana|Leaf Blade|p2a: Clefable
|-damage|p2a: Clefable|35/100
|move|p2a: Clefable|Moonblast|p1a: Kartana
|-resisted|p1a: Kartana
|-damage|p1a: Kartana|18/100
|-enditem|p1a: Kartana|Sitrus Berry|[eat]
|-heal|p1a: Kartana|43/100|[from] item: Sitrus Berry
|
|upkeep
|turn|53
|
|t:|1662783231
|switch|p2a: Ferrothorn|Ferrothorn, M|100/100
|move|p1a: Kartana|Leaf Blade|p2a: Ferrothorn
|-resisted|p2a: Ferrothorn
|-damage|p2a: Ferrothorn|81/100
|-damage|p1a: Kartana|30/100|[from] ability: Iron Barbs|[of] p2a: Ferrothorn
|
|-heal|p2a: Ferrothorn|87/100|[from] item: Leftovers
|upkeep
|turn|54
|
|t:|1662783235
|switch|p2a: Slowbro|Slowbro, M|65/100
|move|p1a: Kartana|Knock Off|p2a: Slowbro
|-supereffective|p2a: Slowbro
|-damage|p2a: Slowbro|0 fnt
|-enditem|p2a: Slowbro|Heavy-Duty Boots|[from] move: Knock Off|[of] p1a: Kartana
|faint|p2a: Slowbro
|-ability|p1a: Kartana|Beast Boost|boost
|-boost|p1a: Kartana|spe|1
|
|upkeep
|
|t:|1662783239
|switch|p2a: Weavile|Weavile, M|100/100
|-ability|p2a: Weavile|Pressure
|turn|55
|
|t:|1662783243
|move|p2a: Weavile|Ice Shard|p1a: Kartana
|-damage|p1a: Kartana|6/100
|move|p1a: Kartana|Leaf Blade|p2a: Weavile
|-damage|p2a: Weavile|0 fnt
|faint|p2a: Weavile
|-ability|p1a: Kartana|Beast Boost|boost
|-boost|p1a: Kartana|spe|1
|
|upkeep
|
|t:|1662783248
|switch|p2a: Clefable|Clefable, M|35/100
|turn|56
|
|t:|1662783252
|switch|p2a: Ferrothorn|Ferrothorn, M|87/100
|move|p1a: Kartana|Leaf Blade|p2a: Ferrothorn
|-resisted|p2a: Ferrothorn
|-damage|p2a: Ferrothorn|68/100
|-damage|p1a: Kartana|0 fnt|[from] ability: Iron Barbs|[of] p2a: Ferrothorn
|faint|p1a: Kartana
|
|-heal|p2a: Ferrothorn|74/100|[from] item: Leftovers
|upkeep
|
|t:|1662783255
|switch|p1a: Volcanion|Volcanion|76/100
|turn|57
|
|t:|1662783258
|move|p1a: Volcanion|Fire Blast|p2a: Ferrothorn
|-supereffective|p2a: Ferrothorn
|-damage|p2a: Ferrothorn|0 fnt
|faint|p2a: Ferrothorn
|
|upkeep
|
|t:|1662783263
|switch|p2a: Clefable|Clefable, M|35/100
|turn|58
|c|☆Darkman64|fire blast 100%
|
|t:|1662783273
|move|p1a: Volcanion|Steam Eruption|p2a: Clefable
|-damage|p2a: Clefable|0 fnt
|faint|p2a: Clefable
|
|win|rgsdg
|raw|rgsdg's rating: 1526 &rarr; <strong>1549</strong><br />(+23 for winning)
|raw|Darkman64's rating: 1573 &rarr; <strong>1550</strong><br />(-23 for losing)
|l|☆Darkman64
|l| Rhunic32
