|j|☆greatalex
|j|☆jcomble
|player|p1|greatalex|293|1409
|player|p2|jcomble|zinnia|1340
|teamsize|p1|6
|teamsize|p2|6
|gametype|singles
|gen|8
|tier|[Gen 8] OU
|rated|
|rule|Sleep Clause Mod: Limit one foe put to sleep
|rule|Species Clause: Limit one of each Pokémon
|rule|OHKO Clause: OHKO moves are banned
|rule|Evasion Moves Clause: Evasion moves are banned
|rule|Endless Battle Clause: Forcing endless battles is banned
|rule|HP Percentage Mod: HP is shown in percentages
|clearpoke
|poke|p1|Darmanitan-Galar, M|
|poke|p1|Dragapult, M|
|poke|p1|Hatterene, F|
|poke|p1|Cinderace, M|
|poke|p1|Toxtricity, F|
|poke|p1|Corviknight, F|
|poke|p2|Dragapult, F|
|poke|p2|Corviknight, F|
|poke|p2|Ditto|
|poke|p2|Excadrill, M|
|poke|p2|Hatterene, F|
|poke|p2|Obstagoon, F|
|rule|Dynamax Clause: You cannot dynamax
|teampreview
|c|☆jcomble|gl
|c|☆greatalex|gl :)
|
|start
|switch|p1a: Dragapult|Dragapult, M|100/100
|switch|p2a: OBStacle|Obstagoon, F|100/100
|turn|1
|
|move|p2a: OBStacle|Obstruct|p2a: OBStacle
|-singleturn|p2a: OBStacle|Protect
|move|p1a: Dragapult|U-turn|p2a: OBStacle
|-activate|p2a: OBStacle|move: Protect
|-fail|p1a: Dragapult|unboost|[from] ability: Clear Body|[of] p1a: Dragapult
|
|-status|p2a: OBStacle|brn|[from] item: Flame Orb
|upkeep
|turn|2
|
|move|p1a: Dragapult|U-turn|p2a: OBStacle
|-supereffective|p2a: OBStacle
|-damage|p2a: OBStacle|31/100 brn
|
|switch|p1a: Corviknight|Corviknight, F|100/100|[from]move: U-turn
|move|p2a: OBStacle|Knock Off|p1a: Corviknight
|-damage|p1a: Corviknight|53/100
|-enditem|p1a: Corviknight|Leftovers|[from] move: Knock Off|[of] p2a: OBStacle
|
|-damage|p2a: OBStacle|25/100 brn|[from] brn
|upkeep
|turn|3
|
|move|p2a: OBStacle|Close Combat|p1a: Corviknight
|-damage|p1a: Corviknight|13/100
|-unboost|p2a: OBStacle|def|1
|-unboost|p2a: OBStacle|spd|1
|move|p1a: Corviknight|Body Press|p2a: OBStacle
|-supereffective|p2a: OBStacle
|-damage|p2a: OBStacle|0 fnt
|faint|p2a: OBStacle
|
|upkeep
|
|switch|p2a: NOT DONE YET|Dragapult, F|100/100
|turn|4
|
|move|p2a: NOT DONE YET|Shadow Ball|p1a: Corviknight
|-damage|p1a: Corviknight|0 fnt
|faint|p1a: Corviknight
|
|upkeep
|
|switch|p1a: Darmanitan|Darmanitan-Galar, M|100/100
|turn|5
|
|switch|p2a: CORBOSS|Corviknight, F|100/100
|-ability|p2a: CORBOSS|Pressure
|move|p1a: Darmanitan|Icicle Crash|p2a: CORBOSS
|-damage|p2a: CORBOSS|54/100
|
|upkeep
|turn|6
|
|switch|p1a: Toxtricity|Toxtricity, F|100/100
|move|p2a: CORBOSS|Roost|p2a: CORBOSS
|-heal|p2a: CORBOSS|100/100
|-singleturn|p2a: CORBOSS|move: Roost
|
|upkeep
|turn|7
|
|move|p1a: Toxtricity|Boomburst|p2a: CORBOSS
|-resisted|p2a: CORBOSS
|-damage|p2a: CORBOSS|61/100
|move|p2a: CORBOSS|U-turn|p1a: Toxtricity
|-resisted|p1a: Toxtricity
|-damage|p1a: Toxtricity|91/100
|
|switch|p2a: KASANE TETO|Excadrill, M|100/100|[from]move: U-turn
|-ability|p2a: KASANE TETO|Mold Breaker
|
|upkeep
|turn|8
|
|move|p2a: KASANE TETO|Rapid Spin|p1a: Toxtricity
|-damage|p1a: Toxtricity|61/100
|-boost|p2a: KASANE TETO|spe|1
|-damage|p2a: KASANE TETO|91/100|[from] item: Life Orb
|move|p1a: Toxtricity|Boomburst|p2a: KASANE TETO
|-resisted|p2a: KASANE TETO
|-damage|p2a: KASANE TETO|31/100
|
|upkeep
|turn|9
|
|move|p2a: KASANE TETO|Earthquake|p1a: Toxtricity
|-supereffective|p1a: Toxtricity
|-damage|p1a: Toxtricity|0 fnt
|-damage|p2a: KASANE TETO|21/100|[from] item: Life Orb
|faint|p1a: Toxtricity
|
|upkeep
|
|switch|p1a: Darmanitan|Darmanitan-Galar, M|100/100
|turn|10
|
|move|p1a: Darmanitan|U-turn|p2a: KASANE TETO
|-resisted|p2a: KASANE TETO
|-damage|p2a: KASANE TETO|0 fnt
|faint|p2a: KASANE TETO
|
|switch|p1a: Hatterene|Hatterene, F|100/100|[from]move: U-turn
|
|upkeep
|
|switch|p2a: NOT DONE YET|Dragapult, F|100/100
|turn|11
|
|move|p2a: NOT DONE YET|U-turn|p1a: Hatterene
|-damage|p1a: Hatterene|82/100
|
|switch|p2a: CORBOSS|Corviknight, F|61/100|[from]move: U-turn
|-ability|p2a: CORBOSS|Pressure
|move|p1a: Hatterene|Draining Kiss|p2a: CORBOSS
|-resisted|p2a: CORBOSS
|-damage|p2a: CORBOSS|49/100
|-heal|p1a: Hatterene|94/100|[from] drain|[of] p2a: CORBOSS
|-damage|p1a: Hatterene|77/100|[from] item: Rocky Helmet|[of] p2a: CORBOSS
|
|-heal|p1a: Hatterene|83/100|[from] item: Leftovers
|upkeep
|turn|12
|
|move|p2a: CORBOSS|U-turn|p1a: Hatterene
|-damage|p1a: Hatterene|65/100
|
|switch|p2a: NOT DONE YET|Dragapult, F|100/100|[from]move: U-turn
|move|p1a: Hatterene|Mystical Fire|p2a: NOT DONE YET
|-resisted|p2a: NOT DONE YET
|-damage|p2a: NOT DONE YET|82/100
|-unboost|p2a: NOT DONE YET|spa|1
|
|-heal|p1a: Hatterene|71/100|[from] item: Leftovers
|upkeep
|turn|13
|
|move|p2a: NOT DONE YET|Shadow Ball|p1a: Hatterene
|-supereffective|p1a: Hatterene
|-damage|p1a: Hatterene|0 fnt
|faint|p1a: Hatterene
|
|upkeep
|
|switch|p1a: Darmanitan|Darmanitan-Galar, M|100/100
|turn|14
|
|switch|p2a: CORBOSS|Corviknight, F|49/100
|-ability|p2a: CORBOSS|Pressure
|move|p1a: Darmanitan|Icicle Crash|p2a: CORBOSS|[miss]
|-miss|p1a: Darmanitan|p2a: CORBOSS
|
|upkeep
|turn|15
|
|move|p1a: Darmanitan|Icicle Crash|p2a: CORBOSS
|-damage|p2a: CORBOSS|2/100
|cant|p2a: CORBOSS|flinch
|
|upkeep
|turn|16
|
|move|p1a: Darmanitan|Icicle Crash|p2a: CORBOSS
|-damage|p2a: CORBOSS|0 fnt
|faint|p2a: CORBOSS
|
|upkeep
|
|switch|p2a: TOI|Ditto|100/100
|-transform|p2a: TOI|p1a: Darmanitan|[from] ability: Imposter
|turn|17
|
|move|p1a: Darmanitan|Icicle Crash|p2a: TOI
|-resisted|p2a: TOI
|-damage|p2a: TOI|41/100
|move|p2a: TOI|Flare Blitz|p1a: Darmanitan
|-supereffective|p1a: Darmanitan
|-damage|p1a: Darmanitan|0 fnt
|-damage|p2a: TOI|3/100|[from] Recoil
|faint|p1a: Darmanitan
|
|upkeep
|
|switch|p1a: Cinderace|Cinderace, M|100/100
|turn|18
|
|switch|p2a: HATERS Gonna hate|Hatterene, F|100/100
|move|p1a: Cinderace|U-turn|p2a: HATERS Gonna hate
|-damage|p2a: HATERS Gonna hate|75/100
|
|switch|p1a: Dragapult|Dragapult, M|100/100|[from]move: U-turn
|
|-heal|p2a: HATERS Gonna hate|81/100|[from] item: Leftovers
|upkeep
|turn|19
|
|move|p1a: Dragapult|U-turn|p2a: HATERS Gonna hate
|-damage|p2a: HATERS Gonna hate|44/100
|
|switch|p1a: Cinderace|Cinderace, M|100/100|[from]move: U-turn
|move|p2a: HATERS Gonna hate|Psyshock|p1a: Cinderace
|-damage|p1a: Cinderace|30/100
|
|-heal|p2a: HATERS Gonna hate|50/100|[from] item: Leftovers
|upkeep
|turn|20
|
|move|p1a: Cinderace|Pyro Ball|p2a: HATERS Gonna hate|[miss]
|-miss|p1a: Cinderace|p2a: HATERS Gonna hate
|move|p2a: HATERS Gonna hate|Psyshock|p1a: Cinderace
|-damage|p1a: Cinderace|0 fnt
|faint|p1a: Cinderace
|
|-heal|p2a: HATERS Gonna hate|56/100|[from] item: Leftovers
|upkeep
|-message|greatalex forfeited.
|
|win|jcomble
|l|☆greatalex
|raw|greatalex's rating: 1409 &rarr; <strong>1385</strong><br />(-24 for losing)
|raw|jcomble's rating: 1340 &rarr; <strong>1364</strong><br />(+24 for winning)
