|j|☆LT82ZW Guatemala
|j|☆galarian dragapult
|t:|1633377861
|gametype|singles
|player|p1|LT82ZW Guatemala|169|1789
|player|p2|galarian dragapult|101|1724
|teamsize|p1|6
|teamsize|p2|6
|gen|8
|tier|[Gen 8] OU
|rated|
|rule|Sleep Clause Mod: Limit one foe put to sleep
|rule|Species Clause: Limit one of each Pokémon
|rule|OHKO Clause: OHKO moves are banned
|rule|Evasion Moves Clause: Evasion moves are banned
|rule|Endless Battle Clause: Forcing endless battles is banned
|rule|HP Percentage Mod: HP is shown in percentages
|rule|Dynamax Clause: You cannot dynamax
|clearpoke
|poke|p1|Zygarde-10%|
|poke|p1|Moltres|
|poke|p1|Ferrothorn, M|
|poke|p1|Slowking, F|
|poke|p1|Zeraora|
|poke|p1|Buzzwole|
|poke|p2|Corviknight, F|
|poke|p2|Dragapult, M|
|poke|p2|Blissey, F|
|poke|p2|Victini|
|poke|p2|Tapu Fini|
|poke|p2|Nidoking, M|
|teampreview
|j| anfdnfdndf
|
|t:|1633377874
|start
|switch|p1a: Zygarde|Zygarde-10%|100/100
|switch|p2a: Tapu Fini|Tapu Fini|100/100
|-fieldstart|move: Misty Terrain|[from] ability: Misty Surge|[of] p2a: Tapu Fini
|-ability|p1a: Zygarde|Aura Break
|turn|1
|
|t:|1633377880
|switch|p1a: Slowking|Slowking, F|100/100
|move|p2a: Tapu Fini|Trick|p1a: Slowking
|-activate|p2a: Tapu Fini|move: Trick|[of] p1a: Slowking
|-item|p1a: Slowking|Choice Scarf|[from] move: Trick
|-item|p2a: Tapu Fini|Heavy-Duty Boots|[from] move: Trick
|
|upkeep
|turn|2
|
|t:|1633377887
|switch|p2a: Blissey|Blissey, F|100/100
|move|p1a: Slowking|Teleport|p1a: Slowking
|
|t:|1633377897
|switch|p1a: Zygarde|Zygarde-10%|100/100|[from]move: Teleport
|-ability|p1a: Zygarde|Aura Break
|
|upkeep
|turn|3
|
|t:|1633377906
|switch|p2a: Tapu Fini|Tapu Fini|100/100
|move|p1a: Zygarde|Thousand Arrows|p2a: Tapu Fini
|-damage|p2a: Tapu Fini|54/100
|
|upkeep
|turn|4
|
|t:|1633377916
|switch|p1a: Slowking|Slowking, F|100/100
|move|p2a: Tapu Fini|Ice Beam|p1a: Slowking
|-resisted|p1a: Slowking
|-damage|p1a: Slowking|95/100
|
|upkeep
|turn|5
|j| tapu moxo
|
|t:|1633377922
|move|p2a: Tapu Fini|Moonblast|p1a: Slowking
|-damage|p1a: Slowking|76/100
|move|p1a: Slowking|Teleport|p1a: Slowking
|
|t:|1633377929
|switch|p1a: Ferrothorn|Ferrothorn, M|100/100|[from]move: Teleport
|
|-fieldend|Misty Terrain
|upkeep
|turn|6
|
|t:|1633377934
|switch|p2a: Victini|Victini|100/100
|move|p1a: Ferrothorn|Stealth Rock|p2a: Victini
|-sidestart|p2: galarian dragapult|move: Stealth Rock
|
|upkeep
|turn|7
|
|t:|1633377941
|switch|p1a: Moltres|Moltres|100/100
|move|p2a: Victini|Thunder|p1a: Moltres
|-supereffective|p1a: Moltres
|-damage|p1a: Moltres|12/100
|-status|p1a: Moltres|par
|
|upkeep
|turn|8
|
|t:|1633377947
|move|p2a: Victini|Blue Flare|p1a: Moltres
|-resisted|p1a: Moltres
|-crit|p1a: Moltres
|-damage|p1a: Moltres|0 fnt
|faint|p1a: Moltres
|
|upkeep
|
|t:|1633377950
|switch|p1a: Zygarde|Zygarde-10%|100/100
|-ability|p1a: Zygarde|Aura Break
|turn|9
|
|t:|1633377973
|switch|p2a: Tapu Fini|Tapu Fini|54/100
|-fieldstart|move: Misty Terrain|[from] ability: Misty Surge|[of] p2a: Tapu Fini
|move|p1a: Zygarde|Thousand Arrows|p2a: Tapu Fini
|-damage|p2a: Tapu Fini|8/100
|
|upkeep
|turn|10
|
|t:|1633377976
|move|p1a: Zygarde|Thousand Arrows|p2a: Tapu Fini
|-damage|p2a: Tapu Fini|0 fnt
|faint|p2a: Tapu Fini
|
|upkeep
|j| sdfsdfsdfasd
|
|t:|1633377986
|switch|p2a: Corviknight|Corviknight, F|100/100
|-damage|p2a: Corviknight|88/100|[from] Stealth Rock
|-ability|p2a: Corviknight|Pressure
|turn|11
|
|t:|1633377994
|move|p1a: Zygarde|Thousand Arrows|p2a: Corviknight
|-damage|p2a: Corviknight|55/100
|-start|p2a: Corviknight|Smack Down
|move|p2a: Corviknight|Body Press|p1a: Zygarde
|-damage|p1a: Zygarde|62/100
|
|upkeep
|turn|12
|l| sdfsdfsdfasd
|
|t:|1633378001
|move|p1a: Zygarde|Thousand Arrows|p2a: Corviknight
|-supereffective|p2a: Corviknight
|-damage|p2a: Corviknight|0 fnt
|faint|p2a: Corviknight
|
|upkeep
|
|t:|1633378003
|switch|p2a: Dragapult|Dragapult, M|100/100
|-damage|p2a: Dragapult|88/100|[from] Stealth Rock
|turn|13
|
|t:|1633378012
|switch|p1a: Buzzwole|Buzzwole|100/100
|move|p2a: Dragapult|U-turn|p1a: Buzzwole
|-resisted|p1a: Buzzwole
|-damage|p1a: Buzzwole|88/100
|-damage|p2a: Dragapult|72/100|[from] item: Rocky Helmet|[of] p1a: Buzzwole
|
|t:|1633378015
|switch|p2a: Nidoking|Nidoking, M|100/100|[from]move: U-turn
|-damage|p2a: Nidoking|95/100|[from] Stealth Rock
|
|-fieldend|Misty Terrain
|upkeep
|turn|14
|j| SakuraSumi
|
|t:|1633378018
|switch|p1a: Slowking|Slowking, F|100/100
|move|p2a: Nidoking|Earth Power|p1a: Slowking
|-damage|p1a: Slowking|66/100
|
|upkeep
|turn|15
|l| SakuraSumi
|
|t:|1633378024
|move|p2a: Nidoking|Sludge Wave|p1a: Slowking
|-damage|p1a: Slowking|29/100
|move|p1a: Slowking|Teleport|p1a: Slowking
|
|t:|1633378027
|switch|p1a: Zygarde|Zygarde-10%|62/100|[from]move: Teleport
|-ability|p1a: Zygarde|Aura Break
|
|upkeep
|turn|16
|
|t:|1633378035
|switch|p2a: Blissey|Blissey, F|100/100
|move|p1a: Zygarde|Thousand Arrows|p2a: Blissey
|-damage|p2a: Blissey|51/100
|
|upkeep
|turn|17
|
|t:|1633378040
|move|p1a: Zygarde|Thousand Arrows|p2a: Blissey
|-damage|p2a: Blissey|0 fnt
|faint|p2a: Blissey
|
|upkeep
|
|t:|1633378042
|switch|p2a: Dragapult|Dragapult, M|72/100
|-damage|p2a: Dragapult|59/100|[from] Stealth Rock
|turn|18
|
|t:|1633378045
|switch|p1a: Buzzwole|Buzzwole|88/100
|move|p2a: Dragapult|Dragon Darts|p1a: Buzzwole
|-damage|p1a: Buzzwole|60/100
|-anim|p2a: Dragapult|Dragon Darts|p1a: Buzzwole
|-damage|p1a: Buzzwole|35/100
|
|upkeep
|turn|19
|
|t:|1633378052
|switch|p1a: Ferrothorn|Ferrothorn, M|100/100
|move|p2a: Dragapult|Dragon Darts|p1a: Ferrothorn
|-resisted|p1a: Ferrothorn
|-damage|p1a: Ferrothorn|88/100
|-anim|p2a: Dragapult|Dragon Darts|p1a: Ferrothorn
|-resisted|p1a: Ferrothorn
|-damage|p1a: Ferrothorn|77/100
|
|-heal|p1a: Ferrothorn|83/100|[from] item: Leftovers
|upkeep
|turn|20
|
|t:|1633378057
|move|p2a: Dragapult|Dragon Darts|p1a: Ferrothorn
|-resisted|p1a: Ferrothorn
|-damage|p1a: Ferrothorn|72/100
|-anim|p2a: Dragapult|Dragon Darts|p1a: Ferrothorn
|-resisted|p1a: Ferrothorn
|-damage|p1a: Ferrothorn|60/100
|move|p1a: Ferrothorn|Knock Off|p2a: Dragapult
|-supereffective|p2a: Dragapult
|-damage|p2a: Dragapult|0 fnt
|-enditem|p2a: Dragapult|Choice Band|[from] move: Knock Off|[of] p1a: Ferrothorn
|faint|p2a: Dragapult
|
|-heal|p1a: Ferrothorn|66/100|[from] item: Leftovers
|upkeep
|-message|galarian dragapult forfeited.
|
|win|LT82ZW Guatemala
|raw|LT82ZW Guatemala's rating: 1789 &rarr; <strong>1805</strong><br />(+16 for winning)
|raw|galarian dragapult's rating: 1724 &rarr; <strong>1708</strong><br />(-16 for losing)
|l|☆galarian dragapult
||Ladder isn't responding, score probably updated but might not have (Request timeout).
