|j|☆chip witley
|j|☆cets on creck
|t:|1662003956
|gametype|singles
|player|p1|chip witley|lucas|1684
|player|p2|cets on creck|bugcatcher-gen4dp|1926
|teamsize|p1|6
|teamsize|p2|6
|gen|8
|tier|[Gen 8] OU
|rated|
|rule|Sleep Clause Mod: Limit one foe put to sleep
|rule|Species Clause: Limit one of each Pokémon
|rule|OHKO Clause: OHKO moves are banned
|rule|Evasion Items Clause: Evasion items are banned
|rule|Evasion Moves Clause: Evasion moves are banned
|rule|Endless Battle Clause: Forcing endless battles is banned
|rule|HP Percentage Mod: HP is shown in percentages
|rule|Dynamax Clause: You cannot dynamax
|clearpoke
|poke|p1|Sirfetch’d, M|
|poke|p1|Heatran, F|
|poke|p1|Slowbro, M|
|poke|p1|Mandibuzz, F|
|poke|p1|Zeraora|
|poke|p1|Garchomp, M|
|poke|p2|Excadrill, F|
|poke|p2|Tyranitar, F|
|poke|p2|Kartana|
|poke|p2|Tornadus-Therian, M|
|poke|p2|Buzzwole|
|poke|p2|Slowking, F|
|teampreview
|j| Skipothy
|inactive|Battle timer is ON: inactive players will automatically lose when time's up. (requested by cets on creck)
|
|t:|1662003979
|start
|switch|p1a: Sirfetch’d|Sirfetch’d, M|100/100
|switch|p2a: Slowking|Slowking, F|100/100
|turn|1
|
|t:|1662003982
|switch|p2a: Buzzwole|Buzzwole|100/100
|move|p1a: Sirfetch’d|Knock Off|p2a: Buzzwole
|-resisted|p2a: Buzzwole
|-damage|p2a: Buzzwole|90/100
|-damage|p1a: Sirfetch’d|84/100|[from] item: Rocky Helmet|[of] p2a: Buzzwole
|-enditem|p2a: Buzzwole|Rocky Helmet|[from] move: Knock Off|[of] p1a: Sirfetch’d
|
|upkeep
|turn|2
|j| trisew
|
|t:|1662003995
|move|p2a: Buzzwole|Leech Life|p1a: Sirfetch’d
|-resisted|p1a: Sirfetch’d
|-damage|p1a: Sirfetch’d|57/100
|-heal|p2a: Buzzwole|99/100|[from] drain|[of] p1a: Sirfetch’d
|move|p1a: Sirfetch’d|Brave Bird|p2a: Buzzwole
|-supereffective|p2a: Buzzwole
|-crit|p2a: Buzzwole
|-damage|p2a: Buzzwole|0 fnt
|faint|p2a: Buzzwole
|-damage|p1a: Sirfetch’d|6/100|[from] Recoil
|
|upkeep
|
|t:|1662004001
|switch|p2a: Kartana|Kartana|100/100
|turn|3
|
|t:|1662004005
|switch|p1a: Mandibuzz|Mandibuzz, F|100/100
|move|p2a: Kartana|Knock Off|p1a: Mandibuzz
|-resisted|p1a: Mandibuzz
|-damage|p1a: Mandibuzz|87/100
|-enditem|p1a: Mandibuzz|Heavy-Duty Boots|[from] move: Knock Off|[of] p2a: Kartana
|
|upkeep
|turn|4
|
|t:|1662004010
|switch|p2a: Tyranitar|Tyranitar, F|100/100
|-weather|Sandstorm|[from] ability: Sand Stream|[of] p2a: Tyranitar
|move|p1a: Mandibuzz|U-turn|p2a: Tyranitar
|-supereffective|p2a: Tyranitar
|-damage|p2a: Tyranitar|78/100
|
|t:|1662004012
|switch|p1a: Garchomp|Garchomp, M|100/100|[from]move: U-turn
|
|-weather|Sandstorm|[upkeep]
|upkeep
|turn|5
|
|t:|1662004017
|move|p1a: Garchomp|Earthquake|p2a: Tyranitar
|-supereffective|p2a: Tyranitar
|-damage|p2a: Tyranitar|0 fnt
|faint|p2a: Tyranitar
|
|-weather|Sandstorm|[upkeep]
|upkeep
|
|t:|1662004023
|switch|p2a: Tornadus|Tornadus-Therian, M|100/100
|turn|6
|j| g84043
|j| Jongruenwald
|inactive|chip witley has 120 seconds left.
|
|t:|1662004062
|switch|p1a: Heatran|Heatran, F|100/100
|move|p2a: Tornadus|Nasty Plot|p2a: Tornadus
|-boost|p2a: Tornadus|spa|2
|
|-weather|Sandstorm|[upkeep]
|-damage|p2a: Tornadus|94/100|[from] Sandstorm
|upkeep
|turn|7
|inactive|chip witley has 120 seconds left.
|inactive|chip witley has 90 seconds left.
|
|t:|1662004109
|switch|p1a: Sirfetch’d|Sirfetch’d, M|6/100
|move|p2a: Tornadus|Focus Blast|p1a: Sirfetch’d
|-damage|p1a: Sirfetch’d|0 fnt
|faint|p1a: Sirfetch’d
|
|-weather|Sandstorm|[upkeep]
|-damage|p2a: Tornadus|88/100|[from] Sandstorm
|upkeep
|
|t:|1662004112
|switch|p1a: Zeraora|Zeraora|100/100
|turn|8
|
|t:|1662004130
|switch|p2a: Excadrill|Excadrill, F|100/100
|move|p1a: Zeraora|Plasma Fists|p2a: Excadrill
|-immune|p2a: Excadrill
|
|-weather|none
|upkeep
|turn|9
|inactive|chip witley has 90 seconds left.
|
|t:|1662004157
|switch|p1a: Slowbro|Slowbro, M|100/100
|move|p2a: Excadrill|Swords Dance|p2a: Excadrill
|-boost|p2a: Excadrill|atk|2
|
|upkeep
|turn|10
|inactive|cets on creck has 120 seconds left.
|l| trisew
|
|t:|1662004188
|move|p2a: Excadrill|Earthquake|p1a: Slowbro
|-damage|p1a: Slowbro|26/100
|move|p1a: Slowbro|Scald|p2a: Excadrill
|-supereffective|p2a: Excadrill
|-damage|p2a: Excadrill|22/100
|
|-heal|p2a: Excadrill|28/100|[from] item: Leftovers
|upkeep
|turn|11
|
|t:|1662004193
|move|p2a: Excadrill|Rapid Spin|p1a: Slowbro
|-damage|p1a: Slowbro|3/100
|-boost|p2a: Excadrill|spe|1
|-damage|p2a: Excadrill|12/100|[from] item: Rocky Helmet|[of] p1a: Slowbro
|move|p1a: Slowbro|Scald|p2a: Excadrill
|-supereffective|p2a: Excadrill
|-damage|p2a: Excadrill|0 fnt
|faint|p2a: Excadrill
|
|upkeep
|-message|cets on creck forfeited.
|
|win|chip witley
|raw|chip witley's rating: 1684 &rarr; <strong>1716</strong><br />(+32 for winning)
|raw|cets on creck's rating: 1938 &rarr; <strong>1906</strong><br />(-32 for losing)
|l|☆cets on creck
|c| Skipothy|gg
