|j|☆magicgirl_rere
|j|☆BeastyJ157
|t:|1640816305
|gametype|singles
|player|p1|magicgirl_rere|266|1531
|player|p2|BeastyJ157|veteran|1623
|teamsize|p1|6
|teamsize|p2|6
|gen|8
|tier|[Gen 8] OU
|rated|
|rule|Sleep Clause Mod: Limit one foe put to sleep
|rule|Species Clause: Limit one of each Pokémon
|rule|OHKO Clause: OHKO moves are banned
|rule|Evasion Moves Clause: Evasion moves are banned
|rule|Endless Battle Clause: Forcing endless battles is banned
|rule|HP Percentage Mod: HP is shown in percentages
|rule|Dynamax Clause: You cannot dynamax
|clearpoke
|poke|p1|Kartana|
|poke|p1|Tapu Lele|
|poke|p1|Landorus-Therian, M|
|poke|p1|Urshifu-*, M|
|poke|p1|Slowking-Galar, F|
|poke|p1|Corviknight, F|
|poke|p2|Weavile, F|
|poke|p2|Dragapult, F|
|poke|p2|Landorus-Therian, M|
|poke|p2|Heatran, F|
|poke|p2|Ferrothorn, M|
|poke|p2|Zapdos|
|teampreview
|inactive|Battle timer is ON: inactive players will automatically lose when time's up. (requested by BeastyJ157)
|
|t:|1640816316
|start
|switch|p1a: MR MONEYBAGS|Landorus-Therian, M|100/100
|switch|p2a: Zappy|Zapdos|100/100
|-ability|p1a: MR MONEYBAGS|Intimidate|boost
|-unboost|p2a: Zappy|atk|1
|turn|1
|
|t:|1640816321
|switch|p2a: Ferro|Ferrothorn, M|100/100
|move|p1a: MR MONEYBAGS|Toxic|p2a: Ferro
|-immune|p2a: Ferro
|
|upkeep
|turn|2
|
|t:|1640816328
|move|p1a: MR MONEYBAGS|Stealth Rock|p2a: Ferro
|-sidestart|p2: BeastyJ157|move: Stealth Rock
|move|p2a: Ferro|Knock Off|p1a: MR MONEYBAGS
|-damage|p1a: MR MONEYBAGS|81/100
|-enditem|p1a: MR MONEYBAGS|Leftovers|[from] move: Knock Off|[of] p2a: Ferro
|
|upkeep
|turn|3
|
|t:|1640816336
|switch|p1a: SUPER 6-0 SMASHER|Tapu Lele|100/100
|-fieldstart|move: Psychic Terrain|[from] ability: Psychic Surge|[of] p1a: SUPER 6-0 SMASHER
|move|p2a: Ferro|Spikes|p1a: SUPER 6-0 SMASHER
|-sidestart|p1: magicgirl_rere|Spikes
|
|upkeep
|turn|4
|
|t:|1640816346
|switch|p2a: Lando|Landorus-Therian, M|100/100
|-damage|p2a: Lando|88/100|[from] Stealth Rock
|-ability|p2a: Lando|Intimidate|boost
|-unboost|p1a: SUPER 6-0 SMASHER|atk|1
|move|p1a: SUPER 6-0 SMASHER|Moonblast|p2a: Lando
|-damage|p2a: Lando|29/100
|
|-heal|p2a: Lando|35/100|[from] item: Leftovers
|upkeep
|turn|5
|
|t:|1640816360
|move|p1a: SUPER 6-0 SMASHER|Moonblast|p2a: Lando
|-damage|p2a: Lando|0 fnt
|faint|p2a: Lando
|
|upkeep
|
|t:|1640816363
|switch|p2a: Tran|Heatran, F|100/100
|-damage|p2a: Tran|88/100|[from] Stealth Rock
|turn|6
|
|t:|1640816367
|switch|p1a: BIG DADDY|Urshifu-Rapid-Strike, M|100/100
|-damage|p1a: BIG DADDY|88/100|[from] Spikes
|move|p2a: Tran|Magma Storm|p1a: BIG DADDY|[miss]
|-miss|p2a: Tran|p1a: BIG DADDY
|
|-heal|p2a: Tran|94/100|[from] item: Leftovers
|upkeep
|turn|7
|
|t:|1640816379
|switch|p2a: Dpult|Dragapult, F|100/100
|-damage|p2a: Dpult|88/100|[from] Stealth Rock
|move|p1a: BIG DADDY|Close Combat|p2a: Dpult
|-immune|p2a: Dpult
|
|-fieldend|move: Psychic Terrain
|upkeep
|turn|8
|
|t:|1640816388
|switch|p1a: MR MONEYBAGS|Landorus-Therian, M|81/100
|-ability|p1a: MR MONEYBAGS|Intimidate|boost
|-unboost|p2a: Dpult|atk|1
|move|p2a: Dpult|Shadow Ball|p1a: MR MONEYBAGS
|-damage|p1a: MR MONEYBAGS|44/100
|
|upkeep
|turn|9
|
|t:|1640816397
|switch|p2a: Ferro|Ferrothorn, M|100/100
|-damage|p2a: Ferro|94/100|[from] Stealth Rock
|move|p1a: MR MONEYBAGS|Toxic|p2a: Ferro
|-immune|p2a: Ferro
|
|-heal|p2a: Ferro|100/100|[from] item: Leftovers
|upkeep
|turn|10
|
|t:|1640816408
|move|p1a: MR MONEYBAGS|Earthquake|p2a: Ferro
|-damage|p2a: Ferro|74/100
|move|p2a: Ferro|Knock Off|p1a: MR MONEYBAGS
|-damage|p1a: MR MONEYBAGS|30/100
|
|-heal|p2a: Ferro|80/100|[from] item: Leftovers
|upkeep
|turn|11
|
|t:|1640816411
|move|p1a: MR MONEYBAGS|Earthquake|p2a: Ferro
|-damage|p2a: Ferro|52/100
|move|p2a: Ferro|Leech Seed|p1a: MR MONEYBAGS
|-start|p1a: MR MONEYBAGS|move: Leech Seed
|
|-heal|p2a: Ferro|58/100|[from] item: Leftovers
|-damage|p1a: MR MONEYBAGS|18/100|[from] Leech Seed|[of] p2a: Ferro
|-heal|p2a: Ferro|71/100|[silent]
|upkeep
|turn|12
|
|t:|1640816416
|move|p1a: MR MONEYBAGS|Earthquake|p2a: Ferro
|-damage|p2a: Ferro|41/100
|move|p2a: Ferro|Spikes|p1a: MR MONEYBAGS
|-sidestart|p1: magicgirl_rere|Spikes
|
|-heal|p2a: Ferro|48/100|[from] item: Leftovers
|-damage|p1a: MR MONEYBAGS|5/100|[from] Leech Seed|[of] p2a: Ferro
|-heal|p2a: Ferro|61/100|[silent]
|upkeep
|turn|13
|
|t:|1640816424
|switch|p2a: Zappy|Zapdos|100/100
|move|p1a: MR MONEYBAGS|Earthquake|p2a: Zappy
|-immune|p2a: Zappy
|
|-damage|p1a: MR MONEYBAGS|0 fnt|[from] Leech Seed|[of] p2a: Zappy
|faint|p1a: MR MONEYBAGS
|upkeep
|
|t:|1640816432
|switch|p1a: ACIDBATH PRINCE|Slowking-Galar, F|100/100
|-damage|p1a: ACIDBATH PRINCE|84/100|[from] Spikes
|turn|14
|
|t:|1640816437
|move|p2a: Zappy|Discharge|p1a: ACIDBATH PRINCE
|-damage|p1a: ACIDBATH PRINCE|69/100
|move|p1a: ACIDBATH PRINCE|Future Sight|p2a: Zappy
|-start|p1a: ACIDBATH PRINCE|move: Future Sight
|
|upkeep
|turn|15
|
|t:|1640816441
|move|p2a: Zappy|Discharge|p1a: ACIDBATH PRINCE
|-damage|p1a: ACIDBATH PRINCE|54/100
|move|p1a: ACIDBATH PRINCE|Sludge Bomb|p2a: Zappy
|-damage|p2a: Zappy|67/100
|
|upkeep
|turn|16
|
|t:|1640816449
|switch|p2a: Ferro|Ferrothorn, M|61/100
|-damage|p2a: Ferro|55/100|[from] Stealth Rock
|move|p1a: ACIDBATH PRINCE|Flamethrower|p2a: Ferro
|-supereffective|p2a: Ferro
|-damage|p2a: Ferro|0 fnt
|faint|p2a: Ferro
|
|-hint|Future Sight did not hit because the target is fainted.
|upkeep
|
|t:|1640816456
|switch|p2a: Tran|Heatran, F|94/100
|-damage|p2a: Tran|82/100|[from] Stealth Rock
|turn|17
|
|t:|1640816458
|switch|p1a: BIG DADDY|Urshifu-Rapid-Strike, M|88/100
|-damage|p1a: BIG DADDY|72/100|[from] Spikes
|move|p2a: Tran|Magma Storm|p1a: BIG DADDY
|-resisted|p1a: BIG DADDY
|-damage|p1a: BIG DADDY|40/100
|-activate|p1a: BIG DADDY|move: Magma Storm|[of] p2a: Tran
|
|-heal|p2a: Tran|88/100|[from] item: Leftovers
|-damage|p1a: BIG DADDY|28/100|[from] move: Magma Storm|[partiallytrapped]
|upkeep
|turn|18
|
|t:|1640816470
|move|p1a: BIG DADDY|Surging Strikes|p2a: Tran
|-supereffective|p2a: Tran
|-crit|p2a: Tran
|-damage|p2a: Tran|35/100
|-supereffective|p2a: Tran
|-crit|p2a: Tran
|-damage|p2a: Tran|0 fnt
|faint|p2a: Tran
|-hitcount|p2: Tran|2
|
|-end|p1a: BIG DADDY|Magma Storm|[partiallytrapped]|[silent]
|upkeep
|
|t:|1640816473
|switch|p2a: Dpult|Dragapult, F|88/100
|-damage|p2a: Dpult|76/100|[from] Stealth Rock
|turn|19
|
|t:|1640816479
|switch|p1a: BLACK METAL RAVEN|Corviknight, F|100/100
|-ability|p1a: BLACK METAL RAVEN|Pressure
|move|p2a: Dpult|Shadow Ball|p1a: BLACK METAL RAVEN
|-damage|p1a: BLACK METAL RAVEN|46/100
|
|upkeep
|turn|20
|
|t:|1640816487
|move|p2a: Dpult|Shadow Ball|p1a: BLACK METAL RAVEN
|-damage|p1a: BLACK METAL RAVEN|0 fnt
|faint|p1a: BLACK METAL RAVEN
|
|upkeep
|
|t:|1640816489
|switch|p1a: ORIGAMI ANGEL|Kartana|100/100
|-damage|p1a: ORIGAMI ANGEL|84/100|[from] Spikes
|turn|21
|
|t:|1640816501
|switch|p1a: BIG DADDY|Urshifu-Rapid-Strike, M|28/100
|-damage|p1a: BIG DADDY|11/100|[from] Spikes
|switch|p2a: Zappy|Zapdos|67/100
|
|upkeep
|turn|22
|
|t:|1640816504
|move|p1a: BIG DADDY|Surging Strikes|p2a: Zappy
|-crit|p2a: Zappy
|-damage|p2a: Zappy|43/100
|-status|p1a: BIG DADDY|par|[from] ability: Static|[of] p2a: Zappy
|-crit|p2a: Zappy
|-damage|p2a: Zappy|21/100
|-crit|p2a: Zappy
|-damage|p2a: Zappy|0 fnt
|faint|p2a: Zappy
|-hitcount|p2: Zappy|3
|
|upkeep
|
|t:|1640816520
|switch|p2a: Dpult|Dragapult, F|76/100
|-damage|p2a: Dpult|64/100|[from] Stealth Rock
|turn|23
|
|t:|1640816523
|move|p2a: Dpult|Shadow Ball|p1a: BIG DADDY
|-damage|p1a: BIG DADDY|0 fnt
|faint|p1a: BIG DADDY
|
|upkeep
|j| MXVMayhem
|l| MXVMayhem
|
|t:|1640816547
|switch|p1a: ORIGAMI ANGEL|Kartana|84/100
|-damage|p1a: ORIGAMI ANGEL|67/100|[from] Spikes
|turn|24
|
|t:|1640816550
|move|p1a: ORIGAMI ANGEL|Knock Off|p2a: Dpult
|-supereffective|p2a: Dpult
|-damage|p2a: Dpult|0 fnt
|-enditem|p2a: Dpult|Choice Specs|[from] move: Knock Off|[of] p1a: ORIGAMI ANGEL
|faint|p2a: Dpult
|-ability|p1a: ORIGAMI ANGEL|Beast Boost|boost
|-boost|p1a: ORIGAMI ANGEL|atk|1
|
|upkeep
|
|t:|1640816553
|switch|p2a: Calamity|Weavile, F|100/100
|-ability|p2a: Calamity|Pressure
|turn|25
|
|t:|1640816557
|switch|p1a: ACIDBATH PRINCE|Slowking-Galar, F|87/100
|-damage|p1a: ACIDBATH PRINCE|71/100|[from] Spikes
|move|p2a: Calamity|Swords Dance|p2a: Calamity
|-boost|p2a: Calamity|atk|2
|
|upkeep
|turn|26
|c|☆magicgirl_rere|gg
|
|t:|1640816564
|move|p2a: Calamity|Knock Off|p1a: ACIDBATH PRINCE
|-supereffective|p1a: ACIDBATH PRINCE
|-damage|p1a: ACIDBATH PRINCE|0 fnt
|-enditem|p1a: ACIDBATH PRINCE|Assault Vest|[from] move: Knock Off|[of] p2a: Calamity
|faint|p1a: ACIDBATH PRINCE
|
|upkeep
|
|t:|1640816566
|switch|p1a: SUPER 6-0 SMASHER|Tapu Lele|100/100
|-damage|p1a: SUPER 6-0 SMASHER|84/100|[from] Spikes
|-fieldstart|move: Psychic Terrain|[from] ability: Psychic Surge|[of] p1a: SUPER 6-0 SMASHER
|turn|27
|
|t:|1640816570
|move|p2a: Calamity|Knock Off|p1a: SUPER 6-0 SMASHER
|-damage|p1a: SUPER 6-0 SMASHER|0 fnt
|-enditem|p1a: SUPER 6-0 SMASHER|Choice Specs|[from] move: Knock Off|[of] p2a: Calamity
|faint|p1a: SUPER 6-0 SMASHER
|
|upkeep
|
|t:|1640816573
|switch|p1a: ORIGAMI ANGEL|Kartana|67/100
|-damage|p1a: ORIGAMI ANGEL|51/100|[from] Spikes
|turn|28
|
|t:|1640816575
|move|p1a: ORIGAMI ANGEL|Sacred Sword|p2a: Calamity
|-supereffective|p2a: Calamity
|-damage|p2a: Calamity|0 fnt
|faint|p2a: Calamity
|
|win|magicgirl_rere
|raw|magicgirl_rere's rating: 1531 &rarr; <strong>1556</strong><br />(+25 for winning)
|raw|BeastyJ157's rating: 1623 &rarr; <strong>1598</strong><br />(-25 for losing)
|c|☆BeastyJ157|Gg
|l|☆BeastyJ157
||Ladder isn't responding, score probably updated but might not have (Request timeout).
