|raw|<div class="broadcast-blue"><strong>This battle is required to be public due to a player having a name starting with 'lt94je'.</div>
|j|☆LT94 J'ecrabouille
|j|☆bramitoboy
|t:|1661518907
|gametype|singles
|player|p1|LT94 J'ecrabouille|hooligans|1766
|player|p2|bramitoboy|1|1997
|teamsize|p1|6
|teamsize|p2|6
|gen|8
|tier|[Gen 8] OU
|rated|
|rule|Sleep Clause Mod: Limit one foe put to sleep
|rule|Species Clause: Limit one of each Pokémon
|rule|OHKO Clause: OHKO moves are banned
|rule|Evasion Items Clause: Evasion items are banned
|rule|Evasion Moves Clause: Evasion moves are banned
|rule|Endless Battle Clause: Forcing endless battles is banned
|rule|HP Percentage Mod: HP is shown in percentages
|rule|Dynamax Clause: You cannot dynamax
|clearpoke
|poke|p1|Jirachi|
|poke|p1|Skarmory, M|
|poke|p1|Clefable, F|
|poke|p1|Gastrodon-East, F|
|poke|p1|Toxapex, M|
|poke|p1|Hydreigon, M|
|poke|p2|Zarude-Dada|
|poke|p2|Keldeo-Resolute|
|poke|p2|Tapu Lele|
|poke|p2|Tapu Koko|
|poke|p2|Heatran, F|
|poke|p2|Landorus-Therian, M|
|teampreview
|j| I DONT REPLY
|
|t:|1661518957
|start
|switch|p1a: Toxapex|Toxapex, M, shiny|100/100
|switch|p2a: Heatran|Heatran, F|100/100
|-item|p2a: Heatran|Air Balloon
|turn|1
|
|t:|1661519000
|move|p2a: Heatran|Stealth Rock|p1a: Toxapex
|-sidestart|p1: LT94 J'ecrabouille|move: Stealth Rock
|move|p1a: Toxapex|Knock Off|p2a: Heatran
|-damage|p2a: Heatran|87/100
|-enditem|p2a: Heatran|Air Balloon
|
|upkeep
|turn|2
|
|t:|1661519004
|switch|p2a: Tapu Lele|Tapu Lele|100/100
|-fieldstart|move: Psychic Terrain|[from] ability: Psychic Surge|[of] p2a: Tapu Lele
|switch|p1a: Hydreigon|Hydreigon, M|100/100
|-damage|p1a: Hydreigon|88/100|[from] Stealth Rock
|
|-heal|p1a: Hydreigon|94/100|[from] item: Leftovers
|upkeep
|turn|3
|
|t:|1661519010
|switch|p1a: Jirachi|Jirachi|100/100
|-damage|p1a: Jirachi|94/100|[from] Stealth Rock
|move|p2a: Tapu Lele|Moonblast|p1a: Jirachi
|-resisted|p1a: Jirachi
|-damage|p1a: Jirachi|76/100
|-unboost|p1a: Jirachi|spa|1
|
|-heal|p1a: Jirachi|83/100|[from] item: Leftovers
|upkeep
|turn|4
|
|t:|1661519016
|switch|p2a: Landorus|Landorus-Therian, M|100/100
|-ability|p2a: Landorus|Intimidate|boost
|-unboost|p1a: Jirachi|atk|1
|move|p1a: Jirachi|Wish|p1a: Jirachi
|
|-heal|p1a: Jirachi|89/100|[from] item: Leftovers
|upkeep
|turn|5
|
|t:|1661519023
|switch|p1a: Skarmory|Skarmory, M|100/100
|-damage|p1a: Skarmory|88/100|[from] Stealth Rock
|move|p2a: Landorus|Knock Off|p1a: Skarmory
|-damage|p1a: Skarmory|68/100
|-enditem|p1a: Skarmory|Shed Shell|[from] move: Knock Off|[of] p2a: Landorus
|
|-heal|p1a: Skarmory|100/100|[from] move: Wish|[wisher] Jirachi
|upkeep
|turn|6
|j| ufjrjtjjtkt
|
|t:|1661519030
|switch|p2a: Keldeo|Keldeo-Resolute|100/100
|move|p1a: Skarmory|Defog|p2a: Keldeo
|-unboost|p2a: Keldeo|evasion|1
|-sideend|p1: LT94 J'ecrabouille|Stealth Rock|[from] move: Defog|[of] p1a: Skarmory
|-fieldend|move: Psychic Terrain
|
|upkeep
|turn|7
|
|t:|1661519036
|switch|p2a: Tapu Lele|Tapu Lele|100/100
|-fieldstart|move: Psychic Terrain|[from] ability: Psychic Surge|[of] p2a: Tapu Lele
|switch|p1a: Toxapex|Toxapex, M, shiny|100/100
|
|upkeep
|turn|8
|j| Gwaaarn
|
|t:|1661519041
|switch|p2a: Zarude|Zarude-Dada|100/100
|switch|p1a: Jirachi|Jirachi|89/100
|
|-heal|p1a: Jirachi|95/100|[from] item: Leftovers
|upkeep
|turn|9
|
|t:|1661519046
|move|p1a: Jirachi|Protect|p1a: Jirachi
|-singleturn|p1a: Jirachi|Protect
|move|p2a: Zarude|Bulk Up|p2a: Zarude
|-boost|p2a: Zarude|atk|1
|-boost|p2a: Zarude|def|1
|
|-heal|p1a: Jirachi|100/100|[from] item: Leftovers
|upkeep
|turn|10
|
|t:|1661519052
|switch|p1a: Toxapex|Toxapex, M, shiny|100/100
|move|p2a: Zarude|Bulk Up|p2a: Zarude
|-boost|p2a: Zarude|atk|1
|-boost|p2a: Zarude|def|1
|
|upkeep
|turn|11
|inactive|Battle timer is ON: inactive players will automatically lose when time's up. (requested by bramitoboy)
|
|t:|1661519069
|move|p2a: Zarude|Power Whip|p1a: Toxapex
|-damage|p1a: Toxapex|2/100
|-damage|p2a: Zarude|84/100|[from] item: Rocky Helmet|[of] p1a: Toxapex
|-damage|p2a: Zarude|74/100|[from] item: Life Orb
|move|p1a: Toxapex|Toxic|p2a: Zarude
|-status|p2a: Zarude|tox
|
|-damage|p2a: Zarude|68/100 tox|[from] psn
|-fieldend|move: Psychic Terrain
|upkeep
|turn|12
|
|t:|1661519077
|switch|p1a: Clefable|Clefable, F|100/100
|move|p2a: Zarude|Darkest Lariat|p1a: Clefable
|-resisted|p1a: Clefable
|-damage|p1a: Clefable|80/100
|-damage|p2a: Zarude|58/100 tox|[from] item: Life Orb
|
|-heal|p1a: Clefable|86/100|[from] item: Leftovers
|-damage|p2a: Zarude|45/100 tox|[from] psn
|upkeep
|turn|13
|
|t:|1661519082
|switch|p2a: Heatran|Heatran, F|87/100
|move|p1a: Clefable|Moonblast|p2a: Heatran
|-resisted|p2a: Heatran
|-damage|p2a: Heatran|81/100
|
|-heal|p1a: Clefable|92/100|[from] item: Leftovers
|upkeep
|turn|14
|
|t:|1661519087
|switch|p1a: Hydreigon|Hydreigon, M|94/100
|move|p2a: Heatran|Stealth Rock|p1a: Hydreigon
|-sidestart|p1: LT94 J'ecrabouille|move: Stealth Rock
|
|-heal|p1a: Hydreigon|100/100|[from] item: Leftovers
|upkeep
|turn|15
|
|t:|1661519090
|switch|p2a: Tapu Lele|Tapu Lele|100/100
|-fieldstart|move: Psychic Terrain|[from] ability: Psychic Surge|[of] p2a: Tapu Lele
|move|p1a: Hydreigon|Defog|p2a: Tapu Lele
|-unboost|p2a: Tapu Lele|evasion|1
|-sideend|p1: LT94 J'ecrabouille|Stealth Rock|[from] move: Defog|[of] p1a: Hydreigon
|-fieldend|move: Psychic Terrain
|
|upkeep
|turn|16
|
|t:|1661519095
|switch|p1a: Jirachi|Jirachi|100/100
|switch|p2a: Keldeo|Keldeo-Resolute|100/100
|
|upkeep
|turn|17
|
|t:|1661519101
|move|p2a: Keldeo|Scald|p1a: Jirachi
|-damage|p1a: Jirachi|73/100
|move|p1a: Jirachi|Wish|p1a: Jirachi
|
|-heal|p1a: Jirachi|79/100|[from] item: Leftovers
|upkeep
|turn|18
|
|t:|1661519107
|switch|p1a: Toxapex|Toxapex, M, shiny|35/100
|move|p2a: Keldeo|Substitute|p2a: Keldeo
|-start|p2a: Keldeo|Substitute
|-damage|p2a: Keldeo|75/100
|
|-heal|p1a: Toxapex|100/100|[from] move: Wish|[wisher] Jirachi
|-heal|p2a: Keldeo|82/100|[from] item: Leftovers
|upkeep
|turn|19
|
|t:|1661519112
|move|p2a: Keldeo|Scald|p1a: Toxapex
|-resisted|p1a: Toxapex
|-damage|p1a: Toxapex|83/100
|move|p1a: Toxapex|Light Screen|p1a: Toxapex
|-sidestart|p1: LT94 J'ecrabouille|move: Light Screen
|
|-heal|p2a: Keldeo|88/100|[from] item: Leftovers
|upkeep
|turn|20
|c|☆bramitoboy|patethic stall
|
|t:|1661519128
|switch|p1a: Skarmory|Skarmory, M|100/100
|move|p2a: Keldeo|Calm Mind|p2a: Keldeo
|-boost|p2a: Keldeo|spa|1
|-boost|p2a: Keldeo|spd|1
|
|-heal|p2a: Keldeo|94/100|[from] item: Leftovers
|upkeep
|turn|21
|
|t:|1661519133
|move|p2a: Keldeo|Scald|p1a: Skarmory
|-damage|p1a: Skarmory|60/100
|move|p1a: Skarmory|Stealth Rock|p2a: Keldeo
|-sidestart|p2: bramitoboy|move: Stealth Rock
|
|-heal|p2a: Keldeo|99/100|[from] item: Leftovers
|upkeep
|turn|22
|
|t:|1661519139
|move|p2a: Keldeo|Scald|p1a: Skarmory
|-damage|p1a: Skarmory|15/100
|move|p1a: Skarmory|Roost|p1a: Skarmory
|-heal|p1a: Skarmory|65/100
|-singleturn|p1a: Skarmory|move: Roost
|
|-heal|p2a: Keldeo|100/100|[from] item: Leftovers
|upkeep
|turn|23
|
|t:|1661519145
|move|p2a: Keldeo|Calm Mind|p2a: Keldeo
|-boost|p2a: Keldeo|spa|1
|-boost|p2a: Keldeo|spd|1
|move|p1a: Skarmory|Roost|p1a: Skarmory
|-heal|p1a: Skarmory|100/100
|-singleturn|p1a: Skarmory|move: Roost
|
|-sideend|p1: LT94 J'ecrabouille|move: Light Screen
|upkeep
|turn|24
|
|t:|1661519150
|switch|p1a: Toxapex|Toxapex, M, shiny|100/100
|move|p2a: Keldeo|Scald|p1a: Toxapex
|-resisted|p1a: Toxapex
|-damage|p1a: Toxapex|66/100
|
|upkeep
|turn|25
|
|t:|1661519155
|move|p2a: Keldeo|Calm Mind|p2a: Keldeo
|-boost|p2a: Keldeo|spa|1
|-boost|p2a: Keldeo|spd|1
|move|p1a: Toxapex|Recover|p1a: Toxapex
|-heal|p1a: Toxapex|100/100
|
|upkeep
|turn|26
|
|t:|1661519160
|move|p2a: Keldeo|Scald|p1a: Toxapex
|-resisted|p1a: Toxapex
|-damage|p1a: Toxapex|59/100
|move|p1a: Toxapex|Light Screen|p1a: Toxapex
|-sidestart|p1: LT94 J'ecrabouille|move: Light Screen
|
|upkeep
|turn|27
|
|t:|1661519166
|switch|p1a: Clefable|Clefable, F|92/100
|move|p2a: Keldeo|Calm Mind|p2a: Keldeo
|-boost|p2a: Keldeo|spa|1
|-boost|p2a: Keldeo|spd|1
|
|-heal|p1a: Clefable|98/100|[from] item: Leftovers
|upkeep
|turn|28
|
|t:|1661519171
|move|p2a: Keldeo|Scald|p1a: Clefable
|-damage|p1a: Clefable|77/100
|move|p1a: Clefable|Calm Mind|p1a: Clefable
|-boost|p1a: Clefable|spa|1
|-boost|p1a: Clefable|spd|1
|
|-heal|p1a: Clefable|83/100|[from] item: Leftovers
|upkeep
|turn|29
|
|t:|1661519178
|switch|p2a: Heatran|Heatran, F|81/100
|-damage|p2a: Heatran|68/100|[from] Stealth Rock
|move|p1a: Clefable|Moonblast|p2a: Heatran
|-resisted|p2a: Heatran
|-damage|p2a: Heatran|58/100
|
|-heal|p1a: Clefable|90/100|[from] item: Leftovers
|upkeep
|turn|30
|
|t:|1661519183
|switch|p1a: Hydreigon|Hydreigon, M|100/100
|move|p2a: Heatran|Stealth Rock|p1a: Hydreigon
|-sidestart|p1: LT94 J'ecrabouille|move: Stealth Rock
|
|-sideend|p1: LT94 J'ecrabouille|move: Light Screen
|upkeep
|turn|31
|
|t:|1661519202
|switch|p2a: Tapu Lele|Tapu Lele|100/100
|-damage|p2a: Tapu Lele|88/100|[from] Stealth Rock
|-fieldstart|move: Psychic Terrain|[from] ability: Psychic Surge|[of] p2a: Tapu Lele
|move|p1a: Hydreigon|Defog|p2a: Tapu Lele
|-unboost|p2a: Tapu Lele|evasion|1
|-sideend|p2: bramitoboy|Stealth Rock|[from] move: Defog|[of] p1a: Hydreigon
|-sideend|p1: LT94 J'ecrabouille|Stealth Rock|[from] move: Defog|[of] p1a: Hydreigon
|-fieldend|move: Psychic Terrain
|
|upkeep
|turn|32
|
|t:|1661519210
|switch|p1a: Jirachi|Jirachi|79/100
|move|p2a: Tapu Lele|Focus Blast|p1a: Jirachi
|-damage|p1a: Jirachi|48/100
|
|-heal|p1a: Jirachi|54/100|[from] item: Leftovers
|upkeep
|turn|33
|
|t:|1661519219
|switch|p2a: Heatran|Heatran, F|58/100
|move|p1a: Jirachi|Wish|p1a: Jirachi
|
|-heal|p1a: Jirachi|61/100|[from] item: Leftovers
|upkeep
|turn|34
|
|t:|1661519234
|switch|p1a: Hydreigon|Hydreigon, M|100/100
|move|p2a: Heatran|Taunt|p1a: Hydreigon
|-start|p1a: Hydreigon|move: Taunt
|
|upkeep
|turn|35
|
|t:|1661519241
|switch|p2a: Tapu Lele|Tapu Lele|88/100
|-fieldstart|move: Psychic Terrain|[from] ability: Psychic Surge|[of] p2a: Tapu Lele
|move|p1a: Hydreigon|Flamethrower|p2a: Tapu Lele
|-damage|p2a: Tapu Lele|70/100
|
|upkeep
|turn|36
|l| ufjrjtjjtkt
|
|t:|1661519247
|switch|p1a: Gastrodon|Gastrodon-East, F|100/100
|move|p2a: Tapu Lele|Focus Blast|p1a: Gastrodon|[miss]
|-miss|p2a: Tapu Lele|p1a: Gastrodon
|
|upkeep
|turn|37
|
|t:|1661519256
|switch|p2a: Zarude|Zarude-Dada|45/100 tox
|move|p1a: Gastrodon|Scald|p2a: Zarude
|-resisted|p2a: Zarude
|-damage|p2a: Zarude|33/100 tox
|
|-damage|p2a: Zarude|26/100 tox|[from] psn
|upkeep
|turn|38
|
|t:|1661519272
|switch|p2a: Tapu Lele|Tapu Lele|70/100
|switch|p1a: Hydreigon|Hydreigon, M|100/100
|
|upkeep
|turn|39
|j| ufjrjtjjtkt
|
|t:|1661519278
|switch|p1a: Jirachi|Jirachi|61/100
|move|p2a: Tapu Lele|Focus Blast|p1a: Jirachi
|-damage|p1a: Jirachi|30/100
|-unboost|p1a: Jirachi|spd|1
|
|-heal|p1a: Jirachi|36/100|[from] item: Leftovers
|-fieldend|move: Psychic Terrain
|upkeep
|turn|40
|
|t:|1661519288
|move|p1a: Jirachi|Protect|p1a: Jirachi
|-singleturn|p1a: Jirachi|Protect
|move|p2a: Tapu Lele|Focus Blast|p1a: Jirachi
|-activate|p1a: Jirachi|move: Protect
|
|-heal|p1a: Jirachi|42/100|[from] item: Leftovers
|upkeep
|turn|41
|
|t:|1661519297
|switch|p1a: Gastrodon|Gastrodon-East, F|100/100
|move|p2a: Tapu Lele|Moonblast|p1a: Gastrodon
|-damage|p1a: Gastrodon|65/100
|-unboost|p1a: Gastrodon|spa|1
|
|-heal|p1a: Gastrodon|71/100|[from] item: Leftovers
|upkeep
|turn|42
|
|t:|1661519303
|move|p2a: Tapu Lele|Psyshock|p1a: Gastrodon
|-damage|p1a: Gastrodon|22/100
|move|p1a: Gastrodon|Recover|p1a: Gastrodon
|-heal|p1a: Gastrodon|72/100
|
|-heal|p1a: Gastrodon|78/100|[from] item: Leftovers
|upkeep
|turn|43
|
|t:|1661519310
|switch|p2a: Heatran|Heatran, F|58/100
|move|p1a: Gastrodon|Recover|p1a: Gastrodon
|-heal|p1a: Gastrodon|100/100
|
|upkeep
|turn|44
|
|t:|1661519316
|switch|p2a: Tapu Lele|Tapu Lele|70/100
|-fieldstart|move: Psychic Terrain|[from] ability: Psychic Surge|[of] p2a: Tapu Lele
|move|p1a: Gastrodon|Earth Power|p2a: Tapu Lele
|-damage|p2a: Tapu Lele|56/100
|
|upkeep
|turn|45
|
|t:|1661519336
|switch|p1a: Jirachi|Jirachi|42/100
|move|p2a: Tapu Lele|Psyshock|p1a: Jirachi
|-resisted|p1a: Jirachi
|-damage|p1a: Jirachi|29/100
|
|-heal|p1a: Jirachi|36/100|[from] item: Leftovers
|upkeep
|turn|46
|
|t:|1661519344
|switch|p2a: Keldeo|Keldeo-Resolute|100/100
|move|p1a: Jirachi|Wish|p1a: Jirachi
|
|-heal|p1a: Jirachi|42/100|[from] item: Leftovers
|upkeep
|turn|47
|
|t:|1661519349
|move|p1a: Jirachi|Protect|p1a: Jirachi
|-singleturn|p1a: Jirachi|Protect
|move|p2a: Keldeo|Substitute|p2a: Keldeo
|-start|p2a: Keldeo|Substitute
|-damage|p2a: Keldeo|75/100
|
|-heal|p1a: Jirachi|92/100|[from] move: Wish|[wisher] Jirachi
|-heal|p2a: Keldeo|82/100|[from] item: Leftovers
|-heal|p1a: Jirachi|98/100|[from] item: Leftovers
|upkeep
|turn|48
|
|t:|1661519354
|switch|p1a: Toxapex|Toxapex, M, shiny|92/100
|move|p2a: Keldeo|Scald|p1a: Toxapex
|-resisted|p1a: Toxapex
|-damage|p1a: Toxapex|74/100
|
|-heal|p2a: Keldeo|88/100|[from] item: Leftovers
|-fieldend|move: Psychic Terrain
|upkeep
|turn|49
|
|t:|1661519358
|move|p2a: Keldeo|Scald|p1a: Toxapex
|-resisted|p1a: Toxapex
|-damage|p1a: Toxapex|57/100
|move|p1a: Toxapex|Light Screen|p1a: Toxapex
|-sidestart|p1: LT94 J'ecrabouille|move: Light Screen
|
|-heal|p2a: Keldeo|94/100|[from] item: Leftovers
|upkeep
|turn|50
|
|t:|1661519366
|switch|p1a: Skarmory|Skarmory, M|100/100
|move|p2a: Keldeo|Scald|p1a: Skarmory
|-damage|p1a: Skarmory|73/100
|
|-heal|p2a: Keldeo|99/100|[from] item: Leftovers
|upkeep
|turn|51
|
|t:|1661519370
|move|p2a: Keldeo|Scald|p1a: Skarmory
|-crit|p1a: Skarmory
|-damage|p1a: Skarmory|0 fnt
|faint|p1a: Skarmory
|
|-heal|p2a: Keldeo|100/100|[from] item: Leftovers
|upkeep
|
|t:|1661519394
|switch|p1a: Clefable|Clefable, F|90/100
|turn|52
|
|t:|1661519398
|switch|p2a: Heatran|Heatran, F|58/100
|move|p1a: Clefable|Calm Mind|p1a: Clefable
|-boost|p1a: Clefable|spa|1
|-boost|p1a: Clefable|spd|1
|
|-heal|p1a: Clefable|96/100|[from] item: Leftovers
|upkeep
|turn|53
|
|t:|1661519406
|move|p2a: Heatran|Stealth Rock|p1a: Clefable
|-sidestart|p1: LT94 J'ecrabouille|move: Stealth Rock
|move|p1a: Clefable|Calm Mind|p1a: Clefable
|-boost|p1a: Clefable|spa|1
|-boost|p1a: Clefable|spd|1
|
|-heal|p1a: Clefable|100/100|[from] item: Leftovers
|-sideend|p1: LT94 J'ecrabouille|move: Light Screen
|upkeep
|turn|54
|
|t:|1661519410
|move|p2a: Heatran|Taunt|p1a: Clefable
|-start|p1a: Clefable|move: Taunt
|move|p1a: Clefable|Moonblast|p2a: Heatran
|-resisted|p2a: Heatran
|-damage|p2a: Heatran|45/100
|
|upkeep
|turn|55
|
|t:|1661519414
|move|p2a: Heatran|Magma Storm|p1a: Clefable
|-damage|p1a: Clefable|71/100
|-activate|p1a: Clefable|move: Magma Storm|[of] p2a: Heatran
|move|p1a: Clefable|Moonblast|p2a: Heatran
|-resisted|p2a: Heatran
|-damage|p2a: Heatran|31/100
|-unboost|p2a: Heatran|spa|1
|
|-heal|p1a: Clefable|77/100|[from] item: Leftovers
|-damage|p1a: Clefable|64/100|[from] move: Magma Storm|[partiallytrapped]
|upkeep
|turn|56
|
|t:|1661519422
|move|p2a: Heatran|Magma Storm|p1a: Clefable
|-damage|p1a: Clefable|39/100
|move|p1a: Clefable|Moonblast|p2a: Heatran
|-resisted|p2a: Heatran
|-damage|p2a: Heatran|19/100
|
|-heal|p1a: Clefable|45/100|[from] item: Leftovers
|-damage|p1a: Clefable|33/100|[from] move: Magma Storm|[partiallytrapped]
|-end|p1a: Clefable|move: Taunt
|upkeep
|turn|57
|
|t:|1661519430
|move|p2a: Heatran|Taunt|p1a: Clefable
|-start|p1a: Clefable|move: Taunt
|move|p1a: Clefable|Moonblast|p2a: Heatran
|-resisted|p2a: Heatran
|-damage|p2a: Heatran|5/100
|-unboost|p2a: Heatran|spa|1
|
|-heal|p1a: Clefable|39/100|[from] item: Leftovers
|-damage|p1a: Clefable|26/100|[from] move: Magma Storm|[partiallytrapped]
|upkeep
|turn|58
|
|t:|1661519436
|move|p2a: Heatran|Magma Storm|p1a: Clefable
|-damage|p1a: Clefable|0 fnt
|faint|p1a: Clefable
|
|upkeep
|
|t:|1661519441
|switch|p1a: Hydreigon|Hydreigon, M|100/100
|-damage|p1a: Hydreigon|88/100|[from] Stealth Rock
|turn|59
|j| Ragnnis
|-message|LT94 J'ecrabouille forfeited.
|
|win|bramitoboy
|raw|LT94 J&apos;ecrabouille's rating: 1766 &rarr; <strong>1758</strong><br />(-8 for losing)
|raw|bramitoboy's rating: 1997 &rarr; <strong>2005</strong><br />(+8 for winning)
|l|☆LT94 J'ecrabouille
|l| ufjrjtjjtkt
||Ladder isn't responding, score probably updated but might not have (Request timeout).
|l| I DONT REPLY
