|j|☆2(H2O)-Alt
|j|☆NathanDevious
|t:|1655429806
|gametype|singles
|player|p1|2(H2O)-Alt|youngster|1704
|player|p2|NathanDevious|jogger|1580
|teamsize|p1|6
|teamsize|p2|6
|gen|8
|tier|[Gen 8] OU
|rated|
|rule|Sleep Clause Mod: Limit one foe put to sleep
|rule|Species Clause: Limit one of each Pokémon
|rule|OHKO Clause: OHKO moves are banned
|rule|Evasion Moves Clause: Evasion moves are banned
|rule|Endless Battle Clause: Forcing endless battles is banned
|rule|HP Percentage Mod: HP is shown in percentages
|rule|Dynamax Clause: You cannot dynamax
|clearpoke
|poke|p1|Kartana|
|poke|p1|Tapu Lele|
|poke|p1|Toxapex, M|
|poke|p1|Mandibuzz, F|
|poke|p1|Magnezone|
|poke|p1|Landorus-Therian, M|
|poke|p2|Pelipper, M|
|poke|p2|Barraskewda, M|
|poke|p2|Regieleki|
|poke|p2|Tapu Lele|
|poke|p2|Landorus-Therian, M|
|poke|p2|Ferrothorn, M|
|teampreview
|inactive|Battle timer is ON: inactive players will automatically lose when time's up. (requested by 2(H2O)-Alt)
|
|t:|1655429821
|start
|switch|p1a: Tapu Lele|Tapu Lele, shiny|100/100
|switch|p2a: Pelipper|Pelipper, M|100/100
|-fieldstart|move: Psychic Terrain|[from] ability: Psychic Surge|[of] p1a: Tapu Lele
|-weather|RainDance|[from] ability: Drizzle|[of] p2a: Pelipper
|turn|1
|
|t:|1655429828
|switch|p1a: Magnezone|Magnezone|100/100
|switch|p2a: Ferrothorn|Ferrothorn, M|100/100
|
|-weather|RainDance|[upkeep]
|upkeep
|turn|2
|
|t:|1655429832
|move|p1a: Magnezone|Iron Defense|p1a: Magnezone
|-boost|p1a: Magnezone|def|2
|move|p2a: Ferrothorn|Leech Seed|p1a: Magnezone
|-start|p1a: Magnezone|move: Leech Seed
|
|-weather|RainDance|[upkeep]
|-damage|p1a: Magnezone|88/100|[from] Leech Seed|[of] p2a: Ferrothorn
|upkeep
|turn|3
|
|t:|1655429836
|move|p1a: Magnezone|Iron Defense|p1a: Magnezone
|-boost|p1a: Magnezone|def|2
|move|p2a: Ferrothorn|Spikes|p1a: Magnezone
|-sidestart|p1: 2(H2O)-Alt|Spikes
|
|-weather|RainDance|[upkeep]
|-heal|p1a: Magnezone|94/100|[from] item: Leftovers
|-damage|p1a: Magnezone|82/100|[from] Leech Seed|[of] p2a: Ferrothorn
|upkeep
|turn|4
|
|t:|1655429842
|move|p1a: Magnezone|Iron Defense|p1a: Magnezone
|-boost|p1a: Magnezone|def|2
|move|p2a: Ferrothorn|Spikes|p1a: Magnezone
|-sidestart|p1: 2(H2O)-Alt|Spikes
|
|-weather|RainDance|[upkeep]
|-heal|p1a: Magnezone|88/100|[from] item: Leftovers
|-damage|p1a: Magnezone|75/100|[from] Leech Seed|[of] p2a: Ferrothorn
|upkeep
|turn|5
|
|t:|1655429846
|move|p1a: Magnezone|Body Press|p2a: Ferrothorn
|-supereffective|p2a: Ferrothorn
|-damage|p2a: Ferrothorn|0 fnt
|-damage|p1a: Magnezone|63/100|[from] ability: Iron Barbs|[of] p2a: Ferrothorn
|faint|p2a: Ferrothorn
|
|-weather|none
|-heal|p1a: Magnezone|69/100|[from] item: Leftovers
|-fieldend|move: Psychic Terrain
|upkeep
|
|t:|1655429849
|switch|p2a: Pelipper|Pelipper, M|100/100
|-weather|RainDance|[from] ability: Drizzle|[of] p2a: Pelipper
|turn|6
|
|t:|1655429852
|move|p1a: Magnezone|Thunderbolt|p2a: Pelipper
|-supereffective|p2a: Pelipper
|-damage|p2a: Pelipper|0 fnt
|faint|p2a: Pelipper
|
|-weather|RainDance|[upkeep]
|-heal|p1a: Magnezone|75/100|[from] item: Leftovers
|upkeep
|
|t:|1655429859
|switch|p2a: Barraskewda|Barraskewda, M|100/100
|turn|7
|
|t:|1655429863
|move|p2a: Barraskewda|Close Combat|p1a: Magnezone
|-supereffective|p1a: Magnezone
|-damage|p1a: Magnezone|47/100
|-unboost|p2a: Barraskewda|def|1
|-unboost|p2a: Barraskewda|spd|1
|move|p1a: Magnezone|Thunderbolt|p2a: Barraskewda
|-supereffective|p2a: Barraskewda
|-damage|p2a: Barraskewda|0 fnt
|faint|p2a: Barraskewda
|
|-weather|RainDance|[upkeep]
|-heal|p1a: Magnezone|53/100|[from] item: Leftovers
|upkeep
|-message|NathanDevious forfeited.
|
|win|2(H2O)-Alt
|raw|2(H2O)-Alt's rating: 1704 &rarr; <strong>1717</strong><br />(+13 for winning)
|raw|NathanDevious's rating: 1580 &rarr; <strong>1567</strong><br />(-13 for losing)
|l|☆NathanDevious
||Ladder isn't responding, score probably updated but might not have (Request timeout).
