|j|☆ldailey19
|j|☆Gieros
|t:|1635275848
|gametype|singles
|player|p1|ldailey19|lance|1399
|player|p2|Gieros|pokemonrangerf|1452
|teamsize|p1|6
|teamsize|p2|6
|gen|8
|tier|[Gen 8] OU
|rated|
|rule|Sleep Clause Mod: Limit one foe put to sleep
|rule|Species Clause: Limit one of each Pokémon
|rule|OHKO Clause: OHKO moves are banned
|rule|Evasion Moves Clause: Evasion moves are banned
|rule|Endless Battle Clause: Forcing endless battles is banned
|rule|HP Percentage Mod: HP is shown in percentages
|rule|Dynamax Clause: You cannot dynamax
|clearpoke
|poke|p1|Garchomp, M|
|poke|p1|Magnezone|
|poke|p1|Weavile, M|
|poke|p1|Urshifu-*, F|
|poke|p1|Heatran, F|
|poke|p1|Landorus-Therian, M|
|poke|p2|Ninetales-Alola, M|
|poke|p2|Arctozolt|
|poke|p2|Thundurus, M|
|poke|p2|Corviknight, F|
|poke|p2|Landorus-Therian, M|
|poke|p2|Heatran, M|
|teampreview
|inactive|Battle timer is ON: inactive players will automatically lose when time's up. (requested by ldailey19)
|
|t:|1635275860
|start
|switch|p1a: Magnezone|Magnezone|100/100
|switch|p2a: Ninetales|Ninetales-Alola, M|100/100
|-weather|Hail|[from] ability: Snow Warning|[of] p2a: Ninetales
|turn|1
|
|t:|1635275868
|switch|p2a: Heatran|Heatran, M|100/100
|move|p1a: Magnezone|Flash Cannon|p2a: Heatran
|-resisted|p2a: Heatran
|-damage|p2a: Heatran|85/100
|-unboost|p2a: Heatran|spd|1
|
|-weather|Hail|[upkeep]
|-damage|p2a: Heatran|79/100|[from] Hail
|-damage|p1a: Magnezone|94/100|[from] Hail
|upkeep
|turn|2
|
|t:|1635275882
|switch|p1a: Landorus|Landorus-Therian, M|100/100
|-ability|p1a: Landorus|Intimidate|boost
|-unboost|p2a: Heatran|atk|1
|move|p2a: Heatran|Stealth Rock|p1a: Landorus
|-sidestart|p1: ldailey19|move: Stealth Rock
|
|-weather|Hail|[upkeep]
|-damage|p2a: Heatran|73/100|[from] Hail
|-damage|p1a: Landorus|94/100|[from] Hail
|upkeep
|turn|3
|
|t:|1635275890
|switch|p2a: Corviknight|Corviknight, F|100/100
|-ability|p2a: Corviknight|Pressure
|move|p1a: Landorus|Stealth Rock|p2a: Corviknight
|-sidestart|p2: Gieros|move: Stealth Rock
|
|-weather|Hail|[upkeep]
|-damage|p1a: Landorus|88/100|[from] Hail
|-damage|p2a: Corviknight|94/100|[from] Hail
|upkeep
|turn|4
|
|t:|1635275911
|switch|p1a: Magnezone|Magnezone|94/100
|-damage|p1a: Magnezone|88/100|[from] Stealth Rock
|move|p2a: Corviknight|U-turn|p1a: Magnezone
|-resisted|p1a: Magnezone
|-damage|p1a: Magnezone|82/100
|
|t:|1635275918
|switch|p2a: Landorus|Landorus-Therian, M|100/100|[from]move: U-turn
|-damage|p2a: Landorus|88/100|[from] Stealth Rock
|-ability|p2a: Landorus|Intimidate|boost
|-unboost|p1a: Magnezone|atk|1
|
|-weather|Hail|[upkeep]
|-damage|p2a: Landorus|82/100|[from] Hail
|-damage|p1a: Magnezone|75/100|[from] Hail
|upkeep
|turn|5
|
|t:|1635275928
|switch|p1a: Landorus|Landorus-Therian, M|88/100
|-damage|p1a: Landorus|76/100|[from] Stealth Rock
|-ability|p1a: Landorus|Intimidate|boost
|-unboost|p2a: Landorus|atk|1
|move|p2a: Landorus|Weather Ball|p1a: Landorus
|-supereffective|p1a: Landorus
|-damage|p1a: Landorus|0 fnt
|faint|p1a: Landorus
|
|-weather|Hail|[upkeep]
|-damage|p2a: Landorus|76/100|[from] Hail
|upkeep
|inactive|ldailey19 has 120 seconds left.
|
|t:|1635275978
|switch|p1a: Urshifu|Urshifu-Rapid-Strike, F|100/100
|-damage|p1a: Urshifu|94/100|[from] Stealth Rock
|turn|6
|inactive|ldailey19 has 90 seconds left.
|
|t:|1635275995
|switch|p2a: Heatran|Heatran, M|73/100
|-damage|p2a: Heatran|60/100|[from] Stealth Rock
|move|p1a: Urshifu|Surging Strikes|p2a: Heatran
|-supereffective|p2a: Heatran
|-crit|p2a: Heatran
|-damage|p2a: Heatran|18/100
|-supereffective|p2a: Heatran
|-crit|p2a: Heatran
|-damage|p2a: Heatran|0 fnt
|faint|p2a: Heatran
|-hitcount|p2: Heatran|2
|
|-weather|Hail|[upkeep]
|-damage|p1a: Urshifu|88/100|[from] Hail
|upkeep
|
|t:|1635275998
|switch|p2a: Arctozolt|Arctozolt|100/100
|-damage|p2a: Arctozolt|76/100|[from] Stealth Rock
|turn|7
|inactive|ldailey19 has 90 seconds left.
|
|t:|1635276025
|switch|p1a: Heatran|Heatran, F|100/100
|-damage|p1a: Heatran|88/100|[from] Stealth Rock
|move|p2a: Arctozolt|Bolt Beak|p1a: Heatran
|-damage|p1a: Heatran|4/100
|-damage|p2a: Arctozolt|66/100|[from] item: Life Orb
|
|-weather|Hail|[upkeep]
|-damage|p1a: Heatran|0 fnt|[from] Hail
|faint|p1a: Heatran
|upkeep
|inactive|ldailey19 has 60 seconds left.
|
|t:|1635276059
|switch|p1a: Magnezone|Magnezone|75/100
|-damage|p1a: Magnezone|69/100|[from] Stealth Rock
|turn|8
|inactive|ldailey19 has 60 seconds left.
|
|t:|1635276076
|switch|p2a: Corviknight|Corviknight, F|94/100
|-damage|p2a: Corviknight|82/100|[from] Stealth Rock
|-ability|p2a: Corviknight|Pressure
|move|p1a: Magnezone|Thunderbolt|p2a: Corviknight
|-supereffective|p2a: Corviknight
|-damage|p2a: Corviknight|0 fnt
|faint|p2a: Corviknight
|
|-weather|none
|upkeep
|
|t:|1635276085
|switch|p2a: Landorus|Landorus-Therian, M|76/100
|-damage|p2a: Landorus|64/100|[from] Stealth Rock
|-ability|p2a: Landorus|Intimidate|boost
|-unboost|p1a: Magnezone|atk|1
|turn|9
|inactive|ldailey19 has 60 seconds left.
|
|t:|1635276091
|switch|p1a: Urshifu|Urshifu-Rapid-Strike, F|88/100
|-damage|p1a: Urshifu|82/100|[from] Stealth Rock
|move|p2a: Landorus|Earthquake|p1a: Urshifu
|-damage|p1a: Urshifu|26/100
|
|upkeep
|turn|10
|
|t:|1635276099
|move|p2a: Landorus|Earthquake|p1a: Urshifu
|-damage|p1a: Urshifu|0 fnt
|faint|p1a: Urshifu
|
|upkeep
|inactive|ldailey19 has 60 seconds left.
|
|t:|1635276110
|switch|p1a: Weavile|Weavile, M|100/100
|-damage|p1a: Weavile|76/100|[from] Stealth Rock
|-ability|p1a: Weavile|Pressure
|turn|11
|
|t:|1635276116
|switch|p2a: Ninetales|Ninetales-Alola, M|100/100
|-damage|p2a: Ninetales|76/100|[from] Stealth Rock
|-weather|Hail|[from] ability: Snow Warning|[of] p2a: Ninetales
|move|p1a: Weavile|Ice Shard|p2a: Ninetales
|-resisted|p2a: Ninetales
|-damage|p2a: Ninetales|57/100
|
|-weather|Hail|[upkeep]
|upkeep
|turn|12
|
|t:|1635276126
|switch|p1a: Magnezone|Magnezone|69/100
|-damage|p1a: Magnezone|63/100|[from] Stealth Rock
|move|p2a: Ninetales|Hypnosis|p1a: Magnezone|[miss]
|-miss|p2a: Ninetales|p1a: Magnezone
|
|-weather|Hail|[upkeep]
|-damage|p1a: Magnezone|57/100|[from] Hail
|upkeep
|turn|13
|
|t:|1635276133
|move|p2a: Ninetales|Hypnosis|p1a: Magnezone|[miss]
|-miss|p2a: Ninetales|p1a: Magnezone
|move|p1a: Magnezone|Flash Cannon|p2a: Ninetales
|-supereffective|p2a: Ninetales
|-damage|p2a: Ninetales|0 fnt
|faint|p2a: Ninetales
|
|-weather|Hail|[upkeep]
|-damage|p1a: Magnezone|51/100|[from] Hail
|upkeep
|
|t:|1635276135
|switch|p2a: Arctozolt|Arctozolt|66/100
|-damage|p2a: Arctozolt|41/100|[from] Stealth Rock
|turn|14
|
|t:|1635276144
|move|p2a: Arctozolt|Low Kick|p1a: Magnezone
|-supereffective|p1a: Magnezone
|-damage|p1a: Magnezone|0 fnt
|faint|p1a: Magnezone
|-damage|p2a: Arctozolt|31/100|[from] item: Life Orb
|
|-weather|Hail|[upkeep]
|upkeep
|
|t:|1635276152
|switch|p1a: Weavile|Weavile, M|76/100
|-damage|p1a: Weavile|51/100|[from] Stealth Rock
|-ability|p1a: Weavile|Pressure
|turn|15
|inactive|ldailey19 has 90 seconds left.
|
|t:|1635276157
|move|p1a: Weavile|Ice Shard|p2a: Arctozolt
|-resisted|p2a: Arctozolt
|-damage|p2a: Arctozolt|11/100
|move|p2a: Arctozolt|Low Kick|p1a: Weavile
|-supereffective|p1a: Weavile
|-damage|p1a: Weavile|0 fnt
|faint|p1a: Weavile
|-damage|p2a: Arctozolt|1/100|[from] item: Life Orb
|
|-weather|Hail|[upkeep]
|upkeep
|inactive|ldailey19 has 90 seconds left.
|-message|ldailey19 forfeited.
|
|win|Gieros
|raw|ldailey19's rating: 1399 &rarr; <strong>1382</strong><br />(-17 for losing)
|raw|Gieros's rating: 1452 &rarr; <strong>1469</strong><br />(+17 for winning)
|l|☆ldailey19
||Ladder isn't responding, score probably updated but might not have (Request timeout).
