|j|☆uppababy
|j|‽HQSTest
|t:|1648930217
|gametype|singles
|player|p1|uppababy|1|1174
|player|p2|HQSTest|cynthia|1162
|teamsize|p1|6
|teamsize|p2|6
|gen|8
|tier|[Gen 8] OU
|rated|
|rule|Sleep Clause Mod: Limit one foe put to sleep
|rule|Species Clause: Limit one of each Pokémon
|rule|OHKO Clause: OHKO moves are banned
|rule|Evasion Moves Clause: Evasion moves are banned
|rule|Endless Battle Clause: Forcing endless battles is banned
|rule|HP Percentage Mod: HP is shown in percentages
|rule|Dynamax Clause: You cannot dynamax
|clearpoke
|poke|p1|Buzzwole|
|poke|p1|Dragapult, M|
|poke|p1|Tapu Koko|
|poke|p1|Garchomp, F|
|poke|p1|Volcarona, M|
|poke|p1|Hawlucha, M|
|poke|p2|Ninetales-Alola, M|
|poke|p2|Kartana|
|poke|p2|Tapu Lele|
|poke|p2|Landorus-Therian, M|
|poke|p2|Moltres-Galar|
|poke|p2|Omastar, M|
|teampreview
|inactive|Battle timer is ON: inactive players will automatically lose when time's up. (requested by HQSTest)
|inactive|uppababy has 120 seconds left.
|
|t:|1648930262
|start
|switch|p1a: Tapu Koko|Tapu Koko|100/100
|switch|p2a: Ninetales|Ninetales-Alola, M|100/100
|-fieldstart|move: Electric Terrain|[from] ability: Electric Surge|[of] p1a: Tapu Koko
|-weather|Hail|[from] ability: Snow Warning|[of] p2a: Ninetales
|turn|1
|
|t:|1648930272
|move|p1a: Tapu Koko|Light Screen|p1a: Tapu Koko
|-sidestart|p1: uppababy|move: Light Screen
|move|p2a: Ninetales|Aurora Veil|p2a: Ninetales
|-sidestart|p2: HQSTest|move: Aurora Veil
|
|-weather|Hail|[upkeep]
|-damage|p1a: Tapu Koko|94/100|[from] Hail
|upkeep
|turn|2
|
|t:|1648930281
|switch|p2a: Tapu Lele|Tapu Lele|100/100
|-fieldstart|move: Psychic Terrain|[from] ability: Psychic Surge|[of] p2a: Tapu Lele
|move|p1a: Tapu Koko|Reflect|p1a: Tapu Koko
|-sidestart|p1: uppababy|Reflect
|
|-weather|Hail|[upkeep]
|-damage|p1a: Tapu Koko|88/100|[from] Hail
|-damage|p2a: Tapu Lele|94/100|[from] Hail
|upkeep
|turn|3
|
|t:|1648930306
|move|p1a: Tapu Koko|Volt Switch|p2a: Tapu Lele
|-damage|p2a: Tapu Lele|81/100
|
|t:|1648930315
|switch|p1a: Dragapult|Dragapult, M|100/100|[from]move: Volt Switch
|move|p2a: Tapu Lele|Psyshock|p1a: Dragapult
|-damage|p1a: Dragapult|40/100
|
|-weather|Hail|[upkeep]
|-damage|p1a: Dragapult|34/100|[from] Hail
|-damage|p2a: Tapu Lele|75/100|[from] Hail
|upkeep
|turn|4
|
|t:|1648930326
|move|p1a: Dragapult|Shadow Ball|p2a: Tapu Lele
|-supereffective|p2a: Tapu Lele
|-damage|p2a: Tapu Lele|0 fnt
|faint|p2a: Tapu Lele
|
|-weather|Hail|[upkeep]
|-damage|p1a: Dragapult|28/100|[from] Hail
|upkeep
|
|t:|1648930330
|switch|p2a: Moltres|Moltres-Galar|100/100
|turn|5
|
|t:|1648930339
|switch|p1a: Tapu Koko|Tapu Koko|88/100
|-fieldstart|move: Electric Terrain|[from] ability: Electric Surge|[of] p1a: Tapu Koko
|move|p2a: Moltres|Nasty Plot|p2a: Moltres
|-boost|p2a: Moltres|spa|2
|
|-weather|none
|upkeep
|turn|6
|
|t:|1648930350
|move|p1a: Tapu Koko|Volt Switch|p2a: Moltres
|-supereffective|p2a: Moltres
|-damage|p2a: Moltres|78/100
|inactive|uppababy has 120 seconds left.
|
|t:|1648930377
|switch|p1a: Dragapult|Dragapult, M|28/100|[from]move: Volt Switch
|move|p2a: Moltres|Agility|p2a: Moltres
|-boost|p2a: Moltres|spe|2
|
|upkeep
|turn|7
|inactive|uppababy has 120 seconds left.
|
|t:|1648930387
|move|p2a: Moltres|Fiery Wrath|p1a: Dragapult
|-supereffective|p1a: Dragapult
|-damage|p1a: Dragapult|0 fnt
|faint|p1a: Dragapult
|
|upkeep
|
|t:|1648930389
|switch|p1a: Tapu Koko|Tapu Koko|88/100
|turn|8
|
|t:|1648930401
|move|p2a: Moltres|Nasty Plot|p2a: Moltres
|-boost|p2a: Moltres|spa|2
|move|p1a: Tapu Koko|Roost|p1a: Tapu Koko
|-heal|p1a: Tapu Koko|100/100
|-singleturn|p1a: Tapu Koko|move: Roost
|
|-sideend|p1: uppababy|move: Light Screen
|-sideend|p2: HQSTest|move: Aurora Veil
|upkeep
|turn|9
|
|t:|1648930409
|move|p2a: Moltres|Hurricane|p1a: Tapu Koko
|-resisted|p1a: Tapu Koko
|-damage|p1a: Tapu Koko|0 fnt
|faint|p1a: Tapu Koko
|
|-sideend|p1: uppababy|Reflect
|-fieldend|move: Electric Terrain
|upkeep
|-message|uppababy forfeited.
|
|win|HQSTest
|raw|uppababy's rating: 1174 &rarr; <strong>1148</strong><br />(-26 for losing)
|raw|HQSTest's rating: 1162 &rarr; <strong>1188</strong><br />(+26 for winning)
|l|☆uppababy
||Ladder isn't responding, score probably updated but might not have (Request timeout).
