|j|☆cump9
|j|☆minimax_ai
|t:|1665166760
|gametype|singles
|player|p1|cump9|schoolkid-gen4|1755
|player|p2|minimax_ai|lusamine-nihilego|1715
|teamsize|p1|6
|teamsize|p2|6
|gen|8
|tier|[Gen 8] OU
|rated|
|rule|Sleep Clause Mod: Limit one foe put to sleep
|rule|Species Clause: Limit one of each Pokémon
|rule|OHKO Clause: OHKO moves are banned
|rule|Evasion Items Clause: Evasion items are banned
|rule|Evasion Moves Clause: Evasion moves are banned
|rule|Endless Battle Clause: Forcing endless battles is banned
|rule|HP Percentage Mod: HP is shown in percentages
|rule|Dynamax Clause: You cannot dynamax
|clearpoke
|poke|p1|Ferrothorn, F|
|poke|p1|Landorus-Therian, M|
|poke|p1|Umbreon, F|
|poke|p1|Urshifu-*, M|
|poke|p1|Tapu Fini|
|poke|p1|Zeraora|
|poke|p2|Rotom-Wash|
|poke|p2|Weavile, F|
|poke|p2|Landorus-Therian, M|
|poke|p2|Heatran, M|
|poke|p2|Tangrowth, M|
|poke|p2|Melmetal|
|teampreview
|c|☆minimax_ai|hf
|c|☆cump9|hf
|inactive|Battle timer is ON: inactive players will automatically lose when time's up. (requested by minimax_ai)
|
|t:|1665166765
|start
|switch|p1a: Tapu Fini|Tapu Fini, shiny|100/100
|switch|p2a: Tangrowth|Tangrowth, M|100/100
|-fieldstart|move: Misty Terrain|[from] ability: Misty Surge|[of] p1a: Tapu Fini
|turn|1
|
|t:|1665166768
|move|p1a: Tapu Fini|Ice Beam|p2a: Tangrowth
|-supereffective|p2a: Tangrowth
|-damage|p2a: Tangrowth|0 fnt
|faint|p2a: Tangrowth
|
|upkeep
|
|t:|1665166768
|switch|p2a: Heatran|Heatran, M|100/100
|-item|p2a: Heatran|Air Balloon
|turn|2
|j| zigzaglightning
|
|t:|1665166773
|switch|p1a: Urshifu|Urshifu-Rapid-Strike, M|100/100
|move|p2a: Heatran|Eruption|p1a: Urshifu
|-resisted|p1a: Urshifu
|-damage|p1a: Urshifu|42/100
|
|upkeep
|turn|3
|
|t:|1665166779
|switch|p2a: rotomwash|Rotom-Wash|100/100
|move|p1a: Urshifu|Close Combat|p2a: rotomwash
|-damage|p2a: rotomwash|2/100
|-unboost|p1a: Urshifu|def|1
|-unboost|p1a: Urshifu|spd|1
|
|-heal|p2a: rotomwash|8/100|[from] item: Leftovers
|upkeep
|turn|4
|
|t:|1665166781
|move|p1a: Urshifu|Close Combat|p2a: rotomwash
|-damage|p2a: rotomwash|0 fnt
|-unboost|p1a: Urshifu|def|1
|-unboost|p1a: Urshifu|spd|1
|faint|p2a: rotomwash
|
|upkeep
|
|t:|1665166781
|switch|p2a: Weavile|Weavile, F|100/100
|-ability|p2a: Weavile|Pressure
|turn|5
|
|t:|1665166784
|switch|p1a: Tapu Fini|Tapu Fini, shiny|100/100
|move|p2a: Weavile|Low Kick|p1a: Tapu Fini
|-resisted|p1a: Tapu Fini
|-damage|p1a: Tapu Fini|90/100
|
|-fieldend|Misty Terrain
|upkeep
|turn|6
|
|t:|1665166787
|switch|p2a: landorustherian|Landorus-Therian, M|100/100
|-ability|p2a: landorustherian|Intimidate|boost
|-unboost|p1a: Tapu Fini|atk|1
|move|p1a: Tapu Fini|Surf|p2a: landorustherian
|-supereffective|p2a: landorustherian
|-damage|p2a: landorustherian|1/100
|
|-heal|p2a: landorustherian|7/100|[from] item: Leftovers
|upkeep
|turn|7
|
|t:|1665166788
|move|p1a: Tapu Fini|Surf|p2a: landorustherian
|-supereffective|p2a: landorustherian
|-damage|p2a: landorustherian|0 fnt
|faint|p2a: landorustherian
|
|upkeep
|
|t:|1665166789
|switch|p2a: Melmetal|Melmetal|100/100
|turn|8
|
|t:|1665166795
|switch|p1a: Ferrothorn|Ferrothorn, F|100/100
|move|p2a: Melmetal|Thunder Punch|p1a: Ferrothorn
|-resisted|p1a: Ferrothorn
|-damage|p1a: Ferrothorn|87/100
|-damage|p2a: Melmetal|88/100|[from] ability: Iron Barbs|[of] p1a: Ferrothorn
|
|-heal|p1a: Ferrothorn|93/100|[from] item: Leftovers
|upkeep
|turn|9
|
|t:|1665166798
|move|p2a: Melmetal|Thunder Punch|p1a: Ferrothorn
|-resisted|p1a: Ferrothorn
|-damage|p1a: Ferrothorn|79/100
|-damage|p2a: Melmetal|76/100|[from] ability: Iron Barbs|[of] p1a: Ferrothorn
|move|p1a: Ferrothorn|Leech Seed|p2a: Melmetal
|-start|p2a: Melmetal|move: Leech Seed
|
|-heal|p1a: Ferrothorn|86/100|[from] item: Leftovers
|-damage|p2a: Melmetal|63/100|[from] Leech Seed|[of] p1a: Ferrothorn
|-heal|p1a: Ferrothorn|100/100|[silent]
|upkeep
|turn|10
|
|t:|1665166800
|move|p2a: Melmetal|Thunder Punch|p1a: Ferrothorn
|-resisted|p1a: Ferrothorn
|-damage|p1a: Ferrothorn|87/100
|-damage|p2a: Melmetal|51/100|[from] ability: Iron Barbs|[of] p1a: Ferrothorn
|move|p1a: Ferrothorn|Stealth Rock|p2a: Melmetal
|-sidestart|p2: minimax_ai|move: Stealth Rock
|
|-heal|p1a: Ferrothorn|93/100|[from] item: Leftovers
|-damage|p2a: Melmetal|38/100|[from] Leech Seed|[of] p1a: Ferrothorn
|-heal|p1a: Ferrothorn|100/100|[silent]
|upkeep
|turn|11
|
|t:|1665166802
|move|p2a: Melmetal|Thunder Punch|p1a: Ferrothorn
|-resisted|p1a: Ferrothorn
|-damage|p1a: Ferrothorn|87/100
|-damage|p2a: Melmetal|26/100|[from] ability: Iron Barbs|[of] p1a: Ferrothorn
|move|p1a: Ferrothorn|Knock Off|p2a: Melmetal
|-damage|p2a: Melmetal|13/100
|-enditem|p2a: Melmetal|Assault Vest|[from] move: Knock Off|[of] p1a: Ferrothorn
|
|-heal|p1a: Ferrothorn|93/100|[from] item: Leftovers
|-damage|p2a: Melmetal|1/100|[from] Leech Seed|[of] p1a: Ferrothorn
|-heal|p1a: Ferrothorn|100/100|[silent]
|upkeep
|turn|12
|
|t:|1665166807
|move|p2a: Melmetal|Double Iron Bash|p1a: Ferrothorn
|-resisted|p1a: Ferrothorn
|-damage|p1a: Ferrothorn|85/100
|-damage|p2a: Melmetal|0 fnt|[from] ability: Iron Barbs|[of] p1a: Ferrothorn
|faint|p2a: Melmetal
|-hitcount|p1a: Ferrothorn|1
|move|p1a: Ferrothorn|Leech Seed|p2: Melmetal|[notarget]
|-fail|p1a: Ferrothorn
|
|-heal|p1a: Ferrothorn|91/100|[from] item: Leftovers
|upkeep
|
|t:|1665166807
|switch|p2a: Heatran|Heatran, M|100/100
|-damage|p2a: Heatran|88/100|[from] Stealth Rock
|-item|p2a: Heatran|Air Balloon
|turn|13
|
|t:|1665166810
|switch|p1a: Tapu Fini|Tapu Fini, shiny|90/100
|-fieldstart|move: Misty Terrain|[from] ability: Misty Surge|[of] p1a: Tapu Fini
|move|p2a: Heatran|Stealth Rock|p1a: Tapu Fini
|-sidestart|p1: cump9|move: Stealth Rock
|
|upkeep
|turn|14
|
|t:|1665166813
|move|p2a: Heatran|Magma Storm|p1a: Tapu Fini
|-resisted|p1a: Tapu Fini
|-damage|p1a: Tapu Fini|66/100
|-activate|p1a: Tapu Fini|move: Magma Storm|[of] p2a: Heatran
|move|p1a: Tapu Fini|Surf|p2a: Heatran
|-supereffective|p2a: Heatran
|-damage|p2a: Heatran|0 fnt
|-enditem|p2a: Heatran|Air Balloon
|faint|p2a: Heatran
|
|-end|p1a: Tapu Fini|Magma Storm|[partiallytrapped]|[silent]
|upkeep
|
|t:|1665166813
|switch|p2a: Weavile|Weavile, F|100/100
|-damage|p2a: Weavile|76/100|[from] Stealth Rock
|-ability|p2a: Weavile|Pressure
|turn|15
|
|t:|1665166815
|move|p2a: Weavile|Triple Axel|p1a: Tapu Fini
|-resisted|p1a: Tapu Fini
|-damage|p1a: Tapu Fini|58/100
|-resisted|p1a: Tapu Fini
|-crit|p1a: Tapu Fini
|-damage|p1a: Tapu Fini|33/100
|-hitcount|p1a: Tapu Fini|2
|move|p1a: Tapu Fini|Surf|p2a: Weavile
|-damage|p2a: Weavile|0 fnt
|faint|p2a: Weavile
|
|win|cump9
|raw|cump9's rating: 1755 &rarr; <strong>1773</strong><br />(+18 for winning)
|raw|minimax_ai's rating: 1715 &rarr; <strong>1697</strong><br />(-18 for losing)
|c|☆minimax_ai|gg
