|j|☆IM AT MY LIMIT
|j|☆ou make me yawn
|t:|1620019666
|gametype|singles
|player|p1|IM AT MY LIMIT|dawn|
|player|p2|ou make me yawn|101|
|teamsize|p1|6
|teamsize|p2|6
|gen|8
|tier|[Gen 8] OU
|clearpoke
|poke|p1|Slowking, M|
|poke|p1|Clefable, M|
|poke|p1|Garchomp, M|
|poke|p1|Tangrowth, M|
|poke|p1|Mandibuzz, F|
|poke|p1|Urshifu-*, F|
|poke|p2|Weezing-Galar, M|
|poke|p2|Melmetal|
|poke|p2|Marowak-Alola, M|
|poke|p2|Audino, M|
|poke|p2|Hydreigon, M|
|poke|p2|Slowbro, M|
|rule|Sleep Clause Mod: Limit one foe put to sleep
|rule|Species Clause: Limit one of each Pokémon
|rule|OHKO Clause: OHKO moves are banned
|rule|Evasion Moves Clause: Evasion moves are banned
|rule|Endless Battle Clause: Forcing endless battles is banned
|rule|HP Percentage Mod: HP is shown in percentages
|rule|Dynamax Clause: You cannot dynamax
|teampreview
|inactive|Battle timer is ON: inactive players will automatically lose when time's up. (requested by IM AT MY LIMIT)
|
|t:|1620019694
|start
|switch|p1a: Land shark 🌊☀|Garchomp, M|100/100
|switch|p2a: NECK LIKE A KILO|Audino, M, shiny|100/100
|turn|1
|
|t:|1620019708
|switch|p1a: Pink devil😈|Clefable, M|100/100
|move|p2a: NECK LIKE A KILO|Knock Off|p1a: Pink devil😈
|-resisted|p1a: Pink devil😈
|-damage|p1a: Pink devil😈|93/100
|-enditem|p1a: Pink devil😈|Leftovers|[from] move: Knock Off|[of] p2a: NECK LIKE A KILO
|
|upkeep
|turn|2
|inactive|ou make me yawn has 270 seconds left.
|inactive|ou make me yawn has 240 seconds left.
|
|t:|1620019769
|switch|p2a: YALL BROKE REPO|Melmetal|100/100
|move|p1a: Pink devil😈|Teleport|p1a: Pink devil😈
|
|t:|1620019773
|switch|p1a: Kung flu 3 💪🥋|Urshifu-Rapid-Strike, F|100/100|[from]move: Teleport
|
|upkeep
|turn|3
|
|t:|1620019785
|switch|p2a: WATER ON ME HOE|Slowbro, M, shiny|100/100
|move|p1a: Kung flu 3 💪🥋|U-turn|p2a: WATER ON ME HOE
|-supereffective|p2a: WATER ON ME HOE
|-damage|p2a: WATER ON ME HOE|57/100
|
|t:|1620019796
|switch|p1a: Medusa 🐍🐍🐍|Tangrowth, M, shiny|100/100|[from]move: U-turn
|
|upkeep
|turn|4
|
|t:|1620019801
|switch|p2a: RUN TO POLICE THO|Hydreigon, M|100/100
|move|p1a: Medusa 🐍🐍🐍|Knock Off|p2a: RUN TO POLICE THO
|-resisted|p2a: RUN TO POLICE THO
|-damage|p2a: RUN TO POLICE THO|89/100
|-enditem|p2a: RUN TO POLICE THO|Leftovers|[from] move: Knock Off|[of] p1a: Medusa 🐍🐍🐍
|
|upkeep
|turn|5
|
|t:|1620019811
|switch|p1a: Blacksmith 🔨|Mandibuzz, F, shiny|100/100
|move|p2a: RUN TO POLICE THO|Dark Pulse|p1a: Blacksmith 🔨
|-resisted|p1a: Blacksmith 🔨
|-crit|p1a: Blacksmith 🔨
|-damage|p1a: Blacksmith 🔨|78/100
|
|upkeep
|turn|6
|
|t:|1620019823
|switch|p2a: WATER ON ME HOE|Slowbro, M, shiny|91/100
|switch|p1a: THE KING 👑|Slowking, M, shiny|100/100
|
|upkeep
|turn|7
|inactive|ou make me yawn has 240 seconds left.
|
|t:|1620019858
|switch|p1a: Pink devil😈|Clefable, M|93/100
|move|p2a: WATER ON ME HOE|Future Sight|p1a: Pink devil😈
|-start|p2a: WATER ON ME HOE|move: Future Sight
|
|upkeep
|turn|8
|
|t:|1620019881
|switch|p1a: Blacksmith 🔨|Mandibuzz, F, shiny|78/100
|move|p2a: WATER ON ME HOE|Teleport|p2a: WATER ON ME HOE
|
|t:|1620019889
|switch|p2a: YALL BROKE REPO|Melmetal|100/100|[from]move: Teleport
|
|upkeep
|turn|9
|
|t:|1620019892
|move|p1a: Blacksmith 🔨|Roost|p1a: Blacksmith 🔨
|-heal|p1a: Blacksmith 🔨|100/100
|-singleturn|p1a: Blacksmith 🔨|move: Roost
|move|p2a: YALL BROKE REPO|Double Iron Bash|p1a: Blacksmith 🔨
|-damage|p1a: Blacksmith 🔨|77/100
|-damage|p1a: Blacksmith 🔨|53/100
|-hitcount|p1a: Blacksmith 🔨|2
|
|-end|p1a: Blacksmith 🔨|move: Future Sight
|-immune|p1a: Blacksmith 🔨
|upkeep
|turn|10
|inactive|ou make me yawn has 240 seconds left.
|
|t:|1620019918
|switch|p1a: Medusa 🐍🐍🐍|Tangrowth, M, shiny|100/100
|move|p2a: YALL BROKE REPO|Ice Punch|p1a: Medusa 🐍🐍🐍
|-supereffective|p1a: Medusa 🐍🐍🐍
|-damage|p1a: Medusa 🐍🐍🐍|64/100
|-damage|p2a: YALL BROKE REPO|84/100|[from] item: Rocky Helmet|[of] p1a: Medusa 🐍🐍🐍
|
|upkeep
|turn|11
|
|t:|1620019926
|switch|p2a: RUN TO POLICE THO|Hydreigon, M|89/100
|move|p1a: Medusa 🐍🐍🐍|Sleep Powder|p2a: RUN TO POLICE THO
|-status|p2a: RUN TO POLICE THO|slp|[from] move: Sleep Powder
|
|upkeep
|turn|12
|
|t:|1620019936
|switch|p1a: Kung flu 3 💪🥋|Urshifu-Rapid-Strike, F|100/100
|cant|p2a: RUN TO POLICE THO|slp
|
|upkeep
|turn|13
|
|t:|1620019939
|switch|p2a: WATER ON ME HOE|Slowbro, M, shiny|100/100
|move|p1a: Kung flu 3 💪🥋|U-turn|p2a: WATER ON ME HOE
|-supereffective|p2a: WATER ON ME HOE
|-damage|p2a: WATER ON ME HOE|60/100
|
|t:|1620019943
|switch|p1a: Blacksmith 🔨|Mandibuzz, F, shiny|53/100|[from]move: U-turn
|
|upkeep
|turn|14
|inactive|ou make me yawn has 240 seconds left.
|
|t:|1620019978
|move|p1a: Blacksmith 🔨|Roost|p1a: Blacksmith 🔨
|-heal|p1a: Blacksmith 🔨|100/100
|-singleturn|p1a: Blacksmith 🔨|move: Roost
|move|p2a: WATER ON ME HOE|Future Sight|p1a: Blacksmith 🔨
|-start|p2a: WATER ON ME HOE|move: Future Sight
|
|upkeep
|turn|15
|
|t:|1620019984
|move|p1a: Blacksmith 🔨|Toxic|p2a: WATER ON ME HOE
|-status|p2a: WATER ON ME HOE|tox
|move|p2a: WATER ON ME HOE|Teleport|p2a: WATER ON ME HOE
|
|t:|1620019986
|switch|p2a: THATS A FREE THROW|Weezing-Galar, M|100/100|[from]move: Teleport
|
|upkeep
|turn|16
|
|t:|1620019997
|switch|p1a: THE KING 👑|Slowking, M, shiny|100/100
|switch|p2a: NECK LIKE A KILO|Audino, M, shiny|100/100
|
|-end|p1a: THE KING 👑|move: Future Sight
|-resisted|p1a: THE KING 👑
|-damage|p1a: THE KING 👑|88/100
|upkeep
|turn|17
|
|t:|1620020007
|switch|p1a: Pink devil😈|Clefable, M|93/100
|move|p2a: NECK LIKE A KILO|Heal Bell|p2a: NECK LIKE A KILO
|-activate|p2a: NECK LIKE A KILO|move: Heal Bell
|-curestatus|p2: WATER ON ME HOE|tox|[msg]
|-curestatus|p2: RUN TO POLICE THO|slp|[msg]
|
|upkeep
|turn|18
|
|t:|1620020020
|switch|p2a: WATER ON ME HOE|Slowbro, M, shiny|94/100
|move|p1a: Pink devil😈|Teleport|p1a: Pink devil😈
|
|t:|1620020026
|switch|p1a: Blacksmith 🔨|Mandibuzz, F, shiny|100/100|[from]move: Teleport
|
|upkeep
|turn|19
|inactive|ou make me yawn has 240 seconds left.
|
|t:|1620020034
|switch|p1a: THE KING 👑|Slowking, M, shiny|100/100
|switch|p2a: THATS A FREE THROW|Weezing-Galar, M|100/100
|
|upkeep
|turn|20
|inactive|ou make me yawn has 240 seconds left.
|
|t:|1620020055
|move|p2a: THATS A FREE THROW|Will-O-Wisp|p1a: THE KING 👑
|-status|p1a: THE KING 👑|brn
|move|p1a: THE KING 👑|Future Sight|p2a: THATS A FREE THROW
|-start|p1a: THE KING 👑|move: Future Sight
|
|-damage|p1a: THE KING 👑|94/100 brn|[from] brn
|upkeep
|turn|21
|
|t:|1620020058
|switch|p2a: WATER ON ME HOE|Slowbro, M, shiny|100/100
|move|p1a: THE KING 👑|Teleport|p1a: THE KING 👑
|
|t:|1620020071
|switch|p1a: Medusa 🐍🐍🐍|Tangrowth, M, shiny|97/100|[from]move: Teleport
|
|upkeep
|turn|22
|
|t:|1620020085
|switch|p2a: RUN TO POLICE THO|Hydreigon, M|89/100
|move|p1a: Medusa 🐍🐍🐍|Infestation|p2a: RUN TO POLICE THO
|-supereffective|p2a: RUN TO POLICE THO
|-damage|p2a: RUN TO POLICE THO|79/100
|-activate|p2a: RUN TO POLICE THO|move: Infestation|[of] p1a: Medusa 🐍🐍🐍
|
|-end|p2a: RUN TO POLICE THO|move: Future Sight
|-immune|p2a: RUN TO POLICE THO
|-damage|p2a: RUN TO POLICE THO|67/100|[from] move: Infestation|[partiallytrapped]
|upkeep
|turn|23
|
|t:|1620020097
|move|p2a: RUN TO POLICE THO|Roost|p2a: RUN TO POLICE THO
|-heal|p2a: RUN TO POLICE THO|100/100
|-singleturn|p2a: RUN TO POLICE THO|move: Roost
|move|p1a: Medusa 🐍🐍🐍|Sleep Powder|p2a: RUN TO POLICE THO
|-status|p2a: RUN TO POLICE THO|slp|[from] move: Sleep Powder
|
|-damage|p2a: RUN TO POLICE THO|88/100 slp|[from] move: Infestation|[partiallytrapped]
|upkeep
|turn|24
|
|t:|1620020100
|cant|p2a: RUN TO POLICE THO|slp
|move|p1a: Medusa 🐍🐍🐍|Giga Drain|p2a: RUN TO POLICE THO
|-resisted|p2a: RUN TO POLICE THO
|-damage|p2a: RUN TO POLICE THO|75/100 slp
|-heal|p1a: Medusa 🐍🐍🐍|100/100|[from] drain|[of] p2a: RUN TO POLICE THO
|
|-damage|p2a: RUN TO POLICE THO|62/100 slp|[from] move: Infestation|[partiallytrapped]
|upkeep
|turn|25
|
|t:|1620020106
|cant|p2a: RUN TO POLICE THO|slp
|move|p1a: Medusa 🐍🐍🐍|Infestation|p2a: RUN TO POLICE THO
|-supereffective|p2a: RUN TO POLICE THO
|-damage|p2a: RUN TO POLICE THO|52/100 slp
|
|-damage|p2a: RUN TO POLICE THO|40/100 slp|[from] move: Infestation|[partiallytrapped]
|upkeep
|turn|26
|c|☆IM AT MY LIMIT|Max oh
|c|☆IM AT MY LIMIT|😳
|
|t:|1620020120
|cant|p2a: RUN TO POLICE THO|slp
|move|p1a: Medusa 🐍🐍🐍|Infestation|p2a: RUN TO POLICE THO
|-supereffective|p2a: RUN TO POLICE THO
|-damage|p2a: RUN TO POLICE THO|30/100 slp
|
|-damage|p2a: RUN TO POLICE THO|18/100 slp|[from] move: Infestation|[partiallytrapped]
|upkeep
|turn|27
|c|☆IM AT MY LIMIT|Another turn pleaseee
|
|t:|1620020130
|-curestatus|p2a: RUN TO POLICE THO|slp|[msg]
|move|p2a: RUN TO POLICE THO|Roost|p2a: RUN TO POLICE THO
|-heal|p2a: RUN TO POLICE THO|68/100
|-singleturn|p2a: RUN TO POLICE THO|move: Roost
|move|p1a: Medusa 🐍🐍🐍|Infestation|p2a: RUN TO POLICE THO
|-supereffective|p2a: RUN TO POLICE THO
|-damage|p2a: RUN TO POLICE THO|58/100
|
|-end|p2a: RUN TO POLICE THO|Infestation|[partiallytrapped]
|upkeep
|turn|28
|c|☆IM AT MY LIMIT|Life os unfair
|c|☆ou make me yawn|lmao
|inactive|ou make me yawn has 270 seconds left.
|
|t:|1620020153
|switch|p1a: Blacksmith 🔨|Mandibuzz, F, shiny|100/100
|move|p2a: RUN TO POLICE THO|Roost|p2a: RUN TO POLICE THO
|-heal|p2a: RUN TO POLICE THO|100/100
|-singleturn|p2a: RUN TO POLICE THO|move: Roost
|
|upkeep
|turn|29
|inactive|ou make me yawn has 270 seconds left.
|l|☆IM AT MY LIMIT
|inactive|IM AT MY LIMIT disconnected and has 300 seconds to reconnect!
|player|p1|
|inactive|ou make me yawn has 240 seconds left.
|j|☆IM AT MY LIMIT
|inactive|IM AT MY LIMIT reconnected.
|player|p1|IM AT MY LIMIT|dawn
|
|t:|1620020210
|switch|p2a: YALL BROKE REPO|Melmetal|84/100
|switch|p1a: Pink devil😈|Clefable, M|93/100
|
|upkeep
|turn|30
|inactive|ou make me yawn has 210 seconds left.
|
|t:|1620020236
|switch|p1a: THE KING 👑|Slowking, M, shiny|100/100 brn
|move|p2a: YALL BROKE REPO|Ice Punch|p1a: THE KING 👑
|-resisted|p1a: THE KING 👑
|-damage|p1a: THE KING 👑|82/100 brn
|
|-damage|p1a: THE KING 👑|76/100 brn|[from] brn
|upkeep
|turn|31
|inactive|ou make me yawn has 210 seconds left.
|
|t:|1620020262
|switch|p1a: Medusa 🐍🐍🐍|Tangrowth, M, shiny|100/100
|move|p2a: YALL BROKE REPO|Thunder Punch|p1a: Medusa 🐍🐍🐍
|-resisted|p1a: Medusa 🐍🐍🐍
|-damage|p1a: Medusa 🐍🐍🐍|91/100
|-damage|p2a: YALL BROKE REPO|67/100|[from] item: Rocky Helmet|[of] p1a: Medusa 🐍🐍🐍
|
|upkeep
|turn|32
|
|t:|1620020280
|switch|p2a: RUN TO POLICE THO|Hydreigon, M|100/100
|move|p1a: Medusa 🐍🐍🐍|Knock Off|p2a: RUN TO POLICE THO
|-resisted|p2a: RUN TO POLICE THO
|-damage|p2a: RUN TO POLICE THO|93/100
|
|upkeep
|turn|33
|
|t:|1620020284
|switch|p1a: Kung flu 3 💪🥋|Urshifu-Rapid-Strike, F|100/100
|move|p2a: RUN TO POLICE THO|Dark Pulse|p1a: Kung flu 3 💪🥋
|-resisted|p1a: Kung flu 3 💪🥋
|-damage|p1a: Kung flu 3 💪🥋|75/100
|
|upkeep
|turn|34
|
|t:|1620020288
|switch|p2a: WATER ON ME HOE|Slowbro, M, shiny|100/100
|move|p1a: Kung flu 3 💪🥋|U-turn|p2a: WATER ON ME HOE
|-supereffective|p2a: WATER ON ME HOE
|-damage|p2a: WATER ON ME HOE|58/100
|
|t:|1620020292
|switch|p1a: Medusa 🐍🐍🐍|Tangrowth, M, shiny|100/100|[from]move: U-turn
|
|upkeep
|turn|35
|
|t:|1620020298
|switch|p2a: SMOKIN OP PACK|Marowak-Alola, M, shiny|100/100
|move|p1a: Medusa 🐍🐍🐍|Sleep Powder|p2a: SMOKIN OP PACK|[miss]
|-miss|p1a: Medusa 🐍🐍🐍|p2a: SMOKIN OP PACK
|
|upkeep
|turn|36
|c|☆IM AT MY LIMIT|☁
|
|t:|1620020322
|move|p1a: Medusa 🐍🐍🐍|Knock Off|p2a: SMOKIN OP PACK
|-supereffective|p2a: SMOKIN OP PACK
|-damage|p2a: SMOKIN OP PACK|59/100
|-enditem|p2a: SMOKIN OP PACK|Thick Club|[from] move: Knock Off|[of] p1a: Medusa 🐍🐍🐍
|move|p2a: SMOKIN OP PACK|Stealth Rock|p1a: Medusa 🐍🐍🐍
|-sidestart|p1: IM AT MY LIMIT|move: Stealth Rock
|
|upkeep
|turn|37
|
|t:|1620020337
|switch|p1a: Blacksmith 🔨|Mandibuzz, F, shiny|100/100
|move|p2a: SMOKIN OP PACK|Poltergeist|p1a: Blacksmith 🔨
|-activate|p1a: Blacksmith 🔨|move: Poltergeist|Heavy-Duty Boots
|-resisted|p1a: Blacksmith 🔨
|-damage|p1a: Blacksmith 🔨|87/100
|
|upkeep
|turn|38
|inactive|ou make me yawn has 210 seconds left.
|
|t:|1620020356
|switch|p2a: NECK LIKE A KILO|Audino, M, shiny|100/100
|move|p1a: Blacksmith 🔨|Defog|p2a: NECK LIKE A KILO
|-unboost|p2a: NECK LIKE A KILO|evasion|1
|-sideend|p1: IM AT MY LIMIT|Stealth Rock|[from] move: Defog|[of] p1a: Blacksmith 🔨
|
|upkeep
|turn|39
|
|t:|1620020367
|switch|p1a: THE KING 👑|Slowking, M, shiny|100/100 brn
|move|p2a: NECK LIKE A KILO|Knock Off|p1a: THE KING 👑
|-supereffective|p1a: THE KING 👑
|-damage|p1a: THE KING 👑|68/100 brn
|-enditem|p1a: THE KING 👑|Heavy-Duty Boots|[from] move: Knock Off|[of] p2a: NECK LIKE A KILO
|
|-damage|p1a: THE KING 👑|62/100 brn|[from] brn
|upkeep
|turn|40
|inactive|ou make me yawn has 210 seconds left.
|
|t:|1620020387
|switch|p2a: WATER ON ME HOE|Slowbro, M, shiny|91/100
|move|p1a: THE KING 👑|Teleport|p1a: THE KING 👑
|
|t:|1620020396
|switch|p1a: Medusa 🐍🐍🐍|Tangrowth, M, shiny|100/100|[from]move: Teleport
|
|upkeep
|turn|41
|inactive|ou make me yawn has 210 seconds left.
|
|t:|1620020420
|switch|p1a: Land shark 🌊☀|Garchomp, M|100/100
|move|p2a: WATER ON ME HOE|Teleport|p2a: WATER ON ME HOE
|
|t:|1620020426
|switch|p2a: THATS A FREE THROW|Weezing-Galar, M|100/100|[from]move: Teleport
|
|upkeep
|turn|42
|inactive|ou make me yawn has 210 seconds left.
|
|t:|1620020435
|switch|p1a: THE KING 👑|Slowking, M, shiny|95/100 brn
|move|p2a: THATS A FREE THROW|Strange Steam|p1a: THE KING 👑
|-damage|p1a: THE KING 👑|79/100 brn
|
|-damage|p1a: THE KING 👑|73/100 brn|[from] brn
|upkeep
|turn|43
|inactive|ou make me yawn has 210 seconds left.
|
|t:|1620020452
|switch|p2a: WATER ON ME HOE|Slowbro, M, shiny|100/100
|move|p1a: THE KING 👑|Scald|p2a: WATER ON ME HOE
|-resisted|p2a: WATER ON ME HOE
|-damage|p2a: WATER ON ME HOE|86/100
|
|-damage|p1a: THE KING 👑|67/100 brn|[from] brn
|upkeep
|turn|44
|inactive|ou make me yawn has 210 seconds left.
|
|t:|1620020464
|switch|p1a: Blacksmith 🔨|Mandibuzz, F, shiny|87/100
|move|p2a: WATER ON ME HOE|Trick Room|p2a: WATER ON ME HOE
|-fieldstart|move: Trick Room|[of] p2a: WATER ON ME HOE
|
|upkeep
|turn|45
|inactive|ou make me yawn has 210 seconds left.
|
|t:|1620020480
|switch|p2a: THATS A FREE THROW|Weezing-Galar, M|100/100
|move|p1a: Blacksmith 🔨|Toxic|p2a: THATS A FREE THROW
|-immune|p2a: THATS A FREE THROW
|
|upkeep
|turn|46
|
|t:|1620020485
|switch|p2a: SMOKIN OP PACK|Marowak-Alola, M, shiny|59/100
|switch|p1a: THE KING 👑|Slowking, M, shiny|99/100 brn
|
|-damage|p1a: THE KING 👑|94/100 brn|[from] brn
|upkeep
|turn|47
|c|☆ou make me yawn|oh
|c|☆ou make me yawn|my
|c|☆ou make me yawn|god
|c|☆ou make me yawn|UGH
|
|t:|1620020499
|switch|p1a: Blacksmith 🔨|Mandibuzz, F, shiny|87/100
|switch|p2a: WATER ON ME HOE|Slowbro, M, shiny|100/100
|
|upkeep
|turn|48
|c|☆IM AT MY LIMIT|Hm
|
|t:|1620020508
|switch|p1a: Land shark 🌊☀|Garchomp, M|100/100
|move|p2a: WATER ON ME HOE|Scald|p1a: Land shark 🌊☀
|-damage|p1a: Land shark 🌊☀|81/100
|
|-heal|p1a: Land shark 🌊☀|87/100|[from] item: Leftovers
|-fieldend|move: Trick Room
|upkeep
|turn|49
|
|t:|1620020511
|move|p1a: Land shark 🌊☀|Stealth Rock|p2a: WATER ON ME HOE
|-sidestart|p2: ou make me yawn|move: Stealth Rock
|move|p2a: WATER ON ME HOE|Scald|p1a: Land shark 🌊☀
|-damage|p1a: Land shark 🌊☀|66/100
|
|-heal|p1a: Land shark 🌊☀|73/100|[from] item: Leftovers
|upkeep
|turn|50
|c|☆ou make me yawn|gosh
|c|☆ou make me yawn|darn it
|c|☆ou make me yawn|why
|c|☆ou make me yawn|would you even risk that
|
|t:|1620020529
|switch|p1a: THE KING 👑|Slowking, M, shiny|100/100 brn
|move|p2a: WATER ON ME HOE|Future Sight|p1a: THE KING 👑
|-start|p2a: WATER ON ME HOE|move: Future Sight
|
|-damage|p1a: THE KING 👑|94/100 brn|[from] brn
|upkeep
|turn|51
|c|☆IM AT MY LIMIT|Rest
|c|☆IM AT MY LIMIT|🐣
|c|☆ou make me yawn|rest yourself child
|c|☆ou make me yawn|this mu
|c|☆IM AT MY LIMIT|😳😳
|c|☆ou make me yawn|is so freaking terrible
|c|☆ou make me yawn|i hate this team
|inactive|IM AT MY LIMIT has 270 seconds left.
|c|☆ou make me yawn|this team is garbage
|c|☆IM AT MY LIMIT|Which one
|c|☆ou make me yawn|the one im using broski
|c|☆IM AT MY LIMIT|😢
|inactive|IM AT MY LIMIT has 240 seconds left.
|c|☆IM AT MY LIMIT|U think it needs a change
|c|☆ou make me yawn|it needs more offensive pressure
|c|☆ou make me yawn|feels like incomplete semi stall
|c|☆IM AT MY LIMIT|I mean if its only way of winning is a crit and max roll then sheesh
|inactive|IM AT MY LIMIT has 210 seconds left.
|c|☆ou make me yawn|like trick room on non banded mel?
|c|☆ou make me yawn|no thank you
|c|☆IM AT MY LIMIT|LOL
|c|☆IM AT MY LIMIT|Fair fair
|c|☆ou make me yawn|this is defa more a pre horse ban team
|inactive|IM AT MY LIMIT has 180 seconds left.
|c|☆ou make me yawn|but rn
|c|☆ou make me yawn|naw fam
|
|t:|1620020663
|switch|p1a: Blacksmith 🔨|Mandibuzz, F, shiny|87/100
|move|p2a: WATER ON ME HOE|Teleport|p2a: WATER ON ME HOE
|c|☆ou make me yawn|it even has an urshifu darkium counter lmao
|
|t:|1620020672
|switch|p2a: THATS A FREE THROW|Weezing-Galar, M|100/100|[from]move: Teleport
|-damage|p2a: THATS A FREE THROW|88/100|[from] Stealth Rock
|
|-heal|p2a: THATS A FREE THROW|94/100|[from] item: Black Sludge
|upkeep
|turn|52
|c|☆IM AT MY LIMIT|LOL
|
|t:|1620020679
|switch|p1a: THE KING 👑|Slowking, M, shiny|100/100 brn
|move|p2a: THATS A FREE THROW|Defog|p1a: THE KING 👑
|-unboost|p1a: THE KING 👑|evasion|1
|-sideend|p2: ou make me yawn|Stealth Rock|[from] move: Defog|[of] p2a: THATS A FREE THROW
|
|-end|p1a: THE KING 👑|move: Future Sight
|-resisted|p1a: THE KING 👑
|-crit|p1a: THE KING 👑
|-damage|p1a: THE KING 👑|82/100 brn
|-heal|p2a: THATS A FREE THROW|99/100|[from] item: Black Sludge
|-damage|p1a: THE KING 👑|76/100 brn|[from] brn
|upkeep
|turn|53
|inactive|ou make me yawn has 240 seconds left.
|
|t:|1620020690
|switch|p2a: NECK LIKE A KILO|Audino, M, shiny|100/100
|move|p1a: THE KING 👑|Future Sight|p2a: NECK LIKE A KILO
|-start|p1a: THE KING 👑|move: Future Sight
|
|-damage|p1a: THE KING 👑|70/100 brn|[from] brn
|upkeep
|turn|54
|
|t:|1620020699
|switch|p2a: WATER ON ME HOE|Slowbro, M, shiny|100/100
|move|p1a: THE KING 👑|Teleport|p1a: THE KING 👑
|
|t:|1620020703
|switch|p1a: Medusa 🐍🐍🐍|Tangrowth, M, shiny|100/100|[from]move: Teleport
|
|upkeep
|turn|55
|
|t:|1620020712
|move|p1a: Medusa 🐍🐍🐍|Sleep Powder|p2a: WATER ON ME HOE|[miss]
|-miss|p1a: Medusa 🐍🐍🐍|p2a: WATER ON ME HOE
|move|p2a: WATER ON ME HOE|Teleport|p2a: WATER ON ME HOE
|c|☆IM AT MY LIMIT|DUBB
|c|☆ou make me yawn|these misses
|c|☆ou make me yawn|aren't helping
|c|☆ou make me yawn|GOSH DARN IT
|c|☆ou make me yawn|HELP
|inactive|ou make me yawn has 240 seconds left.
|
|t:|1620020735
|switch|p2a: NECK LIKE A KILO|Audino, M, shiny|100/100|[from]move: Teleport
|
|-end|p2a: NECK LIKE A KILO|move: Future Sight
|-damage|p2a: NECK LIKE A KILO|71/100
|-heal|p2a: NECK LIKE A KILO|77/100|[from] item: Leftovers
|upkeep
|turn|56
|inactive|IM AT MY LIMIT has 210 seconds left.
|inactive|ou make me yawn has 240 seconds left.
|
|t:|1620020753
|switch|p1a: Pink devil😈|Clefable, M|93/100
|switch|p2a: RUN TO POLICE THO|Hydreigon, M|93/100
|
|upkeep
|turn|57
|inactive|ou make me yawn has 240 seconds left.
|c|☆IM AT MY LIMIT|Wait yeah why isnt melm band
|
|t:|1620020781
|switch|p2a: WATER ON ME HOE|Slowbro, M, shiny|100/100
|move|p1a: Pink devil😈|Wish|p1a: Pink devil😈
|
|upkeep
|turn|58
|
|t:|1620020790
|switch|p2a: NECK LIKE A KILO|Audino, M, shiny|100/100
|move|p1a: Pink devil😈|Teleport|p1a: Pink devil😈
|
|t:|1620020795
|switch|p1a: Kung flu 3 💪🥋|Urshifu-Rapid-Strike, F|75/100|[from]move: Teleport
|
|-heal|p1a: Kung flu 3 💪🥋|100/100|[from] move: Wish|[wisher] Pink devil😈
|upkeep
|turn|59
|inactive|ou make me yawn has 240 seconds left.
|
|t:|1620020808
|switch|p2a: THATS A FREE THROW|Weezing-Galar, M|99/100
|move|p1a: Kung flu 3 💪🥋|U-turn|p2a: THATS A FREE THROW
|-resisted|p2a: THATS A FREE THROW
|-damage|p2a: THATS A FREE THROW|95/100
|
|t:|1620020814
|switch|p1a: Land shark 🌊☀|Garchomp, M|73/100|[from]move: U-turn
|
|-heal|p1a: Land shark 🌊☀|79/100|[from] item: Leftovers
|-heal|p2a: THATS A FREE THROW|100/100|[from] item: Black Sludge
|upkeep
|turn|60
|
|t:|1620020818
|switch|p1a: THE KING 👑|Slowking, M, shiny|100/100 brn
|move|p2a: THATS A FREE THROW|Strange Steam|p1a: THE KING 👑
|-damage|p1a: THE KING 👑|84/100 brn
|-start|p1a: THE KING 👑|confusion
|
|-damage|p1a: THE KING 👑|78/100 brn|[from] brn
|upkeep
|turn|61
|
|t:|1620020827
|switch|p2a: SMOKIN OP PACK|Marowak-Alola, M, shiny|59/100
|switch|p1a: Pink devil😈|Clefable, M|93/100
|
|upkeep
|turn|62
|inactive|ou make me yawn has 270 seconds left.
|
|t:|1620020839
|switch|p1a: Blacksmith 🔨|Mandibuzz, F, shiny|87/100
|move|p2a: SMOKIN OP PACK|Fire Punch|p1a: Blacksmith 🔨
|-damage|p1a: Blacksmith 🔨|70/100
|-status|p1a: Blacksmith 🔨|brn
|
|-damage|p1a: Blacksmith 🔨|64/100 brn|[from] brn
|upkeep
|turn|63
|inactive|ou make me yawn has 270 seconds left.
|c|☆IM AT MY LIMIT|😢
|
|t:|1620020852
|move|p1a: Blacksmith 🔨|Roost|p1a: Blacksmith 🔨
|-heal|p1a: Blacksmith 🔨|100/100 brn
|-singleturn|p1a: Blacksmith 🔨|move: Roost
|move|p2a: SMOKIN OP PACK|Low Kick|p1a: Blacksmith 🔨
|-supereffective|p1a: Blacksmith 🔨
|-damage|p1a: Blacksmith 🔨|82/100 brn
|
|-damage|p1a: Blacksmith 🔨|75/100 brn|[from] brn
|upkeep
|turn|64
|c|☆ou make me yawn|gosh darn it
|inactive|ou make me yawn has 270 seconds left.
|c|☆ou make me yawn|low kick
|c|☆ou make me yawn|really
|c|☆ou make me yawn|REALLY?
|
|t:|1620020870
|switch|p2a: NECK LIKE A KILO|Audino, M, shiny|100/100
|move|p1a: Blacksmith 🔨|Roost|p1a: Blacksmith 🔨
|-heal|p1a: Blacksmith 🔨|100/100 brn
|-singleturn|p1a: Blacksmith 🔨|move: Roost
|
|-damage|p1a: Blacksmith 🔨|94/100 brn|[from] brn
|upkeep
|turn|65
|
|t:|1620020878
|switch|p1a: THE KING 👑|Slowking, M, shiny|100/100 brn
|move|p2a: NECK LIKE A KILO|Knock Off|p1a: THE KING 👑
|-supereffective|p1a: THE KING 👑
|-damage|p1a: THE KING 👑|78/100 brn
|
|-damage|p1a: THE KING 👑|72/100 brn|[from] brn
|upkeep
|turn|66
|inactive|ou make me yawn has 270 seconds left.
|
|t:|1620020888
|move|p2a: NECK LIKE A KILO|Wish|p2a: NECK LIKE A KILO
|move|p1a: THE KING 👑|Teleport|p1a: THE KING 👑
|
|t:|1620020892
|switch|p1a: Kung flu 3 💪🥋|Urshifu-Rapid-Strike, F|100/100|[from]move: Teleport
|
|upkeep
|turn|67
|inactive|ou make me yawn has 270 seconds left.
|c|☆IM AT MY LIMIT|Low kick?!?!
|
|t:|1620020923
|switch|p2a: THATS A FREE THROW|Weezing-Galar, M|100/100
|move|p1a: Kung flu 3 💪🥋|Surging Strikes|p2a: THATS A FREE THROW
|-crit|p2a: THATS A FREE THROW
|-damage|p2a: THATS A FREE THROW|81/100
|-crit|p2a: THATS A FREE THROW
|-damage|p2a: THATS A FREE THROW|60/100
|-crit|p2a: THATS A FREE THROW
|-damage|p2a: THATS A FREE THROW|39/100
|-hitcount|p2a: THATS A FREE THROW|3
|
|-heal|p2a: THATS A FREE THROW|100/100|[from] move: Wish|[wisher] NECK LIKE A KILO
|upkeep
|turn|68
|c|☆IM AT MY LIMIT|Swords dance is a thing
|inactive|IM AT MY LIMIT has 270 seconds left.
|inactive|ou make me yawn has 240 seconds left.
|
|t:|1620020953
|switch|p1a: THE KING 👑|Slowking, M, shiny|100/100 brn
|switch|p2a: RUN TO POLICE THO|Hydreigon, M|93/100
|
|-damage|p1a: THE KING 👑|94/100 brn|[from] brn
|upkeep
|turn|69
|inactive|ou make me yawn has 240 seconds left.
|
|t:|1620020966
|switch|p2a: NECK LIKE A KILO|Audino, M, shiny|100/100
|switch|p1a: Kung flu 3 💪🥋|Urshifu-Rapid-Strike, F|100/100
|
|upkeep
|turn|70
|
|t:|1620020975
|switch|p2a: THATS A FREE THROW|Weezing-Galar, M|100/100
|move|p1a: Kung flu 3 💪🥋|U-turn|p2a: THATS A FREE THROW
|-resisted|p2a: THATS A FREE THROW
|-damage|p2a: THATS A FREE THROW|95/100
|
|t:|1620020984
|switch|p1a: Land shark 🌊☀|Garchomp, M|79/100|[from]move: U-turn
|
|-heal|p1a: Land shark 🌊☀|85/100|[from] item: Leftovers
|-heal|p2a: THATS A FREE THROW|100/100|[from] item: Black Sludge
|upkeep
|turn|71
|
|t:|1620020995
|switch|p1a: Pink devil😈|Clefable, M|93/100
|switch|p2a: WATER ON ME HOE|Slowbro, M, shiny|100/100
|
|upkeep
|turn|72
|
|t:|1620021013
|switch|p2a: SMOKIN OP PACK|Marowak-Alola, M, shiny|59/100
|move|p1a: Pink devil😈|Teleport|p1a: Pink devil😈
|
|t:|1620021016
|switch|p1a: Kung flu 3 💪🥋|Urshifu-Rapid-Strike, F|100/100|[from]move: Teleport
|
|upkeep
|turn|73
|
|t:|1620021023
|switch|p2a: THATS A FREE THROW|Weezing-Galar, M|100/100
|move|p1a: Kung flu 3 💪🥋|U-turn|p2a: THATS A FREE THROW
|-resisted|p2a: THATS A FREE THROW
|-damage|p2a: THATS A FREE THROW|95/100
|
|t:|1620021027
|switch|p1a: Land shark 🌊☀|Garchomp, M|85/100|[from]move: U-turn
|
|-heal|p1a: Land shark 🌊☀|91/100|[from] item: Leftovers
|-heal|p2a: THATS A FREE THROW|100/100|[from] item: Black Sludge
|upkeep
|turn|74
|
|t:|1620021040
|switch|p1a: THE KING 👑|Slowking, M, shiny|100/100 brn
|switch|p2a: WATER ON ME HOE|Slowbro, M, shiny|100/100
|
|-damage|p1a: THE KING 👑|94/100 brn|[from] brn
|upkeep
|turn|75
|
|t:|1620021050
|switch|p2a: RUN TO POLICE THO|Hydreigon, M|93/100
|move|p1a: THE KING 👑|Teleport|p1a: THE KING 👑
|
|t:|1620021059
|switch|p1a: Kung flu 3 💪🥋|Urshifu-Rapid-Strike, F|100/100|[from]move: Teleport
|
|upkeep
|turn|76
|
|t:|1620021063
|switch|p2a: WATER ON ME HOE|Slowbro, M, shiny|100/100
|move|p1a: Kung flu 3 💪🥋|U-turn|p2a: WATER ON ME HOE
|-supereffective|p2a: WATER ON ME HOE
|-damage|p2a: WATER ON ME HOE|56/100
|
|t:|1620021071
|switch|p1a: Land shark 🌊☀|Garchomp, M|91/100|[from]move: U-turn
|
|-heal|p1a: Land shark 🌊☀|97/100|[from] item: Leftovers
|upkeep
|turn|77
|
|t:|1620021084
|switch|p2a: THATS A FREE THROW|Weezing-Galar, M|100/100
|move|p1a: Land shark 🌊☀|Stealth Rock|p2a: THATS A FREE THROW
|-sidestart|p2: ou make me yawn|move: Stealth Rock
|
|-heal|p1a: Land shark 🌊☀|100/100|[from] item: Leftovers
|upkeep
|turn|78
|
|t:|1620021097
|switch|p1a: THE KING 👑|Slowking, M, shiny|100/100 brn
|move|p2a: THATS A FREE THROW|Defog|p1a: THE KING 👑
|-unboost|p1a: THE KING 👑|evasion|1
|-sideend|p2: ou make me yawn|Stealth Rock|[from] move: Defog|[of] p2a: THATS A FREE THROW
|
|-damage|p1a: THE KING 👑|94/100 brn|[from] brn
|upkeep
|turn|79
|
|t:|1620021111
|switch|p2a: WATER ON ME HOE|Slowbro, M, shiny|90/100
|move|p1a: THE KING 👑|Teleport|p1a: THE KING 👑
|
|t:|1620021116
|switch|p1a: Kung flu 3 💪🥋|Urshifu-Rapid-Strike, F|100/100|[from]move: Teleport
|
|upkeep
|turn|80
|
|t:|1620021136
|switch|p2a: THATS A FREE THROW|Weezing-Galar, M|100/100
|move|p1a: Kung flu 3 💪🥋|Surging Strikes|p2a: THATS A FREE THROW
|-crit|p2a: THATS A FREE THROW
|-damage|p2a: THATS A FREE THROW|80/100
|-crit|p2a: THATS A FREE THROW
|-damage|p2a: THATS A FREE THROW|62/100
|-crit|p2a: THATS A FREE THROW
|-damage|p2a: THATS A FREE THROW|44/100
|-hitcount|p2a: THATS A FREE THROW|3
|
|-heal|p2a: THATS A FREE THROW|50/100|[from] item: Black Sludge
|upkeep
|turn|81
|c|☆ou make me yawn|bro
|c|☆ou make me yawn|you crit me
|c|☆ou make me yawn|wtf
|c|☆IM AT MY LIMIT|Ikr 😳
|
|t:|1620021156
|switch|p2a: WATER ON ME HOE|Slowbro, M, shiny|100/100
|move|p1a: Kung flu 3 💪🥋|Surging Strikes|p2a: WATER ON ME HOE
|-resisted|p2a: WATER ON ME HOE
|-crit|p2a: WATER ON ME HOE
|-damage|p2a: WATER ON ME HOE|92/100
|-resisted|p2a: WATER ON ME HOE
|-crit|p2a: WATER ON ME HOE
|-damage|p2a: WATER ON ME HOE|83/100
|-resisted|p2a: WATER ON ME HOE
|-crit|p2a: WATER ON ME HOE
|-damage|p2a: WATER ON ME HOE|74/100
|-hitcount|p2a: WATER ON ME HOE|3
|
|upkeep
|turn|82
|
|t:|1620021165
|switch|p1a: Medusa 🐍🐍🐍|Tangrowth, M, shiny|100/100
|move|p2a: WATER ON ME HOE|Scald|p1a: Medusa 🐍🐍🐍
|-resisted|p1a: Medusa 🐍🐍🐍
|-damage|p1a: Medusa 🐍🐍🐍|77/100
|
|upkeep
|turn|83
|
|t:|1620021178
|switch|p2a: SMOKIN OP PACK|Marowak-Alola, M, shiny|59/100
|move|p1a: Medusa 🐍🐍🐍|Giga Drain|p2a: SMOKIN OP PACK
|-resisted|p2a: SMOKIN OP PACK
|-damage|p2a: SMOKIN OP PACK|40/100
|-heal|p1a: Medusa 🐍🐍🐍|85/100|[from] drain|[of] p2a: SMOKIN OP PACK
|
|upkeep
|turn|84
|
|t:|1620021198
|switch|p2a: RUN TO POLICE THO|Hydreigon, M|93/100
|move|p1a: Medusa 🐍🐍🐍|Sleep Powder|p2a: RUN TO POLICE THO
|-status|p2a: RUN TO POLICE THO|slp|[from] move: Sleep Powder
|
|upkeep
|turn|85
|
|t:|1620021204
|switch|p2a: NECK LIKE A KILO|Audino, M, shiny|100/100
|switch|p1a: Kung flu 3 💪🥋|Urshifu-Rapid-Strike, F|100/100
|
|upkeep
|turn|86
|
|t:|1620021214
|switch|p2a: WATER ON ME HOE|Slowbro, M, shiny|100/100
|move|p1a: Kung flu 3 💪🥋|U-turn|p2a: WATER ON ME HOE
|-supereffective|p2a: WATER ON ME HOE
|-damage|p2a: WATER ON ME HOE|59/100
|
|t:|1620021218
|switch|p1a: Medusa 🐍🐍🐍|Tangrowth, M, shiny|100/100|[from]move: U-turn
|
|upkeep
|turn|87
|
|t:|1620021222
|switch|p2a: NECK LIKE A KILO|Audino, M, shiny|100/100
|move|p1a: Medusa 🐍🐍🐍|Giga Drain|p2a: NECK LIKE A KILO
|-damage|p2a: NECK LIKE A KILO|81/100
|
|-heal|p2a: NECK LIKE A KILO|88/100|[from] item: Leftovers
|upkeep
|turn|88
|
|t:|1620021229
|switch|p1a: THE KING 👑|Slowking, M, shiny|100/100 brn
|move|p2a: NECK LIKE A KILO|Knock Off|p1a: THE KING 👑
|-supereffective|p1a: THE KING 👑
|-damage|p1a: THE KING 👑|80/100 brn
|
|-heal|p2a: NECK LIKE A KILO|94/100|[from] item: Leftovers
|-damage|p1a: THE KING 👑|74/100 brn|[from] brn
|upkeep
|turn|89
|
|t:|1620021237
|move|p2a: NECK LIKE A KILO|Wish|p2a: NECK LIKE A KILO
|move|p1a: THE KING 👑|Teleport|p1a: THE KING 👑
|
|t:|1620021242
|switch|p1a: Kung flu 3 💪🥋|Urshifu-Rapid-Strike, F|100/100|[from]move: Teleport
|
|-heal|p2a: NECK LIKE A KILO|99/100|[from] item: Leftovers
|upkeep
|turn|90
|
|t:|1620021254
|switch|p2a: WATER ON ME HOE|Slowbro, M, shiny|92/100
|move|p1a: Kung flu 3 💪🥋|U-turn|p2a: WATER ON ME HOE
|-supereffective|p2a: WATER ON ME HOE
|-damage|p2a: WATER ON ME HOE|45/100
|
|t:|1620021261
|switch|p1a: Medusa 🐍🐍🐍|Tangrowth, M, shiny|100/100|[from]move: U-turn
|
|-heal|p2a: WATER ON ME HOE|97/100|[from] move: Wish|[wisher] NECK LIKE A KILO
|upkeep
|turn|91
|
|t:|1620021279
|move|p1a: Medusa 🐍🐍🐍|Infestation|p2a: WATER ON ME HOE
|-supereffective|p2a: WATER ON ME HOE
|-damage|p2a: WATER ON ME HOE|87/100
|-activate|p2a: WATER ON ME HOE|move: Infestation|[of] p1a: Medusa 🐍🐍🐍
|move|p2a: WATER ON ME HOE|Teleport|p2a: WATER ON ME HOE
|
|t:|1620021283
|switch|p2a: THATS A FREE THROW|Weezing-Galar, M|50/100|[from]move: Teleport
|
|-heal|p2a: THATS A FREE THROW|56/100|[from] item: Black Sludge
|upkeep
|turn|92
|
|t:|1620021289
|move|p2a: THATS A FREE THROW|Pain Split|p1a: Medusa 🐍🐍🐍
|-sethp|p1a: Medusa 🐍🐍🐍|74/100|[from] move: Pain Split|[silent]
|-sethp|p2a: THATS A FREE THROW|89/100|[from] move: Pain Split
|move|p1a: Medusa 🐍🐍🐍|Knock Off|p2a: THATS A FREE THROW
|-resisted|p2a: THATS A FREE THROW
|-damage|p2a: THATS A FREE THROW|82/100
|-enditem|p2a: THATS A FREE THROW|Black Sludge|[from] move: Knock Off|[of] p1a: Medusa 🐍🐍🐍
|
|upkeep
|turn|93
|
|t:|1620021298
|switch|p1a: THE KING 👑|Slowking, M, shiny|100/100 brn
|move|p2a: THATS A FREE THROW|Will-O-Wisp|p1a: THE KING 👑
|-fail|p1a: THE KING 👑|brn
|
|-damage|p1a: THE KING 👑|94/100 brn|[from] brn
|upkeep
|turn|94
|
|t:|1620021309
|switch|p2a: NECK LIKE A KILO|Audino, M, shiny|100/100
|move|p1a: THE KING 👑|Scald|p2a: NECK LIKE A KILO
|-crit|p2a: NECK LIKE A KILO
|-damage|p2a: NECK LIKE A KILO|75/100
|
|-heal|p2a: NECK LIKE A KILO|81/100|[from] item: Leftovers
|-damage|p1a: THE KING 👑|88/100 brn|[from] brn
|upkeep
|turn|95
|
|t:|1620021316
|switch|p2a: WATER ON ME HOE|Slowbro, M, shiny|100/100
|move|p1a: THE KING 👑|Teleport|p1a: THE KING 👑
|
|t:|1620021318
|switch|p1a: Land shark 🌊☀|Garchomp, M|100/100|[from]move: Teleport
|
|upkeep
|turn|96
|
|t:|1620021330
|switch|p2a: NECK LIKE A KILO|Audino, M, shiny|100/100
|move|p1a: Land shark 🌊☀|Stealth Rock|p2a: NECK LIKE A KILO
|-sidestart|p2: ou make me yawn|move: Stealth Rock
|
|upkeep
|turn|97
|
|t:|1620021346
|switch|p1a: Pink devil😈|Clefable, M|93/100
|move|p2a: NECK LIKE A KILO|Wish|p2a: NECK LIKE A KILO
|
|upkeep
|turn|98
|
|t:|1620021370
|switch|p2a: YALL BROKE REPO|Melmetal|67/100
|-damage|p2a: YALL BROKE REPO|61/100|[from] Stealth Rock
|move|p1a: Pink devil😈|Moonblast|p2a: YALL BROKE REPO
|-resisted|p2a: YALL BROKE REPO
|-damage|p2a: YALL BROKE REPO|53/100
|-unboost|p2a: YALL BROKE REPO|spa|1
|
|-heal|p2a: YALL BROKE REPO|100/100|[from] move: Wish|[wisher] NECK LIKE A KILO
|upkeep
|turn|99
|
|t:|1620021379
|switch|p1a: Medusa 🐍🐍🐍|Tangrowth, M, shiny|100/100
|switch|p2a: WATER ON ME HOE|Slowbro, M, shiny|100/100
|
|upkeep
|turn|100
|
|t:|1620021384
|move|p1a: Medusa 🐍🐍🐍|Giga Drain|p2a: WATER ON ME HOE
|-supereffective|p2a: WATER ON ME HOE
|-damage|p2a: WATER ON ME HOE|45/100
|move|p2a: WATER ON ME HOE|Teleport|p2a: WATER ON ME HOE
|
|t:|1620021386
|switch|p2a: THATS A FREE THROW|Weezing-Galar, M|82/100|[from]move: Teleport
|-damage|p2a: THATS A FREE THROW|69/100|[from] Stealth Rock
|
|upkeep
|turn|101
|
|t:|1620021399
|switch|p1a: THE KING 👑|Slowking, M, shiny|100/100 brn
|move|p2a: THATS A FREE THROW|Pain Split|p1a: THE KING 👑
|-sethp|p1a: THE KING 👑|80/100 brn|[from] move: Pain Split|[silent]
|-sethp|p2a: THATS A FREE THROW|94/100|[from] move: Pain Split
|
|-damage|p1a: THE KING 👑|74/100 brn|[from] brn
|upkeep
|turn|102
|
|t:|1620021405
|move|p2a: THATS A FREE THROW|Defog|p1a: THE KING 👑
|-unboost|p1a: THE KING 👑|evasion|1
|-sideend|p2: ou make me yawn|Stealth Rock|[from] move: Defog|[of] p2a: THATS A FREE THROW
|move|p1a: THE KING 👑|Teleport|p1a: THE KING 👑
|
|t:|1620021413
|switch|p1a: Land shark 🌊☀|Garchomp, M|100/100|[from]move: Teleport
|
|upkeep
|turn|103
|
|t:|1620021426
|switch|p1a: THE KING 👑|Slowking, M, shiny|100/100 brn
|switch|p2a: RUN TO POLICE THO|Hydreigon, M|93/100 slp
|
|-damage|p1a: THE KING 👑|94/100 brn|[from] brn
|upkeep
|turn|104
|c|☆ou make me yawn|ok
|c|☆ou make me yawn|well
|c|☆ou make me yawn|this is
|c|☆ou make me yawn|uh
|c|☆ou make me yawn|going no where
|c|☆IM AT MY LIMIT|Going nowhere
|c|☆IM AT MY LIMIT|Gea
|c|☆IM AT MY LIMIT|*yea
|c|☆ou make me yawn|im not willing to do this with this team
|inactive|IM AT MY LIMIT has 270 seconds left.
IM AT MY LIMIT is offering a tie.
|c|☆ou make me yawn|want to test it on the ac?
ou make me yawn accepted the tie.
|
|tie
|c|☆IM AT MY LIMIT|Tmrw hea
|c|☆IM AT MY LIMIT|*yra
|c|☆ou make me yawn|kk
|c|☆IM AT MY LIMIT|U can rn thk
|c|☆IM AT MY LIMIT|Send me replays later
|c|☆IM AT MY LIMIT|Or on discord
