|raw|<div class="broadcast-blue"><strong>This battle is required to be public due to a player having a name starting with 'lt92pf'.</div>
|j|☆LT92PF pj
|j|☆user1_ou
|t:|1659888671
|gametype|singles
|player|p1|LT92PF pj|blackbelt-gen4dp|1901
|player|p2|user1_ou|eusine|1854
|teamsize|p1|6
|teamsize|p2|6
|gen|8
|tier|[Gen 8] OU
|rated|
|rule|Sleep Clause Mod: Limit one foe put to sleep
|rule|Species Clause: Limit one of each Pokémon
|rule|OHKO Clause: OHKO moves are banned
|rule|Evasion Items Clause: Evasion items are banned
|rule|Evasion Moves Clause: Evasion moves are banned
|rule|Endless Battle Clause: Forcing endless battles is banned
|rule|HP Percentage Mod: HP is shown in percentages
|rule|Dynamax Clause: You cannot dynamax
|clearpoke
|poke|p1|Melmetal|
|poke|p1|Tapu Lele|
|poke|p1|Magnezone|
|poke|p1|Tornadus-Therian, M|
|poke|p1|Tapu Fini|
|poke|p1|Landorus-Therian, M|
|poke|p2|Kartana|
|poke|p2|Tapu Lele|
|poke|p2|Magnezone|
|poke|p2|Landorus-Therian, M|
|poke|p2|Toxapex, F|
|poke|p2|Obstagoon, F|
|teampreview
|j| Masaki Suda
|
|t:|1659888691
|start
|switch|p1a: Tornadus|Tornadus-Therian, M, shiny|100/100
|switch|p2a: Toxapex|Toxapex, F|100/100
|turn|1
|j| pollopollopo
|j| yop on the flux
|j| Serpi n_n
|
|t:|1659888703
|switch|p1a: Landorus|Landorus-Therian, M|100/100
|-ability|p1a: Landorus|Intimidate|boost
|-unboost|p2a: Toxapex|atk|1
|move|p2a: Toxapex|Toxic Spikes|p1a: Landorus
|-sidestart|p1: LT92PF pj|move: Toxic Spikes
|
|upkeep
|turn|2
|j| chokst du
|
|t:|1659888713
|move|p1a: Landorus|Earthquake|p2a: Toxapex
|-supereffective|p2a: Toxapex
|-damage|p2a: Toxapex|46/100
|move|p2a: Toxapex|Scald|p1a: Landorus
|-supereffective|p1a: Landorus
|-damage|p1a: Landorus|75/100
|-status|p1a: Landorus|brn
|
|-heal|p1a: Landorus|81/100 brn|[from] item: Leftovers
|-damage|p1a: Landorus|75/100 brn|[from] brn
|upkeep
|turn|3
|
|t:|1659888723
|move|p1a: Landorus|U-turn|p2a: Toxapex
|-resisted|p2a: Toxapex
|-damage|p2a: Toxapex|43/100
|-damage|p1a: Landorus|59/100 brn|[from] item: Rocky Helmet|[of] p2a: Toxapex
|
|t:|1659888728
|switch|p1a: Tornadus|Tornadus-Therian, M, shiny|100/100|[from]move: U-turn
|move|p2a: Toxapex|Recover|p2a: Toxapex
|-heal|p2a: Toxapex|93/100
|
|upkeep
|turn|4
|j| tytyui↻
|
|t:|1659888733
|move|p1a: Tornadus|Knock Off|p2a: Toxapex
|-damage|p2a: Toxapex|81/100
|-damage|p1a: Tornadus|84/100|[from] item: Rocky Helmet|[of] p2a: Toxapex
|-enditem|p2a: Toxapex|Rocky Helmet|[from] move: Knock Off|[of] p1a: Tornadus
|move|p2a: Toxapex|Scald|p1a: Tornadus
|-damage|p1a: Tornadus|68/100
|-status|p1a: Tornadus|brn
|
|-damage|p1a: Tornadus|62/100 brn|[from] brn
|upkeep
|turn|5
|
|t:|1659888738
|move|p1a: Tornadus|Defog|p2a: Toxapex
|-unboost|p2a: Toxapex|evasion|1
|-sideend|p1: LT92PF pj|Toxic Spikes|[from] move: Defog|[of] p1a: Tornadus
|move|p2a: Toxapex|Toxic Spikes|p1a: Tornadus
|-sidestart|p1: LT92PF pj|move: Toxic Spikes
|
|-damage|p1a: Tornadus|56/100 brn|[from] brn
|upkeep
|turn|6
|
|t:|1659888742
|move|p1a: Tornadus|U-turn|p2a: Toxapex
|-resisted|p2a: Toxapex
|-crit|p2a: Toxapex
|-damage|p2a: Toxapex|77/100
|
|t:|1659888749
|switch|p1a: Tapu Lele|Tapu Lele|100/100|[from]move: U-turn
|-status|p1a: Tapu Lele|psn
|-fieldstart|move: Psychic Terrain|[from] ability: Psychic Surge|[of] p1a: Tapu Lele
|move|p2a: Toxapex|Scald|p1a: Tapu Lele
|-damage|p1a: Tapu Lele|82/100 psn
|
|-damage|p1a: Tapu Lele|70/100 psn|[from] psn
|upkeep
|turn|7
|j| deidmiredmd
|
|t:|1659888758
|switch|p2a: Magnezone|Magnezone|100/100
|move|p1a: Tapu Lele|Moonblast|p2a: Magnezone
|-resisted|p2a: Magnezone
|-damage|p2a: Magnezone|56/100
|
|-heal|p2a: Magnezone|62/100|[from] item: Leftovers
|-damage|p1a: Tapu Lele|57/100 psn|[from] psn
|upkeep
|turn|8
|
|t:|1659888766
|switch|p1a: Landorus|Landorus-Therian, M|59/100 brn
|-ability|p1a: Landorus|Intimidate|boost
|-unboost|p2a: Magnezone|atk|1
|move|p2a: Magnezone|Flash Cannon|p1a: Landorus
|-damage|p1a: Landorus|35/100 brn
|
|-heal|p1a: Landorus|41/100 brn|[from] item: Leftovers
|-heal|p2a: Magnezone|68/100|[from] item: Leftovers
|-damage|p1a: Landorus|35/100 brn|[from] brn
|upkeep
|turn|9
|
|t:|1659888772
|switch|p2a: Landorus|Landorus-Therian, M|100/100
|-ability|p2a: Landorus|Intimidate|boost
|-unboost|p1a: Landorus|atk|1
|move|p1a: Landorus|U-turn|p2a: Landorus
|-resisted|p2a: Landorus
|-damage|p2a: Landorus|97/100
|
|t:|1659888774
|switch|p1a: Tornadus|Tornadus-Therian, M, shiny|89/100 brn|[from]move: U-turn
|
|-heal|p2a: Landorus|100/100|[from] item: Leftovers
|-damage|p1a: Tornadus|83/100 brn|[from] brn
|upkeep
|turn|10
|
|t:|1659888781
|switch|p2a: Toxapex|Toxapex, F|100/100
|move|p1a: Tornadus|Knock Off|p2a: Toxapex
|-damage|p2a: Toxapex|96/100
|
|-damage|p1a: Tornadus|77/100 brn|[from] brn
|-fieldend|move: Psychic Terrain
|upkeep
|turn|11
|
|t:|1659888784
|move|p1a: Tornadus|Defog|p2a: Toxapex
|-unboost|p2a: Toxapex|evasion|1
|-sideend|p1: LT92PF pj|Toxic Spikes|[from] move: Defog|[of] p1a: Tornadus
|move|p2a: Toxapex|Toxic Spikes|p1a: Tornadus
|-sidestart|p1: LT92PF pj|move: Toxic Spikes
|
|-damage|p1a: Tornadus|71/100 brn|[from] brn
|upkeep
|turn|12
|
|t:|1659888787
|move|p1a: Tornadus|Hurricane|p2a: Toxapex
|-damage|p2a: Toxapex|62/100
|move|p2a: Toxapex|Toxic Spikes|p1a: Tornadus
|-sidestart|p1: LT92PF pj|move: Toxic Spikes
|
|-damage|p1a: Tornadus|64/100 brn|[from] brn
|upkeep
|turn|13
|
|t:|1659888791
|move|p1a: Tornadus|Hurricane|p2a: Toxapex
|-damage|p2a: Toxapex|28/100
|move|p2a: Toxapex|Toxic Spikes||[still]
|-fail|p2a: Toxapex
|
|-damage|p1a: Tornadus|58/100 brn|[from] brn
|upkeep
|turn|14
|j| k_4shawn
|
|t:|1659888798
|switch|p2a: Tapu Lele|Tapu Lele|100/100
|-fieldstart|move: Psychic Terrain|[from] ability: Psychic Surge|[of] p2a: Tapu Lele
|move|p1a: Tornadus|Defog|p2a: Tapu Lele
|-unboost|p2a: Tapu Lele|evasion|1
|-sideend|p1: LT92PF pj|Toxic Spikes|[from] move: Defog|[of] p1a: Tornadus
|-fieldend|move: Psychic Terrain
|
|-damage|p1a: Tornadus|52/100 brn|[from] brn
|upkeep
|turn|15
|
|t:|1659888802
|switch|p2a: Toxapex|Toxapex, F|61/100
|move|p1a: Tornadus|U-turn|p2a: Toxapex
|-resisted|p2a: Toxapex
|-damage|p2a: Toxapex|59/100
|
|t:|1659888810
|switch|p1a: Tapu Lele|Tapu Lele|57/100 psn|[from]move: U-turn
|-fieldstart|move: Psychic Terrain|[from] ability: Psychic Surge|[of] p1a: Tapu Lele
|
|-damage|p1a: Tapu Lele|45/100 psn|[from] psn
|upkeep
|turn|16
|
|t:|1659888825
|switch|p2a: Obstagoon|Obstagoon, F|100/100
|move|p1a: Tapu Lele|Psychic|p2a: Obstagoon
|-immune|p2a: Obstagoon
|
|-damage|p1a: Tapu Lele|33/100 psn|[from] psn
|-status|p2a: Obstagoon|brn|[from] item: Flame Orb
|upkeep
|turn|17
|
|t:|1659888831
|switch|p1a: Landorus|Landorus-Therian, M|35/100 brn
|-ability|p1a: Landorus|Intimidate|boost
|-unboost|p2a: Obstagoon|atk|1
|move|p2a: Obstagoon|Knock Off|p1a: Landorus
|-damage|p1a: Landorus|0 fnt
|-enditem|p1a: Landorus|Leftovers|[from] move: Knock Off|[of] p2a: Obstagoon
|faint|p1a: Landorus
|
|-damage|p2a: Obstagoon|94/100 brn|[from] brn
|upkeep
|j| AmygdalanResponse
|
|t:|1659888841
|switch|p1a: Tapu Fini|Tapu Fini|100/100
|-fieldstart|move: Misty Terrain|[from] ability: Misty Surge|[of] p1a: Tapu Fini
|turn|18
|
|t:|1659888845
|move|p2a: Obstagoon|Obstruct|p2a: Obstagoon
|-singleturn|p2a: Obstagoon|Protect
|move|p1a: Tapu Fini|Draining Kiss|p2a: Obstagoon
|-activate|p2a: Obstagoon|move: Protect
|-unboost|p1a: Tapu Fini|def|2
|
|-damage|p2a: Obstagoon|88/100 brn|[from] brn
|upkeep
|turn|19
|
|t:|1659888854
|switch|p1a: Melmetal|Melmetal|100/100
|move|p2a: Obstagoon|Facade|p1a: Melmetal
|-resisted|p1a: Melmetal
|-damage|p1a: Melmetal|84/100
|
|-heal|p1a: Melmetal|90/100|[from] item: Leftovers
|-damage|p2a: Obstagoon|82/100 brn|[from] brn
|upkeep
|turn|20
|
|t:|1659888868
|move|p2a: Obstagoon|Obstruct|p2a: Obstagoon
|-singleturn|p2a: Obstagoon|Protect
|move|p1a: Melmetal|Double Iron Bash|p2a: Obstagoon
|-activate|p2a: Obstagoon|move: Protect
|-unboost|p1a: Melmetal|def|2
|
|-heal|p1a: Melmetal|96/100|[from] item: Leftovers
|-damage|p2a: Obstagoon|76/100 brn|[from] brn
|upkeep
|turn|21
|
|t:|1659888873
|switch|p2a: Landorus|Landorus-Therian, M|100/100
|-ability|p2a: Landorus|Intimidate|boost
|-unboost|p1a: Melmetal|atk|1
|move|p1a: Melmetal|Double Iron Bash|p2a: Landorus
|-damage|p2a: Landorus|78/100
|-damage|p2a: Landorus|55/100
|-hitcount|p2a: Landorus|2
|
|-heal|p2a: Landorus|61/100|[from] item: Leftovers
|-heal|p1a: Melmetal|100/100|[from] item: Leftovers
|upkeep
|turn|22
|
|t:|1659888877
|switch|p1a: Tornadus|Tornadus-Therian, M, shiny|86/100 brn
|move|p2a: Landorus|Earthquake|p1a: Tornadus
|-immune|p1a: Tornadus
|
|-heal|p2a: Landorus|67/100|[from] item: Leftovers
|-damage|p1a: Tornadus|79/100 brn|[from] brn
|-fieldend|Misty Terrain
|upkeep
|turn|23
|
|t:|1659888884
|move|p1a: Tornadus|Knock Off|p2a: Landorus
|-damage|p2a: Landorus|57/100
|-enditem|p2a: Landorus|Leftovers|[from] move: Knock Off|[of] p1a: Tornadus
|move|p2a: Landorus|U-turn|p1a: Tornadus
|-resisted|p1a: Tornadus
|-damage|p1a: Tornadus|67/100 brn
|
|t:|1659888890
|switch|p2a: Tapu Lele|Tapu Lele|100/100|[from]move: U-turn
|-fieldstart|move: Psychic Terrain|[from] ability: Psychic Surge|[of] p2a: Tapu Lele
|
|-damage|p1a: Tornadus|61/100 brn|[from] brn
|upkeep
|turn|24
|
|t:|1659888894
|switch|p1a: Melmetal|Melmetal|100/100
|move|p2a: Tapu Lele|Psychic|p1a: Melmetal
|-resisted|p1a: Melmetal
|-damage|p1a: Melmetal|70/100
|
|-heal|p1a: Melmetal|76/100|[from] item: Leftovers
|upkeep
|turn|25
|
|t:|1659888900
|switch|p2a: Toxapex|Toxapex, F|92/100
|move|p1a: Melmetal|Double Iron Bash|p2a: Toxapex
|-resisted|p2a: Toxapex
|-damage|p2a: Toxapex|81/100
|-resisted|p2a: Toxapex
|-damage|p2a: Toxapex|70/100
|-hitcount|p2a: Toxapex|2
|
|-heal|p1a: Melmetal|82/100|[from] item: Leftovers
|upkeep
|turn|26
|
|t:|1659888905
|switch|p2a: Landorus|Landorus-Therian, M|57/100
|-ability|p2a: Landorus|Intimidate|boost
|-unboost|p1a: Melmetal|atk|1
|move|p1a: Melmetal|Earthquake|p2a: Landorus
|-immune|p2a: Landorus
|
|-heal|p1a: Melmetal|88/100|[from] item: Leftovers
|upkeep
|turn|27
|j| irgendwasmitmeeem
|
|t:|1659888909
|move|p2a: Landorus|Stealth Rock|p1a: Melmetal
|-sidestart|p1: LT92PF pj|move: Stealth Rock
|move|p1a: Melmetal|Toxic|p2a: Landorus
|-status|p2a: Landorus|tox
|
|-heal|p1a: Melmetal|94/100|[from] item: Leftovers
|-damage|p2a: Landorus|50/100 tox|[from] psn
|-fieldend|move: Psychic Terrain
|upkeep
|turn|28
|
|t:|1659888914
|move|p1a: Melmetal|Protect|p1a: Melmetal
|-singleturn|p1a: Melmetal|Protect
|move|p2a: Landorus|Earthquake|p1a: Melmetal
|-activate|p1a: Melmetal|move: Protect
|
|-heal|p1a: Melmetal|99/100|[from] item: Leftovers
|-damage|p2a: Landorus|38/100 tox|[from] psn
|upkeep
|turn|29
|
|t:|1659888917
|switch|p1a: Tornadus|Tornadus-Therian, M, shiny|94/100 brn
|move|p2a: Landorus|Earthquake|p1a: Tornadus
|-immune|p1a: Tornadus
|
|-damage|p2a: Landorus|20/100 tox|[from] psn
|-damage|p1a: Tornadus|88/100 brn|[from] brn
|upkeep
|turn|30
|
|t:|1659888922
|move|p1a: Tornadus|Defog|p2a: Landorus
|-unboost|p2a: Landorus|evasion|1
|-sideend|p1: LT92PF pj|Stealth Rock|[from] move: Defog|[of] p1a: Tornadus
|move|p2a: Landorus|Stealth Rock|p1a: Tornadus
|-sidestart|p1: LT92PF pj|move: Stealth Rock
|
|-damage|p2a: Landorus|0 fnt|[from] psn
|faint|p2a: Landorus
|-damage|p1a: Tornadus|82/100 brn|[from] brn
|upkeep
|
|t:|1659888933
|switch|p2a: Tapu Lele|Tapu Lele|100/100
|-fieldstart|move: Psychic Terrain|[from] ability: Psychic Surge|[of] p2a: Tapu Lele
|turn|31
|
|t:|1659888936
|switch|p2a: Obstagoon|Obstagoon, F|76/100 brn
|move|p1a: Tornadus|Defog|p2a: Obstagoon
|-unboost|p2a: Obstagoon|evasion|1
|-sideend|p1: LT92PF pj|Stealth Rock|[from] move: Defog|[of] p1a: Tornadus
|-fieldend|move: Psychic Terrain
|
|-damage|p1a: Tornadus|76/100 brn|[from] brn
|-damage|p2a: Obstagoon|70/100 brn|[from] brn
|upkeep
|turn|32
|
|t:|1659888945
|switch|p2a: Toxapex|Toxapex, F|100/100
|move|p1a: Tornadus|U-turn|p2a: Toxapex
|-resisted|p2a: Toxapex
|-damage|p2a: Toxapex|98/100
|
|t:|1659888967
|switch|p1a: Tapu Fini|Tapu Fini|100/100|[from]move: U-turn
|-fieldstart|move: Misty Terrain|[from] ability: Misty Surge|[of] p1a: Tapu Fini
|
|upkeep
|turn|33
|
|t:|1659888974
|move|p1a: Tapu Fini|Calm Mind|p1a: Tapu Fini
|-boost|p1a: Tapu Fini|spa|1
|-boost|p1a: Tapu Fini|spd|1
|move|p2a: Toxapex|Toxic Spikes|p1a: Tapu Fini
|-sidestart|p1: LT92PF pj|move: Toxic Spikes
|
|upkeep
|turn|34
|
|t:|1659888980
|move|p1a: Tapu Fini|Calm Mind|p1a: Tapu Fini
|-boost|p1a: Tapu Fini|spa|1
|-boost|p1a: Tapu Fini|spd|1
|move|p2a: Toxapex|Haze|p2a: Toxapex
|-clearallboost
|
|upkeep
|turn|35
|
|t:|1659888984
|switch|p2a: Tapu Lele|Tapu Lele|100/100
|-fieldstart|move: Psychic Terrain|[from] ability: Psychic Surge|[of] p2a: Tapu Lele
|move|p1a: Tapu Fini|Calm Mind|p1a: Tapu Fini
|-boost|p1a: Tapu Fini|spa|1
|-boost|p1a: Tapu Fini|spd|1
|
|upkeep
|turn|36
|
|t:|1659888988
|move|p2a: Tapu Lele|Psyshock|p1a: Tapu Fini
|-damage|p1a: Tapu Fini|42/100
|move|p1a: Tapu Fini|Draining Kiss|p2a: Tapu Lele
|-damage|p2a: Tapu Lele|76/100
|-heal|p1a: Tapu Fini|57/100|[from] drain|[of] p2a: Tapu Lele
|
|-heal|p1a: Tapu Fini|63/100|[from] item: Leftovers
|upkeep
|turn|37
|
|t:|1659888992
|switch|p1a: Melmetal|Melmetal|99/100
|move|p2a: Tapu Lele|Psyshock|p1a: Melmetal
|-resisted|p1a: Melmetal
|-damage|p1a: Melmetal|80/100
|
|-heal|p1a: Melmetal|86/100|[from] item: Leftovers
|upkeep
|turn|38
|
|t:|1659888998
|switch|p2a: Toxapex|Toxapex, F|100/100
|move|p1a: Melmetal|Earthquake|p2a: Toxapex
|-supereffective|p2a: Toxapex
|-damage|p2a: Toxapex|62/100
|
|-heal|p1a: Melmetal|92/100|[from] item: Leftovers
|upkeep
|turn|39
|
|t:|1659889001
|move|p1a: Melmetal|Earthquake|p2a: Toxapex
|-supereffective|p2a: Toxapex
|-damage|p2a: Toxapex|21/100
|move|p2a: Toxapex|Recover|p2a: Toxapex
|-heal|p2a: Toxapex|71/100
|
|-heal|p1a: Melmetal|98/100|[from] item: Leftovers
|-fieldend|move: Psychic Terrain
|upkeep
|turn|40
|
|t:|1659889006
|move|p1a: Melmetal|Double Iron Bash|p2a: Toxapex
|-resisted|p2a: Toxapex
|-damage|p2a: Toxapex|61/100
|-resisted|p2a: Toxapex
|-damage|p2a: Toxapex|51/100
|-hitcount|p2a: Toxapex|2
|move|p2a: Toxapex|Scald|p1a: Melmetal
|-damage|p1a: Melmetal|86/100
|
|-heal|p1a: Melmetal|92/100|[from] item: Leftovers
|upkeep
|turn|41
|
|t:|1659889012
|move|p1a: Melmetal|Double Iron Bash|p2a: Toxapex
|-resisted|p2a: Toxapex
|-damage|p2a: Toxapex|40/100
|-resisted|p2a: Toxapex
|-damage|p2a: Toxapex|30/100
|-hitcount|p2a: Toxapex|2
|move|p2a: Toxapex|Recover|p2a: Toxapex
|-heal|p2a: Toxapex|80/100
|
|-heal|p1a: Melmetal|98/100|[from] item: Leftovers
|upkeep
|turn|42
|
|t:|1659889016
|move|p1a: Melmetal|Earthquake|p2a: Toxapex
|-supereffective|p2a: Toxapex
|-crit|p2a: Toxapex
|-damage|p2a: Toxapex|23/100
|move|p2a: Toxapex|Scald|p1a: Melmetal
|-damage|p1a: Melmetal|85/100
|
|-heal|p1a: Melmetal|91/100|[from] item: Leftovers
|upkeep
|turn|43
|
|t:|1659889023
|switch|p2a: Kartana|Kartana|100/100
|move|p1a: Melmetal|Earthquake|p2a: Kartana
|-damage|p2a: Kartana|65/100
|
|-heal|p1a: Melmetal|97/100|[from] item: Leftovers
|upkeep
|turn|44
|l| Masaki Suda
|
|t:|1659889029
|move|p1a: Melmetal|Protect|p1a: Melmetal
|-singleturn|p1a: Melmetal|Protect
|move|p2a: Kartana|Knock Off|p1a: Melmetal
|-activate|p1a: Melmetal|move: Protect
|
|-heal|p1a: Melmetal|100/100|[from] item: Leftovers
|upkeep
|turn|45
|
|t:|1659889034
|switch|p1a: Tornadus|Tornadus-Therian, M, shiny|100/100 brn
|move|p2a: Kartana|Knock Off|p1a: Tornadus
|-damage|p1a: Tornadus|57/100 brn
|-enditem|p1a: Tornadus|Heavy-Duty Boots|[from] move: Knock Off|[of] p2a: Kartana
|
|-damage|p1a: Tornadus|51/100 brn|[from] brn
|upkeep
|turn|46
|
|t:|1659889039
|switch|p2a: Toxapex|Toxapex, F|56/100
|move|p1a: Tornadus|U-turn|p2a: Toxapex
|-resisted|p2a: Toxapex
|-damage|p2a: Toxapex|54/100
|
|t:|1659889042
|switch|p1a: Melmetal|Melmetal|100/100|[from]move: U-turn
|
|upkeep
|turn|47
|
|t:|1659889046
|move|p1a: Melmetal|Double Iron Bash|p2a: Toxapex
|-resisted|p2a: Toxapex
|-damage|p2a: Toxapex|44/100
|-resisted|p2a: Toxapex
|-damage|p2a: Toxapex|33/100
|-hitcount|p2a: Toxapex|2
|cant|p2a: Toxapex|flinch
|
|upkeep
|turn|48
|
|t:|1659889049
|switch|p2a: Kartana|Kartana|65/100
|move|p1a: Melmetal|Earthquake|p2a: Kartana
|-damage|p2a: Kartana|33/100
|
|upkeep
|turn|49
|
|t:|1659889053
|switch|p2a: Toxapex|Toxapex, F|67/100
|move|p1a: Melmetal|Protect||[still]
|-fail|p1a: Melmetal
|
|upkeep
|turn|50
|
|t:|1659889061
|move|p1a: Melmetal|Earthquake|p2a: Toxapex
|-supereffective|p2a: Toxapex
|-damage|p2a: Toxapex|28/100
|move|p2a: Toxapex|Recover|p2a: Toxapex
|-heal|p2a: Toxapex|78/100
|
|upkeep
|turn|51
|
|t:|1659889063
|move|p1a: Melmetal|Protect|p1a: Melmetal
|-singleturn|p1a: Melmetal|Protect
|move|p2a: Toxapex|Scald|p1a: Melmetal
|-activate|p1a: Melmetal|move: Protect
|
|upkeep
|turn|52
|
|t:|1659889069
|switch|p1a: Tornadus|Tornadus-Therian, M, shiny|84/100 brn
|move|p2a: Toxapex|Scald|p1a: Tornadus
|-damage|p1a: Tornadus|66/100 brn
|
|-damage|p1a: Tornadus|60/100 brn|[from] brn
|upkeep
|turn|53
|
|t:|1659889076
|move|p1a: Tornadus|Hurricane|p2a: Toxapex
|-damage|p2a: Toxapex|44/100
|move|p2a: Toxapex|Scald|p1a: Tornadus
|-damage|p1a: Tornadus|44/100 brn
|
|-damage|p1a: Tornadus|38/100 brn|[from] brn
|upkeep
|turn|54
|
|t:|1659889084
|move|p1a: Tornadus|Defog|p2a: Toxapex
|-unboost|p2a: Toxapex|evasion|1
|-sideend|p1: LT92PF pj|Toxic Spikes|[from] move: Defog|[of] p1a: Tornadus
|move|p2a: Toxapex|Recover|p2a: Toxapex
|-heal|p2a: Toxapex|94/100
|
|-damage|p1a: Tornadus|32/100 brn|[from] brn
|upkeep
|turn|55
|
|t:|1659889087
|move|p1a: Tornadus|U-turn|p2a: Toxapex
|-resisted|p2a: Toxapex
|-damage|p2a: Toxapex|92/100
|
|t:|1659889089
|switch|p1a: Tapu Fini|Tapu Fini|63/100|[from]move: U-turn
|-fieldstart|move: Misty Terrain|[from] ability: Misty Surge|[of] p1a: Tapu Fini
|move|p2a: Toxapex|Toxic Spikes|p1a: Tapu Fini
|-sidestart|p1: LT92PF pj|move: Toxic Spikes
|
|-heal|p1a: Tapu Fini|69/100|[from] item: Leftovers
|upkeep
|turn|56
|
|t:|1659889096
|switch|p2a: Tapu Lele|Tapu Lele|76/100
|-fieldstart|move: Psychic Terrain|[from] ability: Psychic Surge|[of] p2a: Tapu Lele
|move|p1a: Tapu Fini|Calm Mind|p1a: Tapu Fini
|-boost|p1a: Tapu Fini|spa|1
|-boost|p1a: Tapu Fini|spd|1
|
|-heal|p1a: Tapu Fini|75/100|[from] item: Leftovers
|upkeep
|turn|57
|
|t:|1659889103
|move|p2a: Tapu Lele|Psyshock|p1a: Tapu Fini
|-damage|p1a: Tapu Fini|23/100
|move|p1a: Tapu Fini|Scald|p2a: Tapu Lele
|-damage|p2a: Tapu Lele|36/100
|
|-heal|p1a: Tapu Fini|29/100|[from] item: Leftovers
|upkeep
|turn|58
|
|t:|1659889108
|switch|p2a: Toxapex|Toxapex, F|100/100
|switch|p1a: Melmetal|Melmetal|100/100
|
|upkeep
|turn|59
|
|t:|1659889114
|move|p1a: Melmetal|Protect|p1a: Melmetal
|-singleturn|p1a: Melmetal|Protect
|move|p2a: Toxapex|Scald|p1a: Melmetal
|-activate|p1a: Melmetal|move: Protect
|
|upkeep
|turn|60
|
|t:|1659889118
|switch|p1a: Tornadus|Tornadus-Therian, M, shiny|65/100 brn
|move|p2a: Toxapex|Scald|p1a: Tornadus
|-damage|p1a: Tornadus|49/100 brn
|
|-damage|p1a: Tornadus|43/100 brn|[from] brn
|-fieldend|move: Psychic Terrain
|upkeep
|turn|61
|
|t:|1659889125
|move|p1a: Tornadus|Defog|p2a: Toxapex
|-unboost|p2a: Toxapex|evasion|1
|-sideend|p1: LT92PF pj|Toxic Spikes|[from] move: Defog|[of] p1a: Tornadus
|move|p2a: Toxapex|Toxic Spikes|p1a: Tornadus
|-sidestart|p1: LT92PF pj|move: Toxic Spikes
|
|-damage|p1a: Tornadus|37/100 brn|[from] brn
|upkeep
|turn|62
|
|t:|1659889127
|move|p1a: Tornadus|U-turn|p2a: Toxapex
|-resisted|p2a: Toxapex
|-damage|p2a: Toxapex|99/100
|
|t:|1659889129
|switch|p1a: Magnezone|Magnezone|100/100|[from]move: U-turn
|move|p2a: Toxapex|Scald|p1a: Magnezone
|-damage|p1a: Magnezone|82/100
|-status|p1a: Magnezone|brn
|
|-heal|p1a: Magnezone|88/100 brn|[from] item: Leftovers
|-damage|p1a: Magnezone|82/100 brn|[from] brn
|upkeep
|turn|63
|
|t:|1659889142
|switch|p2a: Magnezone|Magnezone|68/100
|move|p1a: Magnezone|Thunderbolt|p2a: Magnezone
|-resisted|p2a: Magnezone
|-damage|p2a: Magnezone|44/100
|
|-heal|p2a: Magnezone|50/100|[from] item: Leftovers
|-heal|p1a: Magnezone|88/100 brn|[from] item: Leftovers
|-damage|p1a: Magnezone|82/100 brn|[from] brn
|upkeep
|turn|64
|
|t:|1659889148
|move|p2a: Magnezone|Iron Defense|p2a: Magnezone
|-boost|p2a: Magnezone|def|2
|move|p1a: Magnezone|Iron Defense|p1a: Magnezone
|-boost|p1a: Magnezone|def|2
|
|-heal|p2a: Magnezone|56/100|[from] item: Leftovers
|-heal|p1a: Magnezone|88/100 brn|[from] item: Leftovers
|-damage|p1a: Magnezone|82/100 brn|[from] brn
|upkeep
|turn|65
|
|t:|1659889152
|move|p2a: Magnezone|Body Press|p1a: Magnezone
|-supereffective|p1a: Magnezone
|-damage|p1a: Magnezone|39/100 brn
|move|p1a: Magnezone|Body Press|p2a: Magnezone
|-supereffective|p2a: Magnezone
|-damage|p2a: Magnezone|34/100
|
|-heal|p2a: Magnezone|40/100|[from] item: Leftovers
|-heal|p1a: Magnezone|46/100 brn|[from] item: Leftovers
|-damage|p1a: Magnezone|39/100 brn|[from] brn
|upkeep
|turn|66
|
|t:|1659889155
|move|p2a: Magnezone|Body Press|p1a: Magnezone
|-supereffective|p1a: Magnezone
|-damage|p1a: Magnezone|0 fnt
|faint|p1a: Magnezone
|
|-heal|p2a: Magnezone|46/100|[from] item: Leftovers
|upkeep
|
|t:|1659889160
|switch|p1a: Tapu Lele|Tapu Lele|33/100 psn
|-fieldstart|move: Psychic Terrain|[from] ability: Psychic Surge|[of] p1a: Tapu Lele
|turn|67
|j| simplegent
|
|t:|1659889198
|move|p1a: Tapu Lele|Psychic|p2a: Magnezone
|-resisted|p2a: Magnezone
|-damage|p2a: Magnezone|0 fnt
|faint|p2a: Magnezone
|
|-damage|p1a: Tapu Lele|20/100 psn|[from] psn
|upkeep
|
|t:|1659889200
|switch|p2a: Obstagoon|Obstagoon, F|70/100 brn
|turn|68
|
|t:|1659889208
|switch|p1a: Tapu Fini|Tapu Fini|29/100
|-status|p1a: Tapu Fini|psn
|-fieldstart|move: Misty Terrain|[from] ability: Misty Surge|[of] p1a: Tapu Fini
|move|p2a: Obstagoon|Facade|p1a: Tapu Fini
|-damage|p1a: Tapu Fini|0 fnt
|faint|p1a: Tapu Fini
|
|-damage|p2a: Obstagoon|64/100 brn|[from] brn
|upkeep
|
|t:|1659889210
|switch|p1a: Melmetal|Melmetal|100/100
|turn|69
|
|t:|1659889215
|move|p1a: Melmetal|Protect|p1a: Melmetal
|-singleturn|p1a: Melmetal|Protect
|move|p2a: Obstagoon|Knock Off|p1a: Melmetal
|-activate|p1a: Melmetal|move: Protect
|
|-damage|p2a: Obstagoon|58/100 brn|[from] brn
|upkeep
|turn|70
|
|t:|1659889220
|move|p2a: Obstagoon|Knock Off|p1a: Melmetal
|-damage|p1a: Melmetal|67/100
|-enditem|p1a: Melmetal|Leftovers|[from] move: Knock Off|[of] p2a: Obstagoon
|move|p1a: Melmetal|Double Iron Bash|p2a: Obstagoon
|-damage|p2a: Obstagoon|20/100 brn
|-damage|p2a: Obstagoon|0 fnt
|faint|p2a: Obstagoon
|-hitcount|p2: Obstagoon|2
|
|upkeep
|j| regenerates
|
|t:|1659889227
|switch|p2a: Toxapex|Toxapex, F|100/100
|turn|71
|
|t:|1659889230
|move|p1a: Melmetal|Earthquake|p2a: Toxapex
|-supereffective|p2a: Toxapex
|-damage|p2a: Toxapex|58/100
|move|p2a: Toxapex|Recover|p2a: Toxapex
|-heal|p2a: Toxapex|100/100
|
|upkeep
|turn|72
|
|t:|1659889236
|move|p1a: Melmetal|Earthquake|p2a: Toxapex
|-supereffective|p2a: Toxapex
|-damage|p2a: Toxapex|58/100
|move|p2a: Toxapex|Recover|p2a: Toxapex
|-heal|p2a: Toxapex|100/100
|
|-fieldend|Misty Terrain
|upkeep
|turn|73
|
|t:|1659889241
|move|p1a: Melmetal|Protect|p1a: Melmetal
|-singleturn|p1a: Melmetal|Protect
|move|p2a: Toxapex|Scald|p1a: Melmetal
|-activate|p1a: Melmetal|move: Protect
|
|upkeep
|turn|74
|
|t:|1659889247
|switch|p1a: Tornadus|Tornadus-Therian, M, shiny|70/100 brn
|move|p2a: Toxapex|Scald|p1a: Tornadus
|-damage|p1a: Tornadus|51/100 brn
|
|-damage|p1a: Tornadus|45/100 brn|[from] brn
|upkeep
|turn|75
|
|t:|1659889251
|move|p1a: Tornadus|Hurricane|p2a: Toxapex
|-damage|p2a: Toxapex|68/100
|move|p2a: Toxapex|Scald|p1a: Tornadus
|-damage|p1a: Tornadus|27/100 brn
|
|-damage|p1a: Tornadus|21/100 brn|[from] brn
|upkeep
|turn|76
|
|t:|1659889255
|move|p1a: Tornadus|U-turn|p2a: Toxapex
|-resisted|p2a: Toxapex
|-damage|p2a: Toxapex|67/100
|
|t:|1659889257
|switch|p1a: Melmetal|Melmetal|67/100|[from]move: U-turn
|move|p2a: Toxapex|Recover|p2a: Toxapex
|-heal|p2a: Toxapex|100/100
|
|upkeep
|turn|77
|
|t:|1659889260
|move|p1a: Melmetal|Protect|p1a: Melmetal
|-singleturn|p1a: Melmetal|Protect
|move|p2a: Toxapex|Scald|p1a: Melmetal
|-activate|p1a: Melmetal|move: Protect
|
|upkeep
|turn|78
|
|t:|1659889267
|move|p1a: Melmetal|Earthquake|p2a: Toxapex
|-supereffective|p2a: Toxapex
|-damage|p2a: Toxapex|63/100
|move|p2a: Toxapex|Scald|p1a: Melmetal
|-damage|p1a: Melmetal|55/100
|-status|p1a: Melmetal|brn
|
|-damage|p1a: Melmetal|49/100 brn|[from] brn
|upkeep
|turn|79
|
|t:|1659889272
|move|p1a: Melmetal|Earthquake|p2a: Toxapex
|-supereffective|p2a: Toxapex
|-damage|p2a: Toxapex|42/100
|move|p2a: Toxapex|Recover|p2a: Toxapex
|-heal|p2a: Toxapex|93/100
|
|-damage|p1a: Melmetal|43/100 brn|[from] brn
|upkeep
|turn|80
|
|t:|1659889277
|move|p1a: Melmetal|Earthquake|p2a: Toxapex
|-supereffective|p2a: Toxapex
|-damage|p2a: Toxapex|73/100
|move|p2a: Toxapex|Haze|p2a: Toxapex
|-clearallboost
|
|-damage|p1a: Melmetal|37/100 brn|[from] brn
|upkeep
|turn|81
|
|t:|1659889281
|switch|p1a: Tornadus|Tornadus-Therian, M, shiny|55/100 brn
|move|p2a: Toxapex|Haze|p2a: Toxapex
|-clearallboost
|
|-damage|p1a: Tornadus|48/100 brn|[from] brn
|upkeep
|turn|82
|c| chokst du|wp both nailbiter
|
|t:|1659889286
|move|p1a: Tornadus|U-turn|p2a: Toxapex
|-resisted|p2a: Toxapex
|-damage|p2a: Toxapex|71/100
|
|t:|1659889288
|switch|p1a: Melmetal|Melmetal|37/100 brn|[from]move: U-turn
|move|p2a: Toxapex|Scald|p1a: Melmetal
|-damage|p1a: Melmetal|25/100 brn
|
|-damage|p1a: Melmetal|19/100 brn|[from] brn
|upkeep
|turn|83
|
|t:|1659889291
|switch|p1a: Tapu Lele|Tapu Lele|20/100 psn
|-fieldstart|move: Psychic Terrain|[from] ability: Psychic Surge|[of] p1a: Tapu Lele
|move|p2a: Toxapex|Scald|p1a: Tapu Lele
|-damage|p1a: Tapu Lele|2/100 psn
|
|-damage|p1a: Tapu Lele|0 fnt|[from] psn
|faint|p1a: Tapu Lele
|upkeep
|c|☆user1_ou|gg
|-message|LT92PF pj forfeited.
|
|win|user1_ou
|raw|LT92PF pj's rating: 1901 &rarr; <strong>1878</strong><br />(-23 for losing)
|raw|user1_ou's rating: 1854 &rarr; <strong>1877</strong><br />(+23 for winning)
|l|☆LT92PF pj
|l| chokst du
|l| irgendwasmitmeeem
|l| Serpi n_n
|l| yop on the flux
|l|☆user1_ou
|l| simplegent
|l| tytyui↻
||Ladder isn't responding, score probably updated but might not have (Request timeout).
