|raw|<div class="broadcast-blue"><strong>This battle is required to be public due to a player having a name starting with 'LT73IU'.</div>
|j|☆isheavydead
|j|☆lt73iu sicka
|t:|1598455069
|player|p1|isheavydead|2|1819
|player|p2|lt73iu sicka|lucas|1722
|teamsize|p1|6
|teamsize|p2|6
|gametype|singles
|gen|8
|tier|[Gen 8] OU
|rated|
|clearpoke
|poke|p1|Haxorus, M|
|poke|p1|Volcarona, M|
|poke|p1|Ninetales-Alola, F|
|poke|p1|Excadrill, F|
|poke|p1|Urshifu-*, F|
|poke|p1|Azumarill, M|
|poke|p2|Dragapult, F|
|poke|p2|Excadrill, M|
|poke|p2|Toxapex, M|
|poke|p2|Clefable, F|
|poke|p2|Skarmory, F|
|poke|p2|Hippowdon, M|
|rule|Sleep Clause Mod: Limit one foe put to sleep
|rule|Species Clause: Limit one of each Pokémon
|rule|OHKO Clause: OHKO moves are banned
|rule|Evasion Moves Clause: Evasion moves are banned
|rule|Endless Battle Clause: Forcing endless battles is banned
|rule|HP Percentage Mod: HP is shown in percentages
|rule|Dynamax Clause: You cannot dynamax
|teampreview
|
|t:|1598455106
|start
|switch|p1a: Excadrill|Excadrill, F, shiny|100/100
|switch|p2a: Hippowdon|Hippowdon, M|100/100
|-ability|p1a: Excadrill|Mold Breaker
|-weather|Sandstorm|[from] ability: Sand Stream|[of] p2a: Hippowdon
|turn|1
|inactive|Battle timer is ON: inactive players will automatically lose when time's up. (requested by isheavydead)
|
|t:|1598455110
|move|p1a: Excadrill|Stealth Rock|p2a: Hippowdon
|-sidestart|p2: lt73iu sicka|move: Stealth Rock
|move|p2a: Hippowdon|Earthquake|p1a: Excadrill
|-supereffective|p1a: Excadrill
|-enditem|p1a: Excadrill|Focus Sash
|-damage|p1a: Excadrill|1/100
|
|-weather|Sandstorm|[upkeep]
|upkeep
|turn|2
|l|☆isheavydead
|inactive|isheavydead disconnected and has a minute to reconnect!
|player|p1|
|j|☆isheavydead
|inactive|isheavydead reconnected and has 120 seconds left.
|player|p1|isheavydead|2
|
|t:|1598455144
|move|p1a: Excadrill|Rapid Spin|p2a: Hippowdon
|-damage|p2a: Hippowdon|88/100
|-boost|p1a: Excadrill|spe|1
|move|p2a: Hippowdon|Stealth Rock|p1a: Excadrill
|-sidestart|p1: isheavydead|move: Stealth Rock
|
|-weather|Sandstorm|[upkeep]
|-heal|p2a: Hippowdon|94/100|[from] item: Leftovers
|upkeep
|turn|3
|
|t:|1598455149
|switch|p2a: Skarmory|Skarmory, F|100/100
|-damage|p2a: Skarmory|88/100|[from] Stealth Rock
|move|p1a: Excadrill|Earthquake|p2a: Skarmory
|-immune|p2a: Skarmory
|
|-weather|Sandstorm|[upkeep]
|upkeep
|turn|4
|
|t:|1598455154
|move|p1a: Excadrill|Rapid Spin|p2a: Skarmory
|-resisted|p2a: Skarmory
|-damage|p2a: Skarmory|83/100
|-boost|p1a: Excadrill|spe|1
|-damage|p1a: Excadrill|0 fnt|[from] item: Rocky Helmet|[of] p2a: Skarmory
|faint|p1a: Excadrill
|move|p2a: Skarmory|Spikes|p1: Excadrill
|-sidestart|p1: isheavydead|Spikes
|
|-weather|Sandstorm|[upkeep]
|upkeep
|
|t:|1598455156
|switch|p1a: Volcarona|Volcarona, M|100/100
|turn|5
|
|t:|1598455164
|switch|p2a: Dragapult|Dragapult, F|100/100
|move|p1a: Volcarona|Fiery Dance|p2a: Dragapult
|-resisted|p2a: Dragapult
|-damage|p2a: Dragapult|75/100
|-boost|p1a: Volcarona|spa|1
|
|-weather|none
|upkeep
|turn|6
|
|t:|1598455169
|move|p2a: Dragapult|Thunder Wave|p1a: Volcarona
|-status|p1a: Volcarona|par
|cant|p1a: Volcarona|par
|
|upkeep
|turn|7
|
|t:|1598455173
|move|p2a: Dragapult|Hex|p1a: Volcarona
|-damage|p1a: Volcarona|33/100 par
|cant|p1a: Volcarona|par
|
|upkeep
|turn|8
|
|t:|1598455175
|move|p2a: Dragapult|Hex|p1a: Volcarona
|-damage|p1a: Volcarona|0 fnt
|faint|p1a: Volcarona
|
|upkeep
|
|t:|1598455180
|switch|p1a: Urshifu|Urshifu, F|100/100
|-damage|p1a: Urshifu|94/100|[from] Stealth Rock
|-damage|p1a: Urshifu|82/100|[from] Spikes
|turn|9
|
|t:|1598455184
|move|p2a: Dragapult|Thunder Wave|p1a: Urshifu
|-status|p1a: Urshifu|par
|move|p1a: Urshifu|Wicked Blow|p2a: Dragapult
|-supereffective|p2a: Dragapult
|-crit|p2a: Dragapult
|-damage|p2a: Dragapult|0 fnt
|faint|p2a: Dragapult
|
|upkeep
|
|t:|1598455191
|switch|p2a: Clefable|Clefable, F|100/100
|turn|10
|
|t:|1598455197
|switch|p1a: Ninetales|Ninetales-Alola, F, shiny|100/100
|-damage|p1a: Ninetales|76/100|[from] Stealth Rock
|-damage|p1a: Ninetales|63/100|[from] Spikes
|-weather|Hail|[from] ability: Snow Warning|[of] p1a: Ninetales
|move|p2a: Clefable|Moonblast|p1a: Ninetales
|-damage|p1a: Ninetales|24/100
|
|-weather|Hail|[upkeep]
|upkeep
|turn|11
|l|☆isheavydead
|inactive|isheavydead disconnected and has a minute to reconnect!
|player|p1|
|j|☆isheavydead
|inactive|isheavydead reconnected and has 130 seconds left.
|player|p1|isheavydead|2
|
|t:|1598455221
|switch|p2a: Hippowdon|Hippowdon, M|94/100
|-damage|p2a: Hippowdon|88/100|[from] Stealth Rock
|-weather|Sandstorm|[from] ability: Sand Stream|[of] p2a: Hippowdon
|move|p1a: Ninetales|Aurora Veil||[still]
|-fail|p1a: Ninetales
|
|-weather|Sandstorm|[upkeep]
|-damage|p1a: Ninetales|18/100|[from] Sandstorm
|-heal|p2a: Hippowdon|94/100|[from] item: Leftovers
|upkeep
|turn|12
|
|t:|1598455229
|switch|p2a: Excadrill|Excadrill, M|100/100
|-damage|p2a: Excadrill|97/100|[from] Stealth Rock
|move|p1a: Ninetales|Freeze-Dry|p2a: Excadrill
|-damage|p2a: Excadrill|71/100
|-status|p2a: Excadrill|frz
|
|-weather|Sandstorm|[upkeep]
|-damage|p1a: Ninetales|12/100|[from] Sandstorm
|-heal|p2a: Excadrill|77/100 frz|[from] item: Leftovers
|upkeep
|turn|13
|
|t:|1598455233
|cant|p2a: Excadrill|frz
|move|p1a: Ninetales|Freeze-Dry|p2a: Excadrill
|-damage|p2a: Excadrill|48/100 frz
|
|-weather|Sandstorm|[upkeep]
|-damage|p1a: Ninetales|6/100|[from] Sandstorm
|-heal|p2a: Excadrill|54/100 frz|[from] item: Leftovers
|upkeep
|turn|14
|
|t:|1598455238
|cant|p2a: Excadrill|frz
|move|p1a: Ninetales|Freeze-Dry|p2a: Excadrill
|-damage|p2a: Excadrill|27/100 frz
|
|-weather|Sandstorm|[upkeep]
|-damage|p1a: Ninetales|0 fnt|[from] Sandstorm
|faint|p1a: Ninetales
|-heal|p2a: Excadrill|33/100 frz|[from] item: Leftovers
|upkeep
|
|t:|1598455242
|switch|p1a: Azumarill|Azumarill, M|100/100
|-damage|p1a: Azumarill|88/100|[from] Spikes
|-damage|p1a: Azumarill|76/100|[from] Stealth Rock
|turn|15
|
|t:|1598455246
|cant|p2a: Excadrill|frz
|move|p1a: Azumarill|Belly Drum|p1a: Azumarill
|-damage|p1a: Azumarill|26/100
|-setboost|p1a: Azumarill|atk|6|[from] move: Belly Drum
|-enditem|p1a: Azumarill|Sitrus Berry|[eat]
|-heal|p1a: Azumarill|51/100|[from] item: Sitrus Berry
|
|-weather|none
|-heal|p2a: Excadrill|39/100 frz|[from] item: Leftovers
|upkeep
|turn|16
|
|t:|1598455249
|switch|p2a: Toxapex|Toxapex, M|100/100
|-damage|p2a: Toxapex|88/100|[from] Stealth Rock
|move|p1a: Azumarill|Aqua Jet|p2a: Toxapex
|-resisted|p2a: Toxapex
|-damage|p2a: Toxapex|57/100
|
|-heal|p2a: Toxapex|64/100|[from] item: Black Sludge
|upkeep
|turn|17
|
|t:|1598455256
|switch|p2a: Excadrill|Excadrill, M|39/100 frz
|-damage|p2a: Excadrill|36/100 frz|[from] Stealth Rock
|move|p1a: Azumarill|Knock Off|p2a: Excadrill
|-damage|p2a: Excadrill|0 fnt
|-enditem|p2a: Excadrill|Leftovers|[from] move: Knock Off|[of] p1a: Azumarill
|faint|p2a: Excadrill
|
|upkeep
|
|t:|1598455261
|switch|p2a: Hippowdon|Hippowdon, M|94/100
|-damage|p2a: Hippowdon|88/100|[from] Stealth Rock
|-weather|Sandstorm|[from] ability: Sand Stream|[of] p2a: Hippowdon
|turn|18
|inactive|lt73iu sicka has 120 seconds left.
|
|t:|1598455298
|switch|p2a: Skarmory|Skarmory, F|83/100
|-damage|p2a: Skarmory|71/100|[from] Stealth Rock
|move|p1a: Azumarill|Aqua Jet|p2a: Skarmory
|-damage|p2a: Skarmory|8/100
|-damage|p1a: Azumarill|34/100|[from] item: Rocky Helmet|[of] p2a: Skarmory
|
|-weather|Sandstorm|[upkeep]
|-damage|p1a: Azumarill|28/100|[from] Sandstorm
|upkeep
|turn|19
|inactive|lt73iu sicka has 120 seconds left.
|
|t:|1598455306
|move|p1a: Azumarill|Aqua Jet|p2a: Skarmory
|-damage|p2a: Skarmory|0 fnt
|-damage|p1a: Azumarill|12/100|[from] item: Rocky Helmet|[of] p2a: Skarmory
|faint|p2a: Skarmory
|
|-weather|Sandstorm|[upkeep]
|-damage|p1a: Azumarill|6/100|[from] Sandstorm
|upkeep
|inactive|lt73iu sicka has 120 seconds left.
|
|t:|1598455327
|switch|p2a: Hippowdon|Hippowdon, M|88/100
|-damage|p2a: Hippowdon|82/100|[from] Stealth Rock
|turn|20
|
|t:|1598455332
|move|p1a: Azumarill|Knock Off|p2a: Hippowdon
|-damage|p2a: Hippowdon|0 fnt
|-enditem|p2a: Hippowdon|Leftovers|[from] move: Knock Off|[of] p1a: Azumarill
|faint|p2a: Hippowdon
|
|-weather|Sandstorm|[upkeep]
|-damage|p1a: Azumarill|0 fnt|[from] Sandstorm
|faint|p1a: Azumarill
|upkeep
|inactive|lt73iu sicka has 120 seconds left.
|
|t:|1598455338
|switch|p1a: Haxorus|Haxorus, M, shiny|100/100
|switch|p2a: Toxapex|Toxapex, M|97/100
|-damage|p1a: Haxorus|88/100|[from] Stealth Rock
|-damage|p1a: Haxorus|76/100|[from] Spikes
|-ability|p1a: Haxorus|Mold Breaker
|-damage|p2a: Toxapex|84/100|[from] Stealth Rock
|turn|21
|
|t:|1598455342
|move|p1a: Haxorus|Swords Dance|p1a: Haxorus
|-boost|p1a: Haxorus|atk|2
|move|p2a: Toxapex|Knock Off|p1a: Haxorus
|-damage|p1a: Haxorus|54/100
|-enditem|p1a: Haxorus|Lum Berry|[from] move: Knock Off|[of] p2a: Toxapex
|
|-weather|Sandstorm|[upkeep]
|-damage|p1a: Haxorus|48/100|[from] Sandstorm
|-damage|p2a: Toxapex|78/100|[from] Sandstorm
|-heal|p2a: Toxapex|84/100|[from] item: Black Sludge
|upkeep
|turn|22
|
|t:|1598455345
|move|p1a: Haxorus|Scale Shot|p2a: Toxapex|[miss]
|-miss|p1a: Haxorus|p2a: Toxapex
|move|p2a: Toxapex|Haze|p2a: Toxapex
|-clearallboost
|
|-weather|none
|-heal|p2a: Toxapex|91/100|[from] item: Black Sludge
|upkeep
|turn|23
|
|t:|1598455349
|move|p1a: Haxorus|Swords Dance|p1a: Haxorus
|-boost|p1a: Haxorus|atk|2
|move|p2a: Toxapex|Scald|p1a: Haxorus
|-resisted|p1a: Haxorus
|-crit|p1a: Haxorus
|-damage|p1a: Haxorus|32/100
|
|-heal|p2a: Toxapex|97/100|[from] item: Black Sludge
|upkeep
|turn|24
|l|☆isheavydead
|inactive|isheavydead disconnected and has a minute to reconnect!
|player|p1|
|j| Livio ElTito
|inactive|isheavydead has 30 seconds to reconnect!
|inactive|isheavydead has 20 seconds to reconnect!
|inactive|isheavydead has 15 seconds to reconnect!
|inactive|isheavydead has 10 seconds to reconnect!
|inactive|isheavydead has 5 seconds to reconnect!
|-message|isheavydead lost due to inactivity.
|
|win|lt73iu sicka
|l|☆lt73iu sicka
|j|☆isheavydead
|player|p1|isheavydead|2
|l|☆isheavydead
|player|p1|
||Ladder (probably) updated, but score could not be retrieved (Request timeout).
