|raw|<div class="broadcast-blue"><strong>This battle is required to be public due to a player having a name starting with 'lt94je'.</div>
|j|☆Pinkacross
|j|☆LT94JE Gray
|t:|1661725199
|gametype|singles
|player|p1|Pinkacross|102|1776
|player|p2|LT94JE Gray|#wcop2021ussouth|1815
|teamsize|p1|6
|teamsize|p2|6
|gen|8
|tier|[Gen 8] OU
|rated|
|rule|Sleep Clause Mod: Limit one foe put to sleep
|rule|Species Clause: Limit one of each Pokémon
|rule|OHKO Clause: OHKO moves are banned
|rule|Evasion Items Clause: Evasion items are banned
|rule|Evasion Moves Clause: Evasion moves are banned
|rule|Endless Battle Clause: Forcing endless battles is banned
|rule|HP Percentage Mod: HP is shown in percentages
|rule|Dynamax Clause: You cannot dynamax
|clearpoke
|poke|p1|Moltres-Galar|
|poke|p1|Bisharp, M|
|poke|p1|Volcarona, F|
|poke|p1|Volcanion|
|poke|p1|Ninetales-Alola, F|
|poke|p1|Landorus-Therian, M|
|poke|p2|Garchomp, F|
|poke|p2|Blaziken, F|
|poke|p2|Heatran, F|
|poke|p2|Dragapult, F|
|poke|p2|Ninetales-Alola, M|
|poke|p2|Arctozolt|
|teampreview
|c|☆Pinkacross|hf
|
|t:|1661725225
|start
|switch|p1a: Volcanion|Volcanion|100/100
|switch|p2a: Heatran|Heatran, F|100/100
|-item|p2a: Heatran|Air Balloon
|turn|1
|
|t:|1661725228
|switch|p2a: Dragapult|Dragapult, F|100/100
|move|p1a: Volcanion|Steam Eruption|p2a: Dragapult
|-resisted|p2a: Dragapult
|-damage|p2a: Dragapult|61/100
|-status|p2a: Dragapult|brn
|
|-damage|p2a: Dragapult|55/100 brn|[from] brn
|upkeep
|turn|2
|
|t:|1661725231
|switch|p1a: Ninetales|Ninetales-Alola, F|100/100
|-weather|Hail|[from] ability: Snow Warning|[of] p1a: Ninetales
|move|p2a: Dragapult|U-turn|p1a: Ninetales
|-resisted|p1a: Ninetales
|-damage|p1a: Ninetales|90/100
|
|t:|1661725235
|switch|p2a: Heatran|Heatran, F|100/100|[from]move: U-turn
|-item|p2a: Heatran|Air Balloon
|
|-weather|Hail|[upkeep]
|-damage|p2a: Heatran|94/100|[from] Hail
|upkeep
|turn|3
|
|t:|1661725238
|move|p1a: Ninetales|Aurora Veil|p1a: Ninetales
|-sidestart|p1: Pinkacross|move: Aurora Veil
|move|p2a: Heatran|Stealth Rock|p1a: Ninetales
|-sidestart|p1: Pinkacross|move: Stealth Rock
|
|-weather|Hail|[upkeep]
|-damage|p2a: Heatran|88/100|[from] Hail
|upkeep
|turn|4
|
|t:|1661725241
|move|p1a: Ninetales|Encore|p2a: Heatran
|-start|p2a: Heatran|Encore
|move|p2a: Heatran|Stealth Rock||[still]
|-fail|p2a: Heatran
|
|-weather|Hail|[upkeep]
|-damage|p2a: Heatran|82/100|[from] Hail
|upkeep
|turn|5
|
|t:|1661725245
|switch|p1a: Volcanion|Volcanion|100/100
|switch|p2a: Garchomp|Garchomp, F|100/100
|
|-weather|Hail|[upkeep]
|-damage|p2a: Garchomp|94/100|[from] Hail
|-damage|p1a: Volcanion|94/100|[from] Hail
|upkeep
|turn|6
|
|t:|1661725247
|move|p2a: Garchomp|Earthquake|p1a: Volcanion
|-supereffective|p1a: Volcanion
|-damage|p1a: Volcanion|54/100
|move|p1a: Volcanion|Defog|p2a: Garchomp
|-unboost|p2a: Garchomp|evasion|1
|-sideend|p1: Pinkacross|Stealth Rock|[from] move: Defog|[of] p1a: Volcanion
|
|-weather|none
|upkeep
|turn|7
|
|t:|1661725249
|switch|p2a: Heatran|Heatran, F|82/100
|-item|p2a: Heatran|Air Balloon
|move|p1a: Volcanion|Steam Eruption|p2a: Heatran
|-supereffective|p2a: Heatran
|-damage|p2a: Heatran|0 fnt
|-enditem|p2a: Heatran|Air Balloon
|faint|p2a: Heatran
|
|upkeep
|
|t:|1661725253
|switch|p2a: Ninetales|Ninetales-Alola, M|100/100
|-weather|Hail|[from] ability: Snow Warning|[of] p2a: Ninetales
|turn|8
|
|t:|1661725255
|move|p2a: Ninetales|Hypnosis|p1a: Volcanion
|-status|p1a: Volcanion|slp|[from] move: Hypnosis
|cant|p1a: Volcanion|slp
|
|-weather|Hail|[upkeep]
|-damage|p1a: Volcanion|48/100 slp|[from] Hail
|upkeep
|turn|9
|
|t:|1661725258
|move|p2a: Ninetales|Aurora Veil|p2a: Ninetales
|-sidestart|p2: LT94JE Gray|move: Aurora Veil
|-curestatus|p1a: Volcanion|slp|[msg]
|move|p1a: Volcanion|Flamethrower|p2a: Ninetales
|-supereffective|p2a: Ninetales
|-damage|p2a: Ninetales|51/100
|
|-weather|Hail|[upkeep]
|-damage|p1a: Volcanion|42/100|[from] Hail
|upkeep
|turn|10
|
|t:|1661725263
|switch|p2a: Garchomp|Garchomp, F|94/100
|move|p1a: Volcanion|Flamethrower|p2a: Garchomp
|-resisted|p2a: Garchomp
|-damage|p2a: Garchomp|80/100
|
|-weather|Hail|[upkeep]
|-damage|p2a: Garchomp|74/100|[from] Hail
|-damage|p1a: Volcanion|36/100|[from] Hail
|-sideend|p1: Pinkacross|move: Aurora Veil
|upkeep
|turn|11
|
|t:|1661725266
|move|p2a: Garchomp|Swords Dance|p2a: Garchomp
|-boost|p2a: Garchomp|atk|2
|move|p1a: Volcanion|Steam Eruption|p2a: Garchomp
|-damage|p2a: Garchomp|37/100
|
|-weather|Hail|[upkeep]
|-damage|p2a: Garchomp|30/100|[from] Hail
|-damage|p1a: Volcanion|30/100|[from] Hail
|upkeep
|turn|12
|
|t:|1661725272
|move|p2a: Garchomp|Earthquake|p1a: Volcanion
|-supereffective|p1a: Volcanion
|-damage|p1a: Volcanion|0 fnt
|faint|p1a: Volcanion
|
|-weather|Hail|[upkeep]
|-damage|p2a: Garchomp|24/100|[from] Hail
|upkeep
|
|t:|1661725274
|switch|p1a: Bisharp|Bisharp, M|100/100
|turn|13
|
|t:|1661725277
|switch|p2a: Arctozolt|Arctozolt|100/100
|move|p1a: Bisharp|Sucker Punch||[still]
|-fail|p1a: Bisharp
|
|-weather|Hail|[upkeep]
|-damage|p1a: Bisharp|95/100|[from] Hail
|-sideend|p2: LT94JE Gray|move: Aurora Veil
|upkeep
|turn|14
|
|t:|1661725279
|switch|p1a: Landorus|Landorus-Therian, M|100/100
|-ability|p1a: Landorus|Intimidate|boost
|-unboost|p2a: Arctozolt|atk|1
|move|p2a: Arctozolt|Bolt Beak|p1a: Landorus
|-immune|p1a: Landorus
|
|-weather|Hail|[upkeep]
|-damage|p1a: Landorus|95/100|[from] Hail
|upkeep
|turn|15
|
|t:|1661725284
|switch|p1a: Volcarona|Volcarona, F|100/100
|move|p2a: Arctozolt|Blizzard|p1a: Volcarona
|-resisted|p1a: Volcarona
|-damage|p1a: Volcarona|85/100
|
|-weather|none
|-heal|p1a: Volcarona|91/100|[from] item: Leftovers
|upkeep
|turn|16
|
|t:|1661725289
|switch|p2a: Ninetales|Ninetales-Alola, M|51/100
|-weather|Hail|[from] ability: Snow Warning|[of] p2a: Ninetales
|move|p1a: Volcarona|Quiver Dance|p1a: Volcarona
|-boost|p1a: Volcarona|spa|1
|-boost|p1a: Volcarona|spd|1
|-boost|p1a: Volcarona|spe|1
|
|-weather|Hail|[upkeep]
|-damage|p1a: Volcarona|85/100|[from] Hail
|-heal|p1a: Volcarona|91/100|[from] item: Leftovers
|upkeep
|turn|17
|
|t:|1661725294
|switch|p2a: Dragapult|Dragapult, F|55/100 brn
|move|p1a: Volcarona|Substitute|p1a: Volcarona
|-start|p1a: Volcarona|Substitute
|-damage|p1a: Volcarona|66/100
|
|-weather|Hail|[upkeep]
|-damage|p2a: Dragapult|49/100 brn|[from] Hail
|-damage|p1a: Volcarona|60/100|[from] Hail
|-heal|p1a: Volcarona|66/100|[from] item: Leftovers
|-damage|p2a: Dragapult|43/100 brn|[from] brn
|upkeep
|turn|18
|
|t:|1661725297
|move|p2a: Dragapult|Dragon Darts|p1a: Volcarona
|-activate|p1a: Volcarona|move: Substitute|[damage]
|-anim|p2a: Dragapult|Dragon Darts|p1a: Volcarona
|-end|p1a: Volcarona|Substitute
|move|p1a: Volcarona|Quiver Dance|p1a: Volcarona
|-boost|p1a: Volcarona|spa|1
|-boost|p1a: Volcarona|spd|1
|-boost|p1a: Volcarona|spe|1
|
|-weather|Hail|[upkeep]
|-damage|p1a: Volcarona|60/100|[from] Hail
|-damage|p2a: Dragapult|37/100 brn|[from] Hail
|-heal|p1a: Volcarona|66/100|[from] item: Leftovers
|-damage|p2a: Dragapult|31/100 brn|[from] brn
|upkeep
|turn|19
|
|t:|1661725305
|move|p1a: Volcarona|Quiver Dance|p1a: Volcarona
|-boost|p1a: Volcarona|spa|1
|-boost|p1a: Volcarona|spd|1
|-boost|p1a: Volcarona|spe|1
|move|p2a: Dragapult|Dragon Darts|p1a: Volcarona
|-damage|p1a: Volcarona|47/100
|-anim|p2a: Dragapult|Dragon Darts|p1a: Volcarona
|-damage|p1a: Volcarona|30/100
|
|-weather|Hail|[upkeep]
|-damage|p1a: Volcarona|24/100|[from] Hail
|-damage|p2a: Dragapult|25/100 brn|[from] Hail
|-heal|p1a: Volcarona|30/100|[from] item: Leftovers
|-damage|p2a: Dragapult|19/100 brn|[from] brn
|upkeep
|turn|20
|
|t:|1661725309
|move|p1a: Volcarona|Bug Buzz|p2a: Dragapult
|-resisted|p2a: Dragapult
|-damage|p2a: Dragapult|0 fnt
|faint|p2a: Dragapult
|
|-weather|Hail|[upkeep]
|-damage|p1a: Volcarona|24/100|[from] Hail
|-heal|p1a: Volcarona|30/100|[from] item: Leftovers
|upkeep
|
|t:|1661725311
|switch|p2a: Blaziken|Blaziken, F|100/100
|-item|p2a: Blaziken|Air Balloon
|turn|21
|
|t:|1661725313
|move|p1a: Volcarona|Bug Buzz|p2a: Blaziken
|-resisted|p2a: Blaziken
|-damage|p2a: Blaziken|38/100
|-enditem|p2a: Blaziken|Air Balloon
|move|p2a: Blaziken|Flare Blitz|p1a: Volcarona
|-damage|p1a: Volcarona|0 fnt
|faint|p1a: Volcarona
|-damage|p2a: Blaziken|26/100|[from] Recoil
|
|-weather|Hail|[upkeep]
|-damage|p2a: Blaziken|20/100|[from] Hail
|-ability|p2a: Blaziken|Speed Boost|boost
|-boost|p2a: Blaziken|spe|1
|upkeep
|
|t:|1661725317
|switch|p1a: Landorus|Landorus-Therian, M|95/100
|-ability|p1a: Landorus|Intimidate|boost
|-unboost|p2a: Blaziken|atk|1
|turn|22
|
|t:|1661725320
|move|p2a: Blaziken|Flare Blitz|p1a: Landorus
|-damage|p1a: Landorus|43/100
|-damage|p2a: Blaziken|2/100|[from] Recoil
|move|p1a: Landorus|U-turn|p2a: Blaziken
|-resisted|p2a: Blaziken
|-damage|p2a: Blaziken|0 fnt
|faint|p2a: Blaziken
|
|t:|1661725328
|switch|p1a: Ninetales|Ninetales-Alola, F|90/100|[from]move: U-turn
|
|-weather|Hail|[upkeep]
|upkeep
|
|t:|1661725330
|switch|p2a: Arctozolt|Arctozolt|100/100
|turn|23
|
|t:|1661725333
|move|p2a: Arctozolt|Blizzard|p1a: Ninetales
|-resisted|p1a: Ninetales
|-damage|p1a: Ninetales|70/100
|move|p1a: Ninetales|Aurora Veil|p1a: Ninetales
|-sidestart|p1: Pinkacross|move: Aurora Veil
|
|-weather|none
|upkeep
|turn|24
|
|t:|1661725340
|switch|p2a: Ninetales|Ninetales-Alola, M|51/100
|-weather|Hail|[from] ability: Snow Warning|[of] p2a: Ninetales
|move|p1a: Ninetales|Blizzard|p2a: Ninetales
|-resisted|p2a: Ninetales
|-damage|p2a: Ninetales|34/100
|
|-weather|Hail|[upkeep]
|upkeep
|turn|25
|
|t:|1661725342
|move|p2a: Ninetales|Aurora Veil|p2a: Ninetales
|-sidestart|p2: LT94JE Gray|move: Aurora Veil
|move|p1a: Ninetales|Blizzard|p2a: Ninetales
|-resisted|p2a: Ninetales
|-damage|p2a: Ninetales|26/100
|
|-weather|Hail|[upkeep]
|upkeep
|turn|26
|
|t:|1661725347
|move|p2a: Ninetales|Hypnosis|p1a: Ninetales
|-status|p1a: Ninetales|slp|[from] move: Hypnosis
|cant|p1a: Ninetales|slp
|
|-weather|Hail|[upkeep]
|upkeep
|turn|27
|
|t:|1661725352
|switch|p2a: Arctozolt|Arctozolt|100/100
|cant|p1a: Ninetales|slp
|
|-weather|Hail|[upkeep]
|upkeep
|turn|28
|
|t:|1661725354
|switch|p1a: Landorus|Landorus-Therian, M|43/100
|-ability|p1a: Landorus|Intimidate|boost
|-unboost|p2a: Arctozolt|atk|1
|move|p2a: Arctozolt|Substitute|p2a: Arctozolt
|-start|p2a: Arctozolt|Substitute
|-damage|p2a: Arctozolt|76/100
|
|-weather|Hail|[upkeep]
|-damage|p1a: Landorus|37/100|[from] Hail
|upkeep
|turn|29
|
|t:|1661725358
|switch|p1a: Ninetales|Ninetales-Alola, F|70/100 slp
|move|p2a: Arctozolt|Blizzard|p1a: Ninetales
|-resisted|p1a: Ninetales
|-damage|p1a: Ninetales|60/100 slp
|
|-weather|Hail|[upkeep]
|-sideend|p2: LT94JE Gray|move: Aurora Veil
|upkeep
|turn|30
|
|t:|1661725360
|move|p2a: Arctozolt|Bolt Beak|p1a: Ninetales
|-damage|p1a: Ninetales|28/100 slp
|-curestatus|p1a: Ninetales|slp|[msg]
|move|p1a: Ninetales|Encore|p2a: Arctozolt
|-start|p2a: Arctozolt|Encore
|
|-weather|Hail|[upkeep]
|-sideend|p1: Pinkacross|move: Aurora Veil
|upkeep
|turn|31
|
|t:|1661725363
|switch|p1a: Landorus|Landorus-Therian, M|37/100
|-ability|p1a: Landorus|Intimidate|boost
|-immune|p2a: Arctozolt
|move|p2a: Arctozolt|Bolt Beak|p1a: Landorus
|-immune|p1a: Landorus
|
|-weather|none
|upkeep
|turn|32
|
|t:|1661725366
|switch|p2a: Ninetales|Ninetales-Alola, M|26/100
|-weather|Hail|[from] ability: Snow Warning|[of] p2a: Ninetales
|move|p1a: Landorus|Earthquake|p2a: Ninetales
|-damage|p2a: Ninetales|0 fnt
|faint|p2a: Ninetales
|
|-weather|Hail|[upkeep]
|-damage|p1a: Landorus|32/100|[from] Hail
|upkeep
|
|t:|1661725367
|switch|p2a: Arctozolt|Arctozolt|76/100
|turn|33
|
|t:|1661725374
|switch|p1a: Ninetales|Ninetales-Alola, F|28/100
|move|p2a: Arctozolt|Blizzard|p1a: Ninetales
|-resisted|p1a: Ninetales
|-damage|p1a: Ninetales|10/100
|
|-weather|Hail|[upkeep]
|upkeep
|turn|34
|
|t:|1661725377
|move|p2a: Arctozolt|Blizzard|p1a: Ninetales
|-resisted|p1a: Ninetales
|-damage|p1a: Ninetales|0 fnt
|faint|p1a: Ninetales
|
|-weather|Hail|[upkeep]
|upkeep
|
|t:|1661725379
|switch|p1a: Landorus|Landorus-Therian, M|32/100
|-ability|p1a: Landorus|Intimidate|boost
|-unboost|p2a: Arctozolt|atk|1
|turn|35
|
|t:|1661725382
|move|p2a: Arctozolt|Bolt Beak|p1a: Landorus
|-immune|p1a: Landorus
|move|p1a: Landorus|Earthquake|p2a: Arctozolt
|-supereffective|p2a: Arctozolt
|-damage|p2a: Arctozolt|0 fnt
|faint|p2a: Arctozolt
|
|-weather|Hail|[upkeep]
|-damage|p1a: Landorus|26/100|[from] Hail
|upkeep
|c|☆Pinkacross|gg
|-message|LT94JE Gray forfeited.
|
|win|Pinkacross
|raw|Pinkacross's rating: 1776 &rarr; <strong>1798</strong><br />(+22 for winning)
|raw|LT94JE Gray's rating: 1815 &rarr; <strong>1793</strong><br />(-22 for losing)
|l|☆LT94JE Gray
