|j|☆LECH24
|j|☆Fastpitchkiller
|t:|1658201946
|gametype|singles
|player|p1|LECH24|2|1632
|player|p2|Fastpitchkiller|2|1752
|teamsize|p1|6
|teamsize|p2|6
|gen|8
|tier|[Gen 8] OU
|rated|
|rule|Sleep Clause Mod: Limit one foe put to sleep
|rule|Species Clause: Limit one of each Pokémon
|rule|OHKO Clause: OHKO moves are banned
|rule|Evasion Moves Clause: Evasion moves are banned
|rule|Endless Battle Clause: Forcing endless battles is banned
|rule|HP Percentage Mod: HP is shown in percentages
|rule|Dynamax Clause: You cannot dynamax
|clearpoke
|poke|p1|Tornadus-Therian, M|
|poke|p1|Dragapult, M|
|poke|p1|Mamoswine, M|
|poke|p1|Blaziken, F|
|poke|p1|Hydreigon, F|
|poke|p1|Melmetal|
|poke|p2|Slowbro, F|
|poke|p2|Dracozolt|
|poke|p2|Hippowdon, F|
|poke|p2|Scizor, F|
|poke|p2|Zapdos-Galar|
|poke|p2|Regieleki|
|teampreview
|
|t:|1658201971
|start
|switch|p1a: Tornadus|Tornadus-Therian, M|100/100
|switch|p2a: Slowgatell|Slowbro, F|100/100
|turn|1
|
|t:|1658201977
|move|p1a: Tornadus|Knock Off|p2a: Slowgatell
|-supereffective|p2a: Slowgatell
|-crit|p2a: Slowgatell
|-damage|p2a: Slowgatell|61/100
|-damage|p1a: Tornadus|84/100|[from] item: Rocky Helmet|[of] p2a: Slowgatell
|-enditem|p2a: Slowgatell|Rocky Helmet|[from] move: Knock Off|[of] p1a: Tornadus
|move|p2a: Slowgatell|Toxic|p1a: Tornadus
|-status|p1a: Tornadus|tox
|
|-damage|p1a: Tornadus|78/100 tox|[from] psn
|upkeep
|turn|2
|
|t:|1658201987
|move|p1a: Tornadus|U-turn|p2a: Slowgatell
|-supereffective|p2a: Slowgatell
|-damage|p2a: Slowgatell|44/100
|
|t:|1658201995
|switch|p1a: Hydreigon|Hydreigon, F|100/100|[from]move: U-turn
|move|p2a: Slowgatell|Toxic|p1a: Hydreigon
|-status|p1a: Hydreigon|tox
|
|-damage|p1a: Hydreigon|94/100 tox|[from] psn
|upkeep
|turn|3
|
|t:|1658202004
|switch|p2a: Hippowdon|Hippowdon, F|100/100
|-weather|Sandstorm|[from] ability: Sand Stream|[of] p2a: Hippowdon
|move|p1a: Hydreigon|U-turn|p2a: Hippowdon
|-damage|p2a: Hippowdon|90/100
|
|t:|1658202021
|switch|p1a: Blaziken|Blaziken, F|100/100|[from]move: U-turn
|-item|p1a: Blaziken|Air Balloon
|
|-weather|Sandstorm|[upkeep]
|-damage|p1a: Blaziken|95/100|[from] Sandstorm
|-heal|p2a: Hippowdon|96/100|[from] item: Leftovers
|upkeep
|turn|4
|
|t:|1658202030
|move|p1a: Blaziken|Swords Dance|p1a: Blaziken
|-boost|p1a: Blaziken|atk|2
|move|p2a: Hippowdon|Toxic|p1a: Blaziken
|-status|p1a: Blaziken|tox
|
|-weather|Sandstorm|[upkeep]
|-damage|p1a: Blaziken|89/100 tox|[from] Sandstorm
|-heal|p2a: Hippowdon|100/100|[from] item: Leftovers
|-damage|p1a: Blaziken|83/100 tox|[from] psn
|-ability|p1a: Blaziken|Speed Boost|boost
|-boost|p1a: Blaziken|spe|1
|upkeep
|turn|5
|
|t:|1658202042
|switch|p2a: Slowgatell|Slowbro, F|77/100
|move|p1a: Blaziken|Swords Dance|p1a: Blaziken
|-boost|p1a: Blaziken|atk|2
|
|-weather|Sandstorm|[upkeep]
|-damage|p1a: Blaziken|77/100 tox|[from] Sandstorm
|-damage|p2a: Slowgatell|71/100|[from] Sandstorm
|-damage|p1a: Blaziken|65/100 tox|[from] psn
|-ability|p1a: Blaziken|Speed Boost|boost
|-boost|p1a: Blaziken|spe|1
|upkeep
|turn|6
|
|t:|1658202053
|switch|p2a: Zapdos|Zapdos-Galar|100/100
|move|p1a: Blaziken|Thunder Punch|p2a: Zapdos
|-supereffective|p2a: Zapdos
|-damage|p2a: Zapdos|0 fnt
|faint|p2a: Zapdos
|
|-weather|Sandstorm|[upkeep]
|-damage|p1a: Blaziken|59/100 tox|[from] Sandstorm
|-damage|p1a: Blaziken|41/100 tox|[from] psn
|-ability|p1a: Blaziken|Speed Boost|boost
|-boost|p1a: Blaziken|spe|1
|upkeep
|
|t:|1658202065
|switch|p2a: Slowgatell|Slowbro, F|100/100
|turn|7
|
|t:|1658202068
|move|p1a: Blaziken|Close Combat|p2a: Slowgatell
|-resisted|p2a: Slowgatell
|-damage|p2a: Slowgatell|47/100
|-unboost|p1a: Blaziken|def|1
|-unboost|p1a: Blaziken|spd|1
|move|p2a: Slowgatell|Scald|p1a: Blaziken
|-supereffective|p1a: Blaziken
|-damage|p1a: Blaziken|0 fnt
|-enditem|p1a: Blaziken|Air Balloon
|faint|p1a: Blaziken
|
|-weather|none
|upkeep
|
|t:|1658202090
|switch|p1a: Dragapult|Dragapult, M|100/100
|turn|8
|
|t:|1658202094
|switch|p2a: Hippowdon|Hippowdon, F|100/100
|-weather|Sandstorm|[from] ability: Sand Stream|[of] p2a: Hippowdon
|move|p1a: Dragapult|Dragon Dance|p1a: Dragapult
|-boost|p1a: Dragapult|atk|1
|-boost|p1a: Dragapult|spe|1
|
|-weather|Sandstorm|[upkeep]
|-damage|p1a: Dragapult|95/100|[from] Sandstorm
|upkeep
|turn|9
|j| Volkerr
|
|t:|1658202108
|move|p1a: Dragapult|Dragon Darts|p2a: Hippowdon
|-crit|p2a: Hippowdon
|-damage|p2a: Hippowdon|44/100
|-anim|p1a: Dragapult|Dragon Darts|p2a: Hippowdon
|-damage|p2a: Hippowdon|4/100
|-damage|p1a: Dragapult|85/100|[from] item: Life Orb
|move|p2a: Hippowdon|Toxic|p1a: Dragapult
|-status|p1a: Dragapult|tox
|
|-weather|Sandstorm|[upkeep]
|-damage|p1a: Dragapult|79/100 tox|[from] Sandstorm
|-heal|p2a: Hippowdon|10/100|[from] item: Leftovers
|-damage|p1a: Dragapult|73/100 tox|[from] psn
|upkeep
|turn|10
|
|t:|1658202122
|switch|p2a: Slowgatell|Slowbro, F|81/100
|move|p1a: Dragapult|Flamethrower|p2a: Slowgatell
|-resisted|p2a: Slowgatell
|-damage|p2a: Slowgatell|69/100
|-status|p2a: Slowgatell|brn
|-damage|p1a: Dragapult|63/100 tox|[from] item: Life Orb
|
|-weather|Sandstorm|[upkeep]
|-damage|p1a: Dragapult|57/100 tox|[from] Sandstorm
|-damage|p2a: Slowgatell|62/100 brn|[from] Sandstorm
|-damage|p1a: Dragapult|45/100 tox|[from] psn
|-damage|p2a: Slowgatell|56/100 brn|[from] brn
|upkeep
|turn|11
|
|t:|1658202135
|move|p1a: Dragapult|Dragon Darts|p2a: Slowgatell
|-damage|p2a: Slowgatell|25/100 brn
|-anim|p1a: Dragapult|Dragon Darts|p2a: Slowgatell
|-damage|p2a: Slowgatell|0 fnt
|faint|p2a: Slowgatell
|-damage|p1a: Dragapult|35/100 tox|[from] item: Life Orb
|
|-weather|Sandstorm|[upkeep]
|-damage|p1a: Dragapult|29/100 tox|[from] Sandstorm
|-damage|p1a: Dragapult|11/100 tox|[from] psn
|upkeep
|
|t:|1658202145
|switch|p2a: Scizor|Scizor, F|100/100
|turn|12
|
|t:|1658202149
|move|p2a: Scizor|Bullet Punch|p1a: Dragapult
|-damage|p1a: Dragapult|0 fnt
|faint|p1a: Dragapult
|
|-weather|none
|upkeep
|
|t:|1658202162
|switch|p1a: Tornadus|Tornadus-Therian, M|100/100 tox
|turn|13
|
|t:|1658202169
|move|p1a: Tornadus|Hurricane|p2a: Scizor|[miss]
|-miss|p1a: Tornadus|p2a: Scizor
|move|p2a: Scizor|Swords Dance|p2a: Scizor
|-boost|p2a: Scizor|atk|2
|
|-damage|p1a: Tornadus|94/100 tox|[from] psn
|upkeep
|turn|14
|
|t:|1658202180
|move|p1a: Tornadus|Hurricane|p2a: Scizor|[miss]
|-miss|p1a: Tornadus|p2a: Scizor
|move|p2a: Scizor|Swords Dance|p2a: Scizor
|-boost|p2a: Scizor|atk|2
|
|-damage|p1a: Tornadus|82/100 tox|[from] psn
|upkeep
|turn|15
|
|t:|1658202191
|move|p1a: Tornadus|Hurricane|p2a: Scizor
|-damage|p2a: Scizor|54/100
|-start|p2a: Scizor|confusion
|-activate|p2a: Scizor|confusion
|move|p2a: Scizor|Swords Dance|p2a: Scizor
|-boost|p2a: Scizor|atk|2
|
|-heal|p2a: Scizor|60/100|[from] item: Leftovers
|-damage|p1a: Tornadus|64/100 tox|[from] psn
|upkeep
|turn|16
|
|t:|1658202203
|move|p1a: Tornadus|Hurricane|p2a: Scizor|[miss]
|-miss|p1a: Tornadus|p2a: Scizor
|-activate|p2a: Scizor|confusion
|move|p2a: Scizor|Roost|p2a: Scizor
|-heal|p2a: Scizor|100/100
|-singleturn|p2a: Scizor|move: Roost
|
|-damage|p1a: Tornadus|40/100 tox|[from] psn
|upkeep
|turn|17
|
|t:|1658202212
|-activate|p2a: Scizor|confusion
|-damage|p2a: Scizor|64/100|[from] confusion
|move|p1a: Tornadus|Hurricane|p2a: Scizor
|-damage|p2a: Scizor|22/100
|
|-heal|p2a: Scizor|28/100|[from] item: Leftovers
|-damage|p1a: Tornadus|10/100 tox|[from] psn
|upkeep
|turn|18
|
|t:|1658202220
|-end|p2a: Scizor|confusion
|move|p2a: Scizor|Bullet Punch|p1a: Tornadus
|-damage|p1a: Tornadus|0 fnt
|faint|p1a: Tornadus
|
|-heal|p2a: Scizor|34/100|[from] item: Leftovers
|upkeep
|
|t:|1658202232
|switch|p1a: Melmetal|Melmetal|100/100
|turn|19
|
|t:|1658202236
|move|p2a: Scizor|Roost|p2a: Scizor
|-heal|p2a: Scizor|84/100
|-singleturn|p2a: Scizor|move: Roost
|move|p1a: Melmetal|Earthquake|p2a: Scizor
|-damage|p2a: Scizor|60/100
|
|-heal|p2a: Scizor|66/100|[from] item: Leftovers
|upkeep
|turn|20
|
|t:|1658202245
|move|p2a: Scizor|Roost|p2a: Scizor
|-heal|p2a: Scizor|100/100
|-singleturn|p2a: Scizor|move: Roost
|move|p1a: Melmetal|Earthquake|p2a: Scizor
|-crit|p2a: Scizor
|-damage|p2a: Scizor|63/100
|
|-heal|p2a: Scizor|69/100|[from] item: Leftovers
|upkeep
|turn|21
|
|t:|1658202253
|move|p2a: Scizor|Bullet Punch|p1a: Melmetal
|-resisted|p1a: Melmetal
|-damage|p1a: Melmetal|70/100
|move|p1a: Melmetal|Double Iron Bash|p2a: Scizor
|-resisted|p2a: Scizor
|-damage|p2a: Scizor|55/100
|-resisted|p2a: Scizor
|-damage|p2a: Scizor|41/100
|-hitcount|p2a: Scizor|2
|
|-heal|p2a: Scizor|47/100|[from] item: Leftovers
|-heal|p1a: Melmetal|76/100|[from] item: Leftovers
|upkeep
|turn|22
|
|t:|1658202264
|move|p2a: Scizor|Roost|p2a: Scizor
|-heal|p2a: Scizor|97/100
|-singleturn|p2a: Scizor|move: Roost
|move|p1a: Melmetal|Earthquake|p2a: Scizor
|-damage|p2a: Scizor|69/100
|
|-heal|p2a: Scizor|75/100|[from] item: Leftovers
|-heal|p1a: Melmetal|82/100|[from] item: Leftovers
|upkeep
|turn|23
|
|t:|1658202273
|move|p1a: Melmetal|Protect|p1a: Melmetal
|-singleturn|p1a: Melmetal|Protect
|move|p2a: Scizor|Bullet Punch|p1a: Melmetal
|-activate|p1a: Melmetal|move: Protect
|
|-heal|p2a: Scizor|81/100|[from] item: Leftovers
|-heal|p1a: Melmetal|88/100|[from] item: Leftovers
|upkeep
|turn|24
|
|t:|1658202282
|move|p2a: Scizor|Bullet Punch|p1a: Melmetal
|-resisted|p1a: Melmetal
|-damage|p1a: Melmetal|59/100
|move|p1a: Melmetal|Earthquake|p2a: Scizor
|-damage|p2a: Scizor|53/100
|
|-heal|p2a: Scizor|59/100|[from] item: Leftovers
|-heal|p1a: Melmetal|66/100|[from] item: Leftovers
|upkeep
|turn|25
|
|t:|1658202291
|move|p2a: Scizor|Bullet Punch|p1a: Melmetal
|-resisted|p1a: Melmetal
|-damage|p1a: Melmetal|37/100
|move|p1a: Melmetal|Earthquake|p2a: Scizor
|-damage|p2a: Scizor|31/100
|
|-heal|p2a: Scizor|37/100|[from] item: Leftovers
|-heal|p1a: Melmetal|43/100|[from] item: Leftovers
|upkeep
|turn|26
|
|t:|1658202301
|move|p2a: Scizor|Roost|p2a: Scizor
|-heal|p2a: Scizor|87/100
|-singleturn|p2a: Scizor|move: Roost
|move|p1a: Melmetal|Earthquake|p2a: Scizor
|-crit|p2a: Scizor
|-damage|p2a: Scizor|47/100
|
|-heal|p2a: Scizor|53/100|[from] item: Leftovers
|-heal|p1a: Melmetal|49/100|[from] item: Leftovers
|upkeep
|turn|27
|j| CanUrepeat
|
|t:|1658202310
|move|p1a: Melmetal|Protect|p1a: Melmetal
|-singleturn|p1a: Melmetal|Protect
|move|p2a: Scizor|Roost|p2a: Scizor
|-heal|p2a: Scizor|100/100
|-singleturn|p2a: Scizor|move: Roost
|
|-heal|p1a: Melmetal|55/100|[from] item: Leftovers
|upkeep
|turn|28
|
|t:|1658202318
|move|p2a: Scizor|Bullet Punch|p1a: Melmetal
|-resisted|p1a: Melmetal
|-damage|p1a: Melmetal|27/100
|move|p1a: Melmetal|Earthquake|p2a: Scizor
|-damage|p2a: Scizor|76/100
|
|-heal|p2a: Scizor|82/100|[from] item: Leftovers
|-heal|p1a: Melmetal|33/100|[from] item: Leftovers
|upkeep
|turn|29
|c|☆LECH24|Gg
|-message|LECH24 forfeited.
|
|win|Fastpitchkiller
|raw|LECH24's rating: 1632 &rarr; <strong>1619</strong><br />(-13 for losing)
|raw|Fastpitchkiller's rating: 1752 &rarr; <strong>1765</strong><br />(+13 for winning)
|l| CanUrepeat
