|j|☆alexnetist
|j|☆COMUNICADO OFICIAL
|player|p1|alexnetist|ethan|1327
|player|p2|COMUNICADO OFICIAL|170|1344
|teamsize|p1|6
|teamsize|p2|6
|gametype|singles
|gen|8
|tier|[Gen 8] OU
|rated|
|clearpoke
|poke|p1|Rillaboom, M|
|poke|p1|Togekiss, F|
|poke|p1|Kommo-o, M|
|poke|p1|Zeraora|
|poke|p1|Obstagoon, M|
|poke|p1|Seismitoad, M|
|poke|p2|Conkeldurr, F|
|poke|p2|Clefable, F|
|poke|p2|Kommo-o, M|
|poke|p2|Corviknight, F|
|poke|p2|Zeraora|
|poke|p2|Bisharp, F|
|rule|Sleep Clause Mod: Limit one foe put to sleep
|rule|Species Clause: Limit one of each Pokémon
|rule|OHKO Clause: OHKO moves are banned
|rule|Evasion Moves Clause: Evasion moves are banned
|rule|Endless Battle Clause: Forcing endless battles is banned
|rule|HP Percentage Mod: HP is shown in percentages
|rule|Dynamax Clause: You cannot dynamax
|teampreview
|c|☆alexnetist|gl hf
|
|start
|switch|p1a: Rillaboom|Rillaboom, M|100/100
|switch|p2a: Bisharp|Bisharp, F|100/100
|turn|1
|inactive|Battle timer is ON: inactive players will automatically lose when time's up. (requested by alexnetist)
|
|move|p1a: Rillaboom|Superpower|p2a: Bisharp
|-supereffective|p2a: Bisharp
|-damage|p2a: Bisharp|0 fnt
|-unboost|p1a: Rillaboom|atk|1
|-unboost|p1a: Rillaboom|def|1
|faint|p2a: Bisharp
|
|upkeep
|
|switch|p2a: Kommo-o|Kommo-o, M|100/100
|turn|2
|
|move|p1a: Rillaboom|U-turn|p2a: Kommo-o
|-resisted|p2a: Kommo-o
|-damage|p2a: Kommo-o|96/100
|
|switch|p1a: Togekiss|Togekiss, F|100/100|[from]move: U-turn
|move|p2a: Kommo-o|Stealth Rock|p1a: Togekiss
|-sidestart|p1: alexnetist|move: Stealth Rock
|
|-heal|p2a: Kommo-o|100/100|[from] item: Leftovers
|upkeep
|turn|3
|
|switch|p2a: Zeraora|Zeraora|100/100
|move|p1a: Togekiss|Defog|p2a: Zeraora
|-unboost|p2a: Zeraora|evasion|1
|-sideend|p1: alexnetist|Stealth Rock|[from] move: Defog|[of] p1a: Togekiss
|
|upkeep
|turn|4
|
|switch|p1a: Kommo-o|Kommo-o, M|100/100
|move|p2a: Zeraora|Calm Mind|p2a: Zeraora
|-boost|p2a: Zeraora|spa|1
|-boost|p2a: Zeraora|spd|1
|
|upkeep
|turn|5
|
|switch|p2a: Kommo-o|Kommo-o, M|100/100
|move|p1a: Kommo-o|Earthquake|p2a: Kommo-o
|-damage|p2a: Kommo-o|86/100
|
|-heal|p2a: Kommo-o|92/100|[from] item: Leftovers
|upkeep
|turn|6
|
|move|p1a: Kommo-o|Stealth Rock|p2a: Kommo-o
|-sidestart|p2: COMUNICADO OFICIAL|move: Stealth Rock
|move|p2a: Kommo-o|Stealth Rock|p1a: Kommo-o
|-sidestart|p1: alexnetist|move: Stealth Rock
|
|-heal|p2a: Kommo-o|98/100|[from] item: Leftovers
|upkeep
|turn|7
|
|move|p1a: Kommo-o|Iron Defense|p1a: Kommo-o
|-boost|p1a: Kommo-o|def|2
|move|p2a: Kommo-o|Toxic|p1a: Kommo-o
|-status|p1a: Kommo-o|tox
|
|-heal|p2a: Kommo-o|100/100|[from] item: Leftovers
|-damage|p1a: Kommo-o|94/100 tox|[from] psn
|upkeep
|turn|8
|
|move|p1a: Kommo-o|Body Press|p2a: Kommo-o
|-damage|p2a: Kommo-o|46/100
|move|p2a: Kommo-o|Draco Meteor|p1a: Kommo-o
|-supereffective|p1a: Kommo-o
|-damage|p1a: Kommo-o|18/100 tox
|-unboost|p2a: Kommo-o|spa|2
|
|-heal|p1a: Kommo-o|24/100 tox|[from] item: Leftovers
|-heal|p2a: Kommo-o|52/100|[from] item: Leftovers
|-damage|p1a: Kommo-o|12/100 tox|[from] psn
|upkeep
|turn|9
|
|move|p1a: Kommo-o|Body Press|p2a: Kommo-o
|-damage|p2a: Kommo-o|0 fnt
|faint|p2a: Kommo-o
|
|-heal|p1a: Kommo-o|18/100 tox|[from] item: Leftovers
|-damage|p1a: Kommo-o|0 fnt|[from] psn
|faint|p1a: Kommo-o
|upkeep
|
|switch|p1a: Obstagoon|Obstagoon, M|100/100
|switch|p2a: Conkeldurr|Conkeldurr, F|100/100
|-damage|p1a: Obstagoon|88/100|[from] Stealth Rock
|-damage|p2a: Conkeldurr|95/100|[from] Stealth Rock
|turn|10
|
|move|p1a: Obstagoon|Obstruct|p1a: Obstagoon
|-singleturn|p1a: Obstagoon|Protect
|move|p2a: Conkeldurr|Facade|p1a: Obstagoon
|-activate|p1a: Obstagoon|move: Protect
|-unboost|p2a: Conkeldurr|def|2
|
|-status|p1a: Obstagoon|brn|[from] item: Flame Orb
|-status|p2a: Conkeldurr|brn|[from] item: Flame Orb
|upkeep
|turn|11
|
|move|p2a: Conkeldurr|Mach Punch|p1a: Obstagoon
|-supereffective|p1a: Obstagoon
|-damage|p1a: Obstagoon|0 fnt
|faint|p1a: Obstagoon
|
|-damage|p2a: Conkeldurr|89/100 brn|[from] brn
|upkeep
|
|switch|p1a: Togekiss|Togekiss, F|100/100
|-damage|p1a: Togekiss|76/100|[from] Stealth Rock
|turn|12
|inactive|COMUNICADO OFICIAL has 120 seconds left.
|inactive|COMUNICADO OFICIAL has 90 seconds left.
|inactive|COMUNICADO OFICIAL has 60 seconds left.
|
|switch|p2a: Zeraora|Zeraora|100/100
|-damage|p2a: Zeraora|88/100|[from] Stealth Rock
|move|p1a: Togekiss|Air Slash|p2a: Zeraora
|-resisted|p2a: Zeraora
|-damage|p2a: Zeraora|64/100
|
|-heal|p2a: Zeraora|70/100|[from] item: Leftovers
|upkeep
|turn|13
|inactive|COMUNICADO OFICIAL has 60 seconds left.
|
|switch|p1a: Rillaboom|Rillaboom, M|100/100
|-damage|p1a: Rillaboom|88/100|[from] Stealth Rock
|move|p2a: Zeraora|Focus Blast|p1a: Rillaboom
|-damage|p1a: Rillaboom|56/100
|
|-heal|p2a: Zeraora|76/100|[from] item: Leftovers
|upkeep
|turn|14
|inactive|COMUNICADO OFICIAL has 60 seconds left.
|
|switch|p2a: Corviknight|Corviknight, F|100/100
|-damage|p2a: Corviknight|88/100|[from] Stealth Rock
|-ability|p2a: Corviknight|Pressure
|move|p1a: Rillaboom|Wood Hammer|p2a: Corviknight
|-resisted|p2a: Corviknight
|-damage|p2a: Corviknight|79/100
|-damage|p1a: Rillaboom|52/100|[from] Recoil
|
|-heal|p2a: Corviknight|85/100|[from] item: Leftovers
|upkeep
|turn|15
|inactive|COMUNICADO OFICIAL has 60 seconds left.
|
|switch|p1a: Zeraora|Zeraora|100/100
|-damage|p1a: Zeraora|88/100|[from] Stealth Rock
|switch|p2a: Conkeldurr|Conkeldurr, F|89/100 brn
|-damage|p2a: Conkeldurr|83/100 brn|[from] Stealth Rock
|
|-heal|p1a: Zeraora|94/100|[from] item: Leftovers
|-damage|p2a: Conkeldurr|77/100 brn|[from] brn
|upkeep
|turn|16
|
|switch|p1a: Rillaboom|Rillaboom, M|52/100
|-damage|p1a: Rillaboom|40/100|[from] Stealth Rock
|move|p2a: Conkeldurr|Drain Punch|p1a: Rillaboom
|-damage|p1a: Rillaboom|0 fnt
|-heal|p2a: Conkeldurr|96/100 brn|[from] drain|[of] p1a: Rillaboom
|faint|p1a: Rillaboom
|
|-damage|p2a: Conkeldurr|90/100 brn|[from] brn
|upkeep
|
|switch|p1a: Togekiss|Togekiss, F|76/100
|-damage|p1a: Togekiss|51/100|[from] Stealth Rock
|turn|17
|
|switch|p2a: Corviknight|Corviknight, F|85/100
|-damage|p2a: Corviknight|72/100|[from] Stealth Rock
|-ability|p2a: Corviknight|Pressure
|move|p1a: Togekiss|Fire Blast|p2a: Corviknight|[miss]
|-miss|p1a: Togekiss|p2a: Corviknight
|
|-heal|p2a: Corviknight|79/100|[from] item: Leftovers
|upkeep
|turn|18
|
|move|p1a: Togekiss|Fire Blast|p2a: Corviknight
|-supereffective|p2a: Corviknight
|-damage|p2a: Corviknight|10/100
|move|p2a: Corviknight|Brave Bird|p1a: Togekiss
|-damage|p1a: Togekiss|10/100
|-damage|p2a: Corviknight|0 fnt|[from] Recoil
|faint|p2a: Corviknight
|
|upkeep
|
|switch|p2a: Zeraora|Zeraora|76/100
|-damage|p2a: Zeraora|64/100|[from] Stealth Rock
|turn|19
|
|move|p1a: Togekiss|Fire Blast|p2a: Zeraora
|-damage|p2a: Zeraora|16/100
|-status|p2a: Zeraora|brn
|move|p2a: Zeraora|Calm Mind|p2a: Zeraora
|-boost|p2a: Zeraora|spa|1
|-boost|p2a: Zeraora|spd|1
|
|-heal|p2a: Zeraora|22/100 brn|[from] item: Leftovers
|-damage|p2a: Zeraora|16/100 brn|[from] brn
|upkeep
|turn|20
|
|move|p1a: Togekiss|Fire Blast|p2a: Zeraora|[miss]
|-miss|p1a: Togekiss|p2a: Zeraora
|move|p2a: Zeraora|Thunderbolt|p1a: Togekiss
|-supereffective|p1a: Togekiss
|-damage|p1a: Togekiss|0 fnt
|faint|p1a: Togekiss
|
|-heal|p2a: Zeraora|22/100 brn|[from] item: Leftovers
|-damage|p2a: Zeraora|16/100 brn|[from] brn
|upkeep
|
|switch|p1a: Zeraora|Zeraora|94/100
|-damage|p1a: Zeraora|82/100|[from] Stealth Rock
|turn|21
|inactive|COMUNICADO OFICIAL has 90 seconds left.
|
|move|p1a: Zeraora|Aura Sphere|p2a: Zeraora
|-damage|p2a: Zeraora|0 fnt
|faint|p2a: Zeraora
|
|-heal|p1a: Zeraora|88/100|[from] item: Leftovers
|upkeep
|inactive|COMUNICADO OFICIAL has 90 seconds left.
|
|switch|p2a: Conkeldurr|Conkeldurr, F|90/100 brn
|-damage|p2a: Conkeldurr|84/100 brn|[from] Stealth Rock
|turn|22
|
|move|p1a: Zeraora|Thunderbolt|p2a: Conkeldurr
|-damage|p2a: Conkeldurr|26/100 brn
|move|p2a: Conkeldurr|Drain Punch|p1a: Zeraora
|-damage|p1a: Zeraora|0 fnt
|-heal|p2a: Conkeldurr|65/100 brn|[from] drain|[of] p1a: Zeraora
|faint|p1a: Zeraora
|
|-damage|p2a: Conkeldurr|59/100 brn|[from] brn
|upkeep
|
|switch|p1a: Seismitoad|Seismitoad, M|100/100
|-damage|p1a: Seismitoad|95/100|[from] Stealth Rock
|turn|23
|c|☆COMUNICADO OFICIAL|gg
|
|move|p1a: Seismitoad|Earthquake|p2a: Conkeldurr
|-damage|p2a: Conkeldurr|0 fnt
|faint|p2a: Conkeldurr
|
|upkeep
|c|☆COMUNICADO OFICIAL|wtf
|
|switch|p2a: Clefable|Clefable, F|100/100
|turn|24
|
|move|p1a: Seismitoad|Earthquake|p2a: Clefable
|-damage|p2a: Clefable|26/100
|move|p2a: Clefable|Wish|p2a: Clefable
|
|-heal|p2a: Clefable|32/100|[from] item: Leftovers
|upkeep
|turn|25
|
|move|p2a: Clefable|Protect|p2a: Clefable
|-singleturn|p2a: Clefable|Protect
|move|p1a: Seismitoad|Earthquake|p2a: Clefable
|-activate|p2a: Clefable|move: Protect
|
|-heal|p2a: Clefable|82/100|[from] move: Wish|[wisher] Clefable
|-heal|p2a: Clefable|88/100|[from] item: Leftovers
|upkeep
|turn|26
|
|move|p1a: Seismitoad|Earthquake|p2a: Clefable
|-damage|p2a: Clefable|15/100
|move|p2a: Clefable|Moonblast|p1a: Seismitoad
|-damage|p1a: Seismitoad|57/100
|
|-heal|p2a: Clefable|21/100|[from] item: Leftovers
|upkeep
|turn|27
|c|☆alexnetist|gg
|
|move|p1a: Seismitoad|Earthquake|p2a: Clefable
|-damage|p2a: Clefable|0 fnt
|faint|p2a: Clefable
|
|win|alexnetist
|c|☆COMUNICADO OFICIAL|wtf
|l|☆COMUNICADO OFICIAL
||Ladder (probably) updated, but score could not be retrieved (Response not received).
