|j|☆Ayante
|j|☆Ninetales Dragons
|inactive|Battle timer is ON: inactive players will automatically lose when time's up.
|t:|1650941730
|gametype|singles
|player|p1|Ayante|aaron|
|player|p2|Ninetales Dragons|scientistf|
|teamsize|p1|6
|teamsize|p2|6
|gen|8
|tier|[Gen 8] OU
|rated|Tournament battle
|rule|Sleep Clause Mod: Limit one foe put to sleep
|rule|Species Clause: Limit one of each Pokémon
|rule|OHKO Clause: OHKO moves are banned
|rule|Evasion Moves Clause: Evasion moves are banned
|rule|Endless Battle Clause: Forcing endless battles is banned
|rule|HP Percentage Mod: HP is shown in percentages
|rule|Dynamax Clause: You cannot dynamax
|clearpoke
|poke|p1|Slowking-Galar, F|
|poke|p1|Magnezone|
|poke|p1|Kommo-o, M|
|poke|p1|Landorus-Therian, M|
|poke|p1|Corviknight, M|
|poke|p1|Tapu Fini|
|poke|p2|Urshifu-*, M|
|poke|p2|Gardevoir, F|
|poke|p2|Melmetal|
|poke|p2|Slowking-Galar, M|
|poke|p2|Kartana|
|poke|p2|Regieleki|
|teampreview
|j| Yugimora
|j| gotsnsd
|j| Mikirae
|j| MoonWeasel
|j| Empaires
|
|t:|1650941756
|start
|switch|p1a: Landorus|Landorus-Therian, M|100/100
|switch|p2a: Saitama|Urshifu-Rapid-Strike, M|100/100
|-ability|p1a: Landorus|Intimidate|boost
|-unboost|p2a: Saitama|atk|1
|turn|1
|
|t:|1650941762
|switch|p1a: Kommo-o|Kommo-o, M|100/100
|move|p2a: Saitama|Surging Strikes|p1a: Kommo-o
|-resisted|p1a: Kommo-o
|-crit|p1a: Kommo-o
|-damage|p1a: Kommo-o|91/100
|-damage|p2a: Saitama|84/100|[from] item: Rocky Helmet|[of] p1a: Kommo-o
|-resisted|p1a: Kommo-o
|-crit|p1a: Kommo-o
|-damage|p1a: Kommo-o|82/100
|-damage|p2a: Saitama|68/100|[from] item: Rocky Helmet|[of] p1a: Kommo-o
|-resisted|p1a: Kommo-o
|-crit|p1a: Kommo-o
|-damage|p1a: Kommo-o|73/100
|-damage|p2a: Saitama|51/100|[from] item: Rocky Helmet|[of] p1a: Kommo-o
|-hitcount|p1a: Kommo-o|3
|
|upkeep
|turn|2
|
|t:|1650941778
|switch|p2a: King|Slowking-Galar, M|100/100
|move|p1a: Kommo-o|Stealth Rock|p2a: King
|-sidestart|p2: Ninetales Dragons|move: Stealth Rock
|
|upkeep
|turn|3
|
|t:|1650941782
|move|p1a: Kommo-o|Earthquake|p2a: King
|-supereffective|p2a: King
|-damage|p2a: King|47/100
|move|p2a: King|Future Sight|p1a: Kommo-o
|-start|p2a: King|move: Future Sight
|
|upkeep
|turn|4
|
|t:|1650941797
|move|p1a: Kommo-o|Earthquake|p2a: King
|-supereffective|p2a: King
|-damage|p2a: King|0 fnt
|faint|p2a: King
|
|upkeep
|
|t:|1650941813
|switch|p2a: Tatsumaki|Gardevoir, F|100/100
|-damage|p2a: Tatsumaki|88/100|[from] Stealth Rock
|-ability|p2a: Tatsumaki|Bulletproof|[from] ability: Trace|[of] p1a: Kommo-o
|turn|5
|
|t:|1650941822
|switch|p1a: Slowking|Slowking-Galar, F|100/100
|move|p2a: Tatsumaki|Mystical Fire|p1a: Slowking
|-damage|p1a: Slowking|88/100
|-unboost|p1a: Slowking|spa|1
|
|-end|p1a: Slowking|move: Future Sight
|-damage|p1a: Slowking|62/100
|upkeep
|turn|6
|
|t:|1650941832
|switch|p2a: Genos|Melmetal|100/100
|-damage|p2a: Genos|94/100|[from] Stealth Rock
|move|p1a: Slowking|Future Sight|p2a: Genos
|-start|p1a: Slowking|move: Future Sight
|
|upkeep
|turn|7
|
|t:|1650941841
|switch|p1a: Corviknight|Corviknight, M|100/100
|move|p2a: Genos|Ice Punch|p1a: Corviknight
|-damage|p1a: Corviknight|74/100
|
|-heal|p1a: Corviknight|80/100|[from] item: Leftovers
|upkeep
|turn|8
|
|t:|1650941846
|move|p1a: Corviknight|U-turn|p2a: Genos
|-resisted|p2a: Genos
|-damage|p2a: Genos|91/100
|j| Queenss
|
|t:|1650941849
|switch|p1a: Kommo-o|Kommo-o, M|73/100|[from]move: U-turn
|move|p2a: Genos|Thunder Punch|p1a: Kommo-o
|-resisted|p1a: Kommo-o
|-damage|p1a: Kommo-o|61/100
|-status|p1a: Kommo-o|par
|-damage|p2a: Genos|74/100|[from] item: Rocky Helmet|[of] p1a: Kommo-o
|
|-end|p2a: Genos|move: Future Sight
|-resisted|p2a: Genos
|-damage|p2a: Genos|58/100
|upkeep
|turn|9
|
|t:|1650941864
|cant|p1a: Kommo-o|par
|move|p2a: Genos|Ice Punch|p1a: Kommo-o
|-supereffective|p1a: Kommo-o
|-damage|p1a: Kommo-o|11/100 par
|-damage|p2a: Genos|42/100|[from] item: Rocky Helmet|[of] p1a: Kommo-o
|
|upkeep
|turn|10
|
|t:|1650941868
|cant|p1a: Kommo-o|par
|move|p2a: Genos|Double Iron Bash|p1a: Kommo-o
|-damage|p1a: Kommo-o|0 fnt
|-damage|p2a: Genos|25/100|[from] item: Rocky Helmet|[of] p1a: Kommo-o
|faint|p1a: Kommo-o
|-hitcount|p1: Kommo-o|1
|
|upkeep
|
|t:|1650941870
|switch|p1a: Magnezone|Magnezone|100/100
|turn|11
|
|t:|1650941878
|move|p1a: Magnezone|Discharge|p2a: Genos
|-damage|p2a: Genos|0 fnt
|faint|p2a: Genos
|
|upkeep
|j| Preciate it
|
|t:|1650941887
|switch|p2a: Atomic Samurai|Kartana, shiny|100/100
|-damage|p2a: Atomic Samurai|94/100|[from] Stealth Rock
|turn|12
|
|t:|1650941891
|move|p2a: Atomic Samurai|Sacred Sword|p1a: Magnezone
|-supereffective|p1a: Magnezone
|-damage|p1a: Magnezone|12/100
|-damage|p2a: Atomic Samurai|85/100|[from] item: Life Orb
|move|p1a: Magnezone|Hidden Power|p2a: Atomic Samurai
|-supereffective|p2a: Atomic Samurai
|-damage|p2a: Atomic Samurai|0 fnt
|faint|p2a: Atomic Samurai
|
|-heal|p1a: Magnezone|18/100|[from] item: Leftovers
|upkeep
|
|t:|1650941901
|switch|p2a: Tatsumaki|Gardevoir, F|88/100
|-damage|p2a: Tatsumaki|76/100|[from] Stealth Rock
|-ability|p2a: Tatsumaki|Magnet Pull|[from] ability: Trace|[of] p1a: Magnezone
|turn|13
|l| Queenss
|
|t:|1650941907
|move|p2a: Tatsumaki|Mystical Fire|p1a: Magnezone
|-supereffective|p1a: Magnezone
|-damage|p1a: Magnezone|0 fnt
|faint|p1a: Magnezone
|
|upkeep
|
|t:|1650941909
|switch|p1a: Slowking|Slowking-Galar, F|95/100
|turn|14
|
|t:|1650941917
|move|p2a: Tatsumaki|Mystical Fire|p1a: Slowking
|-damage|p1a: Slowking|82/100
|-unboost|p1a: Slowking|spa|1
|move|p1a: Slowking|Sludge Bomb|p2a: Tatsumaki
|-supereffective|p2a: Tatsumaki
|-damage|p2a: Tatsumaki|23/100
|
|upkeep
|turn|15
|
|t:|1650941926
|move|p2a: Tatsumaki|Mystical Fire|p1a: Slowking
|-damage|p1a: Slowking|68/100
|-unboost|p1a: Slowking|spa|1
|move|p1a: Slowking|Sludge Bomb|p2a: Tatsumaki
|-supereffective|p2a: Tatsumaki
|-damage|p2a: Tatsumaki|0 fnt
|faint|p2a: Tatsumaki
|
|upkeep
|
|t:|1650941931
|switch|p2a: Saitama|Urshifu-Rapid-Strike, M|51/100
|-damage|p2a: Saitama|45/100|[from] Stealth Rock
|turn|16
|
|t:|1650941935
|move|p2a: Saitama|Surging Strikes|p1a: Slowking
|-crit|p1a: Slowking
|-damage|p1a: Slowking|46/100
|-crit|p1a: Slowking
|-damage|p1a: Slowking|25/100
|-crit|p1a: Slowking
|-damage|p1a: Slowking|5/100
|-hitcount|p1a: Slowking|3
|move|p1a: Slowking|Sludge Bomb|p2a: Saitama
|-damage|p2a: Saitama|20/100
|
|upkeep
|turn|17
|
|t:|1650941942
|switch|p1a: Tapu Fini|Tapu Fini|100/100
|-fieldstart|move: Misty Terrain|[from] ability: Misty Surge|[of] p1a: Tapu Fini
|move|p2a: Saitama|Surging Strikes|p1a: Tapu Fini
|-resisted|p1a: Tapu Fini
|-crit|p1a: Tapu Fini
|-damage|p1a: Tapu Fini|87/100
|-resisted|p1a: Tapu Fini
|-crit|p1a: Tapu Fini
|-damage|p1a: Tapu Fini|73/100
|-resisted|p1a: Tapu Fini
|-crit|p1a: Tapu Fini
|-damage|p1a: Tapu Fini|60/100
|-hitcount|p1a: Tapu Fini|3
|
|-heal|p1a: Tapu Fini|66/100|[from] item: Leftovers
|upkeep
|turn|18
|
|t:|1650941946
|move|p2a: Saitama|Surging Strikes|p1a: Tapu Fini
|-resisted|p1a: Tapu Fini
|-crit|p1a: Tapu Fini
|-damage|p1a: Tapu Fini|52/100
|-resisted|p1a: Tapu Fini
|-crit|p1a: Tapu Fini
|-damage|p1a: Tapu Fini|39/100
|-resisted|p1a: Tapu Fini
|-crit|p1a: Tapu Fini
|-damage|p1a: Tapu Fini|25/100
|-hitcount|p1a: Tapu Fini|3
|move|p1a: Tapu Fini|Moonblast|p2a: Saitama
|-supereffective|p2a: Saitama
|-damage|p2a: Saitama|0 fnt
|faint|p2a: Saitama
|
|-heal|p1a: Tapu Fini|31/100|[from] item: Leftovers
|upkeep
|j| Terror Fangツ
|
|t:|1650941958
|switch|p2a: Flashy Flash|Regieleki|100/100
|-damage|p2a: Flashy Flash|88/100|[from] Stealth Rock
|turn|19
|
|t:|1650941962
|switch|p1a: Landorus|Landorus-Therian, M|100/100
|-ability|p1a: Landorus|Intimidate|boost
|-unboost|p2a: Flashy Flash|atk|1
|move|p2a: Flashy Flash|Ancient Power|p1a: Landorus
|-damage|p1a: Landorus|70/100
|
|-heal|p1a: Landorus|76/100|[from] item: Leftovers
|upkeep
|turn|20
|
|t:|1650941965
|move|p2a: Flashy Flash|Ancient Power|p1a: Landorus
|-damage|p1a: Landorus|42/100
|move|p1a: Landorus|Earthquake|p2a: Flashy Flash
|-supereffective|p2a: Flashy Flash
|-damage|p2a: Flashy Flash|0 fnt
|faint|p2a: Flashy Flash
|
|win|Ayante
|n|☆Ayante|ayante
|n|☆Ninetales Dragons|ninetalesdragons
|n| Yugimora|yugimora
|n| gotsnsd|gotsnsd
|n| Mikirae|mikirae
|n| MoonWeasel|moonweasel
|n| Empaires|empaires
|n| Preciate it|preciateit
|n| Terror Fangツ|terrorfang
