|j|☆Alu9204
|j|☆marco8
|t:|1635226441
|gametype|singles
|player|p1|Alu9204|burglar|1420
|player|p2|marco8|lucas|1423
|teamsize|p1|6
|teamsize|p2|6
|gen|8
|tier|[Gen 8] OU
|rated|
|rule|Sleep Clause Mod: Limit one foe put to sleep
|rule|Species Clause: Limit one of each Pokémon
|rule|OHKO Clause: OHKO moves are banned
|rule|Evasion Moves Clause: Evasion moves are banned
|rule|Endless Battle Clause: Forcing endless battles is banned
|rule|HP Percentage Mod: HP is shown in percentages
|rule|Dynamax Clause: You cannot dynamax
|clearpoke
|poke|p1|Gengar, F|
|poke|p1|Zapdos-Galar|
|poke|p1|Bisharp, M|
|poke|p1|Tapu Fini|
|poke|p1|Garchomp, F|
|poke|p1|Weavile, F|
|poke|p2|Rillaboom, M|
|poke|p2|Mandibuzz, F|
|poke|p2|Slowking-Galar, M|
|poke|p2|Thundurus-Therian, M|
|poke|p2|Urshifu-*, F|
|poke|p2|Heatran, M|
|teampreview
|inactive|Battle timer is ON: inactive players will automatically lose when time's up. (requested by marco8)
|
|t:|1635226456
|start
|switch|p1a: Gengar|Gengar, F|100/100
|switch|p2a: Kung-Fu Panda|Urshifu-Rapid-Strike, F|100/100
|turn|1
|
|t:|1635226466
|move|p2a: Kung-Fu Panda|Surging Strikes|p1a: Gengar
|-crit|p1a: Gengar
|-damage|p1a: Gengar|61/100
|-start|p2a: Kung-Fu Panda|Disable|Surging Strikes|[from] ability: Cursed Body|[of] p1a: Gengar
|-crit|p1a: Gengar
|-damage|p1a: Gengar|22/100
|-crit|p1a: Gengar
|-damage|p1a: Gengar|0 fnt
|faint|p1a: Gengar
|-hitcount|p1: Gengar|3
|
|upkeep
|j| Night_TH
|l| Night_TH
|
|t:|1635226476
|switch|p1a: Zapdos|Zapdos-Galar|100/100
|turn|2
|
|t:|1635226483
|switch|p2a: La Huesuda|Mandibuzz, F|100/100
|move|p1a: Zapdos|Thunderous Kick|p2a: La Huesuda
|-damage|p2a: La Huesuda|61/100
|-unboost|p2a: La Huesuda|def|1
|-damage|p1a: Zapdos|84/100|[from] item: Rocky Helmet|[of] p2a: La Huesuda
|
|upkeep
|turn|3
|
|t:|1635226505
|move|p1a: Zapdos|Thunderous Kick|p2a: La Huesuda
|-damage|p2a: La Huesuda|2/100
|-unboost|p2a: La Huesuda|def|1
|-damage|p1a: Zapdos|67/100|[from] item: Rocky Helmet|[of] p2a: La Huesuda
|move|p2a: La Huesuda|Roost|p2a: La Huesuda
|-heal|p2a: La Huesuda|52/100
|-singleturn|p2a: La Huesuda|move: Roost
|
|upkeep
|turn|4
|
|t:|1635226517
|switch|p2a: Thundurus|Thundurus-Therian, M|100/100
|move|p1a: Zapdos|Thunderous Kick|p2a: Thundurus
|-resisted|p2a: Thundurus
|-damage|p2a: Thundurus|47/100
|-unboost|p2a: Thundurus|def|1
|
|upkeep
|turn|5
|
|t:|1635226533
|switch|p1a: Garchomp|Garchomp, F|100/100
|move|p2a: Thundurus|Thunderbolt|p1a: Garchomp
|-immune|p1a: Garchomp
|
|upkeep
|turn|6
|
|t:|1635226548
|switch|p2a: La Huesuda|Mandibuzz, F|52/100
|move|p1a: Garchomp|Swords Dance|p1a: Garchomp
|-boost|p1a: Garchomp|atk|2
|
|upkeep
|turn|7
|
|t:|1635226555
|move|p1a: Garchomp|Scale Shot|p2a: La Huesuda
|-damage|p2a: La Huesuda|37/100
|-crit|p2a: La Huesuda
|-damage|p2a: La Huesuda|15/100
|-hitcount|p2a: La Huesuda|2
|-unboost|p1a: Garchomp|def|1
|-boost|p1a: Garchomp|spe|1
|move|p2a: La Huesuda|Foul Play|p1a: Garchomp
|-damage|p1a: Garchomp|0 fnt
|-damage|p2a: La Huesuda|3/100|[from] ability: Rough Skin|[of] p1a: Garchomp
|faint|p1a: Garchomp
|
|upkeep
|
|t:|1635226569
|switch|p1a: Weavile|Weavile, F|100/100
|-ability|p1a: Weavile|Pressure
|turn|8
|
|t:|1635226574
|switch|p2a: Autoclave|Heatran, M, shiny|100/100
|move|p1a: Weavile|Knock Off|p2a: Autoclave
|-damage|p2a: Autoclave|49/100
|-enditem|p2a: Autoclave|Leftovers|[from] move: Knock Off|[of] p1a: Weavile
|
|upkeep
|turn|9
|
|t:|1635226582
|switch|p1a: Tapu Fini|Tapu Fini|100/100
|-fieldstart|move: Misty Terrain|[from] ability: Misty Surge|[of] p1a: Tapu Fini
|move|p2a: Autoclave|Stealth Rock|p1a: Tapu Fini
|-sidestart|p1: Alu9204|move: Stealth Rock
|
|upkeep
|turn|10
|
|t:|1635226589
|switch|p2a: Slowking|Slowking-Galar, M, shiny|100/100
|move|p1a: Tapu Fini|Surf|p2a: Slowking
|-damage|p2a: Slowking|83/100
|
|upkeep
|turn|11
|
|t:|1635226598
|switch|p1a: Bisharp|Bisharp, M|100/100
|-damage|p1a: Bisharp|95/100|[from] Stealth Rock
|move|p2a: Slowking|Flamethrower|p1a: Bisharp
|-supereffective|p1a: Bisharp
|-damage|p1a: Bisharp|4/100
|
|upkeep
|turn|12
|
|t:|1635226607
|switch|p2a: La Huesuda|Mandibuzz, F|3/100
|move|p1a: Bisharp|Knock Off|p2a: La Huesuda
|-resisted|p2a: La Huesuda
|-damage|p2a: La Huesuda|0 fnt
|-damage|p1a: Bisharp|0 fnt|[from] item: Rocky Helmet|[of] p2a: La Huesuda
|faint|p2a: La Huesuda
|faint|p1a: Bisharp
|
|upkeep
|
|t:|1635226626
|switch|p1a: Zapdos|Zapdos-Galar|67/100
|switch|p2a: Kung-Fu Panda|Urshifu-Rapid-Strike, F|100/100
|-damage|p1a: Zapdos|55/100|[from] Stealth Rock
|turn|13
|
|t:|1635226636
|switch|p1a: Tapu Fini|Tapu Fini|100/100
|-damage|p1a: Tapu Fini|88/100|[from] Stealth Rock
|move|p2a: Kung-Fu Panda|Thunder Punch|p1a: Tapu Fini
|-supereffective|p1a: Tapu Fini
|-damage|p1a: Tapu Fini|45/100
|
|-heal|p1a: Tapu Fini|51/100|[from] item: Leftovers
|-fieldend|Misty Terrain
|upkeep
|turn|14
|
|t:|1635226648
|switch|p2a: Slowking|Slowking-Galar, M, shiny|100/100
|move|p1a: Tapu Fini|Moonblast|p2a: Slowking
|-resisted|p2a: Slowking
|-damage|p2a: Slowking|90/100
|
|-heal|p1a: Tapu Fini|57/100|[from] item: Leftovers
|upkeep
|turn|15
|
|t:|1635226660
|move|p1a: Tapu Fini|Calm Mind|p1a: Tapu Fini
|-boost|p1a: Tapu Fini|spa|1
|-boost|p1a: Tapu Fini|spd|1
|move|p2a: Slowking|Sludge Bomb|p1a: Tapu Fini
|-supereffective|p1a: Tapu Fini
|-crit|p1a: Tapu Fini
|-damage|p1a: Tapu Fini|0 fnt
|faint|p1a: Tapu Fini
|
|upkeep
|
|t:|1635226669
|switch|p1a: Zapdos|Zapdos-Galar|55/100
|-damage|p1a: Zapdos|43/100|[from] Stealth Rock
|turn|16
|
|t:|1635226675
|move|p1a: Zapdos|Brave Bird|p2a: Slowking
|-damage|p2a: Slowking|0 fnt
|faint|p2a: Slowking
|-damage|p1a: Zapdos|6/100|[from] Recoil
|
|upkeep
|
|t:|1635226680
|switch|p2a: Kung-Fu Panda|Urshifu-Rapid-Strike, F|100/100
|turn|17
|-message|Alu9204 forfeited.
|
|win|marco8
|raw|Alu9204's rating: 1420 &rarr; <strong>1400</strong><br />(-20 for losing)
|raw|marco8's rating: 1423 &rarr; <strong>1443</strong><br />(+20 for winning)
|l|☆Alu9204
