|raw|<div class="broadcast-blue"><strong>This battle is required to be public due to a player having a name starting with 'lt92pf'.</div>
|j|☆noudle soop
|j|☆LT92PF Eeveectory
|t:|1659732754
|gametype|singles
|player|p1|noudle soop|worker|1856
|player|p2|LT92PF Eeveectory|acetrainersnow|1849
|teamsize|p1|6
|teamsize|p2|6
|gen|8
|tier|[Gen 8] OU
|rated|
|rule|Sleep Clause Mod: Limit one foe put to sleep
|rule|Species Clause: Limit one of each Pokémon
|rule|OHKO Clause: OHKO moves are banned
|rule|Evasion Items Clause: Evasion items are banned
|rule|Evasion Moves Clause: Evasion moves are banned
|rule|Endless Battle Clause: Forcing endless battles is banned
|rule|HP Percentage Mod: HP is shown in percentages
|rule|Dynamax Clause: You cannot dynamax
|clearpoke
|poke|p1|Tapu Lele|
|poke|p1|Magnezone|
|poke|p1|Landorus-Therian, M|
|poke|p1|Volcanion|
|poke|p1|Weavile, M|
|poke|p1|Dragonite, M|
|poke|p2|Dhelmise|
|poke|p2|Zapdos|
|poke|p2|Weezing-Galar, M|
|poke|p2|Corviknight, M|
|poke|p2|Gastrodon-East, M|
|poke|p2|Toxapex, M|
|teampreview
|inactive|Battle timer is ON: inactive players will automatically lose when time's up. (requested by noudle soop)
|
|t:|1659732771
|start
|switch|p1a: Landorus|Landorus-Therian, M|100/100
|switch|p2a: Crown|Toxapex, M|100/100
|-ability|p1a: Landorus|Intimidate|boost
|-unboost|p2a: Crown|atk|1
|turn|1
|
|t:|1659732774
|move|p1a: Landorus|Stealth Rock|p2a: Crown
|-sidestart|p2: LT92PF Eeveectory|move: Stealth Rock
|move|p2a: Crown|Knock Off|p1a: Landorus
|-damage|p1a: Landorus|92/100
|-enditem|p1a: Landorus|Normal Gem|[from] move: Knock Off|[of] p2a: Crown
|
|upkeep
|turn|2
|
|t:|1659732778
|move|p1a: Landorus|Earthquake|p2a: Crown
|-supereffective|p2a: Crown
|-damage|p2a: Crown|39/100
|move|p2a: Crown|Scald|p1a: Landorus
|-supereffective|p1a: Landorus
|-damage|p1a: Landorus|65/100
|
|upkeep
|turn|3
|
|t:|1659732781
|switch|p2a: Yakor|Dhelmise|100/100
|-damage|p2a: Yakor|88/100|[from] Stealth Rock
|move|p1a: Landorus|U-turn|p2a: Yakor
|-damage|p2a: Yakor|70/100
|
|t:|1659732788
|switch|p1a: Weavile|Weavile, M|100/100|[from]move: U-turn
|-ability|p1a: Weavile|Pressure
|
|-heal|p2a: Yakor|76/100|[from] item: Leftovers
|upkeep
|turn|4
|
|t:|1659732791
|switch|p2a: Crown|Toxapex, M|73/100
|-damage|p2a: Crown|60/100|[from] Stealth Rock
|move|p1a: Weavile|Beat Up|p2a: Crown
|-damage|p2a: Crown|51/100
|-damage|p2a: Crown|45/100
|-damage|p2a: Crown|39/100
|-damage|p2a: Crown|30/100
|-damage|p2a: Crown|20/100
|-damage|p2a: Crown|10/100
|-hitcount|p2a: Crown|6
|
|upkeep
|turn|5
|
|t:|1659732795
|switch|p2a: Smogon?|Weezing-Galar, M|100/100
|-damage|p2a: Smogon?|88/100|[from] Stealth Rock
|move|p1a: Weavile|Beat Up|p2a: Smogon?
|-resisted|p2a: Smogon?
|-damage|p2a: Smogon?|84/100
|-resisted|p2a: Smogon?
|-damage|p2a: Smogon?|80/100
|-resisted|p2a: Smogon?
|-damage|p2a: Smogon?|76/100
|-resisted|p2a: Smogon?
|-damage|p2a: Smogon?|72/100
|-resisted|p2a: Smogon?
|-damage|p2a: Smogon?|67/100
|-resisted|p2a: Smogon?
|-damage|p2a: Smogon?|63/100
|-hitcount|p2a: Smogon?|6
|
|-heal|p2a: Smogon?|69/100|[from] item: Black Sludge
|upkeep
|turn|6
|
|t:|1659732805
|switch|p1a: Volcanion|Volcanion|100/100
|move|p2a: Smogon?|Pain Split|p1a: Volcanion
|-sethp|p1a: Volcanion|88/100|[from] move: Pain Split|[silent]
|-sethp|p2a: Smogon?|80/100|[from] move: Pain Split
|
|-heal|p2a: Smogon?|86/100|[from] item: Black Sludge
|upkeep
|turn|7
|
|t:|1659732808
|switch|p1a: Weavile|Weavile, M|100/100
|-ability|p1a: Weavile|Pressure
|switch|p2a: Baboso|Gastrodon-East, M, shiny|100/100
|-damage|p2a: Baboso|94/100|[from] Stealth Rock
|
|-heal|p2a: Baboso|100/100|[from] item: Leftovers
|upkeep
|turn|8
|
|t:|1659732811
|switch|p2a: Smogon?|Weezing-Galar, M|86/100
|-damage|p2a: Smogon?|73/100|[from] Stealth Rock
|move|p1a: Weavile|Triple Axel|p2a: Smogon?
|-damage|p2a: Smogon?|62/100
|-damage|p2a: Smogon?|41/100
|-damage|p2a: Smogon?|9/100
|-hitcount|p2a: Smogon?|3
|
|-heal|p2a: Smogon?|15/100|[from] item: Black Sludge
|upkeep
|turn|9
|
|t:|1659732816
|switch|p2a: Crown|Toxapex, M|44/100
|-damage|p2a: Crown|31/100|[from] Stealth Rock
|move|p1a: Weavile|Triple Axel|p2a: Crown
|-resisted|p2a: Crown
|-damage|p2a: Crown|26/100
|-damage|p1a: Weavile|84/100|[from] item: Rocky Helmet|[of] p2a: Crown
|-resisted|p2a: Crown
|-damage|p2a: Crown|17/100
|-damage|p1a: Weavile|68/100|[from] item: Rocky Helmet|[of] p2a: Crown
|-resisted|p2a: Crown
|-damage|p2a: Crown|3/100
|-damage|p1a: Weavile|51/100|[from] item: Rocky Helmet|[of] p2a: Crown
|-hitcount|p2a: Crown|3
|
|upkeep
|turn|10
|
|t:|1659732822
|switch|p1a: Volcanion|Volcanion|88/100
|switch|p2a: Zapdosorio|Zapdos|100/100
|-ability|p2a: Zapdosorio|Pressure
|
|upkeep
|turn|11
|
|t:|1659732827
|move|p2a: Zapdosorio|Defog|p1a: Volcanion
|-unboost|p1a: Volcanion|evasion|1
|-sideend|p2: LT92PF Eeveectory|Stealth Rock|[from] move: Defog|[of] p2a: Zapdosorio
|move|p1a: Volcanion|Flamethrower|p2a: Zapdosorio
|-damage|p2a: Zapdosorio|24/100
|
|upkeep
|turn|12
|
|t:|1659732831
|switch|p2a: Baboso|Gastrodon-East, M, shiny|100/100
|switch|p1a: Weavile|Weavile, M|51/100
|-ability|p1a: Weavile|Pressure
|
|upkeep
|turn|13
|
|t:|1659732838
|move|p1a: Weavile|Beat Up|p2a: Baboso
|-damage|p2a: Baboso|85/100
|-damage|p2a: Baboso|74/100
|-damage|p2a: Baboso|63/100
|-damage|p2a: Baboso|50/100
|-damage|p2a: Baboso|34/100
|-damage|p2a: Baboso|17/100
|-hitcount|p2a: Baboso|6
|move|p2a: Baboso|Recover|p2a: Baboso
|-heal|p2a: Baboso|67/100
|
|-heal|p2a: Baboso|74/100|[from] item: Leftovers
|upkeep
|turn|14
|
|t:|1659732844
|switch|p2a: Crow of Judgement|Corviknight, M|100/100
|-ability|p2a: Crow of Judgement|Pressure
|move|p1a: Weavile|Beat Up|p2a: Crow of Judgement
|-damage|p2a: Crow of Judgement|89/100
|-damage|p2a: Crow of Judgement|81/100
|-damage|p2a: Crow of Judgement|71/100
|-damage|p2a: Crow of Judgement|61/100
|-damage|p2a: Crow of Judgement|49/100
|-damage|p2a: Crow of Judgement|37/100
|-hitcount|p2a: Crow of Judgement|6
|
|-heal|p2a: Crow of Judgement|43/100|[from] item: Leftovers
|upkeep
|turn|15
|j| LT92PF Ash
|
|t:|1659732847
|switch|p2a: Zapdosorio|Zapdos|24/100
|-ability|p2a: Zapdosorio|Pressure
|move|p1a: Weavile|Beat Up|p2a: Zapdosorio
|-damage|p2a: Zapdosorio|15/100
|-damage|p2a: Zapdosorio|8/100
|-damage|p2a: Zapdosorio|0 fnt
|faint|p2a: Zapdosorio
|-hitcount|p2: Zapdosorio|3
|
|upkeep
|-message|LT92PF Eeveectory forfeited.
|
|win|noudle soop
|raw|noudle soop's rating: 1856 &rarr; <strong>1876</strong><br />(+20 for winning)
|raw|LT92PF Eeveectory's rating: 1849 &rarr; <strong>1829</strong><br />(-20 for losing)
|l|☆LT92PF Eeveectory
|c|☆noudle soop|gg
|l| LT92PF Ash
