|j|☆X-Wing Fighter
|j|☆PortugalTheDude
|t:|1606928648
|player|p1|X-Wing Fighter|hilbert|
|player|p2|PortugalTheDude|alder|
|teamsize|p1|6
|teamsize|p2|6
|gametype|singles
|gen|8
|tier|[Gen 8] OU
|rated|Tournament battle
|clearpoke
|poke|p1|Magearna|
|poke|p1|Slowking, M|
|poke|p1|Urshifu-*, F|
|poke|p1|Cinderace, M|
|poke|p1|Garchomp, F|
|poke|p1|Zapdos|
|poke|p2|Slowking-Galar, F|
|poke|p2|Mandibuzz, F|
|poke|p2|Swampert, M|
|poke|p2|Cinderace, F|
|poke|p2|Urshifu-*, F|
|poke|p2|Latios, M|
|rule|Sleep Clause Mod: Limit one foe put to sleep
|rule|Species Clause: Limit one of each Pokémon
|rule|OHKO Clause: OHKO moves are banned
|rule|Evasion Moves Clause: Evasion moves are banned
|rule|Endless Battle Clause: Forcing endless battles is banned
|rule|HP Percentage Mod: HP is shown in percentages
|rule|Dynamax Clause: You cannot dynamax
|teampreview
|inactive|Battle timer is ON: inactive players will automatically lose when time's up. (requested by X-Wing Fighter)
|c|☆PortugalTheDude|hf
|j| Iluvmagikarp
|j| AquaVanilla
|j| kisian
|c|☆X-Wing Fighter|u2 man
|j| Chris918
|j| Baby G0AT 360
|c|☆PortugalTheDude|thanks :)
|j| Spirit Slicer
|c|☆X-Wing Fighter|im sure u know most of my sets from scouting by now
|j| Reach The Horizon
|j| KentonUlm
|inactive|X-Wing Fighter has 120 seconds left.
|c| Spirit Slicer|can u shut up
|inactive|PortugalTheDude has 120 seconds left.
|j| Ban the horse (
|c|☆PortugalTheDude|Just the tank chomp
|j| tha rona
|c| Spirit Slicer|X-Wing Fighter are u that guy
|c| Chris918|oh no the rona is here
|c|☆PortugalTheDude|I finished my bracket side like 15 minutes ago
|c| Spirit Slicer|james charles
|
|t:|1606928708
|start
|switch|p1a: Urshifu|Urshifu, F|100/100
|switch|p2a: Latios|Latios, M|100/100
|turn|1
|
|t:|1606928714
|switch|p2a: Mandibuzz|Mandibuzz, F|100/100
|move|p1a: Urshifu|Sucker Punch||[still]
|-fail|p1a: Urshifu
|
|upkeep
|turn|2
|
|t:|1606928718
|switch|p1a: Magearna|Magearna|100/100
|move|p2a: Mandibuzz|U-turn|p1a: Magearna
|-resisted|p1a: Magearna
|-damage|p1a: Magearna|98/100
|
|t:|1606928731
|switch|p2a: Cinderace|Cinderace, F|100/100|[from]move: U-turn
|
|upkeep
|turn|3
|
|t:|1606928746
|switch|p2a: Slowking|Slowking-Galar, F|100/100
|switch|p1a: Garchomp|Garchomp, F|100/100
|
|upkeep
|turn|4
|
|t:|1606928752
|switch|p2a: Swampert|Swampert, M|100/100
|move|p1a: Garchomp|Earthquake|p2a: Swampert
|-damage|p2a: Swampert|73/100
|
|-heal|p2a: Swampert|79/100|[from] item: Leftovers
|upkeep
|turn|5
|
|t:|1606928754
|move|p1a: Garchomp|Toxic|p2a: Swampert
|-status|p2a: Swampert|tox
|move|p2a: Swampert|Toxic|p1a: Garchomp
|-status|p1a: Garchomp|tox
|
|-heal|p2a: Swampert|85/100 tox|[from] item: Leftovers
|-damage|p1a: Garchomp|94/100 tox|[from] psn
|-damage|p2a: Swampert|79/100 tox|[from] psn
|upkeep
|turn|6
|
|t:|1606928758
|move|p1a: Garchomp|Stealth Rock|p2a: Swampert
|-sidestart|p2: PortugalTheDude|move: Stealth Rock
|move|p2a: Swampert|Stealth Rock|p1a: Garchomp
|-sidestart|p1: X-Wing Fighter|move: Stealth Rock
|
|-heal|p2a: Swampert|85/100 tox|[from] item: Leftovers
|-damage|p1a: Garchomp|82/100 tox|[from] psn
|-damage|p2a: Swampert|73/100 tox|[from] psn
|upkeep
|turn|7
|
|t:|1606928765
|switch|p2a: Latios|Latios, M|100/100
|-damage|p2a: Latios|88/100|[from] Stealth Rock
|move|p1a: Garchomp|Toxic|p2a: Latios
|-status|p2a: Latios|tox
|
|-damage|p2a: Latios|82/100 tox|[from] psn
|-damage|p1a: Garchomp|63/100 tox|[from] psn
|upkeep
|turn|8
|
|t:|1606928773
|switch|p2a: Cinderace|Cinderace, F|100/100
|switch|p1a: Magearna|Magearna|98/100
|-damage|p1a: Magearna|92/100|[from] Stealth Rock
|
|upkeep
|turn|9
|
|t:|1606928781
|switch|p1a: Garchomp|Garchomp, F|63/100 tox
|-damage|p1a: Garchomp|57/100 tox|[from] Stealth Rock
|move|p2a: Cinderace|Pyro Ball|p1a: Garchomp
|-resisted|p1a: Garchomp
|-damage|p1a: Garchomp|35/100 tox
|
|-damage|p1a: Garchomp|29/100 tox|[from] psn
|upkeep
|turn|10
|
|t:|1606928788
|move|p2a: Cinderace|High Jump Kick|p1a: Garchomp
|-start|p2a: Cinderace|typechange|Fighting|[from] ability: Libero
|-damage|p1a: Garchomp|0 fnt
|-damage|p2a: Cinderace|88/100|[from] ability: Rough Skin|[of] p1a: Garchomp
|-damage|p2a: Cinderace|72/100|[from] item: Rocky Helmet|[of] p1a: Garchomp
|faint|p1a: Garchomp
|
|upkeep
|
|t:|1606928795
|switch|p1a: Slowking|Slowking, M|100/100
|turn|11
|
|t:|1606928797
|move|p2a: Cinderace|U-turn|p1a: Slowking
|-start|p2a: Cinderace|typechange|Bug|[from] ability: Libero
|-supereffective|p1a: Slowking
|-damage|p1a: Slowking|48/100
|
|t:|1606928800
|switch|p2a: Slowking|Slowking-Galar, F|100/100|[from]move: U-turn
|-damage|p2a: Slowking|88/100|[from] Stealth Rock
|move|p1a: Slowking|Teleport|p1a: Slowking
|
|t:|1606928807
|switch|p1a: Urshifu|Urshifu, F|100/100|[from]move: Teleport
|-damage|p1a: Urshifu|94/100|[from] Stealth Rock
|
|upkeep
|turn|12
|
|t:|1606928813
|switch|p2a: Latios|Latios, M|82/100 tox
|-damage|p2a: Latios|70/100 tox|[from] Stealth Rock
|move|p1a: Urshifu|Close Combat|p2a: Latios
|-resisted|p2a: Latios
|-damage|p2a: Latios|10/100 tox
|-unboost|p1a: Urshifu|def|1
|-unboost|p1a: Urshifu|spd|1
|
|-damage|p2a: Latios|4/100 tox|[from] psn
|upkeep
|turn|13
|j| goblinguy421
|j| ChrisUchiha
|
|t:|1606928823
|switch|p1a: Slowking|Slowking, M|81/100
|move|p2a: Latios|Draco Meteor|p1a: Slowking
|-damage|p1a: Slowking|7/100
|-unboost|p2a: Latios|spa|2
|
|-damage|p2a: Latios|0 fnt|[from] psn
|faint|p2a: Latios
|upkeep
|
|t:|1606928828
|switch|p2a: Cinderace|Cinderace, F|72/100
|turn|14
|
|t:|1606928835
|switch|p1a: Zapdos|Zapdos|100/100
|move|p2a: Cinderace|Pyro Ball|p1a: Zapdos
|-damage|p1a: Zapdos|54/100
|
|upkeep
|turn|15
|
|t:|1606928839
|move|p2a: Cinderace|Gunk Shot|p1a: Zapdos
|-start|p2a: Cinderace|typechange|Poison|[from] ability: Libero
|-damage|p1a: Zapdos|8/100
|move|p1a: Zapdos|Roost|p1a: Zapdos
|-heal|p1a: Zapdos|58/100
|-singleturn|p1a: Zapdos|move: Roost
|
|upkeep
|turn|16
|
|t:|1606928845
|switch|p2a: Slowking|Slowking-Galar, F|100/100
|-damage|p2a: Slowking|88/100|[from] Stealth Rock
|move|p1a: Zapdos|Roost|p1a: Zapdos
|-heal|p1a: Zapdos|100/100
|-singleturn|p1a: Zapdos|move: Roost
|
|upkeep
|turn|17
|j| GetFxcked
|
|t:|1606928852
|move|p1a: Zapdos|Volt Switch|p2a: Slowking
|-damage|p2a: Slowking|76/100
|
|t:|1606928856
|switch|p1a: Slowking|Slowking, M|40/100|[from]move: Volt Switch
|move|p2a: Slowking|Sludge Bomb|p1a: Slowking
|-damage|p1a: Slowking|14/100
|-status|p1a: Slowking|psn
|
|-damage|p1a: Slowking|2/100 psn|[from] psn
|upkeep
|turn|18
|
|t:|1606928866
|move|p2a: Slowking|Flamethrower|p1a: Slowking
|-resisted|p1a: Slowking
|-damage|p1a: Slowking|0 fnt
|faint|p1a: Slowking
|
|upkeep
|
|t:|1606928868
|switch|p1a: Urshifu|Urshifu, F|94/100
|-damage|p1a: Urshifu|88/100|[from] Stealth Rock
|turn|19
|
|t:|1606928874
|switch|p2a: Mandibuzz|Mandibuzz, F|100/100
|move|p1a: Urshifu|Wicked Blow|p2a: Mandibuzz
|-resisted|p2a: Mandibuzz
|-crit|p2a: Mandibuzz
|-damage|p2a: Mandibuzz|75/100
|
|upkeep
|turn|20
|c| Reach The Horizon|galarking is just amazeballs rn
|
|t:|1606928883
|switch|p1a: Zapdos|Zapdos|100/100
|move|p2a: Mandibuzz|Defog|p1a: Zapdos
|-unboost|p1a: Zapdos|evasion|1
|-sideend|p1: X-Wing Fighter|Stealth Rock|[from] move: Defog|[of] p2a: Mandibuzz
|-sideend|p2: PortugalTheDude|Stealth Rock|[from] move: Defog|[of] p2a: Mandibuzz
|
|upkeep
|turn|21
|
|t:|1606928889
|switch|p2a: Swampert|Swampert, M|73/100 tox
|move|p1a: Zapdos|Hurricane|p2a: Swampert
|-damage|p2a: Swampert|30/100 tox
|
|-heal|p2a: Swampert|36/100 tox|[from] item: Leftovers
|-damage|p2a: Swampert|30/100 tox|[from] psn
|upkeep
|turn|22
|
|t:|1606928893
|move|p1a: Zapdos|Hurricane|p2a: Swampert|[miss]
|-miss|p1a: Zapdos|p2a: Swampert
|move|p2a: Swampert|Stealth Rock|p1a: Zapdos
|-sidestart|p1: X-Wing Fighter|move: Stealth Rock
|
|-heal|p2a: Swampert|36/100 tox|[from] item: Leftovers
|-damage|p2a: Swampert|24/100 tox|[from] psn
|upkeep
|turn|23
|c|☆PortugalTheDude|sorry
|
|t:|1606928899
|move|p1a: Zapdos|Hurricane|p2a: Swampert
|-damage|p2a: Swampert|0 fnt
|faint|p2a: Swampert
|
|upkeep
|c|☆X-Wing Fighter|no worries
|
|t:|1606928902
|switch|p2a: Slowking|Slowking-Galar, F|100/100
|turn|24
|
|t:|1606928927
|move|p1a: Zapdos|Hurricane|p2a: Slowking
|-damage|p2a: Slowking|78/100
|move|p2a: Slowking|Future Sight|p1a: Zapdos
|-start|p2a: Slowking|move: Future Sight
|
|upkeep
|turn|25
|
|t:|1606928941
|switch|p1a: Magearna|Magearna|92/100
|-damage|p1a: Magearna|86/100|[from] Stealth Rock
|move|p2a: Slowking|Flamethrower|p1a: Magearna
|-supereffective|p1a: Magearna
|-damage|p1a: Magearna|36/100
|
|upkeep
|turn|26
|
|t:|1606928954
|move|p1a: Magearna|Volt Switch|p2a: Slowking
|-damage|p2a: Slowking|66/100
|
|t:|1606928957
|switch|p1a: Urshifu|Urshifu, F|88/100|[from]move: Volt Switch
|-damage|p1a: Urshifu|82/100|[from] Stealth Rock
|move|p2a: Slowking|Flamethrower|p1a: Urshifu
|-damage|p1a: Urshifu|44/100
|
|-end|p1a: Urshifu|move: Future Sight
|-immune|p1a: Urshifu
|upkeep
|turn|27
|
|t:|1606928975
|switch|p2a: Cinderace|Cinderace, F|72/100
|move|p1a: Urshifu|Close Combat|p2a: Cinderace
|-damage|p2a: Cinderace|0 fnt
|-unboost|p1a: Urshifu|def|1
|-unboost|p1a: Urshifu|spd|1
|faint|p2a: Cinderace
|
|upkeep
|
|t:|1606928978
|switch|p2a: Slowking|Slowking-Galar, F|99/100
|turn|28
|
|t:|1606928990
|switch|p1a: Magearna|Magearna|36/100
|-damage|p1a: Magearna|30/100|[from] Stealth Rock
|move|p2a: Slowking|Future Sight|p1a: Magearna
|-start|p2a: Slowking|move: Future Sight
|
|upkeep
|turn|29
|
|t:|1606928997
|move|p1a: Magearna|Volt Switch|p2a: Slowking
|-damage|p2a: Slowking|88/100
|
|t:|1606928999
|switch|p1a: Cinderace|Cinderace, M|100/100|[from]move: Volt Switch
|move|p2a: Slowking|Flamethrower|p1a: Cinderace
|-resisted|p1a: Cinderace
|-damage|p1a: Cinderace|84/100
|
|upkeep
|turn|30
|j| AlZev2002
|
|t:|1606929014
|move|p1a: Cinderace|Sucker Punch|p2a: Slowking
|-start|p1a: Cinderace|typechange|Dark|[from] ability: Libero
|-supereffective|p2a: Slowking
|-damage|p2a: Slowking|17/100
|move|p2a: Slowking|Sludge Bomb|p1a: Cinderace
|-damage|p1a: Cinderace|28/100
|
|-end|p1a: Cinderace|move: Future Sight
|-immune|p1a: Cinderace
|upkeep
|turn|31
|
|t:|1606929027
|switch|p2a: Mandibuzz|Mandibuzz, F|75/100
|move|p1a: Cinderace|Pyro Ball|p2a: Mandibuzz
|-start|p1a: Cinderace|typechange|Fire|[from] ability: Libero
|-crit|p2a: Mandibuzz
|-damage|p2a: Mandibuzz|29/100
|
|upkeep
|turn|32
|
|t:|1606929039
|move|p1a: Cinderace|High Jump Kick|p2a: Mandibuzz|[miss]
|-start|p1a: Cinderace|typechange|Fighting|[from] ability: Libero
|-miss|p1a: Cinderace|p2a: Mandibuzz
|-damage|p1a: Cinderace|0 fnt|[from] highjumpkick
|faint|p1a: Cinderace
|move|p2a: Mandibuzz|Roost|p2a: Mandibuzz
|-heal|p2a: Mandibuzz|79/100
|-singleturn|p2a: Mandibuzz|move: Roost
|
|upkeep
|c|☆X-Wing Fighter|F
|c|☆PortugalTheDude|crit put you in that position
|c|☆PortugalTheDude|but yeah
|c| Reach The Horizon|you got this bro
|inactive|X-Wing Fighter has 120 seconds left.
|
|t:|1606929080
|switch|p1a: Zapdos|Zapdos|100/100
|turn|33
|c| Spirit Slicer|ur gonna wanna go zapdos here
|c| Spirit Slicer|good
|j| fiygh
|
|t:|1606929093
|move|p1a: Zapdos|Volt Switch|p2a: Mandibuzz
|-supereffective|p2a: Mandibuzz
|-damage|p2a: Mandibuzz|31/100
|
|t:|1606929097
|switch|p1a: Magearna|Magearna|30/100|[from]move: Volt Switch
|-damage|p1a: Magearna|24/100|[from] Stealth Rock
|move|p2a: Mandibuzz|Roost|p2a: Mandibuzz
|-heal|p2a: Mandibuzz|81/100
|-singleturn|p2a: Mandibuzz|move: Roost
|
|upkeep
|turn|34
|
|t:|1606929104
|switch|p2a: Slowking|Slowking-Galar, F|50/100
|move|p1a: Magearna|Volt Switch|p2a: Slowking
|-damage|p2a: Slowking|38/100
|
|t:|1606929106
|switch|p1a: Urshifu|Urshifu, F|44/100|[from]move: Volt Switch
|-damage|p1a: Urshifu|37/100|[from] Stealth Rock
|
|upkeep
|turn|35
|
|t:|1606929111
|switch|p2a: Mandibuzz|Mandibuzz, F|81/100
|move|p1a: Urshifu|Wicked Blow|p2a: Mandibuzz
|-resisted|p2a: Mandibuzz
|-crit|p2a: Mandibuzz
|-damage|p2a: Mandibuzz|54/100
|
|upkeep
|turn|36
|
|t:|1606929120
|switch|p1a: Zapdos|Zapdos|100/100
|move|p2a: Mandibuzz|Roost|p2a: Mandibuzz
|-heal|p2a: Mandibuzz|100/100
|-singleturn|p2a: Mandibuzz|move: Roost
|
|upkeep
|turn|37
|
|t:|1606929126
|switch|p2a: Slowking|Slowking-Galar, F|71/100
|move|p1a: Zapdos|Hurricane|p2a: Slowking
|-damage|p2a: Slowking|50/100
|
|upkeep
|turn|38
|j| Zak Infurnus
|
|t:|1606929143
|move|p1a: Zapdos|Volt Switch|p2a: Slowking
|-damage|p2a: Slowking|37/100
|
|t:|1606929145
|switch|p1a: Urshifu|Urshifu, F|37/100|[from]move: Volt Switch
|-damage|p1a: Urshifu|31/100|[from] Stealth Rock
|move|p2a: Slowking|Sludge Bomb|p1a: Urshifu
|-damage|p1a: Urshifu|0 fnt
|faint|p1a: Urshifu
|
|upkeep
|c|☆X-Wing Fighter|i think thats game
|c| Spirit Slicer|ok den
|c| fiygh|g
|c| Spirit Slicer|nah u can still win
|c| Reach The Horizon|gg
|c|☆X-Wing Fighter|i missed the hjk
|c| Spirit Slicer|just rewind time
|inactive|X-Wing Fighter has 120 seconds left.
|c| Spirit Slicer|and go magearna
|c|☆PortugalTheDude|you had to stay in there
|c| Spirit Slicer|instead of urshifu
|
|t:|1606929183
|switch|p1a: Magearna|Magearna|24/100
|-damage|p1a: Magearna|18/100|[from] Stealth Rock
|turn|39
|c|☆PortugalTheDude|long term zap wins against slowking
|
|t:|1606929190
|switch|p2a: Mandibuzz|Mandibuzz, F|100/100
|move|p1a: Magearna|Trick|p2a: Mandibuzz
|-activate|p1a: Magearna|move: Trick|[of] p2a: Mandibuzz
|-item|p2a: Mandibuzz|Choice Scarf|[from] move: Trick
|-item|p1a: Magearna|Heavy-Duty Boots|[from] move: Trick
|
|upkeep
|turn|40
|c| Spirit Slicer|r u assvest king
|
|t:|1606929200
|move|p2a: Mandibuzz|U-turn|p1a: Magearna
|-resisted|p1a: Magearna
|-damage|p1a: Magearna|15/100
|
|t:|1606929205
|switch|p2a: Slowking|Slowking-Galar, F|71/100|[from]move: U-turn
|move|p1a: Magearna|Fleur Cannon|p2a: Slowking
|-resisted|p2a: Slowking
|-damage|p2a: Slowking|54/100
|-unboost|p1a: Magearna|spa|2
|
|upkeep
|turn|41
|
|t:|1606929208
|move|p1a: Magearna|Trick|p2a: Slowking
|-activate|p1a: Magearna|move: Trick|[of] p2a: Slowking
|-item|p2a: Slowking|Heavy-Duty Boots|[from] move: Trick
|-item|p1a: Magearna|Assault Vest|[from] move: Trick
|move|p2a: Slowking|Flamethrower|p1a: Magearna
|-supereffective|p1a: Magearna
|-damage|p1a: Magearna|0 fnt
|faint|p1a: Magearna
|
|upkeep
|c| Spirit Slicer|yeah
|
|t:|1606929213
|switch|p1a: Zapdos|Zapdos|100/100
|turn|42
|c| Spirit Slicer|whack
|
|t:|1606929224
|switch|p2a: Mandibuzz|Mandibuzz, F|100/100
|move|p1a: Zapdos|Hurricane|p2a: Mandibuzz
|-damage|p2a: Mandibuzz|60/100
|
|upkeep
|turn|43
|c|☆X-Wing Fighter|hes gonna pp stall me
|
|t:|1606929239
|move|p2a: Mandibuzz|Roost|p2a: Mandibuzz
|-heal|p2a: Mandibuzz|100/100
|-singleturn|p2a: Mandibuzz|move: Roost
|move|p1a: Zapdos|Volt Switch|p2a: Mandibuzz
|-damage|p2a: Mandibuzz|76/100
|
|upkeep
|turn|44
|c|☆PortugalTheDude|yap
|
|t:|1606929246
|switch|p2a: Slowking|Slowking-Galar, F|87/100
|move|p1a: Zapdos|Defog|p2a: Slowking
|-unboost|p2a: Slowking|evasion|1
|-sideend|p1: X-Wing Fighter|Stealth Rock|[from] move: Defog|[of] p1a: Zapdos
|
|upkeep
|turn|45
|c| Spirit Slicer|gg
|c|☆X-Wing Fighter|yeah i cant do much here
|c|☆PortugalTheDude|gg
|c|☆X-Wing Fighter|gg
|c|☆PortugalTheDude|sorry about hjk miss
|c|☆PortugalTheDude|that sucked
|-message|X-Wing Fighter forfeited.
|
|win|PortugalTheDude
|n|☆X-Wing Fighter|xwingfighter
|n|☆PortugalTheDude|portugalthedude
|n| Iluvmagikarp|iluvmagikarp
|n| AquaVanilla|aquavanilla
|n| kisian|kisian
|n| Chris918|chris918
|n| Baby G0AT 360|babyg0at360
|n| Spirit Slicer|spiritslicer
|n| Reach The Horizon|reachthehorizon
|n| KentonUlm|kentonulm
|n| Ban the horse (|banthehorse
|n| tha rona|tharona
|n| goblinguy421|goblinguy421
|n| ChrisUchiha|chrisuchiha
|n| GetFxcked|getfxcked
|n| AlZev2002|alzev2002
|n| fiygh|fiygh
|n| Zak Infurnus|zakinfurnus
