|j|☆merossut21
|j|☆soap776
|player|p1|merossut21|kukui-stand|1315
|player|p2|soap776|162|1272
|teamsize|p1|6
|teamsize|p2|6
|gametype|singles
|gen|8
|tier|[Gen 8] OU
|rated|
|clearpoke
|poke|p1|Hatterene, F|
|poke|p1|Marowak-Alola, M|
|poke|p1|Magearna|
|poke|p1|Wishiwashi, M|
|poke|p1|Porygon2|
|poke|p1|Lurantis, F|
|poke|p2|Cinderace, F|
|poke|p2|Hippowdon, M|
|poke|p2|Rillaboom, F|
|poke|p2|Hawlucha, M|
|poke|p2|Magearna-Original|
|poke|p2|Keldeo-Resolute|
|rule|Sleep Clause Mod: Limit one foe put to sleep
|rule|Species Clause: Limit one of each Pokémon
|rule|OHKO Clause: OHKO moves are banned
|rule|Evasion Moves Clause: Evasion moves are banned
|rule|Endless Battle Clause: Forcing endless battles is banned
|rule|HP Percentage Mod: HP is shown in percentages
|rule|Dynamax Clause: You cannot dynamax
|teampreview
|
|start
|switch|p1a: Hatterene|Hatterene, F|100/100
|switch|p2a: Cinderace|Cinderace, F|100/100
|turn|1
|
|move|p2a: Cinderace|U-turn|p1a: Hatterene
|-start|p2a: Cinderace|typechange|Bug|[from] ability: Libero
|-damage|p1a: Hatterene|39/100
|
|switch|p2a: Magearna|Magearna-Original|100/100|[from]move: U-turn
|move|p1a: Hatterene|Trick Room|p1a: Hatterene
|-fieldstart|move: Trick Room|[of] p1a: Hatterene
|
|upkeep
|turn|2
|
|move|p1a: Hatterene|Healing Wish|p1a: Hatterene
|faint|p1a: Hatterene
|-ability|p2a: Magearna|Soul-Heart|boost
|-boost|p2a: Magearna|spa|1
|move|p2a: Magearna|Iron Head|p1: Hatterene|[notarget]
|-fail|p2a: Magearna
|
|upkeep
|
|switch|p1a: Marowak|Marowak-Alola, M|100/100
|turn|3
|
|move|p1a: Marowak|Flare Blitz|p2a: Magearna
|-supereffective|p2a: Magearna
|-damage|p2a: Magearna|0 fnt
|faint|p2a: Magearna
|
|upkeep
|
|switch|p2a: Hippowdon|Hippowdon, M|100/100
|-weather|Sandstorm|[from] ability: Sand Stream|[of] p2a: Hippowdon
|turn|4
|
|move|p1a: Marowak|Flare Blitz|p2a: Hippowdon
|-damage|p2a: Hippowdon|51/100
|-status|p2a: Hippowdon|brn
|move|p2a: Hippowdon|Earthquake|p1a: Marowak
|-supereffective|p1a: Marowak
|-damage|p1a: Marowak|61/100
|
|-weather|Sandstorm|[upkeep]
|-damage|p1a: Marowak|55/100|[from] Sandstorm
|-heal|p2a: Hippowdon|57/100 brn|[from] item: Leftovers
|-damage|p2a: Hippowdon|51/100 brn|[from] brn
|upkeep
|turn|5
|
|move|p1a: Marowak|Flare Blitz|p2a: Hippowdon
|-damage|p2a: Hippowdon|0 fnt
|faint|p2a: Hippowdon
|
|-weather|Sandstorm|[upkeep]
|-damage|p1a: Marowak|49/100|[from] Sandstorm
|-fieldend|move: Trick Room
|upkeep
|-message|soap776 forfeited.
|
|win|merossut21
|l|☆soap776
||Ladder (probably) updated, but score could not be retrieved (Request timeout).
