|j|☆NoEloHell
|j|☆Candice
|t:|1646977361
|gametype|singles
|player|p1|NoEloHell|dawn|1417
|player|p2|Candice|madame-gen4dp|1476
|teamsize|p1|6
|teamsize|p2|6
|gen|8
|tier|[Gen 8] OU
|rated|
|rule|Sleep Clause Mod: Limit one foe put to sleep
|rule|Species Clause: Limit one of each Pokémon
|rule|OHKO Clause: OHKO moves are banned
|rule|Evasion Moves Clause: Evasion moves are banned
|rule|Endless Battle Clause: Forcing endless battles is banned
|rule|HP Percentage Mod: HP is shown in percentages
|rule|Dynamax Clause: You cannot dynamax
|clearpoke
|poke|p1|Nidoking, M|
|poke|p1|Slowking, M|
|poke|p1|Zeraora|
|poke|p1|Heatran, M|
|poke|p1|Rillaboom, M|
|poke|p1|Mandibuzz, F|
|poke|p2|Pelipper, F|
|poke|p2|Barraskewda, M|
|poke|p2|Moltres|
|poke|p2|Heliolisk, F|
|poke|p2|Seismitoad, F|
|poke|p2|Ferrothorn, F|
|teampreview
|inactive|Battle timer is ON: inactive players will automatically lose when time's up. (requested by NoEloHell)
|inactive|Candice has 120 seconds left.
|inactive|NoEloHell has 120 seconds left.
|inactive|Candice has 90 seconds left.
|
|t:|1646977435
|start
|switch|p1a: Voltz|Zeraora|100/100
|switch|p2a: Barraskewda|Barraskewda, M|100/100
|turn|1
|
|t:|1646977439
|move|p1a: Voltz|Plasma Fists|p2a: Barraskewda
|-supereffective|p2a: Barraskewda
|-damage|p2a: Barraskewda|0 fnt
|-fieldactivate|move: Ion Deluge
|-hint|Normal-type moves become Electric-type after using Plasma Fists.
|faint|p2a: Barraskewda
|
|upkeep
|
|t:|1646977445
|switch|p2a: Seismitoad|Seismitoad, F|100/100
|turn|2
|
|t:|1646977449
|switch|p1a: Buzz Diff|Mandibuzz, F|100/100
|move|p2a: Seismitoad|Ice Punch|p1a: Buzz Diff
|-supereffective|p1a: Buzz Diff
|-damage|p1a: Buzz Diff|64/100
|-status|p1a: Buzz Diff|frz
|-damage|p2a: Seismitoad|91/100|[from] item: Life Orb
|
|upkeep
|turn|3
|
|t:|1646977462
|switch|p2a: Pelipper|Pelipper, F|100/100
|-weather|RainDance|[from] ability: Drizzle|[of] p2a: Pelipper
|switch|p1a: Pinkman|Slowking, M|100/100
|
|-weather|RainDance|[upkeep]
|upkeep
|turn|4
|
|t:|1646977466
|move|p2a: Pelipper|U-turn|p1a: Pinkman
|-supereffective|p1a: Pinkman
|-damage|p1a: Pinkman|84/100
|
|t:|1646977470
|switch|p2a: Seismitoad|Seismitoad, F|91/100|[from]move: U-turn
|move|p1a: Pinkman|Teleport|p1a: Pinkman
|
|t:|1646977472
|switch|p1a: Wood Boy|Rillaboom, M|100/100|[from]move: Teleport
|-fieldstart|move: Grassy Terrain|[from] ability: Grassy Surge|[of] p1a: Wood Boy
|
|-weather|RainDance|[upkeep]
|-heal|p2a: Seismitoad|97/100|[from] Grassy Terrain
|upkeep
|turn|5
|
|t:|1646977474
|switch|p2a: Moltres|Moltres|100/100
|-ability|p2a: Moltres|Pressure
|move|p1a: Wood Boy|Grassy Glide|p2a: Moltres
|-resisted|p2a: Moltres
|-damage|p2a: Moltres|78/100
|
|-weather|RainDance|[upkeep]
|upkeep
|turn|6
|
|t:|1646977479
|switch|p1a: Pinkman|Slowking, M|100/100
|move|p2a: Moltres|Hurricane|p1a: Pinkman
|-damage|p1a: Pinkman|68/100
|
|-weather|RainDance|[upkeep]
|-heal|p1a: Pinkman|74/100|[from] Grassy Terrain
|upkeep
|turn|7
|
|t:|1646977484
|switch|p2a: Heliolisk|Heliolisk, F|100/100
|move|p1a: Pinkman|Teleport|p1a: Pinkman
|
|t:|1646977488
|switch|p1a: Wood Boy|Rillaboom, M|100/100|[from]move: Teleport
|
|-weather|RainDance|[upkeep]
|upkeep
|turn|8
|
|t:|1646977493
|switch|p2a: Moltres|Moltres|78/100
|-ability|p2a: Moltres|Pressure
|move|p1a: Wood Boy|Grassy Glide|p2a: Moltres
|-resisted|p2a: Moltres
|-damage|p2a: Moltres|57/100
|
|-weather|RainDance|[upkeep]
|-fieldend|move: Grassy Terrain
|upkeep
|turn|9
|
|t:|1646977500
|switch|p1a: Pinkman|Slowking, M|100/100
|move|p2a: Moltres|Roost|p2a: Moltres
|-heal|p2a: Moltres|100/100
|-singleturn|p2a: Moltres|move: Roost
|
|-weather|RainDance|[upkeep]
|upkeep
|turn|10
|
|t:|1646977510
|switch|p2a: Heliolisk|Heliolisk, F|100/100
|move|p1a: Pinkman|Future Sight|p2a: Heliolisk
|-start|p1a: Pinkman|move: Future Sight
|
|-weather|none
|upkeep
|turn|11
|
|t:|1646977522
|switch|p1a: Buzz Diff|Mandibuzz, F|64/100 frz
|move|p2a: Heliolisk|Volt Switch|p1a: Buzz Diff
|-supereffective|p1a: Buzz Diff
|-damage|p1a: Buzz Diff|3/100 frz
|-damage|p2a: Heliolisk|91/100|[from] item: Life Orb
|
|t:|1646977527
|switch|p2a: Pelipper|Pelipper, F|100/100|[from]move: Volt Switch
|-weather|RainDance|[from] ability: Drizzle|[of] p2a: Pelipper
|
|-weather|RainDance|[upkeep]
|upkeep
|turn|12
|
|t:|1646977530
|cant|p1a: Buzz Diff|frz
|move|p2a: Pelipper|U-turn|p1a: Buzz Diff
|-damage|p1a: Buzz Diff|0 fnt
|faint|p1a: Buzz Diff
|
|t:|1646977539
|switch|p2a: Seismitoad|Seismitoad, F|97/100|[from]move: U-turn
|
|-weather|RainDance|[upkeep]
|-end|p2a: Seismitoad|move: Future Sight
|-damage|p2a: Seismitoad|42/100
|upkeep
|
|t:|1646977541
|switch|p1a: Wood Boy|Rillaboom, M|100/100
|-fieldstart|move: Grassy Terrain|[from] ability: Grassy Surge|[of] p1a: Wood Boy
|turn|13
|
|t:|1646977544
|switch|p2a: Moltres|Moltres|100/100
|-ability|p2a: Moltres|Pressure
|move|p1a: Wood Boy|Knock Off|p2a: Moltres
|-damage|p2a: Moltres|36/100
|-enditem|p2a: Moltres|Heavy-Duty Boots|[from] move: Knock Off|[of] p1a: Wood Boy
|
|-weather|RainDance|[upkeep]
|upkeep
|turn|14
|
|t:|1646977548
|switch|p1a: Pinkman|Slowking, M|100/100
|move|p2a: Moltres|Roost|p2a: Moltres
|-heal|p2a: Moltres|86/100
|-singleturn|p2a: Moltres|move: Roost
|
|-weather|RainDance|[upkeep]
|-heal|p2a: Moltres|93/100|[from] Grassy Terrain
|upkeep
|turn|15
|
|t:|1646977556
|switch|p2a: Heliolisk|Heliolisk, F|91/100
|move|p1a: Pinkman|Future Sight|p2a: Heliolisk
|-start|p1a: Pinkman|move: Future Sight
|
|-weather|RainDance|[upkeep]
|-heal|p2a: Heliolisk|100/100|[from] ability: Dry Skin
|upkeep
|turn|16
|
|t:|1646977562
|switch|p1a: The King|Nidoking, M|100/100
|move|p2a: Heliolisk|Surf|p1a: The King
|-supereffective|p1a: The King
|-damage|p1a: The King|0 fnt
|faint|p1a: The King
|-damage|p2a: Heliolisk|91/100|[from] item: Life Orb
|
|-weather|RainDance|[upkeep]
|-heal|p2a: Heliolisk|100/100|[from] ability: Dry Skin
|upkeep
|
|t:|1646977567
|switch|p1a: Wood Boy|Rillaboom, M|100/100
|turn|17
|
|t:|1646977574
|switch|p2a: Ferrothorn|Ferrothorn, F|100/100
|move|p1a: Wood Boy|Grassy Glide|p2a: Ferrothorn
|-resisted|p2a: Ferrothorn
|-damage|p2a: Ferrothorn|86/100
|-damage|p1a: Wood Boy|88/100|[from] ability: Iron Barbs|[of] p2a: Ferrothorn
|
|-weather|RainDance|[upkeep]
|-end|p2a: Ferrothorn|move: Future Sight
|-resisted|p2a: Ferrothorn
|-damage|p2a: Ferrothorn|72/100
|-heal|p1a: Wood Boy|94/100|[from] Grassy Terrain
|-heal|p2a: Ferrothorn|78/100|[from] Grassy Terrain
|-fieldend|move: Grassy Terrain
|upkeep
|turn|18
|
|t:|1646977578
|switch|p1a: Fuming|Heatran, M|100/100
|move|p2a: Ferrothorn|Stealth Rock|p1a: Fuming
|-sidestart|p1: NoEloHell|move: Stealth Rock
|
|-weather|none
|upkeep
|turn|19
|
|t:|1646977581
|switch|p2a: Pelipper|Pelipper, F|100/100
|-weather|RainDance|[from] ability: Drizzle|[of] p2a: Pelipper
|move|p1a: Fuming|Stealth Rock|p2a: Pelipper
|-sidestart|p2: Candice|move: Stealth Rock
|
|-weather|RainDance|[upkeep]
|upkeep
|turn|20
|
|t:|1646977588
|move|p1a: Fuming|Magma Storm|p2a: Pelipper
|-resisted|p2a: Pelipper
|-damage|p2a: Pelipper|87/100
|-activate|p2a: Pelipper|move: Magma Storm|[of] p1a: Fuming
|move|p2a: Pelipper|Scald|p1a: Fuming
|-supereffective|p1a: Fuming
|-damage|p1a: Fuming|54/100
|
|-weather|RainDance|[upkeep]
|-heal|p1a: Fuming|60/100|[from] item: Leftovers
|-damage|p2a: Pelipper|74/100|[from] move: Magma Storm|[partiallytrapped]
|upkeep
|turn|21
|
|t:|1646977595
|move|p1a: Fuming|Taunt|p2a: Pelipper
|-start|p2a: Pelipper|move: Taunt
|move|p2a: Pelipper|Scald|p1a: Fuming
|-supereffective|p1a: Fuming
|-crit|p1a: Fuming
|-damage|p1a: Fuming|0 fnt
|faint|p1a: Fuming
|
|-weather|RainDance|[upkeep]
|-end|p2a: Pelipper|Magma Storm|[partiallytrapped]|[silent]
|upkeep
|
|t:|1646977602
|switch|p1a: Wood Boy|Rillaboom, M|94/100
|-damage|p1a: Wood Boy|82/100|[from] Stealth Rock
|-fieldstart|move: Grassy Terrain|[from] ability: Grassy Surge|[of] p1a: Wood Boy
|turn|22
|
|t:|1646977605
|switch|p1a: Voltz|Zeraora|100/100
|switch|p2a: Ferrothorn|Ferrothorn, F|78/100
|-damage|p2a: Ferrothorn|72/100|[from] Stealth Rock
|
|-weather|RainDance|[upkeep]
|-heal|p2a: Ferrothorn|78/100|[from] Grassy Terrain
|upkeep
|turn|23
|
|t:|1646977614
|switch|p2a: Seismitoad|Seismitoad, F|42/100
|-damage|p2a: Seismitoad|36/100|[from] Stealth Rock
|move|p1a: Voltz|Close Combat|p2a: Seismitoad
|-damage|p2a: Seismitoad|0 fnt
|-unboost|p1a: Voltz|def|1
|-unboost|p1a: Voltz|spd|1
|faint|p2a: Seismitoad
|
|-weather|RainDance|[upkeep]
|upkeep
|
|t:|1646977622
|switch|p2a: Ferrothorn|Ferrothorn, F|78/100
|-damage|p2a: Ferrothorn|72/100|[from] Stealth Rock
|turn|24
|
|t:|1646977633
|switch|p1a: Pinkman|Slowking, M|100/100
|move|p2a: Ferrothorn|Leech Seed|p1a: Pinkman
|-start|p1a: Pinkman|move: Leech Seed
|
|-weather|RainDance|[upkeep]
|-heal|p2a: Ferrothorn|78/100|[from] Grassy Terrain
|-damage|p1a: Pinkman|88/100|[from] Leech Seed|[of] p2a: Ferrothorn
|-heal|p2a: Ferrothorn|92/100|[silent]
|upkeep
|turn|25
|
|t:|1646977642
|move|p2a: Ferrothorn|Power Whip|p1a: Pinkman
|-supereffective|p1a: Pinkman
|-damage|p1a: Pinkman|0 fnt
|faint|p1a: Pinkman
|
|-weather|RainDance|[upkeep]
|-heal|p2a: Ferrothorn|98/100|[from] Grassy Terrain
|upkeep
|inactive|NoEloHell has 120 seconds left.
|
|t:|1646977686
|switch|p1a: Voltz|Zeraora|100/100
|turn|26
|
|t:|1646977689
|move|p1a: Voltz|Bulk Up|p1a: Voltz
|-boost|p1a: Voltz|atk|1
|-boost|p1a: Voltz|def|1
|move|p2a: Ferrothorn|Power Whip|p1a: Voltz
|-damage|p1a: Voltz|57/100
|
|-weather|none
|-heal|p1a: Voltz|63/100|[from] Grassy Terrain
|-heal|p2a: Ferrothorn|100/100|[from] Grassy Terrain
|-fieldend|move: Grassy Terrain
|upkeep
|turn|27
|
|t:|1646977692
|move|p1a: Voltz|Bulk Up|p1a: Voltz
|-boost|p1a: Voltz|atk|1
|-boost|p1a: Voltz|def|1
|move|p2a: Ferrothorn|Leech Seed|p1a: Voltz
|-start|p1a: Voltz|move: Leech Seed
|
|-damage|p1a: Voltz|50/100|[from] Leech Seed|[of] p2a: Ferrothorn
|upkeep
|turn|28
|
|t:|1646977702
|move|p1a: Voltz|Close Combat|p2a: Ferrothorn
|-supereffective|p2a: Ferrothorn
|-enditem|p2a: Ferrothorn|Chople Berry|[eat]
|-enditem|p2a: Ferrothorn|Chople Berry|[weaken]
|-damage|p2a: Ferrothorn|45/100
|-unboost|p1a: Voltz|def|1
|-unboost|p1a: Voltz|spd|1
|-damage|p1a: Voltz|38/100|[from] ability: Iron Barbs|[of] p2a: Ferrothorn
|move|p2a: Ferrothorn|Power Whip|p1a: Voltz
|-damage|p1a: Voltz|5/100
|
|-damage|p1a: Voltz|0 fnt|[from] Leech Seed|[of] p2a: Ferrothorn
|-heal|p2a: Ferrothorn|49/100|[silent]
|faint|p1a: Voltz
|upkeep
|
|t:|1646977705
|switch|p1a: Wood Boy|Rillaboom, M|82/100
|-damage|p1a: Wood Boy|70/100|[from] Stealth Rock
|-fieldstart|move: Grassy Terrain|[from] ability: Grassy Surge|[of] p1a: Wood Boy
|turn|29
|-message|NoEloHell forfeited.
|
|win|Candice
|raw|NoEloHell's rating: 1417 &rarr; <strong>1402</strong><br />(-15 for losing)
|raw|Candice's rating: 1498 &rarr; <strong>1513</strong><br />(+15 for winning)
