|j|☆gurtrant
|j|☆Wade V Roe
|t:|1662428617
|gametype|singles
|player|p1|gurtrant|veteran|1538
|player|p2|Wade V Roe|265|1452
|teamsize|p1|6
|teamsize|p2|6
|gen|8
|tier|[Gen 8] OU
|rated|
|rule|Sleep Clause Mod: Limit one foe put to sleep
|rule|Species Clause: Limit one of each Pokémon
|rule|OHKO Clause: OHKO moves are banned
|rule|Evasion Items Clause: Evasion items are banned
|rule|Evasion Moves Clause: Evasion moves are banned
|rule|Endless Battle Clause: Forcing endless battles is banned
|rule|HP Percentage Mod: HP is shown in percentages
|rule|Dynamax Clause: You cannot dynamax
|clearpoke
|poke|p1|Pelipper, M|
|poke|p1|Heliolisk, M|
|poke|p1|Seismitoad, M|
|poke|p1|Barraskewda, M|
|poke|p1|Ferrothorn, F|
|poke|p1|Zapdos|
|poke|p2|Tapu Fini|
|poke|p2|Polteageist-Antique|
|poke|p2|Kartana|
|poke|p2|Excadrill, M|
|poke|p2|Moltres-Galar|
|poke|p2|Volcarona, F|
|teampreview
|inactive|Battle timer is ON: inactive players will automatically lose when time's up. (requested by gurtrant)
|
|t:|1662428641
|start
|switch|p1a: Pelipper|Pelipper, M|100/100
|switch|p2a: Excadrill|Excadrill, M|100/100
|-ability|p2a: Excadrill|Mold Breaker
|-weather|RainDance|[from] ability: Drizzle|[of] p1a: Pelipper
|turn|1
|
|t:|1662428652
|move|p2a: Excadrill|Stealth Rock|p1a: Pelipper
|-sidestart|p1: gurtrant|move: Stealth Rock
|move|p1a: Pelipper|U-turn|p2a: Excadrill
|-resisted|p2a: Excadrill
|-damage|p2a: Excadrill|94/100
|
|t:|1662428658
|switch|p1a: Barraskewda|Barraskewda, M|100/100|[from]move: U-turn
|-damage|p1a: Barraskewda|88/100|[from] Stealth Rock
|
|-weather|RainDance|[upkeep]
|upkeep
|turn|2
|
|t:|1662428661
|move|p1a: Barraskewda|Flip Turn|p2a: Excadrill
|-supereffective|p2a: Excadrill
|-damage|p2a: Excadrill|0 fnt
|faint|p2a: Excadrill
|
|t:|1662428668
|switch|p1a: Heliolisk|Heliolisk, M, shiny|100/100|[from]move: Flip Turn
|-damage|p1a: Heliolisk|88/100|[from] Stealth Rock
|
|-weather|RainDance|[upkeep]
|-heal|p1a: Heliolisk|100/100|[from] ability: Dry Skin
|upkeep
|
|t:|1662428676
|switch|p2a: Polteageist|Polteageist-Antique|100/100
|turn|3
|
|t:|1662428686
|move|p1a: Heliolisk|Volt Switch|p2a: Polteageist
|-damage|p2a: Polteageist|54/100
|-damage|p1a: Heliolisk|91/100|[from] item: Life Orb
|
|t:|1662428689
|switch|p1a: Ferrothorn|Ferrothorn, F|100/100|[from]move: Volt Switch
|-damage|p1a: Ferrothorn|94/100|[from] Stealth Rock
|move|p2a: Polteageist|Shell Smash|p2a: Polteageist
|-unboost|p2a: Polteageist|def|1
|-unboost|p2a: Polteageist|spd|1
|-boost|p2a: Polteageist|atk|2
|-boost|p2a: Polteageist|spa|2
|-boost|p2a: Polteageist|spe|2
|
|-weather|RainDance|[upkeep]
|-heal|p1a: Ferrothorn|100/100|[from] item: Leftovers
|upkeep
|turn|4
|
|t:|1662428700
|move|p2a: Polteageist|Shadow Ball|p1a: Ferrothorn
|-damage|p1a: Ferrothorn|46/100
|-unboost|p1a: Ferrothorn|spd|1
|move|p1a: Ferrothorn|Gyro Ball|p2a: Polteageist
|-damage|p2a: Polteageist|0 fnt
|faint|p2a: Polteageist
|
|-weather|RainDance|[upkeep]
|-heal|p1a: Ferrothorn|52/100|[from] item: Leftovers
|upkeep
|
|t:|1662428702
|switch|p2a: Tapu Fini|Tapu Fini, shiny|100/100
|-fieldstart|move: Misty Terrain|[from] ability: Misty Surge|[of] p2a: Tapu Fini
|turn|5
|
|t:|1662428709
|switch|p1a: Heliolisk|Heliolisk, M, shiny|91/100
|-damage|p1a: Heliolisk|78/100|[from] Stealth Rock
|move|p2a: Tapu Fini|Substitute|p2a: Tapu Fini
|-start|p2a: Tapu Fini|Substitute
|-damage|p2a: Tapu Fini|76/100
|
|-weather|RainDance|[upkeep]
|-heal|p1a: Heliolisk|91/100|[from] ability: Dry Skin
|-heal|p2a: Tapu Fini|82/100|[from] item: Leftovers
|upkeep
|turn|6
|
|t:|1662428713
|move|p1a: Heliolisk|Thunder|p2a: Tapu Fini
|-supereffective|p2a: Tapu Fini
|-end|p2a: Tapu Fini|Substitute
|-damage|p1a: Heliolisk|81/100|[from] item: Life Orb
|move|p2a: Tapu Fini|Draining Kiss|p1a: Heliolisk
|-damage|p1a: Heliolisk|60/100
|-heal|p2a: Tapu Fini|94/100|[from] drain|[of] p1a: Heliolisk
|
|-weather|RainDance|[upkeep]
|-heal|p1a: Heliolisk|73/100|[from] ability: Dry Skin
|-heal|p2a: Tapu Fini|99/100|[from] item: Leftovers
|upkeep
|turn|7
|
|t:|1662428722
|move|p1a: Heliolisk|Thunder|p2a: Tapu Fini
|-supereffective|p2a: Tapu Fini
|-damage|p2a: Tapu Fini|0 fnt
|faint|p2a: Tapu Fini
|-damage|p1a: Heliolisk|63/100|[from] item: Life Orb
|
|-weather|RainDance|[upkeep]
|-heal|p1a: Heliolisk|75/100|[from] ability: Dry Skin
|upkeep
|
|t:|1662428726
|switch|p2a: Kartana|Kartana, shiny|100/100
|turn|8
|
|t:|1662428729
|switch|p1a: Zapdos|Zapdos|100/100
|move|p2a: Kartana|Swords Dance|p2a: Kartana
|-boost|p2a: Kartana|atk|2
|
|-weather|none
|upkeep
|turn|9
|
|t:|1662428736
|move|p2a: Kartana|Swords Dance|p2a: Kartana
|-boost|p2a: Kartana|atk|2
|move|p1a: Zapdos|U-turn|p2a: Kartana
|-damage|p2a: Kartana|88/100
|
|t:|1662428739
|switch|p1a: Pelipper|Pelipper, M|100/100|[from]move: U-turn
|-damage|p1a: Pelipper|75/100|[from] Stealth Rock
|-weather|RainDance|[from] ability: Drizzle|[of] p1a: Pelipper
|
|-weather|RainDance|[upkeep]
|-fieldend|Misty Terrain
|upkeep
|turn|10
|
|t:|1662428743
|switch|p1a: Ferrothorn|Ferrothorn, F|52/100
|-damage|p1a: Ferrothorn|46/100|[from] Stealth Rock
|move|p2a: Kartana|Leaf Blade|p1a: Ferrothorn
|-resisted|p1a: Ferrothorn
|-damage|p1a: Ferrothorn|22/100
|-damage|p2a: Kartana|75/100|[from] ability: Iron Barbs|[of] p1a: Ferrothorn
|
|-weather|RainDance|[upkeep]
|-heal|p1a: Ferrothorn|28/100|[from] item: Leftovers
|upkeep
|turn|11
|
|t:|1662428757
|move|p2a: Kartana|Sacred Sword|p1a: Ferrothorn
|-supereffective|p1a: Ferrothorn
|-damage|p1a: Ferrothorn|0 fnt
|-damage|p2a: Kartana|63/100|[from] ability: Iron Barbs|[of] p1a: Ferrothorn
|faint|p1a: Ferrothorn
|-ability|p2a: Kartana|Beast Boost|boost
|-boost|p2a: Kartana|spe|1
|
|-weather|RainDance|[upkeep]
|upkeep
|inactive|gurtrant has 120 seconds left.
|
|t:|1662428791
|switch|p1a: Barraskewda|Barraskewda, M|88/100
|-damage|p1a: Barraskewda|76/100|[from] Stealth Rock
|turn|12
|
|t:|1662428793
|switch|p2a: Volcarona|Volcarona, F|100/100
|move|p1a: Barraskewda|Close Combat|p2a: Volcarona
|-resisted|p2a: Volcarona
|-damage|p2a: Volcarona|46/100
|-unboost|p1a: Barraskewda|def|1
|-unboost|p1a: Barraskewda|spd|1
|
|-weather|RainDance|[upkeep]
|upkeep
|turn|13
|
|t:|1662428805
|switch|p1a: Zapdos|Zapdos|100/100
|move|p2a: Volcarona|Quiver Dance|p2a: Volcarona
|-boost|p2a: Volcarona|spa|1
|-boost|p2a: Volcarona|spd|1
|-boost|p2a: Volcarona|spe|1
|
|-weather|RainDance|[upkeep]
|upkeep
|turn|14
|
|t:|1662428823
|move|p2a: Volcarona|Psychic|p1a: Zapdos
|-damage|p1a: Zapdos|50/100
|move|p1a: Zapdos|U-turn|p2a: Volcarona
|-resisted|p2a: Volcarona
|-damage|p2a: Volcarona|35/100
|-status|p1a: Zapdos|brn|[from] ability: Flame Body|[of] p2a: Volcarona
|
|t:|1662428825
|switch|p1a: Barraskewda|Barraskewda, M|76/100|[from]move: U-turn
|-damage|p1a: Barraskewda|64/100|[from] Stealth Rock
|
|-weather|RainDance|[upkeep]
|upkeep
|turn|15
|
|t:|1662428828
|move|p1a: Barraskewda|Flip Turn|p2a: Volcarona
|-supereffective|p2a: Volcarona
|-damage|p2a: Volcarona|0 fnt
|faint|p2a: Volcarona
|
|t:|1662428831
|switch|p1a: Seismitoad|Seismitoad, M|100/100|[from]move: Flip Turn
|-damage|p1a: Seismitoad|94/100|[from] Stealth Rock
|
|-weather|RainDance|[upkeep]
|upkeep
|
|t:|1662428834
|switch|p2a: Moltres|Moltres-Galar|100/100
|turn|16
|
|t:|1662428836
|move|p1a: Seismitoad|Weather Ball|p2a: Moltres
|-damage|p2a: Moltres|28/100
|-ability|p2a: Moltres|Berserk|boost
|-boost|p2a: Moltres|spa|1
|-damage|p1a: Seismitoad|84/100|[from] item: Life Orb
|move|p2a: Moltres|Agility|p2a: Moltres
|-boost|p2a: Moltres|spe|2
|
|-weather|none
|upkeep
|turn|17
|
|t:|1662428843
|switch|p1a: Pelipper|Pelipper, M|75/100
|-damage|p1a: Pelipper|50/100|[from] Stealth Rock
|-weather|RainDance|[from] ability: Drizzle|[of] p1a: Pelipper
|move|p2a: Moltres|Rest|p2a: Moltres
|-status|p2a: Moltres|slp|[from] move: Rest
|-heal|p2a: Moltres|100/100 slp|[silent]
|-enditem|p2a: Moltres|Chesto Berry|[eat]
|-curestatus|p2a: Moltres|slp|[msg]
|
|-weather|RainDance|[upkeep]
|upkeep
|turn|18
|
|t:|1662428852
|move|p2a: Moltres|Agility|p2a: Moltres
|-boost|p2a: Moltres|spe|2
|move|p1a: Pelipper|U-turn|p2a: Moltres
|-damage|p2a: Moltres|91/100
|
|t:|1662428855
|switch|p1a: Heliolisk|Heliolisk, M, shiny|75/100|[from]move: U-turn
|-damage|p1a: Heliolisk|63/100|[from] Stealth Rock
|
|-weather|RainDance|[upkeep]
|-heal|p1a: Heliolisk|75/100|[from] ability: Dry Skin
|upkeep
|turn|19
|
|t:|1662428858
|move|p2a: Moltres|Fiery Wrath|p1a: Heliolisk
|-crit|p1a: Heliolisk
|-damage|p1a: Heliolisk|0 fnt
|faint|p1a: Heliolisk
|
|-weather|RainDance|[upkeep]
|upkeep
|-message|gurtrant forfeited.
|
|win|Wade V Roe
|raw|gurtrant's rating: 1538 &rarr; <strong>1513</strong><br />(-25 for losing)
|raw|Wade V Roe's rating: 1452 &rarr; <strong>1477</strong><br />(+25 for winning)
|c|☆Wade V Roe|uh oh
|l|☆gurtrant
||Ladder isn't responding, score probably updated but might not have (Request timeout).
