|j|☆Hyoujinou
|j|☆Q114
|player|p1|Hyoujinou|lenora|1594
|player|p2|Q114|2|1639
|teamsize|p1|6
|teamsize|p2|6
|gametype|singles
|gen|8
|tier|[Gen 8] OU
|rated|
|clearpoke
|poke|p1|Dracovish|
|poke|p1|Excadrill, F|
|poke|p1|Ferrothorn, M|
|poke|p1|Hippowdon, F|
|poke|p1|Mimikyu, F|
|poke|p1|Tyranitar, F|
|poke|p2|Toxapex, F|
|poke|p2|Ferrothorn, M|
|poke|p2|Seismitoad, F|
|poke|p2|Tyranitar, M|
|poke|p2|Clefable, M|
|poke|p2|Corviknight, F|
|rule|Sleep Clause Mod: Limit one foe put to sleep
|rule|Species Clause: Limit one of each Pokémon
|rule|OHKO Clause: OHKO moves are banned
|rule|Evasion Moves Clause: Evasion moves are banned
|rule|Endless Battle Clause: Forcing endless battles is banned
|rule|HP Percentage Mod: HP is shown in percentages
|rule|Dynamax Clause: You cannot dynamax
|teampreview
|
|start
|switch|p1a: Ferrothorn|Ferrothorn, M|100/100
|switch|p2a: Toxapex|Toxapex, F|100/100
|turn|1
|
|move|p2a: Toxapex|Toxic Spikes|p1a: Ferrothorn
|-sidestart|p1: Hyoujinou|move: Toxic Spikes
|move|p1a: Ferrothorn|Knock Off|p2a: Toxapex
|-crit|p2a: Toxapex
|-damage|p2a: Toxapex|79/100
|-enditem|p2a: Toxapex|Black Sludge|[from] move: Knock Off|[of] p1a: Ferrothorn
|
|upkeep
|turn|2
|
|move|p2a: Toxapex|Scald|p1a: Ferrothorn
|-resisted|p1a: Ferrothorn
|-damage|p1a: Ferrothorn|94/100
|move|p1a: Ferrothorn|Spikes|p2a: Toxapex
|-sidestart|p2: Q114|Spikes
|
|-heal|p1a: Ferrothorn|99/100|[from] item: Leftovers
|upkeep
|turn|3
|
|move|p2a: Toxapex|Scald|p1a: Ferrothorn
|-resisted|p1a: Ferrothorn
|-damage|p1a: Ferrothorn|93/100
|move|p1a: Ferrothorn|Leech Seed|p2a: Toxapex
|-start|p2a: Toxapex|move: Leech Seed
|
|-heal|p1a: Ferrothorn|99/100|[from] item: Leftovers
|-damage|p2a: Toxapex|67/100|[from] Leech Seed|[of] p1a: Ferrothorn
|-heal|p1a: Ferrothorn|100/100|[silent]
|upkeep
|turn|4
|
|switch|p1a: Tyranitar|Tyranitar, F|100/100
|-status|p1a: Tyranitar|psn
|-weather|Sandstorm|[from] ability: Sand Stream|[of] p1a: Tyranitar
|move|p2a: Toxapex|Scald|p1a: Tyranitar
|-supereffective|p1a: Tyranitar
|-damage|p1a: Tyranitar|81/100 psn
|
|-weather|Sandstorm|[upkeep]
|-damage|p2a: Toxapex|61/100|[from] Sandstorm
|-damage|p2a: Toxapex|49/100|[from] Leech Seed|[of] p1a: Tyranitar
|-heal|p1a: Tyranitar|90/100 psn|[silent]
|-damage|p1a: Tyranitar|78/100 psn|[from] psn
|upkeep
|turn|5
|
|switch|p2a: Corviknight|Corviknight, F|100/100
|-ability|p2a: Corviknight|Pressure
|move|p1a: Tyranitar|Stone Edge|p2a: Corviknight
|-damage|p2a: Corviknight|46/100
|
|-weather|Sandstorm|[upkeep]
|-damage|p1a: Tyranitar|66/100 psn|[from] psn
|upkeep
|turn|6
|
|switch|p2a: Seismitoad|Seismitoad, F|100/100
|-damage|p2a: Seismitoad|88/100|[from] Spikes
|switch|p1a: Ferrothorn|Ferrothorn, M|100/100
|
|-weather|Sandstorm|[upkeep]
|-heal|p2a: Seismitoad|94/100|[from] item: Leftovers
|upkeep
|turn|7
|
|switch|p2a: Corviknight|Corviknight, F|46/100
|-ability|p2a: Corviknight|Pressure
|move|p1a: Ferrothorn|Knock Off|p2a: Corviknight
|-damage|p2a: Corviknight|33/100
|-damage|p1a: Ferrothorn|84/100|[from] item: Rocky Helmet|[of] p2a: Corviknight
|-enditem|p2a: Corviknight|Rocky Helmet|[from] move: Knock Off|[of] p1a: Ferrothorn
|
|-weather|Sandstorm|[upkeep]
|-heal|p1a: Ferrothorn|90/100|[from] item: Leftovers
|upkeep
|turn|8
|
|move|p2a: Corviknight|Roost|p2a: Corviknight
|-heal|p2a: Corviknight|83/100
|-singleturn|p2a: Corviknight|move: Roost
|move|p1a: Ferrothorn|Leech Seed|p2a: Corviknight
|-start|p2a: Corviknight|move: Leech Seed
|
|-weather|none
|-heal|p1a: Ferrothorn|97/100|[from] item: Leftovers
|-damage|p2a: Corviknight|71/100|[from] Leech Seed|[of] p1a: Ferrothorn
|-heal|p1a: Ferrothorn|100/100|[silent]
|upkeep
|turn|9
|
|switch|p2a: Toxapex|Toxapex, F|82/100
|-damage|p2a: Toxapex|70/100|[from] Spikes
|move|p1a: Ferrothorn|Spikes|p2a: Toxapex
|-sidestart|p2: Q114|Spikes
|
|upkeep
|turn|10
|
|move|p2a: Toxapex|Scald|p1a: Ferrothorn
|-resisted|p1a: Ferrothorn
|-damage|p1a: Ferrothorn|94/100
|move|p1a: Ferrothorn|Leech Seed|p2a: Toxapex
|-start|p2a: Toxapex|move: Leech Seed
|
|-heal|p1a: Ferrothorn|99/100|[from] item: Leftovers
|-damage|p2a: Toxapex|58/100|[from] Leech Seed|[of] p1a: Ferrothorn
|-heal|p1a: Ferrothorn|100/100|[silent]
|upkeep
|turn|11
|
|switch|p2a: Corviknight|Corviknight, F|71/100
|-ability|p2a: Corviknight|Pressure
|move|p1a: Ferrothorn|Spikes|p2a: Corviknight
|-sidestart|p2: Q114|Spikes
|
|upkeep
|turn|12
|
|move|p2a: Corviknight|Roost|p2a: Corviknight
|-heal|p2a: Corviknight|100/100
|-singleturn|p2a: Corviknight|move: Roost
|move|p1a: Ferrothorn|Leech Seed|p2a: Corviknight
|-start|p2a: Corviknight|move: Leech Seed
|
|-damage|p2a: Corviknight|88/100|[from] Leech Seed|[of] p1a: Ferrothorn
|upkeep
|turn|13
|
|switch|p1a: Tyranitar|Tyranitar, F|66/100 psn
|-weather|Sandstorm|[from] ability: Sand Stream|[of] p1a: Tyranitar
|move|p2a: Corviknight|Defog|p1a: Tyranitar
|-unboost|p1a: Tyranitar|evasion|1
|-sideend|p1: Hyoujinou|Toxic Spikes|[from] move: Defog|[of] p2a: Corviknight
|-sideend|p2: Q114|Spikes|[from] move: Defog|[of] p2a: Corviknight
|
|-weather|Sandstorm|[upkeep]
|-damage|p2a: Corviknight|76/100|[from] Leech Seed|[of] p1a: Tyranitar
|-heal|p1a: Tyranitar|78/100 psn|[silent]
|-damage|p1a: Tyranitar|65/100 psn|[from] psn
|upkeep
|turn|14
|
|switch|p2a: Toxapex|Toxapex, F|91/100
|move|p1a: Tyranitar|Crunch|p2a: Toxapex
|-damage|p2a: Toxapex|46/100
|
|-weather|Sandstorm|[upkeep]
|-damage|p2a: Toxapex|40/100|[from] Sandstorm
|-damage|p1a: Tyranitar|53/100 psn|[from] psn
|upkeep
|turn|15
|
|switch|p1a: Dracovish|Dracovish|100/100
|switch|p2a: Clefable|Clefable, M|100/100
|
|-weather|Sandstorm|[upkeep]
|-damage|p1a: Dracovish|94/100|[from] Sandstorm
|-damage|p2a: Clefable|94/100|[from] Sandstorm
|-heal|p2a: Clefable|100/100|[from] item: Leftovers
|upkeep
|turn|16
|
|switch|p1a: Ferrothorn|Ferrothorn, M|100/100
|move|p2a: Clefable|Moonblast|p1a: Ferrothorn
|-resisted|p1a: Ferrothorn
|-damage|p1a: Ferrothorn|87/100
|
|-weather|Sandstorm|[upkeep]
|-damage|p2a: Clefable|94/100|[from] Sandstorm
|-heal|p2a: Clefable|100/100|[from] item: Leftovers
|-heal|p1a: Ferrothorn|93/100|[from] item: Leftovers
|upkeep
|turn|17
|
|switch|p2a: Toxapex|Toxapex, F|74/100
|move|p1a: Ferrothorn|Spikes|p2a: Toxapex
|-sidestart|p2: Q114|Spikes
|
|-weather|none
|-heal|p1a: Ferrothorn|99/100|[from] item: Leftovers
|upkeep
|turn|18
|
|switch|p1a: Tyranitar|Tyranitar, F|53/100 psn
|-weather|Sandstorm|[from] ability: Sand Stream|[of] p1a: Tyranitar
|move|p2a: Toxapex|Toxic Spikes|p1a: Tyranitar
|-sidestart|p1: Hyoujinou|move: Toxic Spikes
|
|-weather|Sandstorm|[upkeep]
|-damage|p2a: Toxapex|68/100|[from] Sandstorm
|-damage|p1a: Tyranitar|41/100 psn|[from] psn
|upkeep
|turn|19
|
|switch|p1a: Excadrill|Excadrill, F|100/100
|move|p2a: Toxapex|Recover|p2a: Toxapex
|-heal|p2a: Toxapex|100/100
|
|-weather|Sandstorm|[upkeep]
|-damage|p2a: Toxapex|95/100|[from] Sandstorm
|upkeep
|turn|20
|
|move|p1a: Excadrill|Earthquake|p2a: Toxapex
|-supereffective|p2a: Toxapex
|-damage|p2a: Toxapex|2/100
|-damage|p1a: Excadrill|91/100|[from] item: Life Orb
|move|p2a: Toxapex|Scald|p1a: Excadrill
|-supereffective|p1a: Excadrill
|-damage|p1a: Excadrill|43/100
|-status|p1a: Excadrill|brn
|
|-weather|Sandstorm|[upkeep]
|-damage|p2a: Toxapex|0 fnt|[from] Sandstorm
|faint|p2a: Toxapex
|-damage|p1a: Excadrill|37/100 brn|[from] brn
|upkeep
|
|switch|p2a: Corviknight|Corviknight, F|76/100
|-ability|p2a: Corviknight|Pressure
|turn|21
|
|move|p1a: Excadrill|Rapid Spin|p2a: Corviknight
|-resisted|p2a: Corviknight
|-damage|p2a: Corviknight|72/100
|-boost|p1a: Excadrill|spe|1
|-sideend|p1: Hyoujinou|Toxic Spikes|[from] move: Rapid Spin|[of] p1a: Excadrill
|-damage|p1a: Excadrill|27/100 brn|[from] item: Life Orb
|move|p2a: Corviknight|Body Press|p1a: Excadrill
|-supereffective|p1a: Excadrill
|-crit|p1a: Excadrill
|-damage|p1a: Excadrill|0 fnt
|faint|p1a: Excadrill
|
|-weather|Sandstorm|[upkeep]
|upkeep
|
|switch|p1a: Dracovish|Dracovish|94/100
|turn|22
|
|switch|p2a: Seismitoad|Seismitoad, F|94/100
|-damage|p2a: Seismitoad|82/100|[from] Spikes
|move|p1a: Dracovish|Outrage|p2a: Seismitoad
|-damage|p2a: Seismitoad|27/100
|
|-weather|none
|-heal|p2a: Seismitoad|33/100|[from] item: Leftovers
|upkeep
|turn|23
|
|switch|p2a: Clefable|Clefable, M|100/100
|-damage|p2a: Clefable|88/100|[from] Spikes
|move|p1a: Dracovish|Outrage|p2a: Clefable|[from]lockedmove
|-immune|p2a: Clefable
|-start|p1a: Dracovish|confusion|[fatigue]
|
|-heal|p2a: Clefable|94/100|[from] item: Leftovers
|upkeep
|turn|24
|
|switch|p1a: Hippowdon|Hippowdon, F|100/100
|-weather|Sandstorm|[from] ability: Sand Stream|[of] p1a: Hippowdon
|move|p2a: Clefable|Wish|p2a: Clefable
|
|-weather|Sandstorm|[upkeep]
|-damage|p2a: Clefable|88/100|[from] Sandstorm
|-heal|p2a: Clefable|94/100|[from] item: Leftovers
|upkeep
|turn|25
|
|switch|p2a: Corviknight|Corviknight, F|72/100
|-ability|p2a: Corviknight|Pressure
|move|p1a: Hippowdon|Whirlwind|p2a: Corviknight
|drag|p2a: Clefable|Clefable, M|94/100
|-damage|p2a: Clefable|82/100|[from] Spikes
|
|-weather|Sandstorm|[upkeep]
|-damage|p2a: Clefable|76/100|[from] Sandstorm
|-heal|p2a: Clefable|100/100|[from] move: Wish|[wisher] Clefable
|upkeep
|turn|26
|
|move|p2a: Clefable|Wish|p2a: Clefable
|move|p1a: Hippowdon|Stealth Rock|p2a: Clefable
|-sidestart|p2: Q114|move: Stealth Rock
|
|-weather|Sandstorm|[upkeep]
|-damage|p2a: Clefable|94/100|[from] Sandstorm
|-heal|p2a: Clefable|100/100|[from] item: Leftovers
|upkeep
|turn|27
|
|move|p2a: Clefable|Moonblast|p1a: Hippowdon
|-damage|p1a: Hippowdon|66/100
|move|p1a: Hippowdon|Whirlwind|p2a: Clefable
|drag|p2a: Corviknight|Corviknight, F|72/100
|-damage|p2a: Corviknight|60/100|[from] Stealth Rock
|-ability|p2a: Corviknight|Pressure
|
|-weather|Sandstorm|[upkeep]
|-heal|p2a: Corviknight|100/100|[from] move: Wish|[wisher] Clefable
|upkeep
|turn|28
|
|move|p2a: Corviknight|Defog|p1a: Hippowdon
|-unboost|p1a: Hippowdon|evasion|1
|-sideend|p2: Q114|Spikes|[from] move: Defog|[of] p2a: Corviknight
|-sideend|p2: Q114|Stealth Rock|[from] move: Defog|[of] p2a: Corviknight
|move|p1a: Hippowdon|Stealth Rock|p2a: Corviknight
|-sidestart|p2: Q114|move: Stealth Rock
|
|-weather|Sandstorm|[upkeep]
|upkeep
|turn|29
|
|move|p2a: Corviknight|Defog|p1a: Hippowdon
|-unboost|p1a: Hippowdon|evasion|1
|-sideend|p2: Q114|Stealth Rock|[from] move: Defog|[of] p2a: Corviknight
|move|p1a: Hippowdon|Slack Off|p1a: Hippowdon
|-heal|p1a: Hippowdon|100/100
|
|-weather|Sandstorm|[upkeep]
|upkeep
|turn|30
|
|move|p2a: Corviknight|Bulk Up|p2a: Corviknight
|-boost|p2a: Corviknight|atk|1
|-boost|p2a: Corviknight|def|1
|move|p1a: Hippowdon|Stealth Rock|p2a: Corviknight
|-sidestart|p2: Q114|move: Stealth Rock
|
|-weather|Sandstorm|[upkeep]
|upkeep
|turn|31
|
|move|p2a: Corviknight|Defog|p1a: Hippowdon
|-unboost|p1a: Hippowdon|evasion|1
|-sideend|p2: Q114|Stealth Rock|[from] move: Defog|[of] p2a: Corviknight
|move|p1a: Hippowdon|Whirlwind|p2a: Corviknight
|drag|p2a: Clefable|Clefable, M|100/100
|
|-weather|none
|upkeep
|turn|32
|
|move|p2a: Clefable|Wish|p2a: Clefable
|move|p1a: Hippowdon|Stealth Rock|p2a: Clefable
|-sidestart|p2: Q114|move: Stealth Rock
|
|upkeep
|turn|33
|
|switch|p2a: Ferrothorn|Ferrothorn, M|100/100
|-damage|p2a: Ferrothorn|95/100|[from] Stealth Rock
|switch|p1a: Ferrothorn|Ferrothorn, M|99/100
|
|-heal|p2a: Ferrothorn|100/100|[from] move: Wish|[wisher] Clefable
|-heal|p1a: Ferrothorn|100/100|[from] item: Leftovers
|upkeep
|turn|34
|
|move|p1a: Ferrothorn|Knock Off|p2a: Ferrothorn
|-damage|p2a: Ferrothorn|84/100
|-damage|p1a: Ferrothorn|88/100|[from] ability: Iron Barbs|[of] p2a: Ferrothorn
|-enditem|p2a: Ferrothorn|Leftovers|[from] move: Knock Off|[of] p1a: Ferrothorn
|move|p2a: Ferrothorn|Spikes|p1a: Ferrothorn
|-sidestart|p1: Hyoujinou|Spikes
|
|-heal|p1a: Ferrothorn|94/100|[from] item: Leftovers
|upkeep
|turn|35
|
|switch|p2a: Corviknight|Corviknight, F|100/100
|-damage|p2a: Corviknight|88/100|[from] Stealth Rock
|-ability|p2a: Corviknight|Pressure
|move|p1a: Ferrothorn|Spikes|p2a: Corviknight
|-sidestart|p2: Q114|Spikes
|
|-heal|p1a: Ferrothorn|100/100|[from] item: Leftovers
|upkeep
|turn|36
|
|move|p2a: Corviknight|Defog|p1a: Ferrothorn
|-unboost|p1a: Ferrothorn|evasion|1
|-sideend|p1: Hyoujinou|Spikes|[from] move: Defog|[of] p2a: Corviknight
|-sideend|p2: Q114|Spikes|[from] move: Defog|[of] p2a: Corviknight
|-sideend|p2: Q114|Stealth Rock|[from] move: Defog|[of] p2a: Corviknight
|move|p1a: Ferrothorn|Spikes|p2a: Corviknight
|-sidestart|p2: Q114|Spikes
|
|upkeep
|turn|37
|inactive|Battle timer is ON: inactive players will automatically lose when time's up. (requested by Hyoujinou)
|
|move|p2a: Corviknight|Bulk Up|p2a: Corviknight
|-boost|p2a: Corviknight|atk|1
|-boost|p2a: Corviknight|def|1
|move|p1a: Ferrothorn|Spikes|p2a: Corviknight
|-sidestart|p2: Q114|Spikes
|
|upkeep
|turn|38
|
|move|p2a: Corviknight|Defog|p1a: Ferrothorn
|-unboost|p1a: Ferrothorn|evasion|1
|-sideend|p2: Q114|Spikes|[from] move: Defog|[of] p2a: Corviknight
|move|p1a: Ferrothorn|Leech Seed|p2a: Corviknight|[miss]
|-miss|p1a: Ferrothorn|p2a: Corviknight
|
|upkeep
|turn|39
|
|move|p2a: Corviknight|Body Press|p1a: Ferrothorn
|-supereffective|p1a: Ferrothorn
|-damage|p1a: Ferrothorn|56/100
|-damage|p2a: Corviknight|76/100|[from] ability: Iron Barbs|[of] p1a: Ferrothorn
|move|p1a: Ferrothorn|Leech Seed|p2a: Corviknight
|-start|p2a: Corviknight|move: Leech Seed
|
|-heal|p1a: Ferrothorn|62/100|[from] item: Leftovers
|-damage|p2a: Corviknight|64/100|[from] Leech Seed|[of] p1a: Ferrothorn
|-heal|p1a: Ferrothorn|76/100|[silent]
|upkeep
|turn|40
|
|move|p2a: Corviknight|Roost|p2a: Corviknight
|-heal|p2a: Corviknight|100/100
|-singleturn|p2a: Corviknight|move: Roost
|move|p1a: Ferrothorn|Spikes|p2a: Corviknight
|-sidestart|p2: Q114|Spikes
|
|-heal|p1a: Ferrothorn|83/100|[from] item: Leftovers
|-damage|p2a: Corviknight|88/100|[from] Leech Seed|[of] p1a: Ferrothorn
|-heal|p1a: Ferrothorn|97/100|[silent]
|upkeep
|turn|41
|
|switch|p1a: Hippowdon|Hippowdon, F|100/100
|-weather|Sandstorm|[from] ability: Sand Stream|[of] p1a: Hippowdon
|move|p2a: Corviknight|Bulk Up|p2a: Corviknight
|-boost|p2a: Corviknight|atk|1
|-boost|p2a: Corviknight|def|1
|
|-weather|Sandstorm|[upkeep]
|-damage|p2a: Corviknight|76/100|[from] Leech Seed|[of] p1a: Hippowdon
|upkeep
|turn|42
|
|switch|p1a: Mimikyu|Mimikyu, F|100/100
|move|p2a: Corviknight|Body Press|p1a: Mimikyu
|-immune|p1a: Mimikyu
|
|-weather|Sandstorm|[upkeep]
|-damage|p1a: Mimikyu|95/100|[from] Sandstorm
|-damage|p2a: Corviknight|64/100|[from] Leech Seed|[of] p1a: Mimikyu
|-heal|p1a: Mimikyu|100/100|[silent]
|upkeep
|turn|43
|
|move|p1a: Mimikyu|Swords Dance|p1a: Mimikyu
|-boost|p1a: Mimikyu|atk|2
|move|p2a: Corviknight|Defog|p1a: Mimikyu
|-unboost|p1a: Mimikyu|evasion|1
|-sideend|p2: Q114|Spikes|[from] move: Defog|[of] p2a: Corviknight
|
|-weather|Sandstorm|[upkeep]
|-damage|p1a: Mimikyu|95/100|[from] Sandstorm
|-damage|p2a: Corviknight|51/100|[from] Leech Seed|[of] p1a: Mimikyu
|-heal|p1a: Mimikyu|100/100|[silent]
|upkeep
|turn|44
|
|move|p1a: Mimikyu|Swords Dance|p1a: Mimikyu
|-boost|p1a: Mimikyu|atk|2
|move|p2a: Corviknight|Roost|p2a: Corviknight
|-heal|p2a: Corviknight|100/100
|-singleturn|p2a: Corviknight|move: Roost
|
|-weather|Sandstorm|[upkeep]
|-damage|p1a: Mimikyu|95/100|[from] Sandstorm
|-damage|p2a: Corviknight|88/100|[from] Leech Seed|[of] p1a: Mimikyu
|-heal|p1a: Mimikyu|100/100|[silent]
|upkeep
|turn|45
|
|switch|p2a: Clefable|Clefable, M|100/100
|move|p1a: Mimikyu|Swords Dance|p1a: Mimikyu
|-boost|p1a: Mimikyu|atk|2
|
|-weather|Sandstorm|[upkeep]
|-damage|p1a: Mimikyu|95/100|[from] Sandstorm
|-damage|p2a: Clefable|94/100|[from] Sandstorm
|-heal|p2a: Clefable|100/100|[from] item: Leftovers
|upkeep
|turn|46
|
|switch|p1a: Hippowdon|Hippowdon, F|100/100
|move|p2a: Clefable|Wish|p2a: Clefable
|
|-weather|Sandstorm|[upkeep]
|-damage|p2a: Clefable|94/100|[from] Sandstorm
|-heal|p2a: Clefable|100/100|[from] item: Leftovers
|upkeep
|turn|47
|
|switch|p2a: Seismitoad|Seismitoad, F|33/100
|move|p1a: Hippowdon|Whirlwind|p2a: Seismitoad
|drag|p2a: Tyranitar|Tyranitar, M|100/100
|
|-weather|Sandstorm|[upkeep]
|upkeep
|turn|48
|
|switch|p2a: Corviknight|Corviknight, F|88/100
|-ability|p2a: Corviknight|Pressure
|move|p1a: Hippowdon|Stealth Rock|p2a: Corviknight
|-sidestart|p2: Q114|move: Stealth Rock
|
|-weather|none
|upkeep
|turn|49
|
|switch|p1a: Mimikyu|Mimikyu, F|95/100
|move|p2a: Corviknight|Defog|p1a: Mimikyu
|-unboost|p1a: Mimikyu|evasion|1
|-sideend|p2: Q114|Stealth Rock|[from] move: Defog|[of] p2a: Corviknight
|
|upkeep
|turn|50
|
|switch|p1a: Ferrothorn|Ferrothorn, M|97/100
|switch|p2a: Clefable|Clefable, M|100/100
|
|-heal|p1a: Ferrothorn|100/100|[from] item: Leftovers
|upkeep
|turn|51
|
|move|p2a: Clefable|Wish|p2a: Clefable
|move|p1a: Ferrothorn|Spikes|p2a: Clefable
|-sidestart|p2: Q114|Spikes
|
|upkeep
|turn|52
|
|switch|p2a: Seismitoad|Seismitoad, F|33/100
|-damage|p2a: Seismitoad|20/100|[from] Spikes
|move|p1a: Ferrothorn|Knock Off|p2a: Seismitoad
|-damage|p2a: Seismitoad|4/100
|-enditem|p2a: Seismitoad|Leftovers|[from] move: Knock Off|[of] p1a: Ferrothorn
|
|-heal|p2a: Seismitoad|52/100|[from] move: Wish|[wisher] Clefable
|upkeep
|turn|53
|
|switch|p2a: Clefable|Clefable, M|100/100
|-damage|p2a: Clefable|88/100|[from] Spikes
|move|p1a: Ferrothorn|Leech Seed|p2a: Clefable
|-start|p2a: Clefable|move: Leech Seed
|
|-heal|p2a: Clefable|94/100|[from] item: Leftovers
|-damage|p2a: Clefable|82/100|[from] Leech Seed|[of] p1a: Ferrothorn
|upkeep
|turn|54
|
|move|p2a: Clefable|Wish|p2a: Clefable
|move|p1a: Ferrothorn|Gyro Ball|p2a: Clefable
|-supereffective|p2a: Clefable
|-damage|p2a: Clefable|54/100
|
|-heal|p2a: Clefable|60/100|[from] item: Leftovers
|-damage|p2a: Clefable|48/100|[from] Leech Seed|[of] p1a: Ferrothorn
|upkeep
|turn|55
|
|switch|p2a: Seismitoad|Seismitoad, F|52/100
|-damage|p2a: Seismitoad|39/100|[from] Spikes
|move|p1a: Ferrothorn|Spikes|p2a: Seismitoad
|-sidestart|p2: Q114|Spikes
|
|-heal|p2a: Seismitoad|87/100|[from] move: Wish|[wisher] Clefable
|upkeep
|turn|56
|
|switch|p2a: Corviknight|Corviknight, F|88/100
|-ability|p2a: Corviknight|Pressure
|switch|p1a: Dracovish|Dracovish|94/100
|
|upkeep
|turn|57
|
|move|p1a: Dracovish|Outrage|p2a: Corviknight
|-resisted|p2a: Corviknight
|-damage|p2a: Corviknight|65/100
|move|p2a: Corviknight|Roost|p2a: Corviknight
|-heal|p2a: Corviknight|100/100
|-singleturn|p2a: Corviknight|move: Roost
|
|upkeep
|turn|58
|
|move|p1a: Dracovish|Outrage|p2a: Corviknight|[from]lockedmove
|-resisted|p2a: Corviknight
|-damage|p2a: Corviknight|76/100
|-start|p1a: Dracovish|confusion|[fatigue]
|move|p2a: Corviknight|Body Press|p1a: Dracovish
|-crit|p1a: Dracovish
|-damage|p1a: Dracovish|52/100
|
|upkeep
|turn|59
|
|switch|p1a: Mimikyu|Mimikyu, F|95/100
|move|p2a: Corviknight|Defog|p1a: Mimikyu
|-unboost|p1a: Mimikyu|evasion|1
|-sideend|p2: Q114|Spikes|[from] move: Defog|[of] p2a: Corviknight
|
|upkeep
|turn|60
|
|switch|p2a: Ferrothorn|Ferrothorn, M|84/100
|move|p1a: Mimikyu|Play Rough|p2a: Ferrothorn|[miss]
|-miss|p1a: Mimikyu|p2a: Ferrothorn
|
|upkeep
|turn|61
|
|switch|p1a: Ferrothorn|Ferrothorn, M|100/100
|move|p2a: Ferrothorn|Knock Off|p1a: Ferrothorn
|-damage|p1a: Ferrothorn|87/100
|-damage|p2a: Ferrothorn|72/100|[from] ability: Iron Barbs|[of] p1a: Ferrothorn
|-enditem|p1a: Ferrothorn|Leftovers|[from] move: Knock Off|[of] p2a: Ferrothorn
|
|upkeep
|turn|62
|
|switch|p2a: Corviknight|Corviknight, F|76/100
|-ability|p2a: Corviknight|Pressure
|move|p1a: Ferrothorn|Spikes|p2a: Corviknight
|-sidestart|p2: Q114|Spikes
|
|upkeep
|turn|63
|
|switch|p1a: Hippowdon|Hippowdon, F|100/100
|-weather|Sandstorm|[from] ability: Sand Stream|[of] p1a: Hippowdon
|move|p2a: Corviknight|Bulk Up|p2a: Corviknight
|-boost|p2a: Corviknight|atk|1
|-boost|p2a: Corviknight|def|1
|
|-weather|Sandstorm|[upkeep]
|upkeep
|turn|64
|
|move|p2a: Corviknight|Body Press|p1a: Hippowdon
|-damage|p1a: Hippowdon|80/100
|move|p1a: Hippowdon|Stealth Rock|p2a: Corviknight
|-sidestart|p2: Q114|move: Stealth Rock
|
|-weather|Sandstorm|[upkeep]
|upkeep
|turn|65
|
|move|p2a: Corviknight|Defog|p1a: Hippowdon
|-unboost|p1a: Hippowdon|evasion|1
|-sideend|p2: Q114|Spikes|[from] move: Defog|[of] p2a: Corviknight
|-sideend|p2: Q114|Stealth Rock|[from] move: Defog|[of] p2a: Corviknight
|move|p1a: Hippowdon|Stealth Rock|p2a: Corviknight
|-sidestart|p2: Q114|move: Stealth Rock
|
|-weather|Sandstorm|[upkeep]
|upkeep
|turn|66
|
|move|p2a: Corviknight|Defog|p1a: Hippowdon
|-unboost|p1a: Hippowdon|evasion|1
|-sideend|p2: Q114|Stealth Rock|[from] move: Defog|[of] p2a: Corviknight
|move|p1a: Hippowdon|Whirlwind|p2a: Corviknight
|drag|p2a: Clefable|Clefable, M|48/100
|
|-weather|Sandstorm|[upkeep]
|-damage|p2a: Clefable|42/100|[from] Sandstorm
|-heal|p2a: Clefable|48/100|[from] item: Leftovers
|upkeep
|turn|67
|
|move|p2a: Clefable|Wish|p2a: Clefable
|move|p1a: Hippowdon|Earthquake|p2a: Clefable
|-crit|p2a: Clefable
|-damage|p2a: Clefable|5/100
|
|-weather|Sandstorm|[upkeep]
|-damage|p2a: Clefable|0 fnt|[from] Sandstorm
|faint|p2a: Clefable
|upkeep
|
|switch|p2a: Seismitoad|Seismitoad, F|87/100
|turn|68
|
|switch|p1a: Ferrothorn|Ferrothorn, M|87/100
|move|p2a: Seismitoad|Scald|p1a: Ferrothorn
|-resisted|p1a: Ferrothorn
|-damage|p1a: Ferrothorn|78/100
|-status|p1a: Ferrothorn|brn
|
|-weather|Sandstorm|[upkeep]
|-heal|p2a: Seismitoad|100/100|[from] move: Wish|[wisher] Clefable
|-damage|p1a: Ferrothorn|72/100 brn|[from] brn
|upkeep
|turn|69
|
|move|p2a: Seismitoad|Stealth Rock|p1a: Ferrothorn
|-sidestart|p1: Hyoujinou|move: Stealth Rock
|move|p1a: Ferrothorn|Spikes|p2a: Seismitoad
|-sidestart|p2: Q114|Spikes
|
|-weather|Sandstorm|[upkeep]
|-damage|p1a: Ferrothorn|65/100 brn|[from] brn
|upkeep
|turn|70
|
|switch|p2a: Ferrothorn|Ferrothorn, M|72/100
|-damage|p2a: Ferrothorn|60/100|[from] Spikes
|move|p1a: Ferrothorn|Leech Seed|p2a: Ferrothorn
|-immune|p2a: Ferrothorn
|
|-weather|none
|-damage|p1a: Ferrothorn|59/100 brn|[from] brn
|upkeep
|turn|71
|
|move|p1a: Ferrothorn|Spikes|p2a: Ferrothorn
|-sidestart|p2: Q114|Spikes
|move|p2a: Ferrothorn|Spikes|p1a: Ferrothorn
|-sidestart|p1: Hyoujinou|Spikes
|
|-damage|p1a: Ferrothorn|53/100 brn|[from] brn
|upkeep
|turn|72
|
|move|p1a: Ferrothorn|Spikes|p2a: Ferrothorn
|-sidestart|p2: Q114|Spikes
|move|p2a: Ferrothorn|Spikes|p1a: Ferrothorn
|-sidestart|p1: Hyoujinou|Spikes
|
|-damage|p1a: Ferrothorn|47/100 brn|[from] brn
|upkeep
|turn|73
|
|switch|p1a: Hippowdon|Hippowdon, F|80/100
|-damage|p1a: Hippowdon|64/100|[from] Spikes
|-damage|p1a: Hippowdon|58/100|[from] Stealth Rock
|-weather|Sandstorm|[from] ability: Sand Stream|[of] p1a: Hippowdon
|move|p2a: Ferrothorn|Spikes|p1a: Hippowdon
|-sidestart|p1: Hyoujinou|Spikes
|
|-weather|Sandstorm|[upkeep]
|upkeep
|turn|74
|
|move|p2a: Ferrothorn|Leech Seed|p1a: Hippowdon
|-start|p1a: Hippowdon|move: Leech Seed
|move|p1a: Hippowdon|Whirlwind|p2a: Ferrothorn
|drag|p2a: Seismitoad|Seismitoad, F|100/100
|-damage|p2a: Seismitoad|76/100|[from] Spikes
|
|-weather|Sandstorm|[upkeep]
|-damage|p1a: Hippowdon|45/100|[from] Leech Seed|[of] p2a: Seismitoad
|-heal|p2a: Seismitoad|88/100|[silent]
|upkeep
|turn|75
|
|switch|p1a: Ferrothorn|Ferrothorn, M|47/100 brn
|-damage|p1a: Ferrothorn|40/100 brn|[from] Stealth Rock
|-damage|p1a: Ferrothorn|15/100 brn|[from] Spikes
|move|p2a: Seismitoad|Scald|p1a: Ferrothorn
|-resisted|p1a: Ferrothorn
|-damage|p1a: Ferrothorn|5/100 brn
|
|-weather|Sandstorm|[upkeep]
|-damage|p1a: Ferrothorn|0 fnt|[from] brn
|faint|p1a: Ferrothorn
|upkeep
|
|switch|p1a: Dracovish|Dracovish|52/100
|-damage|p1a: Dracovish|27/100|[from] Spikes
|-damage|p1a: Dracovish|15/100|[from] Stealth Rock
|turn|76
|inactive|Q114 has 120 seconds left.
|
|switch|p2a: Corviknight|Corviknight, F|76/100
|-ability|p2a: Corviknight|Pressure
|move|p1a: Dracovish|Crunch|p2a: Corviknight
|-damage|p2a: Corviknight|44/100
|
|-weather|Sandstorm|[upkeep]
|-damage|p1a: Dracovish|9/100|[from] Sandstorm
|upkeep
|turn|77
|inactive|Q114 has 120 seconds left.
|
|switch|p1a: Mimikyu|Mimikyu, F|95/100
|-damage|p1a: Mimikyu|70/100|[from] Spikes
|-damage|p1a: Mimikyu|57/100|[from] Stealth Rock
|move|p2a: Corviknight|Roost|p2a: Corviknight
|-heal|p2a: Corviknight|94/100
|-singleturn|p2a: Corviknight|move: Roost
|
|-weather|Sandstorm|[upkeep]
|-damage|p1a: Mimikyu|51/100|[from] Sandstorm
|upkeep
|turn|78
|inactive|Q114 has 120 seconds left.
|
|switch|p2a: Ferrothorn|Ferrothorn, M|60/100
|-damage|p2a: Ferrothorn|35/100|[from] Spikes
|move|p1a: Mimikyu|Swords Dance|p1a: Mimikyu
|-boost|p1a: Mimikyu|atk|2
|
|-weather|Sandstorm|[upkeep]
|-damage|p1a: Mimikyu|46/100|[from] Sandstorm
|upkeep
|turn|79
|
|move|p1a: Mimikyu|Drain Punch|p2a: Ferrothorn
|-supereffective|p2a: Ferrothorn
|-damage|p2a: Ferrothorn|0 fnt
|-heal|p1a: Mimikyu|70/100|[from] drain|[of] p2a: Ferrothorn
|-damage|p1a: Mimikyu|57/100|[from] ability: Iron Barbs|[of] p2a: Ferrothorn
|-damage|p1a: Mimikyu|48/100|[from] item: Life Orb
|faint|p2a: Ferrothorn
|
|-weather|Sandstorm|[upkeep]
|-damage|p1a: Mimikyu|42/100|[from] Sandstorm
|upkeep
|inactive|Q114 has 120 seconds left.
|
|switch|p2a: Seismitoad|Seismitoad, F|88/100
|-damage|p2a: Seismitoad|63/100|[from] Spikes
|turn|80
|
|move|p1a: Mimikyu|Play Rough|p2a: Seismitoad
|-damage|p2a: Seismitoad|0 fnt
|-damage|p1a: Mimikyu|32/100|[from] item: Life Orb
|faint|p2a: Seismitoad
|
|-weather|none
|upkeep
|inactive|Q114 has 120 seconds left.
|inactive|Q114 has 90 seconds left.
|c|☆Hyoujinou|alright guy
|c|☆Hyoujinou|the jigs up
|c|☆Hyoujinou|you had a lot of walls for a while there
|inactive|Q114 has 60 seconds left.
|c|☆Hyoujinou|and gave me a good run
|c|☆Hyoujinou|but now the walls are crumbling
|c|☆Hyoujinou|and the east no longer seperate from the west
|inactive|Q114 has 30 seconds left.
|c|☆Hyoujinou|in seconds we will be free.
|inactive|Q114 has 20 seconds left.
|inactive|Q114 has 15 seconds left.
|inactive|Q114 has 10 seconds left.
|inactive|Q114 has 5 seconds left.
|-message|Q114 lost due to inactivity.
|
|win|Hyoujinou
|raw|Hyoujinou's rating: 1569 &rarr; <strong>1593</strong><br />(+24 for winning)
|raw|Q114's rating: 1639 &rarr; <strong>1615</strong><br />(-24 for losing)
