|html|<div class="broadcast-blue"><strong>[Gen 8] OU is currently suspecting Melmetal! For information on how to participate check out the <a href="https://www.smogon.com/forums/threads/np-ss-ou-suspect-process-round-12-monster-mash.3709234/">suspect thread</a>.</strong></div>
|j|☆ghecisbestvillain
|j|☆FreeOuch
|t:|1666803654
|gametype|singles
|player|p1|ghecisbestvillain|scientist-gen4|1698
|player|p2|FreeOuch|clair-gen2|1588
|teamsize|p1|6
|teamsize|p2|6
|gen|8
|tier|[Gen 8] OU
|rated|
|rule|Sleep Clause Mod: Limit one foe put to sleep
|rule|Species Clause: Limit one of each Pokémon
|rule|OHKO Clause: OHKO moves are banned
|rule|Evasion Items Clause: Evasion items are banned
|rule|Evasion Moves Clause: Evasion moves are banned
|rule|Endless Battle Clause: Forcing endless battles is banned
|rule|HP Percentage Mod: HP is shown in percentages
|rule|Dynamax Clause: You cannot dynamax
|clearpoke
|poke|p1|Chansey, F|
|poke|p1|Toxapex, M|
|poke|p1|Buzzwole|
|poke|p1|Slowking, M|
|poke|p1|Dragonite, M|
|poke|p1|Amoonguss, M|
|poke|p2|Skarmory, F|
|poke|p2|Hippowdon, F|
|poke|p2|Keldeo-Resolute|
|poke|p2|Zapdos-Galar|
|poke|p2|Bisharp, F|
|poke|p2|Slowking-Galar, M|
|teampreview
|inactive|Battle timer is ON: inactive players will automatically lose when time's up. (requested by FreeOuch)
|
|t:|1666803672
|start
|switch|p1a: Naruto garbage|Amoonguss, M|100/100
|switch|p2a: Zapdos|Zapdos-Galar|100/100
|turn|1
|
|t:|1666803682
|switch|p1a: Evangelion trashy|Toxapex, M|100/100
|move|p2a: Zapdos|Brave Bird|p1a: Evangelion trashy
|-damage|p1a: Evangelion trashy|65/100
|-damage|p2a: Zapdos|84/100|[from] item: Rocky Helmet|[of] p1a: Evangelion trashy
|-damage|p2a: Zapdos|73/100|[from] Recoil
|
|upkeep
|turn|2
|
|t:|1666803692
|switch|p2a: Slowking|Slowking-Galar, M|100/100
|move|p1a: Evangelion trashy|Knock Off|p2a: Slowking
|-supereffective|p2a: Slowking
|-damage|p2a: Slowking|65/100
|-enditem|p2a: Slowking|Assault Vest|[from] move: Knock Off|[of] p1a: Evangelion trashy
|
|upkeep
|turn|3
|
|t:|1666803700
|switch|p1a: HXH is overrated|Chansey, F|100/100
|move|p2a: Slowking|Future Sight|p1a: HXH is overrated
|-start|p2a: Slowking|move: Future Sight
|
|upkeep
|turn|4
|
|t:|1666803714
|move|p1a: HXH is overrated|Stealth Rock|p2a: Slowking
|-sidestart|p2: FreeOuch|move: Stealth Rock
|move|p2a: Slowking|Psyshock|p1a: HXH is overrated
|-damage|p1a: HXH is overrated|72/100
|
|upkeep
|turn|5
|c|☆FreeOuch|based take
|
|t:|1666803723
|switch|p1a: One Piece shitty|Slowking, M|100/100
|move|p2a: Slowking|Sludge Bomb|p1a: One Piece shitty
|-damage|p1a: One Piece shitty|81/100
|
|-end|p1a: One Piece shitty|move: Future Sight
|-resisted|p1a: One Piece shitty
|-damage|p1a: One Piece shitty|68/100
|upkeep
|turn|6
|c|☆FreeOuch|obvious take
|
|t:|1666803736
|switch|p2a: Bisharp|Bisharp, F|100/100
|-damage|p2a: Bisharp|95/100|[from] Stealth Rock
|move|p1a: One Piece shitty|Future Sight|p2a: Bisharp
|-start|p1a: One Piece shitty|move: Future Sight
|
|upkeep
|turn|7
|j| Linkerrr
|c|☆ghecisbestvillain|obviously*
|
|t:|1666803751
|switch|p1a: DB Super shoddy|Buzzwole|100/100
|move|p2a: Bisharp|Knock Off|p1a: DB Super shoddy
|-resisted|p1a: DB Super shoddy
|-damage|p1a: DB Super shoddy|83/100
|-enditem|p1a: DB Super shoddy|Heavy-Duty Boots|[from] move: Knock Off|[of] p2a: Bisharp
|
|upkeep
|turn|8
|
|t:|1666803763
|switch|p2a: Skarmory|Skarmory, F|100/100
|-damage|p2a: Skarmory|88/100|[from] Stealth Rock
|move|p1a: DB Super shoddy|Close Combat|p2a: Skarmory
|-damage|p2a: Skarmory|57/100
|-unboost|p1a: DB Super shoddy|def|1
|-unboost|p1a: DB Super shoddy|spd|1
|-damage|p1a: DB Super shoddy|67/100|[from] item: Rocky Helmet|[of] p2a: Skarmory
|
|-end|p2a: Skarmory|move: Future Sight
|-resisted|p2a: Skarmory
|-damage|p2a: Skarmory|30/100
|upkeep
|turn|9
|
|t:|1666803775
|move|p1a: DB Super shoddy|Close Combat|p2a: Skarmory
|-damage|p2a: Skarmory|0 fnt
|-unboost|p1a: DB Super shoddy|def|1
|-unboost|p1a: DB Super shoddy|spd|1
|-damage|p1a: DB Super shoddy|50/100|[from] item: Rocky Helmet|[of] p2a: Skarmory
|faint|p2a: Skarmory
|-ability|p1a: DB Super shoddy|Beast Boost|boost
|-boost|p1a: DB Super shoddy|def|1
|
|upkeep
|l| Linkerrr
|c|☆FreeOuch|I assume you couldnt say caca
|j| Linkerrr
|
|t:|1666803793
|switch|p2a: Zapdos|Zapdos-Galar|73/100
|-damage|p2a: Zapdos|60/100|[from] Stealth Rock
|turn|10
|
|t:|1666803818
|switch|p1a: Evangelion trashy|Toxapex, M|98/100
|move|p2a: Zapdos|Brave Bird|p1a: Evangelion trashy
|-damage|p1a: Evangelion trashy|62/100
|-damage|p2a: Zapdos|44/100|[from] item: Rocky Helmet|[of] p1a: Evangelion trashy
|-damage|p2a: Zapdos|32/100|[from] Recoil
|
|upkeep
|turn|11
|
|t:|1666803832
|switch|p2a: Hippowdon|Hippowdon, F|100/100
|-damage|p2a: Hippowdon|94/100|[from] Stealth Rock
|-weather|Sandstorm|[from] ability: Sand Stream|[of] p2a: Hippowdon
|move|p1a: Evangelion trashy|Knock Off|p2a: Hippowdon
|-damage|p2a: Hippowdon|84/100
|-damage|p1a: Evangelion trashy|45/100|[from] item: Rocky Helmet|[of] p2a: Hippowdon
|-enditem|p2a: Hippowdon|Rocky Helmet|[from] move: Knock Off|[of] p1a: Evangelion trashy
|
|-weather|Sandstorm|[upkeep]
|-damage|p1a: Evangelion trashy|39/100|[from] Sandstorm
|upkeep
|turn|12
|
|t:|1666803846
|switch|p1a: DB Super shoddy|Buzzwole|50/100
|move|p2a: Hippowdon|Stealth Rock|p1a: DB Super shoddy
|-sidestart|p1: ghecisbestvillain|move: Stealth Rock
|
|-weather|Sandstorm|[upkeep]
|-damage|p1a: DB Super shoddy|44/100|[from] Sandstorm
|upkeep
|turn|13
|
|t:|1666803860
|move|p1a: DB Super shoddy|Roost|p1a: DB Super shoddy
|-heal|p1a: DB Super shoddy|94/100
|-singleturn|p1a: DB Super shoddy|move: Roost
|move|p2a: Hippowdon|Toxic|p1a: DB Super shoddy
|-status|p1a: DB Super shoddy|tox
|
|-weather|Sandstorm|[upkeep]
|-damage|p1a: DB Super shoddy|88/100 tox|[from] Sandstorm
|-damage|p1a: DB Super shoddy|81/100 tox|[from] psn
|upkeep
|turn|14
|
|t:|1666803872
|move|p1a: DB Super shoddy|Toxic|p2a: Hippowdon|[miss]
|-miss|p1a: DB Super shoddy|p2a: Hippowdon
|move|p2a: Hippowdon|Slack Off|p2a: Hippowdon
|-heal|p2a: Hippowdon|100/100
|
|-weather|Sandstorm|[upkeep]
|-damage|p1a: DB Super shoddy|75/100 tox|[from] Sandstorm
|-damage|p1a: DB Super shoddy|63/100 tox|[from] psn
|upkeep
|turn|15
|
|t:|1666803880
|switch|p2a: Zapdos|Zapdos-Galar|32/100
|-damage|p2a: Zapdos|20/100|[from] Stealth Rock
|move|p1a: DB Super shoddy|Roost|p1a: DB Super shoddy
|-heal|p1a: DB Super shoddy|100/100 tox
|-singleturn|p1a: DB Super shoddy|move: Roost
|
|-weather|none
|-damage|p1a: DB Super shoddy|82/100 tox|[from] psn
|upkeep
|turn|16
|
|t:|1666803892
|switch|p1a: Evangelion trashy|Toxapex, M|72/100
|-damage|p1a: Evangelion trashy|60/100|[from] Stealth Rock
|move|p2a: Zapdos|Brave Bird|p1a: Evangelion trashy
|-damage|p1a: Evangelion trashy|24/100
|-damage|p2a: Zapdos|3/100|[from] item: Rocky Helmet|[of] p1a: Evangelion trashy
|-damage|p2a: Zapdos|0 fnt|[from] Recoil
|faint|p2a: Zapdos
|
|upkeep
|
|t:|1666803911
|switch|p2a: Slowking|Slowking-Galar, M|99/100
|-damage|p2a: Slowking|86/100|[from] Stealth Rock
|turn|17
|
|t:|1666803916
|switch|p1a: Naruto garbage|Amoonguss, M|100/100
|-damage|p1a: Naruto garbage|88/100|[from] Stealth Rock
|move|p2a: Slowking|Future Sight|p1a: Naruto garbage
|-start|p2a: Slowking|move: Future Sight
|
|upkeep
|turn|18
|
|t:|1666803928
|switch|p2a: Hippowdon|Hippowdon, F|100/100
|-damage|p2a: Hippowdon|94/100|[from] Stealth Rock
|-weather|Sandstorm|[from] ability: Sand Stream|[of] p2a: Hippowdon
|move|p1a: Naruto garbage|Stomping Tantrum|p2a: Hippowdon
|-damage|p2a: Hippowdon|83/100
|
|-weather|Sandstorm|[upkeep]
|-damage|p1a: Naruto garbage|82/100|[from] Sandstorm
|upkeep
|turn|19
|
|t:|1666803946
|switch|p2a: Slowking|Slowking-Galar, M|100/100
|-damage|p2a: Slowking|88/100|[from] Stealth Rock
|switch|p1a: One Piece shitty|Slowking, M|100/100
|-damage|p1a: One Piece shitty|88/100|[from] Stealth Rock
|
|-weather|Sandstorm|[upkeep]
|-damage|p1a: One Piece shitty|82/100|[from] Sandstorm
|-damage|p2a: Slowking|82/100|[from] Sandstorm
|-end|p1a: One Piece shitty|move: Future Sight
|-resisted|p1a: One Piece shitty
|-damage|p1a: One Piece shitty|70/100
|upkeep
|turn|20
|
|t:|1666803964
|switch|p1a: Evangelion boring|Dragonite, M|100/100
|move|p2a: Slowking|Future Sight|p1a: Evangelion boring
|-start|p2a: Slowking|move: Future Sight
|
|-weather|Sandstorm|[upkeep]
|-damage|p1a: Evangelion boring|94/100|[from] Sandstorm
|-damage|p2a: Slowking|76/100|[from] Sandstorm
|upkeep
|turn|21
|
|t:|1666803982
|switch|p2a: Hippowdon|Hippowdon, F|83/100
|-damage|p2a: Hippowdon|77/100|[from] Stealth Rock
|move|p1a: Evangelion boring|Earthquake|p2a: Hippowdon
|-damage|p2a: Hippowdon|56/100
|
|-weather|Sandstorm|[upkeep]
|-damage|p1a: Evangelion boring|88/100|[from] Sandstorm
|upkeep
|turn|22
|
|t:|1666803997
|switch|p1a: One Piece shitty|Slowking, M|100/100
|-damage|p1a: One Piece shitty|88/100|[from] Stealth Rock
|move|p2a: Hippowdon|Slack Off|p2a: Hippowdon
|-heal|p2a: Hippowdon|100/100
|
|-weather|none
|-end|p1a: One Piece shitty|move: Future Sight
|-resisted|p1a: One Piece shitty
|-damage|p1a: One Piece shitty|76/100
|upkeep
|turn|23
|
|t:|1666804006
|move|p2a: Hippowdon|Toxic|p1a: One Piece shitty
|-status|p1a: One Piece shitty|tox
|move|p1a: One Piece shitty|Future Sight|p2a: Hippowdon
|-start|p1a: One Piece shitty|move: Future Sight
|
|-damage|p1a: One Piece shitty|70/100 tox|[from] psn
|upkeep
|turn|24
|
|t:|1666804020
|switch|p1a: Evangelion boring|Dragonite, M|88/100
|move|p2a: Hippowdon|Earthquake|p1a: Evangelion boring
|-immune|p1a: Evangelion boring
|
|upkeep
|turn|25
|
|t:|1666804031
|move|p1a: Evangelion boring|Earthquake|p2a: Hippowdon
|-damage|p2a: Hippowdon|79/100
|move|p2a: Hippowdon|Toxic|p1a: Evangelion boring
|-status|p1a: Evangelion boring|tox
|
|-end|p2a: Hippowdon|move: Future Sight
|-damage|p2a: Hippowdon|49/100
|-damage|p1a: Evangelion boring|82/100 tox|[from] psn
|upkeep
|turn|26
|
|t:|1666804039
|switch|p1a: HXH is overrated|Chansey, F|72/100
|-damage|p1a: HXH is overrated|59/100|[from] Stealth Rock
|move|p2a: Hippowdon|Slack Off|p2a: Hippowdon
|-heal|p2a: Hippowdon|99/100
|
|upkeep
|turn|27
|
|t:|1666804053
|switch|p2a: Keldeo|Keldeo-Resolute|100/100
|-damage|p2a: Keldeo|94/100|[from] Stealth Rock
|move|p1a: HXH is overrated|Aromatherapy|p1a: HXH is overrated
|-activate|p1a: HXH is overrated|move: Aromatherapy
|-curestatus|p1: Evangelion boring|tox|[msg]
|-curestatus|p1: One Piece shitty|tox|[msg]
|-curestatus|p1: DB Super shoddy|tox|[msg]
|
|-heal|p2a: Keldeo|100/100|[from] item: Leftovers
|upkeep
|turn|28
|
|t:|1666804070
|switch|p1a: Evangelion trashy|Toxapex, M|58/100
|-damage|p1a: Evangelion trashy|45/100|[from] Stealth Rock
|move|p2a: Keldeo|Substitute|p2a: Keldeo
|-start|p2a: Keldeo|Substitute
|-damage|p2a: Keldeo|76/100
|
|-heal|p2a: Keldeo|82/100|[from] item: Leftovers
|upkeep
|turn|29
|
|t:|1666804094
|switch|p1a: HXH is overrated|Chansey, F|59/100
|-damage|p1a: HXH is overrated|47/100|[from] Stealth Rock
|move|p2a: Keldeo|Calm Mind|p2a: Keldeo
|-boost|p2a: Keldeo|spa|1
|-boost|p2a: Keldeo|spd|1
|
|-heal|p2a: Keldeo|88/100|[from] item: Leftovers
|upkeep
|turn|30
|
|t:|1666804103
|switch|p1a: Evangelion trashy|Toxapex, M|79/100
|-damage|p1a: Evangelion trashy|67/100|[from] Stealth Rock
|move|p2a: Keldeo|Secret Sword|p1a: Evangelion trashy
|-resisted|p1a: Evangelion trashy
|-damage|p1a: Evangelion trashy|44/100
|
|-heal|p2a: Keldeo|94/100|[from] item: Leftovers
|upkeep
|turn|31
|
|t:|1666804116
|switch|p1a: Naruto garbage|Amoonguss, M|100/100
|-damage|p1a: Naruto garbage|88/100|[from] Stealth Rock
|move|p2a: Keldeo|Secret Sword|p1a: Naruto garbage
|-resisted|p1a: Naruto garbage
|-damage|p1a: Naruto garbage|47/100
|
|-heal|p2a: Keldeo|100/100|[from] item: Leftovers
|upkeep
|turn|32
|
|t:|1666804127
|move|p2a: Keldeo|Calm Mind|p2a: Keldeo
|-boost|p2a: Keldeo|spa|1
|-boost|p2a: Keldeo|spd|1
|move|p1a: Naruto garbage|Stomping Tantrum|p2a: Keldeo
|-activate|p2a: Keldeo|move: Substitute|[damage]
|
|upkeep
|turn|33
|
|t:|1666804136
|switch|p1a: Evangelion trashy|Toxapex, M|77/100
|-damage|p1a: Evangelion trashy|65/100|[from] Stealth Rock
|move|p2a: Keldeo|Secret Sword|p1a: Evangelion trashy
|-resisted|p1a: Evangelion trashy
|-crit|p1a: Evangelion trashy
|-damage|p1a: Evangelion trashy|24/100
|
|upkeep
|turn|34
|
|t:|1666804145
|switch|p1a: Naruto garbage|Amoonguss, M|80/100
|-damage|p1a: Naruto garbage|68/100|[from] Stealth Rock
|move|p2a: Keldeo|Secret Sword|p1a: Naruto garbage
|-resisted|p1a: Naruto garbage
|-damage|p1a: Naruto garbage|17/100
|
|upkeep
|turn|35
|
|t:|1666804156
|move|p2a: Keldeo|Secret Sword|p1a: Naruto garbage
|-resisted|p1a: Naruto garbage
|-damage|p1a: Naruto garbage|0 fnt
|faint|p1a: Naruto garbage
|
|upkeep
|
|t:|1666804161
|switch|p1a: Evangelion trashy|Toxapex, M|57/100
|-damage|p1a: Evangelion trashy|45/100|[from] Stealth Rock
|turn|36
|
|t:|1666804170
|switch|p1a: One Piece shitty|Slowking, M|100/100
|-damage|p1a: One Piece shitty|88/100|[from] Stealth Rock
|move|p2a: Keldeo|Scald|p1a: One Piece shitty
|-resisted|p1a: One Piece shitty
|-damage|p1a: One Piece shitty|68/100
|
|upkeep
|turn|37
|
|t:|1666804177
|move|p2a: Keldeo|Secret Sword|p1a: One Piece shitty
|-resisted|p1a: One Piece shitty
|-damage|p1a: One Piece shitty|18/100
|move|p1a: One Piece shitty|Future Sight|p2a: Keldeo
|-start|p1a: One Piece shitty|move: Future Sight
|
|upkeep
|turn|38
|l| Linkerrr
|inactive|FreeOuch has 120 seconds left.
|
|t:|1666804212
|move|p2a: Keldeo|Scald|p1a: One Piece shitty
|-resisted|p1a: One Piece shitty
|-damage|p1a: One Piece shitty|0 fnt
|faint|p1a: One Piece shitty
|
|upkeep
|
|t:|1666804237
|switch|p1a: Evangelion trashy|Toxapex, M|78/100
|-damage|p1a: Evangelion trashy|66/100|[from] Stealth Rock
|turn|39
|inactive|FreeOuch has 120 seconds left.
|
|t:|1666804260
|move|p2a: Keldeo|Scald|p1a: Evangelion trashy
|-resisted|p1a: Evangelion trashy
|-damage|p1a: Evangelion trashy|31/100
|move|p1a: Evangelion trashy|Recover|p1a: Evangelion trashy
|-heal|p1a: Evangelion trashy|81/100
|
|-end|p2a: Keldeo|move: Future Sight
|-supereffective|p2a: Keldeo
|-end|p2a: Keldeo|Substitute
|upkeep
|turn|40
|
|t:|1666804277
|move|p2a: Keldeo|Substitute|p2a: Keldeo
|-start|p2a: Keldeo|Substitute
|-damage|p2a: Keldeo|76/100
|move|p1a: Evangelion trashy|Haze|p1a: Evangelion trashy
|-clearallboost
|
|-heal|p2a: Keldeo|82/100|[from] item: Leftovers
|upkeep
|turn|41
|inactive|FreeOuch has 120 seconds left.
|
|t:|1666804314
|move|p2a: Keldeo|Calm Mind|p2a: Keldeo
|-boost|p2a: Keldeo|spa|1
|-boost|p2a: Keldeo|spd|1
|move|p1a: Evangelion trashy|Knock Off|p2a: Keldeo
|-resisted|p2a: Keldeo
|-activate|p2a: Keldeo|move: Substitute|[damage]
|
|-heal|p2a: Keldeo|88/100|[from] item: Leftovers
|upkeep
|turn|42
|
|t:|1666804326
|move|p2a: Keldeo|Scald|p1a: Evangelion trashy
|-resisted|p1a: Evangelion trashy
|-damage|p1a: Evangelion trashy|53/100
|move|p1a: Evangelion trashy|Haze|p1a: Evangelion trashy
|-clearallboost
|
|-heal|p2a: Keldeo|94/100|[from] item: Leftovers
|upkeep
|turn|43
|
|t:|1666804356
|switch|p1a: Evangelion boring|Dragonite, M|82/100
|move|p2a: Keldeo|Scald|p1a: Evangelion boring
|-resisted|p1a: Evangelion boring
|-damage|p1a: Evangelion boring|61/100
|
|-heal|p2a: Keldeo|100/100|[from] item: Leftovers
|upkeep
|turn|44
|
|t:|1666804365
|move|p2a: Keldeo|Scald|p1a: Evangelion boring
|-resisted|p1a: Evangelion boring
|-damage|p1a: Evangelion boring|40/100
|move|p1a: Evangelion boring|Roost|p1a: Evangelion boring
|-heal|p1a: Evangelion boring|90/100
|-singleturn|p1a: Evangelion boring|move: Roost
|
|upkeep
|turn|45
|
|t:|1666804373
|switch|p1a: Evangelion trashy|Toxapex, M|86/100
|-damage|p1a: Evangelion trashy|74/100|[from] Stealth Rock
|move|p2a: Keldeo|Scald|p1a: Evangelion trashy
|-resisted|p1a: Evangelion trashy
|-damage|p1a: Evangelion trashy|55/100
|
|upkeep
|turn|46
|
|t:|1666804385
|switch|p1a: Evangelion boring|Dragonite, M|90/100
|move|p2a: Keldeo|Calm Mind|p2a: Keldeo
|-boost|p2a: Keldeo|spa|1
|-boost|p2a: Keldeo|spd|1
|
|upkeep
|turn|47
|l|☆FreeOuch
|inactive|FreeOuch disconnected and has a minute to reconnect!
|player|p2|
|inactive|FreeOuch has 30 seconds to reconnect!
|j|☆FreeOuch
|inactive|FreeOuch reconnected and has 85 seconds left.
|player|p2|FreeOuch|clair-gen2
|
|t:|1666804430
|switch|p1a: Evangelion trashy|Toxapex, M|88/100
|-damage|p1a: Evangelion trashy|76/100|[from] Stealth Rock
|move|p2a: Keldeo|Scald|p1a: Evangelion trashy
|-resisted|p1a: Evangelion trashy
|-damage|p1a: Evangelion trashy|47/100
|-status|p1a: Evangelion trashy|brn
|
|-damage|p1a: Evangelion trashy|41/100 brn|[from] brn
|upkeep
|turn|48
|
|t:|1666804440
|switch|p2a: Slowking|Slowking-Galar, M|100/100
|-damage|p2a: Slowking|88/100|[from] Stealth Rock
|move|p1a: Evangelion trashy|Recover|p1a: Evangelion trashy
|-heal|p1a: Evangelion trashy|92/100 brn
|
|-damage|p1a: Evangelion trashy|86/100 brn|[from] brn
|upkeep
|turn|49
|
|t:|1666804449
|switch|p1a: HXH is overrated|Chansey, F|47/100
|-damage|p1a: HXH is overrated|35/100|[from] Stealth Rock
|move|p2a: Slowking|Future Sight|p1a: HXH is overrated
|-start|p2a: Slowking|move: Future Sight
|
|upkeep
|turn|50
|
|t:|1666804454
|move|p1a: HXH is overrated|Soft-Boiled|p1a: HXH is overrated
|-heal|p1a: HXH is overrated|85/100
|move|p2a: Slowking|Psyshock|p1a: HXH is overrated
|-damage|p1a: HXH is overrated|56/100
|
|upkeep
|turn|51
|
|t:|1666804459
|move|p1a: HXH is overrated|Soft-Boiled|p1a: HXH is overrated
|-heal|p1a: HXH is overrated|100/100
|move|p2a: Slowking|Psyshock|p1a: HXH is overrated
|-damage|p1a: HXH is overrated|70/100
|
|-end|p1a: HXH is overrated|move: Future Sight
|-damage|p1a: HXH is overrated|53/100
|upkeep
|turn|52
|
|t:|1666804466
|move|p1a: HXH is overrated|Soft-Boiled|p1a: HXH is overrated
|-heal|p1a: HXH is overrated|100/100
|move|p2a: Slowking|Future Sight|p1a: HXH is overrated
|-start|p2a: Slowking|move: Future Sight
|
|upkeep
|turn|53
|
|t:|1666804471
|switch|p1a: Evangelion boring|Dragonite, M|90/100
|switch|p2a: Bisharp|Bisharp, F|95/100
|-damage|p2a: Bisharp|89/100|[from] Stealth Rock
|
|upkeep
|turn|54
|
|t:|1666804478
|switch|p2a: Hippowdon|Hippowdon, F|99/100
|-damage|p2a: Hippowdon|93/100|[from] Stealth Rock
|-weather|Sandstorm|[from] ability: Sand Stream|[of] p2a: Hippowdon
|move|p1a: Evangelion boring|Roost|p1a: Evangelion boring
|-heal|p1a: Evangelion boring|100/100
|-singleturn|p1a: Evangelion boring|move: Roost
|
|-weather|Sandstorm|[upkeep]
|-damage|p1a: Evangelion boring|94/100|[from] Sandstorm
|-end|p1a: Evangelion boring|move: Future Sight
|-damage|p1a: Evangelion boring|38/100
|upkeep
|turn|55
|inactive|FreeOuch has 120 seconds left.
|
|t:|1666804505
|move|p1a: Evangelion boring|Roost|p1a: Evangelion boring
|-heal|p1a: Evangelion boring|88/100
|-singleturn|p1a: Evangelion boring|move: Roost
|move|p2a: Hippowdon|Toxic|p1a: Evangelion boring
|-status|p1a: Evangelion boring|tox
|
|-weather|Sandstorm|[upkeep]
|-damage|p1a: Evangelion boring|82/100 tox|[from] Sandstorm
|-damage|p1a: Evangelion boring|76/100 tox|[from] psn
|upkeep
|turn|56
|
|t:|1666804515
|switch|p1a: DB Super shoddy|Buzzwole|82/100
|-damage|p1a: DB Super shoddy|69/100|[from] Stealth Rock
|move|p2a: Hippowdon|Earthquake|p1a: DB Super shoddy
|-resisted|p1a: DB Super shoddy
|-damage|p1a: DB Super shoddy|61/100
|
|-weather|Sandstorm|[upkeep]
|-damage|p1a: DB Super shoddy|55/100|[from] Sandstorm
|upkeep
|turn|57
|
|t:|1666804523
|move|p1a: DB Super shoddy|Leech Life|p2a: Hippowdon
|-damage|p2a: Hippowdon|65/100
|-heal|p1a: DB Super shoddy|68/100|[from] drain|[of] p2a: Hippowdon
|move|p2a: Hippowdon|Toxic|p1a: DB Super shoddy
|-status|p1a: DB Super shoddy|tox
|
|-weather|Sandstorm|[upkeep]
|-damage|p1a: DB Super shoddy|62/100 tox|[from] Sandstorm
|-damage|p1a: DB Super shoddy|56/100 tox|[from] psn
|upkeep
|turn|58
|
|t:|1666804532
|switch|p2a: Keldeo|Keldeo-Resolute|100/100
|-damage|p2a: Keldeo|94/100|[from] Stealth Rock
|move|p1a: DB Super shoddy|Toxic|p2a: Keldeo
|-status|p2a: Keldeo|tox
|
|-weather|none
|-heal|p2a: Keldeo|100/100 tox|[from] item: Leftovers
|-damage|p2a: Keldeo|94/100 tox|[from] psn
|-damage|p1a: DB Super shoddy|43/100 tox|[from] psn
|upkeep
|turn|59
|
|t:|1666804543
|switch|p1a: Evangelion trashy|Toxapex, M|100/100 brn
|-damage|p1a: Evangelion trashy|88/100 brn|[from] Stealth Rock
|move|p2a: Keldeo|Scald|p1a: Evangelion trashy
|-resisted|p1a: Evangelion trashy
|-damage|p1a: Evangelion trashy|69/100 brn
|
|-heal|p2a: Keldeo|100/100 tox|[from] item: Leftovers
|-damage|p2a: Keldeo|88/100 tox|[from] psn
|-damage|p1a: Evangelion trashy|63/100 brn|[from] brn
|upkeep
|turn|60
|
|t:|1666804554
|switch|p2a: Slowking|Slowking-Galar, M|100/100
|-damage|p2a: Slowking|88/100|[from] Stealth Rock
|switch|p1a: Evangelion boring|Dragonite, M|76/100 tox
|
|-damage|p1a: Evangelion boring|70/100 tox|[from] psn
|upkeep
|turn|61
|
|t:|1666804565
|switch|p1a: HXH is overrated|Chansey, F|100/100
|-damage|p1a: HXH is overrated|88/100|[from] Stealth Rock
|switch|p2a: Hippowdon|Hippowdon, F|65/100
|-damage|p2a: Hippowdon|59/100|[from] Stealth Rock
|-weather|Sandstorm|[from] ability: Sand Stream|[of] p2a: Hippowdon
|
|-weather|Sandstorm|[upkeep]
|-damage|p1a: HXH is overrated|82/100|[from] Sandstorm
|upkeep
|turn|62
|
|t:|1666804575
|move|p1a: HXH is overrated|Aromatherapy|p1a: HXH is overrated
|-activate|p1a: HXH is overrated|move: Aromatherapy
|-curestatus|p1: DB Super shoddy|tox|[msg]
|-curestatus|p1: Evangelion boring|tox|[msg]
|-curestatus|p1: Evangelion trashy|brn|[msg]
|move|p2a: Hippowdon|Slack Off|p2a: Hippowdon
|-heal|p2a: Hippowdon|100/100
|
|-weather|Sandstorm|[upkeep]
|-damage|p1a: HXH is overrated|76/100|[from] Sandstorm
|upkeep
|turn|63
|
|t:|1666804590
|move|p1a: HXH is overrated|Seismic Toss|p2a: Hippowdon
|-damage|p2a: Hippowdon|77/100
|move|p2a: Hippowdon|Toxic|p1a: HXH is overrated
|-status|p1a: HXH is overrated|tox
|
|-weather|Sandstorm|[upkeep]
|-damage|p1a: HXH is overrated|69/100 tox|[from] Sandstorm
|-damage|p1a: HXH is overrated|63/100 tox|[from] psn
|upkeep
|turn|64
|
|t:|1666804600
|move|p1a: HXH is overrated|Soft-Boiled|p1a: HXH is overrated
|-heal|p1a: HXH is overrated|100/100 tox
|move|p2a: Hippowdon|Earthquake|p1a: HXH is overrated
|-damage|p1a: HXH is overrated|72/100 tox
|
|-weather|Sandstorm|[upkeep]
|-damage|p1a: HXH is overrated|66/100 tox|[from] Sandstorm
|-damage|p1a: HXH is overrated|53/100 tox|[from] psn
|upkeep
|turn|65
|
|t:|1666804609
|-curestatus|p1a: HXH is overrated|tox|[from] ability: Natural Cure
|switch|p1a: DB Super shoddy|Buzzwole|43/100
|-damage|p1a: DB Super shoddy|31/100|[from] Stealth Rock
|move|p2a: Hippowdon|Toxic|p1a: DB Super shoddy
|-status|p1a: DB Super shoddy|tox
|
|-weather|none
|-damage|p1a: DB Super shoddy|25/100 tox|[from] psn
|upkeep
|turn|66
|
|t:|1666804618
|move|p1a: DB Super shoddy|Roost|p1a: DB Super shoddy
|-heal|p1a: DB Super shoddy|75/100 tox
|-singleturn|p1a: DB Super shoddy|move: Roost
|move|p2a: Hippowdon|Slack Off|p2a: Hippowdon
|-heal|p2a: Hippowdon|100/100
|
|-damage|p1a: DB Super shoddy|62/100 tox|[from] psn
|upkeep
|turn|67
|
|t:|1666804625
|move|p1a: DB Super shoddy|Roost|p1a: DB Super shoddy
|-heal|p1a: DB Super shoddy|100/100 tox
|-singleturn|p1a: DB Super shoddy|move: Roost
|move|p2a: Hippowdon|Earthquake|p1a: DB Super shoddy
|-resisted|p1a: DB Super shoddy
|-damage|p1a: DB Super shoddy|91/100 tox
|
|-damage|p1a: DB Super shoddy|73/100 tox|[from] psn
|upkeep
|turn|68
|
|t:|1666804633
|switch|p1a: Evangelion boring|Dragonite, M|70/100
|move|p2a: Hippowdon|Toxic|p1a: Evangelion boring
|-status|p1a: Evangelion boring|tox
|
|-damage|p1a: Evangelion boring|63/100 tox|[from] psn
|upkeep
|turn|69
|inactive|FreeOuch has 120 seconds left.
|
|t:|1666804669
|switch|p1a: HXH is overrated|Chansey, F|53/100
|-damage|p1a: HXH is overrated|41/100|[from] Stealth Rock
|switch|p2a: Keldeo|Keldeo-Resolute|88/100 tox
|-damage|p2a: Keldeo|82/100 tox|[from] Stealth Rock
|
|-heal|p2a: Keldeo|88/100 tox|[from] item: Leftovers
|-damage|p2a: Keldeo|82/100 tox|[from] psn
|upkeep
|turn|70
|inactive|FreeOuch has 120 seconds left.
|
|t:|1666804681
|switch|p1a: Evangelion boring|Dragonite, M|63/100 tox
|move|p2a: Keldeo|Secret Sword|p1a: Evangelion boring
|-resisted|p1a: Evangelion boring
|-damage|p1a: Evangelion boring|48/100 tox
|
|-heal|p2a: Keldeo|88/100 tox|[from] item: Leftovers
|-damage|p2a: Keldeo|76/100 tox|[from] psn
|-damage|p1a: Evangelion boring|42/100 tox|[from] psn
|upkeep
|turn|71
|
|t:|1666804691
|switch|p2a: Hippowdon|Hippowdon, F|100/100
|-damage|p2a: Hippowdon|94/100|[from] Stealth Rock
|-weather|Sandstorm|[from] ability: Sand Stream|[of] p2a: Hippowdon
|move|p1a: Evangelion boring|Roost|p1a: Evangelion boring
|-heal|p1a: Evangelion boring|92/100 tox
|-singleturn|p1a: Evangelion boring|move: Roost
|
|-weather|Sandstorm|[upkeep]
|-damage|p1a: Evangelion boring|85/100 tox|[from] Sandstorm
|-damage|p1a: Evangelion boring|73/100 tox|[from] psn
|upkeep
|turn|72
|
|t:|1666804703
|switch|p1a: DB Super shoddy|Buzzwole|73/100 tox
|-damage|p1a: DB Super shoddy|60/100 tox|[from] Stealth Rock
|move|p2a: Hippowdon|Earthquake|p1a: DB Super shoddy
|-resisted|p1a: DB Super shoddy
|-damage|p1a: DB Super shoddy|51/100 tox
|
|-weather|Sandstorm|[upkeep]
|-damage|p1a: DB Super shoddy|45/100 tox|[from] Sandstorm
|-damage|p1a: DB Super shoddy|38/100 tox|[from] psn
|upkeep
|turn|73
|
|t:|1666804718
|switch|p2a: Keldeo|Keldeo-Resolute|76/100 tox
|-damage|p2a: Keldeo|69/100 tox|[from] Stealth Rock
|move|p1a: DB Super shoddy|Roost|p1a: DB Super shoddy
|-heal|p1a: DB Super shoddy|88/100 tox
|-singleturn|p1a: DB Super shoddy|move: Roost
|
|-weather|Sandstorm|[upkeep]
|-damage|p2a: Keldeo|63/100 tox|[from] Sandstorm
|-damage|p1a: DB Super shoddy|82/100 tox|[from] Sandstorm
|-heal|p2a: Keldeo|69/100 tox|[from] item: Leftovers
|-damage|p2a: Keldeo|63/100 tox|[from] psn
|-damage|p1a: DB Super shoddy|70/100 tox|[from] psn
|upkeep
|turn|74
|
|t:|1666804729
|switch|p1a: Evangelion trashy|Toxapex, M|97/100
|-damage|p1a: Evangelion trashy|84/100|[from] Stealth Rock
|move|p2a: Keldeo|Scald|p1a: Evangelion trashy
|-resisted|p1a: Evangelion trashy
|-damage|p1a: Evangelion trashy|67/100
|
|-weather|Sandstorm|[upkeep]
|-damage|p2a: Keldeo|57/100 tox|[from] Sandstorm
|-damage|p1a: Evangelion trashy|61/100|[from] Sandstorm
|-heal|p2a: Keldeo|63/100 tox|[from] item: Leftovers
|-damage|p2a: Keldeo|51/100 tox|[from] psn
|upkeep
|turn|75
|
|t:|1666804744
|switch|p2a: Bisharp|Bisharp, F|89/100
|-damage|p2a: Bisharp|83/100|[from] Stealth Rock
|switch|p1a: Evangelion boring|Dragonite, M|73/100 tox
|
|-weather|none
|-damage|p1a: Evangelion boring|67/100 tox|[from] psn
|upkeep
|turn|76
|
|t:|1666804759
|switch|p1a: Evangelion trashy|Toxapex, M|94/100
|-damage|p1a: Evangelion trashy|82/100|[from] Stealth Rock
|move|p2a: Bisharp|Knock Off|p1a: Evangelion trashy
|-damage|p1a: Evangelion trashy|32/100
|-damage|p2a: Bisharp|66/100|[from] item: Rocky Helmet|[of] p1a: Evangelion trashy
|-enditem|p1a: Evangelion trashy|Rocky Helmet|[from] move: Knock Off|[of] p2a: Bisharp
|
|upkeep
|turn|77
|
|t:|1666804768
|switch|p2a: Slowking|Slowking-Galar, M|100/100
|-damage|p2a: Slowking|88/100|[from] Stealth Rock
|move|p1a: Evangelion trashy|Recover|p1a: Evangelion trashy
|-heal|p1a: Evangelion trashy|82/100
|
|upkeep
|turn|78
|
|t:|1666804775
|switch|p1a: HXH is overrated|Chansey, F|41/100
|-damage|p1a: HXH is overrated|28/100|[from] Stealth Rock
|move|p2a: Slowking|Psyshock|p1a: HXH is overrated
|-damage|p1a: HXH is overrated|0 fnt
|faint|p1a: HXH is overrated
|
|upkeep
|
|t:|1666804783
|switch|p1a: Evangelion boring|Dragonite, M|67/100 tox
|turn|79
|
|t:|1666804787
|switch|p1a: DB Super shoddy|Buzzwole|70/100 tox
|-damage|p1a: DB Super shoddy|57/100 tox|[from] Stealth Rock
|switch|p2a: Hippowdon|Hippowdon, F|94/100
|-damage|p2a: Hippowdon|88/100|[from] Stealth Rock
|-weather|Sandstorm|[from] ability: Sand Stream|[of] p2a: Hippowdon
|
|-weather|Sandstorm|[upkeep]
|-damage|p1a: DB Super shoddy|51/100 tox|[from] Sandstorm
|-damage|p1a: DB Super shoddy|45/100 tox|[from] psn
|upkeep
|turn|80
|
|t:|1666804798
|move|p1a: DB Super shoddy|Toxic|p2a: Hippowdon
|-status|p2a: Hippowdon|tox
|move|p2a: Hippowdon|Slack Off|p2a: Hippowdon
|-heal|p2a: Hippowdon|100/100 tox
|
|-weather|Sandstorm|[upkeep]
|-damage|p1a: DB Super shoddy|39/100 tox|[from] Sandstorm
|-damage|p1a: DB Super shoddy|26/100 tox|[from] psn
|-damage|p2a: Hippowdon|94/100 tox|[from] psn
|upkeep
|turn|81
|
|t:|1666804809
|move|p1a: DB Super shoddy|Roost|p1a: DB Super shoddy
|-heal|p1a: DB Super shoddy|76/100 tox
|-singleturn|p1a: DB Super shoddy|move: Roost
|move|p2a: Hippowdon|Earthquake|p1a: DB Super shoddy
|-resisted|p1a: DB Super shoddy
|-damage|p1a: DB Super shoddy|67/100 tox
|
|-weather|Sandstorm|[upkeep]
|-damage|p1a: DB Super shoddy|61/100 tox|[from] Sandstorm
|-damage|p1a: DB Super shoddy|43/100 tox|[from] psn
|-damage|p2a: Hippowdon|82/100 tox|[from] psn
|upkeep
|turn|82
|
|t:|1666804818
|switch|p2a: Keldeo|Keldeo-Resolute|51/100 tox
|-damage|p2a: Keldeo|45/100 tox|[from] Stealth Rock
|move|p1a: DB Super shoddy|Roost|p1a: DB Super shoddy
|-heal|p1a: DB Super shoddy|93/100 tox
|-singleturn|p1a: DB Super shoddy|move: Roost
|
|-weather|Sandstorm|[upkeep]
|-damage|p2a: Keldeo|38/100 tox|[from] Sandstorm
|-damage|p1a: DB Super shoddy|86/100 tox|[from] Sandstorm
|-heal|p2a: Keldeo|45/100 tox|[from] item: Leftovers
|-damage|p2a: Keldeo|38/100 tox|[from] psn
|-damage|p1a: DB Super shoddy|62/100 tox|[from] psn
|upkeep
|turn|83
|inactive|FreeOuch has 120 seconds left.
|
|t:|1666804850
|switch|p1a: Evangelion trashy|Toxapex, M|100/100
|-damage|p1a: Evangelion trashy|88/100|[from] Stealth Rock
|move|p2a: Keldeo|Scald|p1a: Evangelion trashy
|-resisted|p1a: Evangelion trashy
|-damage|p1a: Evangelion trashy|71/100
|-status|p1a: Evangelion trashy|brn
|
|-weather|none
|-heal|p2a: Keldeo|45/100 tox|[from] item: Leftovers
|-damage|p2a: Keldeo|32/100 tox|[from] psn
|-damage|p1a: Evangelion trashy|65/100 brn|[from] brn
|upkeep
|turn|84
|
|t:|1666804862
|switch|p2a: Slowking|Slowking-Galar, M|100/100
|-damage|p2a: Slowking|88/100|[from] Stealth Rock
|switch|p1a: Evangelion boring|Dragonite, M|67/100 tox
|
|-damage|p1a: Evangelion boring|61/100 tox|[from] psn
|upkeep
|turn|85
|
|t:|1666804870
|switch|p2a: Keldeo|Keldeo-Resolute|32/100 tox
|-damage|p2a: Keldeo|26/100 tox|[from] Stealth Rock
|move|p1a: Evangelion boring|Roost|p1a: Evangelion boring
|-heal|p1a: Evangelion boring|100/100 tox
|-singleturn|p1a: Evangelion boring|move: Roost
|
|-heal|p2a: Keldeo|32/100 tox|[from] item: Leftovers
|-damage|p2a: Keldeo|26/100 tox|[from] psn
|-damage|p1a: Evangelion boring|88/100 tox|[from] psn
|upkeep
|turn|86
|
|t:|1666804881
|move|p2a: Keldeo|Scald|p1a: Evangelion boring
|-resisted|p1a: Evangelion boring
|-damage|p1a: Evangelion boring|69/100 tox
|move|p1a: Evangelion boring|Earthquake|p2a: Keldeo
|-damage|p2a: Keldeo|0 fnt
|faint|p2a: Keldeo
|
|-damage|p1a: Evangelion boring|50/100 tox|[from] psn
|upkeep
|
|t:|1666804887
|switch|p2a: Hippowdon|Hippowdon, F|82/100 tox
|-damage|p2a: Hippowdon|76/100 tox|[from] Stealth Rock
|-weather|Sandstorm|[from] ability: Sand Stream|[of] p2a: Hippowdon
|turn|87
|
|t:|1666804893
|move|p1a: Evangelion boring|Roost|p1a: Evangelion boring
|-heal|p1a: Evangelion boring|99/100 tox
|-singleturn|p1a: Evangelion boring|move: Roost
|move|p2a: Hippowdon|Earthquake|p1a: Evangelion boring
|-damage|p1a: Evangelion boring|74/100 tox
|
|-weather|Sandstorm|[upkeep]
|-damage|p1a: Evangelion boring|68/100 tox|[from] Sandstorm
|-damage|p1a: Evangelion boring|43/100 tox|[from] psn
|-damage|p2a: Hippowdon|70/100 tox|[from] psn
|upkeep
|turn|88
|
|t:|1666804903
|switch|p1a: Evangelion trashy|Toxapex, M|99/100 brn
|-damage|p1a: Evangelion trashy|86/100 brn|[from] Stealth Rock
|move|p2a: Hippowdon|Slack Off|p2a: Hippowdon
|-heal|p2a: Hippowdon|100/100 tox
|
|-weather|Sandstorm|[upkeep]
|-damage|p1a: Evangelion trashy|80/100 brn|[from] Sandstorm
|-damage|p2a: Hippowdon|88/100 tox|[from] psn
|-damage|p1a: Evangelion trashy|74/100 brn|[from] brn
|upkeep
|turn|89
|
|t:|1666804918
|move|p2a: Hippowdon|Earthquake|p1a: Evangelion trashy
|-supereffective|p1a: Evangelion trashy
|-damage|p1a: Evangelion trashy|28/100 brn
|move|p1a: Evangelion trashy|Recover|p1a: Evangelion trashy
|-heal|p1a: Evangelion trashy|78/100 brn
|
|-weather|Sandstorm|[upkeep]
|-damage|p1a: Evangelion trashy|72/100 brn|[from] Sandstorm
|-damage|p2a: Hippowdon|70/100 tox|[from] psn
|-damage|p1a: Evangelion trashy|67/100 brn|[from] brn
|upkeep
|turn|90
|
|t:|1666804928
|switch|p2a: Slowking|Slowking-Galar, M|100/100
|-damage|p2a: Slowking|88/100|[from] Stealth Rock
|move|p1a: Evangelion trashy|Scald|p2a: Slowking
|-damage|p2a: Slowking|76/100
|-status|p2a: Slowking|brn
|
|-weather|Sandstorm|[upkeep]
|-damage|p1a: Evangelion trashy|61/100 brn|[from] Sandstorm
|-damage|p2a: Slowking|70/100 brn|[from] Sandstorm
|-damage|p1a: Evangelion trashy|55/100 brn|[from] brn
|-damage|p2a: Slowking|63/100 brn|[from] brn
|upkeep
|turn|91
|
|t:|1666804941
|move|p1a: Evangelion trashy|Recover|p1a: Evangelion trashy
|-heal|p1a: Evangelion trashy|100/100 brn
|move|p2a: Slowking|Future Sight|p1a: Evangelion trashy
|-start|p2a: Slowking|move: Future Sight
|
|-weather|none
|-damage|p1a: Evangelion trashy|95/100 brn|[from] brn
|-damage|p2a: Slowking|57/100 brn|[from] brn
|upkeep
|turn|92
|
|t:|1666804948
|move|p1a: Evangelion trashy|Scald|p2a: Slowking
|-damage|p2a: Slowking|43/100 brn
|move|p2a: Slowking|Psyshock|p1a: Evangelion trashy
|-supereffective|p1a: Evangelion trashy
|-damage|p1a: Evangelion trashy|40/100 brn
|
|-damage|p1a: Evangelion trashy|34/100 brn|[from] brn
|-damage|p2a: Slowking|37/100 brn|[from] brn
|upkeep
|turn|93
|
|t:|1666804956
|switch|p1a: Evangelion boring|Dragonite, M|43/100 tox
|move|p2a: Slowking|Psyshock|p1a: Evangelion boring
|-damage|p1a: Evangelion boring|17/100 tox
|
|-end|p1a: Evangelion boring|move: Future Sight
|-damage|p1a: Evangelion boring|0 fnt
|faint|p1a: Evangelion boring
|-damage|p2a: Slowking|31/100 brn|[from] brn
|upkeep
|
|t:|1666804965
|switch|p1a: DB Super shoddy|Buzzwole|62/100 tox
|-damage|p1a: DB Super shoddy|49/100 tox|[from] Stealth Rock
|turn|94
|
|t:|1666804968
|move|p1a: DB Super shoddy|Leech Life|p2a: Slowking
|-damage|p2a: Slowking|0 fnt
|-heal|p1a: DB Super shoddy|64/100 tox|[from] drain|[of] p2a: Slowking
|faint|p2a: Slowking
|-ability|p1a: DB Super shoddy|Beast Boost|boost
|-boost|p1a: DB Super shoddy|def|1
|
|-damage|p1a: DB Super shoddy|57/100 tox|[from] psn
|upkeep
|
|t:|1666804974
|switch|p2a: Hippowdon|Hippowdon, F|70/100 tox
|-damage|p2a: Hippowdon|63/100 tox|[from] Stealth Rock
|-weather|Sandstorm|[from] ability: Sand Stream|[of] p2a: Hippowdon
|turn|95
|
|t:|1666804980
|move|p1a: DB Super shoddy|Roost|p1a: DB Super shoddy
|-heal|p1a: DB Super shoddy|100/100 tox
|-singleturn|p1a: DB Super shoddy|move: Roost
|move|p2a: Hippowdon|Slack Off|p2a: Hippowdon
|-heal|p2a: Hippowdon|100/100 tox
|
|-weather|Sandstorm|[upkeep]
|-damage|p1a: DB Super shoddy|94/100 tox|[from] Sandstorm
|-damage|p1a: DB Super shoddy|82/100 tox|[from] psn
|-damage|p2a: Hippowdon|94/100 tox|[from] psn
|upkeep
|turn|96
|
|t:|1666804992
|move|p1a: DB Super shoddy|Leech Life|p2a: Hippowdon
|-damage|p2a: Hippowdon|66/100 tox
|-heal|p1a: DB Super shoddy|96/100 tox|[from] drain|[of] p2a: Hippowdon
|move|p2a: Hippowdon|Slack Off|p2a: Hippowdon
|-heal|p2a: Hippowdon|100/100 tox
|
|-weather|Sandstorm|[upkeep]
|-damage|p1a: DB Super shoddy|90/100 tox|[from] Sandstorm
|-damage|p1a: DB Super shoddy|71/100 tox|[from] psn
|-damage|p2a: Hippowdon|88/100 tox|[from] psn
|upkeep
|turn|97
|
|t:|1666805002
|switch|p1a: Evangelion trashy|Toxapex, M|68/100 brn
|-damage|p1a: Evangelion trashy|56/100 brn|[from] Stealth Rock
|move|p2a: Hippowdon|Earthquake|p1a: Evangelion trashy
|-supereffective|p1a: Evangelion trashy
|-damage|p1a: Evangelion trashy|9/100 brn
|
|-weather|Sandstorm|[upkeep]
|-damage|p1a: Evangelion trashy|3/100 brn|[from] Sandstorm
|-damage|p2a: Hippowdon|70/100 tox|[from] psn
|-damage|p1a: Evangelion trashy|0 fnt|[from] brn
|faint|p1a: Evangelion trashy
|upkeep
|
|t:|1666805013
|switch|p1a: DB Super shoddy|Buzzwole|71/100 tox
|-damage|p1a: DB Super shoddy|59/100 tox|[from] Stealth Rock
|turn|98
|
|t:|1666805017
|move|p1a: DB Super shoddy|Roost|p1a: DB Super shoddy
|-heal|p1a: DB Super shoddy|100/100 tox
|-singleturn|p1a: DB Super shoddy|move: Roost
|move|p2a: Hippowdon|Slack Off|p2a: Hippowdon
|-heal|p2a: Hippowdon|100/100 tox
|
|-weather|Sandstorm|[upkeep]
|-damage|p1a: DB Super shoddy|94/100 tox|[from] Sandstorm
|-damage|p1a: DB Super shoddy|88/100 tox|[from] psn
|-damage|p2a: Hippowdon|76/100 tox|[from] psn
|upkeep
|turn|99
|j| BabyPigsAreLaughin
|
|t:|1666805026
|move|p1a: DB Super shoddy|Leech Life|p2a: Hippowdon
|-damage|p2a: Hippowdon|49/100 tox
|-heal|p1a: DB Super shoddy|100/100 tox|[from] drain|[of] p2a: Hippowdon
|move|p2a: Hippowdon|Slack Off|p2a: Hippowdon
|-heal|p2a: Hippowdon|99/100 tox
|
|-weather|none
|-damage|p1a: DB Super shoddy|88/100 tox|[from] psn
|-damage|p2a: Hippowdon|68/100 tox|[from] psn
|upkeep
|turn|100
|
|t:|1666805048
|switch|p2a: Bisharp|Bisharp, F|66/100
|-damage|p2a: Bisharp|60/100|[from] Stealth Rock
|move|p1a: DB Super shoddy|Close Combat|p2a: Bisharp
|-supereffective|p2a: Bisharp
|-damage|p2a: Bisharp|0 fnt
|-unboost|p1a: DB Super shoddy|def|1
|-unboost|p1a: DB Super shoddy|spd|1
|faint|p2a: Bisharp
|-ability|p1a: DB Super shoddy|Beast Boost|boost
|-boost|p1a: DB Super shoddy|def|1
|
|-damage|p1a: DB Super shoddy|69/100 tox|[from] psn
|upkeep
|
|t:|1666805054
|switch|p2a: Hippowdon|Hippowdon, F|68/100 tox
|-damage|p2a: Hippowdon|62/100 tox|[from] Stealth Rock
|-weather|Sandstorm|[from] ability: Sand Stream|[of] p2a: Hippowdon
|turn|101
|
|t:|1666805066
|move|p1a: DB Super shoddy|Close Combat|p2a: Hippowdon
|-damage|p2a: Hippowdon|21/100 tox
|-unboost|p1a: DB Super shoddy|def|1
|-unboost|p1a: DB Super shoddy|spd|1
|move|p2a: Hippowdon|Slack Off|p2a: Hippowdon
|-heal|p2a: Hippowdon|71/100 tox
|
|-weather|Sandstorm|[upkeep]
|-damage|p1a: DB Super shoddy|63/100 tox|[from] Sandstorm
|-damage|p1a: DB Super shoddy|38/100 tox|[from] psn
|-damage|p2a: Hippowdon|65/100 tox|[from] psn
|upkeep
|turn|102
|
|t:|1666805076
|move|p1a: DB Super shoddy|Roost|p1a: DB Super shoddy
|-heal|p1a: DB Super shoddy|88/100 tox
|-singleturn|p1a: DB Super shoddy|move: Roost
|move|p2a: Hippowdon|Earthquake|p1a: DB Super shoddy
|-resisted|p1a: DB Super shoddy
|-damage|p1a: DB Super shoddy|74/100 tox
|
|-weather|Sandstorm|[upkeep]
|-damage|p1a: DB Super shoddy|68/100 tox|[from] Sandstorm
|-damage|p1a: DB Super shoddy|37/100 tox|[from] psn
|-damage|p2a: Hippowdon|53/100 tox|[from] psn
|upkeep
|turn|103
|
|t:|1666805084
|move|p1a: DB Super shoddy|Roost|p1a: DB Super shoddy
|-heal|p1a: DB Super shoddy|87/100 tox
|-singleturn|p1a: DB Super shoddy|move: Roost
|move|p2a: Hippowdon|Slack Off|p2a: Hippowdon
|-heal|p2a: Hippowdon|100/100 tox
|
|-weather|Sandstorm|[upkeep]
|-damage|p1a: DB Super shoddy|80/100 tox|[from] Sandstorm
|-damage|p1a: DB Super shoddy|43/100 tox|[from] psn
|-damage|p2a: Hippowdon|82/100 tox|[from] psn
|upkeep
|turn|104
|
|t:|1666805093
|move|p1a: DB Super shoddy|Roost|p1a: DB Super shoddy
|-heal|p1a: DB Super shoddy|93/100 tox
|-singleturn|p1a: DB Super shoddy|move: Roost
|move|p2a: Hippowdon|Earthquake|p1a: DB Super shoddy
|-resisted|p1a: DB Super shoddy
|-damage|p1a: DB Super shoddy|80/100 tox
|
|-weather|Sandstorm|[upkeep]
|-damage|p1a: DB Super shoddy|74/100 tox|[from] Sandstorm
|-damage|p1a: DB Super shoddy|30/100 tox|[from] psn
|-damage|p2a: Hippowdon|57/100 tox|[from] psn
|upkeep
|turn|105
|
|t:|1666805101
|move|p1a: DB Super shoddy|Roost|p1a: DB Super shoddy
|-heal|p1a: DB Super shoddy|80/100 tox
|-singleturn|p1a: DB Super shoddy|move: Roost
|move|p2a: Hippowdon|Slack Off|p2a: Hippowdon
|-heal|p2a: Hippowdon|100/100 tox
|
|-weather|none
|-damage|p1a: DB Super shoddy|31/100 tox|[from] psn
|-damage|p2a: Hippowdon|70/100 tox|[from] psn
|upkeep
|turn|106
|
|t:|1666805108
|move|p1a: DB Super shoddy|Roost|p1a: DB Super shoddy
|-heal|p1a: DB Super shoddy|81/100 tox
|-singleturn|p1a: DB Super shoddy|move: Roost
|move|p2a: Hippowdon|Slack Off|p2a: Hippowdon
|-heal|p2a: Hippowdon|100/100 tox
|
|-damage|p1a: DB Super shoddy|25/100 tox|[from] psn
|-damage|p2a: Hippowdon|63/100 tox|[from] psn
|upkeep
|turn|107
|
|t:|1666805117
|move|p1a: DB Super shoddy|Roost|p1a: DB Super shoddy
|-heal|p1a: DB Super shoddy|75/100 tox
|-singleturn|p1a: DB Super shoddy|move: Roost
|move|p2a: Hippowdon|Slack Off|p2a: Hippowdon
|-heal|p2a: Hippowdon|100/100 tox
|
|-damage|p1a: DB Super shoddy|12/100 tox|[from] psn
|-damage|p2a: Hippowdon|57/100 tox|[from] psn
|upkeep
|turn|108
|
|t:|1666805126
|move|p1a: DB Super shoddy|Close Combat|p2a: Hippowdon
|-damage|p2a: Hippowdon|21/100 tox
|-unboost|p1a: DB Super shoddy|def|1
|-unboost|p1a: DB Super shoddy|spd|1
|move|p2a: Hippowdon|Earthquake|p1a: DB Super shoddy
|-resisted|p1a: DB Super shoddy
|-crit|p1a: DB Super shoddy
|-damage|p1a: DB Super shoddy|0 fnt
|faint|p1a: DB Super shoddy
|
|win|FreeOuch
|raw|ghecisbestvillain's rating: 1698 &rarr; <strong>1672</strong><br />(-26 for losing)
|raw|FreeOuch's rating: 1588 &rarr; <strong>1614</strong><br />(+26 for winning)
|l|☆ghecisbestvillain
|l| BabyPigsAreLaughin
||Ladder isn't responding, score probably updated but might not have (Request timeout).
|l|☆FreeOuch
|j|☆FreeOuch
|player|p2|FreeOuch|clair-gen2
