|raw|<div class="broadcast-blue"><strong>This battle is required to be public due to a player having a name starting with 'lt93oq'.</div>
|j|☆4funaccount
|j|‽LT93OQ Ado
|t:|1660545386
|gametype|singles
|player|p1|4funaccount|furisodegirl-blue|1754
|player|p2|LT93OQ Ado|lucy-gen3|1808
|teamsize|p1|6
|teamsize|p2|6
|gen|8
|tier|[Gen 8] OU
|rated|
|rule|Sleep Clause Mod: Limit one foe put to sleep
|rule|Species Clause: Limit one of each Pokémon
|rule|OHKO Clause: OHKO moves are banned
|rule|Evasion Items Clause: Evasion items are banned
|rule|Evasion Moves Clause: Evasion moves are banned
|rule|Endless Battle Clause: Forcing endless battles is banned
|rule|HP Percentage Mod: HP is shown in percentages
|rule|Dynamax Clause: You cannot dynamax
|clearpoke
|poke|p1|Trubbish, F|
|poke|p1|Eldegoss, M|
|poke|p1|Clefable, M|
|poke|p1|Swampert, F|
|poke|p1|Bisharp, M|
|poke|p1|Tornadus-Therian, M|
|poke|p2|Blissey, F|
|poke|p2|Corviknight, F|
|poke|p2|Toxapex, F|
|poke|p2|Quagsire, M|
|poke|p2|Buzzwole|
|poke|p2|Slowking-Galar, M|
|teampreview
|inactive|Battle timer is ON: inactive players will automatically lose when time's up. (requested by LT93OQ Ado)
|j| LT93OQ Lio
|j| Bad Players
|j| inverted image
|inactive|4funaccount has 120 seconds left.
|j| ILoveThe1975
|
|t:|1660545425
|start
|switch|p1a: Trubbish|Trubbish, F|100/100
|switch|p2a: Toxapex|Toxapex, F|100/100
|turn|1
|
|t:|1660545432
|switch|p2a: Slowking|Slowking-Galar, M|100/100
|move|p1a: Trubbish|Corrosive Gas|p2a: Slowking
|-enditem|p2a: Slowking|Black Sludge|[from] move: Corrosive Gas|[of] p1a: Trubbish
|
|upkeep
|turn|2
|
|t:|1660545439
|move|p1a: Trubbish|Spikes|p2a: Slowking
|-sidestart|p2: LT93OQ Ado|Spikes
|move|p2a: Slowking|Trick|p1a: Trubbish
|-immune|p1a: Trubbish
|
|upkeep
|turn|3
|
|t:|1660545449
|switch|p1a: Tornadus|Tornadus-Therian, M|100/100
|move|p2a: Slowking|Nasty Plot|p2a: Slowking
|-boost|p2a: Slowking|spa|2
|
|upkeep
|turn|4
|j| angrrry
|
|t:|1660545461
|switch|p1a: Bisharp|Bisharp, M|100/100
|move|p2a: Slowking|Sludge Bomb|p1a: Bisharp
|-immune|p1a: Bisharp
|
|upkeep
|turn|5
|
|t:|1660545471
|switch|p1a: Tornadus|Tornadus-Therian, M|100/100
|switch|p2a: Corviknight|Corviknight, F|100/100
|-ability|p2a: Corviknight|Pressure
|
|upkeep
|turn|6
|
|t:|1660545474
|switch|p2a: Toxapex|Toxapex, F|100/100
|-damage|p2a: Toxapex|88/100|[from] Spikes
|move|p1a: Tornadus|Heat Wave|p2a: Toxapex
|-resisted|p2a: Toxapex
|-damage|p2a: Toxapex|73/100
|
|upkeep
|turn|7
|
|t:|1660545477
|switch|p1a: Trubbish|Trubbish, F|100/100
|move|p2a: Toxapex|Knock Off|p1a: Trubbish
|-damage|p1a: Trubbish|90/100
|-activate|p1a: Trubbish|ability: Sticky Hold
|
|upkeep
|turn|8
|
|t:|1660545484
|switch|p2a: Corviknight|Corviknight, F|100/100
|-ability|p2a: Corviknight|Pressure
|move|p1a: Trubbish|Corrosive Gas|p2a: Corviknight
|-enditem|p2a: Corviknight|Shed Shell|[from] move: Corrosive Gas|[of] p1a: Trubbish
|
|upkeep
|turn|9
|
|t:|1660545492
|switch|p1a: Swampert|Swampert, F|100/100
|move|p2a: Corviknight|Defog|p1a: Swampert
|-unboost|p1a: Swampert|evasion|1
|-sideend|p2: LT93OQ Ado|Spikes|[from] move: Defog|[of] p2a: Corviknight
|
|upkeep
|turn|10
|
|t:|1660545495
|move|p2a: Corviknight|Iron Defense|p2a: Corviknight
|-boost|p2a: Corviknight|def|2
|move|p1a: Swampert|Stealth Rock|p2a: Corviknight
|-sidestart|p2: LT93OQ Ado|move: Stealth Rock
|
|upkeep
|turn|11
|
|t:|1660545501
|move|p1a: Swampert|Protect|p1a: Swampert
|-singleturn|p1a: Swampert|Protect
|move|p2a: Corviknight|Defog|p1a: Swampert
|-activate|p1a: Swampert|move: Protect
|
|upkeep
|turn|12
|
|t:|1660545504
|move|p2a: Corviknight|Defog|p1a: Swampert
|-unboost|p1a: Swampert|evasion|1
|-sideend|p2: LT93OQ Ado|Stealth Rock|[from] move: Defog|[of] p2a: Corviknight
|move|p1a: Swampert|Flip Turn|p2a: Corviknight
|-damage|p2a: Corviknight|93/100
|
|t:|1660545508
|switch|p1a: Trubbish|Trubbish, F|90/100|[from]move: Flip Turn
|
|upkeep
|turn|13
|
|t:|1660545522
|move|p2a: Corviknight|Iron Defense|p2a: Corviknight
|-boost|p2a: Corviknight|def|2
|move|p1a: Trubbish|Spikes|p2a: Corviknight
|-sidestart|p2: LT93OQ Ado|Spikes
|
|upkeep
|turn|14
|
|t:|1660545531
|switch|p1a: Tornadus|Tornadus-Therian, M|100/100
|move|p2a: Corviknight|Body Press|p1a: Tornadus
|-resisted|p1a: Tornadus
|-damage|p1a: Tornadus|48/100
|
|upkeep
|turn|15
|
|t:|1660545537
|move|p1a: Tornadus|Heat Wave|p2a: Corviknight
|-supereffective|p2a: Corviknight
|-damage|p2a: Corviknight|10/100
|move|p2a: Corviknight|Body Press|p1a: Tornadus
|-resisted|p1a: Tornadus
|-damage|p1a: Tornadus|0 fnt
|faint|p1a: Tornadus
|
|upkeep
|
|t:|1660545546
|switch|p1a: Bisharp|Bisharp, M|100/100
|turn|16
|
|t:|1660545551
|switch|p1a: Swampert|Swampert, F|100/100
|switch|p2a: Buzzwole|Buzzwole|100/100
|-damage|p2a: Buzzwole|88/100|[from] Spikes
|
|upkeep
|turn|17
|l| inverted image
|
|t:|1660545563
|move|p2a: Buzzwole|Ice Punch|p1a: Swampert
|-damage|p1a: Swampert|81/100
|move|p1a: Swampert|Flip Turn|p2a: Buzzwole
|-damage|p2a: Buzzwole|75/100
|-damage|p1a: Swampert|64/100|[from] item: Rocky Helmet|[of] p2a: Buzzwole
|
|t:|1660545569
|switch|p1a: Clefable|Clefable, M|100/100|[from]move: Flip Turn
|
|upkeep
|turn|18
|
|t:|1660545573
|switch|p2a: Slowking|Slowking-Galar, M|100/100
|-damage|p2a: Slowking|88/100|[from] Spikes
|switch|p1a: Swampert|Swampert, F|64/100
|
|-heal|p1a: Swampert|71/100|[from] item: Leftovers
|upkeep
|turn|19
|
|t:|1660545578
|switch|p2a: Toxapex|Toxapex, F|100/100
|-damage|p2a: Toxapex|88/100|[from] Spikes
|move|p1a: Swampert|Flip Turn|p2a: Toxapex
|-resisted|p2a: Toxapex
|-damage|p2a: Toxapex|80/100
|
|t:|1660545582
|switch|p1a: Eldegoss|Eldegoss, M|100/100|[from]move: Flip Turn
|
|upkeep
|turn|20
|
|t:|1660545586
|move|p1a: Eldegoss|Sleep Powder|p2a: Toxapex|[miss]
|-miss|p1a: Eldegoss|p2a: Toxapex
|move|p2a: Toxapex|Knock Off|p1a: Eldegoss
|-damage|p1a: Eldegoss|89/100
|-damage|p2a: Toxapex|64/100|[from] item: Rocky Helmet|[of] p1a: Eldegoss
|-enditem|p1a: Eldegoss|Rocky Helmet|[from] move: Knock Off|[of] p2a: Toxapex
|
|upkeep
|turn|21
|
|t:|1660545590
|switch|p2a: Blissey|Blissey, F|100/100
|move|p1a: Eldegoss|Sleep Powder|p2a: Blissey
|-status|p2a: Blissey|slp|[from] move: Sleep Powder
|
|upkeep
|turn|22
|j| inverted image
|
|t:|1660545599
|switch|p1a: Bisharp|Bisharp, M|100/100
|-curestatus|p2a: Blissey|slp|[from] ability: Natural Cure
|switch|p2a: Corviknight|Corviknight, F|10/100
|-ability|p2a: Corviknight|Pressure
|
|upkeep
|turn|23
|
|t:|1660545604
|switch|p2a: Buzzwole|Buzzwole|75/100
|-damage|p2a: Buzzwole|62/100|[from] Spikes
|move|p1a: Bisharp|Knock Off|p2a: Buzzwole
|-resisted|p2a: Buzzwole
|-damage|p2a: Buzzwole|45/100
|-damage|p1a: Bisharp|84/100|[from] item: Rocky Helmet|[of] p2a: Buzzwole
|-enditem|p2a: Buzzwole|Rocky Helmet|[from] move: Knock Off|[of] p1a: Bisharp
|
|-heal|p1a: Bisharp|90/100|[from] item: Leftovers
|upkeep
|turn|24
|
|t:|1660545607
|switch|p1a: Swampert|Swampert, F|71/100
|move|p2a: Buzzwole|Roost|p2a: Buzzwole
|-heal|p2a: Buzzwole|95/100
|-singleturn|p2a: Buzzwole|move: Roost
|
|-heal|p1a: Swampert|77/100|[from] item: Leftovers
|upkeep
|turn|25
|l| inverted image
|
|t:|1660545612
|move|p2a: Buzzwole|Leech Life|p1a: Swampert
|-damage|p1a: Swampert|45/100
|-heal|p2a: Buzzwole|100/100|[from] drain|[of] p1a: Swampert
|move|p1a: Swampert|Stealth Rock|p2a: Buzzwole
|-sidestart|p2: LT93OQ Ado|move: Stealth Rock
|
|-heal|p1a: Swampert|51/100|[from] item: Leftovers
|upkeep
|turn|26
|
|t:|1660545621
|move|p1a: Swampert|Protect|p1a: Swampert
|-singleturn|p1a: Swampert|Protect
|move|p2a: Buzzwole|Close Combat|p1a: Swampert
|-activate|p1a: Swampert|move: Protect
|
|-heal|p1a: Swampert|58/100|[from] item: Leftovers
|upkeep
|turn|27
|
|t:|1660545624
|switch|p1a: Trubbish|Trubbish, F|90/100
|move|p2a: Buzzwole|Close Combat|p1a: Trubbish
|-resisted|p1a: Trubbish
|-damage|p1a: Trubbish|65/100
|-unboost|p2a: Buzzwole|def|1
|-unboost|p2a: Buzzwole|spd|1
|
|upkeep
|turn|28
|
|t:|1660545629
|switch|p2a: Blissey|Blissey, F|100/100
|move|p1a: Trubbish|Spikes|p2a: Blissey
|-sidestart|p2: LT93OQ Ado|Spikes
|
|upkeep
|turn|29
|
|t:|1660545636
|move|p1a: Trubbish|Spikes|p2a: Blissey
|-sidestart|p2: LT93OQ Ado|Spikes
|move|p2a: Blissey|Stealth Rock|p1a: Trubbish
|-sidestart|p1: 4funaccount|move: Stealth Rock
|
|upkeep
|turn|30
|
|t:|1660545639
|switch|p1a: Eldegoss|Eldegoss, M|100/100
|-damage|p1a: Eldegoss|88/100|[from] Stealth Rock
|move|p2a: Blissey|Seismic Toss|p1a: Eldegoss
|-damage|p1a: Eldegoss|57/100
|
|upkeep
|turn|31
|
|t:|1660545642
|move|p1a: Eldegoss|Rapid Spin|p2a: Blissey
|-damage|p2a: Blissey|97/100
|-boost|p1a: Eldegoss|spe|1
|-sideend|p1: 4funaccount|Stealth Rock|[from] move: Rapid Spin|[of] p1a: Eldegoss
|move|p2a: Blissey|Seismic Toss|p1a: Eldegoss
|-damage|p1a: Eldegoss|26/100
|
|upkeep
|turn|32
|
|t:|1660545646
|switch|p1a: Bisharp|Bisharp, M|90/100
|move|p2a: Blissey|Seismic Toss|p1a: Bisharp
|-damage|p1a: Bisharp|57/100
|
|-heal|p1a: Bisharp|63/100|[from] item: Leftovers
|upkeep
|turn|33
|-message|LT93OQ Ado forfeited.
|
|win|4funaccount
|raw|4funaccount's rating: 1754 &rarr; <strong>1777</strong><br />(+23 for winning)
|raw|LT93OQ Ado's rating: 1808 &rarr; <strong>1785</strong><br />(-23 for losing)
|l|‽LT93OQ Ado
|l| ILoveThe1975
|l| Bad Players
