|j|☆thounss
|j|☆ogTFlame
|player|p1|thounss|265|1656
|player|p2|ogTFlame|lucas|1545
|teamsize|p1|6
|teamsize|p2|6
|gametype|singles
|gen|8
|tier|[Gen 8] OU
|rated|
|clearpoke
|poke|p1|Seismitoad, F|
|poke|p1|Bisharp, M|
|poke|p1|Clefable, M|
|poke|p1|Corviknight, F|
|poke|p1|Dragapult, M|
|poke|p1|Dugtrio, M|
|poke|p2|Cinderace, F|
|poke|p2|Grimmsnarl, M|
|poke|p2|Rotom-Wash|
|poke|p2|Aegislash, M|
|poke|p2|Gyarados, F|
|poke|p2|Conkeldurr, M|
|rule|Sleep Clause Mod: Limit one foe put to sleep
|rule|Species Clause: Limit one of each Pokémon
|rule|OHKO Clause: OHKO moves are banned
|rule|Evasion Moves Clause: Evasion moves are banned
|rule|Endless Battle Clause: Forcing endless battles is banned
|rule|HP Percentage Mod: HP is shown in percentages
|rule|Dynamax Clause: You cannot dynamax
|teampreview
|inactive|Battle timer is ON: inactive players will automatically lose when time's up. (requested by ogTFlame)
|
|start
|switch|p1a: Clefable|Clefable, M|100/100
|switch|p2a: Rampage|Gyarados, F|100/100
|turn|1
|
|switch|p2a: SLICE EM UP|Aegislash, M|100/100
|move|p1a: Clefable|Thunder Wave|p2a: SLICE EM UP
|-status|p2a: SLICE EM UP|par
|
|upkeep
|turn|2
|
|switch|p1a: Bisharp|Bisharp, M|100/100
|-formechange|p2a: SLICE EM UP|Aegislash-Blade||[from] ability: Stance Change
|move|p2a: SLICE EM UP|Iron Head|p1a: Bisharp
|-resisted|p1a: Bisharp
|-damage|p1a: Bisharp|68/100
|
|upkeep
|turn|3
|
|switch|p2a: CLEEEAN|Rotom-Wash|100/100
|move|p1a: Bisharp|Iron Head|p2a: CLEEEAN
|-resisted|p2a: CLEEEAN
|-damage|p2a: CLEEEAN|83/100
|
|-heal|p2a: CLEEEAN|90/100|[from] item: Leftovers
|upkeep
|turn|4
|
|switch|p1a: Clefable|Clefable, M|100/100
|move|p2a: CLEEEAN|Will-O-Wisp|p1a: Clefable
|-status|p1a: Clefable|brn
|
|-heal|p2a: CLEEEAN|96/100|[from] item: Leftovers
|upkeep
|turn|5
|
|move|p2a: CLEEEAN|Hydro Pump|p1a: Clefable
|-damage|p1a: Clefable|68/100 brn
|move|p1a: Clefable|Moonblast|p2a: CLEEEAN
|-damage|p2a: CLEEEAN|62/100
|
|-heal|p2a: CLEEEAN|69/100|[from] item: Leftovers
|-heal|p1a: Clefable|75/100 brn|[from] item: Leftovers
|upkeep
|turn|6
|
|move|p1a: Clefable|Protect|p1a: Clefable
|-singleturn|p1a: Clefable|Protect
|move|p2a: CLEEEAN|Volt Switch|p1a: Clefable
|-activate|p1a: Clefable|move: Protect
|
|-heal|p2a: CLEEEAN|75/100|[from] item: Leftovers
|-heal|p1a: Clefable|81/100 brn|[from] item: Leftovers
|upkeep
|turn|7
|
|move|p2a: CLEEEAN|Volt Switch|p1a: Clefable
|-damage|p1a: Clefable|61/100 brn
|
|switch|p2a: SLICE EM UP|Aegislash, M|100/100 par|[from]move: Volt Switch
|move|p1a: Clefable|Moonblast|p2a: SLICE EM UP
|-resisted|p2a: SLICE EM UP
|-damage|p2a: SLICE EM UP|88/100 par
|
|-heal|p1a: Clefable|67/100 brn|[from] item: Leftovers
|-heal|p2a: SLICE EM UP|94/100 par|[from] item: Leftovers
|upkeep
|turn|8
|
|switch|p1a: Seismitoad|Seismitoad, F|100/100
|switch|p2a: Brody|Conkeldurr, M|100/100
|
|-status|p2a: Brody|brn|[from] item: Flame Orb
|upkeep
|turn|9
|
|move|p1a: Seismitoad|Stealth Rock|p2a: Brody
|-sidestart|p2: ogTFlame|move: Stealth Rock
|move|p2a: Brody|Earthquake|p1a: Seismitoad
|-damage|p1a: Seismitoad|39/100
|
|-heal|p1a: Seismitoad|45/100|[from] item: Leftovers
|-damage|p2a: Brody|94/100 brn|[from] brn
|upkeep
|turn|10
|
|switch|p1a: Corviknight|Corviknight, F|100/100
|-ability|p1a: Corviknight|Pressure
|move|p2a: Brody|Earthquake|p1a: Corviknight
|-immune|p1a: Corviknight
|
|-damage|p2a: Brody|88/100 brn|[from] brn
|upkeep
|turn|11
|
|move|p1a: Corviknight|Brave Bird|p2a: Brody
|-supereffective|p2a: Brody
|-damage|p2a: Brody|26/100 brn
|-damage|p1a: Corviknight|79/100|[from] Recoil
|move|p2a: Brody|Thunder Punch|p1a: Corviknight
|-supereffective|p1a: Corviknight
|-damage|p1a: Corviknight|11/100
|
|-heal|p1a: Corviknight|18/100|[from] item: Leftovers
|-damage|p2a: Brody|20/100 brn|[from] brn
|upkeep
|turn|12
|
|switch|p1a: Dragapult|Dragapult, M|100/100
|move|p2a: Brody|Drain Punch|p1a: Dragapult
|-immune|p1a: Dragapult
|
|-damage|p2a: Brody|14/100 brn|[from] brn
|upkeep
|turn|13
|
|switch|p2a: SPREAD EM|Grimmsnarl, M|100/100
|-damage|p2a: SPREAD EM|88/100|[from] Stealth Rock
|move|p1a: Dragapult|Thunderbolt|p2a: SPREAD EM
|-damage|p2a: SPREAD EM|47/100
|
|-heal|p2a: SPREAD EM|53/100|[from] item: Leftovers
|upkeep
|turn|14
|
|switch|p1a: Clefable|Clefable, M|67/100 brn
|move|p2a: SPREAD EM|Spirit Break|p1a: Clefable
|-damage|p1a: Clefable|33/100 brn
|-unboost|p1a: Clefable|spa|1
|
|-heal|p2a: SPREAD EM|59/100|[from] item: Leftovers
|-heal|p1a: Clefable|39/100 brn|[from] item: Leftovers
|upkeep
|turn|15
|
|move|p2a: SPREAD EM|Spirit Break|p1a: Clefable
|-damage|p1a: Clefable|0 fnt
|faint|p1a: Clefable
|
|-heal|p2a: SPREAD EM|65/100|[from] item: Leftovers
|upkeep
|
|switch|p1a: Bisharp|Bisharp, M|68/100
|turn|16
|
|switch|p2a: CLEEEAN|Rotom-Wash|75/100
|-damage|p2a: CLEEEAN|62/100|[from] Stealth Rock
|move|p1a: Bisharp|Iron Head|p2a: CLEEEAN
|-resisted|p2a: CLEEEAN
|-damage|p2a: CLEEEAN|45/100
|
|-heal|p2a: CLEEEAN|51/100|[from] item: Leftovers
|upkeep
|turn|17
|
|switch|p1a: Seismitoad|Seismitoad, F|45/100
|move|p2a: CLEEEAN|Will-O-Wisp|p1a: Seismitoad
|-status|p1a: Seismitoad|brn
|
|-heal|p2a: CLEEEAN|57/100|[from] item: Leftovers
|-heal|p1a: Seismitoad|51/100 brn|[from] item: Leftovers
|-damage|p1a: Seismitoad|45/100 brn|[from] brn
|upkeep
|turn|18
|
|move|p2a: CLEEEAN|Hex|p1a: Seismitoad
|-damage|p1a: Seismitoad|10/100 brn
|move|p1a: Seismitoad|Scald|p2a: CLEEEAN
|-resisted|p2a: CLEEEAN
|-damage|p2a: CLEEEAN|47/100
|
|-heal|p2a: CLEEEAN|53/100|[from] item: Leftovers
|-heal|p1a: Seismitoad|16/100 brn|[from] item: Leftovers
|-damage|p1a: Seismitoad|10/100 brn|[from] brn
|upkeep
|turn|19
|
|move|p2a: CLEEEAN|Hex|p1a: Seismitoad
|-damage|p1a: Seismitoad|0 fnt
|faint|p1a: Seismitoad
|
|-heal|p2a: CLEEEAN|59/100|[from] item: Leftovers
|upkeep
|
|switch|p1a: Dragapult|Dragapult, M|100/100
|turn|20
|
|switch|p2a: SPREAD EM|Grimmsnarl, M|65/100
|-damage|p2a: SPREAD EM|53/100|[from] Stealth Rock
|move|p1a: Dragapult|Shadow Ball|p2a: SPREAD EM
|-resisted|p2a: SPREAD EM
|-damage|p2a: SPREAD EM|23/100
|
|-heal|p2a: SPREAD EM|29/100|[from] item: Leftovers
|upkeep
|turn|21
|
|move|p2a: SPREAD EM|Thunder Wave|p1a: Dragapult
|-status|p1a: Dragapult|par
|move|p1a: Dragapult|Shadow Ball|p2a: SPREAD EM
|-resisted|p2a: SPREAD EM
|-damage|p2a: SPREAD EM|1/100
|
|-heal|p2a: SPREAD EM|7/100|[from] item: Leftovers
|upkeep
|turn|22
|
|move|p2a: SPREAD EM|Sucker Punch|p1a: Dragapult
|-supereffective|p1a: Dragapult
|-damage|p1a: Dragapult|0 fnt
|faint|p1a: Dragapult
|
|-heal|p2a: SPREAD EM|13/100|[from] item: Leftovers
|upkeep
|
|switch|p1a: Corviknight|Corviknight, F|18/100
|-ability|p1a: Corviknight|Pressure
|turn|23
|
|switch|p2a: CLEEEAN|Rotom-Wash|59/100
|-damage|p2a: CLEEEAN|47/100|[from] Stealth Rock
|move|p1a: Corviknight|Roost|p1a: Corviknight
|-heal|p1a: Corviknight|68/100
|-singleturn|p1a: Corviknight|move: Roost
|
|-heal|p2a: CLEEEAN|53/100|[from] item: Leftovers
|-heal|p1a: Corviknight|74/100|[from] item: Leftovers
|upkeep
|turn|24
|
|move|p2a: CLEEEAN|Will-O-Wisp|p1a: Corviknight
|-status|p1a: Corviknight|brn
|move|p1a: Corviknight|Roost|p1a: Corviknight
|-heal|p1a: Corviknight|100/100 brn
|-singleturn|p1a: Corviknight|move: Roost
|
|-heal|p2a: CLEEEAN|59/100|[from] item: Leftovers
|-damage|p1a: Corviknight|94/100 brn|[from] brn
|upkeep
|turn|25
|
|move|p2a: CLEEEAN|Hydro Pump|p1a: Corviknight
|-damage|p1a: Corviknight|61/100 brn
|move|p1a: Corviknight|Roost|p1a: Corviknight
|-heal|p1a: Corviknight|100/100 brn
|-singleturn|p1a: Corviknight|move: Roost
|
|-heal|p2a: CLEEEAN|65/100|[from] item: Leftovers
|-damage|p1a: Corviknight|94/100 brn|[from] brn
|upkeep
|turn|26
|
|move|p2a: CLEEEAN|Hex|p1a: Corviknight
|-damage|p1a: Corviknight|69/100 brn
|move|p1a: Corviknight|Taunt|p2a: CLEEEAN
|-start|p2a: CLEEEAN|move: Taunt
|
|-heal|p2a: CLEEEAN|72/100|[from] item: Leftovers
|-heal|p1a: Corviknight|75/100 brn|[from] item: Leftovers
|-damage|p1a: Corviknight|69/100 brn|[from] brn
|upkeep
|turn|27
|
|switch|p1a: Bisharp|Bisharp, M|68/100
|move|p2a: CLEEEAN|Volt Switch|p1a: Bisharp
|-damage|p1a: Bisharp|23/100
|
|switch|p2a: Nesquik|Cinderace, F|100/100|[from]move: Volt Switch
|-damage|p2a: Nesquik|76/100|[from] Stealth Rock
|
|upkeep
|turn|28
|
|move|p2a: Nesquik|Pyro Ball|p1a: Bisharp
|-supereffective|p1a: Bisharp
|-damage|p1a: Bisharp|0 fnt
|faint|p1a: Bisharp
|
|upkeep
|
|switch|p1a: Dugtrio|Dugtrio, M|100/100
|turn|29
|
|move|p2a: Nesquik|Sucker Punch|p1a: Dugtrio
|-damage|p1a: Dugtrio|37/100
|move|p1a: Dugtrio|Earthquake|p2a: Nesquik
|-supereffective|p2a: Nesquik
|-damage|p2a: Nesquik|0 fnt
|faint|p2a: Nesquik
|
|upkeep
|
|switch|p2a: CLEEEAN|Rotom-Wash|72/100
|-damage|p2a: CLEEEAN|59/100|[from] Stealth Rock
|turn|30
|-message|thounss forfeited.
|
|win|ogTFlame
|l|☆thounss
|raw|thounss's rating: 1679 &rarr; <strong>1651</strong><br />(-28 for losing)
|raw|ogTFlame's rating: 1545 &rarr; <strong>1573</strong><br />(+28 for winning)
