|j|☆zKally
|j|☆waeshdfjkgyluhi
|player|p1|zKally|290|1194
|player|p2|waeshdfjkgyluhi|81|1132
|teamsize|p1|6
|teamsize|p2|6
|gametype|singles
|gen|8
|tier|[Gen 8] OU
|rated|
|rule|Sleep Clause Mod: Limit one foe put to sleep
|rule|Species Clause: Limit one of each Pokémon
|rule|OHKO Clause: OHKO moves are banned
|rule|Moody Clause: Moody is banned
|rule|Evasion Moves Clause: Evasion moves are banned
|rule|Endless Battle Clause: Forcing endless battles is banned
|rule|HP Percentage Mod: HP is shown in percentages
|clearpoke
|poke|p1|Dragapult, M|item
|poke|p1|Ferrothorn, F|item
|poke|p1|Excadrill, M|item
|poke|p1|Darmanitan-Galar, M|item
|poke|p1|Corsola-Galar, F|item
|poke|p1|Inteleon, M|item
|poke|p2|Dragapult, F|item
|poke|p2|Corsola-Galar, M|item
|poke|p2|Toxapex, F|item
|poke|p2|Corviknight, F|item
|poke|p2|Tyranitar, F|item
|poke|p2|Excadrill, F|item
|teampreview
|inactive|Battle timer is ON: inactive players will automatically lose when time's up. (requested by zKally)
|
|start
|switch|p1a: Excadrill|Excadrill, M|100/100
|switch|p2a: Toxapex|Toxapex, F|100/100
|-ability|p1a: Excadrill|Mold Breaker
|turn|1
|
|move|p1a: Excadrill|Stealth Rock|p2a: Toxapex
|-sidestart|p2: waeshdfjkgyluhi|move: Stealth Rock
|move|p2a: Toxapex|Scald|p1a: Excadrill
|-supereffective|p1a: Excadrill
|-damage|p1a: Excadrill|54/100
|
|upkeep
|turn|2
|
|switch|p2a: Corsola|Corsola-Galar, M|100/100
|-damage|p2a: Corsola|88/100|[from] Stealth Rock
|move|p1a: Excadrill|Earthquake|p2a: Corsola
|-damage|p2a: Corsola|59/100
|
|upkeep
|turn|3
|
|switch|p1a: Ferrothorn|Ferrothorn, F|100/100
|move|p2a: Corsola|Strength Sap|p1a: Ferrothorn
|-unboost|p1a: Ferrothorn|atk|1
|-heal|p2a: Corsola|100/100
|
|upkeep
|turn|4
|
|move|p2a: Corsola|Will-O-Wisp|p1a: Ferrothorn
|-status|p1a: Ferrothorn|brn
|move|p1a: Ferrothorn|Leech Seed|p2a: Corsola
|-start|p2a: Corsola|move: Leech Seed
|
|-damage|p2a: Corsola|88/100|[from] Leech Seed|[of] p1a: Ferrothorn
|-damage|p1a: Ferrothorn|94/100 brn|[from] brn
|upkeep
|turn|5
|
|move|p1a: Ferrothorn|Protect|p1a: Ferrothorn
|-singleturn|p1a: Ferrothorn|Protect
|move|p2a: Corsola|Stealth Rock|p1a: Ferrothorn
|-sidestart|p1: zKally|move: Stealth Rock
|
|-heal|p1a: Ferrothorn|100/100 brn|[from] item: Leftovers
|-damage|p2a: Corsola|76/100|[from] Leech Seed|[of] p1a: Ferrothorn
|-damage|p1a: Ferrothorn|94/100 brn|[from] brn
|upkeep
|turn|6
|
|switch|p2a: Excadrill|Excadrill, F|100/100
|-damage|p2a: Excadrill|97/100|[from] Stealth Rock
|move|p1a: Ferrothorn|Gyro Ball|p2a: Excadrill
|-resisted|p2a: Excadrill
|-damage|p2a: Excadrill|86/100
|
|-heal|p1a: Ferrothorn|100/100 brn|[from] item: Leftovers
|-damage|p1a: Ferrothorn|94/100 brn|[from] brn
|upkeep
|turn|7
|
|move|p1a: Ferrothorn|Protect|p1a: Ferrothorn
|-singleturn|p1a: Ferrothorn|Protect
|move|p2a: Excadrill|Rapid Spin|p1a: Ferrothorn
|-activate|p1a: Ferrothorn|move: Protect
|
|-heal|p1a: Ferrothorn|100/100 brn|[from] item: Leftovers
|-damage|p1a: Ferrothorn|94/100 brn|[from] brn
|upkeep
|turn|8
|
|switch|p1a: Corsola|Corsola-Galar, F|100/100
|-damage|p1a: Corsola|88/100|[from] Stealth Rock
|move|p2a: Excadrill|Rapid Spin|p1a: Corsola
|-immune|p1a: Corsola
|
|upkeep
|turn|9
|
|switch|p2a: Toxapex|Toxapex, F|100/100
|-damage|p2a: Toxapex|88/100|[from] Stealth Rock
|move|p1a: Corsola|Will-O-Wisp|p2a: Toxapex
|-status|p2a: Toxapex|brn
|
|-heal|p2a: Toxapex|94/100 brn|[from] item: Black Sludge
|-damage|p2a: Toxapex|88/100 brn|[from] brn
|upkeep
|turn|10
|
|move|p2a: Toxapex|Toxic Spikes|p1a: Corsola
|-sidestart|p1: zKally|move: Toxic Spikes
|move|p1a: Corsola|Shadow Ball|p2a: Toxapex
|-damage|p2a: Toxapex|76/100 brn
|
|-heal|p2a: Toxapex|82/100 brn|[from] item: Black Sludge
|-damage|p2a: Toxapex|76/100 brn|[from] brn
|upkeep
|turn|11
|
|switch|p1a: Excadrill|Excadrill, M|54/100
|-damage|p1a: Excadrill|51/100|[from] Stealth Rock
|-ability|p1a: Excadrill|Mold Breaker
|move|p2a: Toxapex|Toxic Spikes|p1a: Excadrill
|-sidestart|p1: zKally|move: Toxic Spikes
|
|-heal|p2a: Toxapex|82/100 brn|[from] item: Black Sludge
|-damage|p2a: Toxapex|76/100 brn|[from] brn
|upkeep
|turn|12
|
|switch|p2a: Corsola|Corsola-Galar, M|76/100
|-damage|p2a: Corsola|63/100|[from] Stealth Rock
|move|p1a: Excadrill|Rapid Spin|p2a: Corsola
|-immune|p2a: Corsola
|
|upkeep
|turn|13
|
|-start|p1a: Excadrill|Dynamax
|-heal|p1a: Excadrill|51/100|[from] Dynamax
|move|p1a: Excadrill|Max Quake|p2a: Corsola
|-damage|p2a: Corsola|27/100
|-boost|p1a: Excadrill|spd|1
|move|p2a: Corsola|Strength Sap|p1a: Excadrill
|-unboost|p1a: Excadrill|atk|1
|-heal|p2a: Corsola|100/100
|
|upkeep
|turn|14
|
|move|p1a: Excadrill|Max Quake|p2a: Corsola
|-damage|p2a: Corsola|75/100
|-boost|p1a: Excadrill|spd|1
|move|p2a: Corsola|Will-O-Wisp|p1a: Excadrill|[miss]
|-miss|p2a: Corsola|p1a: Excadrill
|
|upkeep
|turn|15
|
|move|p1a: Excadrill|Max Quake|p2a: Corsola
|-damage|p2a: Corsola|53/100
|-boost|p1a: Excadrill|spd|1
|move|p2a: Corsola|Strength Sap|p1a: Excadrill
|-unboost|p1a: Excadrill|atk|1
|-heal|p2a: Corsola|100/100
|
|-end|p1a: Excadrill|Dynamax
|-heal|p1a: Excadrill|51/100|[from] Dynamax
|upkeep
|turn|16
|
|move|p1a: Excadrill|Earthquake|p2a: Corsola
|-damage|p2a: Corsola|85/100
|move|p2a: Corsola|Will-O-Wisp|p1a: Excadrill
|-status|p1a: Excadrill|brn
|
|-damage|p1a: Excadrill|45/100 brn|[from] brn
|upkeep
|turn|17
|
|move|p1a: Excadrill|Earthquake|p2a: Corsola
|-damage|p2a: Corsola|79/100
|move|p2a: Corsola|Strength Sap|p1a: Excadrill
|-unboost|p1a: Excadrill|atk|1
|-heal|p2a: Corsola|100/100
|
|-damage|p1a: Excadrill|39/100 brn|[from] brn
|upkeep
|turn|18
|-message|zKally forfeited.
|
|win|waeshdfjkgyluhi
|l|☆zKally
|raw|zKally's rating: 1194 &rarr; <strong>1165</strong><br />(-29 for losing)
|raw|waeshdfjkgyluhi's rating: 1132 &rarr; <strong>1161</strong><br />(+29 for winning)
