|raw|<div class="broadcast-blue"><strong>This battle is required to be public due to a player having a name starting with 'lt81yl'.</div>
|j|☆4funaccount
|j|☆LT81YL devin
|t:|1625505435
|gametype|singles
|player|p1|4funaccount|unknownf|1710
|player|p2|LT81YL devin|proton|1665
|teamsize|p1|6
|teamsize|p2|6
|gen|8
|tier|[Gen 8] OU
|rated|
|rule|Sleep Clause Mod: Limit one foe put to sleep
|rule|Species Clause: Limit one of each Pokémon
|rule|OHKO Clause: OHKO moves are banned
|rule|Evasion Moves Clause: Evasion moves are banned
|rule|Endless Battle Clause: Forcing endless battles is banned
|rule|HP Percentage Mod: HP is shown in percentages
|rule|Dynamax Clause: You cannot dynamax
|clearpoke
|poke|p1|Heatran, M|
|poke|p1|Slowbro, F|
|poke|p1|Cobalion|
|poke|p1|Blissey, F|
|poke|p1|Rillaboom, F|
|poke|p1|Landorus-Therian, M|
|poke|p2|Tapu Lele|
|poke|p2|Weavile, M|
|poke|p2|Landorus-Therian, M|
|poke|p2|Heatran, F|
|poke|p2|Rotom-Wash|
|poke|p2|Kartana|
|teampreview
|inactive|Battle timer is ON: inactive players will automatically lose when time's up. (requested by LT81YL devin)
|
|t:|1625505450
|start
|switch|p1a: Slowbro|Slowbro, F|100/100
|switch|p2a: The Specialist|Landorus-Therian, M|100/100
|-ability|p2a: The Specialist|Intimidate|boost
|-unboost|p1a: Slowbro|atk|1
|turn|1
|
|t:|1625505464
|move|p2a: The Specialist|U-turn|p1a: Slowbro
|-supereffective|p1a: Slowbro
|-damage|p1a: Slowbro|69/100
|-damage|p2a: The Specialist|84/100|[from] item: Rocky Helmet|[of] p1a: Slowbro
|
|t:|1625505468
|switch|p2a: Alpha|Rotom-Wash|100/100|[from]move: U-turn
|move|p1a: Slowbro|Future Sight|p2a: Alpha
|-start|p1a: Slowbro|move: Future Sight
|
|upkeep
|turn|2
|
|t:|1625505477
|switch|p1a: Heatran|Heatran, M|100/100
|move|p2a: Alpha|Volt Switch|p1a: Heatran
|-damage|p1a: Heatran|83/100
|
|t:|1625505484
|switch|p2a: Silent Solitude|Heatran, F|100/100|[from]move: Volt Switch
|
|-heal|p1a: Heatran|89/100|[from] item: Leftovers
|upkeep
|turn|3
|
|t:|1625505488
|switch|p1a: Landorus|Landorus-Therian, M|100/100
|-ability|p1a: Landorus|Intimidate|boost
|-unboost|p2a: Silent Solitude|atk|1
|move|p2a: Silent Solitude|Earth Power|p1a: Landorus
|-immune|p1a: Landorus
|
|-end|p2a: Silent Solitude|move: Future Sight
|-resisted|p2a: Silent Solitude
|-damage|p2a: Silent Solitude|86/100
|-heal|p2a: Silent Solitude|92/100|[from] item: Leftovers
|upkeep
|turn|4
|
|t:|1625505492
|switch|p2a: The Specialist|Landorus-Therian, M|84/100
|-ability|p2a: The Specialist|Intimidate|boost
|-unboost|p1a: Landorus|atk|1
|move|p1a: Landorus|Toxic|p2a: The Specialist
|-status|p2a: The Specialist|tox
|
|-damage|p2a: The Specialist|78/100 tox|[from] psn
|upkeep
|turn|5
|
|t:|1625505498
|move|p1a: Landorus|U-turn|p2a: The Specialist
|-resisted|p2a: The Specialist
|-damage|p2a: The Specialist|71/100 tox
|
|t:|1625505503
|switch|p1a: Cobalion|Cobalion|100/100|[from]move: U-turn
|move|p2a: The Specialist|Stealth Rock|p1a: Cobalion
|-sidestart|p1: 4funaccount|move: Stealth Rock
|
|-damage|p2a: The Specialist|59/100 tox|[from] psn
|upkeep
|turn|6
|
|t:|1625505514
|switch|p1a: Landorus|Landorus-Therian, M|100/100
|-damage|p1a: Landorus|88/100|[from] Stealth Rock
|-ability|p1a: Landorus|Intimidate|boost
|-unboost|p2a: The Specialist|atk|1
|move|p2a: The Specialist|Earthquake|p1a: Landorus
|-immune|p1a: Landorus
|
|-heal|p1a: Landorus|94/100|[from] item: Leftovers
|-damage|p2a: The Specialist|41/100 tox|[from] psn
|upkeep
|turn|7
|
|t:|1625505517
|move|p1a: Landorus|Defog|p2a: The Specialist
|-unboost|p2a: The Specialist|evasion|1
|-sideend|p1: 4funaccount|Stealth Rock|[from] move: Defog|[of] p1a: Landorus
|move|p2a: The Specialist|U-turn|p1a: Landorus
|-resisted|p1a: Landorus
|-damage|p1a: Landorus|88/100
|
|t:|1625505520
|switch|p2a: Crossing Field|Tapu Lele|100/100|[from]move: U-turn
|-fieldstart|move: Psychic Terrain|[from] ability: Psychic Surge|[of] p2a: Crossing Field
|
|-heal|p1a: Landorus|94/100|[from] item: Leftovers
|upkeep
|turn|8
|
|t:|1625505527
|switch|p1a: Slowbro|Slowbro, F|100/100
|move|p2a: Crossing Field|Psyshock|p1a: Slowbro
|-resisted|p1a: Slowbro
|-damage|p1a: Slowbro|75/100
|
|upkeep
|turn|9
|
|t:|1625505532
|switch|p2a: Alpha|Rotom-Wash|100/100
|move|p1a: Slowbro|Teleport|p1a: Slowbro
|
|t:|1625505535
|switch|p1a: Rillaboom|Rillaboom, F|100/100|[from]move: Teleport
|-fieldstart|move: Grassy Terrain|[from] ability: Grassy Surge|[of] p1a: Rillaboom
|
|upkeep
|turn|10
|
|t:|1625505539
|switch|p2a: Silent Solitude|Heatran, F|92/100
|move|p1a: Rillaboom|U-turn|p2a: Silent Solitude
|-resisted|p2a: Silent Solitude
|-damage|p2a: Silent Solitude|85/100
|
|t:|1625505543
|switch|p1a: Landorus|Landorus-Therian, M|94/100|[from]move: U-turn
|-ability|p1a: Landorus|Intimidate|boost
|-unboost|p2a: Silent Solitude|atk|1
|
|-heal|p1a: Landorus|99/100|[from] item: Leftovers
|-heal|p2a: Silent Solitude|91/100|[from] Grassy Terrain
|-heal|p2a: Silent Solitude|97/100|[from] item: Leftovers
|upkeep
|turn|11
|
|t:|1625505547
|move|p1a: Landorus|Earthquake|p2a: Silent Solitude
|-supereffective|p2a: Silent Solitude
|-damage|p2a: Silent Solitude|26/100
|move|p2a: Silent Solitude|Toxic|p1a: Landorus
|-status|p1a: Landorus|tox
|
|-heal|p1a: Landorus|100/100 tox|[from] item: Leftovers
|-heal|p2a: Silent Solitude|32/100|[from] Grassy Terrain
|-heal|p2a: Silent Solitude|38/100|[from] item: Leftovers
|-damage|p1a: Landorus|94/100 tox|[from] psn
|upkeep
|turn|12
|
|t:|1625505552
|move|p2a: Silent Solitude|Protect|p2a: Silent Solitude
|-singleturn|p2a: Silent Solitude|Protect
|move|p1a: Landorus|U-turn|p2a: Silent Solitude
|-activate|p2a: Silent Solitude|move: Protect
|
|-heal|p1a: Landorus|100/100 tox|[from] item: Leftovers
|-heal|p2a: Silent Solitude|44/100|[from] Grassy Terrain
|-heal|p2a: Silent Solitude|50/100|[from] item: Leftovers
|-damage|p1a: Landorus|88/100 tox|[from] psn
|upkeep
|turn|13
|j| Dr. Woatli
|
|t:|1625505562
|switch|p2a: Alpha|Rotom-Wash|100/100
|move|p1a: Landorus|U-turn|p2a: Alpha
|-damage|p2a: Alpha|83/100
|
|t:|1625505564
|switch|p1a: Rillaboom|Rillaboom, F|100/100|[from]move: U-turn
|
|-fieldend|move: Grassy Terrain
|upkeep
|turn|14
|
|t:|1625505573
|move|p1a: Rillaboom|Superpower|p2a: Alpha
|-damage|p2a: Alpha|32/100
|-unboost|p1a: Rillaboom|atk|1
|-unboost|p1a: Rillaboom|def|1
|move|p2a: Alpha|Thunder Wave|p1a: Rillaboom
|-status|p1a: Rillaboom|par
|
|upkeep
|turn|15
|
|t:|1625505578
|move|p2a: Alpha|Volt Switch|p1a: Rillaboom
|-resisted|p1a: Rillaboom
|-damage|p1a: Rillaboom|83/100 par
|
|t:|1625505580
|switch|p2a: Crossing Field|Tapu Lele|100/100|[from]move: Volt Switch
|-fieldstart|move: Psychic Terrain|[from] ability: Psychic Surge|[of] p2a: Crossing Field
|cant|p1a: Rillaboom|par
|
|upkeep
|turn|16
|
|t:|1625505586
|switch|p1a: Heatran|Heatran, M|89/100
|move|p2a: Crossing Field|Psyshock|p1a: Heatran
|-resisted|p1a: Heatran
|-damage|p1a: Heatran|58/100
|
|-heal|p1a: Heatran|64/100|[from] item: Leftovers
|upkeep
|turn|17
|
|t:|1625505595
|move|p2a: Crossing Field|Psyshock|p1a: Heatran
|-resisted|p1a: Heatran
|-damage|p1a: Heatran|29/100
|move|p1a: Heatran|Magma Storm|p2a: Crossing Field
|-damage|p2a: Crossing Field|55/100
|-activate|p2a: Crossing Field|move: Magma Storm|[of] p1a: Heatran
|
|-heal|p1a: Heatran|35/100|[from] item: Leftovers
|-damage|p2a: Crossing Field|42/100|[from] move: Magma Storm|[partiallytrapped]
|upkeep
|turn|18
|
|t:|1625505603
|switch|p1a: Slowbro|Slowbro, F|100/100
|move|p2a: Crossing Field|Psyshock|p1a: Slowbro
|-resisted|p1a: Slowbro
|-damage|p1a: Slowbro|77/100
|
|-end|p2a: Crossing Field|Magma Storm|[partiallytrapped]|[silent]
|upkeep
|turn|19
|
|t:|1625505606
|switch|p2a: Alpha|Rotom-Wash|32/100
|move|p1a: Slowbro|Teleport|p1a: Slowbro
|
|t:|1625505610
|switch|p1a: Cobalion|Cobalion|100/100|[from]move: Teleport
|
|-fieldend|move: Psychic Terrain
|upkeep
|turn|20
|
|t:|1625505614
|switch|p2a: The Specialist|Landorus-Therian, M|41/100 tox
|-ability|p2a: The Specialist|Intimidate|boost
|-unboost|p1a: Cobalion|atk|1
|move|p1a: Cobalion|Close Combat|p2a: The Specialist
|-resisted|p2a: The Specialist
|-damage|p2a: The Specialist|24/100 tox
|-unboost|p1a: Cobalion|def|1
|-unboost|p1a: Cobalion|spd|1
|
|-damage|p2a: The Specialist|18/100 tox|[from] psn
|upkeep
|turn|21
|
|t:|1625505619
|move|p1a: Cobalion|Iron Head|p2a: The Specialist
|-damage|p2a: The Specialist|0 fnt
|faint|p2a: The Specialist
|
|upkeep
|
|t:|1625505632
|switch|p2a: Alpha|Rotom-Wash|32/100
|turn|22
|
|t:|1625505636
|move|p1a: Cobalion|Volt Switch|p2a: Alpha
|-crit|p2a: Alpha
|-damage|p2a: Alpha|10/100
|
|t:|1625505642
|switch|p1a: Landorus|Landorus-Therian, M|88/100 tox|[from]move: Volt Switch
|-ability|p1a: Landorus|Intimidate|boost
|-unboost|p2a: Alpha|atk|1
|move|p2a: Alpha|Volt Switch|p1a: Landorus
|-immune|p1a: Landorus
|
|-heal|p1a: Landorus|94/100 tox|[from] item: Leftovers
|-damage|p1a: Landorus|88/100 tox|[from] psn
|upkeep
|turn|23
|
|t:|1625505654
|switch|p2a: Tokyo Prison|Kartana|100/100
|move|p1a: Landorus|U-turn|p2a: Tokyo Prison
|-damage|p2a: Tokyo Prison|77/100
|
|t:|1625505658
|switch|p1a: Cobalion|Cobalion|100/100|[from]move: U-turn
|
|upkeep
|turn|24
|
|t:|1625505667
|switch|p2a: Crossing Field|Tapu Lele|42/100
|-fieldstart|move: Psychic Terrain|[from] ability: Psychic Surge|[of] p2a: Crossing Field
|move|p1a: Cobalion|Close Combat|p2a: Crossing Field
|-resisted|p2a: Crossing Field
|-crit|p2a: Crossing Field
|-damage|p2a: Crossing Field|13/100
|-unboost|p1a: Cobalion|def|1
|-unboost|p1a: Cobalion|spd|1
|
|upkeep
|turn|25
|
|t:|1625505676
|switch|p1a: Slowbro|Slowbro, F|100/100
|switch|p2a: Tokyo Prison|Kartana|77/100
|
|upkeep
|turn|26
|
|t:|1625505686
|switch|p2a: Alpha|Rotom-Wash|10/100
|move|p1a: Slowbro|Teleport|p1a: Slowbro
|
|t:|1625505688
|switch|p1a: Cobalion|Cobalion|100/100|[from]move: Teleport
|
|upkeep
|turn|27
|-enditem|p2a: Alpha|Custap Berry|[eat]
|-activate|p2a: Alpha|item: Custap Berry|[consumed]
|
|t:|1625505695
|move|p2a: Alpha|Thunder Wave|p1a: Cobalion
|-status|p1a: Cobalion|par
|cant|p1a: Cobalion|par
|
|upkeep
|turn|28
|
|t:|1625505702
|switch|p1a: Rillaboom|Rillaboom, F|83/100 par
|-fieldstart|move: Grassy Terrain|[from] ability: Grassy Surge|[of] p1a: Rillaboom
|move|p2a: Alpha|Hydro Pump|p1a: Rillaboom
|-resisted|p1a: Rillaboom
|-damage|p1a: Rillaboom|56/100 par
|
|-heal|p1a: Rillaboom|62/100 par|[from] Grassy Terrain
|upkeep
|turn|29
|
|t:|1625505708
|move|p1a: Rillaboom|Grassy Glide|p2a: Alpha
|-supereffective|p2a: Alpha
|-damage|p2a: Alpha|0 fnt
|faint|p2a: Alpha
|
|-heal|p1a: Rillaboom|68/100 par|[from] Grassy Terrain
|upkeep
|
|t:|1625505715
|switch|p2a: Silent Solitude|Heatran, F|50/100
|turn|30
|
|t:|1625505721
|switch|p1a: Heatran|Heatran, M|35/100
|move|p2a: Silent Solitude|Magma Storm|p1a: Heatran
|-start|p1a: Heatran|ability: Flash Fire
|
|-heal|p2a: Silent Solitude|57/100|[from] Grassy Terrain
|-heal|p2a: Silent Solitude|63/100|[from] item: Leftovers
|-heal|p1a: Heatran|41/100|[from] Grassy Terrain
|-heal|p1a: Heatran|47/100|[from] item: Leftovers
|upkeep
|turn|31
|
|t:|1625505729
|switch|p2a: Black Rover|Weavile, M|100/100
|-ability|p2a: Black Rover|Pressure
|-end|p1a: Heatran|ability: Flash Fire|[silent]
|switch|p1a: Landorus|Landorus-Therian, M|88/100 tox
|-ability|p1a: Landorus|Intimidate|boost
|-unboost|p2a: Black Rover|atk|1
|
|-heal|p1a: Landorus|94/100 tox|[from] item: Leftovers
|-damage|p1a: Landorus|88/100 tox|[from] psn
|upkeep
|turn|32
|
|t:|1625505736
|switch|p2a: Silent Solitude|Heatran, F|63/100
|switch|p1a: Cobalion|Cobalion|100/100 par
|
|-heal|p2a: Silent Solitude|69/100|[from] Grassy Terrain
|-heal|p2a: Silent Solitude|75/100|[from] item: Leftovers
|-fieldend|move: Grassy Terrain
|upkeep
|turn|33
|
|t:|1625505742
|switch|p1a: Heatran|Heatran, M|47/100
|move|p2a: Silent Solitude|Magma Storm|p1a: Heatran
|-start|p1a: Heatran|ability: Flash Fire
|
|-heal|p2a: Silent Solitude|82/100|[from] item: Leftovers
|-heal|p1a: Heatran|54/100|[from] item: Leftovers
|upkeep
|turn|34
|
|t:|1625505746
|-end|p1a: Heatran|ability: Flash Fire|[silent]
|switch|p1a: Landorus|Landorus-Therian, M|88/100 tox
|-ability|p1a: Landorus|Intimidate|boost
|-unboost|p2a: Silent Solitude|atk|1
|move|p2a: Silent Solitude|Earth Power|p1a: Landorus
|-immune|p1a: Landorus
|
|-heal|p1a: Landorus|94/100 tox|[from] item: Leftovers
|-heal|p2a: Silent Solitude|88/100|[from] item: Leftovers
|-damage|p1a: Landorus|88/100 tox|[from] psn
|upkeep
|turn|35
|
|t:|1625505750
|move|p2a: Silent Solitude|Protect|p2a: Silent Solitude
|-singleturn|p2a: Silent Solitude|Protect
|move|p1a: Landorus|Earthquake|p2a: Silent Solitude
|-activate|p2a: Silent Solitude|move: Protect
|
|-heal|p1a: Landorus|94/100 tox|[from] item: Leftovers
|-heal|p2a: Silent Solitude|94/100|[from] item: Leftovers
|-damage|p1a: Landorus|82/100 tox|[from] psn
|upkeep
|turn|36
|
|t:|1625505756
|switch|p2a: Tokyo Prison|Kartana|77/100
|move|p1a: Landorus|U-turn|p2a: Tokyo Prison
|-damage|p2a: Tokyo Prison|54/100
|
|t:|1625505759
|switch|p1a: Cobalion|Cobalion|100/100 par|[from]move: U-turn
|
|upkeep
|turn|37
|
|t:|1625505769
|switch|p1a: Slowbro|Slowbro, F|100/100
|move|p2a: Tokyo Prison|Sacred Sword|p1a: Slowbro
|-resisted|p1a: Slowbro
|-damage|p1a: Slowbro|88/100
|-damage|p2a: Tokyo Prison|37/100|[from] item: Rocky Helmet|[of] p1a: Slowbro
|
|upkeep
|turn|38
|
|t:|1625505777
|switch|p2a: Silent Solitude|Heatran, F|94/100
|move|p1a: Slowbro|Teleport|p1a: Slowbro
|
|t:|1625505785
|switch|p1a: Blissey|Blissey, F|100/100|[from]move: Teleport
|
|-heal|p2a: Silent Solitude|99/100|[from] item: Leftovers
|upkeep
|turn|39
|
|t:|1625505791
|switch|p2a: Black Rover|Weavile, M|100/100
|-ability|p2a: Black Rover|Pressure
|move|p1a: Blissey|Teleport|p1a: Blissey
|
|t:|1625505794
|switch|p1a: Cobalion|Cobalion|100/100 par|[from]move: Teleport
|
|upkeep
|turn|40
|
|t:|1625505809
|switch|p2a: Crossing Field|Tapu Lele|13/100
|-fieldstart|move: Psychic Terrain|[from] ability: Psychic Surge|[of] p2a: Crossing Field
|move|p1a: Cobalion|Close Combat|p2a: Crossing Field
|-resisted|p2a: Crossing Field
|-damage|p2a: Crossing Field|0 fnt
|-unboost|p1a: Cobalion|def|1
|-unboost|p1a: Cobalion|spd|1
|faint|p2a: Crossing Field
|
|upkeep
|
|t:|1625505814
|switch|p2a: Silent Solitude|Heatran, F|99/100
|turn|41
|
|t:|1625505818
|switch|p1a: Blissey|Blissey, F|100/100
|move|p2a: Silent Solitude|Earth Power|p1a: Blissey
|-damage|p1a: Blissey|91/100
|
|-heal|p2a: Silent Solitude|100/100|[from] item: Leftovers
|upkeep
|turn|42
|
|t:|1625505826
|move|p2a: Silent Solitude|Magma Storm|p1a: Blissey
|-damage|p1a: Blissey|75/100
|-activate|p1a: Blissey|move: Magma Storm|[of] p2a: Silent Solitude
|move|p1a: Blissey|Teleport|p1a: Blissey
|
|t:|1625505828
|switch|p1a: Landorus|Landorus-Therian, M|82/100 tox|[from]move: Teleport
|-ability|p1a: Landorus|Intimidate|boost
|-unboost|p2a: Silent Solitude|atk|1
|
|-heal|p1a: Landorus|88/100 tox|[from] item: Leftovers
|-damage|p1a: Landorus|82/100 tox|[from] psn
|upkeep
|turn|43
|
|t:|1625505831
|move|p2a: Silent Solitude|Protect|p2a: Silent Solitude
|-singleturn|p2a: Silent Solitude|Protect
|move|p1a: Landorus|Earthquake|p2a: Silent Solitude
|-activate|p2a: Silent Solitude|move: Protect
|
|-heal|p1a: Landorus|88/100 tox|[from] item: Leftovers
|-damage|p1a: Landorus|76/100 tox|[from] psn
|upkeep
|turn|44
|
|t:|1625505844
|switch|p2a: Tokyo Prison|Kartana|37/100
|move|p1a: Landorus|Earthquake|p2a: Tokyo Prison
|-damage|p2a: Tokyo Prison|0 fnt
|faint|p2a: Tokyo Prison
|
|-heal|p1a: Landorus|82/100 tox|[from] item: Leftovers
|-damage|p1a: Landorus|64/100 tox|[from] psn
|-fieldend|move: Psychic Terrain
|upkeep
|
|t:|1625505846
|switch|p2a: Black Rover|Weavile, M|100/100
|-ability|p2a: Black Rover|Pressure
|turn|45
|
|t:|1625505854
|move|p2a: Black Rover|Swords Dance|p2a: Black Rover
|-boost|p2a: Black Rover|atk|2
|move|p1a: Landorus|U-turn|p2a: Black Rover
|-supereffective|p2a: Black Rover
|-damage|p2a: Black Rover|28/100
|
|t:|1625505867
|switch|p1a: Cobalion|Cobalion|100/100 par|[from]move: U-turn
|
|upkeep
|turn|46
|
|t:|1625505870
|move|p2a: Black Rover|Low Kick|p1a: Cobalion
|-supereffective|p1a: Cobalion
|-damage|p1a: Cobalion|0 fnt
|faint|p1a: Cobalion
|
|upkeep
|
|t:|1625505876
|switch|p1a: Landorus|Landorus-Therian, M|64/100 tox
|-ability|p1a: Landorus|Intimidate|boost
|-unboost|p2a: Black Rover|atk|1
|turn|47
|
|t:|1625505879
|switch|p1a: Slowbro|Slowbro, F|100/100
|move|p2a: Black Rover|Ice Shard|p1a: Slowbro
|-resisted|p1a: Slowbro
|-damage|p1a: Slowbro|93/100
|
|upkeep
|turn|48
|
|t:|1625505885
|move|p2a: Black Rover|Knock Off|p1a: Slowbro
|-supereffective|p1a: Slowbro
|-damage|p1a: Slowbro|10/100
|-damage|p2a: Black Rover|12/100|[from] item: Rocky Helmet|[of] p1a: Slowbro
|-enditem|p1a: Slowbro|Rocky Helmet|[from] move: Knock Off|[of] p2a: Black Rover
|move|p1a: Slowbro|Scald|p2a: Black Rover
|-damage|p2a: Black Rover|0 fnt
|faint|p2a: Black Rover
|
|upkeep
|
|t:|1625505889
|switch|p2a: Silent Solitude|Heatran, F|100/100
|turn|49
|
|t:|1625505892
|switch|p1a: Heatran|Heatran, M|54/100
|move|p2a: Silent Solitude|Magma Storm|p1a: Heatran
|-start|p1a: Heatran|ability: Flash Fire
|
|-heal|p1a: Heatran|60/100|[from] item: Leftovers
|upkeep
|turn|50
|
|t:|1625505895
|move|p2a: Silent Solitude|Earth Power|p1a: Heatran
|-supereffective|p1a: Heatran
|-damage|p1a: Heatran|0 fnt
|faint|p1a: Heatran
|
|upkeep
|
|t:|1625505897
|switch|p1a: Landorus|Landorus-Therian, M|64/100 tox
|-ability|p1a: Landorus|Intimidate|boost
|-unboost|p2a: Silent Solitude|atk|1
|turn|51
|
|t:|1625505900
|move|p1a: Landorus|Earthquake|p2a: Silent Solitude
|-supereffective|p2a: Silent Solitude
|-damage|p2a: Silent Solitude|0 fnt
|faint|p2a: Silent Solitude
|
|win|4funaccount
|raw|4funaccount's rating: 1710 &rarr; <strong>1727</strong><br />(+17 for winning)
|raw|LT81YL devin's rating: 1665 &rarr; <strong>1648</strong><br />(-17 for losing)
|l|☆LT81YL devin
|j| Tcycycct
|l| Tcycycct
||Ladder isn't responding, score probably updated but might not have (Request timeout).
