|j|☆Outhippowdon
|j|☆2(H2O)-Alt
|t:|1655523824
|gametype|singles
|player|p1|Outhippowdon|yellow|1643
|player|p2|2(H2O)-Alt|lady|1565
|teamsize|p1|6
|teamsize|p2|6
|gen|8
|tier|[Gen 8] OU
|rated|
|rule|Sleep Clause Mod: Limit one foe put to sleep
|rule|Species Clause: Limit one of each Pokémon
|rule|OHKO Clause: OHKO moves are banned
|rule|Evasion Moves Clause: Evasion moves are banned
|rule|Endless Battle Clause: Forcing endless battles is banned
|rule|HP Percentage Mod: HP is shown in percentages
|rule|Dynamax Clause: You cannot dynamax
|clearpoke
|poke|p1|Glastrier|
|poke|p1|Landorus-Therian, M|
|poke|p1|Slowking, M|
|poke|p1|Weavile, F|
|poke|p1|Ferrothorn, M|
|poke|p1|Clefable, M|
|poke|p2|Tapu Koko|
|poke|p2|Hawlucha, F|
|poke|p2|Gyarados, M|
|poke|p2|Dragonite, M|
|poke|p2|Kartana|
|poke|p2|Garchomp, M|
|teampreview
|c|☆Outhippowdon|hf
|
|t:|1655523832
|start
|switch|p1a: Glastrier|Glastrier|100/100
|switch|p2a: Naruto|Tapu Koko|100/100
|-fieldstart|move: Electric Terrain|[from] ability: Electric Surge|[of] p2a: Naruto
|turn|1
|inactive|Battle timer is ON: inactive players will automatically lose when time's up. (requested by 2(H2O)-Alt)
|
|t:|1655523838
|move|p2a: Naruto|Reflect|p2a: Naruto
|-sidestart|p2: 2(H2O)-Alt|Reflect
|move|p1a: Glastrier|Swords Dance|p1a: Glastrier
|-boost|p1a: Glastrier|atk|2
|
|upkeep
|turn|2
|
|t:|1655523847
|move|p2a: Naruto|Taunt|p1a: Glastrier
|-start|p1a: Glastrier|move: Taunt
|move|p1a: Glastrier|Icicle Crash|p2a: Naruto
|-damage|p2a: Naruto|57/100
|
|upkeep
|turn|3
|
|t:|1655523849
|move|p2a: Naruto|Light Screen|p2a: Naruto
|-sidestart|p2: 2(H2O)-Alt|move: Light Screen
|move|p1a: Glastrier|Icicle Crash|p2a: Naruto
|-damage|p2a: Naruto|12/100
|
|upkeep
|turn|4
|
|t:|1655523853
|switch|p1a: Slowking|Slowking, M|100/100
|move|p2a: Naruto|Taunt|p1a: Slowking
|-start|p1a: Slowking|move: Taunt
|
|upkeep
|turn|5
|
|t:|1655523856
|move|p2a: Naruto|U-turn|p1a: Slowking
|-supereffective|p1a: Slowking
|-crit|p1a: Slowking
|-damage|p1a: Slowking|59/100
|-damage|p2a: Naruto|0 fnt|[from] item: Rocky Helmet|[of] p1a: Slowking
|faint|p2a: Naruto
|move|p1a: Slowking|Scald|p2: Naruto|[notarget]
|-fail|p1a: Slowking
|
|-fieldend|move: Electric Terrain
|upkeep
|j| ElG0rd0Payas0
|
|t:|1655523865
|switch|p2a: Gyarados|Gyarados, M|100/100
|turn|6
|
|t:|1655523879
|switch|p1a: Clefable|Clefable, M|100/100
|move|p2a: Gyarados|Substitute|p2a: Gyarados
|-start|p2a: Gyarados|Substitute
|-damage|p2a: Gyarados|76/100
|
|-heal|p2a: Gyarados|82/100|[from] item: Leftovers
|upkeep
|turn|7
|
|t:|1655523890
|move|p2a: Gyarados|Dragon Dance|p2a: Gyarados
|-boost|p2a: Gyarados|atk|1
|-boost|p2a: Gyarados|spe|1
|move|p1a: Clefable|Moonblast|p2a: Gyarados
|-activate|p2a: Gyarados|move: Substitute|[damage]
|
|-heal|p2a: Gyarados|88/100|[from] item: Leftovers
|upkeep
|turn|8
|
|t:|1655523896
|move|p2a: Gyarados|Dragon Dance|p2a: Gyarados
|-boost|p2a: Gyarados|atk|1
|-boost|p2a: Gyarados|spe|1
|move|p1a: Clefable|Moonblast|p2a: Gyarados
|-end|p2a: Gyarados|Substitute
|
|-heal|p2a: Gyarados|94/100|[from] item: Leftovers
|-sideend|p2: 2(H2O)-Alt|Reflect
|upkeep
|turn|9
|
|t:|1655523903
|move|p2a: Gyarados|Dragon Dance|p2a: Gyarados
|-boost|p2a: Gyarados|atk|1
|-boost|p2a: Gyarados|spe|1
|move|p1a: Clefable|Moonblast|p2a: Gyarados
|-damage|p2a: Gyarados|78/100
|
|-heal|p2a: Gyarados|84/100|[from] item: Leftovers
|upkeep
|turn|10
|j| Terry007
|
|t:|1655523909
|move|p2a: Gyarados|Substitute|p2a: Gyarados
|-start|p2a: Gyarados|Substitute
|-damage|p2a: Gyarados|60/100
|move|p1a: Clefable|Trick||[still]
|-fail|p1a: Clefable
|
|-heal|p2a: Gyarados|66/100|[from] item: Leftovers
|-sideend|p2: 2(H2O)-Alt|move: Light Screen
|upkeep
|turn|11
|
|t:|1655523912
|move|p2a: Gyarados|Dragon Dance|p2a: Gyarados
|-boost|p2a: Gyarados|atk|1
|-boost|p2a: Gyarados|spe|1
|move|p1a: Clefable|Moonblast|p2a: Gyarados
|-end|p2a: Gyarados|Substitute
|
|-heal|p2a: Gyarados|72/100|[from] item: Leftovers
|upkeep
|turn|12
|
|t:|1655523919
|move|p2a: Gyarados|Waterfall|p1a: Clefable
|-damage|p1a: Clefable|0 fnt
|faint|p1a: Clefable
|-ability|p2a: Gyarados|Moxie|boost
|-boost|p2a: Gyarados|atk|1
|
|-heal|p2a: Gyarados|78/100|[from] item: Leftovers
|upkeep
|
|t:|1655523923
|switch|p1a: Ferrothorn|Ferrothorn, M|100/100
|turn|13
|
|t:|1655523927
|move|p2a: Gyarados|Substitute|p2a: Gyarados
|-start|p2a: Gyarados|Substitute
|-damage|p2a: Gyarados|53/100
|move|p1a: Ferrothorn|Knock Off|p2a: Gyarados
|-end|p2a: Gyarados|Substitute
|
|-heal|p2a: Gyarados|59/100|[from] item: Leftovers
|upkeep
|turn|14
|
|t:|1655523941
|move|p2a: Gyarados|Earthquake|p1a: Ferrothorn
|-damage|p1a: Ferrothorn|26/100
|move|p1a: Ferrothorn|Knock Off|p2a: Gyarados
|-damage|p2a: Gyarados|34/100
|-enditem|p2a: Gyarados|Leftovers|[from] move: Knock Off|[of] p1a: Ferrothorn
|
|-heal|p1a: Ferrothorn|32/100|[from] item: Leftovers
|upkeep
|turn|15
|
|t:|1655523946
|switch|p1a: Landorus|Landorus-Therian, M|100/100
|-ability|p1a: Landorus|Intimidate|boost
|-unboost|p2a: Gyarados|atk|1
|move|p2a: Gyarados|Earthquake|p1a: Landorus
|-immune|p1a: Landorus
|
|upkeep
|turn|16
|
|t:|1655523949
|switch|p1a: Slowking|Slowking, M|92/100
|move|p2a: Gyarados|Substitute|p2a: Gyarados
|-start|p2a: Gyarados|Substitute
|-damage|p2a: Gyarados|9/100
|
|upkeep
|turn|17
|
|t:|1655523953
|move|p2a: Gyarados|Earthquake|p1a: Slowking
|-damage|p1a: Slowking|7/100
|move|p1a: Slowking|Teleport|p1a: Slowking
|
|t:|1655523956
|switch|p1a: Landorus|Landorus-Therian, M|100/100|[from]move: Teleport
|-ability|p1a: Landorus|Intimidate|boost
|-immune|p2a: Gyarados
|
|upkeep
|turn|18
|
|t:|1655523961
|move|p2a: Gyarados|Earthquake|p1a: Landorus
|-immune|p1a: Landorus
|move|p1a: Landorus|U-turn|p2a: Gyarados
|-resisted|p2a: Gyarados
|-activate|p2a: Gyarados|move: Substitute|[damage]
|
|t:|1655523965
|switch|p1a: Ferrothorn|Ferrothorn, M|32/100|[from]move: U-turn
|
|-heal|p1a: Ferrothorn|38/100|[from] item: Leftovers
|upkeep
|turn|19
|
|t:|1655523968
|switch|p1a: Landorus|Landorus-Therian, M|100/100
|-ability|p1a: Landorus|Intimidate|boost
|-immune|p2a: Gyarados
|move|p2a: Gyarados|Earthquake|p1a: Landorus
|-immune|p1a: Landorus
|
|upkeep
|turn|20
|
|t:|1655523971
|switch|p1a: Slowking|Slowking, M|40/100
|move|p2a: Gyarados|Earthquake|p1a: Slowking
|-damage|p1a: Slowking|0 fnt
|faint|p1a: Slowking
|-ability|p2a: Gyarados|Moxie|boost
|-boost|p2a: Gyarados|atk|1
|
|upkeep
|l| Terry007
|
|t:|1655523975
|switch|p1a: Landorus|Landorus-Therian, M|100/100
|-ability|p1a: Landorus|Intimidate|boost
|-immune|p2a: Gyarados
|turn|21
|
|t:|1655523979
|move|p2a: Gyarados|Earthquake|p1a: Landorus
|-immune|p1a: Landorus
|move|p1a: Landorus|Knock Off|p2a: Gyarados
|-end|p2a: Gyarados|Substitute
|
|upkeep
|turn|22
|
|t:|1655523983
|switch|p1a: Ferrothorn|Ferrothorn, M|38/100
|move|p2a: Gyarados|Earthquake|p1a: Ferrothorn
|-crit|p1a: Ferrothorn
|-damage|p1a: Ferrothorn|0 fnt
|faint|p1a: Ferrothorn
|-ability|p2a: Gyarados|Moxie|boost
|-boost|p2a: Gyarados|atk|1
|
|upkeep
|
|t:|1655523990
|switch|p1a: Weavile|Weavile, F|100/100
|-ability|p1a: Weavile|Pressure
|turn|23
|
|t:|1655523994
|move|p1a: Weavile|Ice Shard|p2a: Gyarados
|-damage|p2a: Gyarados|0 fnt
|faint|p2a: Gyarados
|
|upkeep
|
|t:|1655524001
|switch|p2a: Mifune|Kartana|100/100
|turn|24
|
|t:|1655524007
|switch|p1a: Landorus|Landorus-Therian, M|100/100
|-ability|p1a: Landorus|Intimidate|boost
|-unboost|p2a: Mifune|atk|1
|move|p2a: Mifune|Swords Dance|p2a: Mifune
|-boost|p2a: Mifune|atk|2
|
|upkeep
|turn|25
|
|t:|1655524010
|move|p2a: Mifune|Leaf Blade|p1a: Landorus
|-damage|p1a: Landorus|9/100
|-damage|p2a: Mifune|91/100|[from] item: Life Orb
|move|p1a: Landorus|U-turn|p2a: Mifune
|-damage|p2a: Mifune|73/100
|
|t:|1655524013
|switch|p1a: Weavile|Weavile, F|100/100|[from]move: U-turn
|-ability|p1a: Weavile|Pressure
|
|upkeep
|turn|26
|
|t:|1655524018
|move|p1a: Weavile|Knock Off|p2a: Mifune
|-damage|p2a: Mifune|1/100
|-enditem|p2a: Mifune|Life Orb|[from] move: Knock Off|[of] p1a: Weavile
|move|p2a: Mifune|Sacred Sword|p1a: Weavile
|-supereffective|p1a: Weavile
|-damage|p1a: Weavile|0 fnt
|faint|p1a: Weavile
|-ability|p2a: Mifune|Beast Boost|boost
|-boost|p2a: Mifune|spe|1
|
|upkeep
|
|t:|1655524021
|switch|p1a: Landorus|Landorus-Therian, M|9/100
|-ability|p1a: Landorus|Intimidate|boost
|-unboost|p2a: Mifune|atk|1
|turn|27
|
|t:|1655524030
|move|p2a: Mifune|Smart Strike|p1a: Landorus
|-damage|p1a: Landorus|0 fnt
|faint|p1a: Landorus
|-ability|p2a: Mifune|Beast Boost|boost
|-boost|p2a: Mifune|spe|1
|
|upkeep
|
|t:|1655524034
|switch|p1a: Glastrier|Glastrier|100/100
|turn|28
|
|t:|1655524037
|move|p2a: Mifune|Smart Strike|p1a: Glastrier
|-supereffective|p1a: Glastrier
|-damage|p1a: Glastrier|49/100
|move|p1a: Glastrier|Icicle Crash|p2a: Mifune
|-damage|p2a: Mifune|0 fnt
|faint|p2a: Mifune
|-ability|p1a: Glastrier|Chilling Neigh|boost
|-boost|p1a: Glastrier|atk|1
|
|-heal|p1a: Glastrier|55/100|[from] item: Leftovers
|upkeep
|
|t:|1655524042
|switch|p2a: John Cena|Hawlucha, F|100/100
|turn|29
|
|t:|1655524058
|move|p2a: John Cena|Close Combat|p1a: Glastrier
|-supereffective|p1a: Glastrier
|-damage|p1a: Glastrier|0 fnt
|-unboost|p2a: John Cena|def|1
|-unboost|p2a: John Cena|spd|1
|faint|p1a: Glastrier
|
|win|2(H2O)-Alt
|raw|Outhippowdon's rating: 1643 &rarr; <strong>1619</strong><br />(-24 for losing)
|raw|2(H2O)-Alt's rating: 1565 &rarr; <strong>1589</strong><br />(+24 for winning)
|c|☆Outhippowdon|gg
|c|☆2(H2O)-Alt|gg
|l|☆2(H2O)-Alt
