|raw|<div class="broadcast-blue"><strong>This battle is required to be public due to a player having a name starting with 'lt91bb'.</div>
|j|☆LT91BB Gray
|j|☆dmt dreams
|t:|1659521269
|gametype|singles
|player|p1|LT91BB Gray|266|1818
|player|p2|dmt dreams|pokefan-gen4|1888
|teamsize|p1|6
|teamsize|p2|6
|gen|8
|tier|[Gen 8] OU
|rated|
|rule|Sleep Clause Mod: Limit one foe put to sleep
|rule|Species Clause: Limit one of each Pokémon
|rule|OHKO Clause: OHKO moves are banned
|rule|Evasion Moves Clause: Evasion moves are banned
|rule|Endless Battle Clause: Forcing endless battles is banned
|rule|HP Percentage Mod: HP is shown in percentages
|rule|Dynamax Clause: You cannot dynamax
|clearpoke
|poke|p1|Buzzwole|
|poke|p1|Landorus-Therian, M|
|poke|p1|Magnezone|
|poke|p1|Tyranitar, M|
|poke|p1|Tapu Lele|
|poke|p1|Toxapex, M|
|poke|p2|Cresselia, F|
|poke|p2|Clefable, F|
|poke|p2|Quagsire, F|
|poke|p2|Skarmory, M|
|poke|p2|Zapdos|
|poke|p2|Toxapex, F|
|teampreview
|
|t:|1659521290
|start
|switch|p1a: Tapu Lele|Tapu Lele, shiny|100/100
|switch|p2a: Cresselia|Cresselia, F|100/100
|-fieldstart|move: Psychic Terrain|[from] ability: Psychic Surge|[of] p1a: Tapu Lele
|turn|1
|
|t:|1659521292
|switch|p1a: Tyranitar|Tyranitar, M|100/100
|-weather|Sandstorm|[from] ability: Sand Stream|[of] p1a: Tyranitar
|move|p2a: Cresselia|Toxic|p1a: Tyranitar
|-status|p1a: Tyranitar|tox
|
|-weather|Sandstorm|[upkeep]
|-damage|p2a: Cresselia|94/100|[from] Sandstorm
|-heal|p2a: Cresselia|100/100|[from] item: Leftovers
|-damage|p1a: Tyranitar|94/100 tox|[from] psn
|upkeep
|turn|2
|
|t:|1659521299
|switch|p2a: Clefable|Clefable, F|100/100
|move|p1a: Tyranitar|Stealth Rock|p2a: Clefable
|-sidestart|p2: dmt dreams|move: Stealth Rock
|
|-weather|Sandstorm|[upkeep]
|-heal|p1a: Tyranitar|100/100 tox|[from] item: Leftovers
|-damage|p1a: Tyranitar|88/100 tox|[from] psn
|upkeep
|turn|3
|
|t:|1659521302
|switch|p1a: Tapu Lele|Tapu Lele, shiny|100/100
|move|p2a: Clefable|Stealth Rock|p1a: Tapu Lele
|-sidestart|p1: LT91BB Gray|move: Stealth Rock
|
|-weather|Sandstorm|[upkeep]
|-damage|p1a: Tapu Lele|94/100|[from] Sandstorm
|upkeep
|turn|4
|
|t:|1659521308
|move|p1a: Tapu Lele|Psychic|p2a: Clefable
|-damage|p2a: Clefable|18/100
|move|p2a: Clefable|Soft-Boiled|p2a: Clefable
|-heal|p2a: Clefable|68/100
|
|-weather|Sandstorm|[upkeep]
|-damage|p1a: Tapu Lele|88/100|[from] Sandstorm
|upkeep
|turn|5
|
|t:|1659521311
|switch|p2a: Cresselia|Cresselia, F|100/100
|-damage|p2a: Cresselia|88/100|[from] Stealth Rock
|move|p1a: Tapu Lele|Psychic|p2a: Cresselia
|-resisted|p2a: Cresselia
|-damage|p2a: Cresselia|65/100
|
|-weather|none
|-heal|p2a: Cresselia|71/100|[from] item: Leftovers
|-fieldend|move: Psychic Terrain
|upkeep
|turn|6
|
|t:|1659521316
|switch|p1a: Tyranitar|Tyranitar, M|88/100 tox
|-damage|p1a: Tyranitar|76/100 tox|[from] Stealth Rock
|-weather|Sandstorm|[from] ability: Sand Stream|[of] p1a: Tyranitar
|move|p2a: Cresselia|Moonlight|p2a: Cresselia
|-heal|p2a: Cresselia|96/100
|
|-weather|Sandstorm|[upkeep]
|-damage|p2a: Cresselia|90/100|[from] Sandstorm
|-heal|p2a: Cresselia|96/100|[from] item: Leftovers
|-heal|p1a: Tyranitar|82/100 tox|[from] item: Leftovers
|-damage|p1a: Tyranitar|76/100 tox|[from] psn
|upkeep
|turn|7
|
|t:|1659521319
|switch|p1a: Tapu Lele|Tapu Lele, shiny|88/100
|-damage|p1a: Tapu Lele|76/100|[from] Stealth Rock
|-fieldstart|move: Psychic Terrain|[from] ability: Psychic Surge|[of] p1a: Tapu Lele
|move|p2a: Cresselia|Protect||[still]
|-fail|p2a: Cresselia
|
|-weather|Sandstorm|[upkeep]
|-damage|p1a: Tapu Lele|70/100|[from] Sandstorm
|-damage|p2a: Cresselia|90/100|[from] Sandstorm
|-heal|p2a: Cresselia|96/100|[from] item: Leftovers
|upkeep
|turn|8
|
|t:|1659521324
|switch|p1a: Toxapex|Toxapex, M|100/100
|-damage|p1a: Toxapex|88/100|[from] Stealth Rock
|move|p2a: Cresselia|Toxic|p1a: Toxapex
|-immune|p1a: Toxapex
|
|-weather|Sandstorm|[upkeep]
|-damage|p2a: Cresselia|90/100|[from] Sandstorm
|-damage|p1a: Toxapex|82/100|[from] Sandstorm
|-heal|p2a: Cresselia|96/100|[from] item: Leftovers
|upkeep
|turn|9
|
|t:|1659521328
|switch|p2a: Toxapex|Toxapex, F|100/100
|-damage|p2a: Toxapex|88/100|[from] Stealth Rock
|move|p1a: Toxapex|Knock Off|p2a: Toxapex
|-damage|p2a: Toxapex|76/100
|-enditem|p2a: Toxapex|Shed Shell|[from] move: Knock Off|[of] p1a: Toxapex
|
|-weather|Sandstorm|[upkeep]
|-damage|p1a: Toxapex|75/100|[from] Sandstorm
|-damage|p2a: Toxapex|70/100|[from] Sandstorm
|upkeep
|turn|10
|
|t:|1659521340
|move|p1a: Toxapex|Knock Off|p2a: Toxapex
|-damage|p2a: Toxapex|62/100
|move|p2a: Toxapex|Toxic Spikes|p1a: Toxapex
|-sidestart|p1: LT91BB Gray|move: Toxic Spikes
|
|-weather|none
|upkeep
|turn|11
|
|t:|1659521343
|switch|p1a: Magnezone|Magnezone|100/100
|-damage|p1a: Magnezone|94/100|[from] Stealth Rock
|move|p2a: Toxapex|Knock Off|p1a: Magnezone
|-damage|p1a: Magnezone|84/100
|-enditem|p1a: Magnezone|Leftovers|[from] move: Knock Off|[of] p2a: Toxapex
|
|-fieldend|move: Psychic Terrain
|upkeep
|turn|12
|
|t:|1659521349
|switch|p1a: Toxapex|Toxapex, M|100/100
|-damage|p1a: Toxapex|88/100|[from] Stealth Rock
|-sideend|p1: LT91BB Gray|move: Toxic Spikes|[of] p1a: Toxapex
|switch|p2a: Quagsire|Quagsire, F|100/100
|
|upkeep
|turn|13
|
|t:|1659521363
|switch|p1a: Tapu Lele|Tapu Lele, shiny|70/100
|-damage|p1a: Tapu Lele|57/100|[from] Stealth Rock
|-fieldstart|move: Psychic Terrain|[from] ability: Psychic Surge|[of] p1a: Tapu Lele
|switch|p2a: Clefable|Clefable, F|68/100
|
|upkeep
|turn|14
|
|t:|1659521368
|switch|p2a: Toxapex|Toxapex, F|95/100
|-damage|p2a: Toxapex|83/100|[from] Stealth Rock
|move|p1a: Tapu Lele|Shadow Ball|p2a: Toxapex
|-damage|p2a: Toxapex|56/100
|-unboost|p2a: Toxapex|spd|1
|
|upkeep
|turn|15
|
|t:|1659521373
|switch|p1a: Toxapex|Toxapex, M|100/100
|-damage|p1a: Toxapex|88/100|[from] Stealth Rock
|move|p2a: Toxapex|Toxic|p1a: Toxapex
|-immune|p1a: Toxapex
|
|upkeep
|turn|16
|
|t:|1659521375
|switch|p1a: Tapu Lele|Tapu Lele, shiny|57/100
|-damage|p1a: Tapu Lele|45/100|[from] Stealth Rock
|move|p2a: Toxapex|Toxic|p1a: Tapu Lele
|-status|p1a: Tapu Lele|tox
|
|-damage|p1a: Tapu Lele|39/100 tox|[from] psn
|upkeep
|turn|17
|
|t:|1659521380
|switch|p2a: Cresselia|Cresselia, F|96/100
|-damage|p2a: Cresselia|84/100|[from] Stealth Rock
|move|p1a: Tapu Lele|Shadow Ball|p2a: Cresselia
|-supereffective|p2a: Cresselia
|-damage|p2a: Cresselia|44/100
|
|-heal|p2a: Cresselia|50/100|[from] item: Leftovers
|-damage|p1a: Tapu Lele|27/100 tox|[from] psn
|-fieldend|move: Psychic Terrain
|upkeep
|turn|18
|-message|LT91BB Gray forfeited.
|
|win|dmt dreams
|raw|LT91BB Gray's rating: 1818 &rarr; <strong>1802</strong><br />(-16 for losing)
|raw|dmt dreams's rating: 1888 &rarr; <strong>1904</strong><br />(+16 for winning)
|l|☆LT91BB Gray
