|j|☆JollyRogers
|j|☆vagmak
|t:|1607431986
|player|p1|JollyRogers|1|1660
|player|p2|vagmak|brawly|1576
|teamsize|p1|6
|teamsize|p2|6
|gametype|singles
|gen|8
|tier|[Gen 8] OU
|rated|
|clearpoke
|poke|p1|Umbreon, M|
|poke|p1|Ferrothorn, F|
|poke|p1|Dragonite, F|
|poke|p1|Magearna|
|poke|p1|Moltres|
|poke|p1|Dragapult, F|
|poke|p2|Kartana|
|poke|p2|Azumarill, M|
|poke|p2|Garchomp, M|
|poke|p2|Zapdos|
|poke|p2|Nidoking, M|
|poke|p2|Melmetal|
|rule|Sleep Clause Mod: Limit one foe put to sleep
|rule|Species Clause: Limit one of each Pokémon
|rule|OHKO Clause: OHKO moves are banned
|rule|Evasion Moves Clause: Evasion moves are banned
|rule|Endless Battle Clause: Forcing endless battles is banned
|rule|HP Percentage Mod: HP is shown in percentages
|rule|Dynamax Clause: You cannot dynamax
|teampreview
|inactive|Battle timer is ON: inactive players will automatically lose when time's up. (requested by vagmak)
|
|t:|1607432002
|start
|switch|p1a: Dragapult|Dragapult, F|100/100
|switch|p2a: Kartana|Kartana|100/100
|turn|1
|
|t:|1607432023
|move|p1a: Dragapult|Shadow Ball|p2a: Kartana
|-damage|p2a: Kartana|0 fnt
|faint|p2a: Kartana
|
|upkeep
|
|t:|1607432029
|switch|p2a: Azumarill|Azumarill, M|100/100
|turn|2
|
|t:|1607432033
|switch|p1a: Ferrothorn|Ferrothorn, F|100/100
|move|p2a: Azumarill|Play Rough|p1a: Ferrothorn
|-resisted|p1a: Ferrothorn
|-damage|p1a: Ferrothorn|83/100
|-damage|p2a: Azumarill|88/100|[from] ability: Iron Barbs|[of] p1a: Ferrothorn
|-damage|p2a: Azumarill|72/100|[from] item: Rocky Helmet|[of] p1a: Ferrothorn
|
|upkeep
|turn|3
|
|t:|1607432047
|switch|p2a: Zapdos|Zapdos|100/100
|switch|p1a: Dragapult|Dragapult, F|100/100
|
|upkeep
|turn|4
|
|t:|1607432053
|move|p1a: Dragapult|Draco Meteor|p2a: Zapdos|[miss]
|-miss|p1a: Dragapult|p2a: Zapdos
|move|p2a: Zapdos|Hurricane|p1a: Dragapult
|-damage|p1a: Dragapult|14/100
|
|upkeep
|turn|5
|
|t:|1607432062
|switch|p1a: Magearna|Magearna|100/100
|move|p2a: Zapdos|Thunderbolt|p1a: Magearna
|-damage|p1a: Magearna|61/100
|
|upkeep
|turn|6
|
|t:|1607432069
|move|p2a: Zapdos|Heat Wave|p1a: Magearna
|-supereffective|p1a: Magearna
|-damage|p1a: Magearna|5/100
|move|p1a: Magearna|Ice Beam|p2a: Zapdos
|-supereffective|p2a: Zapdos
|-damage|p2a: Zapdos|0 fnt
|faint|p2a: Zapdos
|-ability|p1a: Magearna|Soul-Heart|boost
|-boost|p1a: Magearna|spa|1
|
|upkeep
|
|t:|1607432080
|switch|p2a: Azumarill|Azumarill, M|72/100
|turn|7
|
|t:|1607432083
|switch|p1a: Ferrothorn|Ferrothorn, F|83/100
|move|p2a: Azumarill|Aqua Jet|p1a: Ferrothorn
|-resisted|p1a: Ferrothorn
|-damage|p1a: Ferrothorn|75/100
|-damage|p2a: Azumarill|59/100|[from] ability: Iron Barbs|[of] p1a: Ferrothorn
|-damage|p2a: Azumarill|43/100|[from] item: Rocky Helmet|[of] p1a: Ferrothorn
|-enditem|p2a: Azumarill|Sitrus Berry|[eat]
|-heal|p2a: Azumarill|68/100|[from] item: Sitrus Berry
|
|upkeep
|turn|8
|j| ChubsTheGod
|
|t:|1607432103
|switch|p2a: Garchomp|Garchomp, M|100/100
|move|p1a: Ferrothorn|Leech Seed|p2a: Garchomp
|-start|p2a: Garchomp|move: Leech Seed
|
|-damage|p2a: Garchomp|88/100|[from] Leech Seed|[of] p1a: Ferrothorn
|-heal|p1a: Ferrothorn|88/100|[silent]
|upkeep
|turn|9
|
|t:|1607432114
|switch|p1a: Umbreon|Umbreon, M|100/100
|move|p2a: Garchomp|Earthquake|p1a: Umbreon
|-damage|p1a: Umbreon|61/100
|
|-heal|p1a: Umbreon|67/100|[from] item: Leftovers
|-damage|p2a: Garchomp|76/100|[from] Leech Seed|[of] p1a: Umbreon
|-heal|p1a: Umbreon|78/100|[silent]
|upkeep
|turn|10
|j| Mr old Hiker
|l| Mr old Hiker
|
|t:|1607432128
|switch|p2a: Melmetal|Melmetal|100/100
|move|p1a: Umbreon|Wish|p1a: Umbreon
|
|-heal|p1a: Umbreon|84/100|[from] item: Leftovers
|upkeep
|turn|11
|
|t:|1607432135
|switch|p1a: Ferrothorn|Ferrothorn, F|88/100
|move|p2a: Melmetal|Earthquake|p1a: Ferrothorn
|-damage|p1a: Ferrothorn|65/100
|
|-heal|p1a: Ferrothorn|100/100|[from] move: Wish|[wisher] Umbreon
|upkeep
|turn|12
|
|t:|1607432151
|switch|p1a: Moltres|Moltres|100/100
|move|p2a: Melmetal|Earthquake|p1a: Moltres
|-immune|p1a: Moltres
|
|upkeep
|turn|13
|
|t:|1607432158
|move|p1a: Moltres|Flamethrower|p2a: Melmetal
|-supereffective|p2a: Melmetal
|-damage|p2a: Melmetal|58/100
|move|p2a: Melmetal|Thunder Punch|p1a: Moltres
|-supereffective|p1a: Moltres
|-damage|p1a: Moltres|49/100
|
|upkeep
|turn|14
|
|t:|1607432167
|switch|p1a: Ferrothorn|Ferrothorn, F|100/100
|move|p2a: Melmetal|Earthquake|p1a: Ferrothorn
|-damage|p1a: Ferrothorn|76/100
|
|upkeep
|turn|15
|
|t:|1607432179
|move|p2a: Melmetal|Earthquake|p1a: Ferrothorn
|-damage|p1a: Ferrothorn|50/100
|move|p1a: Ferrothorn|Leech Seed|p2a: Melmetal
|-start|p2a: Melmetal|move: Leech Seed
|
|-damage|p2a: Melmetal|45/100|[from] Leech Seed|[of] p1a: Ferrothorn
|-heal|p1a: Ferrothorn|65/100|[silent]
|upkeep
|turn|16
|l| ChubsTheGod
|
|t:|1607432192
|move|p2a: Melmetal|Thunder Punch|p1a: Ferrothorn
|-resisted|p1a: Ferrothorn
|-damage|p1a: Ferrothorn|55/100
|-damage|p2a: Melmetal|33/100|[from] ability: Iron Barbs|[of] p1a: Ferrothorn
|-damage|p2a: Melmetal|16/100|[from] item: Rocky Helmet|[of] p1a: Ferrothorn
|move|p1a: Ferrothorn|Stealth Rock|p2a: Melmetal
|-sidestart|p2: vagmak|move: Stealth Rock
|
|-damage|p2a: Melmetal|4/100|[from] Leech Seed|[of] p1a: Ferrothorn
|-heal|p1a: Ferrothorn|69/100|[silent]
|upkeep
|turn|17
|
|t:|1607432204
|move|p1a: Ferrothorn|Protect|p1a: Ferrothorn
|-singleturn|p1a: Ferrothorn|Protect
|move|p2a: Melmetal|Earthquake|p1a: Ferrothorn
|-activate|p1a: Ferrothorn|move: Protect
|
|-damage|p2a: Melmetal|0 fnt|[from] Leech Seed|[of] p1a: Ferrothorn
|-heal|p1a: Ferrothorn|73/100|[silent]
|faint|p2a: Melmetal
|upkeep
|
|t:|1607432219
|switch|p2a: Nidoking|Nidoking, M|100/100
|-damage|p2a: Nidoking|95/100|[from] Stealth Rock
|turn|18
|
|t:|1607432226
|switch|p1a: Umbreon|Umbreon, M|84/100
|move|p2a: Nidoking|Earth Power|p1a: Umbreon
|-damage|p1a: Umbreon|60/100
|
|-heal|p1a: Umbreon|66/100|[from] item: Leftovers
|upkeep
|turn|19
|
|t:|1607432235
|move|p2a: Nidoking|Earth Power|p1a: Umbreon
|-damage|p1a: Umbreon|42/100
|move|p1a: Umbreon|Wish|p1a: Umbreon
|
|-heal|p1a: Umbreon|48/100|[from] item: Leftovers
|upkeep
|turn|20
|
|t:|1607432243
|move|p2a: Nidoking|Earth Power|p1a: Umbreon
|-damage|p1a: Umbreon|23/100
|move|p1a: Umbreon|Foul Play|p2a: Nidoking
|-damage|p2a: Nidoking|56/100
|
|-heal|p1a: Umbreon|73/100|[from] move: Wish|[wisher] Umbreon
|-heal|p1a: Umbreon|79/100|[from] item: Leftovers
|upkeep
|turn|21
|
|t:|1607432253
|move|p2a: Nidoking|Earth Power|p1a: Umbreon
|-damage|p1a: Umbreon|52/100
|move|p1a: Umbreon|Wish|p1a: Umbreon
|
|-heal|p1a: Umbreon|58/100|[from] item: Leftovers
|upkeep
|turn|22
|
|t:|1607432265
|move|p2a: Nidoking|Earth Power|p1a: Umbreon
|-damage|p1a: Umbreon|32/100
|move|p1a: Umbreon|Foul Play|p2a: Nidoking
|-damage|p2a: Nidoking|20/100
|
|-heal|p1a: Umbreon|82/100|[from] move: Wish|[wisher] Umbreon
|-heal|p1a: Umbreon|88/100|[from] item: Leftovers
|upkeep
|turn|23
|-message|vagmak forfeited.
|
|win|JollyRogers
|l|☆vagmak
|raw|JollyRogers's rating: 1660 &rarr; <strong>1675</strong><br />(+15 for winning)
|raw|vagmak's rating: 1576 &rarr; <strong>1560</strong><br />(-16 for losing)
