|j|☆EL BAMZUKA
|j|☆cump2
|t:|1661273968
|gametype|singles
|player|p1|EL BAMZUKA|ethan-masters|1623
|player|p2|cump2|pilot|1676
|teamsize|p1|6
|teamsize|p2|6
|gen|8
|tier|[Gen 8] OU
|rated|
|rule|Sleep Clause Mod: Limit one foe put to sleep
|rule|Species Clause: Limit one of each Pokémon
|rule|OHKO Clause: OHKO moves are banned
|rule|Evasion Items Clause: Evasion items are banned
|rule|Evasion Moves Clause: Evasion moves are banned
|rule|Endless Battle Clause: Forcing endless battles is banned
|rule|HP Percentage Mod: HP is shown in percentages
|rule|Dynamax Clause: You cannot dynamax
|clearpoke
|poke|p1|Tyranitar, F|
|poke|p1|Clefable, M|
|poke|p1|Excadrill, F|
|poke|p1|Tangrowth, M|
|poke|p1|Slowking-Galar, M|
|poke|p1|Rotom-Wash|
|poke|p2|Clefable, M|
|poke|p2|Ferrothorn, M|
|poke|p2|Buzzwole|
|poke|p2|Victini|
|poke|p2|Dragonite, F|
|poke|p2|Tapu Koko|
|teampreview
|inactive|Battle timer is ON: inactive players will automatically lose when time's up. (requested by EL BAMZUKA)
|c|☆cump2|hf
|c|☆EL BAMZUKA|hf
|
|t:|1661273988
|start
|switch|p1a: Slowking|Slowking-Galar, M|100/100
|switch|p2a: Buzzwole|Buzzwole|100/100
|turn|1
|inactive|cump2 has 120 seconds left.
|
|t:|1661274035
|switch|p2a: Ferrothorn|Ferrothorn, M|100/100
|move|p1a: Slowking|Psychic|p2a: Ferrothorn
|-resisted|p2a: Ferrothorn
|-damage|p2a: Ferrothorn|86/100
|
|-heal|p2a: Ferrothorn|92/100|[from] item: Leftovers
|upkeep
|turn|2
|
|t:|1661274044
|switch|p2a: Victini|Victini|100/100
|move|p1a: Slowking|Trick|p2a: Victini
|-activate|p1a: Slowking|move: Trick|[of] p2a: Victini
|-item|p2a: Victini|Black Sludge|[from] move: Trick
|-item|p1a: Slowking|Heavy-Duty Boots|[from] move: Trick
|
|-damage|p2a: Victini|88/100|[from] item: Black Sludge
|upkeep
|turn|3
|
|t:|1661274047
|move|p2a: Victini|U-turn|p1a: Slowking
|-damage|p1a: Slowking|85/100
|inactive|cump2 has 120 seconds left.
|
|t:|1661274054
|switch|p2a: Clefable|Clefable, M|100/100|[from]move: U-turn
|move|p1a: Slowking|Sludge Bomb|p2a: Clefable
|-supereffective|p2a: Clefable
|-damage|p2a: Clefable|55/100
|
|-heal|p2a: Clefable|61/100|[from] item: Leftovers
|upkeep
|turn|4
|
|t:|1661274058
|move|p2a: Clefable|Soft-Boiled|p2a: Clefable
|-heal|p2a: Clefable|100/100
|move|p1a: Slowking|Sludge Bomb|p2a: Clefable
|-supereffective|p2a: Clefable
|-damage|p2a: Clefable|56/100
|
|-heal|p2a: Clefable|62/100|[from] item: Leftovers
|upkeep
|turn|5
|
|t:|1661274065
|switch|p2a: Ferrothorn|Ferrothorn, M|92/100
|move|p1a: Slowking|Nasty Plot|p1a: Slowking
|-boost|p1a: Slowking|spa|2
|
|-heal|p2a: Ferrothorn|99/100|[from] item: Leftovers
|upkeep
|turn|6
|
|t:|1661274073
|switch|p1a: Tangrowth|Tangrowth, M|100/100
|move|p2a: Ferrothorn|Knock Off|p1a: Tangrowth
|-damage|p1a: Tangrowth|89/100
|-damage|p2a: Ferrothorn|82/100|[from] item: Rocky Helmet|[of] p1a: Tangrowth
|-enditem|p1a: Tangrowth|Rocky Helmet|[from] move: Knock Off|[of] p2a: Ferrothorn
|
|-heal|p2a: Ferrothorn|88/100|[from] item: Leftovers
|upkeep
|turn|7
|
|t:|1661274080
|switch|p2a: Victini|Victini|88/100
|move|p1a: Tangrowth|Knock Off|p2a: Victini
|-supereffective|p2a: Victini
|-damage|p2a: Victini|38/100
|-enditem|p2a: Victini|Black Sludge|[from] move: Knock Off|[of] p1a: Tangrowth
|
|upkeep
|turn|8
|
|t:|1661274087
|switch|p1a: Slowking|Slowking-Galar, M|100/100
|move|p2a: Victini|U-turn|p1a: Slowking
|-damage|p1a: Slowking|86/100
|
|t:|1661274091
|switch|p2a: Ferrothorn|Ferrothorn, M|88/100|[from]move: U-turn
|
|-heal|p2a: Ferrothorn|95/100|[from] item: Leftovers
|upkeep
|turn|9
|
|t:|1661274096
|switch|p1a: Tangrowth|Tangrowth, M|100/100
|move|p2a: Ferrothorn|Spikes|p1a: Tangrowth
|-sidestart|p1: EL BAMZUKA|Spikes
|
|-heal|p2a: Ferrothorn|100/100|[from] item: Leftovers
|upkeep
|turn|10
|
|t:|1661274101
|move|p1a: Tangrowth|Knock Off|p2a: Ferrothorn
|-damage|p2a: Ferrothorn|88/100
|-damage|p1a: Tangrowth|88/100|[from] ability: Iron Barbs|[of] p2a: Ferrothorn
|-enditem|p2a: Ferrothorn|Leftovers|[from] move: Knock Off|[of] p1a: Tangrowth
|move|p2a: Ferrothorn|Spikes|p1a: Tangrowth
|-sidestart|p1: EL BAMZUKA|Spikes
|
|upkeep
|turn|11
|
|t:|1661274105
|move|p1a: Tangrowth|Focus Blast|p2a: Ferrothorn|[miss]
|-miss|p1a: Tangrowth|p2a: Ferrothorn
|move|p2a: Ferrothorn|Spikes|p1a: Tangrowth
|-sidestart|p1: EL BAMZUKA|Spikes
|
|upkeep
|turn|12
|
|t:|1661274113
|switch|p2a: Buzzwole|Buzzwole|100/100
|move|p1a: Tangrowth|Knock Off|p2a: Buzzwole
|-resisted|p2a: Buzzwole
|-damage|p2a: Buzzwole|95/100
|-enditem|p2a: Buzzwole|Heavy-Duty Boots|[from] move: Knock Off|[of] p1a: Tangrowth
|
|upkeep
|turn|13
|
|t:|1661274117
|move|p2a: Buzzwole|Toxic|p1a: Tangrowth
|-status|p1a: Tangrowth|tox
|move|p1a: Tangrowth|Toxic|p2a: Buzzwole
|-status|p2a: Buzzwole|tox
|
|-damage|p2a: Buzzwole|89/100 tox|[from] psn
|-damage|p1a: Tangrowth|82/100 tox|[from] psn
|upkeep
|turn|14
|
|t:|1661274125
|switch|p2a: Ferrothorn|Ferrothorn, M|88/100
|switch|p1a: Clefable|Clefable, M|100/100
|
|upkeep
|turn|15
|
|t:|1661274130
|move|p1a: Clefable|Flamethrower|p2a: Ferrothorn
|-supereffective|p2a: Ferrothorn
|-damage|p2a: Ferrothorn|23/100
|move|p2a: Ferrothorn|Knock Off|p1a: Clefable
|-resisted|p1a: Clefable
|-damage|p1a: Clefable|92/100
|-damage|p2a: Ferrothorn|6/100|[from] item: Rocky Helmet|[of] p1a: Clefable
|-enditem|p1a: Clefable|Rocky Helmet|[from] move: Knock Off|[of] p2a: Ferrothorn
|
|upkeep
|turn|16
|
|t:|1661274141
|move|p1a: Clefable|Stealth Rock|p2a: Ferrothorn
|-sidestart|p2: cump2|move: Stealth Rock
|move|p2a: Ferrothorn|Gyro Ball|p1a: Clefable
|-supereffective|p1a: Clefable
|-damage|p1a: Clefable|45/100
|
|upkeep
|turn|17
|
|t:|1661274146
|move|p1a: Clefable|Soft-Boiled|p1a: Clefable
|-heal|p1a: Clefable|95/100
|move|p2a: Ferrothorn|Gyro Ball|p1a: Clefable
|-supereffective|p1a: Clefable
|-damage|p1a: Clefable|47/100
|
|upkeep
|turn|18
|
|t:|1661274153
|switch|p2a: Tapu Koko|Tapu Koko, shiny|100/100
|-fieldstart|move: Electric Terrain|[from] ability: Electric Surge|[of] p2a: Tapu Koko
|move|p1a: Clefable|Soft-Boiled|p1a: Clefable
|-heal|p1a: Clefable|97/100
|
|upkeep
|turn|19
|
|t:|1661274157
|switch|p1a: Excadrill|Excadrill, F|100/100
|-damage|p1a: Excadrill|76/100|[from] Spikes
|move|p2a: Tapu Koko|Calm Mind|p2a: Tapu Koko
|-boost|p2a: Tapu Koko|spa|1
|-boost|p2a: Tapu Koko|spd|1
|
|-heal|p1a: Excadrill|82/100|[from] item: Leftovers
|upkeep
|turn|20
|
|t:|1661274160
|switch|p2a: Ferrothorn|Ferrothorn, M|6/100
|-damage|p2a: Ferrothorn|0 fnt|[from] Stealth Rock
|faint|p2a: Ferrothorn
|move|p1a: Excadrill|Rapid Spin|p2: Ferrothorn|[notarget]
|-fail|p1a: Excadrill
|
|-heal|p1a: Excadrill|88/100|[from] item: Leftovers
|upkeep
|
|t:|1661274163
|switch|p2a: Buzzwole|Buzzwole|89/100 tox
|-damage|p2a: Buzzwole|76/100 tox|[from] Stealth Rock
|turn|21
|
|t:|1661274166
|switch|p1a: Clefable|Clefable, M|97/100
|move|p2a: Buzzwole|Close Combat|p1a: Clefable
|-resisted|p1a: Clefable
|-damage|p1a: Clefable|77/100
|-unboost|p2a: Buzzwole|def|1
|-unboost|p2a: Buzzwole|spd|1
|
|-damage|p2a: Buzzwole|70/100 tox|[from] psn
|upkeep
|turn|22
|
|t:|1661274175
|switch|p2a: Clefable|Clefable, M|62/100
|move|p1a: Clefable|Moonblast|p2a: Clefable
|-damage|p2a: Clefable|41/100
|
|-heal|p2a: Clefable|47/100|[from] item: Leftovers
|-fieldend|move: Electric Terrain
|upkeep
|turn|23
|
|t:|1661274179
|switch|p1a: Excadrill|Excadrill, F|88/100
|-damage|p1a: Excadrill|63/100|[from] Spikes
|move|p2a: Clefable|Stealth Rock|p1a: Excadrill
|-sidestart|p1: EL BAMZUKA|move: Stealth Rock
|
|-heal|p1a: Excadrill|69/100|[from] item: Leftovers
|-heal|p2a: Clefable|53/100|[from] item: Leftovers
|upkeep
|turn|24
|
|t:|1661274184
|move|p1a: Excadrill|Rapid Spin|p2a: Clefable
|-damage|p2a: Clefable|32/100
|-boost|p1a: Excadrill|spe|1
|-sideend|p1: EL BAMZUKA|Spikes|[from] move: Rapid Spin|[of] p1a: Excadrill
|-sideend|p1: EL BAMZUKA|Stealth Rock|[from] move: Rapid Spin|[of] p1a: Excadrill
|move|p2a: Clefable|Soft-Boiled|p2a: Clefable
|-heal|p2a: Clefable|82/100
|
|-heal|p1a: Excadrill|75/100|[from] item: Leftovers
|-heal|p2a: Clefable|88/100|[from] item: Leftovers
|upkeep
|turn|25
|-message|cump2 forfeited.
|
|win|EL BAMZUKA
|raw|EL BAMZUKA's rating: 1623 &rarr; <strong>1646</strong><br />(+23 for winning)
|raw|cump2's rating: 1676 &rarr; <strong>1653</strong><br />(-23 for losing)
|l|☆cump2
