|j|☆Rorschach I
|j|☆moarfasterfaster
|player|p1|Rorschach I|cynthia|1858
|player|p2|moarfasterfaster|2|1856
|teamsize|p1|6
|teamsize|p2|6
|gametype|singles
|gen|8
|tier|[Gen 8] OU
|rated|
|clearpoke
|poke|p1|Terrakion|
|poke|p1|Aegislash, M|
|poke|p1|Crawdaunt, F|
|poke|p1|Zeraora|
|poke|p1|Kyurem|
|poke|p1|Togekiss, M|
|poke|p2|Aegislash, M|
|poke|p2|Ninetales-Alola, M|
|poke|p2|Rotom-Heat|
|poke|p2|Seismitoad, F|
|poke|p2|Mandibuzz, F|
|poke|p2|Sirfetch'd, F|
|rule|Sleep Clause Mod: Limit one foe put to sleep
|rule|Species Clause: Limit one of each Pokémon
|rule|OHKO Clause: OHKO moves are banned
|rule|Evasion Moves Clause: Evasion moves are banned
|rule|Endless Battle Clause: Forcing endless battles is banned
|rule|HP Percentage Mod: HP is shown in percentages
|rule|Dynamax Clause: You cannot dynamax
|teampreview
|
|start
|switch|p1a: Terrakion|Terrakion|100/100
|switch|p2a: farfetchd|Sirfetch'd, F, shiny|100/100
|turn|1
|
|move|p1a: Terrakion|Stealth Rock|p2a: farfetchd
|-sidestart|p2: moarfasterfaster|move: Stealth Rock
|move|p2a: farfetchd|Close Combat|p1a: Terrakion
|-supereffective|p1a: Terrakion
|-crit|p1a: Terrakion
|-enditem|p1a: Terrakion|Focus Sash
|-damage|p1a: Terrakion|1/100
|-unboost|p2a: farfetchd|def|1
|-unboost|p2a: farfetchd|spd|1
|
|upkeep
|turn|2
|c|☆moarfasterfaster|farfetch'd!!!!!!!!!!
|
|move|p2a: farfetchd|Quick Attack|p1a: Terrakion
|-resisted|p1a: Terrakion
|-crit|p1a: Terrakion
|-damage|p1a: Terrakion|0 fnt
|faint|p1a: Terrakion
|
|upkeep
|j| general_newb
|j| dops mnops
|
|switch|p1a: Kyurem|Kyurem|100/100
|-ability|p1a: Kyurem|Pressure
|turn|3
|
|switch|p2a: JouleCooker|Rotom-Heat, shiny|100/100
|move|p1a: Kyurem|Ice Beam|p2a: JouleCooker
|-resisted|p2a: JouleCooker
|-damage|p2a: JouleCooker|50/100
|
|upkeep
|turn|4
|j| jixng
|j| myjava
|
|switch|p2a: Clock|Aegislash, M, shiny|100/100
|-damage|p2a: Clock|94/100|[from] Stealth Rock
|move|p1a: Kyurem|Ice Beam|p2a: Clock
|-resisted|p2a: Clock
|-damage|p2a: Clock|65/100
|-status|p2a: Clock|frz
|
|upkeep
|turn|5
|l| general_newb
|j| sing whale song
|
|move|p1a: Kyurem|Ice Beam|p2a: Clock
|-resisted|p2a: Clock
|-damage|p2a: Clock|38/100 frz
|cant|p2a: Clock|frz
|
|upkeep
|turn|6
|inactive|Battle timer is ON: inactive players will automatically lose when time's up. (requested by moarfasterfaster)
|j| meatybawls
|
|move|p1a: Kyurem|Ice Beam|p2a: Clock
|-resisted|p2a: Clock
|-damage|p2a: Clock|8/100 frz
|cant|p2a: Clock|frz
|
|upkeep
|turn|7
|c|☆moarfasterfaster|NOICE
|c|☆moarfasterfaster|NOICE
|c|☆moarfasterfaster|NOICE
|c|☆moarfasterfaster|NOICE
|
|cant|p2a: Clock|frz
|move|p1a: Kyurem|Ice Beam|p2a: Clock
|-resisted|p2a: Clock
|-damage|p2a: Clock|0 fnt
|faint|p2a: Clock
|
|upkeep
|c|☆moarfasterfaster|yeahhh
|c|☆moarfasterfaster|hax me
|c|☆moarfasterfaster|daddy
|
|switch|p2a: WhiteHorse|Ninetales-Alola, M, shiny|100/100
|-damage|p2a: WhiteHorse|76/100|[from] Stealth Rock
|-weather|Hail|[from] ability: Snow Warning|[of] p2a: WhiteHorse
|turn|8
|c| myjava|nice*
|c|☆moarfasterfaster|what a respectable player
|j| Phoenix A1
|
|switch|p1a: Aegislash|Aegislash, M|100/100
|-item|p1a: Aegislash|Air Balloon
|move|p2a: WhiteHorse|Aurora Veil|p2a: WhiteHorse
|-sidestart|p2: moarfasterfaster|move: Aurora Veil
|
|-weather|Hail|[upkeep]
|-damage|p1a: Aegislash|94/100|[from] Hail
|upkeep
|turn|9
|
|switch|p2a: flamingo|Mandibuzz, F, shiny|100/100
|-formechange|p1a: Aegislash|Aegislash-Blade||[from] ability: Stance Change
|move|p1a: Aegislash|Close Combat|p2a: flamingo
|-damage|p2a: flamingo|87/100
|-unboost|p1a: Aegislash|def|1
|-unboost|p1a: Aegislash|spd|1
|
|-weather|Hail|[upkeep]
|-damage|p1a: Aegislash|88/100|[from] Hail
|upkeep
|turn|10
|l| Phoenix A1
|j|+McMeghan
|
|switch|p1a: Togekiss|Togekiss, M|100/100
|move|p2a: flamingo|Defog|p1a: Togekiss
|-unboost|p1a: Togekiss|evasion|1
|-sideend|p2: moarfasterfaster|Stealth Rock|[from] move: Defog|[of] p2a: flamingo
|
|-weather|Hail|[upkeep]
|-damage|p1a: Togekiss|94/100|[from] Hail
|upkeep
|turn|11
|l|myjava
|
|switch|p2a: JouleCooker|Rotom-Heat, shiny|50/100
|move|p1a: Togekiss|Air Slash|p2a: JouleCooker
|-resisted|p2a: JouleCooker
|-damage|p2a: JouleCooker|38/100
|
|-weather|Hail|[upkeep]
|-damage|p1a: Togekiss|88/100|[from] Hail
|-damage|p2a: JouleCooker|32/100|[from] Hail
|upkeep
|turn|12
|c|☆moarfasterfaster|go
|j| Phoenix A1
|inactive|Rorschach I has 120 seconds left.
|
|move|p1a: Togekiss|Air Slash|p2a: JouleCooker
|-resisted|p2a: JouleCooker
|-damage|p2a: JouleCooker|19/100
|move|p2a: JouleCooker|Pain Split|p1a: Togekiss
|-sethp|p1a: Togekiss|51/100|[from] move: Pain Split|[silent]
|-sethp|p2a: JouleCooker|66/100|[from] move: Pain Split
|
|-weather|none
|upkeep
|turn|13
|
|move|p1a: Togekiss|Air Slash|p2a: JouleCooker
|-resisted|p2a: JouleCooker
|-damage|p2a: JouleCooker|54/100
|cant|p2a: JouleCooker|flinch
|
|upkeep
|turn|14
|
|move|p1a: Togekiss|Air Slash|p2a: JouleCooker
|-resisted|p2a: JouleCooker
|-damage|p2a: JouleCooker|41/100
|cant|p2a: JouleCooker|flinch
|
|upkeep
|turn|15
|
|move|p1a: Togekiss|Air Slash|p2a: JouleCooker|[miss]
|-miss|p1a: Togekiss|p2a: JouleCooker
|move|p2a: JouleCooker|Thunderbolt|p1a: Togekiss
|-supereffective|p1a: Togekiss
|-damage|p1a: Togekiss|0 fnt
|faint|p1a: Togekiss
|
|-sideend|p2: moarfasterfaster|move: Aurora Veil
|upkeep
|
|switch|p1a: Kyurem|Kyurem|100/100
|-ability|p1a: Kyurem|Pressure
|turn|16
|
|move|p1a: Kyurem|Ice Beam|p2a: JouleCooker
|-resisted|p2a: JouleCooker
|-crit|p2a: JouleCooker
|-damage|p2a: JouleCooker|0 fnt
|faint|p2a: JouleCooker
|
|upkeep
|
|switch|p2a: WhiteHorse|Ninetales-Alola, M, shiny|76/100
|-weather|Hail|[from] ability: Snow Warning|[of] p2a: WhiteHorse
|turn|17
|
|switch|p1a: Aegislash|Aegislash, M|88/100
|-item|p1a: Aegislash|Air Balloon
|move|p2a: WhiteHorse|Aurora Veil|p2a: WhiteHorse
|-sidestart|p2: moarfasterfaster|move: Aurora Veil
|
|-weather|Hail|[upkeep]
|-damage|p1a: Aegislash|82/100|[from] Hail
|upkeep
|turn|18
|
|switch|p2a: farfetchd|Sirfetch'd, F, shiny|100/100
|-formechange|p1a: Aegislash|Aegislash-Blade||[from] ability: Stance Change
|move|p1a: Aegislash|Iron Head|p2a: farfetchd
|-damage|p2a: farfetchd|69/100
|
|-weather|Hail|[upkeep]
|-damage|p2a: farfetchd|63/100|[from] Hail
|-damage|p1a: Aegislash|76/100|[from] Hail
|upkeep
|turn|19
|c|☆moarfasterfaster|GO
|inactive|Rorschach I has 120 seconds left.
|j| serginho1
|
|switch|p1a: Crawdaunt|Crawdaunt, F|100/100
|move|p2a: farfetchd|Close Combat|p1a: Crawdaunt
|-supereffective|p1a: Crawdaunt
|-crit|p1a: Crawdaunt
|-damage|p1a: Crawdaunt|0 fnt
|-unboost|p2a: farfetchd|def|1
|-unboost|p2a: farfetchd|spd|1
|faint|p1a: Crawdaunt
|
|-weather|Hail|[upkeep]
|-damage|p2a: farfetchd|57/100|[from] Hail
|upkeep
|
|switch|p1a: Kyurem|Kyurem|100/100
|-ability|p1a: Kyurem|Pressure
|turn|20
|
|switch|p2a: WhiteHorse|Ninetales-Alola, M, shiny|76/100
|move|p1a: Kyurem|Draco Meteor|p2a: WhiteHorse
|-immune|p2a: WhiteHorse
|
|-weather|Hail|[upkeep]
|upkeep
|turn|21
|
|switch|p2a: farfetchd|Sirfetch'd, F, shiny|57/100
|switch|p1a: Aegislash|Aegislash, M|76/100
|-item|p1a: Aegislash|Air Balloon
|
|-weather|none
|upkeep
|turn|22
|inactive|Rorschach I has 120 seconds left.
|
|move|p2a: farfetchd|Close Combat|p1a: Aegislash
|-supereffective|p1a: Aegislash
|-crit|p1a: Aegislash
|-damage|p1a: Aegislash|0 fnt
|-unboost|p2a: farfetchd|def|1
|-unboost|p2a: farfetchd|spd|1
|-enditem|p1a: Aegislash|Air Balloon
|faint|p1a: Aegislash
|
|upkeep
|inactive|Rorschach I has 120 seconds left.
|
|switch|p1a: Kyurem|Kyurem|100/100
|-ability|p1a: Kyurem|Pressure
|turn|23
|
|switch|p2a: quagsyre|Seismitoad, F, shiny|100/100
|move|p1a: Kyurem|Ice Beam|p2a: quagsyre
|-damage|p2a: quagsyre|69/100
|
|-heal|p2a: quagsyre|75/100|[from] item: Leftovers
|upkeep
|turn|24
|
|move|p1a: Kyurem|Ice Beam|p2a: quagsyre
|-damage|p2a: quagsyre|42/100
|move|p2a: quagsyre|Earthquake|p1a: Kyurem
|-damage|p1a: Kyurem|69/100
|
|-heal|p2a: quagsyre|48/100|[from] item: Leftovers
|-sideend|p2: moarfasterfaster|move: Aurora Veil
|upkeep
|turn|25
|
|move|p1a: Kyurem|Ice Beam|p2a: quagsyre
|-damage|p2a: quagsyre|0 fnt
|faint|p2a: quagsyre
|
|upkeep
|
|switch|p2a: WhiteHorse|Ninetales-Alola, M, shiny|76/100
|-weather|Hail|[from] ability: Snow Warning|[of] p2a: WhiteHorse
|turn|26
|
|move|p2a: WhiteHorse|Aurora Veil|p2a: WhiteHorse
|-sidestart|p2: moarfasterfaster|move: Aurora Veil
|move|p1a: Kyurem|Ice Beam|p2a: WhiteHorse
|-resisted|p2a: WhiteHorse
|-damage|p2a: WhiteHorse|57/100
|
|-weather|Hail|[upkeep]
|upkeep
|turn|27
|
|move|p2a: WhiteHorse|Moonblast|p1a: Kyurem
|-supereffective|p1a: Kyurem
|-damage|p1a: Kyurem|8/100
|-unboost|p1a: Kyurem|spa|1
|move|p1a: Kyurem|Ice Beam|p2a: WhiteHorse
|-resisted|p2a: WhiteHorse
|-damage|p2a: WhiteHorse|43/100
|
|-weather|Hail|[upkeep]
|upkeep
|turn|28
|
|move|p2a: WhiteHorse|Moonblast|p1a: Kyurem
|-supereffective|p1a: Kyurem
|-damage|p1a: Kyurem|0 fnt
|faint|p1a: Kyurem
|
|-weather|Hail|[upkeep]
|upkeep
|
|switch|p1a: Zeraora|Zeraora|100/100
|turn|29
|
|move|p1a: Zeraora|Bulk Up|p1a: Zeraora
|-boost|p1a: Zeraora|atk|1
|-boost|p1a: Zeraora|def|1
|move|p2a: WhiteHorse|Moonblast|p1a: Zeraora
|-damage|p1a: Zeraora|63/100
|-unboost|p1a: Zeraora|spa|1
|
|-weather|Hail|[upkeep]
|-damage|p1a: Zeraora|57/100|[from] Hail
|upkeep
|turn|30
|
|move|p1a: Zeraora|Plasma Fists|p2a: WhiteHorse
|-damage|p2a: WhiteHorse|0 fnt
|-fieldactivate|move: Ion Deluge
|-damage|p1a: Zeraora|47/100|[from] item: Life Orb
|faint|p2a: WhiteHorse
|
|-weather|none
|upkeep
|
|switch|p2a: flamingo|Mandibuzz, F, shiny|87/100
|turn|31
|
|move|p1a: Zeraora|Plasma Fists|p2a: flamingo
|-supereffective|p2a: flamingo
|-damage|p2a: flamingo|25/100
|-fieldactivate|move: Ion Deluge
|-damage|p1a: Zeraora|37/100|[from] item: Life Orb
|move|p2a: flamingo|Foul Play|p1a: Zeraora
|-damage|p1a: Zeraora|0 fnt
|faint|p1a: Zeraora
|
|win|moarfasterfaster
|raw|Rorschach I's rating: 1858 &rarr; <strong>1838</strong><br />(-20 for losing)
|raw|moarfasterfaster's rating: 1856 &rarr; <strong>1876</strong><br />(+20 for winning)
|l|☆Rorschach I
|l| sing whale song
|c|☆moarfasterfaster|ill be taking 1 or 2 students tonight
|c|☆moarfasterfaster|message fast
|l| Phoenix A1
|l| meatybawls
|l|+McMeghan
|l| serginho1
