|j|☆big boss 447
|j|☆Le-Perpetrator
|player|p1|big boss 447|n|1750
|player|p2|Le-Perpetrator|1|1696
|teamsize|p1|6
|teamsize|p2|6
|gametype|singles
|gen|8
|tier|[Gen 8] OU
|rated|
|clearpoke
|poke|p1|Dracozolt|
|poke|p1|Barraskewda, M|
|poke|p1|Keldeo-Resolute|
|poke|p1|Ferrothorn, F|
|poke|p1|Pelipper, M|
|poke|p1|Magearna|
|poke|p2|Toxtricity-Low-Key, M|
|poke|p2|Weavile, M|
|poke|p2|Seismitoad, M|
|poke|p2|Dragapult, M|
|poke|p2|Ferrothorn, F|
|poke|p2|Togekiss, F|
|rule|Sleep Clause Mod: Limit one foe put to sleep
|rule|Species Clause: Limit one of each Pokémon
|rule|OHKO Clause: OHKO moves are banned
|rule|Evasion Moves Clause: Evasion moves are banned
|rule|Endless Battle Clause: Forcing endless battles is banned
|rule|HP Percentage Mod: HP is shown in percentages
|rule|Dynamax Clause: You cannot dynamax
|teampreview
|
|start
|switch|p1a: Magearna|Magearna|100/100
|switch|p2a: Toxtricity|Toxtricity-Low-Key, M|100/100
|turn|1
|
|move|p2a: Toxtricity|Volt Switch|p1a: Magearna
|-damage|p1a: Magearna|56/100
|
|switch|p2a: Seismitoad|Seismitoad, M|100/100|[from]move: Volt Switch
|move|p1a: Magearna|Fleur Cannon|p2a: Seismitoad
|-damage|p2a: Seismitoad|5/100
|-unboost|p1a: Magearna|spa|2
|
|-heal|p2a: Seismitoad|11/100|[from] item: Leftovers
|upkeep
|turn|2
|
|switch|p2a: Ferrothorn|Ferrothorn, F|100/100
|move|p1a: Magearna|Fleur Cannon|p2a: Ferrothorn|[miss]
|-miss|p1a: Magearna|p2a: Ferrothorn
|
|upkeep
|turn|3
|
|switch|p1a: Ferrothorn|Ferrothorn, F|100/100
|move|p2a: Ferrothorn|Stealth Rock|p1a: Ferrothorn
|-sidestart|p1: big boss 447|move: Stealth Rock
|
|upkeep
|turn|4
|
|switch|p2a: Togekiss|Togekiss, F|100/100
|move|p1a: Ferrothorn|Stealth Rock|p2a: Togekiss
|-sidestart|p2: Le-Perpetrator|move: Stealth Rock
|
|upkeep
|turn|5
|
|switch|p1a: Magearna|Magearna|56/100
|-damage|p1a: Magearna|50/100|[from] Stealth Rock
|move|p2a: Togekiss|Flamethrower|p1a: Magearna
|-supereffective|p1a: Magearna
|-damage|p1a: Magearna|1/100
|-status|p1a: Magearna|brn
|
|-damage|p1a: Magearna|0 fnt|[from] brn
|faint|p1a: Magearna
|upkeep
|
|switch|p1a: Dracozolt|Dracozolt|100/100
|-damage|p1a: Dracozolt|88/100|[from] Stealth Rock
|turn|6
|
|switch|p2a: Seismitoad|Seismitoad, M|11/100
|-damage|p2a: Seismitoad|5/100|[from] Stealth Rock
|move|p1a: Dracozolt|Bolt Beak|p2a: Seismitoad
|-immune|p2a: Seismitoad
|
|-heal|p2a: Seismitoad|11/100|[from] item: Leftovers
|upkeep
|turn|7
|
|move|p1a: Dracozolt|Earthquake|p2a: Seismitoad
|-damage|p2a: Seismitoad|0 fnt
|faint|p2a: Seismitoad
|
|upkeep
|
|switch|p2a: Dragapult|Dragapult, M|100/100
|-damage|p2a: Dragapult|88/100|[from] Stealth Rock
|turn|8
|
|switch|p1a: Ferrothorn|Ferrothorn, F|100/100
|-damage|p1a: Ferrothorn|94/100|[from] Stealth Rock
|move|p2a: Dragapult|Shadow Ball|p1a: Ferrothorn
|-damage|p1a: Ferrothorn|53/100
|
|-heal|p1a: Ferrothorn|59/100|[from] item: Leftovers
|upkeep
|turn|9
|
|switch|p2a: Ferrothorn|Ferrothorn, F|100/100
|-damage|p2a: Ferrothorn|94/100|[from] Stealth Rock
|move|p1a: Ferrothorn|Stealth Rock||[still]
|-fail|p1a: Ferrothorn
|
|-heal|p1a: Ferrothorn|66/100|[from] item: Leftovers
|upkeep
|turn|10
|
|switch|p1a: Keldeo|Keldeo-Resolute|100/100
|-damage|p1a: Keldeo|94/100|[from] Stealth Rock
|move|p2a: Ferrothorn|Spikes|p1a: Keldeo
|-sidestart|p1: big boss 447|Spikes
|
|upkeep
|turn|11
|
|switch|p2a: Dragapult|Dragapult, M|88/100
|-damage|p2a: Dragapult|76/100|[from] Stealth Rock
|move|p1a: Keldeo|Secret Sword|p2a: Dragapult
|-immune|p2a: Dragapult
|
|upkeep
|turn|12
|
|switch|p1a: Pelipper|Pelipper, M|100/100
|-damage|p1a: Pelipper|76/100|[from] Stealth Rock
|-weather|RainDance|[from] ability: Drizzle|[of] p1a: Pelipper
|move|p2a: Dragapult|Shadow Ball|p1a: Pelipper
|-damage|p1a: Pelipper|0 fnt
|faint|p1a: Pelipper
|
|-weather|RainDance|[upkeep]
|upkeep
|
|switch|p1a: Barraskewda|Barraskewda, M|100/100
|-damage|p1a: Barraskewda|88/100|[from] Spikes
|-damage|p1a: Barraskewda|76/100|[from] Stealth Rock
|turn|13
|
|switch|p2a: Ferrothorn|Ferrothorn, F|94/100
|-damage|p2a: Ferrothorn|88/100|[from] Stealth Rock
|move|p1a: Barraskewda|Liquidation|p2a: Ferrothorn
|-resisted|p2a: Ferrothorn
|-damage|p2a: Ferrothorn|50/100
|-damage|p1a: Barraskewda|64/100|[from] ability: Iron Barbs|[of] p2a: Ferrothorn
|-damage|p1a: Barraskewda|48/100|[from] item: Rocky Helmet|[of] p2a: Ferrothorn
|
|-weather|RainDance|[upkeep]
|upkeep
|turn|14
|
|move|p1a: Barraskewda|Liquidation|p2a: Ferrothorn
|-resisted|p2a: Ferrothorn
|-damage|p2a: Ferrothorn|14/100
|-damage|p1a: Barraskewda|35/100|[from] ability: Iron Barbs|[of] p2a: Ferrothorn
|-damage|p1a: Barraskewda|19/100|[from] item: Rocky Helmet|[of] p2a: Ferrothorn
|move|p2a: Ferrothorn|Spikes|p1a: Barraskewda
|-sidestart|p1: big boss 447|Spikes
|
|-weather|RainDance|[upkeep]
|upkeep
|turn|15
|-message|big boss 447 forfeited.
|
|win|Le-Perpetrator
|l|☆big boss 447
