|raw|<div class="broadcast-blue"><strong>This battle is required to be public due to a player having a name prefixed by 'LT72MS'.</div>
|j|☆isheavydead
|j|☆LT72MS Finch
|t:|1597419419
|player|p1|isheavydead|265|1757
|player|p2|LT72MS Finch|infielder|1747
|teamsize|p1|6
|teamsize|p2|6
|gametype|singles
|gen|8
|tier|[Gen 8] OU
|rated|
|clearpoke
|poke|p1|Haxorus, F|
|poke|p1|Volcarona, M|
|poke|p1|Ninetales-Alola, M|
|poke|p1|Excadrill, F|
|poke|p1|Urshifu-*, M|
|poke|p1|Azumarill, F|
|poke|p2|Urshifu-*, F|
|poke|p2|Hawlucha, M|
|poke|p2|Rillaboom, F|
|poke|p2|Necrozma|
|poke|p2|Excadrill, M|
|poke|p2|Dragapult, M|
|rule|Sleep Clause Mod: Limit one foe put to sleep
|rule|Species Clause: Limit one of each Pokémon
|rule|OHKO Clause: OHKO moves are banned
|rule|Evasion Moves Clause: Evasion moves are banned
|rule|Endless Battle Clause: Forcing endless battles is banned
|rule|HP Percentage Mod: HP is shown in percentages
|rule|Dynamax Clause: You cannot dynamax
|teampreview
|j| dvaru
|inactive|Battle timer is ON: inactive players will automatically lose when time's up. (requested by LT72MS Finch)
|j| B4tt1enet
|j| tytyui
|j| 30GXENOOB
|j| the pharoah
|j| LT72MS Chapo
|j| LT72MS Jacked
|j| slainey
|j| CreditKarma
|
|t:|1597419443
|start
|switch|p1a: Excadrill|Excadrill, F, shiny|100/100
|switch|p2a: Excadrill|Excadrill, M|100/100
|-ability|p2a: Excadrill|Mold Breaker
|-ability|p1a: Excadrill|Mold Breaker
|turn|1
|j| Vessev
|c| dvaru|Almost got a heart attack on that last one
|j| roundpenguin
|j|+playerW17
|inactive|LT72MS Finch has 120 seconds left.
|c|☆isheavydead|hihi
|
|t:|1597419489
|move|p2a: Excadrill|High Horsepower|p1a: Excadrill|[miss]
|-miss|p2a: Excadrill|p1a: Excadrill
|move|p1a: Excadrill|Earthquake|p2a: Excadrill
|-supereffective|p2a: Excadrill
|-damage|p2a: Excadrill|0 fnt
|faint|p2a: Excadrill
|
|upkeep
|c|☆isheavydead|omg
|c|☆LT72MS Finch|scarf.
|c|☆isheavydead|sorry about that
|c|☆isheavydead|I was sash
|c|☆LT72MS Finch|yea i know
|c|☆LT72MS Finch|i wanted to break the sash.
|inactive|LT72MS Finch has 90 seconds left.
|c|☆isheavydead|ill let u if u want
|c|☆isheavydead|and just spin
|c|☆LT72MS Finch|pls dont that's cheating
|
|t:|1597419526
|switch|p2a: Rillaboom|Rillaboom, F|100/100
|-fieldstart|move: Grassy Terrain|[from] ability: Grassy Surge|[of] p2a: Rillaboom
|turn|2
|c|☆isheavydead|:D
|
|t:|1597419532
|move|p2a: Rillaboom|Grassy Glide|p1a: Excadrill
|-damage|p1a: Excadrill|2/100
|-damage|p2a: Rillaboom|91/100|[from] item: Life Orb
|move|p1a: Excadrill|Stealth Rock|p2a: Rillaboom
|-sidestart|p2: LT72MS Finch|move: Stealth Rock
|
|-heal|p1a: Excadrill|8/100|[from] Grassy Terrain
|-heal|p2a: Rillaboom|97/100|[from] Grassy Terrain
|upkeep
|turn|3
|
|t:|1597419535
|move|p1a: Excadrill|Steel Beam|p2a: Rillaboom
|-damage|p2a: Rillaboom|66/100
|-damage|p1a: Excadrill|0 fnt|[from] mindblown
|faint|p1a: Excadrill
|move|p2a: Rillaboom|U-turn|p1: Excadrill|[notarget]
|-fail|p2a: Rillaboom
|
|-heal|p2a: Rillaboom|72/100|[from] Grassy Terrain
|upkeep
|
|t:|1597419541
|switch|p1a: Volcarona|Volcarona, M|100/100
|turn|4
|
|t:|1597419543
|switch|p2a: Dragapult|Dragapult, M|100/100
|-damage|p2a: Dragapult|88/100|[from] Stealth Rock
|move|p1a: Volcarona|Fiery Dance|p2a: Dragapult
|-resisted|p2a: Dragapult
|-damage|p2a: Dragapult|62/100
|-boost|p1a: Volcarona|spa|1
|
|-heal|p2a: Dragapult|68/100|[from] Grassy Terrain
|upkeep
|turn|5
|
|t:|1597419549
|switch|p1a: Ninetales|Ninetales-Alola, M, shiny|100/100
|-weather|Hail|[from] ability: Snow Warning|[of] p1a: Ninetales
|move|p2a: Dragapult|Dragon Dance|p2a: Dragapult
|-boost|p2a: Dragapult|atk|1
|-boost|p2a: Dragapult|spe|1
|
|-weather|Hail|[upkeep]
|-damage|p2a: Dragapult|62/100|[from] Hail
|-heal|p2a: Dragapult|68/100|[from] Grassy Terrain
|upkeep
|turn|6
|
|t:|1597419551
|move|p2a: Dragapult|Steel Wing|p1a: Ninetales
|-supereffective|p1a: Ninetales
|-damage|p1a: Ninetales|0 fnt
|-damage|p2a: Dragapult|58/100|[from] item: Life Orb
|faint|p1a: Ninetales
|
|-weather|Hail|[upkeep]
|-damage|p2a: Dragapult|52/100|[from] Hail
|-heal|p2a: Dragapult|58/100|[from] Grassy Terrain
|-fieldend|move: Grassy Terrain
|upkeep
|n| LT72MS Chapo|lt72mschapo
|
|t:|1597419553
|switch|p1a: Azumarill|Azumarill, F|100/100
|turn|7
|
|t:|1597419556
|move|p2a: Dragapult|Steel Wing|p1a: Azumarill
|-crit|p1a: Azumarill
|-damage|p1a: Azumarill|10/100
|-enditem|p1a: Azumarill|Sitrus Berry|[eat]
|-heal|p1a: Azumarill|35/100|[from] item: Sitrus Berry
|-damage|p2a: Dragapult|48/100|[from] item: Life Orb
|move|p1a: Azumarill|Knock Off|p2a: Dragapult
|-supereffective|p2a: Dragapult
|-damage|p2a: Dragapult|0 fnt
|-enditem|p2a: Dragapult|Life Orb|[from] move: Knock Off|[of] p1a: Azumarill
|faint|p2a: Dragapult
|
|-weather|Hail|[upkeep]
|-damage|p1a: Azumarill|29/100|[from] Hail
|upkeep
|
|t:|1597419559
|switch|p2a: Rillaboom|Rillaboom, F|72/100
|-damage|p2a: Rillaboom|59/100|[from] Stealth Rock
|-fieldstart|move: Grassy Terrain|[from] ability: Grassy Surge|[of] p2a: Rillaboom
|turn|8
|
|t:|1597419562
|move|p2a: Rillaboom|U-turn|p1a: Azumarill
|-resisted|p1a: Azumarill
|-damage|p1a: Azumarill|9/100
|-damage|p2a: Rillaboom|49/100|[from] item: Life Orb
|
|t:|1597419565
|switch|p2a: Necrozma|Necrozma|100/100|[from]move: U-turn
|-damage|p2a: Necrozma|88/100|[from] Stealth Rock
|move|p1a: Azumarill|Play Rough|p2a: Necrozma
|-damage|p2a: Necrozma|31/100
|-unboost|p2a: Necrozma|atk|1
|
|-weather|Hail|[upkeep]
|-damage|p2a: Necrozma|25/100|[from] Hail
|-damage|p1a: Azumarill|3/100|[from] Hail
|-heal|p2a: Necrozma|31/100|[from] Grassy Terrain
|-heal|p1a: Azumarill|9/100|[from] Grassy Terrain
|upkeep
|turn|9
|
|t:|1597419568
|move|p1a: Azumarill|Aqua Jet|p2a: Necrozma
|-crit|p2a: Necrozma
|-damage|p2a: Necrozma|0 fnt
|faint|p2a: Necrozma
|
|-weather|none
|-heal|p1a: Azumarill|15/100|[from] Grassy Terrain
|upkeep
|j| forprocrastinating
|c|☆LT72MS Finch|ah yes
|c| slainey|fafdhbhdf
|c| slainey|how
|
|t:|1597419578
|switch|p2a: Urshifu|Urshifu, F|100/100
|-damage|p2a: Urshifu|94/100|[from] Stealth Rock
|turn|10
|
|t:|1597419581
|move|p2a: Urshifu|Wicked Blow|p1a: Azumarill
|-resisted|p1a: Azumarill
|-crit|p1a: Azumarill
|-damage|p1a: Azumarill|0 fnt
|-damage|p2a: Urshifu|84/100|[from] item: Life Orb
|faint|p1a: Azumarill
|
|-heal|p2a: Urshifu|91/100|[from] Grassy Terrain
|upkeep
|j| Morris_Pepijn
|
|t:|1597419588
|switch|p1a: Urshifu|Urshifu, M|100/100
|turn|11
|j| TheOnlyGhads
|
|t:|1597419599
|move|p1a: Urshifu|Drain Punch|p2a: Urshifu
|-supereffective|p2a: Urshifu
|-damage|p2a: Urshifu|9/100
|move|p2a: Urshifu|Close Combat|p1a: Urshifu
|-supereffective|p1a: Urshifu
|-damage|p1a: Urshifu|0 fnt
|-unboost|p2a: Urshifu|def|1
|-unboost|p2a: Urshifu|spd|1
|-damage|p2a: Urshifu|0 fnt|[from] item: Life Orb
|faint|p1a: Urshifu
|faint|p2a: Urshifu
|
|upkeep
|
|t:|1597419605
|switch|p1a: Haxorus|Haxorus, F, shiny|100/100
|switch|p2a: Hawlucha|Hawlucha, M|100/100
|-ability|p1a: Haxorus|Mold Breaker
|-damage|p2a: Hawlucha|88/100|[from] Stealth Rock
|-enditem|p2a: Hawlucha|Grassy Seed
|-boost|p2a: Hawlucha|def|1|[from] item: Grassy Seed
|turn|12
|
|t:|1597419609
|move|p2a: Hawlucha|Acrobatics|p1a: Haxorus
|-damage|p1a: Haxorus|41/100
|move|p1a: Haxorus|Scale Shot|p2a: Hawlucha
|-damage|p2a: Hawlucha|74/100
|-damage|p2a: Hawlucha|60/100
|-hitcount|p2a: Hawlucha|2
|-unboost|p1a: Haxorus|def|1
|-boost|p1a: Haxorus|spe|1
|
|-heal|p1a: Haxorus|47/100|[from] Grassy Terrain
|-fieldend|move: Grassy Terrain
|upkeep
|turn|13
|
|t:|1597419616
|move|p2a: Hawlucha|Acrobatics|p1a: Haxorus
|-damage|p1a: Haxorus|0 fnt
|faint|p1a: Haxorus
|
|upkeep
|j| AltCauseImInsecure
|c|☆isheavydead|gg
|
|t:|1597419619
|switch|p1a: Volcarona|Volcarona, M|100/100
|turn|14
|
|t:|1597419622
|move|p2a: Hawlucha|Acrobatics|p1a: Volcarona
|-supereffective|p1a: Volcarona
|-damage|p1a: Volcarona|0 fnt
|faint|p1a: Volcarona
|
|win|LT72MS Finch
|c|☆LT72MS Finch|gg
|l|+playerW17
|l|☆isheavydead
|l| roundpenguin
|l|☆LT72MS Finch
|l| LT72MS Chapo
|l| LT72MS Jacked
|l| Vessev
|j|☆LT72MS Finch
|player|p2|LT72MS Finch|infielder
|l| 30GXENOOB
|l| the pharoah
|j| Aaryan1
|l| tytyui
