|j|☆Sombra Diurna
|j|☆SSBM Clefairy
|t:|1647909911
|gametype|singles
|player|p1|Sombra Diurna|blue|1609
|player|p2|SSBM Clefairy|101|1837
|teamsize|p1|6
|teamsize|p2|6
|gen|8
|tier|[Gen 8] OU
|rated|
|rule|Sleep Clause Mod: Limit one foe put to sleep
|rule|Species Clause: Limit one of each Pokémon
|rule|OHKO Clause: OHKO moves are banned
|rule|Evasion Moves Clause: Evasion moves are banned
|rule|Endless Battle Clause: Forcing endless battles is banned
|rule|HP Percentage Mod: HP is shown in percentages
|rule|Dynamax Clause: You cannot dynamax
|clearpoke
|poke|p1|Marowak-Alola, M|
|poke|p1|Slowbro, M|
|poke|p1|Hatterene, F|
|poke|p1|Garchomp, M|
|poke|p1|Ferrothorn, M|
|poke|p1|Drampa, M|
|poke|p2|Landorus-Therian, M|
|poke|p2|Skarmory, F|
|poke|p2|Slowking, F|
|poke|p2|Heatran, F|
|poke|p2|Zeraora|
|poke|p2|Clefable, F|
|teampreview
|inactive|Battle timer is ON: inactive players will automatically lose when time's up. (requested by Sombra Diurna)
|
|t:|1647909952
|start
|switch|p1a: Sonso|Slowbro, M|100/100
|switch|p2a: Landorus|Landorus-Therian, M|100/100
|-ability|p2a: Landorus|Intimidate|boost
|-unboost|p1a: Sonso|atk|1
|turn|1
|inactive|Sombra Diurna has 120 seconds left.
|
|t:|1647909993
|move|p2a: Landorus|U-turn|p1a: Sonso
|-supereffective|p1a: Sonso
|-damage|p1a: Sonso|74/100
|
|t:|1647909997
|switch|p2a: Slowking|Slowking, F|100/100|[from]move: U-turn
|move|p1a: Sonso|Scald|p2a: Slowking
|-resisted|p2a: Slowking
|-damage|p2a: Slowking|92/100
|
|upkeep
|turn|2
|inactive|Sombra Diurna has 120 seconds left.
|
|t:|1647910003
|move|p1a: Sonso|Scald|p2a: Slowking
|-resisted|p2a: Slowking
|-damage|p2a: Slowking|84/100
|move|p2a: Slowking|Future Sight|p1a: Sonso
|-start|p2a: Slowking|move: Future Sight
|
|upkeep
|turn|3
|inactive|Sombra Diurna has 120 seconds left.
|
|t:|1647910013
|move|p2a: Slowking|Teleport|p2a: Slowking
|
|t:|1647910016
|switch|p2a: Clefable|Clefable, F|100/100|[from]move: Teleport
|move|p1a: Sonso|Trick Room|p1a: Sonso
|-fieldstart|move: Trick Room|[of] p1a: Sonso
|
|upkeep
|turn|4
|
|t:|1647910035
|switch|p1a: Thorns|Ferrothorn, M|100/100
|switch|p2a: Heatran|Heatran, F|100/100
|
|-end|p1a: Thorns|move: Future Sight
|-resisted|p1a: Thorns
|-damage|p1a: Thorns|88/100
|upkeep
|turn|5
|
|t:|1647910043
|switch|p1a: Falkor|Drampa, M|100/100
|move|p2a: Heatran|Magma Storm|p1a: Falkor
|-resisted|p1a: Falkor
|-damage|p1a: Falkor|78/100
|-activate|p1a: Falkor|move: Magma Storm|[of] p2a: Heatran
|
|-damage|p1a: Falkor|65/100|[from] move: Magma Storm|[partiallytrapped]
|upkeep
|turn|6
|
|t:|1647910050
|move|p2a: Heatran|Protect|p2a: Heatran
|-singleturn|p2a: Heatran|Protect
|move|p1a: Falkor|Focus Blast|p2a: Heatran
|-activate|p2a: Heatran|move: Protect
|
|-damage|p1a: Falkor|53/100|[from] move: Magma Storm|[partiallytrapped]
|upkeep
|turn|7
|
|t:|1647910057
|switch|p2a: Slowking|Slowking, F|100/100
|move|p1a: Falkor|Roost|p1a: Falkor
|-heal|p1a: Falkor|100/100
|-singleturn|p1a: Falkor|move: Roost
|
|-end|p1a: Falkor|Magma Storm|[partiallytrapped]|[silent]
|-fieldend|move: Trick Room
|upkeep
|turn|8
|
|t:|1647910065
|move|p1a: Falkor|Thunderbolt|p2a: Slowking
|-supereffective|p2a: Slowking
|-damage|p2a: Slowking|52/100
|move|p2a: Slowking|Scald|p1a: Falkor
|-resisted|p1a: Falkor
|-damage|p1a: Falkor|87/100
|-status|p1a: Falkor|brn
|
|-damage|p1a: Falkor|80/100 brn|[from] brn
|upkeep
|turn|9
|
|t:|1647910074
|switch|p2a: Heatran|Heatran, F|100/100
|move|p1a: Falkor|Thunderbolt|p2a: Heatran
|-damage|p2a: Heatran|80/100
|
|-heal|p2a: Heatran|86/100|[from] item: Leftovers
|-damage|p1a: Falkor|74/100 brn|[from] brn
|upkeep
|turn|10
|
|t:|1647910081
|move|p2a: Heatran|Magma Storm|p1a: Falkor
|-resisted|p1a: Falkor
|-damage|p1a: Falkor|54/100 brn
|-activate|p1a: Falkor|move: Magma Storm|[of] p2a: Heatran
|move|p1a: Falkor|Focus Blast|p2a: Heatran
|-supereffective|p2a: Heatran
|-damage|p2a: Heatran|15/100
|
|-heal|p2a: Heatran|21/100|[from] item: Leftovers
|-damage|p1a: Falkor|48/100 brn|[from] brn
|-damage|p1a: Falkor|35/100 brn|[from] move: Magma Storm|[partiallytrapped]
|upkeep
|turn|11
|
|t:|1647910095
|switch|p2a: Landorus|Landorus-Therian, M|100/100
|-ability|p2a: Landorus|Intimidate|boost
|-unboost|p1a: Falkor|atk|1
|move|p1a: Falkor|Roost|p1a: Falkor
|-heal|p1a: Falkor|85/100 brn
|-singleturn|p1a: Falkor|move: Roost
|
|-damage|p1a: Falkor|79/100 brn|[from] brn
|-end|p1a: Falkor|Magma Storm|[partiallytrapped]|[silent]
|upkeep
|turn|12
|
|t:|1647910103
|move|p2a: Landorus|U-turn|p1a: Falkor
|-damage|p1a: Falkor|56/100 brn
|
|t:|1647910107
|switch|p2a: Clefable|Clefable, F|100/100|[from]move: U-turn
|move|p1a: Falkor|Ice Beam|p2a: Clefable
|-damage|p2a: Clefable|64/100
|
|-heal|p2a: Clefable|70/100|[from] item: Leftovers
|-damage|p1a: Falkor|50/100 brn|[from] brn
|upkeep
|turn|13
|
|t:|1647910115
|switch|p1a: Thorns|Ferrothorn, M|88/100
|move|p2a: Clefable|Moonblast|p1a: Thorns
|-resisted|p1a: Thorns
|-damage|p1a: Thorns|78/100
|-unboost|p1a: Thorns|spa|1
|
|-heal|p2a: Clefable|76/100|[from] item: Leftovers
|upkeep
|turn|14
|
|t:|1647910123
|switch|p2a: Landorus|Landorus-Therian, M|100/100
|-ability|p2a: Landorus|Intimidate|boost
|-unboost|p1a: Thorns|atk|1
|move|p1a: Thorns|Stealth Rock|p2a: Landorus
|-sidestart|p2: SSBM Clefairy|move: Stealth Rock
|
|upkeep
|turn|15
|
|t:|1647910129
|move|p2a: Landorus|Stealth Rock|p1a: Thorns
|-sidestart|p1: Sombra Diurna|move: Stealth Rock
|move|p1a: Thorns|Leech Seed|p2a: Landorus
|-start|p2a: Landorus|move: Leech Seed
|
|-damage|p2a: Landorus|88/100|[from] Leech Seed|[of] p1a: Thorns
|-heal|p1a: Thorns|91/100|[silent]
|upkeep
|turn|16
|
|t:|1647910135
|switch|p2a: Clefable|Clefable, F|76/100
|move|p1a: Thorns|Leech Seed|p2a: Clefable
|-start|p2a: Clefable|move: Leech Seed
|
|-heal|p2a: Clefable|82/100|[from] item: Leftovers
|upkeep
|turn|17
|
|t:|1647910141
|switch|p1a: Sonso|Slowbro, M|100/100
|-damage|p1a: Sonso|88/100|[from] Stealth Rock
|move|p2a: Clefable|Thunder Wave|p1a: Sonso
|-status|p1a: Sonso|par
|
|-heal|p2a: Clefable|89/100|[from] item: Leftovers
|upkeep
|turn|18
|
|t:|1647910149
|switch|p2a: Slowking|Slowking, F|85/100
|-damage|p2a: Slowking|73/100|[from] Stealth Rock
|cant|p1a: Sonso|par
|
|upkeep
|turn|19
|
|t:|1647910154
|move|p2a: Slowking|Future Sight|p1a: Sonso
|-start|p2a: Slowking|move: Future Sight
|move|p1a: Sonso|Trick Room|p1a: Sonso
|-fieldstart|move: Trick Room|[of] p1a: Sonso
|
|upkeep
|turn|20
|
|t:|1647910158
|switch|p1a: Falkor|Drampa, M|50/100 brn
|-damage|p1a: Falkor|38/100 brn|[from] Stealth Rock
|move|p2a: Slowking|Teleport|p2a: Slowking
|
|t:|1647910162
|switch|p2a: Clefable|Clefable, F|89/100|[from]move: Teleport
|
|-heal|p2a: Clefable|95/100|[from] item: Leftovers
|-damage|p1a: Falkor|31/100 brn|[from] brn
|upkeep
|turn|21
|
|t:|1647910168
|switch|p1a: Thorns|Ferrothorn, M|91/100
|-damage|p1a: Thorns|85/100|[from] Stealth Rock
|move|p2a: Clefable|Moonblast|p1a: Thorns
|-resisted|p1a: Thorns
|-damage|p1a: Thorns|75/100
|
|-end|p1a: Thorns|move: Future Sight
|-resisted|p1a: Thorns
|-crit|p1a: Thorns
|-damage|p1a: Thorns|56/100
|-heal|p2a: Clefable|100/100|[from] item: Leftovers
|upkeep
|turn|22
|
|t:|1647910178
|move|p1a: Thorns|Gyro Ball|p2a: Clefable
|-supereffective|p2a: Clefable
|-damage|p2a: Clefable|50/100
|move|p2a: Clefable|Moonblast|p1a: Thorns
|-resisted|p1a: Thorns
|-damage|p1a: Thorns|47/100
|-unboost|p1a: Thorns|spa|1
|
|-heal|p2a: Clefable|56/100|[from] item: Leftovers
|upkeep
|turn|23
|
|t:|1647910188
|switch|p1a: Sonso|Slowbro, M|100/100 par
|-damage|p1a: Sonso|88/100 par|[from] Stealth Rock
|switch|p2a: Skarmory|Skarmory, F|100/100
|-damage|p2a: Skarmory|88/100|[from] Stealth Rock
|
|-fieldend|move: Trick Room
|upkeep
|turn|24
|
|t:|1647910196
|switch|p2a: Slowking|Slowking, F|100/100
|-damage|p2a: Slowking|88/100|[from] Stealth Rock
|switch|p1a: Gorra|Hatterene, F, shiny|100/100
|-damage|p1a: Gorra|88/100|[from] Stealth Rock
|
|upkeep
|turn|25
|
|t:|1647910205
|move|p1a: Gorra|Mystical Fire|p2a: Slowking
|-resisted|p2a: Slowking
|-damage|p2a: Slowking|81/100
|-unboost|p2a: Slowking|spa|1
|move|p2a: Slowking|Future Sight|p1a: Gorra
|-start|p2a: Slowking|move: Future Sight
|
|upkeep
|turn|26
|
|t:|1647910211
|move|p2a: Slowking|Teleport|p2a: Slowking
|
|t:|1647910215
|switch|p2a: Landorus|Landorus-Therian, M|88/100|[from]move: Teleport
|-damage|p2a: Landorus|76/100|[from] Stealth Rock
|-ability|p2a: Landorus|Intimidate|boost
|-unboost|p1a: Gorra|atk|1
|move|p1a: Gorra|Trick Room|p1a: Gorra
|-fieldstart|move: Trick Room|[of] p1a: Gorra
|
|-heal|p2a: Landorus|82/100|[from] item: Leftovers
|upkeep
|turn|27
|
|t:|1647910224
|switch|p1a: Sonso|Slowbro, M|100/100 par
|-damage|p1a: Sonso|88/100 par|[from] Stealth Rock
|move|p2a: Landorus|Knock Off|p1a: Sonso
|-supereffective|p1a: Sonso
|-enditem|p1a: Sonso|Colbur Berry|[eat]
|-enditem|p1a: Sonso|Colbur Berry|[weaken]
|-damage|p1a: Sonso|71/100 par
|
|-end|p1a: Sonso|move: Future Sight
|-resisted|p1a: Sonso
|-damage|p1a: Sonso|49/100 par
|-heal|p2a: Landorus|88/100|[from] item: Leftovers
|upkeep
|turn|28
|
|t:|1647910236
|switch|p1a: Billy B.|Marowak-Alola, M, shiny|100/100
|-damage|p1a: Billy B.|76/100|[from] Stealth Rock
|move|p2a: Landorus|U-turn|p1a: Billy B.
|-resisted|p1a: Billy B.
|-damage|p1a: Billy B.|70/100
|
|t:|1647910240
|switch|p2a: Heatran|Heatran, F|21/100|[from]move: U-turn
|-damage|p2a: Heatran|9/100|[from] Stealth Rock
|
|-heal|p2a: Heatran|15/100|[from] item: Leftovers
|upkeep
|turn|29
|
|t:|1647910247
|move|p2a: Heatran|Protect|p2a: Heatran
|-singleturn|p2a: Heatran|Protect
|move|p1a: Billy B.|Substitute|p1a: Billy B.
|-start|p1a: Billy B.|Substitute
|-damage|p1a: Billy B.|45/100
|
|-heal|p2a: Heatran|21/100|[from] item: Leftovers
|upkeep
|turn|30
|
|t:|1647910256
|switch|p2a: Skarmory|Skarmory, F|88/100
|-damage|p2a: Skarmory|76/100|[from] Stealth Rock
|move|p1a: Billy B.|Poltergeist|p2a: Skarmory
|-activate|p2a: Skarmory|move: Poltergeist|Rocky Helmet
|-damage|p2a: Skarmory|22/100
|
|-fieldend|move: Trick Room
|upkeep
|turn|31
|
|t:|1647910265
|move|p2a: Skarmory|Spikes|p1a: Billy B.
|-sidestart|p1: Sombra Diurna|Spikes
|move|p1a: Billy B.|Flare Blitz|p2a: Skarmory
|-supereffective|p2a: Skarmory
|-damage|p2a: Skarmory|0 fnt
|-damage|p1a: Billy B.|29/100|[from] item: Rocky Helmet|[of] p2a: Skarmory
|faint|p2a: Skarmory
|
|upkeep
|
|t:|1647910270
|switch|p2a: Landorus|Landorus-Therian, M|88/100
|-damage|p2a: Landorus|76/100|[from] Stealth Rock
|-ability|p2a: Landorus|Intimidate|boost
|-immune|p1a: Billy B.
|turn|32
|
|t:|1647910276
|move|p2a: Landorus|Knock Off|p1a: Billy B.
|-supereffective|p1a: Billy B.
|-crit|p1a: Billy B.
|-end|p1a: Billy B.|Substitute
|move|p1a: Billy B.|Poltergeist|p2a: Landorus
|-activate|p2a: Landorus|move: Poltergeist|Leftovers
|-damage|p2a: Landorus|0 fnt
|faint|p2a: Landorus
|
|upkeep
|
|t:|1647910279
|switch|p2a: Zeraora|Zeraora|100/100
|turn|33
|
|t:|1647910308
|switch|p1a: Falkor|Drampa, M|31/100 brn
|-damage|p1a: Falkor|19/100 brn|[from] Stealth Rock
|-damage|p1a: Falkor|7/100 brn|[from] Spikes
|move|p2a: Zeraora|Bulk Up|p2a: Zeraora
|-boost|p2a: Zeraora|atk|1
|-boost|p2a: Zeraora|def|1
|
|-damage|p1a: Falkor|1/100 brn|[from] brn
|upkeep
|turn|34
|
|t:|1647910320
|move|p2a: Zeraora|Knock Off|p1a: Falkor
|-damage|p1a: Falkor|0 fnt
|-enditem|p1a: Falkor|Expert Belt|[from] move: Knock Off|[of] p2a: Zeraora
|faint|p1a: Falkor
|
|upkeep
|
|t:|1647910327
|switch|p1a: Sharko|Garchomp, M|100/100
|-damage|p1a: Sharko|88/100|[from] Spikes
|-damage|p1a: Sharko|82/100|[from] Stealth Rock
|turn|35
|
|t:|1647910332
|move|p2a: Zeraora|Bulk Up|p2a: Zeraora
|-boost|p2a: Zeraora|atk|1
|-boost|p2a: Zeraora|def|1
|move|p1a: Sharko|Scale Shot|p2a: Zeraora|[miss]
|-miss|p1a: Sharko|p2a: Zeraora
|
|-heal|p1a: Sharko|88/100|[from] item: Leftovers
|upkeep
|turn|36
|c|☆Sombra Diurna|lol
|
|t:|1647910343
|move|p2a: Zeraora|Close Combat|p1a: Sharko
|-damage|p1a: Sharko|15/100
|-unboost|p2a: Zeraora|def|1
|-unboost|p2a: Zeraora|spd|1
|-damage|p2a: Zeraora|88/100|[from] ability: Rough Skin|[of] p1a: Sharko
|move|p1a: Sharko|Scale Shot|p2a: Zeraora
|-damage|p2a: Zeraora|77/100
|-damage|p2a: Zeraora|63/100
|-damage|p2a: Zeraora|51/100
|-damage|p2a: Zeraora|37/100
|-damage|p2a: Zeraora|26/100
|-hitcount|p2a: Zeraora|5
|-unboost|p1a: Sharko|def|1
|-boost|p1a: Sharko|spe|1
|
|-heal|p1a: Sharko|21/100|[from] item: Leftovers
|upkeep
|turn|37
|
|t:|1647910360
|switch|p2a: Heatran|Heatran, F|21/100
|-damage|p2a: Heatran|9/100|[from] Stealth Rock
|move|p1a: Sharko|Earthquake|p2a: Heatran
|-supereffective|p2a: Heatran
|-damage|p2a: Heatran|0 fnt
|faint|p2a: Heatran
|
|-heal|p1a: Sharko|27/100|[from] item: Leftovers
|upkeep
|
|t:|1647910363
|switch|p2a: Slowking|Slowking, F|100/100
|-damage|p2a: Slowking|88/100|[from] Stealth Rock
|turn|38
|inactive|Sombra Diurna has 120 seconds left.
|inactive|Sombra Diurna has 90 seconds left.
|
|t:|1647910420
|move|p1a: Sharko|Earthquake|p2a: Slowking
|-damage|p2a: Slowking|31/100
|move|p2a: Slowking|Scald|p1a: Sharko
|-damage|p1a: Sharko|0 fnt
|faint|p1a: Sharko
|
|upkeep
|
|t:|1647910430
|switch|p1a: Thorns|Ferrothorn, M|47/100
|-damage|p1a: Thorns|34/100|[from] Spikes
|-damage|p1a: Thorns|28/100|[from] Stealth Rock
|turn|39
|inactive|Sombra Diurna has 90 seconds left.
|
|t:|1647910436
|move|p2a: Slowking|Scald|p1a: Thorns
|-resisted|p1a: Thorns
|-damage|p1a: Thorns|19/100
|-status|p1a: Thorns|brn
|move|p1a: Thorns|Power Whip|p2a: Slowking
|-supereffective|p2a: Slowking
|-damage|p2a: Slowking|0 fnt
|faint|p2a: Slowking
|
|-damage|p1a: Thorns|13/100 brn|[from] brn
|upkeep
|
|t:|1647910441
|switch|p2a: Clefable|Clefable, F|56/100
|turn|40
|
|t:|1647910450
|move|p2a: Clefable|Soft-Boiled|p2a: Clefable
|-heal|p2a: Clefable|100/100
|move|p1a: Thorns|Gyro Ball|p2a: Clefable
|-supereffective|p2a: Clefable
|-damage|p2a: Clefable|77/100
|
|-heal|p2a: Clefable|83/100|[from] item: Leftovers
|-damage|p1a: Thorns|6/100 brn|[from] brn
|upkeep
|turn|41
|
|t:|1647910458
|move|p2a: Clefable|Calm Mind|p2a: Clefable
|-boost|p2a: Clefable|spa|1
|-boost|p2a: Clefable|spd|1
|move|p1a: Thorns|Gyro Ball|p2a: Clefable
|-supereffective|p2a: Clefable
|-damage|p2a: Clefable|58/100
|
|-heal|p2a: Clefable|64/100|[from] item: Leftovers
|-damage|p1a: Thorns|0 fnt|[from] brn
|faint|p1a: Thorns
|upkeep
|
|t:|1647910466
|switch|p1a: Gorra|Hatterene, F, shiny|88/100
|-damage|p1a: Gorra|76/100|[from] Stealth Rock
|-damage|p1a: Gorra|64/100|[from] Spikes
|turn|42
|
|t:|1647910474
|move|p2a: Clefable|Soft-Boiled|p2a: Clefable
|-heal|p2a: Clefable|100/100
|move|p1a: Gorra|Mystical Fire|p2a: Clefable
|-crit|p2a: Clefable
|-damage|p2a: Clefable|70/100
|-unboost|p2a: Clefable|spa|1
|
|-heal|p2a: Clefable|76/100|[from] item: Leftovers
|upkeep
|turn|43
|
|t:|1647910482
|move|p2a: Clefable|Calm Mind|p2a: Clefable
|-boost|p2a: Clefable|spa|1
|-boost|p2a: Clefable|spd|1
|move|p1a: Gorra|Mystical Fire|p2a: Clefable
|-damage|p2a: Clefable|66/100
|-unboost|p2a: Clefable|spa|1
|
|-heal|p2a: Clefable|72/100|[from] item: Leftovers
|upkeep
|turn|44
|inactive|Sombra Diurna has 120 seconds left.
|
|t:|1647910490
|move|p2a: Clefable|Calm Mind|p2a: Clefable
|-boost|p2a: Clefable|spa|1
|-boost|p2a: Clefable|spd|1
|move|p1a: Gorra|Mystical Fire|p2a: Clefable
|-damage|p2a: Clefable|63/100
|-unboost|p2a: Clefable|spa|1
|
|-heal|p2a: Clefable|69/100|[from] item: Leftovers
|upkeep
|turn|45
|inactive|Sombra Diurna has 120 seconds left.
|
|t:|1647910500
|move|p2a: Clefable|Calm Mind|p2a: Clefable
|-boost|p2a: Clefable|spa|1
|-boost|p2a: Clefable|spd|1
|move|p1a: Gorra|Mystical Fire|p2a: Clefable
|-damage|p2a: Clefable|62/100
|-unboost|p2a: Clefable|spa|1
|
|-heal|p2a: Clefable|68/100|[from] item: Leftovers
|upkeep
|turn|46
|
|t:|1647910509
|move|p2a: Clefable|Calm Mind|p2a: Clefable
|-boost|p2a: Clefable|spa|1
|-boost|p2a: Clefable|spd|1
|move|p1a: Gorra|Mystical Fire|p2a: Clefable
|-damage|p2a: Clefable|61/100
|-unboost|p2a: Clefable|spa|1
|
|-heal|p2a: Clefable|67/100|[from] item: Leftovers
|upkeep
|turn|47
|
|t:|1647910517
|move|p2a: Clefable|Calm Mind|p2a: Clefable
|-boost|p2a: Clefable|spa|1
|-boost|p2a: Clefable|spd|1
|move|p1a: Gorra|Trick Room|p1a: Gorra
|-fieldstart|move: Trick Room|[of] p1a: Gorra
|
|-heal|p2a: Clefable|73/100|[from] item: Leftovers
|upkeep
|turn|48
|
|t:|1647910523
|move|p1a: Gorra|Healing Wish|p1a: Gorra
|faint|p1a: Gorra
|move|p2a: Clefable|Soft-Boiled|p2a: Clefable
|-heal|p2a: Clefable|100/100
|
|upkeep
|
|t:|1647910527
|switch|p1a: Billy B.|Marowak-Alola, M, shiny|29/100
|-heal|p1a: Billy B.|100/100|[from] move: Healing Wish
|-damage|p1a: Billy B.|76/100|[from] Stealth Rock
|-damage|p1a: Billy B.|63/100|[from] Spikes
|turn|49
|
|t:|1647910543
|move|p1a: Billy B.|Swords Dance|p1a: Billy B.
|-boost|p1a: Billy B.|atk|2
|move|p2a: Clefable|Soft-Boiled||[still]
|-fail|p2a: Clefable|heal
|
|upkeep
|turn|50
|
|t:|1647910548
|move|p1a: Billy B.|Flare Blitz|p2a: Clefable
|-damage|p2a: Clefable|0 fnt
|faint|p2a: Clefable
|
|upkeep
|
|t:|1647910550
|switch|p2a: Zeraora|Zeraora|26/100
|turn|51
|
|t:|1647910553
|move|p1a: Billy B.|Flare Blitz|p2a: Zeraora
|-damage|p2a: Zeraora|0 fnt
|faint|p2a: Zeraora
|
|win|Sombra Diurna
|raw|Sombra Diurna's rating: 1609 &rarr; <strong>1641</strong><br />(+32 for winning)
|raw|SSBM Clefairy's rating: 1837 &rarr; <strong>1805</strong><br />(-32 for losing)
|l|☆SSBM Clefairy
||Ladder isn't responding, score probably updated but might not have (Request timeout).
