|j|☆Stads
|j|☆LT92PF Eule
|t:|1660577749
|gametype|singles
|player|p1|Stads|169|1717
|player|p2|LT92PF Eule|roxie|1904
|teamsize|p1|6
|teamsize|p2|6
|gen|8
|tier|[Gen 8] OU
|rated|
|rule|Sleep Clause Mod: Limit one foe put to sleep
|rule|Species Clause: Limit one of each Pokémon
|rule|OHKO Clause: OHKO moves are banned
|rule|Evasion Items Clause: Evasion items are banned
|rule|Evasion Moves Clause: Evasion moves are banned
|rule|Endless Battle Clause: Forcing endless battles is banned
|rule|HP Percentage Mod: HP is shown in percentages
|rule|Dynamax Clause: You cannot dynamax
|clearpoke
|poke|p1|Tornadus-Therian, M|
|poke|p1|Corviknight, M|
|poke|p1|Kartana|
|poke|p1|Toxapex, M|
|poke|p1|Hippowdon, F|
|poke|p1|Heatran, F|
|poke|p2|Rillaboom, F|
|poke|p2|Tornadus-Therian, M|
|poke|p2|Clefable, F|
|poke|p2|Melmetal|
|poke|p2|Hippowdon, M|
|poke|p2|Rotom-Wash|
|teampreview
|
|t:|1660577757
|start
|switch|p1a: Heatran|Heatran, F|100/100
|switch|p2a: Clefable|Clefable, F|100/100
|turn|1
|
|t:|1660577761
|switch|p2a: Hippowdon|Hippowdon, M|100/100
|-weather|Sandstorm|[from] ability: Sand Stream|[of] p2a: Hippowdon
|move|p1a: Heatran|Taunt|p2a: Hippowdon
|-start|p2a: Hippowdon|move: Taunt
|
|-weather|Sandstorm|[upkeep]
|upkeep
|turn|2
|
|t:|1660577763
|switch|p1a: Corviknight|Corviknight, M|100/100
|-ability|p1a: Corviknight|Pressure
|move|p2a: Hippowdon|Earthquake|p1a: Corviknight
|-immune|p1a: Corviknight
|
|-weather|Sandstorm|[upkeep]
|upkeep
|turn|3
|
|t:|1660577765
|switch|p2a: Rillaboom|Rillaboom, F|100/100
|-fieldstart|move: Grassy Terrain|[from] ability: Grassy Surge|[of] p2a: Rillaboom
|move|p1a: Corviknight|U-turn|p2a: Rillaboom
|-supereffective|p2a: Rillaboom
|-damage|p2a: Rillaboom|75/100
|
|t:|1660577770
|switch|p1a: Heatran|Heatran, F|100/100|[from]move: U-turn
|
|-weather|Sandstorm|[upkeep]
|-damage|p2a: Rillaboom|69/100|[from] Sandstorm
|-heal|p2a: Rillaboom|75/100|[from] Grassy Terrain
|-heal|p2a: Rillaboom|81/100|[from] item: Leftovers
|upkeep
|turn|4
|
|t:|1660577772
|switch|p2a: Rotom|Rotom-Wash|100/100
|switch|p1a: Corviknight|Corviknight, M|100/100
|-ability|p1a: Corviknight|Pressure
|
|-weather|Sandstorm|[upkeep]
|-damage|p2a: Rotom|94/100|[from] Sandstorm
|-heal|p2a: Rotom|100/100|[from] item: Leftovers
|upkeep
|turn|5
|
|t:|1660577775
|move|p2a: Rotom|Volt Switch|p1a: Corviknight
|-supereffective|p1a: Corviknight
|-damage|p1a: Corviknight|56/100
|
|t:|1660577778
|switch|p2a: Tornadus|Tornadus-Therian, M|100/100|[from]move: Volt Switch
|move|p1a: Corviknight|Roost|p1a: Corviknight
|-heal|p1a: Corviknight|100/100
|-singleturn|p1a: Corviknight|move: Roost
|
|-weather|none
|upkeep
|turn|6
|
|t:|1660577781
|switch|p1a: Toxapex|Toxapex, M|100/100
|move|p2a: Tornadus|Knock Off|p1a: Toxapex
|-damage|p1a: Toxapex|88/100
|-enditem|p1a: Toxapex|Shed Shell|[from] move: Knock Off|[of] p2a: Tornadus
|
|-heal|p1a: Toxapex|94/100|[from] Grassy Terrain
|upkeep
|turn|7
|
|t:|1660577783
|move|p2a: Tornadus|U-turn|p1a: Toxapex
|-resisted|p1a: Toxapex
|-damage|p1a: Toxapex|90/100
|
|t:|1660577786
|switch|p2a: Hippowdon|Hippowdon, M|100/100|[from]move: U-turn
|-weather|Sandstorm|[from] ability: Sand Stream|[of] p2a: Hippowdon
|move|p1a: Toxapex|Knock Off|p2a: Hippowdon
|-damage|p2a: Hippowdon|90/100
|-enditem|p2a: Hippowdon|Leftovers|[from] move: Knock Off|[of] p1a: Toxapex
|
|-weather|Sandstorm|[upkeep]
|-damage|p1a: Toxapex|83/100|[from] Sandstorm
|-heal|p2a: Hippowdon|96/100|[from] Grassy Terrain
|-heal|p1a: Toxapex|90/100|[from] Grassy Terrain
|-fieldend|move: Grassy Terrain
|upkeep
|turn|8
|
|t:|1660577788
|switch|p1a: Corviknight|Corviknight, M|100/100
|-ability|p1a: Corviknight|Pressure
|move|p2a: Hippowdon|Stealth Rock|p1a: Corviknight
|-sidestart|p1: Stads|move: Stealth Rock
|
|-weather|Sandstorm|[upkeep]
|upkeep
|turn|9
|
|t:|1660577790
|switch|p2a: Tornadus|Tornadus-Therian, M|100/100
|move|p1a: Corviknight|Defog|p2a: Tornadus
|-unboost|p2a: Tornadus|evasion|1
|-sideend|p1: Stads|Stealth Rock|[from] move: Defog|[of] p1a: Corviknight
|
|-weather|Sandstorm|[upkeep]
|-damage|p2a: Tornadus|94/100|[from] Sandstorm
|upkeep
|turn|10
|
|t:|1660577792
|switch|p1a: Toxapex|Toxapex, M|100/100
|move|p2a: Tornadus|Knock Off|p1a: Toxapex
|-damage|p1a: Toxapex|93/100
|
|-weather|Sandstorm|[upkeep]
|-damage|p2a: Tornadus|88/100|[from] Sandstorm
|-damage|p1a: Toxapex|86/100|[from] Sandstorm
|upkeep
|turn|11
|
|t:|1660577794
|move|p2a: Tornadus|U-turn|p1a: Toxapex
|-resisted|p1a: Toxapex
|-damage|p1a: Toxapex|82/100
|
|t:|1660577795
|switch|p2a: Hippowdon|Hippowdon, M|96/100|[from]move: U-turn
|move|p1a: Toxapex|Scald|p2a: Hippowdon
|-supereffective|p2a: Hippowdon
|-damage|p2a: Hippowdon|71/100
|-status|p2a: Hippowdon|brn
|
|-weather|none
|-damage|p2a: Hippowdon|65/100 brn|[from] brn
|upkeep
|turn|12
|
|t:|1660577798
|switch|p1a: Corviknight|Corviknight, M|100/100
|-ability|p1a: Corviknight|Pressure
|move|p2a: Hippowdon|Stealth Rock|p1a: Corviknight
|-sidestart|p1: Stads|move: Stealth Rock
|
|-damage|p2a: Hippowdon|59/100 brn|[from] brn
|upkeep
|turn|13
|
|t:|1660577802
|switch|p2a: Rillaboom|Rillaboom, F|81/100
|-fieldstart|move: Grassy Terrain|[from] ability: Grassy Surge|[of] p2a: Rillaboom
|move|p1a: Corviknight|Defog|p2a: Rillaboom
|-unboost|p2a: Rillaboom|evasion|1
|-sideend|p1: Stads|Stealth Rock|[from] move: Defog|[of] p1a: Corviknight
|-fieldend|move: Grassy Terrain
|
|-heal|p2a: Rillaboom|87/100|[from] item: Leftovers
|upkeep
|turn|14
|
|t:|1660577804
|move|p2a: Rillaboom|Knock Off|p1a: Corviknight
|-damage|p1a: Corviknight|78/100
|-enditem|p1a: Corviknight|Leftovers|[from] move: Knock Off|[of] p2a: Rillaboom
|move|p1a: Corviknight|U-turn|p2a: Rillaboom
|-supereffective|p2a: Rillaboom
|-damage|p2a: Rillaboom|59/100
|
|t:|1660577807
|switch|p1a: Tornadus|Tornadus-Therian, M|100/100|[from]move: U-turn
|
|-heal|p2a: Rillaboom|65/100|[from] item: Leftovers
|upkeep
|turn|15
|
|t:|1660577810
|switch|p2a: Hippowdon|Hippowdon, M|59/100 brn
|-weather|Sandstorm|[from] ability: Sand Stream|[of] p2a: Hippowdon
|move|p1a: Tornadus|Knock Off|p2a: Hippowdon
|-damage|p2a: Hippowdon|49/100 brn
|
|-weather|Sandstorm|[upkeep]
|-damage|p1a: Tornadus|94/100|[from] Sandstorm
|-damage|p2a: Hippowdon|43/100 brn|[from] brn
|upkeep
|turn|16
|
|t:|1660577812
|move|p1a: Tornadus|Hurricane|p2a: Hippowdon
|-crit|p2a: Hippowdon
|-damage|p2a: Hippowdon|0 fnt
|faint|p2a: Hippowdon
|
|-weather|Sandstorm|[upkeep]
|-damage|p1a: Tornadus|88/100|[from] Sandstorm
|upkeep
|
|t:|1660577819
|switch|p2a: Rotom|Rotom-Wash|100/100
|turn|17
|
|t:|1660577821
|move|p1a: Tornadus|Knock Off|p2a: Rotom
|-damage|p2a: Rotom|79/100
|-enditem|p2a: Rotom|Leftovers|[from] move: Knock Off|[of] p1a: Tornadus
|move|p2a: Rotom|Volt Switch|p1a: Tornadus
|-supereffective|p1a: Tornadus
|-damage|p1a: Tornadus|47/100
|j| Santiago Bernabeu
|
|t:|1660577827
|switch|p2a: Melmetal|Melmetal|100/100|[from]move: Volt Switch
|
|-weather|Sandstorm|[upkeep]
|-damage|p1a: Tornadus|41/100|[from] Sandstorm
|upkeep
|turn|18
|
|t:|1660577830
|move|p1a: Tornadus|U-turn|p2a: Melmetal
|-resisted|p2a: Melmetal
|-damage|p2a: Melmetal|96/100
|
|t:|1660577833
|switch|p1a: Corviknight|Corviknight, M|78/100|[from]move: U-turn
|-ability|p1a: Corviknight|Pressure
|move|p2a: Melmetal|Double Iron Bash|p1a: Corviknight
|-resisted|p1a: Corviknight
|-damage|p1a: Corviknight|64/100
|-resisted|p1a: Corviknight
|-damage|p1a: Corviknight|51/100
|-hitcount|p1a: Corviknight|2
|
|-weather|Sandstorm|[upkeep]
|-heal|p2a: Melmetal|100/100|[from] item: Leftovers
|upkeep
|turn|19
|
|t:|1660577835
|switch|p2a: Clefable|Clefable, F|100/100
|move|p1a: Corviknight|Roost|p1a: Corviknight
|-heal|p1a: Corviknight|100/100
|-singleturn|p1a: Corviknight|move: Roost
|
|-weather|none
|upkeep
|turn|20
|
|t:|1660577837
|switch|p1a: Tornadus|Tornadus-Therian, M|74/100
|move|p2a: Clefable|Moonblast|p1a: Tornadus
|-damage|p1a: Tornadus|47/100
|
|upkeep
|turn|21
|j| irgendwasmitmeeem
|
|t:|1660577842
|switch|p2a: Rotom|Rotom-Wash|79/100
|move|p1a: Tornadus|Hurricane|p2a: Rotom
|-resisted|p2a: Rotom
|-damage|p2a: Rotom|56/100
|
|upkeep
|turn|22
|
|t:|1660577845
|move|p1a: Tornadus|U-turn|p2a: Rotom
|-damage|p2a: Rotom|41/100
|
|t:|1660577847
|switch|p1a: Toxapex|Toxapex, M|100/100|[from]move: U-turn
|move|p2a: Rotom|Volt Switch|p1a: Toxapex
|-supereffective|p1a: Toxapex
|-damage|p1a: Toxapex|54/100
|
|t:|1660577851
|switch|p2a: Rillaboom|Rillaboom, F|65/100|[from]move: Volt Switch
|-fieldstart|move: Grassy Terrain|[from] ability: Grassy Surge|[of] p2a: Rillaboom
|
|-heal|p2a: Rillaboom|71/100|[from] Grassy Terrain
|-heal|p2a: Rillaboom|78/100|[from] item: Leftovers
|-heal|p1a: Toxapex|61/100|[from] Grassy Terrain
|upkeep
|turn|23
|
|t:|1660577868
|switch|p1a: Corviknight|Corviknight, M|100/100
|-ability|p1a: Corviknight|Pressure
|move|p2a: Rillaboom|Swords Dance|p2a: Rillaboom
|-boost|p2a: Rillaboom|atk|2
|
|-heal|p2a: Rillaboom|84/100|[from] Grassy Terrain
|-heal|p2a: Rillaboom|90/100|[from] item: Leftovers
|upkeep
|turn|24
|
|t:|1660577872
|switch|p2a: Clefable|Clefable, F|100/100
|move|p1a: Corviknight|Defog|p2a: Clefable
|-unboost|p2a: Clefable|evasion|1
|-fieldend|move: Grassy Terrain
|
|upkeep
|turn|25
|
|t:|1660577875
|move|p1a: Corviknight|U-turn|p2a: Clefable
|-resisted|p2a: Clefable
|-damage|p2a: Clefable|95/100
|
|t:|1660577876
|switch|p1a: Tornadus|Tornadus-Therian, M|80/100|[from]move: U-turn
|move|p2a: Clefable|Moonblast|p1a: Tornadus
|-damage|p1a: Tornadus|57/100
|-unboost|p1a: Tornadus|spa|1
|
|upkeep
|turn|26
|
|t:|1660577880
|switch|p1a: Heatran|Heatran, F|100/100
|move|p2a: Clefable|Trick|p1a: Heatran
|-activate|p2a: Clefable|move: Trick|[of] p1a: Heatran
|-enditem|p1a: Heatran|Leftovers|[silent]|[from] move: Trick
|-item|p2a: Clefable|Leftovers|[from] move: Trick
|
|-heal|p2a: Clefable|100/100|[from] item: Leftovers
|upkeep
|turn|27
|inactive|Battle timer is ON: inactive players will automatically lose when time's up. (requested by LT92PF Eule)
|
|t:|1660577887
|switch|p2a: Rotom|Rotom-Wash|41/100
|move|p1a: Heatran|Taunt|p2a: Rotom
|-start|p2a: Rotom|move: Taunt
|
|upkeep
|turn|28
|
|t:|1660577890
|move|p2a: Rotom|Hydro Pump|p1a: Heatran
|-supereffective|p1a: Heatran
|-damage|p1a: Heatran|52/100
|move|p1a: Heatran|Toxic|p2a: Rotom
|-status|p2a: Rotom|tox
|
|-damage|p2a: Rotom|34/100 tox|[from] psn
|upkeep
|turn|29
|
|t:|1660577894
|switch|p2a: Melmetal|Melmetal|100/100
|move|p1a: Heatran|Magma Storm|p2a: Melmetal
|-supereffective|p2a: Melmetal
|-damage|p2a: Melmetal|29/100
|-activate|p2a: Melmetal|move: Magma Storm|[of] p1a: Heatran
|
|-heal|p2a: Melmetal|35/100|[from] item: Leftovers
|-damage|p2a: Melmetal|22/100|[from] move: Magma Storm|[partiallytrapped]
|upkeep
|turn|30
|
|t:|1660577900
|move|p1a: Heatran|Protect|p1a: Heatran
|-singleturn|p1a: Heatran|Protect
|move|p2a: Melmetal|Earthquake|p1a: Heatran
|-activate|p1a: Heatran|move: Protect
|
|-heal|p2a: Melmetal|29/100|[from] item: Leftovers
|-damage|p2a: Melmetal|16/100|[from] move: Magma Storm|[partiallytrapped]
|upkeep
|turn|31
|
|t:|1660577904
|move|p1a: Heatran|Magma Storm|p2a: Melmetal
|-supereffective|p2a: Melmetal
|-damage|p2a: Melmetal|0 fnt
|faint|p2a: Melmetal
|
|upkeep
|
|t:|1660577907
|switch|p2a: Rotom|Rotom-Wash|34/100 tox
|turn|32
|
|t:|1660577910
|move|p1a: Heatran|Protect|p1a: Heatran
|-singleturn|p1a: Heatran|Protect
|move|p2a: Rotom|Hydro Pump|p1a: Heatran
|-activate|p1a: Heatran|move: Protect
|
|-damage|p2a: Rotom|28/100 tox|[from] psn
|upkeep
|turn|33
|
|t:|1660577912
|move|p2a: Rotom|Hydro Pump|p1a: Heatran|[miss]
|-miss|p2a: Rotom|p1a: Heatran
|move|p1a: Heatran|Magma Storm|p2a: Rotom
|-resisted|p2a: Rotom
|-crit|p2a: Rotom
|-damage|p2a: Rotom|0 fnt
|faint|p2a: Rotom
|
|upkeep
|
|t:|1660577918
|switch|p2a: Rillaboom|Rillaboom, F|90/100
|-fieldstart|move: Grassy Terrain|[from] ability: Grassy Surge|[of] p2a: Rillaboom
|turn|34
|
|t:|1660577921
|move|p2a: Rillaboom|Drain Punch|p1a: Heatran
|-supereffective|p1a: Heatran
|-damage|p1a: Heatran|8/100
|-heal|p2a: Rillaboom|100/100|[from] drain|[of] p1a: Heatran
|move|p1a: Heatran|Toxic|p2a: Rillaboom
|-status|p2a: Rillaboom|tox
|
|-heal|p1a: Heatran|14/100|[from] Grassy Terrain
|-damage|p2a: Rillaboom|94/100 tox|[from] psn
|upkeep
|turn|35
|
|t:|1660577924
|move|p2a: Rillaboom|Swords Dance|p2a: Rillaboom
|-boost|p2a: Rillaboom|atk|2
|move|p1a: Heatran|Magma Storm|p2a: Rillaboom
|-supereffective|p2a: Rillaboom
|-damage|p2a: Rillaboom|0 fnt
|faint|p2a: Rillaboom
|
|-heal|p1a: Heatran|20/100|[from] Grassy Terrain
|upkeep
|-message|LT92PF Eule forfeited.
|
|win|Stads
|raw|Stads's rating: 1717 &rarr; <strong>1747</strong><br />(+30 for winning)
|raw|LT92PF Eule's rating: 1904 &rarr; <strong>1874</strong><br />(-30 for losing)
|l|☆LT92PF Eule
|l|☆Stads
|l| irgendwasmitmeeem
||Ladder isn't responding, score probably updated but might not have (Request timeout).
