|j|☆minimax_ai
|j|☆ultimategoogolplex
|t:|1667517272
|gametype|singles
|player|p1|minimax_ai|lusamine-nihilego|1663
|player|p2|ultimategoogolplex|2|1688
|teamsize|p1|6
|teamsize|p2|6
|gen|8
|tier|[Gen 8] OU
|rated|
|rule|Sleep Clause Mod: Limit one foe put to sleep
|rule|Species Clause: Limit one of each Pokémon
|rule|OHKO Clause: OHKO moves are banned
|rule|Evasion Items Clause: Evasion items are banned
|rule|Evasion Moves Clause: Evasion moves are banned
|rule|Endless Battle Clause: Forcing endless battles is banned
|rule|HP Percentage Mod: HP is shown in percentages
|rule|Dynamax Clause: You cannot dynamax
|clearpoke
|poke|p1|Rotom-Wash|
|poke|p1|Weavile, M|
|poke|p1|Landorus-Therian, M|
|poke|p1|Heatran, M|
|poke|p1|Tangrowth, F|
|poke|p1|Melmetal|
|poke|p2|Weavile, F|
|poke|p2|Volcanion|
|poke|p2|Zapdos|
|poke|p2|Landorus-Therian, M|
|poke|p2|Kartana|
|poke|p2|Melmetal|
|teampreview
|inactive|Battle timer is ON: inactive players will automatically lose when time's up. (requested by ultimategoogolplex)
|c|☆minimax_ai|hf
|inactive|minimax_ai also wants the timer to be on.
|j| tamepink
|
|t:|1667517288
|start
|switch|p1a: rotomwash|Rotom-Wash|100/100
|switch|p2a: Weavile|Weavile, F|100/100
|-ability|p2a: Weavile|Pressure
|turn|1
|l| tamepink
|
|t:|1667517294
|move|p2a: Weavile|Knock Off|p1a: rotomwash
|-damage|p1a: rotomwash|13/100
|-enditem|p1a: rotomwash|Leftovers|[from] move: Knock Off|[of] p2a: Weavile
|move|p1a: rotomwash|Thunderbolt|p2a: Weavile
|-crit|p2a: Weavile
|-damage|p2a: Weavile|32/100
|
|upkeep
|turn|2
|
|t:|1667517301
|switch|p1a: Melmetal|Melmetal|100/100
|move|p2a: Weavile|Knock Off|p1a: Melmetal
|-crit|p1a: Melmetal
|-damage|p1a: Melmetal|35/100
|-enditem|p1a: Melmetal|Assault Vest|[from] move: Knock Off|[of] p2a: Weavile
|
|upkeep
|turn|3
|
|t:|1667517312
|switch|p2a: Landorus|Landorus-Therian, M|100/100
|-ability|p2a: Landorus|Intimidate|boost
|-unboost|p1a: Melmetal|atk|1
|move|p1a: Melmetal|Thunder Punch|p2a: Landorus
|-immune|p2a: Landorus
|
|upkeep
|turn|4
|
|t:|1667517319
|switch|p1a: rotomwash|Rotom-Wash|13/100
|move|p2a: Landorus|U-turn|p1a: rotomwash
|-damage|p1a: rotomwash|0 fnt
|faint|p1a: rotomwash
|
|t:|1667517330
|switch|p2a: Volcanion|Volcanion|100/100|[from]move: U-turn
|
|upkeep
|
|t:|1667517330
|switch|p1a: landorustherian|Landorus-Therian, M|100/100
|-ability|p1a: landorustherian|Intimidate|boost
|-unboost|p2a: Volcanion|atk|1
|turn|5
|
|t:|1667517337
|switch|p2a: Landorus|Landorus-Therian, M|100/100
|-ability|p2a: Landorus|Intimidate|boost
|-unboost|p1a: landorustherian|atk|1
|switch|p1a: Melmetal|Melmetal|35/100
|
|upkeep
|turn|6
|
|t:|1667517344
|move|p2a: Landorus|Earthquake|p1a: Melmetal
|-supereffective|p1a: Melmetal
|-damage|p1a: Melmetal|0 fnt
|faint|p1a: Melmetal
|
|upkeep
|
|t:|1667517344
|switch|p1a: Heatran|Heatran, M|100/100
|-item|p1a: Heatran|Air Balloon
|turn|7
|
|t:|1667517352
|switch|p2a: Volcanion|Volcanion|100/100
|move|p1a: Heatran|Eruption|p2a: Volcanion
|-resisted|p2a: Volcanion
|-damage|p2a: Volcanion|78/100
|
|upkeep
|turn|8
|j| Jongruenwald
|
|t:|1667517359
|move|p1a: Heatran|Stealth Rock|p2a: Volcanion
|-sidestart|p2: ultimategoogolplex|move: Stealth Rock
|move|p2a: Volcanion|Steam Eruption|p1a: Heatran
|-supereffective|p1a: Heatran
|-damage|p1a: Heatran|0 fnt
|-enditem|p1a: Heatran|Air Balloon
|faint|p1a: Heatran
|
|upkeep
|
|t:|1667517359
|switch|p1a: Tangrowth|Tangrowth, F|100/100
|turn|9
|
|t:|1667517377
|switch|p2a: Zapdos|Zapdos|100/100
|move|p1a: Tangrowth|Sleep Powder|p2a: Zapdos
|-status|p2a: Zapdos|slp|[from] move: Sleep Powder
|
|upkeep
|turn|10
|
|t:|1667517382
|switch|p2a: Melmetal|Melmetal|100/100
|-damage|p2a: Melmetal|94/100|[from] Stealth Rock
|switch|p1a: Weavile|Weavile, M|100/100
|-ability|p1a: Weavile|Pressure
|
|upkeep
|turn|11
|
|t:|1667517392
|move|p1a: Weavile|Low Kick|p2a: Melmetal
|-supereffective|p2a: Melmetal
|-damage|p2a: Melmetal|23/100
|move|p2a: Melmetal|Ice Punch|p1a: Weavile
|-resisted|p1a: Weavile
|-damage|p1a: Weavile|70/100
|
|upkeep
|turn|12
|
|t:|1667517399
|switch|p2a: Landorus|Landorus-Therian, M|100/100
|-damage|p2a: Landorus|88/100|[from] Stealth Rock
|-ability|p2a: Landorus|Intimidate|boost
|-unboost|p1a: Weavile|atk|1
|move|p1a: Weavile|Low Kick|p2a: Landorus
|-resisted|p2a: Landorus
|-damage|p2a: Landorus|78/100
|
|-heal|p2a: Landorus|84/100|[from] item: Leftovers
|upkeep
|turn|13
|
|t:|1667517408
|switch|p1a: Tangrowth|Tangrowth, F|100/100
|move|p2a: Landorus|Toxic|p1a: Tangrowth|[miss]
|-miss|p2a: Landorus|p1a: Tangrowth
|
|-heal|p2a: Landorus|90/100|[from] item: Leftovers
|upkeep
|turn|14
|
|t:|1667517415
|move|p2a: Landorus|Toxic|p1a: Tangrowth
|-status|p1a: Tangrowth|tox
|move|p1a: Tangrowth|Knock Off|p2a: Landorus
|-damage|p2a: Landorus|73/100
|-enditem|p2a: Landorus|Leftovers|[from] move: Knock Off|[of] p1a: Tangrowth
|
|-damage|p1a: Tangrowth|94/100 tox|[from] psn
|upkeep
|turn|15
|
|t:|1667517423
|move|p2a: Landorus|Stealth Rock|p1a: Tangrowth
|-sidestart|p1: minimax_ai|move: Stealth Rock
|move|p1a: Tangrowth|Knock Off|p2a: Landorus
|-damage|p2a: Landorus|62/100
|
|-damage|p1a: Tangrowth|82/100 tox|[from] psn
|upkeep
|turn|16
|
|t:|1667517429
|move|p2a: Landorus|Earthquake|p1a: Tangrowth
|-resisted|p1a: Tangrowth
|-damage|p1a: Tangrowth|70/100 tox
|move|p1a: Tangrowth|Giga Drain|p2a: Landorus
|-damage|p2a: Landorus|32/100
|-heal|p1a: Tangrowth|84/100 tox|[from] drain|[of] p2a: Landorus
|
|-damage|p1a: Tangrowth|66/100 tox|[from] psn
|upkeep
|turn|17
|
|t:|1667517437
|move|p2a: Landorus|U-turn|p1a: Tangrowth
|-supereffective|p1a: Tangrowth
|-damage|p1a: Tangrowth|41/100 tox
|-damage|p2a: Landorus|15/100|[from] item: Rocky Helmet|[of] p1a: Tangrowth
|
|t:|1667517441
|switch|p2a: Kartana|Kartana|100/100|[from]move: U-turn
|-damage|p2a: Kartana|94/100|[from] Stealth Rock
|move|p1a: Tangrowth|Giga Drain|p2a: Kartana
|-resisted|p2a: Kartana
|-damage|p2a: Kartana|73/100
|-heal|p1a: Tangrowth|48/100 tox|[from] drain|[of] p2a: Kartana
|
|-damage|p1a: Tangrowth|23/100 tox|[from] psn
|upkeep
|turn|18
|
|t:|1667517445
|move|p2a: Kartana|Smart Strike|p1a: Tangrowth
|-crit|p1a: Tangrowth
|-damage|p1a: Tangrowth|0 fnt
|-damage|p2a: Kartana|56/100|[from] item: Rocky Helmet|[of] p1a: Tangrowth
|faint|p1a: Tangrowth
|-ability|p2a: Kartana|Beast Boost|boost
|-boost|p2a: Kartana|atk|1
|
|upkeep
|
|t:|1667517445
|switch|p1a: landorustherian|Landorus-Therian, M|100/100
|-damage|p1a: landorustherian|88/100|[from] Stealth Rock
|-ability|p1a: landorustherian|Intimidate|boost
|-unboost|p2a: Kartana|atk|1
|turn|19
|
|t:|1667517457
|switch|p2a: Landorus|Landorus-Therian, M|15/100
|-damage|p2a: Landorus|3/100|[from] Stealth Rock
|-ability|p2a: Landorus|Intimidate|boost
|-unboost|p1a: landorustherian|atk|1
|move|p1a: landorustherian|Earthquake|p2a: Landorus
|-immune|p2a: Landorus
|
|-heal|p1a: landorustherian|94/100|[from] item: Leftovers
|upkeep
|turn|20
|
|t:|1667517466
|move|p2a: Landorus|Toxic|p1a: landorustherian
|-status|p1a: landorustherian|tox
|move|p1a: landorustherian|U-turn|p2a: Landorus
|-resisted|p2a: Landorus
|-damage|p2a: Landorus|0 fnt
|faint|p2a: Landorus
|
|t:|1667517466
|switch|p1a: Weavile|Weavile, M|70/100|[from]move: U-turn
|-damage|p1a: Weavile|45/100|[from] Stealth Rock
|-ability|p1a: Weavile|Pressure
|
|upkeep
|
|t:|1667517476
|switch|p2a: Kartana|Kartana|56/100
|-damage|p2a: Kartana|50/100|[from] Stealth Rock
|turn|21
|
|t:|1667517481
|switch|p1a: landorustherian|Landorus-Therian, M|94/100 tox
|-damage|p1a: landorustherian|82/100 tox|[from] Stealth Rock
|-ability|p1a: landorustherian|Intimidate|boost
|-unboost|p2a: Kartana|atk|1
|move|p2a: Kartana|Leaf Blade|p1a: landorustherian
|-damage|p1a: landorustherian|42/100 tox
|
|-heal|p1a: landorustherian|48/100 tox|[from] item: Leftovers
|-damage|p1a: landorustherian|42/100 tox|[from] psn
|upkeep
|turn|22
|
|t:|1667517491
|move|p2a: Kartana|Leaf Blade|p1a: landorustherian
|-damage|p1a: landorustherian|4/100 tox
|move|p1a: landorustherian|U-turn|p2a: Kartana
|-damage|p2a: Kartana|28/100
|
|t:|1667517491
|switch|p1a: Weavile|Weavile, M|45/100|[from]move: U-turn
|-damage|p1a: Weavile|20/100|[from] Stealth Rock
|-ability|p1a: Weavile|Pressure
|
|upkeep
|turn|23
|
|t:|1667517502
|switch|p2a: Volcanion|Volcanion|78/100
|-damage|p2a: Volcanion|53/100|[from] Stealth Rock
|move|p1a: Weavile|Ice Shard|p2a: Volcanion
|-resisted|p2a: Volcanion
|-damage|p2a: Volcanion|46/100
|
|upkeep
|turn|24
|
|t:|1667517506
|move|p1a: Weavile|Ice Shard|p2a: Volcanion
|-resisted|p2a: Volcanion
|-damage|p2a: Volcanion|39/100
|move|p2a: Volcanion|Flamethrower|p1a: Weavile
|-supereffective|p1a: Weavile
|-damage|p1a: Weavile|0 fnt
|faint|p1a: Weavile
|
|upkeep
|
|t:|1667517506
|switch|p1a: landorustherian|Landorus-Therian, M|4/100 tox
|-damage|p1a: landorustherian|0 fnt|[from] Stealth Rock
|faint|p1a: landorustherian
|
|win|ultimategoogolplex
|raw|minimax_ai's rating: 1663 &rarr; <strong>1644</strong><br />(-19 for losing)
|raw|ultimategoogolplex's rating: 1688 &rarr; <strong>1707</strong><br />(+19 for winning)
|c|☆minimax_ai|gg
|l|☆minimax_ai
