|j|☆LordFueg
|j|☆hqstest
|t:|1664746876
|gametype|singles
|player|p1|LordFueg|265|1531
|player|p2|hqstest|veteranf|1512
|teamsize|p1|6
|teamsize|p2|6
|gen|8
|tier|[Gen 8] OU
|rated|
|rule|Sleep Clause Mod: Limit one foe put to sleep
|rule|Species Clause: Limit one of each Pokémon
|rule|OHKO Clause: OHKO moves are banned
|rule|Evasion Items Clause: Evasion items are banned
|rule|Evasion Moves Clause: Evasion moves are banned
|rule|Endless Battle Clause: Forcing endless battles is banned
|rule|HP Percentage Mod: HP is shown in percentages
|rule|Dynamax Clause: You cannot dynamax
|clearpoke
|poke|p1|Pelipper, F|
|poke|p1|Zapdos|
|poke|p1|Urshifu-*, F|
|poke|p1|Blissey, F|
|poke|p1|Ferrothorn, F|
|poke|p1|Zeraora|
|poke|p2|Heatran, F|
|poke|p2|Mew|
|poke|p2|Blaziken, M|
|poke|p2|Rillaboom, M|
|poke|p2|Weavile, M|
|poke|p2|Dragonite, F|
|teampreview
|inactive|Battle timer is ON: inactive players will automatically lose when time's up. (requested by hqstest)
|
|t:|1664746898
|start
|switch|p1a: Pelipper|Pelipper, F|100/100
|switch|p2a: Heatran|Heatran, F|100/100
|-weather|RainDance|[from] ability: Drizzle|[of] p1a: Pelipper
|turn|1
|
|t:|1664746905
|move|p2a: Heatran|Stealth Rock|p1a: Pelipper
|-sidestart|p1: LordFueg|move: Stealth Rock
|move|p1a: Pelipper|Weather Ball|p2a: Heatran
|-supereffective|p2a: Heatran
|-crit|p2a: Heatran
|-enditem|p2a: Heatran|Focus Sash
|-damage|p2a: Heatran|1/100
|
|-weather|RainDance|[upkeep]
|upkeep
|turn|2
|
|t:|1664746914
|move|p2a: Heatran|Steel Beam|p1a: Pelipper
|-resisted|p1a: Pelipper
|-damage|p1a: Pelipper|42/100
|-damage|p2a: Heatran|0 fnt|[from] mindblown
|faint|p2a: Heatran
|move|p1a: Pelipper|Weather Ball|p2: Heatran|[notarget]
|-fail|p1a: Pelipper
|
|-weather|RainDance|[upkeep]
|upkeep
|
|t:|1664746928
|switch|p2a: Weavile|Weavile, M|100/100
|-ability|p2a: Weavile|Pressure
|turn|3
|
|t:|1664746935
|move|p2a: Weavile|Knock Off|p1a: Pelipper
|-damage|p1a: Pelipper|0 fnt
|-enditem|p1a: Pelipper|Choice Specs|[from] move: Knock Off|[of] p2a: Weavile
|faint|p1a: Pelipper
|-damage|p2a: Weavile|91/100|[from] item: Life Orb
|
|-weather|RainDance|[upkeep]
|upkeep
|
|t:|1664746945
|switch|p1a: Urshifu|Urshifu-Rapid-Strike, F|100/100
|-damage|p1a: Urshifu|94/100|[from] Stealth Rock
|turn|4
|
|t:|1664746965
|move|p2a: Weavile|Knock Off|p1a: Urshifu
|-resisted|p1a: Urshifu
|-damage|p1a: Urshifu|62/100
|-enditem|p1a: Urshifu|Protective Pads|[from] move: Knock Off|[of] p2a: Weavile
|-damage|p2a: Weavile|81/100|[from] item: Life Orb
|move|p1a: Urshifu|Surging Strikes|p2a: Weavile
|-crit|p2a: Weavile
|-damage|p2a: Weavile|30/100
|-crit|p2a: Weavile
|-damage|p2a: Weavile|0 fnt
|faint|p2a: Weavile
|-hitcount|p2: Weavile|2
|
|-weather|RainDance|[upkeep]
|upkeep
|
|t:|1664746973
|switch|p2a: Rillaboom|Rillaboom, M|100/100
|-fieldstart|move: Grassy Terrain|[from] ability: Grassy Surge|[of] p2a: Rillaboom
|turn|5
|
|t:|1664746985
|switch|p1a: Ferrothorn|Ferrothorn, F|100/100
|-damage|p1a: Ferrothorn|94/100|[from] Stealth Rock
|move|p2a: Rillaboom|Swords Dance|p2a: Rillaboom
|-boost|p2a: Rillaboom|atk|2
|
|-weather|none
|-heal|p1a: Ferrothorn|100/100|[from] Grassy Terrain
|upkeep
|turn|6
|
|t:|1664746993
|move|p2a: Rillaboom|Swords Dance|p2a: Rillaboom
|-boost|p2a: Rillaboom|atk|2
|move|p1a: Ferrothorn|Gyro Ball|p2a: Rillaboom
|-damage|p2a: Rillaboom|44/100
|
|-heal|p2a: Rillaboom|50/100|[from] Grassy Terrain
|upkeep
|turn|7
|
|t:|1664747001
|move|p2a: Rillaboom|Superpower|p1a: Ferrothorn
|-supereffective|p1a: Ferrothorn
|-damage|p1a: Ferrothorn|0 fnt
|-unboost|p2a: Rillaboom|atk|1
|-unboost|p2a: Rillaboom|def|1
|-damage|p2a: Rillaboom|38/100|[from] ability: Iron Barbs|[of] p1a: Ferrothorn
|-damage|p2a: Rillaboom|21/100|[from] item: Rocky Helmet|[of] p1a: Ferrothorn
|faint|p1a: Ferrothorn
|-damage|p2a: Rillaboom|11/100|[from] item: Life Orb
|
|-heal|p2a: Rillaboom|18/100|[from] Grassy Terrain
|upkeep
|
|t:|1664747016
|switch|p1a: Zapdos|Zapdos|100/100
|turn|8
|
|t:|1664747023
|move|p2a: Rillaboom|Knock Off|p1a: Zapdos
|-damage|p1a: Zapdos|0 fnt
|-enditem|p1a: Zapdos|Heavy-Duty Boots|[from] move: Knock Off|[of] p2a: Rillaboom
|faint|p1a: Zapdos
|-damage|p2a: Rillaboom|8/100|[from] item: Life Orb
|
|-heal|p2a: Rillaboom|14/100|[from] Grassy Terrain
|upkeep
|
|t:|1664747035
|switch|p1a: Urshifu|Urshifu-Rapid-Strike, F|62/100
|-damage|p1a: Urshifu|56/100|[from] Stealth Rock
|turn|9
|
|t:|1664747040
|move|p1a: Urshifu|Aqua Jet|p2a: Rillaboom
|-resisted|p2a: Rillaboom
|-damage|p2a: Rillaboom|0 fnt
|faint|p2a: Rillaboom
|
|-heal|p1a: Urshifu|62/100|[from] Grassy Terrain
|-fieldend|move: Grassy Terrain
|upkeep
|
|t:|1664747056
|switch|p2a: Mew|Mew|100/100
|turn|10
|
|t:|1664747060
|move|p1a: Urshifu|Surging Strikes|p2a: Mew
|-crit|p2a: Mew
|-damage|p2a: Mew|83/100
|-crit|p2a: Mew
|-damage|p2a: Mew|63/100
|-crit|p2a: Mew
|-damage|p2a: Mew|43/100
|-hitcount|p2a: Mew|3
|move|p2a: Mew|Psychic Fangs|p1a: Urshifu
|-supereffective|p1a: Urshifu
|-damage|p1a: Urshifu|0 fnt
|faint|p1a: Urshifu
|
|upkeep
|
|t:|1664747079
|switch|p1a: Zeraora|Zeraora|100/100
|turn|11
|
|t:|1664747083
|move|p1a: Zeraora|Knock Off|p2a: Mew
|-supereffective|p2a: Mew
|-damage|p2a: Mew|0 fnt
|-enditem|p2a: Mew|Lum Berry|[from] move: Knock Off|[of] p1a: Zeraora
|faint|p2a: Mew
|
|upkeep
|
|t:|1664747086
|switch|p2a: Dragonite|Dragonite, F|100/100
|turn|12
|
|t:|1664747098
|switch|p1a: Blissey|Blissey, F|100/100
|move|p2a: Dragonite|Earthquake|p1a: Blissey
|-damage|p1a: Blissey|66/100
|
|upkeep
|turn|13
|
|t:|1664747103
|move|p2a: Dragonite|Dragon Dance|p2a: Dragonite
|-boost|p2a: Dragonite|atk|1
|-boost|p2a: Dragonite|spe|1
|move|p1a: Blissey|Thunder Wave|p2a: Dragonite
|-status|p2a: Dragonite|par
|
|upkeep
|turn|14
|
|t:|1664747108
|move|p2a: Dragonite|Dragon Dance|p2a: Dragonite
|-boost|p2a: Dragonite|atk|1
|-boost|p2a: Dragonite|spe|1
|move|p1a: Blissey|Seismic Toss|p2a: Dragonite
|-damage|p2a: Dragonite|70/100 par
|
|upkeep
|turn|15
|
|t:|1664747112
|move|p2a: Dragonite|Earthquake|p1a: Blissey
|-damage|p1a: Blissey|0 fnt
|faint|p1a: Blissey
|
|upkeep
|
|t:|1664747115
|switch|p1a: Zeraora|Zeraora|100/100
|turn|16
|
|t:|1664747119
|move|p2a: Dragonite|Extreme Speed|p1a: Zeraora
|-damage|p1a: Zeraora|8/100
|move|p1a: Zeraora|Bulk Up|p1a: Zeraora
|-boost|p1a: Zeraora|atk|1
|-boost|p1a: Zeraora|def|1
|
|upkeep
|turn|17
|
|t:|1664747126
|move|p2a: Dragonite|Extreme Speed|p1a: Zeraora
|-damage|p1a: Zeraora|0 fnt
|faint|p1a: Zeraora
|
|win|hqstest
|raw|LordFueg's rating: 1531 &rarr; <strong>1510</strong><br />(-21 for losing)
|raw|hqstest's rating: 1512 &rarr; <strong>1533</strong><br />(+21 for winning)
|l|☆LordFueg
