|j|☆ezwz
|j|☆SupaTerrestrial
|t:|1643050500
|gametype|singles
|player|p1|ezwz|youngster-gen4dp|1681
|player|p2|SupaTerrestrial|buck|1585
|teamsize|p1|6
|teamsize|p2|6
|gen|8
|tier|[Gen 8] OU
|rated|
|rule|Sleep Clause Mod: Limit one foe put to sleep
|rule|Species Clause: Limit one of each Pokémon
|rule|OHKO Clause: OHKO moves are banned
|rule|Evasion Moves Clause: Evasion moves are banned
|rule|Endless Battle Clause: Forcing endless battles is banned
|rule|HP Percentage Mod: HP is shown in percentages
|rule|Dynamax Clause: You cannot dynamax
|clearpoke
|poke|p1|Swampert, M|
|poke|p1|Magnezone|
|poke|p1|Kartana|
|poke|p1|Toxapex, F|
|poke|p1|Celesteela|
|poke|p1|Tornadus-Therian, M|
|poke|p2|Blaziken, M|
|poke|p2|Swampert, F|
|poke|p2|Corviknight, M|
|poke|p2|Tapu Koko|
|poke|p2|Dragapult, F|
|poke|p2|Slowking, F|
|teampreview
|j| Blowendebowe
|l| Blowendebowe
|
|t:|1643050535
|start
|switch|p1a: Toxapex|Toxapex, F|100/100
|switch|p2a: Slowking|Slowking, F|100/100
|turn|1
|
|t:|1643050538
|move|p1a: Toxapex|Toxic|p2a: Slowking
|-status|p2a: Slowking|tox
|move|p2a: Slowking|Future Sight|p1a: Toxapex
|-start|p2a: Slowking|move: Future Sight
|
|-damage|p2a: Slowking|94/100 tox|[from] psn
|upkeep
|turn|2
|inactive|Battle timer is ON: inactive players will automatically lose when time's up. (requested by SupaTerrestrial)
|
|t:|1643050546
|move|p1a: Toxapex|Scald|p2a: Slowking
|-resisted|p2a: Slowking
|-damage|p2a: Slowking|89/100 tox
|move|p2a: Slowking|Teleport|p2a: Slowking
|
|t:|1643050557
|switch|p2a: Dragapult|Dragapult, F|100/100|[from]move: Teleport
|
|upkeep
|turn|3
|
|t:|1643050561
|move|p2a: Dragapult|Shadow Ball|p1a: Toxapex
|-damage|p1a: Toxapex|60/100
|-enditem|p1a: Toxapex|Eject Button
|
|t:|1643050570
|switch|p1a: Celesteela|Celesteela|100/100
|
|-end|p1a: Celesteela|move: Future Sight
|-resisted|p1a: Celesteela
|-damage|p1a: Celesteela|88/100
|-heal|p1a: Celesteela|94/100|[from] item: Leftovers
|upkeep
|turn|4
|
|t:|1643050584
|switch|p2a: Tapu Koko|Tapu Koko|100/100
|-fieldstart|move: Electric Terrain|[from] ability: Electric Surge|[of] p2a: Tapu Koko
|move|p1a: Celesteela|Leech Seed|p2a: Tapu Koko
|-start|p2a: Tapu Koko|move: Leech Seed
|
|-heal|p1a: Celesteela|99/100|[from] item: Leftovers
|-damage|p2a: Tapu Koko|88/100|[from] Leech Seed|[of] p1a: Celesteela
|-heal|p1a: Celesteela|100/100|[silent]
|upkeep
|turn|5
|
|t:|1643050590
|switch|p2a: Swampert|Swampert, F|100/100
|move|p1a: Celesteela|Protect||[still]
|-fail|p1a: Celesteela
|
|upkeep
|turn|6
|
|t:|1643050595
|switch|p1a: Kartana|Kartana|100/100
|move|p2a: Swampert|Stealth Rock|p1a: Kartana
|-sidestart|p1: ezwz|move: Stealth Rock
|
|upkeep
|turn|7
|
|t:|1643050599
|switch|p2a: Corviknight|Corviknight, M|100/100
|-ability|p2a: Corviknight|Pressure
|move|p1a: Kartana|Knock Off|p2a: Corviknight
|-damage|p2a: Corviknight|61/100
|-damage|p1a: Kartana|84/100|[from] item: Rocky Helmet|[of] p2a: Corviknight
|-enditem|p2a: Corviknight|Rocky Helmet|[from] move: Knock Off|[of] p1a: Kartana
|
|upkeep
|turn|8
|
|t:|1643050604
|switch|p1a: Magnezone|Magnezone|100/100
|-damage|p1a: Magnezone|94/100|[from] Stealth Rock
|move|p2a: Corviknight|U-turn|p1a: Magnezone
|-resisted|p1a: Magnezone
|-crit|p1a: Magnezone
|-damage|p1a: Magnezone|86/100
|
|t:|1643050609
|switch|p2a: Swampert|Swampert, F|100/100|[from]move: U-turn
|
|-heal|p1a: Magnezone|92/100|[from] item: Leftovers
|-fieldend|move: Electric Terrain
|upkeep
|turn|9
|
|t:|1643050617
|switch|p1a: Toxapex|Toxapex, F|93/100
|-damage|p1a: Toxapex|80/100|[from] Stealth Rock
|move|p2a: Swampert|Flip Turn|p1a: Toxapex
|-resisted|p1a: Toxapex
|-damage|p1a: Toxapex|71/100
|
|t:|1643050622
|switch|p2a: Slowking|Slowking, F|100/100 tox|[from]move: Flip Turn
|
|-damage|p2a: Slowking|94/100 tox|[from] psn
|upkeep
|turn|10
|
|t:|1643050630
|switch|p1a: Kartana|Kartana|84/100
|-damage|p1a: Kartana|78/100|[from] Stealth Rock
|move|p2a: Slowking|Future Sight|p1a: Kartana
|-start|p2a: Slowking|move: Future Sight
|
|-damage|p2a: Slowking|82/100 tox|[from] psn
|upkeep
|turn|11
|
|t:|1643050637
|switch|p2a: Corviknight|Corviknight, M|61/100
|-ability|p2a: Corviknight|Pressure
|move|p1a: Kartana|Leaf Blade|p2a: Corviknight
|-resisted|p2a: Corviknight
|-damage|p2a: Corviknight|48/100
|
|upkeep
|turn|12
|
|t:|1643050640
|switch|p1a: Magnezone|Magnezone|92/100
|-damage|p1a: Magnezone|86/100|[from] Stealth Rock
|move|p2a: Corviknight|U-turn|p1a: Magnezone
|-resisted|p1a: Magnezone
|-damage|p1a: Magnezone|80/100
|
|t:|1643050657
|switch|p2a: Dragapult|Dragapult, F|100/100|[from]move: U-turn
|
|-end|p1a: Magnezone|move: Future Sight
|-resisted|p1a: Magnezone
|-damage|p1a: Magnezone|52/100
|-heal|p1a: Magnezone|58/100|[from] item: Leftovers
|upkeep
|turn|13
|
|t:|1643050661
|switch|p1a: Toxapex|Toxapex, F|100/100
|-damage|p1a: Toxapex|88/100|[from] Stealth Rock
|move|p2a: Dragapult|Shadow Ball|p1a: Toxapex
|-damage|p1a: Toxapex|43/100
|-unboost|p1a: Toxapex|spd|1
|
|upkeep
|turn|14
|
|t:|1643050666
|switch|p1a: Swampert|Swampert, M|100/100
|-damage|p1a: Swampert|94/100|[from] Stealth Rock
|move|p2a: Dragapult|Shadow Ball|p1a: Swampert
|-damage|p1a: Swampert|54/100
|
|-heal|p1a: Swampert|60/100|[from] item: Leftovers
|upkeep
|turn|15
|
|t:|1643050683
|switch|p2a: Swampert|Swampert, F|100/100
|move|p1a: Swampert|Toxic|p2a: Swampert|[miss]
|-miss|p1a: Swampert|p2a: Swampert
|
|-heal|p1a: Swampert|67/100|[from] item: Leftovers
|upkeep
|turn|16
|
|t:|1643050690
|move|p2a: Swampert|Earthquake|p1a: Swampert
|-damage|p1a: Swampert|20/100
|move|p1a: Swampert|Stealth Rock|p2a: Swampert
|-sidestart|p2: SupaTerrestrial|move: Stealth Rock
|
|-heal|p1a: Swampert|26/100|[from] item: Leftovers
|upkeep
|turn|17
|
|t:|1643050692
|switch|p1a: Celesteela|Celesteela|100/100
|-damage|p1a: Celesteela|88/100|[from] Stealth Rock
|move|p2a: Swampert|Flip Turn|p1a: Celesteela
|-damage|p1a: Celesteela|63/100
|
|t:|1643050707
|switch|p2a: Slowking|Slowking, F|100/100 tox|[from]move: Flip Turn
|-damage|p2a: Slowking|88/100 tox|[from] Stealth Rock
|
|-heal|p1a: Celesteela|69/100|[from] item: Leftovers
|-damage|p2a: Slowking|82/100 tox|[from] psn
|upkeep
|turn|18
|
|t:|1643050710
|move|p1a: Celesteela|Leech Seed|p2a: Slowking
|-start|p2a: Slowking|move: Leech Seed
|move|p2a: Slowking|Future Sight|p1a: Celesteela
|-start|p2a: Slowking|move: Future Sight
|
|-heal|p1a: Celesteela|75/100|[from] item: Leftovers
|-damage|p2a: Slowking|70/100 tox|[from] Leech Seed|[of] p1a: Celesteela
|-heal|p1a: Celesteela|88/100|[silent]
|-damage|p2a: Slowking|57/100 tox|[from] psn
|upkeep
|turn|19
|
|t:|1643050714
|move|p1a: Celesteela|Earthquake|p2a: Slowking
|-damage|p2a: Slowking|40/100 tox
|move|p2a: Slowking|Teleport|p2a: Slowking
|
|t:|1643050740
|switch|p2a: Tapu Koko|Tapu Koko|88/100|[from]move: Teleport
|-damage|p2a: Tapu Koko|76/100|[from] Stealth Rock
|-fieldstart|move: Electric Terrain|[from] ability: Electric Surge|[of] p2a: Tapu Koko
|
|-heal|p1a: Celesteela|94/100|[from] item: Leftovers
|upkeep
|turn|20
|
|t:|1643050746
|move|p1a: Celesteela|Protect|p1a: Celesteela
|-singleturn|p1a: Celesteela|Protect
|move|p2a: Tapu Koko|Roar|p1a: Celesteela
|drag|p1a: Swampert|Swampert, M|26/100
|-damage|p1a: Swampert|20/100|[from] Stealth Rock
|
|-end|p1a: Swampert|move: Future Sight
|-damage|p1a: Swampert|0 fnt
|faint|p1a: Swampert
|upkeep
|
|t:|1643050762
|switch|p1a: Celesteela|Celesteela|94/100
|-damage|p1a: Celesteela|81/100|[from] Stealth Rock
|turn|21
|
|t:|1643050769
|switch|p2a: Slowking|Slowking, F|74/100 tox
|-damage|p2a: Slowking|61/100 tox|[from] Stealth Rock
|move|p1a: Celesteela|Protect||[still]
|-fail|p1a: Celesteela
|
|-heal|p1a: Celesteela|87/100|[from] item: Leftovers
|-damage|p2a: Slowking|55/100 tox|[from] psn
|upkeep
|turn|22
|
|t:|1643050772
|switch|p1a: Toxapex|Toxapex, F|76/100
|-damage|p1a: Toxapex|64/100|[from] Stealth Rock
|move|p2a: Slowking|Future Sight|p1a: Toxapex
|-start|p2a: Slowking|move: Future Sight
|
|-damage|p2a: Slowking|43/100 tox|[from] psn
|upkeep
|turn|23
|
|t:|1643050775
|move|p1a: Toxapex|Recover|p1a: Toxapex
|-heal|p1a: Toxapex|100/100
|move|p2a: Slowking|Teleport|p2a: Slowking
|
|t:|1643050781
|switch|p2a: Tapu Koko|Tapu Koko|76/100|[from]move: Teleport
|-damage|p2a: Tapu Koko|63/100|[from] Stealth Rock
|
|-fieldend|move: Electric Terrain
|upkeep
|turn|24
|
|t:|1643050787
|move|p2a: Tapu Koko|Volt Switch|p1a: Toxapex
|-supereffective|p1a: Toxapex
|-damage|p1a: Toxapex|49/100
|
|t:|1643050790
|switch|p2a: Swampert|Swampert, F|100/100|[from]move: Volt Switch
|-damage|p2a: Swampert|94/100|[from] Stealth Rock
|move|p1a: Toxapex|Toxic|p2a: Swampert
|-status|p2a: Swampert|tox
|
|-end|p1a: Toxapex|move: Future Sight
|-supereffective|p1a: Toxapex
|-damage|p1a: Toxapex|0 fnt
|faint|p1a: Toxapex
|-damage|p2a: Swampert|88/100 tox|[from] psn
|upkeep
|
|t:|1643050797
|switch|p1a: Celesteela|Celesteela|87/100
|-damage|p1a: Celesteela|75/100|[from] Stealth Rock
|turn|25
|
|t:|1643050802
|switch|p2a: Slowking|Slowking, F|76/100 tox
|-damage|p2a: Slowking|64/100 tox|[from] Stealth Rock
|move|p1a: Celesteela|Earthquake|p2a: Slowking
|-damage|p2a: Slowking|44/100 tox
|
|-heal|p1a: Celesteela|81/100|[from] item: Leftovers
|-damage|p2a: Slowking|38/100 tox|[from] psn
|upkeep
|turn|26
|
|t:|1643050808
|switch|p2a: Corviknight|Corviknight, M|48/100
|-damage|p2a: Corviknight|35/100|[from] Stealth Rock
|-ability|p2a: Corviknight|Pressure
|move|p1a: Celesteela|Earthquake|p2a: Corviknight
|-immune|p2a: Corviknight
|
|-heal|p1a: Celesteela|87/100|[from] item: Leftovers
|upkeep
|turn|27
|
|t:|1643050813
|switch|p1a: Magnezone|Magnezone|58/100
|-damage|p1a: Magnezone|52/100|[from] Stealth Rock
|move|p2a: Corviknight|Roost|p2a: Corviknight
|-heal|p2a: Corviknight|85/100
|-singleturn|p2a: Corviknight|move: Roost
|
|-heal|p1a: Magnezone|58/100|[from] item: Leftovers
|upkeep
|turn|28
|
|t:|1643050816
|move|p1a: Magnezone|Thunderbolt|p2a: Corviknight
|-supereffective|p2a: Corviknight
|-damage|p2a: Corviknight|0 fnt
|faint|p2a: Corviknight
|
|-heal|p1a: Magnezone|64/100|[from] item: Leftovers
|upkeep
|
|t:|1643050821
|switch|p2a: Blaziken|Blaziken, M|100/100
|-damage|p2a: Blaziken|88/100|[from] Stealth Rock
|turn|29
|
|t:|1643050825
|move|p2a: Blaziken|Close Combat|p1a: Magnezone
|-supereffective|p1a: Magnezone
|-damage|p1a: Magnezone|0 fnt
|-unboost|p2a: Blaziken|def|1
|-unboost|p2a: Blaziken|spd|1
|faint|p1a: Magnezone
|-damage|p2a: Blaziken|78/100|[from] item: Life Orb
|
|-ability|p2a: Blaziken|Speed Boost|boost
|-boost|p2a: Blaziken|spe|1
|upkeep
|
|t:|1643050827
|switch|p1a: Tornadus|Tornadus-Therian, M|100/100
|turn|30
|
|t:|1643050845
|switch|p2a: Swampert|Swampert, F|88/100 tox
|-damage|p2a: Swampert|82/100 tox|[from] Stealth Rock
|move|p1a: Tornadus|Hurricane|p2a: Swampert
|-damage|p2a: Swampert|42/100 tox
|
|-damage|p2a: Swampert|35/100 tox|[from] psn
|upkeep
|turn|31
|
|t:|1643050853
|move|p1a: Tornadus|Hurricane|p2a: Swampert
|-damage|p2a: Swampert|0 fnt
|faint|p2a: Swampert
|
|upkeep
|
|t:|1643050854
|switch|p2a: Tapu Koko|Tapu Koko|63/100
|-damage|p2a: Tapu Koko|51/100|[from] Stealth Rock
|-fieldstart|move: Electric Terrain|[from] ability: Electric Surge|[of] p2a: Tapu Koko
|turn|32
|
|t:|1643050859
|move|p2a: Tapu Koko|Thunderbolt|p1a: Tornadus
|-supereffective|p1a: Tornadus
|-damage|p1a: Tornadus|0 fnt
|faint|p1a: Tornadus
|
|upkeep
|
|t:|1643050861
|switch|p1a: Celesteela|Celesteela|87/100
|-damage|p1a: Celesteela|75/100|[from] Stealth Rock
|turn|33
|
|t:|1643050863
|move|p1a: Celesteela|Protect|p1a: Celesteela
|-singleturn|p1a: Celesteela|Protect
|move|p2a: Tapu Koko|Thunderbolt|p1a: Celesteela
|-activate|p1a: Celesteela|move: Protect
|
|-heal|p1a: Celesteela|81/100|[from] item: Leftovers
|upkeep
|turn|34
|c|☆ezwz|gg
|
|t:|1643050867
|move|p2a: Tapu Koko|Thunderbolt|p1a: Celesteela
|-supereffective|p1a: Celesteela
|-damage|p1a: Celesteela|11/100
|move|p1a: Celesteela|Earthquake|p2a: Tapu Koko
|-supereffective|p2a: Tapu Koko
|-damage|p2a: Tapu Koko|0 fnt
|faint|p2a: Tapu Koko
|-ability|p1a: Celesteela|Beast Boost|boost
|-boost|p1a: Celesteela|spd|1
|
|-heal|p1a: Celesteela|17/100|[from] item: Leftovers
|upkeep
|c|☆SupaTerrestrial|gg
|-message|ezwz forfeited.
|
|win|SupaTerrestrial
|raw|ezwz's rating: 1681 &rarr; <strong>1656</strong><br />(-25 for losing)
|raw|SupaTerrestrial's rating: 1585 &rarr; <strong>1610</strong><br />(+25 for winning)
|l|☆ezwz
|c|☆SupaTerrestrial|lol gotta get last kill
