|raw|<div class="broadcast-blue"><strong>This battle is required to be public due to a player having a name starting with 'LT73IU'.</div>
|j|☆Rorschach I
|j|☆LT73IU Cora
|t:|1598391725
|player|p1|Rorschach I|cynthia|1957
|player|p2|LT73IU Cora|aromalady|1830
|teamsize|p1|6
|teamsize|p2|6
|gametype|singles
|gen|8
|tier|[Gen 8] OU
|rated|
|clearpoke
|poke|p1|Pelipper, F|
|poke|p1|Tangrowth, F|
|poke|p1|Zeraora|
|poke|p1|Urshifu-*, F|
|poke|p1|Excadrill, F|
|poke|p1|Toxapex, M|
|poke|p2|Toxapex, M|
|poke|p2|Urshifu-*, M|
|poke|p2|Excadrill, F|
|poke|p2|Skarmory, M|
|poke|p2|Hippowdon, M|
|poke|p2|Clefable, M|
|rule|Sleep Clause Mod: Limit one foe put to sleep
|rule|Species Clause: Limit one of each Pokémon
|rule|OHKO Clause: OHKO moves are banned
|rule|Evasion Moves Clause: Evasion moves are banned
|rule|Endless Battle Clause: Forcing endless battles is banned
|rule|HP Percentage Mod: HP is shown in percentages
|rule|Dynamax Clause: You cannot dynamax
|teampreview
|
|t:|1598391737
|start
|switch|p1a: Toxapex|Toxapex, M|100/100
|switch|p2a: Toxapex|Toxapex, M|100/100
|turn|1
|j| meat lockers
|
|t:|1598391743
|switch|p2a: Clefable|Clefable, M|100/100
|move|p1a: Toxapex|Knock Off|p2a: Clefable
|-resisted|p2a: Clefable
|-damage|p2a: Clefable|95/100
|-enditem|p2a: Clefable|Life Orb|[from] move: Knock Off|[of] p1a: Toxapex
|
|upkeep
|turn|2
|j| Song Of Spirit
|
|t:|1598391748
|switch|p1a: Excadrill|Excadrill, F|100/100
|-ability|p1a: Excadrill|Mold Breaker
|move|p2a: Clefable|Calm Mind|p2a: Clefable
|-boost|p2a: Clefable|spa|1
|-boost|p2a: Clefable|spd|1
|
|upkeep
|turn|3
|
|t:|1598391752
|switch|p2a: Skarmory|Skarmory, M|100/100
|move|p1a: Excadrill|Iron Head|p2a: Skarmory
|-resisted|p2a: Skarmory
|-damage|p2a: Skarmory|91/100
|-damage|p1a: Excadrill|84/100|[from] item: Rocky Helmet|[of] p2a: Skarmory
|
|-heal|p1a: Excadrill|90/100|[from] item: Leftovers
|upkeep
|turn|4
|
|t:|1598391756
|switch|p1a: Pelipper|Pelipper, F|100/100
|-weather|RainDance|[from] ability: Drizzle|[of] p1a: Pelipper
|move|p2a: Skarmory|Spikes|p1a: Pelipper
|-sidestart|p1: Rorschach I|Spikes
|
|-weather|RainDance|[upkeep]
|upkeep
|turn|5
|
|t:|1598391761
|switch|p2a: Toxapex|Toxapex, M|100/100
|move|p1a: Pelipper|Hurricane|p2a: Toxapex
|-damage|p2a: Toxapex|48/100
|
|-weather|RainDance|[upkeep]
|-heal|p2a: Toxapex|54/100|[from] item: Black Sludge
|upkeep
|turn|6
|
|t:|1598391764
|switch|p2a: Hippowdon|Hippowdon, M|100/100
|-weather|Sandstorm|[from] ability: Sand Stream|[of] p2a: Hippowdon
|move|p1a: Pelipper|Hurricane|p2a: Hippowdon|[miss]
|-miss|p1a: Pelipper|p2a: Hippowdon
|
|-weather|Sandstorm|[upkeep]
|-damage|p1a: Pelipper|94/100|[from] Sandstorm
|upkeep
|turn|7
|
|t:|1598391768
|move|p1a: Pelipper|Hurricane|p2a: Hippowdon
|-damage|p2a: Hippowdon|42/100
|move|p2a: Hippowdon|Toxic|p1a: Pelipper
|-status|p1a: Pelipper|tox
|
|-weather|Sandstorm|[upkeep]
|-damage|p1a: Pelipper|88/100 tox|[from] Sandstorm
|-heal|p2a: Hippowdon|48/100|[from] item: Leftovers
|-damage|p1a: Pelipper|82/100 tox|[from] psn
|upkeep
|turn|8
|
|t:|1598391774
|switch|p1a: Tangrowth|Tangrowth, F|100/100
|-damage|p1a: Tangrowth|88/100|[from] Spikes
|switch|p2a: Toxapex|Toxapex, M|87/100
|
|-weather|Sandstorm|[upkeep]
|-damage|p1a: Tangrowth|82/100|[from] Sandstorm
|-damage|p2a: Toxapex|81/100|[from] Sandstorm
|-heal|p2a: Toxapex|87/100|[from] item: Black Sludge
|upkeep
|turn|9
|j| odin77
|
|t:|1598391780
|move|p1a: Tangrowth|Sleep Powder|p2a: Toxapex|[miss]
|-miss|p1a: Tangrowth|p2a: Toxapex
|move|p2a: Toxapex|Knock Off|p1a: Tangrowth
|-damage|p1a: Tangrowth|75/100
|-damage|p2a: Toxapex|70/100|[from] item: Rocky Helmet|[of] p1a: Tangrowth
|-enditem|p1a: Tangrowth|Rocky Helmet|[from] move: Knock Off|[of] p2a: Toxapex
|
|-weather|Sandstorm|[upkeep]
|-damage|p1a: Tangrowth|69/100|[from] Sandstorm
|-damage|p2a: Toxapex|65/100|[from] Sandstorm
|-heal|p2a: Toxapex|70/100|[from] item: Black Sludge
|upkeep
|turn|10
|j| Zachary07
|
|t:|1598391786
|switch|p2a: Skarmory|Skarmory, M|91/100
|move|p1a: Tangrowth|Sleep Powder|p2a: Skarmory
|-status|p2a: Skarmory|slp|[from] move: Sleep Powder
|
|-weather|none
|upkeep
|turn|11
|j| Livio ElTito
|
|t:|1598391791
|switch|p2a: Toxapex|Toxapex, M|100/100
|switch|p1a: Pelipper|Pelipper, F|82/100 tox
|-weather|RainDance|[from] ability: Drizzle|[of] p1a: Pelipper
|
|-weather|RainDance|[upkeep]
|-damage|p1a: Pelipper|76/100 tox|[from] psn
|upkeep
|turn|12
|
|t:|1598391794
|move|p1a: Pelipper|U-turn|p2a: Toxapex
|-resisted|p2a: Toxapex
|-damage|p2a: Toxapex|98/100
|j| BROTHAOPTIONS
|j| Arhetti
|
|t:|1598391800
|switch|p1a: Tangrowth|Tangrowth, F|100/100|[from]move: U-turn
|-damage|p1a: Tangrowth|88/100|[from] Spikes
|move|p2a: Toxapex|Knock Off|p1a: Tangrowth
|-damage|p1a: Tangrowth|83/100
|
|-weather|RainDance|[upkeep]
|-heal|p2a: Toxapex|100/100|[from] item: Black Sludge
|upkeep
|turn|13
|j| Not Sean Hannity
|l| odin77
|
|t:|1598391806
|move|p1a: Tangrowth|Knock Off|p2a: Toxapex
|-damage|p2a: Toxapex|87/100
|-enditem|p2a: Toxapex|Black Sludge|[from] move: Knock Off|[of] p1a: Tangrowth
|move|p2a: Toxapex|Scald|p1a: Tangrowth
|-resisted|p1a: Tangrowth
|-damage|p1a: Tangrowth|65/100
|
|-weather|RainDance|[upkeep]
|upkeep
|turn|14
|j|+Jordy
|
|t:|1598391820
|move|p1a: Tangrowth|Leaf Storm|p2a: Toxapex
|-damage|p2a: Toxapex|48/100
|-unboost|p1a: Tangrowth|spa|2
|move|p2a: Toxapex|Scald|p1a: Tangrowth
|-resisted|p1a: Tangrowth
|-damage|p1a: Tangrowth|46/100
|-status|p1a: Tangrowth|brn
|
|-weather|RainDance|[upkeep]
|-damage|p1a: Tangrowth|39/100 brn|[from] brn
|upkeep
|turn|15
|j| LowGxeDoritos
|j| storm zone
|
|t:|1598391826
|switch|p1a: Zeraora|Zeraora|100/100
|-damage|p1a: Zeraora|88/100|[from] Spikes
|switch|p2a: Hippowdon|Hippowdon, M|48/100
|-weather|Sandstorm|[from] ability: Sand Stream|[of] p2a: Hippowdon
|
|-weather|Sandstorm|[upkeep]
|-damage|p1a: Zeraora|82/100|[from] Sandstorm
|-heal|p2a: Hippowdon|54/100|[from] item: Leftovers
|upkeep
|turn|16
|
|t:|1598391831
|move|p1a: Zeraora|Grass Knot|p2a: Hippowdon
|-supereffective|p2a: Hippowdon
|-damage|p2a: Hippowdon|6/100
|move|p2a: Hippowdon|Slack Off|p2a: Hippowdon
|-heal|p2a: Hippowdon|56/100
|
|-weather|Sandstorm|[upkeep]
|-damage|p1a: Zeraora|76/100|[from] Sandstorm
|-heal|p2a: Hippowdon|62/100|[from] item: Leftovers
|upkeep
|turn|17
|j| Piyush21
|j| atha
|
|t:|1598391837
|switch|p1a: Pelipper|Pelipper, F|76/100 tox
|-weather|RainDance|[from] ability: Drizzle|[of] p1a: Pelipper
|move|p2a: Hippowdon|Slack Off|p2a: Hippowdon
|-heal|p2a: Hippowdon|100/100
|
|-weather|RainDance|[upkeep]
|-damage|p1a: Pelipper|70/100 tox|[from] psn
|upkeep
|turn|18
|j| lt73iu V
|l| lt73iu V
|
|t:|1598391846
|switch|p2a: Toxapex|Toxapex, M|81/100
|move|p1a: Pelipper|Weather Ball|p2a: Toxapex
|-resisted|p2a: Toxapex
|-damage|p2a: Toxapex|40/100
|
|-weather|RainDance|[upkeep]
|-damage|p1a: Pelipper|58/100 tox|[from] psn
|upkeep
|turn|19
|
|t:|1598391852
|switch|p1a: Urshifu|Urshifu-Rapid-Strike, F|100/100
|-damage|p1a: Urshifu|88/100|[from] Spikes
|switch|p2a: Urshifu|Urshifu-Rapid-Strike, M|100/100
|
|-weather|RainDance|[upkeep]
|upkeep
|turn|20
|j| LT73IU Kappucci
|
|t:|1598391859
|move|p1a: Urshifu|U-turn|p2a: Urshifu
|-resisted|p2a: Urshifu
|-damage|p2a: Urshifu|86/100
|
|t:|1598391863
|switch|p1a: Toxapex|Toxapex, M|100/100|[from]move: U-turn
|-damage|p1a: Toxapex|88/100|[from] Spikes
|move|p2a: Urshifu|Close Combat|p1a: Toxapex
|-resisted|p1a: Toxapex
|-damage|p1a: Toxapex|52/100
|-unboost|p2a: Urshifu|def|1
|-unboost|p2a: Urshifu|spd|1
|-damage|p2a: Urshifu|70/100|[from] item: Rocky Helmet|[of] p1a: Toxapex
|
|-weather|RainDance|[upkeep]
|upkeep
|turn|21
|
|t:|1598391870
|switch|p2a: Toxapex|Toxapex, M|73/100
|move|p1a: Toxapex|Scald|p2a: Toxapex
|-resisted|p2a: Toxapex
|-damage|p2a: Toxapex|63/100
|
|-weather|none
|upkeep
|turn|22
|j| Waveshaper
|
|t:|1598391875
|switch|p1a: Tangrowth|Tangrowth, F|73/100 brn
|-damage|p1a: Tangrowth|60/100 brn|[from] Spikes
|switch|p2a: Clefable|Clefable, M|95/100
|
|-damage|p1a: Tangrowth|54/100 brn|[from] brn
|upkeep
|turn|23
|
|t:|1598391879
|switch|p1a: Excadrill|Excadrill, F|90/100
|-damage|p1a: Excadrill|78/100|[from] Spikes
|-ability|p1a: Excadrill|Mold Breaker
|move|p2a: Clefable|Moonblast|p1a: Excadrill
|-resisted|p1a: Excadrill
|-damage|p1a: Excadrill|62/100
|-unboost|p1a: Excadrill|spa|1
|
|-heal|p1a: Excadrill|68/100|[from] item: Leftovers
|upkeep
|turn|24
|j| LT73IUyovandormait
|j| egalvanc
|
|t:|1598391882
|switch|p2a: Hippowdon|Hippowdon, M|100/100
|-weather|Sandstorm|[from] ability: Sand Stream|[of] p2a: Hippowdon
|move|p1a: Excadrill|Rapid Spin|p2a: Hippowdon
|-damage|p2a: Hippowdon|89/100
|-boost|p1a: Excadrill|spe|1
|-sideend|p1: Rorschach I|Spikes|[from] move: Rapid Spin|[of] p1a: Excadrill
|
|-weather|Sandstorm|[upkeep]
|-heal|p1a: Excadrill|74/100|[from] item: Leftovers
|-heal|p2a: Hippowdon|95/100|[from] item: Leftovers
|upkeep
|turn|25
|
|t:|1598391885
|switch|p1a: Pelipper|Pelipper, F|58/100 tox
|-weather|RainDance|[from] ability: Drizzle|[of] p1a: Pelipper
|move|p2a: Hippowdon|Earthquake|p1a: Pelipper
|-immune|p1a: Pelipper
|
|-weather|RainDance|[upkeep]
|-heal|p2a: Hippowdon|100/100|[from] item: Leftovers
|-damage|p1a: Pelipper|51/100 tox|[from] psn
|upkeep
|turn|26
|l| LT73IUyovandormait
|
|t:|1598391890
|switch|p2a: Toxapex|Toxapex, M|97/100
|move|p1a: Pelipper|Hurricane|p2a: Toxapex
|-damage|p2a: Toxapex|37/100
|
|-weather|RainDance|[upkeep]
|-damage|p1a: Pelipper|39/100 tox|[from] psn
|upkeep
|turn|27
|j|+Sacri'
|
|t:|1598391900
|switch|p1a: Urshifu|Urshifu-Rapid-Strike, F|88/100
|switch|p2a: Hippowdon|Hippowdon, M|100/100
|-weather|Sandstorm|[from] ability: Sand Stream|[of] p2a: Hippowdon
|
|-weather|Sandstorm|[upkeep]
|-damage|p1a: Urshifu|82/100|[from] Sandstorm
|upkeep
|turn|28
|j|+ShootingStarmie
|
|t:|1598391909
|switch|p2a: Skarmory|Skarmory, M|91/100 slp
|move|p1a: Urshifu|U-turn|p2a: Skarmory
|-resisted|p2a: Skarmory
|-crit|p2a: Skarmory
|-damage|p2a: Skarmory|85/100 slp
|-damage|p1a: Urshifu|66/100|[from] item: Rocky Helmet|[of] p2a: Skarmory
|
|t:|1598391913
|switch|p1a: Zeraora|Zeraora|76/100|[from]move: U-turn
|
|-weather|Sandstorm|[upkeep]
|-damage|p1a: Zeraora|70/100|[from] Sandstorm
|upkeep
|turn|29
|
|t:|1598391920
|switch|p2a: Clefable|Clefable, M|95/100
|move|p1a: Zeraora|Grass Knot|p2a: Clefable
|-damage|p2a: Clefable|78/100
|
|-weather|Sandstorm|[upkeep]
|-damage|p1a: Zeraora|64/100|[from] Sandstorm
|upkeep
|turn|30
|j| SanJl
|j| mannyth
|
|t:|1598391923
|switch|p2a: Hippowdon|Hippowdon, M|100/100
|move|p1a: Zeraora|Volt Switch|p2a: Hippowdon
|-immune|p2a: Hippowdon
|
|-weather|Sandstorm|[upkeep]
|-damage|p1a: Zeraora|58/100|[from] Sandstorm
|upkeep
|turn|31
|j| Swaggy Fuccboi
|j| samqian
|inactive|Battle timer is ON: inactive players will automatically lose when time's up. (requested by LT73IU Cora)
|j| cypherstest
|
|t:|1598391937
|switch|p1a: Tangrowth|Tangrowth, F|87/100 brn
|move|p2a: Hippowdon|Stealth Rock|p1a: Tangrowth
|-sidestart|p1: Rorschach I|move: Stealth Rock
|
|-weather|none
|-damage|p1a: Tangrowth|81/100 brn|[from] brn
|upkeep
|turn|32
|j| LT73IU Hydreigon
|-message|Rorschach I forfeited.
|
|win|LT73IU Cora
|l|☆Rorschach I
|l| meat lockers
|l| mannyth
|l| Not Sean Hannity
|l| SanJl
|l|☆LT73IU Cora
|l| atha
|j| atha
|l| Waveshaper
|l| atha
|l|+Sacri'
|l| Zachary07
||Ladder (probably) updated, but score could not be retrieved (Request timeout).
|l| Arhetti
|j| lt73iu leo
|j| leaftowind ͜..
|l| cypherstest
|j| LT73IU INSULT
|l| samqian
|l| Livio ElTito
|j| Tace
|l| Piyush21
|l| Tace
|j| Piyush21
|l| Piyush21
|l| leaftowind ͜..
|j| LT73IU Sagiri
|j| Wail Wailord
|l| LT73IU Sagiri
|l| Wail Wailord
|l| LT73IU Kappucci
|l| LT73IU INSULT
|l| storm zone
|l|+Jordy
|l| Swaggy Fuccboi
|l| BROTHAOPTIONS
|l| Song Of Spirit
|j| Song Of Spirit
|l| Song Of Spirit
|l| LT73IU Hydreigon
|j| Boulicrok
|l| Boulicrok
|l| lt73iu leo
|j| Cookieco
|l| Cookieco
