|html|<div class="broadcast-blue"><strong>[Gen 8] OU is currently suspecting Melmetal! For information on how to participate check out the <a href="https://www.smogon.com/forums/threads/np-ss-ou-suspect-process-round-12-monster-mash.3709234/">suspect thread</a>.</strong></div>
|j|☆cows123p
|j|☆Geenobe
|t:|1666253121
|gametype|singles
|player|p1|cows123p|twins-gen4dp|1490
|player|p2|Geenobe|101|1666
|teamsize|p1|6
|teamsize|p2|6
|gen|8
|tier|[Gen 8] OU
|rated|
|rule|Sleep Clause Mod: Limit one foe put to sleep
|rule|Species Clause: Limit one of each Pokémon
|rule|OHKO Clause: OHKO moves are banned
|rule|Evasion Items Clause: Evasion items are banned
|rule|Evasion Moves Clause: Evasion moves are banned
|rule|Endless Battle Clause: Forcing endless battles is banned
|rule|HP Percentage Mod: HP is shown in percentages
|rule|Dynamax Clause: You cannot dynamax
|clearpoke
|poke|p1|Diggersby, F|
|poke|p1|Tapu Lele|
|poke|p1|Ribombee, M|
|poke|p1|Urshifu-*, F|
|poke|p1|Heatran, M|
|poke|p1|Kartana|
|poke|p2|Salamence, F|
|poke|p2|Magnezone|
|poke|p2|Landorus-Therian, M|
|poke|p2|Toxapex, F|
|poke|p2|Tapu Lele|
|poke|p2|Weavile, F|
|teampreview
|
|t:|1666253154
|start
|switch|p1a: Ribombee|Ribombee, M|100/100
|switch|p2a: Magnezone|Magnezone|100/100
|-item|p2a: Magnezone|Air Balloon
|turn|1
|
|t:|1666253170
|move|p1a: Ribombee|Sticky Web|p2a: Magnezone
|-sidestart|p2: Geenobe|move: Sticky Web
|move|p2a: Magnezone|Thunderbolt|p1a: Ribombee
|-damage|p1a: Ribombee|46/100
|
|upkeep
|turn|2
|inactive|Battle timer is ON: inactive players will automatically lose when time's up. (requested by Geenobe)
|
|t:|1666253174
|move|p1a: Ribombee|Moonblast|p2a: Magnezone
|-resisted|p2a: Magnezone
|-damage|p2a: Magnezone|78/100
|-enditem|p2a: Magnezone|Air Balloon
|move|p2a: Magnezone|Thunderbolt|p1a: Ribombee
|-damage|p1a: Ribombee|0 fnt
|faint|p1a: Ribombee
|
|upkeep
|
|t:|1666253182
|switch|p1a: Heatran|Heatran, M|100/100
|turn|3
|
|t:|1666253185
|move|p1a: Heatran|Eruption|p2a: Magnezone
|-supereffective|p2a: Magnezone
|-damage|p2a: Magnezone|0 fnt
|faint|p2a: Magnezone
|
|upkeep
|
|t:|1666253193
|switch|p2a: Toxapex|Toxapex, F|100/100
|-activate|p2a: Toxapex|move: Sticky Web
|-unboost|p2a: Toxapex|spe|1
|turn|4
|
|t:|1666253197
|move|p1a: Heatran|Earth Power|p2a: Toxapex
|-supereffective|p2a: Toxapex
|-damage|p2a: Toxapex|48/100
|-enditem|p2a: Toxapex|Eject Button
|
|t:|1666253203
|switch|p2a: Salamence|Salamence, F|100/100
|
|upkeep
|turn|5
|
|t:|1666253208
|switch|p1a: Tapu Lele|Tapu Lele|100/100
|-fieldstart|move: Psychic Terrain|[from] ability: Psychic Surge|[of] p1a: Tapu Lele
|move|p2a: Salamence|Earthquake|p1a: Tapu Lele
|-damage|p1a: Tapu Lele|49/100
|
|upkeep
|turn|6
|
|t:|1666253220
|switch|p2a: Toxapex|Toxapex, F|82/100
|-activate|p2a: Toxapex|move: Sticky Web
|-unboost|p2a: Toxapex|spe|1
|move|p1a: Tapu Lele|Psychic|p2a: Toxapex
|-supereffective|p2a: Toxapex
|-damage|p2a: Toxapex|0 fnt
|faint|p2a: Toxapex
|
|upkeep
|
|t:|1666253222
|switch|p2a: Weavile|Weavile, F|100/100
|-ability|p2a: Weavile|Pressure
|turn|7
|
|t:|1666253232
|switch|p2a: Salamence|Salamence, F|100/100
|switch|p1a: Heatran|Heatran, M|100/100
|
|upkeep
|turn|8
|
|t:|1666253237
|move|p2a: Salamence|Substitute|p2a: Salamence
|-start|p2a: Salamence|Substitute
|-damage|p2a: Salamence|76/100
|move|p1a: Heatran|Eruption|p2a: Salamence
|-resisted|p2a: Salamence
|-end|p2a: Salamence|Substitute
|
|-heal|p2a: Salamence|82/100|[from] item: Leftovers
|upkeep
|turn|9
|
|t:|1666253244
|move|p2a: Salamence|Earthquake|p1a: Heatran
|-supereffective|p1a: Heatran
|-damage|p1a: Heatran|0 fnt
|faint|p1a: Heatran
|-ability|p2a: Salamence|Moxie|boost
|-boost|p2a: Salamence|atk|1
|
|-heal|p2a: Salamence|88/100|[from] item: Leftovers
|-fieldend|move: Psychic Terrain
|upkeep
|
|t:|1666253252
|switch|p1a: Tapu Lele|Tapu Lele|49/100
|-fieldstart|move: Psychic Terrain|[from] ability: Psychic Surge|[of] p1a: Tapu Lele
|turn|10
|
|t:|1666253257
|switch|p2a: Tapu Lele|Tapu Lele|100/100
|-activate|p2a: Tapu Lele|move: Sticky Web
|-unboost|p2a: Tapu Lele|spe|1
|move|p1a: Tapu Lele|Moonblast|p2a: Tapu Lele
|-damage|p2a: Tapu Lele|18/100
|
|upkeep
|turn|11
|
|t:|1666253265
|move|p1a: Tapu Lele|Moonblast|p2a: Tapu Lele
|-damage|p2a: Tapu Lele|0 fnt
|faint|p2a: Tapu Lele
|
|upkeep
|
|t:|1666253271
|switch|p2a: Landorus|Landorus-Therian, M, shiny|100/100
|-ability|p2a: Landorus|Intimidate|boost
|-unboost|p1a: Tapu Lele|atk|1
|turn|12
|
|t:|1666253280
|move|p1a: Tapu Lele|Moonblast|p2a: Landorus
|-damage|p2a: Landorus|46/100
|move|p2a: Landorus|U-turn|p1a: Tapu Lele
|-damage|p1a: Tapu Lele|16/100
|
|t:|1666253290
|switch|p2a: Salamence|Salamence, F|88/100|[from]move: U-turn
|
|-heal|p2a: Salamence|94/100|[from] item: Leftovers
|upkeep
|turn|13
|
|t:|1666253306
|switch|p2a: Weavile|Weavile, F|100/100
|-ability|p2a: Weavile|Pressure
|move|p1a: Tapu Lele|Moonblast|p2a: Weavile
|-supereffective|p2a: Weavile
|-damage|p2a: Weavile|0 fnt
|faint|p2a: Weavile
|
|upkeep
|-message|Geenobe forfeited.
|
|win|cows123p
|raw|cows123p's rating: 1490 &rarr; <strong>1519</strong><br />(+29 for winning)
|raw|Geenobe's rating: 1666 &rarr; <strong>1637</strong><br />(-29 for losing)
|l|☆Geenobe
|c|☆cows123p|bro
