|html|<div class="broadcast-blue"><strong>[Gen 8] OU is currently suspecting Melmetal! For information on how to participate check out the <a href="https://www.smogon.com/forums/threads/np-ss-ou-suspect-process-round-12-monster-mash.3709234/">suspect thread</a>.</strong></div>
|j|☆minimax_ai
|j|☆samohi0
|t:|1665965730
|gametype|singles
|player|p1|minimax_ai|lusamine-nihilego|1568
|player|p2|samohi0|101|1604
|teamsize|p1|6
|teamsize|p2|6
|gen|8
|tier|[Gen 8] OU
|rated|
|rule|Sleep Clause Mod: Limit one foe put to sleep
|rule|Species Clause: Limit one of each Pokémon
|rule|OHKO Clause: OHKO moves are banned
|rule|Evasion Items Clause: Evasion items are banned
|rule|Evasion Moves Clause: Evasion moves are banned
|rule|Endless Battle Clause: Forcing endless battles is banned
|rule|HP Percentage Mod: HP is shown in percentages
|rule|Dynamax Clause: You cannot dynamax
|clearpoke
|poke|p1|Rotom-Wash|
|poke|p1|Weavile, M|
|poke|p1|Landorus-Therian, M|
|poke|p1|Heatran, M|
|poke|p1|Tangrowth, M|
|poke|p1|Melmetal|
|poke|p2|Slowking-Galar, M|
|poke|p2|Keldeo-Resolute|
|poke|p2|Corviknight, F|
|poke|p2|Garchomp, M|
|poke|p2|Clefable, M|
|poke|p2|Volcarona, M|
|teampreview
|c|☆minimax_ai|hf
|inactive|Battle timer is ON: inactive players will automatically lose when time's up. (requested by minimax_ai)
|
|t:|1665965741
|start
|switch|p1a: rotomwash|Rotom-Wash|100/100
|switch|p2a: Slowking|Slowking-Galar, M|100/100
|turn|1
|
|t:|1665965743
|move|p1a: rotomwash|Nasty Plot|p1a: rotomwash
|-boost|p1a: rotomwash|spa|2
|move|p2a: Slowking|Future Sight|p1a: rotomwash
|-start|p2a: Slowking|move: Future Sight
|
|upkeep
|turn|2
|
|t:|1665965744
|switch|p1a: Melmetal|Melmetal|100/100
|move|p2a: Slowking|Sludge Bomb|p1a: Melmetal
|-immune|p1a: Melmetal
|
|upkeep
|turn|3
|
|t:|1665965748
|switch|p2a: Volcarona|Volcarona, M|100/100
|move|p1a: Melmetal|Double Iron Bash|p2a: Volcarona
|-resisted|p2a: Volcarona
|-crit|p2a: Volcarona
|-damage|p2a: Volcarona|70/100
|-resisted|p2a: Volcarona
|-damage|p2a: Volcarona|49/100
|-status|p1a: Melmetal|brn|[from] ability: Flame Body|[of] p2a: Volcarona
|-hitcount|p2a: Volcarona|2
|
|-end|p1a: Melmetal|move: Future Sight
|-resisted|p1a: Melmetal
|-damage|p1a: Melmetal|86/100 brn
|-damage|p1a: Melmetal|80/100 brn|[from] brn
|upkeep
|turn|4
|
|t:|1665965753
|switch|p1a: landorustherian|Landorus-Therian, M|100/100
|-ability|p1a: landorustherian|Intimidate|boost
|-unboost|p2a: Volcarona|atk|1
|move|p2a: Volcarona|Roost|p2a: Volcarona
|-heal|p2a: Volcarona|99/100
|-singleturn|p2a: Volcarona|move: Roost
|
|upkeep
|turn|5
|
|t:|1665965756
|move|p2a: Volcarona|Fiery Dance|p1a: landorustherian
|-damage|p1a: landorustherian|75/100
|-boost|p2a: Volcarona|spa|1
|move|p1a: landorustherian|Earthquake|p2a: Volcarona
|-damage|p2a: Volcarona|46/100
|
|-heal|p1a: landorustherian|81/100|[from] item: Leftovers
|upkeep
|turn|6
|
|t:|1665965762
|move|p2a: Volcarona|Fiery Dance|p1a: landorustherian
|-damage|p1a: landorustherian|37/100
|-boost|p2a: Volcarona|spa|1
|move|p1a: landorustherian|Earthquake|p2a: Volcarona
|-damage|p2a: Volcarona|0 fnt
|faint|p2a: Volcarona
|
|-heal|p1a: landorustherian|43/100|[from] item: Leftovers
|upkeep
|
|t:|1665965775
|switch|p2a: Keldeo|Keldeo-Resolute|100/100
|turn|7
|
|t:|1665965777
|switch|p2a: Slowking|Slowking-Galar, M|100/100
|switch|p1a: Melmetal|Melmetal|80/100 brn
|
|-damage|p1a: Melmetal|74/100 brn|[from] brn
|upkeep
|turn|8
|
|t:|1665965780
|switch|p2a: Corviknight|Corviknight, F|100/100
|-ability|p2a: Corviknight|Pressure
|move|p1a: Melmetal|Earthquake|p2a: Corviknight
|-immune|p2a: Corviknight
|
|-damage|p1a: Melmetal|68/100 brn|[from] brn
|upkeep
|turn|9
|
|t:|1665965784
|switch|p1a: rotomwash|Rotom-Wash|100/100
|move|p2a: Corviknight|Body Press|p1a: rotomwash
|-damage|p1a: rotomwash|74/100
|
|-heal|p1a: rotomwash|80/100|[from] item: Leftovers
|upkeep
|turn|10
|
|t:|1665965786
|move|p1a: rotomwash|Nasty Plot|p1a: rotomwash
|-boost|p1a: rotomwash|spa|2
|move|p2a: Corviknight|U-turn|p1a: rotomwash
|-damage|p1a: rotomwash|65/100
|
|t:|1665965789
|switch|p2a: Slowking|Slowking-Galar, M|100/100|[from]move: U-turn
|
|-heal|p1a: rotomwash|71/100|[from] item: Leftovers
|upkeep
|turn|11
|
|t:|1665965791
|move|p1a: rotomwash|Nasty Plot|p1a: rotomwash
|-boost|p1a: rotomwash|spa|2
|move|p2a: Slowking|Sludge Bomb|p1a: rotomwash
|-damage|p1a: rotomwash|32/100
|
|-heal|p1a: rotomwash|39/100|[from] item: Leftovers
|upkeep
|turn|12
|
|t:|1665965792
|move|p1a: rotomwash|Pain Split|p2a: Slowking
|-sethp|p2a: Slowking|65/100|[from] move: Pain Split|[silent]
|-sethp|p1a: rotomwash|84/100|[from] move: Pain Split
|move|p2a: Slowking|Sludge Bomb|p1a: rotomwash
|-damage|p1a: rotomwash|45/100
|
|-heal|p1a: rotomwash|51/100|[from] item: Leftovers
|upkeep
|turn|13
|
|t:|1665965794
|move|p1a: rotomwash|Pain Split|p2a: Slowking
|-sethp|p2a: Slowking|52/100|[from] move: Pain Split|[silent]
|-sethp|p1a: rotomwash|68/100|[from] move: Pain Split
|move|p2a: Slowking|Future Sight|p1a: rotomwash
|-start|p2a: Slowking|move: Future Sight
|
|-heal|p1a: rotomwash|74/100|[from] item: Leftovers
|upkeep
|turn|14
|
|t:|1665965796
|switch|p1a: Melmetal|Melmetal|68/100 brn
|move|p2a: Slowking|Sludge Bomb|p1a: Melmetal
|-immune|p1a: Melmetal
|
|-damage|p1a: Melmetal|62/100 brn|[from] brn
|upkeep
|turn|15
|
|t:|1665965798
|switch|p2a: Corviknight|Corviknight, F|100/100
|-ability|p2a: Corviknight|Pressure
|move|p1a: Melmetal|Double Iron Bash|p2a: Corviknight
|-resisted|p2a: Corviknight
|-damage|p2a: Corviknight|94/100
|-resisted|p2a: Corviknight
|-damage|p2a: Corviknight|88/100
|-hitcount|p2a: Corviknight|2
|
|-end|p1a: Melmetal|move: Future Sight
|-resisted|p1a: Melmetal
|-damage|p1a: Melmetal|48/100 brn
|-heal|p2a: Corviknight|94/100|[from] item: Leftovers
|-damage|p1a: Melmetal|42/100 brn|[from] brn
|upkeep
|turn|16
|
|t:|1665965801
|switch|p1a: rotomwash|Rotom-Wash|74/100
|move|p2a: Corviknight|U-turn|p1a: rotomwash
|-damage|p1a: rotomwash|57/100
|
|t:|1665965804
|switch|p2a: Garchomp|Garchomp, M|100/100|[from]move: U-turn
|
|-heal|p1a: rotomwash|63/100|[from] item: Leftovers
|upkeep
|turn|17
|
|t:|1665965807
|move|p2a: Garchomp|Dragon Claw|p1a: rotomwash
|-crit|p1a: rotomwash
|-damage|p1a: rotomwash|0 fnt
|faint|p1a: rotomwash
|
|upkeep
|
|t:|1665965807
|switch|p1a: Weavile|Weavile, M|100/100
|-ability|p1a: Weavile|Pressure
|turn|18
|
|t:|1665965810
|switch|p2a: Clefable|Clefable, M|100/100
|move|p1a: Weavile|Triple Axel|p2a: Clefable
|-damage|p2a: Clefable|88/100
|-damage|p2a: Clefable|62/100
|-damage|p2a: Clefable|23/100
|-hitcount|p2a: Clefable|3
|
|-heal|p2a: Clefable|29/100|[from] item: Leftovers
|upkeep
|turn|19
|
|t:|1665965813
|switch|p2a: Corviknight|Corviknight, F|94/100
|-ability|p2a: Corviknight|Pressure
|move|p1a: Weavile|Triple Axel|p2a: Corviknight
|-damage|p2a: Corviknight|84/100
|-damage|p2a: Corviknight|65/100
|-damage|p2a: Corviknight|35/100
|-hitcount|p2a: Corviknight|3
|
|-heal|p2a: Corviknight|42/100|[from] item: Leftovers
|upkeep
|turn|20
|
|t:|1665965814
|move|p1a: Weavile|Triple Axel|p2a: Corviknight
|-damage|p2a: Corviknight|32/100
|-damage|p2a: Corviknight|11/100
|-damage|p2a: Corviknight|0 fnt
|faint|p2a: Corviknight
|-hitcount|p2: Corviknight|3
|
|upkeep
|
|t:|1665965816
|switch|p2a: Keldeo|Keldeo-Resolute|100/100
|turn|21
|
|t:|1665965817
|switch|p1a: Melmetal|Melmetal|42/100 brn
|move|p2a: Keldeo|Substitute|p2a: Keldeo
|-start|p2a: Keldeo|Substitute
|-damage|p2a: Keldeo|76/100
|
|-heal|p2a: Keldeo|82/100|[from] item: Leftovers
|-damage|p1a: Melmetal|36/100 brn|[from] brn
|upkeep
|turn|22
|j| monkaSaur
|
|t:|1665965819
|move|p2a: Keldeo|Calm Mind|p2a: Keldeo
|-boost|p2a: Keldeo|spa|1
|-boost|p2a: Keldeo|spd|1
|move|p1a: Melmetal|Thunder Punch|p2a: Keldeo
|-supereffective|p2a: Keldeo
|-end|p2a: Keldeo|Substitute
|
|-heal|p2a: Keldeo|88/100|[from] item: Leftovers
|-damage|p1a: Melmetal|30/100 brn|[from] brn
|upkeep
|turn|23
|
|t:|1665965825
|move|p2a: Keldeo|Secret Sword|p1a: Melmetal
|-supereffective|p1a: Melmetal
|-damage|p1a: Melmetal|0 fnt
|faint|p1a: Melmetal
|
|-heal|p2a: Keldeo|94/100|[from] item: Leftovers
|upkeep
|
|t:|1665965825
|switch|p1a: Tangrowth|Tangrowth, M|100/100
|turn|24
|
|t:|1665965828
|move|p2a: Keldeo|Substitute|p2a: Keldeo
|-start|p2a: Keldeo|Substitute
|-damage|p2a: Keldeo|70/100
|move|p1a: Tangrowth|Giga Drain|p2a: Keldeo
|-supereffective|p2a: Keldeo
|-end|p2a: Keldeo|Substitute
|
|-heal|p2a: Keldeo|76/100|[from] item: Leftovers
|upkeep
|turn|25
|
|t:|1665965829
|move|p2a: Keldeo|Calm Mind|p2a: Keldeo
|-boost|p2a: Keldeo|spa|1
|-boost|p2a: Keldeo|spd|1
|move|p1a: Tangrowth|Giga Drain|p2a: Keldeo
|-supereffective|p2a: Keldeo
|-damage|p2a: Keldeo|44/100
|
|-heal|p2a: Keldeo|50/100|[from] item: Leftovers
|upkeep
|turn|26
|
|t:|1665965834
|move|p2a: Keldeo|Scald|p1a: Tangrowth
|-resisted|p1a: Tangrowth
|-damage|p1a: Tangrowth|41/100
|move|p1a: Tangrowth|Sleep Powder|p2a: Keldeo|[miss]
|-miss|p1a: Tangrowth|p2a: Keldeo
|
|-heal|p2a: Keldeo|56/100|[from] item: Leftovers
|upkeep
|turn|27
|
|t:|1665965839
|switch|p1a: landorustherian|Landorus-Therian, M|43/100
|-ability|p1a: landorustherian|Intimidate|boost
|-unboost|p2a: Keldeo|atk|1
|move|p2a: Keldeo|Scald|p1a: landorustherian
|-supereffective|p1a: landorustherian
|-damage|p1a: landorustherian|0 fnt
|faint|p1a: landorustherian
|
|-heal|p2a: Keldeo|62/100|[from] item: Leftovers
|upkeep
|
|t:|1665965839
|switch|p1a: Tangrowth|Tangrowth, M|74/100
|turn|28
|
|t:|1665965842
|move|p2a: Keldeo|Calm Mind|p2a: Keldeo
|-boost|p2a: Keldeo|spa|1
|-boost|p2a: Keldeo|spd|1
|move|p1a: Tangrowth|Sleep Powder|p2a: Keldeo
|-status|p2a: Keldeo|slp|[from] move: Sleep Powder
|
|-heal|p2a: Keldeo|68/100 slp|[from] item: Leftovers
|upkeep
|turn|29
|
|t:|1665965846
|cant|p2a: Keldeo|slp
|move|p1a: Tangrowth|Giga Drain|p2a: Keldeo
|-supereffective|p2a: Keldeo
|-damage|p2a: Keldeo|44/100 slp
|-heal|p1a: Tangrowth|84/100|[from] drain|[of] p2a: Keldeo
|
|-heal|p2a: Keldeo|50/100 slp|[from] item: Leftovers
|upkeep
|turn|30
|
|t:|1665965848
|cant|p2a: Keldeo|slp
|move|p1a: Tangrowth|Giga Drain|p2a: Keldeo
|-supereffective|p2a: Keldeo
|-damage|p2a: Keldeo|21/100 slp
|-heal|p1a: Tangrowth|95/100|[from] drain|[of] p2a: Keldeo
|
|-heal|p2a: Keldeo|27/100 slp|[from] item: Leftovers
|upkeep
|turn|31
|
|t:|1665965849
|switch|p1a: Weavile|Weavile, M|100/100
|-ability|p1a: Weavile|Pressure
|cant|p2a: Keldeo|slp
|
|-heal|p2a: Keldeo|34/100 slp|[from] item: Leftovers
|upkeep
|turn|32
|
|t:|1665965852
|move|p1a: Weavile|Triple Axel|p2a: Keldeo
|-resisted|p2a: Keldeo
|-damage|p2a: Keldeo|25/100 slp
|-resisted|p2a: Keldeo
|-damage|p2a: Keldeo|8/100 slp
|-resisted|p2a: Keldeo
|-damage|p2a: Keldeo|0 fnt
|faint|p2a: Keldeo
|-hitcount|p2: Keldeo|3
|
|upkeep
|
|t:|1665965855
|switch|p2a: Garchomp|Garchomp, M|100/100
|turn|33
|
|t:|1665965858
|switch|p2a: Slowking|Slowking-Galar, M|86/100
|switch|p1a: Heatran|Heatran, M|100/100
|-item|p1a: Heatran|Air Balloon
|
|upkeep
|turn|34
|
|t:|1665965860
|move|p1a: Heatran|Magma Storm|p2a: Slowking|[miss]
|-miss|p1a: Heatran|p2a: Slowking
|move|p2a: Slowking|Scald|p1a: Heatran
|-supereffective|p1a: Heatran
|-damage|p1a: Heatran|58/100
|-enditem|p1a: Heatran|Air Balloon
|
|upkeep
|turn|35
|
|t:|1665965862
|switch|p1a: Weavile|Weavile, M|100/100
|-ability|p1a: Weavile|Pressure
|move|p2a: Slowking|Scald|p1a: Weavile
|-damage|p1a: Weavile|69/100
|
|upkeep
|turn|36
|
|t:|1665965864
|switch|p2a: Clefable|Clefable, M|29/100
|move|p1a: Weavile|Knock Off|p2a: Clefable
|-resisted|p2a: Clefable
|-damage|p2a: Clefable|0 fnt
|-enditem|p2a: Clefable|Leftovers|[from] move: Knock Off|[of] p1a: Weavile
|faint|p2a: Clefable
|
|upkeep
|
|t:|1665965866
|switch|p2a: Garchomp|Garchomp, M|100/100
|turn|37
|
|t:|1665965868
|switch|p2a: Slowking|Slowking-Galar, M|100/100
|switch|p1a: Tangrowth|Tangrowth, M|100/100
|
|upkeep
|turn|38
|
|t:|1665965870
|switch|p1a: Heatran|Heatran, M|58/100
|move|p2a: Slowking|Sludge Bomb|p1a: Heatran
|-immune|p1a: Heatran
|
|upkeep
|turn|39
|
|t:|1665965872
|move|p1a: Heatran|Magma Storm|p2a: Slowking
|-damage|p2a: Slowking|76/100
|-activate|p2a: Slowking|move: Magma Storm|[of] p1a: Heatran
|move|p2a: Slowking|Future Sight|p1a: Heatran
|-start|p2a: Slowking|move: Future Sight
|
|-damage|p2a: Slowking|64/100|[from] move: Magma Storm|[partiallytrapped]
|upkeep
|turn|40
|
|t:|1665965873
|move|p1a: Heatran|Magma Storm|p2a: Slowking
|-damage|p2a: Slowking|39/100
|move|p2a: Slowking|Scald|p1a: Heatran
|-supereffective|p1a: Heatran
|-damage|p1a: Heatran|14/100
|
|-damage|p2a: Slowking|27/100|[from] move: Magma Storm|[partiallytrapped]
|upkeep
|turn|41
|
|t:|1665965875
|move|p1a: Heatran|Earth Power|p2a: Slowking
|-supereffective|p2a: Slowking
|-damage|p2a: Slowking|1/100
|move|p2a: Slowking|Scald|p1a: Heatran
|-supereffective|p1a: Heatran
|-damage|p1a: Heatran|0 fnt
|faint|p1a: Heatran
|
|-hint|Future Sight did not hit because the target is fainted.
|-end|p2a: Slowking|Magma Storm|[partiallytrapped]|[silent]
|upkeep
|
|t:|1665965875
|switch|p1a: Weavile|Weavile, M|69/100
|-ability|p1a: Weavile|Pressure
|turn|42
|
|t:|1665965877
|move|p1a: Weavile|Ice Shard|p2a: Slowking
|-damage|p2a: Slowking|0 fnt
|faint|p2a: Slowking
|
|upkeep
|
|t:|1665965879
|switch|p2a: Garchomp|Garchomp, M|100/100
|turn|43
|
|t:|1665965880
|move|p1a: Weavile|Ice Shard|p2a: Garchomp
|-supereffective|p2a: Garchomp
|-damage|p2a: Garchomp|0 fnt
|faint|p2a: Garchomp
|
|win|minimax_ai
|raw|minimax_ai's rating: 1568 &rarr; <strong>1590</strong><br />(+22 for winning)
|raw|samohi0's rating: 1604 &rarr; <strong>1582</strong><br />(-22 for losing)
|c|☆minimax_ai|gg
