|j|☆FairyGod2021
|j|☆Mamaw31180
|t:|1613859260
|player|p1|FairyGod2021|preschooler|1736
|player|p2|Mamaw31180|169|1720
|teamsize|p1|6
|teamsize|p2|6
|gametype|singles
|gen|8
|tier|[Gen 8] OU
|rated|
|clearpoke
|poke|p1|Ferrothorn, M|
|poke|p1|Magearna-Original|
|poke|p1|Slowbro, F|
|poke|p1|Dragapult, F|
|poke|p1|Landorus-Therian, M|
|poke|p1|Heatran, M|
|poke|p2|Hawlucha, F|
|poke|p2|Tapu Koko|
|poke|p2|Ferrothorn, M|
|poke|p2|Cinderace, F|
|poke|p2|Landorus-Therian, M|
|poke|p2|Urshifu-*, F|
|rule|Sleep Clause Mod: Limit one foe put to sleep
|rule|Species Clause: Limit one of each Pokémon
|rule|OHKO Clause: OHKO moves are banned
|rule|Evasion Moves Clause: Evasion moves are banned
|rule|Endless Battle Clause: Forcing endless battles is banned
|rule|HP Percentage Mod: HP is shown in percentages
|rule|Dynamax Clause: You cannot dynamax
|teampreview
|inactive|Battle timer is ON: inactive players will automatically lose when time's up. (requested by FairyGod2021)
|j| Baldissera
|j| MatisXYZ
|l| Baldissera
|
|t:|1613859286
|start
|switch|p1a: Landorus|Landorus-Therian, M, shiny|100/100
|switch|p2a: Cinderace|Cinderace, F|100/100
|-ability|p1a: Landorus|Intimidate|boost
|-unboost|p2a: Cinderace|atk|1
|turn|1
|
|t:|1613859294
|switch|p2a: Landorus|Landorus-Therian, M|100/100
|-ability|p2a: Landorus|Intimidate|boost
|-unboost|p1a: Landorus|atk|1
|move|p1a: Landorus|Knock Off|p2a: Landorus
|-damage|p2a: Landorus|84/100
|-enditem|p2a: Landorus|Leftovers|[from] move: Knock Off|[of] p1a: Landorus
|
|upkeep
|turn|2
|
|t:|1613859301
|move|p2a: Landorus|Stealth Rock|p1a: Landorus
|-sidestart|p1: FairyGod2021|move: Stealth Rock
|move|p1a: Landorus|U-turn|p2a: Landorus
|-resisted|p2a: Landorus
|-damage|p2a: Landorus|78/100
|
|t:|1613859304
|switch|p1a: Dragapult|Dragapult, F|100/100|[from]move: U-turn
|-damage|p1a: Dragapult|88/100|[from] Stealth Rock
|
|upkeep
|turn|3
|
|t:|1613859307
|move|p1a: Dragapult|Draco Meteor|p2a: Landorus
|-damage|p2a: Landorus|0 fnt
|-unboost|p1a: Dragapult|spa|2
|faint|p2a: Landorus
|
|upkeep
|
|t:|1613859316
|switch|p2a: Cinderace|Cinderace, F|100/100
|turn|4
|
|t:|1613859321
|switch|p1a: Slowbro|Slowbro, F, shiny|100/100
|-damage|p1a: Slowbro|88/100|[from] Stealth Rock
|move|p2a: Cinderace|U-turn|p1a: Slowbro
|-start|p2a: Cinderace|typechange|Bug|[from] ability: Libero
|-supereffective|p1a: Slowbro
|-damage|p1a: Slowbro|46/100
|-damage|p2a: Cinderace|84/100|[from] item: Rocky Helmet|[of] p1a: Slowbro
|j| DreamyUwU
|
|t:|1613859326
|switch|p2a: Ferrothorn|Ferrothorn, M|100/100|[from]move: U-turn
|
|upkeep
|turn|5
|
|t:|1613859336
|switch|p1a: Ferrothorn|Ferrothorn, M|100/100
|-damage|p1a: Ferrothorn|94/100|[from] Stealth Rock
|move|p2a: Ferrothorn|Knock Off|p1a: Ferrothorn
|-damage|p1a: Ferrothorn|77/100
|-damage|p2a: Ferrothorn|88/100|[from] ability: Iron Barbs|[of] p1a: Ferrothorn
|-enditem|p1a: Ferrothorn|Leftovers|[from] move: Knock Off|[of] p2a: Ferrothorn
|
|-heal|p2a: Ferrothorn|94/100|[from] item: Leftovers
|upkeep
|turn|6
|
|t:|1613859340
|move|p2a: Ferrothorn|Thunder Wave|p1a: Ferrothorn
|-status|p1a: Ferrothorn|par
|move|p1a: Ferrothorn|Thunder Wave|p2a: Ferrothorn
|-status|p2a: Ferrothorn|par
|
|-heal|p2a: Ferrothorn|100/100 par|[from] item: Leftovers
|upkeep
|turn|7
|
|t:|1613859343
|move|p2a: Ferrothorn|Spikes|p1a: Ferrothorn
|-sidestart|p1: FairyGod2021|Spikes
|move|p1a: Ferrothorn|Knock Off|p2a: Ferrothorn
|-damage|p2a: Ferrothorn|84/100 par
|-damage|p1a: Ferrothorn|65/100 par|[from] ability: Iron Barbs|[of] p2a: Ferrothorn
|-enditem|p2a: Ferrothorn|Leftovers|[from] move: Knock Off|[of] p1a: Ferrothorn
|
|upkeep
|turn|8
|
|t:|1613859347
|cant|p2a: Ferrothorn|par
|move|p1a: Ferrothorn|Knock Off|p2a: Ferrothorn
|-damage|p2a: Ferrothorn|74/100 par
|-damage|p1a: Ferrothorn|52/100 par|[from] ability: Iron Barbs|[of] p2a: Ferrothorn
|
|upkeep
|turn|9
|
|t:|1613859349
|move|p2a: Ferrothorn|Spikes|p1a: Ferrothorn
|-sidestart|p1: FairyGod2021|Spikes
|move|p1a: Ferrothorn|Knock Off|p2a: Ferrothorn
|-damage|p2a: Ferrothorn|63/100 par
|-damage|p1a: Ferrothorn|40/100 par|[from] ability: Iron Barbs|[of] p2a: Ferrothorn
|
|upkeep
|turn|10
|
|t:|1613859351
|switch|p1a: Landorus|Landorus-Therian, M, shiny|100/100
|-damage|p1a: Landorus|88/100|[from] Stealth Rock
|-ability|p1a: Landorus|Intimidate|boost
|-unboost|p2a: Ferrothorn|atk|1
|move|p2a: Ferrothorn|Spikes|p1a: Landorus
|-sidestart|p1: FairyGod2021|Spikes
|
|-heal|p1a: Landorus|94/100|[from] item: Leftovers
|upkeep
|turn|11
|
|t:|1613859357
|switch|p2a: Urshifu|Urshifu-Rapid-Strike, F|100/100
|move|p1a: Landorus|Defog|p2a: Urshifu
|-unboost|p2a: Urshifu|evasion|1
|-sideend|p1: FairyGod2021|Spikes|[from] move: Defog|[of] p1a: Landorus
|-sideend|p1: FairyGod2021|Stealth Rock|[from] move: Defog|[of] p1a: Landorus
|
|-heal|p1a: Landorus|99/100|[from] item: Leftovers
|upkeep
|turn|12
|
|t:|1613859364
|switch|p2a: Ferrothorn|Ferrothorn, M|63/100 par
|switch|p1a: Slowbro|Slowbro, F, shiny|80/100
|
|upkeep
|turn|13
|
|t:|1613859367
|move|p2a: Ferrothorn|Spikes|p1a: Slowbro
|-sidestart|p1: FairyGod2021|Spikes
|move|p1a: Slowbro|Teleport|p1a: Slowbro
|
|t:|1613859369
|switch|p1a: Heatran|Heatran, M, shiny|100/100|[from]move: Teleport
|-damage|p1a: Heatran|88/100|[from] Spikes
|
|-heal|p1a: Heatran|94/100|[from] item: Leftovers
|upkeep
|turn|14
|
|t:|1613859377
|switch|p2a: Urshifu|Urshifu-Rapid-Strike, F|100/100
|move|p1a: Heatran|Earth Power|p2a: Urshifu
|-damage|p2a: Urshifu|52/100
|
|-heal|p1a: Heatran|100/100|[from] item: Leftovers
|upkeep
|turn|15
|
|t:|1613859384
|switch|p2a: Ferrothorn|Ferrothorn, M|63/100 par
|switch|p1a: Dragapult|Dragapult, F|88/100
|-damage|p1a: Dragapult|76/100|[from] Spikes
|
|upkeep
|turn|16
|l| MatisXYZ
|
|t:|1613859390
|switch|p2a: Cinderace|Cinderace, F|84/100
|move|p1a: Dragapult|Hex|p2a: Cinderace
|-damage|p2a: Cinderace|13/100
|
|upkeep
|turn|17
|j| tapu moxo
|
|t:|1613859403
|switch|p1a: Slowbro|Slowbro, F, shiny|100/100
|-damage|p1a: Slowbro|88/100|[from] Spikes
|move|p2a: Cinderace|Gunk Shot|p1a: Slowbro
|-start|p2a: Cinderace|typechange|Poison|[from] ability: Libero
|-damage|p1a: Slowbro|53/100
|-status|p1a: Slowbro|psn
|
|-damage|p1a: Slowbro|40/100 psn|[from] psn
|upkeep
|turn|18
|
|t:|1613859410
|move|p2a: Cinderace|U-turn|p1a: Slowbro
|-start|p2a: Cinderace|typechange|Bug|[from] ability: Libero
|-supereffective|p1a: Slowbro
|-damage|p1a: Slowbro|0 fnt
|-damage|p2a: Cinderace|0 fnt|[from] item: Rocky Helmet|[of] p1a: Slowbro
|faint|p1a: Slowbro
|faint|p2a: Cinderace
|
|upkeep
|
|t:|1613859420
|switch|p2a: Tapu Koko|Tapu Koko|100/100
|switch|p1a: Heatran|Heatran, M, shiny|100/100
|-fieldstart|move: Electric Terrain|[from] ability: Electric Surge|[of] p2a: Tapu Koko
|-damage|p1a: Heatran|88/100|[from] Spikes
|turn|19
|
|t:|1613859424
|move|p2a: Tapu Koko|U-turn|p1a: Heatran
|-resisted|p1a: Heatran
|-damage|p1a: Heatran|85/100
|
|t:|1613859427
|switch|p2a: Urshifu|Urshifu-Rapid-Strike, F|52/100|[from]move: U-turn
|move|p1a: Heatran|Earth Power|p2a: Urshifu
|-damage|p2a: Urshifu|0 fnt
|faint|p2a: Urshifu
|
|-heal|p1a: Heatran|91/100|[from] item: Leftovers
|upkeep
|
|t:|1613859438
|switch|p2a: Tapu Koko|Tapu Koko|100/100
|turn|20
|
|t:|1613859441
|move|p2a: Tapu Koko|Thunderbolt|p1a: Heatran
|-damage|p1a: Heatran|53/100
|move|p1a: Heatran|Magma Storm|p2a: Tapu Koko
|-damage|p2a: Tapu Koko|5/100
|-activate|p2a: Tapu Koko|move: Magma Storm|[of] p1a: Heatran
|
|-heal|p1a: Heatran|59/100|[from] item: Leftovers
|-damage|p2a: Tapu Koko|0 fnt|[from] move: Magma Storm|[partiallytrapped]
|faint|p2a: Tapu Koko
|upkeep
|
|t:|1613859452
|switch|p2a: Ferrothorn|Ferrothorn, M|63/100 par
|turn|21
|
|t:|1613859456
|switch|p1a: Landorus|Landorus-Therian, M, shiny|99/100
|-ability|p1a: Landorus|Intimidate|boost
|-unboost|p2a: Ferrothorn|atk|1
|move|p2a: Ferrothorn|Spikes|p1a: Landorus
|-sidestart|p1: FairyGod2021|Spikes
|
|-heal|p1a: Landorus|100/100|[from] item: Leftovers
|upkeep
|turn|22
|
|t:|1613859461
|switch|p2a: Hawlucha|Hawlucha, F|100/100
|-enditem|p2a: Hawlucha|Electric Seed
|-boost|p2a: Hawlucha|def|1|[from] item: Electric Seed
|move|p1a: Landorus|U-turn|p2a: Hawlucha
|-resisted|p2a: Hawlucha
|-damage|p2a: Hawlucha|95/100
|
|t:|1613859462
|switch|p1a: Magearna|Magearna-Original|100/100|[from]move: U-turn
|-damage|p1a: Magearna|84/100|[from] Spikes
|
|upkeep
|turn|23
|
|t:|1613859466
|switch|p2a: Ferrothorn|Ferrothorn, M|63/100 par
|move|p1a: Magearna|Volt Switch|p2a: Ferrothorn
|-resisted|p2a: Ferrothorn
|-damage|p2a: Ferrothorn|47/100 par
|
|t:|1613859470
|switch|p1a: Landorus|Landorus-Therian, M, shiny|100/100|[from]move: Volt Switch
|-ability|p1a: Landorus|Intimidate|boost
|-unboost|p2a: Ferrothorn|atk|1
|
|-fieldend|move: Electric Terrain
|upkeep
|turn|24
|j| Tatsuny
|
|t:|1613859483
|switch|p2a: Hawlucha|Hawlucha, F|95/100
|move|p1a: Landorus|Defog|p2a: Hawlucha
|-unboost|p2a: Hawlucha|evasion|1
|-sideend|p1: FairyGod2021|Spikes|[from] move: Defog|[of] p1a: Landorus
|
|upkeep
|turn|25
|
|t:|1613859488
|move|p2a: Hawlucha|Swords Dance|p2a: Hawlucha
|-boost|p2a: Hawlucha|atk|2
|move|p1a: Landorus|U-turn|p2a: Hawlucha
|-resisted|p2a: Hawlucha
|-damage|p2a: Hawlucha|87/100
|
|t:|1613859493
|switch|p1a: Magearna|Magearna-Original|84/100|[from]move: U-turn
|
|upkeep
|turn|26
|
|t:|1613859497
|move|p2a: Hawlucha|Close Combat|p1a: Magearna
|-damage|p1a: Magearna|0 fnt
|-unboost|p2a: Hawlucha|def|1
|-unboost|p2a: Hawlucha|spd|1
|faint|p1a: Magearna
|
|upkeep
|
|t:|1613859501
|switch|p1a: Dragapult|Dragapult, F|76/100
|turn|27
|
|t:|1613859504
|switch|p2a: Ferrothorn|Ferrothorn, M|47/100 par
|move|p1a: Dragapult|Shadow Ball|p2a: Ferrothorn
|-damage|p2a: Ferrothorn|6/100 par
|
|upkeep
|turn|28
|
|t:|1613859509
|move|p1a: Dragapult|Shadow Ball|p2a: Ferrothorn
|-damage|p2a: Ferrothorn|0 fnt
|faint|p2a: Ferrothorn
|
|upkeep
|
|t:|1613859512
|switch|p2a: Hawlucha|Hawlucha, F|87/100
|turn|29
|
|t:|1613859517
|switch|p1a: Ferrothorn|Ferrothorn, M|40/100 par
|move|p2a: Hawlucha|Acrobatics|p1a: Ferrothorn
|-damage|p1a: Ferrothorn|3/100 par
|-damage|p2a: Hawlucha|74/100|[from] ability: Iron Barbs|[of] p1a: Ferrothorn
|
|upkeep
|turn|30
|
|t:|1613859523
|move|p2a: Hawlucha|Taunt|p1a: Ferrothorn
|-start|p1a: Ferrothorn|move: Taunt
|cant|p1a: Ferrothorn|move: Taunt|Thunder Wave
|
|upkeep
|turn|31
|
|t:|1613859527
|move|p2a: Hawlucha|Swords Dance|p2a: Hawlucha
|-boost|p2a: Hawlucha|atk|2
|move|p1a: Ferrothorn|Knock Off|p2a: Hawlucha
|-resisted|p2a: Hawlucha
|-damage|p2a: Hawlucha|64/100
|
|upkeep
|turn|32
|
|t:|1613859529
|move|p2a: Hawlucha|Acrobatics|p1a: Ferrothorn
|-damage|p1a: Ferrothorn|0 fnt
|-damage|p2a: Hawlucha|52/100|[from] ability: Iron Barbs|[of] p1a: Ferrothorn
|faint|p1a: Ferrothorn
|
|upkeep
|
|t:|1613859536
|switch|p1a: Landorus|Landorus-Therian, M, shiny|100/100
|-ability|p1a: Landorus|Intimidate|boost
|-unboost|p2a: Hawlucha|atk|1
|turn|33
|l| DreamyUwU
|inactive|Mamaw31180 has 120 seconds left.
|
|t:|1613859587
|move|p2a: Hawlucha|Acrobatics|p1a: Landorus
|-damage|p1a: Landorus|47/100
|move|p1a: Landorus|Knock Off|p2a: Hawlucha
|-resisted|p2a: Hawlucha
|-damage|p2a: Hawlucha|36/100
|
|-heal|p1a: Landorus|53/100|[from] item: Leftovers
|upkeep
|turn|34
|
|t:|1613859591
|move|p2a: Hawlucha|Acrobatics|p1a: Landorus
|-damage|p1a: Landorus|3/100
|move|p1a: Landorus|U-turn|p2a: Hawlucha
|-resisted|p2a: Hawlucha
|-damage|p2a: Hawlucha|28/100
|
|t:|1613859593
|switch|p1a: Dragapult|Dragapult, F|76/100|[from]move: U-turn
|
|upkeep
|turn|35
|
|t:|1613859596
|move|p1a: Dragapult|Shadow Ball|p2a: Hawlucha
|-damage|p2a: Hawlucha|0 fnt
|faint|p2a: Hawlucha
|
|win|FairyGod2021
|l| tapu moxo
|l|☆Mamaw31180
||Ladder (probably) updated, but score could not be retrieved (Request timeout).
