|j|☆i know im horrible
|j|☆NoisyCommotion
|t:|1655798507
|gametype|singles
|player|p1|i know im horrible|2|1040
|player|p2|NoisyCommotion|169|1000
|teamsize|p1|6
|teamsize|p2|6
|gen|8
|tier|[Gen 8] OU
|rated|
|rule|Sleep Clause Mod: Limit one foe put to sleep
|rule|Species Clause: Limit one of each Pokémon
|rule|OHKO Clause: OHKO moves are banned
|rule|Evasion Moves Clause: Evasion moves are banned
|rule|Endless Battle Clause: Forcing endless battles is banned
|rule|HP Percentage Mod: HP is shown in percentages
|rule|Dynamax Clause: You cannot dynamax
|clearpoke
|poke|p1|Pelipper, M|
|poke|p1|Barraskewda, M|
|poke|p1|Volcarona, F|
|poke|p1|Regieleki|
|poke|p1|Ferrothorn, F|
|poke|p1|Urshifu-*, M|
|poke|p2|Dragapult, F|
|poke|p2|Kartana|
|poke|p2|Tapu Lele|
|poke|p2|Moltres-Galar|
|poke|p2|Landorus-Therian, M|
|poke|p2|Heatran, F|
|teampreview
|c|☆NoisyCommotion|hf
|c|☆i know im horrible|u2
|inactive|Battle timer is ON: inactive players will automatically lose when time's up. (requested by NoisyCommotion)
|
|t:|1655798551
|start
|switch|p1a: Pelipper|Pelipper, M|100/100
|switch|p2a: Dragapult|Dragapult, F|100/100
|-weather|RainDance|[from] ability: Drizzle|[of] p1a: Pelipper
|turn|1
|
|t:|1655798565
|switch|p1a: Ferrothorn|Ferrothorn, F|100/100
|move|p2a: Dragapult|Shadow Ball|p1a: Ferrothorn
|-damage|p1a: Ferrothorn|49/100
|
|-weather|RainDance|[upkeep]
|-heal|p1a: Ferrothorn|55/100|[from] item: Leftovers
|upkeep
|turn|2
|
|t:|1655798577
|move|p2a: Dragapult|Shadow Ball|p1a: Ferrothorn
|-damage|p1a: Ferrothorn|8/100
|-unboost|p1a: Ferrothorn|spd|1
|move|p1a: Ferrothorn|Knock Off|p2a: Dragapult
|-supereffective|p2a: Dragapult
|-damage|p2a: Dragapult|38/100
|-enditem|p2a: Dragapult|Choice Specs|[from] move: Knock Off|[of] p1a: Ferrothorn
|
|-weather|RainDance|[upkeep]
|-heal|p1a: Ferrothorn|15/100|[from] item: Leftovers
|upkeep
|turn|3
|
|t:|1655798592
|move|p2a: Dragapult|Shadow Ball|p1a: Ferrothorn
|-damage|p1a: Ferrothorn|0 fnt
|faint|p1a: Ferrothorn
|
|-weather|RainDance|[upkeep]
|upkeep
|
|t:|1655798595
|switch|p1a: Barraskewda|Barraskewda, M|100/100
|turn|4
|
|t:|1655798610
|switch|p2a: Heatran|Heatran, F|100/100
|move|p1a: Barraskewda|Flip Turn|p2a: Heatran
|-supereffective|p2a: Heatran
|-damage|p2a: Heatran|0 fnt
|-damage|p1a: Barraskewda|84/100|[from] item: Rocky Helmet|[of] p2a: Heatran
|faint|p2a: Heatran
|
|t:|1655798619
|switch|p1a: Regieleki|Regieleki|100/100|[from]move: Flip Turn
|
|-weather|RainDance|[upkeep]
|upkeep
|
|t:|1655798623
|switch|p2a: Landorus|Landorus-Therian, M|100/100
|-ability|p2a: Landorus|Intimidate|boost
|-unboost|p1a: Regieleki|atk|1
|turn|5
|
|t:|1655798626
|switch|p1a: Barraskewda|Barraskewda, M|84/100
|move|p2a: Landorus|U-turn|p1a: Barraskewda
|-crit|p1a: Barraskewda
|-damage|p1a: Barraskewda|16/100
|
|t:|1655798655
|switch|p2a: Moltres|Moltres-Galar|100/100|[from]move: U-turn
|
|-weather|RainDance|[upkeep]
|upkeep
|turn|6
|
|t:|1655798660
|move|p1a: Barraskewda|Liquidation|p2a: Moltres
|-damage|p2a: Moltres|0 fnt
|faint|p2a: Moltres
|
|-weather|RainDance|[upkeep]
|upkeep
|
|t:|1655798664
|switch|p2a: Kartana|Kartana|100/100
|turn|7
|
|t:|1655798689
|switch|p1a: Volcarona|Volcarona, F|100/100
|move|p2a: Kartana|Knock Off|p1a: Volcarona
|-damage|p1a: Volcarona|4/100
|-enditem|p1a: Volcarona|Life Orb|[from] move: Knock Off|[of] p2a: Kartana
|
|-weather|RainDance|[upkeep]
|upkeep
|turn|8
|
|t:|1655798694
|move|p2a: Kartana|Knock Off|p1a: Volcarona
|-damage|p1a: Volcarona|0 fnt
|faint|p1a: Volcarona
|-ability|p2a: Kartana|Beast Boost|boost
|-boost|p2a: Kartana|atk|1
|
|-weather|none
|upkeep
|
|t:|1655798698
|switch|p1a: Urshifu|Urshifu-Rapid-Strike, M|100/100
|turn|9
|
|t:|1655798704
|move|p2a: Kartana|Knock Off|p1a: Urshifu
|-resisted|p1a: Urshifu
|-damage|p1a: Urshifu|53/100
|-enditem|p1a: Urshifu|Choice Band|[from] move: Knock Off|[of] p2a: Kartana
|move|p1a: Urshifu|Close Combat|p2a: Kartana
|-supereffective|p2a: Kartana
|-crit|p2a: Kartana
|-damage|p2a: Kartana|0 fnt
|-unboost|p1a: Urshifu|def|1
|-unboost|p1a: Urshifu|spd|1
|faint|p2a: Kartana
|
|upkeep
|
|t:|1655798709
|switch|p2a: Tapu Lele|Tapu Lele|100/100
|-fieldstart|move: Psychic Terrain|[from] ability: Psychic Surge|[of] p2a: Tapu Lele
|turn|10
|
|t:|1655798725
|move|p2a: Tapu Lele|Psychic|p1a: Urshifu
|-supereffective|p1a: Urshifu
|-damage|p1a: Urshifu|0 fnt
|faint|p1a: Urshifu
|
|upkeep
|
|t:|1655798729
|switch|p1a: Regieleki|Regieleki|100/100
|turn|11
|
|t:|1655798747
|switch|p2a: Landorus|Landorus-Therian, M|100/100
|-ability|p2a: Landorus|Intimidate|boost
|-unboost|p1a: Regieleki|atk|1
|move|p1a: Regieleki|Thunderbolt|p2a: Landorus
|-immune|p2a: Landorus
|
|upkeep
|turn|12
|
|t:|1655798751
|move|p1a: Regieleki|Rain Dance|p1a: Regieleki
|-weather|RainDance
|move|p2a: Landorus|U-turn|p1a: Regieleki
|-damage|p1a: Regieleki|53/100
|
|t:|1655798754
|switch|p2a: Dragapult|Dragapult, F|38/100|[from]move: U-turn
|
|-weather|RainDance|[upkeep]
|upkeep
|turn|13
|
|t:|1655798757
|switch|p2a: Landorus|Landorus-Therian, M|100/100
|-ability|p2a: Landorus|Intimidate|boost
|-unboost|p1a: Regieleki|atk|1
|move|p1a: Regieleki|Thunderbolt|p2a: Landorus
|-immune|p2a: Landorus
|
|-weather|RainDance|[upkeep]
|upkeep
|turn|14
|
|t:|1655798763
|move|p1a: Regieleki|Rapid Spin|p2a: Landorus
|-damage|p2a: Landorus|95/100
|-boost|p1a: Regieleki|spe|1
|move|p2a: Landorus|Toxic|p1a: Regieleki
|-status|p1a: Regieleki|tox
|
|-weather|RainDance|[upkeep]
|-heal|p2a: Landorus|100/100|[from] item: Leftovers
|-damage|p1a: Regieleki|47/100 tox|[from] psn
|-fieldend|move: Psychic Terrain
|upkeep
|turn|15
|
|t:|1655798779
|move|p1a: Regieleki|Volt Switch|p2a: Landorus
|-immune|p2a: Landorus
|move|p2a: Landorus|Toxic|p1a: Regieleki
|-fail|p1a: Regieleki|tox
|
|-weather|RainDance|[upkeep]
|-damage|p1a: Regieleki|35/100 tox|[from] psn
|upkeep
|turn|16
|
|t:|1655798783
|move|p1a: Regieleki|Volt Switch|p2a: Landorus
|-immune|p2a: Landorus
|move|p2a: Landorus|Toxic|p1a: Regieleki
|-fail|p1a: Regieleki|tox
|
|-weather|none
|-damage|p1a: Regieleki|17/100 tox|[from] psn
|upkeep
|turn|17
|
|t:|1655798801
|move|p1a: Regieleki|Rain Dance|p1a: Regieleki
|-weather|RainDance
|move|p2a: Landorus|U-turn|p1a: Regieleki
|-damage|p1a: Regieleki|0 fnt
|faint|p1a: Regieleki
|
|t:|1655798821
|switch|p2a: Dragapult|Dragapult, F|38/100|[from]move: U-turn
|
|-weather|RainDance|[upkeep]
|upkeep
|
|t:|1655798843
|switch|p1a: Barraskewda|Barraskewda, M|16/100
|turn|18
|
|t:|1655798849
|switch|p2a: Landorus|Landorus-Therian, M|100/100
|-ability|p2a: Landorus|Intimidate|boost
|-unboost|p1a: Barraskewda|atk|1
|move|p1a: Barraskewda|Liquidation|p2a: Landorus
|-supereffective|p2a: Landorus
|-damage|p2a: Landorus|0 fnt
|faint|p2a: Landorus
|
|-weather|RainDance|[upkeep]
|upkeep
|
|t:|1655798861
|switch|p2a: Dragapult|Dragapult, F|38/100
|turn|19
|
|t:|1655798881
|move|p1a: Barraskewda|Liquidation|p2a: Dragapult
|-resisted|p2a: Dragapult
|-damage|p2a: Dragapult|0 fnt
|faint|p2a: Dragapult
|
|-weather|RainDance|[upkeep]
|upkeep
|
|t:|1655798888
|switch|p2a: Tapu Lele|Tapu Lele|100/100
|-fieldstart|move: Psychic Terrain|[from] ability: Psychic Surge|[of] p2a: Tapu Lele
|turn|20
|
|t:|1655798892
|move|p1a: Barraskewda|Liquidation|p2a: Tapu Lele
|-damage|p2a: Tapu Lele|1/100
|-unboost|p2a: Tapu Lele|def|1
|move|p2a: Tapu Lele|Psychic|p1a: Barraskewda
|-damage|p1a: Barraskewda|0 fnt
|faint|p1a: Barraskewda
|
|-weather|RainDance|[upkeep]
|upkeep
|
|t:|1655798896
|switch|p1a: Pelipper|Pelipper, M|100/100
|turn|21
|
|t:|1655798898
|move|p2a: Tapu Lele|Psychic|p1a: Pelipper
|-damage|p1a: Pelipper|6/100
|move|p1a: Pelipper|Scald|p2a: Tapu Lele
|-damage|p2a: Tapu Lele|0 fnt
|faint|p2a: Tapu Lele
|
|win|i know im horrible
|raw|i know im horrible's rating: 1040 &rarr; <strong>1070</strong><br />(+30 for winning)
|raw|NoisyCommotion's rating: 1000 &rarr; <strong>1000</strong><br />(+0 for losing)
|c|☆NoisyCommotion|gg
|c|☆i know im horrible|gg
|l|☆i know im horrible
