|j|☆LT91BB mkyn
|j|☆CoconutCrabs
|t:|1661189092
|gametype|singles
|player|p1|LT91BB mkyn|morty|1636
|player|p2|CoconutCrabs|chuck|1744
|teamsize|p1|6
|teamsize|p2|6
|gen|8
|tier|[Gen 8] OU
|rated|
|rule|Sleep Clause Mod: Limit one foe put to sleep
|rule|Species Clause: Limit one of each Pokémon
|rule|OHKO Clause: OHKO moves are banned
|rule|Evasion Items Clause: Evasion items are banned
|rule|Evasion Moves Clause: Evasion moves are banned
|rule|Endless Battle Clause: Forcing endless battles is banned
|rule|HP Percentage Mod: HP is shown in percentages
|rule|Dynamax Clause: You cannot dynamax
|clearpoke
|poke|p1|Sigilyph, F|
|poke|p1|Buzzwole|
|poke|p1|Blissey, F|
|poke|p1|Heatran, M|
|poke|p1|Toxapex, F|
|poke|p1|Krookodile, F|
|poke|p2|Dragapult, M|
|poke|p2|Tapu Fini|
|poke|p2|Blacephalon|
|poke|p2|Tapu Lele|
|poke|p2|Landorus-Therian, M|
|poke|p2|Melmetal|
|teampreview
|inactive|Battle timer is ON: inactive players will automatically lose when time's up. (requested by CoconutCrabs)
|inactive|CoconutCrabs has 120 seconds left.
|
|t:|1661189125
|start
|switch|p1a: Sigilyph|Sigilyph, F|100/100
|switch|p2a: Landorus|Landorus-Therian, M|100/100
|-ability|p2a: Landorus|Intimidate|boost
|-unboost|p1a: Sigilyph|atk|1
|turn|1
|
|t:|1661189132
|switch|p2a: Melmetal|Melmetal|100/100
|move|p1a: Sigilyph|Ice Beam|p2a: Melmetal
|-resisted|p2a: Melmetal
|-damage|p2a: Melmetal|85/100
|
|-heal|p2a: Melmetal|91/100|[from] item: Leftovers
|upkeep
|turn|2
|
|t:|1661189137
|switch|p1a: Buzzwole|Buzzwole|100/100
|move|p2a: Melmetal|Thunder Punch|p1a: Buzzwole
|-damage|p1a: Buzzwole|84/100
|-damage|p2a: Melmetal|74/100|[from] item: Rocky Helmet|[of] p1a: Buzzwole
|
|-heal|p2a: Melmetal|80/100|[from] item: Leftovers
|upkeep
|turn|3
|
|t:|1661189144
|switch|p1a: Toxapex|Toxapex, F|100/100
|move|p2a: Melmetal|Protect||[still]
|-fail|p2a: Melmetal
|
|-heal|p2a: Melmetal|86/100|[from] item: Leftovers
|upkeep
|turn|4
|
|t:|1661189147
|switch|p2a: Tapu Fini|Tapu Fini|100/100
|-fieldstart|move: Misty Terrain|[from] ability: Misty Surge|[of] p2a: Tapu Fini
|move|p1a: Toxapex|Knock Off|p2a: Tapu Fini
|-resisted|p2a: Tapu Fini
|-damage|p2a: Tapu Fini|89/100
|-enditem|p2a: Tapu Fini|Leftovers|[from] move: Knock Off|[of] p1a: Toxapex
|
|upkeep
|turn|5
|
|t:|1661189152
|switch|p1a: Sigilyph|Sigilyph, F|100/100
|move|p2a: Tapu Fini|Nature's Madness|p1a: Sigilyph
|-damage|p1a: Sigilyph|51/100
|
|upkeep
|turn|6
|
|t:|1661189160
|switch|p2a: Dragapult|Dragapult, M|100/100
|move|p1a: Sigilyph|Heat Wave|p2a: Dragapult
|-resisted|p2a: Dragapult
|-damage|p2a: Dragapult|74/100
|
|upkeep
|turn|7
|
|t:|1661189165
|switch|p1a: Blissey|Blissey, F|100/100
|move|p2a: Dragapult|U-turn|p1a: Blissey
|-damage|p1a: Blissey|86/100
|
|t:|1661189168
|switch|p2a: Melmetal|Melmetal|86/100|[from]move: U-turn
|
|-heal|p2a: Melmetal|92/100|[from] item: Leftovers
|upkeep
|turn|8
|
|t:|1661189173
|switch|p1a: Toxapex|Toxapex, F|100/100
|switch|p2a: Blacephalon|Blacephalon|100/100
|
|-fieldend|Misty Terrain
|upkeep
|turn|9
|
|t:|1661189177
|switch|p2a: Tapu Fini|Tapu Fini|89/100
|-fieldstart|move: Misty Terrain|[from] ability: Misty Surge|[of] p2a: Tapu Fini
|move|p1a: Toxapex|Knock Off|p2a: Tapu Fini
|-resisted|p2a: Tapu Fini
|-damage|p2a: Tapu Fini|80/100
|
|upkeep
|turn|10
|
|t:|1661189183
|switch|p1a: Sigilyph|Sigilyph, F|51/100
|move|p2a: Tapu Fini|Nature's Madness|p1a: Sigilyph
|-damage|p1a: Sigilyph|26/100
|
|upkeep
|turn|11
|
|t:|1661189189
|switch|p1a: Toxapex|Toxapex, F|100/100
|switch|p2a: Melmetal|Melmetal|92/100
|
|-heal|p2a: Melmetal|99/100|[from] item: Leftovers
|upkeep
|turn|12
|
|t:|1661189193
|switch|p2a: Tapu Fini|Tapu Fini|80/100
|move|p1a: Toxapex|Knock Off|p2a: Tapu Fini
|-resisted|p2a: Tapu Fini
|-damage|p2a: Tapu Fini|73/100
|
|upkeep
|turn|13
|
|t:|1661189197
|switch|p1a: Heatran|Heatran, M|100/100
|move|p2a: Tapu Fini|Nature's Madness|p1a: Heatran
|-damage|p1a: Heatran|51/100
|
|-heal|p1a: Heatran|57/100|[from] item: Leftovers
|-fieldend|Misty Terrain
|upkeep
|turn|14
|
|t:|1661189201
|switch|p1a: Toxapex|Toxapex, F|100/100
|move|p2a: Tapu Fini|Surf|p1a: Toxapex
|-resisted|p1a: Toxapex
|-damage|p1a: Toxapex|88/100
|
|upkeep
|turn|15
|
|t:|1661189203
|move|p2a: Tapu Fini|Nature's Madness|p1a: Toxapex
|-damage|p1a: Toxapex|44/100
|move|p1a: Toxapex|Gunk Shot|p2a: Tapu Fini|[miss]
|-miss|p1a: Toxapex|p2a: Tapu Fini
|
|upkeep
|turn|16
|
|t:|1661189210
|switch|p2a: Landorus|Landorus-Therian, M|100/100
|-ability|p2a: Landorus|Intimidate|boost
|-unboost|p1a: Toxapex|atk|1
|switch|p1a: Heatran|Heatran, M|57/100
|
|-heal|p1a: Heatran|63/100|[from] item: Leftovers
|upkeep
|turn|17
|
|t:|1661189214
|move|p1a: Heatran|Stealth Rock|p2a: Landorus
|-sidestart|p2: CoconutCrabs|move: Stealth Rock
|move|p2a: Landorus|Stealth Rock|p1a: Heatran
|-sidestart|p1: LT91BB mkyn|move: Stealth Rock
|
|-heal|p1a: Heatran|69/100|[from] item: Leftovers
|upkeep
|turn|18
|
|t:|1661189216
|switch|p1a: Sigilyph|Sigilyph, F|26/100
|move|p2a: Landorus|U-turn|p1a: Sigilyph
|-damage|p1a: Sigilyph|0 fnt
|faint|p1a: Sigilyph
|
|t:|1661189228
|switch|p2a: Dragapult|Dragapult, M|74/100|[from]move: U-turn
|-damage|p2a: Dragapult|62/100|[from] Stealth Rock
|
|upkeep
|
|t:|1661189232
|switch|p1a: Krookodile|Krookodile, F|100/100
|-damage|p1a: Krookodile|94/100|[from] Stealth Rock
|turn|19
|
|t:|1661189235
|switch|p2a: Tapu Fini|Tapu Fini|73/100
|-damage|p2a: Tapu Fini|60/100|[from] Stealth Rock
|-fieldstart|move: Misty Terrain|[from] ability: Misty Surge|[of] p2a: Tapu Fini
|move|p1a: Krookodile|Knock Off|p2a: Tapu Fini
|-resisted|p2a: Tapu Fini
|-damage|p2a: Tapu Fini|49/100
|
|upkeep
|turn|20
|
|t:|1661189239
|switch|p1a: Toxapex|Toxapex, F|78/100
|-damage|p1a: Toxapex|66/100|[from] Stealth Rock
|move|p2a: Tapu Fini|Nature's Madness|p1a: Toxapex
|-damage|p1a: Toxapex|33/100
|
|upkeep
|turn|21
|
|t:|1661189242
|switch|p2a: Landorus|Landorus-Therian, M|100/100
|-damage|p2a: Landorus|88/100|[from] Stealth Rock
|-ability|p2a: Landorus|Intimidate|boost
|-unboost|p1a: Toxapex|atk|1
|move|p1a: Toxapex|Knock Off|p2a: Landorus
|-damage|p2a: Landorus|65/100
|-enditem|p2a: Landorus|Leftovers|[from] move: Knock Off|[of] p1a: Toxapex
|
|upkeep
|turn|22
|
|t:|1661189246
|switch|p1a: Buzzwole|Buzzwole|84/100
|-damage|p1a: Buzzwole|71/100|[from] Stealth Rock
|move|p2a: Landorus|U-turn|p1a: Buzzwole
|-resisted|p1a: Buzzwole
|-damage|p1a: Buzzwole|66/100
|-damage|p2a: Landorus|48/100|[from] item: Rocky Helmet|[of] p1a: Buzzwole
|
|t:|1661189248
|switch|p2a: Blacephalon|Blacephalon|100/100|[from]move: U-turn
|-damage|p2a: Blacephalon|76/100|[from] Stealth Rock
|
|upkeep
|turn|23
|
|t:|1661189252
|switch|p1a: Toxapex|Toxapex, F|67/100
|-damage|p1a: Toxapex|54/100|[from] Stealth Rock
|move|p2a: Blacephalon|Trick|p1a: Toxapex
|-activate|p2a: Blacephalon|move: Trick|[of] p1a: Toxapex
|-item|p1a: Toxapex|Choice Specs|[from] move: Trick
|-item|p2a: Blacephalon|Choice Band|[from] move: Trick
|
|-fieldend|Misty Terrain
|upkeep
|turn|24
|
|t:|1661189256
|move|p2a: Blacephalon|Shadow Ball|p1a: Toxapex
|-damage|p1a: Toxapex|14/100
|move|p1a: Toxapex|Liquidation|p2a: Blacephalon
|-supereffective|p2a: Blacephalon
|-damage|p2a: Blacephalon|0 fnt
|faint|p2a: Blacephalon
|
|upkeep
|
|t:|1661189273
|switch|p2a: Tapu Lele|Tapu Lele|100/100
|-damage|p2a: Tapu Lele|88/100|[from] Stealth Rock
|-fieldstart|move: Psychic Terrain|[from] ability: Psychic Surge|[of] p2a: Tapu Lele
|turn|25
|
|t:|1661189282
|switch|p1a: Blissey|Blissey, F|86/100
|move|p2a: Tapu Lele|Psyshock|p1a: Blissey
|-damage|p1a: Blissey|35/100
|
|upkeep
|turn|26
|
|t:|1661189285
|switch|p2a: Dragapult|Dragapult, M|62/100
|-damage|p2a: Dragapult|50/100|[from] Stealth Rock
|switch|p1a: Krookodile|Krookodile, F|94/100
|-damage|p1a: Krookodile|88/100|[from] Stealth Rock
|
|upkeep
|turn|27
|
|t:|1661189288
|switch|p2a: Tapu Fini|Tapu Fini|49/100
|-damage|p2a: Tapu Fini|37/100|[from] Stealth Rock
|-fieldstart|move: Misty Terrain|[from] ability: Misty Surge|[of] p2a: Tapu Fini
|move|p1a: Krookodile|Knock Off|p2a: Tapu Fini
|-resisted|p2a: Tapu Fini
|-damage|p2a: Tapu Fini|24/100
|
|upkeep
|turn|28
|
|t:|1661189294
|switch|p1a: Toxapex|Toxapex, F|48/100
|-damage|p1a: Toxapex|35/100|[from] Stealth Rock
|move|p2a: Tapu Fini|Surf|p1a: Toxapex
|-resisted|p1a: Toxapex
|-damage|p1a: Toxapex|24/100
|
|upkeep
|turn|29
|
|t:|1661189304
|switch|p2a: Melmetal|Melmetal|99/100
|-damage|p2a: Melmetal|92/100|[from] Stealth Rock
|move|p1a: Toxapex|Gunk Shot|p2a: Melmetal
|-immune|p2a: Melmetal
|
|-heal|p2a: Melmetal|99/100|[from] item: Leftovers
|upkeep
|turn|30
|
|t:|1661189306
|switch|p1a: Buzzwole|Buzzwole|66/100
|-damage|p1a: Buzzwole|53/100|[from] Stealth Rock
|move|p2a: Melmetal|Double Iron Bash|p1a: Buzzwole
|-damage|p1a: Buzzwole|34/100
|-damage|p2a: Melmetal|82/100|[from] item: Rocky Helmet|[of] p1a: Buzzwole
|-damage|p1a: Buzzwole|14/100
|-damage|p2a: Melmetal|65/100|[from] item: Rocky Helmet|[of] p1a: Buzzwole
|-hitcount|p1a: Buzzwole|2
|
|-heal|p2a: Melmetal|72/100|[from] item: Leftovers
|upkeep
|turn|31
|
|t:|1661189313
|switch|p2a: Dragapult|Dragapult, M|50/100
|-damage|p2a: Dragapult|37/100|[from] Stealth Rock
|move|p1a: Buzzwole|Roost|p1a: Buzzwole
|-heal|p1a: Buzzwole|64/100
|-singleturn|p1a: Buzzwole|move: Roost
|
|-fieldend|Misty Terrain
|upkeep
|turn|32
|
|t:|1661189318
|switch|p1a: Blissey|Blissey, F|35/100
|move|p2a: Dragapult|Draco Meteor|p1a: Blissey
|-damage|p1a: Blissey|5/100
|-unboost|p2a: Dragapult|spa|2
|
|upkeep
|turn|33
|
|t:|1661189321
|move|p2a: Dragapult|Draco Meteor|p1a: Blissey
|-damage|p1a: Blissey|0 fnt
|-unboost|p2a: Dragapult|spa|2
|faint|p1a: Blissey
|
|upkeep
|
|t:|1661189322
|switch|p1a: Krookodile|Krookodile, F|88/100
|-damage|p1a: Krookodile|82/100|[from] Stealth Rock
|turn|34
|
|t:|1661189326
|switch|p2a: Tapu Fini|Tapu Fini|24/100
|-damage|p2a: Tapu Fini|12/100|[from] Stealth Rock
|-fieldstart|move: Misty Terrain|[from] ability: Misty Surge|[of] p2a: Tapu Fini
|move|p1a: Krookodile|Knock Off|p2a: Tapu Fini
|-resisted|p2a: Tapu Fini
|-damage|p2a: Tapu Fini|0 fnt
|faint|p2a: Tapu Fini
|-ability|p1a: Krookodile|Moxie|boost
|-boost|p1a: Krookodile|atk|1
|
|upkeep
|
|t:|1661189331
|switch|p2a: Tapu Lele|Tapu Lele|88/100
|-damage|p2a: Tapu Lele|76/100|[from] Stealth Rock
|-fieldstart|move: Psychic Terrain|[from] ability: Psychic Surge|[of] p2a: Tapu Lele
|turn|35
|
|t:|1661189335
|switch|p1a: Heatran|Heatran, M|69/100
|-damage|p1a: Heatran|57/100|[from] Stealth Rock
|move|p2a: Tapu Lele|Focus Blast|p1a: Heatran|[miss]
|-miss|p2a: Tapu Lele|p1a: Heatran
|
|-heal|p1a: Heatran|63/100|[from] item: Leftovers
|upkeep
|turn|36
|
|t:|1661189341
|switch|p2a: Dragapult|Dragapult, M|37/100
|-damage|p2a: Dragapult|25/100|[from] Stealth Rock
|switch|p1a: Toxapex|Toxapex, F|57/100
|-damage|p1a: Toxapex|45/100|[from] Stealth Rock
|
|upkeep
|turn|37
|
|t:|1661189351
|switch|p1a: Heatran|Heatran, M|63/100
|-damage|p1a: Heatran|51/100|[from] Stealth Rock
|move|p2a: Dragapult|Draco Meteor|p1a: Heatran
|-resisted|p1a: Heatran
|-damage|p1a: Heatran|10/100
|-unboost|p2a: Dragapult|spa|2
|
|-heal|p1a: Heatran|16/100|[from] item: Leftovers
|upkeep
|turn|38
|
|t:|1661189354
|move|p2a: Dragapult|Draco Meteor|p1a: Heatran
|-resisted|p1a: Heatran
|-damage|p1a: Heatran|0 fnt
|-unboost|p2a: Dragapult|spa|2
|faint|p1a: Heatran
|
|upkeep
|
|t:|1661189357
|switch|p1a: Krookodile|Krookodile, F|82/100
|-damage|p1a: Krookodile|76/100|[from] Stealth Rock
|turn|39
|
|t:|1661189369
|switch|p2a: Melmetal|Melmetal|72/100
|-damage|p2a: Melmetal|65/100|[from] Stealth Rock
|move|p1a: Krookodile|Knock Off|p2a: Melmetal
|-damage|p2a: Melmetal|34/100
|-enditem|p2a: Melmetal|Leftovers|[from] move: Knock Off|[of] p1a: Krookodile
|
|-fieldend|move: Psychic Terrain
|upkeep
|turn|40
|
|t:|1661189376
|switch|p1a: Buzzwole|Buzzwole|64/100
|-damage|p1a: Buzzwole|52/100|[from] Stealth Rock
|move|p2a: Melmetal|Superpower|p1a: Buzzwole
|-resisted|p1a: Buzzwole
|-damage|p1a: Buzzwole|41/100
|-unboost|p2a: Melmetal|atk|1
|-unboost|p2a: Melmetal|def|1
|-damage|p2a: Melmetal|17/100|[from] item: Rocky Helmet|[of] p1a: Buzzwole
|
|upkeep
|turn|41
|
|t:|1661189380
|move|p1a: Buzzwole|Roost|p1a: Buzzwole
|-heal|p1a: Buzzwole|91/100
|-singleturn|p1a: Buzzwole|move: Roost
|move|p2a: Melmetal|Double Iron Bash|p1a: Buzzwole
|-damage|p1a: Buzzwole|77/100
|-damage|p2a: Melmetal|1/100|[from] item: Rocky Helmet|[of] p1a: Buzzwole
|-damage|p1a: Buzzwole|64/100
|-damage|p2a: Melmetal|0 fnt|[from] item: Rocky Helmet|[of] p1a: Buzzwole
|faint|p2a: Melmetal
|-hitcount|p1a: Buzzwole|2
|
|upkeep
|
|t:|1661189383
|switch|p2a: Tapu Lele|Tapu Lele|76/100
|-damage|p2a: Tapu Lele|63/100|[from] Stealth Rock
|-fieldstart|move: Psychic Terrain|[from] ability: Psychic Surge|[of] p2a: Tapu Lele
|turn|42
|
|t:|1661189386
|switch|p1a: Toxapex|Toxapex, F|78/100
|-damage|p1a: Toxapex|66/100|[from] Stealth Rock
|move|p2a: Tapu Lele|Moonblast|p1a: Toxapex
|-resisted|p1a: Toxapex
|-damage|p1a: Toxapex|45/100
|-unboost|p1a: Toxapex|spa|1
|
|upkeep
|turn|43
|
|t:|1661189391
|switch|p2a: Landorus|Landorus-Therian, M|48/100
|-damage|p2a: Landorus|36/100|[from] Stealth Rock
|-ability|p2a: Landorus|Intimidate|boost
|-unboost|p1a: Toxapex|atk|1
|move|p1a: Toxapex|Liquidation|p2a: Landorus
|-supereffective|p2a: Landorus
|-damage|p2a: Landorus|0 fnt
|faint|p2a: Landorus
|
|upkeep
|
|t:|1661189393
|switch|p2a: Dragapult|Dragapult, M|25/100
|-damage|p2a: Dragapult|13/100|[from] Stealth Rock
|turn|44
|
|t:|1661189396
|switch|p1a: Buzzwole|Buzzwole|64/100
|-damage|p1a: Buzzwole|52/100|[from] Stealth Rock
|move|p2a: Dragapult|Draco Meteor|p1a: Buzzwole
|-damage|p1a: Buzzwole|0 fnt
|-unboost|p2a: Dragapult|spa|2
|faint|p1a: Buzzwole
|
|upkeep
|
|t:|1661189399
|switch|p1a: Krookodile|Krookodile, F|76/100
|-damage|p1a: Krookodile|70/100|[from] Stealth Rock
|turn|45
|
|t:|1661189400
|move|p1a: Krookodile|Knock Off|p2a: Dragapult
|-supereffective|p2a: Dragapult
|-damage|p2a: Dragapult|0 fnt
|-enditem|p2a: Dragapult|Choice Specs|[from] move: Knock Off|[of] p1a: Krookodile
|faint|p2a: Dragapult
|-ability|p1a: Krookodile|Moxie|boost
|-boost|p1a: Krookodile|atk|1
|
|upkeep
|
|t:|1661189402
|switch|p2a: Tapu Lele|Tapu Lele|63/100
|-damage|p2a: Tapu Lele|51/100|[from] Stealth Rock
|turn|46
|
|t:|1661189404
|move|p2a: Tapu Lele|Moonblast|p1a: Krookodile
|-supereffective|p1a: Krookodile
|-damage|p1a: Krookodile|0 fnt
|faint|p1a: Krookodile
|
|-fieldend|move: Psychic Terrain
|upkeep
|
|t:|1661189406
|switch|p1a: Toxapex|Toxapex, F|79/100
|-damage|p1a: Toxapex|67/100|[from] Stealth Rock
|turn|47
|
|t:|1661189408
|move|p2a: Tapu Lele|Moonblast|p1a: Toxapex
|-resisted|p1a: Toxapex
|-damage|p1a: Toxapex|46/100
|-unboost|p1a: Toxapex|spa|1
|move|p1a: Toxapex|Gunk Shot|p2a: Tapu Lele|[miss]
|-miss|p1a: Toxapex|p2a: Tapu Lele
|
|upkeep
|turn|48
|
|t:|1661189410
|move|p2a: Tapu Lele|Moonblast|p1a: Toxapex
|-resisted|p1a: Toxapex
|-damage|p1a: Toxapex|27/100
|move|p1a: Toxapex|Gunk Shot|p2a: Tapu Lele
|-supereffective|p2a: Tapu Lele
|-damage|p2a: Tapu Lele|0 fnt
|faint|p2a: Tapu Lele
|
|win|LT91BB mkyn
|raw|LT91BB mkyn's rating: 1636 &rarr; <strong>1662</strong><br />(+26 for winning)
|raw|CoconutCrabs's rating: 1744 &rarr; <strong>1718</strong><br />(-26 for losing)
|l|☆CoconutCrabs
