|j|☆NeoNaruto®++
|j|☆HOF69
|t:|1654481654
|gametype|singles
|player|p1|NeoNaruto®++|burglar-gen1rb|1633
|player|p2|HOF69|red|1851
|teamsize|p1|6
|teamsize|p2|6
|gen|8
|tier|[Gen 8] OU
|rated|
|rule|Sleep Clause Mod: Limit one foe put to sleep
|rule|Species Clause: Limit one of each Pokémon
|rule|OHKO Clause: OHKO moves are banned
|rule|Evasion Moves Clause: Evasion moves are banned
|rule|Endless Battle Clause: Forcing endless battles is banned
|rule|HP Percentage Mod: HP is shown in percentages
|rule|Dynamax Clause: You cannot dynamax
|clearpoke
|poke|p1|Landorus-Therian, M|
|poke|p1|Slowbro, F|
|poke|p1|Tapu Koko|
|poke|p1|Dragonite, M|
|poke|p1|Darmanitan, F|
|poke|p1|Tyranitar, F|
|poke|p2|Blacephalon|
|poke|p2|Gengar, M|
|poke|p2|Kartana|
|poke|p2|Tapu Lele|
|poke|p2|Krookodile, F|
|poke|p2|Landorus-Therian, M|
|teampreview
|inactive|Battle timer is ON: inactive players will automatically lose when time's up. (requested by NeoNaruto®++)
|inactive|NeoNaruto®++ has 120 seconds left.
|
|t:|1654481695
|start
|switch|p1a: PURRP FOR SALE|Darmanitan, F|100/100
|switch|p2a: Krookodile|Krookodile, F|100/100
|-ability|p2a: Krookodile|Intimidate|boost
|-unboost|p1a: PURRP FOR SALE|atk|1
|turn|1
|
|t:|1654481705
|move|p2a: Krookodile|Stealth Rock|p1a: PURRP FOR SALE
|-sidestart|p1: NeoNaruto®++|move: Stealth Rock
|move|p1a: PURRP FOR SALE|Flare Blitz|p2a: Krookodile
|-enditem|p2a: Krookodile|Focus Sash
|-damage|p2a: Krookodile|1/100
|-damage|p1a: PURRP FOR SALE|69/100|[from] Recoil
|
|upkeep
|turn|2
|
|t:|1654481711
|switch|p1a: spvceghvstpvrrp|Slowbro, F, shiny|100/100
|-damage|p1a: spvceghvstpvrrp|88/100|[from] Stealth Rock
|move|p2a: Krookodile|Knock Off|p1a: spvceghvstpvrrp
|-supereffective|p1a: spvceghvstpvrrp
|-crit|p1a: spvceghvstpvrrp
|-damage|p1a: spvceghvstpvrrp|10/100
|-damage|p2a: Krookodile|0 fnt|[from] item: Rocky Helmet|[of] p1a: spvceghvstpvrrp
|faint|p2a: Krookodile
|
|upkeep
|
|t:|1654481720
|switch|p2a: Gengar|Gengar, M, shiny|100/100
|turn|3
|
|t:|1654481723
|switch|p1a: DA LAST REX(3005)|Tyranitar, F|100/100
|-damage|p1a: DA LAST REX(3005)|88/100|[from] Stealth Rock
|-weather|Sandstorm|[from] ability: Sand Stream|[of] p1a: DA LAST REX(3005)
|move|p2a: Gengar|Shadow Ball|p1a: DA LAST REX(3005)
|-resisted|p1a: DA LAST REX(3005)
|-crit|p1a: DA LAST REX(3005)
|-damage|p1a: DA LAST REX(3005)|79/100
|
|-weather|Sandstorm|[upkeep]
|-damage|p2a: Gengar|94/100|[from] Sandstorm
|upkeep
|turn|4
|
|t:|1654481733
|move|p2a: Gengar|Focus Blast|p1a: DA LAST REX(3005)|[miss]
|-miss|p2a: Gengar|p1a: DA LAST REX(3005)
|move|p1a: DA LAST REX(3005)|Stone Edge|p2a: Gengar
|-damage|p2a: Gengar|5/100
|
|-weather|Sandstorm|[upkeep]
|-damage|p2a: Gengar|0 fnt|[from] Sandstorm
|faint|p2a: Gengar
|upkeep
|
|t:|1654481741
|switch|p2a: Kartana|Kartana|100/100
|turn|5
|
|t:|1654481749
|switch|p1a: Bernie Landers|Landorus-Therian, M|100/100
|-damage|p1a: Bernie Landers|88/100|[from] Stealth Rock
|-ability|p1a: Bernie Landers|Intimidate|boost
|-unboost|p2a: Kartana|atk|1
|move|p2a: Kartana|Swords Dance|p2a: Kartana
|-boost|p2a: Kartana|atk|2
|
|-weather|Sandstorm|[upkeep]
|upkeep
|turn|6
|
|t:|1654481752
|move|p2a: Kartana|Leaf Blade|p1a: Bernie Landers
|-damage|p1a: Bernie Landers|28/100
|move|p1a: Bernie Landers|U-turn|p2a: Kartana
|-damage|p2a: Kartana|76/100
|
|t:|1654481755
|switch|p1a: VODECi|Tapu Koko|100/100|[from]move: U-turn
|-damage|p1a: VODECi|88/100|[from] Stealth Rock
|-fieldstart|move: Electric Terrain|[from] ability: Electric Surge|[of] p1a: VODECi
|
|-weather|Sandstorm|[upkeep]
|-damage|p1a: VODECi|82/100|[from] Sandstorm
|upkeep
|turn|7
|
|t:|1654481758
|switch|p2a: Landorus|Landorus-Therian, M|100/100
|-ability|p2a: Landorus|Intimidate|boost
|-unboost|p1a: VODECi|atk|1
|move|p1a: VODECi|Thunderbolt|p2a: Landorus
|-immune|p2a: Landorus
|
|-weather|none
|upkeep
|turn|8
|
|t:|1654481767
|switch|p1a: spvceghvstpvrrp|Slowbro, F, shiny|43/100
|-damage|p1a: spvceghvstpvrrp|31/100|[from] Stealth Rock
|switch|p2a: Kartana|Kartana|76/100
|
|upkeep
|turn|9
|
|t:|1654481771
|move|p2a: Kartana|Knock Off|p1a: spvceghvstpvrrp
|-supereffective|p1a: spvceghvstpvrrp
|-damage|p1a: spvceghvstpvrrp|0 fnt
|-enditem|p1a: spvceghvstpvrrp|Rocky Helmet|[from] move: Knock Off|[of] p2a: Kartana
|faint|p1a: spvceghvstpvrrp
|-ability|p2a: Kartana|Beast Boost|boost
|-boost|p2a: Kartana|atk|1
|
|upkeep
|
|t:|1654481774
|switch|p1a: VODECi|Tapu Koko|82/100
|-damage|p1a: VODECi|70/100|[from] Stealth Rock
|turn|10
|
|t:|1654481778
|switch|p2a: Landorus|Landorus-Therian, M|100/100
|-ability|p2a: Landorus|Intimidate|boost
|-unboost|p1a: VODECi|atk|1
|move|p1a: VODECi|Dazzling Gleam|p2a: Landorus
|-damage|p2a: Landorus|68/100
|
|-fieldend|move: Electric Terrain
|upkeep
|turn|11
|
|t:|1654481781
|switch|p1a: Bernie Landers|Landorus-Therian, M|28/100
|-damage|p1a: Bernie Landers|16/100|[from] Stealth Rock
|-ability|p1a: Bernie Landers|Intimidate|boost
|-unboost|p2a: Landorus|atk|1
|move|p2a: Landorus|U-turn|p1a: Bernie Landers
|-resisted|p1a: Bernie Landers
|-crit|p1a: Bernie Landers
|-damage|p1a: Bernie Landers|3/100
|-damage|p2a: Landorus|51/100|[from] item: Rocky Helmet|[of] p1a: Bernie Landers
|
|t:|1654481785
|switch|p2a: Kartana|Kartana|76/100|[from]move: U-turn
|
|upkeep
|turn|12
|
|t:|1654481789
|move|p2a: Kartana|Knock Off|p1a: Bernie Landers
|-damage|p1a: Bernie Landers|0 fnt
|-enditem|p1a: Bernie Landers|Rocky Helmet|[from] move: Knock Off|[of] p2a: Kartana
|faint|p1a: Bernie Landers
|-ability|p2a: Kartana|Beast Boost|boost
|-boost|p2a: Kartana|atk|1
|
|upkeep
|
|t:|1654481792
|switch|p1a: VODECi|Tapu Koko|70/100
|-damage|p1a: VODECi|57/100|[from] Stealth Rock
|-fieldstart|move: Electric Terrain|[from] ability: Electric Surge|[of] p1a: VODECi
|turn|13
|
|t:|1654481798
|switch|p2a: Landorus|Landorus-Therian, M|51/100
|-ability|p2a: Landorus|Intimidate|boost
|-unboost|p1a: VODECi|atk|1
|move|p1a: VODECi|Dazzling Gleam|p2a: Landorus
|-damage|p2a: Landorus|18/100
|
|upkeep
|turn|14
|
|t:|1654481804
|move|p1a: VODECi|Dazzling Gleam|p2a: Landorus
|-damage|p2a: Landorus|0 fnt
|faint|p2a: Landorus
|
|upkeep
|
|t:|1654481813
|switch|p2a: Tapu Lele|Tapu Lele|100/100
|-fieldstart|move: Psychic Terrain|[from] ability: Psychic Surge|[of] p2a: Tapu Lele
|turn|15
|
|t:|1654481823
|switch|p1a: PURRP FOR SALE|Darmanitan, F|69/100
|-damage|p1a: PURRP FOR SALE|45/100|[from] Stealth Rock
|move|p2a: Tapu Lele|Moonblast|p1a: PURRP FOR SALE
|-resisted|p1a: PURRP FOR SALE
|-damage|p1a: PURRP FOR SALE|8/100
|
|upkeep
|turn|16
|
|t:|1654481825
|move|p2a: Tapu Lele|Moonblast|p1a: PURRP FOR SALE
|-resisted|p1a: PURRP FOR SALE
|-damage|p1a: PURRP FOR SALE|0 fnt
|faint|p1a: PURRP FOR SALE
|
|upkeep
|
|t:|1654481827
|switch|p1a: DA LAST REX(3005)|Tyranitar, F|79/100
|-damage|p1a: DA LAST REX(3005)|67/100|[from] Stealth Rock
|-weather|Sandstorm|[from] ability: Sand Stream|[of] p1a: DA LAST REX(3005)
|turn|17
|
|t:|1654481835
|move|p2a: Tapu Lele|Focus Blast|p1a: DA LAST REX(3005)
|-supereffective|p1a: DA LAST REX(3005)
|-damage|p1a: DA LAST REX(3005)|14/100
|move|p1a: DA LAST REX(3005)|Fire Blast|p2a: Tapu Lele
|-damage|p2a: Tapu Lele|68/100
|
|-weather|Sandstorm|[upkeep]
|-damage|p2a: Tapu Lele|62/100|[from] Sandstorm
|upkeep
|turn|18
|
|t:|1654481840
|move|p2a: Tapu Lele|Moonblast|p1a: DA LAST REX(3005)
|-supereffective|p1a: DA LAST REX(3005)
|-crit|p1a: DA LAST REX(3005)
|-damage|p1a: DA LAST REX(3005)|0 fnt
|faint|p1a: DA LAST REX(3005)
|
|-weather|Sandstorm|[upkeep]
|-damage|p2a: Tapu Lele|56/100|[from] Sandstorm
|upkeep
|
|t:|1654481842
|switch|p1a: VODECi|Tapu Koko|57/100
|-damage|p1a: VODECi|45/100|[from] Stealth Rock
|-fieldstart|move: Electric Terrain|[from] ability: Electric Surge|[of] p1a: VODECi
|turn|19
|
|t:|1654481856
|move|p1a: VODECi|Thunderbolt|p2a: Tapu Lele
|-damage|p2a: Tapu Lele|0 fnt
|faint|p2a: Tapu Lele
|
|-weather|Sandstorm|[upkeep]
|-damage|p1a: VODECi|39/100|[from] Sandstorm
|upkeep
|
|t:|1654481858
|switch|p2a: Blacephalon|Blacephalon|100/100
|turn|20
|
|t:|1654481861
|move|p2a: Blacephalon|Shadow Ball|p1a: VODECi
|-damage|p1a: VODECi|0 fnt
|faint|p1a: VODECi
|-ability|p2a: Blacephalon|Beast Boost|boost
|-boost|p2a: Blacephalon|spa|1
|
|-weather|Sandstorm|[upkeep]
|-damage|p2a: Blacephalon|94/100|[from] Sandstorm
|upkeep
|
|t:|1654481863
|switch|p1a: Fat Charizard|Dragonite, M, shiny|100/100
|turn|21
|
|t:|1654481870
|move|p2a: Blacephalon|Shadow Ball|p1a: Fat Charizard
|-damage|p1a: Fat Charizard|65/100
|move|p1a: Fat Charizard|Earthquake|p2a: Blacephalon
|-supereffective|p2a: Blacephalon
|-damage|p2a: Blacephalon|0 fnt
|faint|p2a: Blacephalon
|
|-weather|none
|upkeep
|
|t:|1654481875
|switch|p2a: Kartana|Kartana|76/100
|turn|22
|
|t:|1654481877
|move|p2a: Kartana|Swords Dance|p2a: Kartana
|-boost|p2a: Kartana|atk|2
|move|p1a: Fat Charizard|Dual Wingbeat|p2a: Kartana
|-damage|p2a: Kartana|49/100
|-damage|p2a: Kartana|23/100
|-hitcount|p2a: Kartana|2
|
|upkeep
|turn|23
|
|t:|1654481882
|move|p1a: Fat Charizard|Extreme Speed|p2a: Kartana
|-resisted|p2a: Kartana
|-crit|p2a: Kartana
|-damage|p2a: Kartana|0 fnt
|faint|p2a: Kartana
|
|win|NeoNaruto®++
|raw|NeoNaruto®++'s rating: 1633 &rarr; <strong>1664</strong><br />(+31 for winning)
|raw|HOF69's rating: 1851 &rarr; <strong>1820</strong><br />(-31 for losing)
|l|☆HOF69
|l|☆NeoNaruto®++
||Ladder isn't responding, score probably updated but might not have (Request timeout).
