|j|☆pastagirl
|j|☆Commando 55
|t:|1663712646
|gametype|singles
|player|p1|pastagirl|elesa|1695
|player|p2|Commando 55|266|1842
|teamsize|p1|6
|teamsize|p2|6
|gen|8
|tier|[Gen 8] OU
|rated|
|rule|Sleep Clause Mod: Limit one foe put to sleep
|rule|Species Clause: Limit one of each Pokémon
|rule|OHKO Clause: OHKO moves are banned
|rule|Evasion Items Clause: Evasion items are banned
|rule|Evasion Moves Clause: Evasion moves are banned
|rule|Endless Battle Clause: Forcing endless battles is banned
|rule|HP Percentage Mod: HP is shown in percentages
|rule|Dynamax Clause: You cannot dynamax
|clearpoke
|poke|p1|Toxtricity-Low-Key, M|
|poke|p1|Landorus-Therian, M|
|poke|p1|Ferrothorn, F|
|poke|p1|Tornadus-Therian, M|
|poke|p1|Urshifu-*, F|
|poke|p1|Slowbro, F|
|poke|p2|Torkoal, M|
|poke|p2|Victini|
|poke|p2|Heatran, M|
|poke|p2|Umbreon, F|
|poke|p2|Dragonite, M|
|poke|p2|Blissey, F|
|teampreview
|inactive|Battle timer is ON: inactive players will automatically lose when time's up. (requested by Commando 55)
|
|t:|1663712686
|start
|switch|p1a: Tornadus|Tornadus-Therian, M|100/100
|switch|p2a: Torkoal|Torkoal, M|100/100
|-weather|SunnyDay|[from] ability: Drought|[of] p2a: Torkoal
|turn|1
|
|t:|1663712689
|switch|p2a: Blissey|Blissey, F|100/100
|move|p1a: Tornadus|Knock Off|p2a: Blissey
|-damage|p2a: Blissey|83/100
|-enditem|p2a: Blissey|Heavy-Duty Boots|[from] move: Knock Off|[of] p1a: Tornadus
|
|-weather|SunnyDay|[upkeep]
|upkeep
|turn|2
|
|t:|1663712694
|move|p1a: Tornadus|U-turn|p2a: Blissey
|-damage|p2a: Blissey|70/100
|
|t:|1663712698
|switch|p1a: Slowbro|Slowbro, F|100/100|[from]move: U-turn
|move|p2a: Blissey|Teleport|p2a: Blissey
|
|t:|1663712706
|switch|p2a: Victini|Victini|100/100|[from]move: Teleport
|
|-weather|SunnyDay|[upkeep]
|upkeep
|turn|3
|
|t:|1663712716
|move|p2a: Victini|V-create|p1a: Slowbro
|-resisted|p1a: Slowbro
|-crit|p1a: Slowbro
|-damage|p1a: Slowbro|0 fnt
|-unboost|p2a: Victini|spe|1
|-unboost|p2a: Victini|def|1
|-unboost|p2a: Victini|spd|1
|faint|p1a: Slowbro
|
|-weather|SunnyDay|[upkeep]
|upkeep
|c|☆pastagirl|nooooo
|c|☆pastagirl|:c
|
|t:|1663712733
|switch|p1a: kyle|Toxtricity-Low-Key, M|100/100
|turn|4
|c|☆Commando 55|Yo mb
|c|☆pastagirl|its ok lol
|c|☆pastagirl|im twave bro
|c|☆Commando 55|didnt even know a crit can okho
|c|☆pastagirl|which is kinda unfort
|c|☆pastagirl|i'm spdef
|c|☆pastagirl|so
|c|☆Commando 55|Oh ok
|inactive|Commando 55 has 120 seconds left.
|
|t:|1663712765
|switch|p2a: Dragonite|Dragonite, M|100/100
|move|p1a: kyle|Volt Switch|p2a: Dragonite
|-damage|p2a: Dragonite|75/100
|j| Vantaa
|c|☆pastagirl|was gonna take like
|c|☆pastagirl|70 from that
|
|t:|1663712775
|switch|p1a: Urshifu|Urshifu-Rapid-Strike, F|100/100|[from]move: Volt Switch
|
|-weather|SunnyDay|[upkeep]
|upkeep
|turn|5
|c|☆Commando 55|What u go for
|c|☆pastagirl|twave
|
|t:|1663712787
|switch|p2a: Torkoal|Torkoal, M|100/100
|move|p1a: Urshifu|U-turn|p2a: Torkoal
|-resisted|p2a: Torkoal
|-damage|p2a: Torkoal|93/100
|
|t:|1663712790
|switch|p1a: kyle|Toxtricity-Low-Key, M|100/100|[from]move: U-turn
|
|-weather|none
|upkeep
|turn|6
|
|t:|1663712801
|switch|p2a: Blissey|Blissey, F|70/100
|move|p1a: kyle|Volt Switch|p2a: Blissey
|-damage|p2a: Blissey|48/100
|
|t:|1663712804
|switch|p1a: Urshifu|Urshifu-Rapid-Strike, F|100/100|[from]move: Volt Switch
|
|upkeep
|turn|7
|
|t:|1663712818
|switch|p2a: Dragonite|Dragonite, M|75/100
|move|p1a: Urshifu|Close Combat|p2a: Dragonite
|-resisted|p2a: Dragonite
|-damage|p2a: Dragonite|53/100
|-unboost|p1a: Urshifu|def|1
|-unboost|p1a: Urshifu|spd|1
|
|upkeep
|turn|8
|
|t:|1663712821
|switch|p1a: Landorus|Landorus-Therian, M|100/100
|-ability|p1a: Landorus|Intimidate|boost
|-unboost|p2a: Dragonite|atk|1
|move|p2a: Dragonite|Roost|p2a: Dragonite
|-heal|p2a: Dragonite|100/100
|-singleturn|p2a: Dragonite|move: Roost
|
|upkeep
|turn|9
|
|t:|1663712825
|move|p1a: Landorus|Toxic|p2a: Dragonite
|-status|p2a: Dragonite|tox
|move|p2a: Dragonite|Ice Beam|p1a: Landorus
|-supereffective|p1a: Landorus
|-damage|p1a: Landorus|35/100
|
|-heal|p1a: Landorus|41/100|[from] item: Leftovers
|-damage|p2a: Dragonite|94/100 tox|[from] psn
|upkeep
|turn|10
|
|t:|1663712831
|switch|p1a: Ferrothorn|Ferrothorn, F|100/100
|switch|p2a: Torkoal|Torkoal, M|93/100
|-weather|SunnyDay|[from] ability: Drought|[of] p2a: Torkoal
|
|-weather|SunnyDay|[upkeep]
|upkeep
|turn|11
|
|t:|1663712848
|switch|p2a: Heatran|Heatran, M|100/100
|switch|p1a: Tornadus|Tornadus-Therian, M|100/100
|
|-weather|SunnyDay|[upkeep]
|upkeep
|turn|12
|
|t:|1663712861
|move|p2a: Heatran|Eruption|p1a: Tornadus
|-damage|p1a: Tornadus|0 fnt
|faint|p1a: Tornadus
|
|-weather|SunnyDay|[upkeep]
|upkeep
|
|t:|1663712866
|switch|p1a: Urshifu|Urshifu-Rapid-Strike, F|100/100
|turn|13
|
|t:|1663712878
|switch|p2a: Dragonite|Dragonite, M|94/100 tox
|move|p1a: Urshifu|Close Combat|p2a: Dragonite
|-resisted|p2a: Dragonite
|-damage|p2a: Dragonite|73/100 tox
|-unboost|p1a: Urshifu|def|1
|-unboost|p1a: Urshifu|spd|1
|
|-weather|SunnyDay|[upkeep]
|-damage|p2a: Dragonite|66/100 tox|[from] psn
|upkeep
|turn|14
|
|t:|1663712899
|switch|p1a: Landorus|Landorus-Therian, M|41/100
|-ability|p1a: Landorus|Intimidate|boost
|-unboost|p2a: Dragonite|atk|1
|switch|p2a: Victini|Victini|100/100
|
|-weather|none
|-heal|p1a: Landorus|47/100|[from] item: Leftovers
|upkeep
|turn|15
|j| hmsa2012
|
|t:|1663712906
|switch|p1a: Urshifu|Urshifu-Rapid-Strike, F|100/100
|move|p2a: Victini|V-create|p1a: Urshifu
|-resisted|p1a: Urshifu
|-damage|p1a: Urshifu|34/100
|-unboost|p2a: Victini|spe|1
|-unboost|p2a: Victini|def|1
|-unboost|p2a: Victini|spd|1
|
|upkeep
|turn|16
|l| hmsa2012
|
|t:|1663712922
|switch|p2a: Torkoal|Torkoal, M|93/100
|-weather|SunnyDay|[from] ability: Drought|[of] p2a: Torkoal
|move|p1a: Urshifu|Ice Punch|p2a: Torkoal
|-resisted|p2a: Torkoal
|-damage|p2a: Torkoal|85/100
|
|-weather|SunnyDay|[upkeep]
|upkeep
|turn|17
|
|t:|1663712928
|switch|p1a: kyle|Toxtricity-Low-Key, M|100/100
|switch|p2a: Heatran|Heatran, M|100/100
|
|-weather|SunnyDay|[upkeep]
|upkeep
|turn|18
|c|☆pastagirl|gg
|-message|pastagirl forfeited.
|
|win|Commando 55
|raw|pastagirl's rating: 1695 &rarr; <strong>1683</strong><br />(-12 for losing)
|raw|Commando 55's rating: 1842 &rarr; <strong>1854</strong><br />(+12 for winning)
|c|☆Commando 55|Gg
||Ladder isn't responding, score probably updated but might not have (Request timeout).
|l| Vantaa
