|html|<div class="broadcast-blue"><strong>[Gen 8] OU is currently suspecting Zamazenta-Crowned! For information on how to participate check out the <a href="https://www.smogon.com/forums/threads/np-ss-ou-suspect-process-round-10-royals.3681787/">suspect thread</a>.</strong></div>
|j|☆Evol NocTali
|j|☆Tirkys
|t:|1619289421
|gametype|singles
|player|p1|Evol NocTali|265|1584
|player|p2|Tirkys|hilda-dueldisk|1722
|teamsize|p1|6
|teamsize|p2|6
|gen|8
|tier|[Gen 8] OU
|rated|
|clearpoke
|poke|p1|Heatran, M|
|poke|p1|Landorus-Therian, M|
|poke|p1|Tapu Koko|
|poke|p1|Mandibuzz, F|
|poke|p1|Slowbro, M|
|poke|p1|Zamazenta-Crowned|
|poke|p2|Volcarona, F|
|poke|p2|Quagsire, M|
|poke|p2|Xatu, F|
|poke|p2|Mantine, M|
|poke|p2|Nidoking, M|
|poke|p2|Ninetales-Alola, F|
|rule|Sleep Clause Mod: Limit one foe put to sleep
|rule|Species Clause: Limit one of each Pokémon
|rule|OHKO Clause: OHKO moves are banned
|rule|Evasion Moves Clause: Evasion moves are banned
|rule|Endless Battle Clause: Forcing endless battles is banned
|rule|HP Percentage Mod: HP is shown in percentages
|rule|Dynamax Clause: You cannot dynamax
|teampreview
|inactive|Battle timer is ON: inactive players will automatically lose when time's up. (requested by Tirkys)
|
|t:|1619289437
|start
|switch|p1a: Heatran|Heatran, M|100/100
|switch|p2a: PurpleHaze|Nidoking, M|100/100
|turn|1
|
|t:|1619289444
|switch|p1a: Mandibuzz|Mandibuzz, F|100/100
|move|p2a: PurpleHaze|Sludge Wave|p1a: Mandibuzz
|-damage|p1a: Mandibuzz|60/100
|
|upkeep
|turn|2
|
|t:|1619289451
|move|p2a: PurpleHaze|Sludge Wave|p1a: Mandibuzz
|-damage|p1a: Mandibuzz|22/100
|move|p1a: Mandibuzz|U-turn|p2a: PurpleHaze
|-resisted|p2a: PurpleHaze
|-damage|p2a: PurpleHaze|92/100
|
|t:|1619289459
|switch|p1a: Zamazenta|Zamazenta-Crowned|100/100|[from]move: U-turn
|-ability|p1a: Zamazenta|Dauntless Shield|boost
|-boost|p1a: Zamazenta|def|1
|
|upkeep
|turn|3
|
|t:|1619289467
|switch|p2a: Magician'sRed|Volcarona, F|100/100
|move|p1a: Zamazenta|Close Combat|p2a: Magician'sRed
|-resisted|p2a: Magician'sRed
|-damage|p2a: Magician'sRed|70/100
|-unboost|p1a: Zamazenta|def|1
|-unboost|p1a: Zamazenta|spd|1
|
|-heal|p2a: Magician'sRed|76/100|[from] item: Leftovers
|upkeep
|turn|4
|
|t:|1619289472
|switch|p1a: Heatran|Heatran, M|100/100
|move|p2a: Magician'sRed|Roost|p2a: Magician'sRed
|-heal|p2a: Magician'sRed|100/100
|-singleturn|p2a: Magician'sRed|move: Roost
|
|upkeep
|turn|5
|
|t:|1619289475
|switch|p2a: ManInTheMirror|Xatu, F|100/100
|move|p1a: Heatran|Stealth Rock|p2a: ManInTheMirror
|move|p2a: ManInTheMirror|Stealth Rock|p1a: Heatran|[from]ability: Magic Bounce
|-sidestart|p1: Evol NocTali|move: Stealth Rock
|
|upkeep
|turn|6
|
|t:|1619289479
|move|p1a: Heatran|Lava Plume|p2a: ManInTheMirror
|-damage|p2a: ManInTheMirror|70/100
|move|p2a: ManInTheMirror|Cosmic Power|p2a: ManInTheMirror
|-boost|p2a: ManInTheMirror|def|1
|-boost|p2a: ManInTheMirror|spd|1
|
|upkeep
|turn|7
|
|t:|1619289484
|switch|p1a: Tapu Koko|Tapu Koko|100/100
|-damage|p1a: Tapu Koko|88/100|[from] Stealth Rock
|-fieldstart|move: Electric Terrain|[from] ability: Electric Surge|[of] p1a: Tapu Koko
|move|p2a: ManInTheMirror|Roost|p2a: ManInTheMirror
|-heal|p2a: ManInTheMirror|100/100
|-singleturn|p2a: ManInTheMirror|move: Roost
|
|upkeep
|turn|8
|
|t:|1619289493
|switch|p2a: Magician'sRed|Volcarona, F|100/100
|move|p1a: Tapu Koko|Volt Switch|p2a: Magician'sRed
|-damage|p2a: Magician'sRed|50/100
|
|t:|1619289509
|switch|p1a: Zamazenta|Zamazenta-Crowned|100/100|[from]move: Volt Switch
|-damage|p1a: Zamazenta|97/100|[from] Stealth Rock
|-ability|p1a: Zamazenta|Dauntless Shield|boost
|-boost|p1a: Zamazenta|def|1
|
|-heal|p2a: Magician'sRed|57/100|[from] item: Leftovers
|upkeep
|turn|9
|
|t:|1619289512
|move|p1a: Zamazenta|Wild Charge|p2a: Magician'sRed
|-damage|p2a: Magician'sRed|18/100
|-damage|p1a: Zamazenta|86/100|[from] Recoil
|move|p2a: Magician'sRed|Roost|p2a: Magician'sRed
|-heal|p2a: Magician'sRed|68/100
|-singleturn|p2a: Magician'sRed|move: Roost
|
|-heal|p2a: Magician'sRed|74/100|[from] item: Leftovers
|upkeep
|turn|10
|
|t:|1619289521
|switch|p1a: Mandibuzz|Mandibuzz, F|22/100
|move|p2a: Magician'sRed|Roost|p2a: Magician'sRed
|-heal|p2a: Magician'sRed|100/100
|-singleturn|p2a: Magician'sRed|move: Roost
|
|upkeep
|turn|11
|
|t:|1619289529
|move|p2a: Magician'sRed|Fiery Dance|p1a: Mandibuzz
|-damage|p1a: Mandibuzz|0 fnt
|faint|p1a: Mandibuzz
|
|-fieldend|move: Electric Terrain
|upkeep
|
|t:|1619289540
|switch|p1a: Landorus|Landorus-Therian, M|100/100
|-damage|p1a: Landorus|88/100|[from] Stealth Rock
|-ability|p1a: Landorus|Intimidate|boost
|-unboost|p2a: Magician'sRed|atk|1
|turn|12
|
|t:|1619289544
|switch|p2a: StarPlatinum|Quagsire, M, shiny|100/100
|move|p1a: Landorus|U-turn|p2a: StarPlatinum
|-damage|p2a: StarPlatinum|82/100
|
|t:|1619289557
|switch|p1a: Slowbro|Slowbro, M|100/100|[from]move: U-turn
|
|-heal|p2a: StarPlatinum|89/100|[from] item: Leftovers
|upkeep
|turn|13
|
|t:|1619289563
|move|p2a: StarPlatinum|Scald|p1a: Slowbro
|-resisted|p1a: Slowbro
|-damage|p1a: Slowbro|91/100
|move|p1a: Slowbro|Future Sight|p2a: StarPlatinum
|-start|p1a: Slowbro|move: Future Sight
|
|-heal|p2a: StarPlatinum|95/100|[from] item: Leftovers
|upkeep
|turn|14
|
|t:|1619289565
|move|p2a: StarPlatinum|Scald|p1a: Slowbro
|-resisted|p1a: Slowbro
|-damage|p1a: Slowbro|81/100
|move|p1a: Slowbro|Teleport|p1a: Slowbro
|
|t:|1619289575
|switch|p1a: Tapu Koko|Tapu Koko|88/100|[from]move: Teleport
|-damage|p1a: Tapu Koko|76/100|[from] Stealth Rock
|-fieldstart|move: Electric Terrain|[from] ability: Electric Surge|[of] p1a: Tapu Koko
|
|-heal|p2a: StarPlatinum|100/100|[from] item: Leftovers
|upkeep
|turn|15
|
|t:|1619289580
|switch|p2a: CatchTheRainbow|Mantine, M|100/100
|move|p1a: Tapu Koko|Grass Knot|p2a: CatchTheRainbow
|-damage|p2a: CatchTheRainbow|73/100
|
|-end|p2a: CatchTheRainbow|move: Future Sight
|-crit|p2a: CatchTheRainbow
|-damage|p2a: CatchTheRainbow|37/100
|-heal|p2a: CatchTheRainbow|43/100|[from] item: Leftovers
|upkeep
|turn|16
|
|t:|1619289592
|switch|p1a: Landorus|Landorus-Therian, M|88/100
|-damage|p1a: Landorus|76/100|[from] Stealth Rock
|-ability|p1a: Landorus|Intimidate|boost
|-unboost|p2a: CatchTheRainbow|atk|1
|switch|p2a: PurpleHaze|Nidoking, M|92/100
|
|upkeep
|turn|17
|
|t:|1619289596
|move|p1a: Landorus|Earthquake|p2a: PurpleHaze
|-supereffective|p2a: PurpleHaze
|-crit|p2a: PurpleHaze
|-damage|p2a: PurpleHaze|0 fnt
|faint|p2a: PurpleHaze
|
|upkeep
|
|t:|1619289599
|switch|p2a: WhiteAlbum|Ninetales-Alola, F|100/100
|-weather|Hail|[from] ability: Snow Warning|[of] p2a: WhiteAlbum
|turn|18
|
|t:|1619289608
|switch|p1a: Heatran|Heatran, M|100/100
|-damage|p1a: Heatran|88/100|[from] Stealth Rock
|move|p2a: WhiteAlbum|Blizzard|p1a: Heatran
|-resisted|p1a: Heatran
|-damage|p1a: Heatran|81/100
|
|-weather|Hail|[upkeep]
|-damage|p1a: Heatran|75/100|[from] Hail
|-heal|p1a: Heatran|81/100|[from] item: Leftovers
|-fieldend|move: Electric Terrain
|upkeep
|turn|19
|
|t:|1619289613
|switch|p2a: ManInTheMirror|Xatu, F|100/100
|move|p1a: Heatran|Lava Plume|p2a: ManInTheMirror
|-damage|p2a: ManInTheMirror|67/100
|-status|p2a: ManInTheMirror|brn
|
|-weather|Hail|[upkeep]
|-damage|p1a: Heatran|75/100|[from] Hail
|-damage|p2a: ManInTheMirror|61/100 brn|[from] Hail
|-heal|p1a: Heatran|81/100|[from] item: Leftovers
|-damage|p2a: ManInTheMirror|55/100 brn|[from] brn
|upkeep
|turn|20
|
|t:|1619289617
|move|p1a: Heatran|Lava Plume|p2a: ManInTheMirror
|-damage|p2a: ManInTheMirror|19/100 brn
|move|p2a: ManInTheMirror|Roost|p2a: ManInTheMirror
|-heal|p2a: ManInTheMirror|69/100 brn
|-singleturn|p2a: ManInTheMirror|move: Roost
|
|-weather|Hail|[upkeep]
|-damage|p1a: Heatran|75/100|[from] Hail
|-damage|p2a: ManInTheMirror|63/100 brn|[from] Hail
|-heal|p1a: Heatran|81/100|[from] item: Leftovers
|-damage|p2a: ManInTheMirror|57/100 brn|[from] brn
|upkeep
|turn|21
|
|t:|1619289639
|switch|p1a: Tapu Koko|Tapu Koko|76/100
|-damage|p1a: Tapu Koko|63/100|[from] Stealth Rock
|-fieldstart|move: Electric Terrain|[from] ability: Electric Surge|[of] p1a: Tapu Koko
|move|p2a: ManInTheMirror|Roost|p2a: ManInTheMirror
|-heal|p2a: ManInTheMirror|100/100 brn
|-singleturn|p2a: ManInTheMirror|move: Roost
|
|-weather|Hail|[upkeep]
|-damage|p1a: Tapu Koko|57/100|[from] Hail
|-damage|p2a: ManInTheMirror|95/100 brn|[from] Hail
|-damage|p2a: ManInTheMirror|89/100 brn|[from] brn
|upkeep
|turn|22
|
|t:|1619289643
|switch|p2a: CatchTheRainbow|Mantine, M|43/100
|move|p1a: Tapu Koko|Volt Switch|p2a: CatchTheRainbow
|-supereffective|p2a: CatchTheRainbow
|-damage|p2a: CatchTheRainbow|0 fnt
|faint|p2a: CatchTheRainbow
|
|t:|1619289651
|switch|p1a: Landorus|Landorus-Therian, M|76/100|[from]move: Volt Switch
|-damage|p1a: Landorus|64/100|[from] Stealth Rock
|
|-weather|none
|upkeep
|
|t:|1619289654
|switch|p2a: WhiteAlbum|Ninetales-Alola, F|100/100
|-weather|Hail|[from] ability: Snow Warning|[of] p2a: WhiteAlbum
|turn|23
|
|t:|1619289658
|move|p2a: WhiteAlbum|Blizzard|p1a: Landorus
|-supereffective|p1a: Landorus
|-damage|p1a: Landorus|0 fnt
|faint|p1a: Landorus
|
|-weather|Hail|[upkeep]
|upkeep
|
|t:|1619289664
|switch|p1a: Heatran|Heatran, M|81/100
|-damage|p1a: Heatran|68/100|[from] Stealth Rock
|turn|24
|
|t:|1619289667
|switch|p2a: ManInTheMirror|Xatu, F|89/100 brn
|move|p1a: Heatran|Lava Plume|p2a: ManInTheMirror
|-damage|p2a: ManInTheMirror|54/100 brn
|
|-weather|Hail|[upkeep]
|-damage|p1a: Heatran|62/100|[from] Hail
|-damage|p2a: ManInTheMirror|48/100 brn|[from] Hail
|-heal|p1a: Heatran|68/100|[from] item: Leftovers
|-damage|p2a: ManInTheMirror|42/100 brn|[from] brn
|upkeep
|turn|25
|
|t:|1619289670
|move|p1a: Heatran|Lava Plume|p2a: ManInTheMirror
|-damage|p2a: ManInTheMirror|9/100 brn
|move|p2a: ManInTheMirror|Roost|p2a: ManInTheMirror
|-heal|p2a: ManInTheMirror|59/100 brn
|-singleturn|p2a: ManInTheMirror|move: Roost
|
|-weather|Hail|[upkeep]
|-damage|p1a: Heatran|62/100|[from] Hail
|-damage|p2a: ManInTheMirror|53/100 brn|[from] Hail
|-heal|p1a: Heatran|68/100|[from] item: Leftovers
|-damage|p2a: ManInTheMirror|47/100 brn|[from] brn
|-fieldend|move: Electric Terrain
|upkeep
|turn|26
|
|t:|1619289675
|switch|p1a: Tapu Koko|Tapu Koko|57/100
|-damage|p1a: Tapu Koko|45/100|[from] Stealth Rock
|-fieldstart|move: Electric Terrain|[from] ability: Electric Surge|[of] p1a: Tapu Koko
|move|p2a: ManInTheMirror|Roost|p2a: ManInTheMirror
|-heal|p2a: ManInTheMirror|97/100 brn
|-singleturn|p2a: ManInTheMirror|move: Roost
|
|-weather|Hail|[upkeep]
|-damage|p1a: Tapu Koko|39/100|[from] Hail
|-damage|p2a: ManInTheMirror|91/100 brn|[from] Hail
|-damage|p2a: ManInTheMirror|85/100 brn|[from] brn
|upkeep
|turn|27
|
|t:|1619289681
|switch|p2a: Magician'sRed|Volcarona, F|100/100
|move|p1a: Tapu Koko|Grass Knot|p2a: Magician'sRed
|-resisted|p2a: Magician'sRed
|-damage|p2a: Magician'sRed|95/100
|-status|p1a: Tapu Koko|brn|[from] ability: Flame Body|[of] p2a: Magician'sRed
|
|-weather|none
|-heal|p2a: Magician'sRed|100/100|[from] item: Leftovers
|-damage|p1a: Tapu Koko|33/100 brn|[from] brn
|upkeep
|turn|28
|
|t:|1619289689
|switch|p1a: Heatran|Heatran, M|68/100
|-damage|p1a: Heatran|56/100|[from] Stealth Rock
|move|p2a: Magician'sRed|Roost||[still]
|-fail|p2a: Magician'sRed|heal
|
|-heal|p1a: Heatran|62/100|[from] item: Leftovers
|upkeep
|turn|29
|
|t:|1619289693
|switch|p2a: ManInTheMirror|Xatu, F|85/100 brn
|move|p1a: Heatran|Stealth Rock|p2a: ManInTheMirror
|move|p2a: ManInTheMirror|Stealth Rock||[from]ability: Magic Bounce|[still]
|-fail|p2a: ManInTheMirror
|
|-heal|p1a: Heatran|68/100|[from] item: Leftovers
|-damage|p2a: ManInTheMirror|79/100 brn|[from] brn
|upkeep
|turn|30
|
|t:|1619289696
|move|p1a: Heatran|Lava Plume|p2a: ManInTheMirror
|-damage|p2a: ManInTheMirror|46/100 brn
|move|p2a: ManInTheMirror|Roost|p2a: ManInTheMirror
|-heal|p2a: ManInTheMirror|96/100 brn
|-singleturn|p2a: ManInTheMirror|move: Roost
|
|-heal|p1a: Heatran|75/100|[from] item: Leftovers
|-damage|p2a: ManInTheMirror|90/100 brn|[from] brn
|-fieldend|move: Electric Terrain
|upkeep
|turn|31
|
|t:|1619289700
|move|p1a: Heatran|Lava Plume|p2a: ManInTheMirror
|-damage|p2a: ManInTheMirror|56/100 brn
|move|p2a: ManInTheMirror|Heat Wave|p1a: Heatran
|-start|p1a: Heatran|ability: Flash Fire
|
|-heal|p1a: Heatran|81/100|[from] item: Leftovers
|-damage|p2a: ManInTheMirror|50/100 brn|[from] brn
|upkeep
|turn|32
|
|t:|1619289706
|move|p1a: Heatran|Lava Plume|p2a: ManInTheMirror
|-damage|p2a: ManInTheMirror|0 fnt
|faint|p2a: ManInTheMirror
|
|-heal|p1a: Heatran|87/100|[from] item: Leftovers
|upkeep
|
|t:|1619289708
|switch|p2a: StarPlatinum|Quagsire, M, shiny|100/100
|turn|33
|
|t:|1619289713
|-end|p1a: Heatran|ability: Flash Fire|[silent]
|switch|p1a: Slowbro|Slowbro, M|100/100
|move|p2a: StarPlatinum|Scald|p1a: Slowbro
|-resisted|p1a: Slowbro
|-crit|p1a: Slowbro
|-damage|p1a: Slowbro|85/100
|
|upkeep
|turn|34
|
|t:|1619289715
|switch|p2a: Magician'sRed|Volcarona, F|100/100
|move|p1a: Slowbro|Future Sight|p2a: Magician'sRed
|-start|p1a: Slowbro|move: Future Sight
|
|upkeep
|turn|35
|
|t:|1619289719
|switch|p1a: Heatran|Heatran, M|87/100
|-damage|p1a: Heatran|75/100|[from] Stealth Rock
|move|p2a: Magician'sRed|Bug Buzz|p1a: Heatran
|-resisted|p1a: Heatran
|-crit|p1a: Heatran
|-damage|p1a: Heatran|64/100
|
|-heal|p1a: Heatran|70/100|[from] item: Leftovers
|upkeep
|turn|36
|
|t:|1619289724
|move|p2a: Magician'sRed|Quiver Dance|p2a: Magician'sRed
|-boost|p2a: Magician'sRed|spa|1
|-boost|p2a: Magician'sRed|spd|1
|-boost|p2a: Magician'sRed|spe|1
|move|p1a: Heatran|Stealth Rock|p2a: Magician'sRed
|-sidestart|p2: Tirkys|move: Stealth Rock
|
|-end|p2a: Magician'sRed|move: Future Sight
|-damage|p2a: Magician'sRed|74/100
|-heal|p2a: Magician'sRed|80/100|[from] item: Leftovers
|-heal|p1a: Heatran|77/100|[from] item: Leftovers
|upkeep
|turn|37
|
|t:|1619289727
|move|p2a: Magician'sRed|Quiver Dance|p2a: Magician'sRed
|-boost|p2a: Magician'sRed|spa|1
|-boost|p2a: Magician'sRed|spd|1
|-boost|p2a: Magician'sRed|spe|1
|move|p1a: Heatran|Toxic|p2a: Magician'sRed
|-status|p2a: Magician'sRed|tox
|
|-heal|p2a: Magician'sRed|86/100 tox|[from] item: Leftovers
|-heal|p1a: Heatran|83/100|[from] item: Leftovers
|-damage|p2a: Magician'sRed|80/100 tox|[from] psn
|upkeep
|turn|38
|
|t:|1619289738
|move|p2a: Magician'sRed|Quiver Dance|p2a: Magician'sRed
|-boost|p2a: Magician'sRed|spa|1
|-boost|p2a: Magician'sRed|spd|1
|-boost|p2a: Magician'sRed|spe|1
|move|p1a: Heatran|Lava Plume|p2a: Magician'sRed
|-damage|p2a: Magician'sRed|68/100 tox
|
|-heal|p2a: Magician'sRed|74/100 tox|[from] item: Leftovers
|-heal|p1a: Heatran|89/100|[from] item: Leftovers
|-damage|p2a: Magician'sRed|62/100 tox|[from] psn
|upkeep
|turn|39
|
|t:|1619289750
|move|p2a: Magician'sRed|Bug Buzz|p1a: Heatran
|-resisted|p1a: Heatran
|-damage|p1a: Heatran|73/100
|move|p1a: Heatran|Lava Plume|p2a: Magician'sRed
|-damage|p2a: Magician'sRed|50/100 tox
|
|-heal|p2a: Magician'sRed|56/100 tox|[from] item: Leftovers
|-heal|p1a: Heatran|79/100|[from] item: Leftovers
|-damage|p2a: Magician'sRed|37/100 tox|[from] psn
|upkeep
|turn|40
|
|t:|1619289765
|move|p2a: Magician'sRed|Roost|p2a: Magician'sRed
|-heal|p2a: Magician'sRed|87/100 tox
|-singleturn|p2a: Magician'sRed|move: Roost
|move|p1a: Heatran|Lava Plume|p2a: Magician'sRed
|-damage|p2a: Magician'sRed|76/100 tox
|
|-heal|p2a: Magician'sRed|82/100 tox|[from] item: Leftovers
|-heal|p1a: Heatran|85/100|[from] item: Leftovers
|-damage|p2a: Magician'sRed|57/100 tox|[from] psn
|upkeep
|turn|41
|
|t:|1619289775
|move|p2a: Magician'sRed|Bug Buzz|p1a: Heatran
|-resisted|p1a: Heatran
|-damage|p1a: Heatran|67/100
|move|p1a: Heatran|Lava Plume|p2a: Magician'sRed
|-damage|p2a: Magician'sRed|46/100 tox
|
|-heal|p2a: Magician'sRed|52/100 tox|[from] item: Leftovers
|-heal|p1a: Heatran|74/100|[from] item: Leftovers
|-damage|p2a: Magician'sRed|21/100 tox|[from] psn
|upkeep
|turn|42
|
|t:|1619289788
|move|p2a: Magician'sRed|Bug Buzz|p1a: Heatran
|-resisted|p1a: Heatran
|-damage|p1a: Heatran|57/100
|move|p1a: Heatran|Lava Plume|p2a: Magician'sRed
|-damage|p2a: Magician'sRed|10/100 tox
|
|-heal|p2a: Magician'sRed|16/100 tox|[from] item: Leftovers
|-heal|p1a: Heatran|63/100|[from] item: Leftovers
|-damage|p2a: Magician'sRed|0 fnt|[from] psn
|faint|p2a: Magician'sRed
|upkeep
|
|t:|1619289791
|switch|p2a: StarPlatinum|Quagsire, M, shiny|100/100
|-damage|p2a: StarPlatinum|94/100|[from] Stealth Rock
|turn|43
|
|t:|1619289796
|switch|p1a: Slowbro|Slowbro, M|100/100
|move|p2a: StarPlatinum|Scald|p1a: Slowbro
|-resisted|p1a: Slowbro
|-damage|p1a: Slowbro|90/100
|
|-heal|p2a: StarPlatinum|100/100|[from] item: Leftovers
|upkeep
|turn|44
|
|t:|1619289798
|move|p2a: StarPlatinum|Stockpile|p2a: StarPlatinum
|-start|p2a: StarPlatinum|stockpile1
|-boost|p2a: StarPlatinum|def|1
|-boost|p2a: StarPlatinum|spd|1
|move|p1a: Slowbro|Future Sight|p2a: StarPlatinum
|-start|p1a: Slowbro|move: Future Sight
|
|upkeep
|turn|45
|j| Rocky Rage
|
|t:|1619289804
|move|p2a: StarPlatinum|Stockpile|p2a: StarPlatinum
|-start|p2a: StarPlatinum|stockpile2
|-boost|p2a: StarPlatinum|def|1
|-boost|p2a: StarPlatinum|spd|1
|move|p1a: Slowbro|Teleport|p1a: Slowbro
|
|t:|1619289806
|switch|p1a: Tapu Koko|Tapu Koko|33/100 brn|[from]move: Teleport
|-damage|p1a: Tapu Koko|20/100 brn|[from] Stealth Rock
|-fieldstart|move: Electric Terrain|[from] ability: Electric Surge|[of] p1a: Tapu Koko
|
|-damage|p1a: Tapu Koko|14/100 brn|[from] brn
|upkeep
|turn|46
|
|t:|1619289810
|switch|p2a: WhiteAlbum|Ninetales-Alola, F|100/100
|-damage|p2a: WhiteAlbum|76/100|[from] Stealth Rock
|-weather|Hail|[from] ability: Snow Warning|[of] p2a: WhiteAlbum
|move|p1a: Tapu Koko|Grass Knot|p2a: WhiteAlbum
|-damage|p2a: WhiteAlbum|57/100
|
|-weather|Hail|[upkeep]
|-damage|p1a: Tapu Koko|8/100 brn|[from] Hail
|-end|p2a: WhiteAlbum|move: Future Sight
|-damage|p2a: WhiteAlbum|11/100
|-damage|p1a: Tapu Koko|2/100 brn|[from] brn
|upkeep
|turn|47
|
|t:|1619289826
|move|p2a: WhiteAlbum|Dark Pulse|p1a: Tapu Koko
|-resisted|p1a: Tapu Koko
|-damage|p1a: Tapu Koko|0 fnt
|faint|p1a: Tapu Koko
|
|-weather|Hail|[upkeep]
|upkeep
|
|t:|1619289829
|switch|p1a: Zamazenta|Zamazenta-Crowned|86/100
|-damage|p1a: Zamazenta|83/100|[from] Stealth Rock
|-ability|p1a: Zamazenta|Dauntless Shield|boost
|-boost|p1a: Zamazenta|def|1
|turn|48
|
|t:|1619289845
|move|p2a: WhiteAlbum|Dark Pulse|p1a: Zamazenta
|-resisted|p1a: Zamazenta
|-damage|p1a: Zamazenta|75/100
|move|p1a: Zamazenta|Behemoth Bash|p2a: WhiteAlbum
|-supereffective|p2a: WhiteAlbum
|-damage|p2a: WhiteAlbum|0 fnt
|faint|p2a: WhiteAlbum
|
|-weather|Hail|[upkeep]
|-damage|p1a: Zamazenta|69/100|[from] Hail
|upkeep
|
|t:|1619289847
|switch|p2a: StarPlatinum|Quagsire, M, shiny|100/100
|-damage|p2a: StarPlatinum|94/100|[from] Stealth Rock
|turn|49
|
|t:|1619289850
|switch|p1a: Heatran|Heatran, M|63/100
|-damage|p1a: Heatran|51/100|[from] Stealth Rock
|move|p2a: StarPlatinum|Stockpile|p2a: StarPlatinum
|-start|p2a: StarPlatinum|stockpile1
|-boost|p2a: StarPlatinum|def|1
|-boost|p2a: StarPlatinum|spd|1
|
|-weather|Hail|[upkeep]
|-damage|p1a: Heatran|45/100|[from] Hail
|-damage|p2a: StarPlatinum|88/100|[from] Hail
|-heal|p1a: Heatran|51/100|[from] item: Leftovers
|-heal|p2a: StarPlatinum|94/100|[from] item: Leftovers
|-fieldend|move: Electric Terrain
|upkeep
|turn|50
|
|t:|1619289852
|move|p1a: Heatran|Toxic|p2a: StarPlatinum
|-status|p2a: StarPlatinum|tox
|move|p2a: StarPlatinum|Stockpile|p2a: StarPlatinum
|-start|p2a: StarPlatinum|stockpile2
|-boost|p2a: StarPlatinum|def|1
|-boost|p2a: StarPlatinum|spd|1
|
|-weather|none
|-heal|p1a: Heatran|57/100|[from] item: Leftovers
|-heal|p2a: StarPlatinum|100/100 tox|[from] item: Leftovers
|-damage|p2a: StarPlatinum|94/100 tox|[from] psn
|upkeep
|turn|51
|
|t:|1619289860
|switch|p1a: Slowbro|Slowbro, M|100/100
|move|p2a: StarPlatinum|Stockpile|p2a: StarPlatinum
|-start|p2a: StarPlatinum|stockpile3
|-boost|p2a: StarPlatinum|def|1
|-boost|p2a: StarPlatinum|spd|1
|
|-heal|p2a: StarPlatinum|100/100 tox|[from] item: Leftovers
|-damage|p2a: StarPlatinum|88/100 tox|[from] psn
|upkeep
|turn|52
|
|t:|1619289863
|move|p2a: StarPlatinum|Scald|p1a: Slowbro
|-resisted|p1a: Slowbro
|-damage|p1a: Slowbro|90/100
|-status|p1a: Slowbro|brn
|move|p1a: Slowbro|Future Sight|p2a: StarPlatinum
|-start|p1a: Slowbro|move: Future Sight
|
|-heal|p2a: StarPlatinum|94/100 tox|[from] item: Leftovers
|-damage|p2a: StarPlatinum|76/100 tox|[from] psn
|-damage|p1a: Slowbro|84/100 brn|[from] brn
|upkeep
|turn|53
|c| Rocky Rage|gg
|
|t:|1619289875
|move|p2a: StarPlatinum|Rest|p2a: StarPlatinum
|-status|p2a: StarPlatinum|slp|[from] move: Rest
|-heal|p2a: StarPlatinum|100/100 slp|[silent]
|move|p1a: Slowbro|Ice Beam|p2a: StarPlatinum
|-damage|p2a: StarPlatinum|90/100 slp
|
|-heal|p2a: StarPlatinum|96/100 slp|[from] item: Leftovers
|-damage|p1a: Slowbro|77/100 brn|[from] brn
|upkeep
|turn|54
|
|t:|1619289882
|cant|p2a: StarPlatinum|slp
|move|p1a: Slowbro|Teleport|p1a: Slowbro
|c|☆Tirkys|??
|
|t:|1619289885
|switch|p1a: Zamazenta|Zamazenta-Crowned|69/100|[from]move: Teleport
|-damage|p1a: Zamazenta|66/100|[from] Stealth Rock
|-ability|p1a: Zamazenta|Dauntless Shield|boost
|-boost|p1a: Zamazenta|def|1
|
|-end|p2a: StarPlatinum|move: Future Sight
|-damage|p2a: StarPlatinum|76/100 slp
|-heal|p2a: StarPlatinum|82/100 slp|[from] item: Leftovers
|upkeep
|turn|55
|
|t:|1619289899
|move|p1a: Zamazenta|Close Combat|p2a: StarPlatinum
|-damage|p2a: StarPlatinum|63/100 slp
|-unboost|p1a: Zamazenta|def|1
|-unboost|p1a: Zamazenta|spd|1
|cant|p2a: StarPlatinum|slp
|
|-heal|p2a: StarPlatinum|69/100 slp|[from] item: Leftovers
|upkeep
|turn|56
|
|t:|1619289907
|switch|p1a: Slowbro|Slowbro, M|100/100 brn
|-curestatus|p2a: StarPlatinum|slp|[msg]
|move|p2a: StarPlatinum|Scald|p1a: Slowbro
|-resisted|p1a: Slowbro
|-damage|p1a: Slowbro|91/100 brn
|
|-heal|p2a: StarPlatinum|75/100|[from] item: Leftovers
|-damage|p1a: Slowbro|85/100 brn|[from] brn
|upkeep
|turn|57
|
|t:|1619289918
|move|p2a: StarPlatinum|Stockpile||[still]
|-fail|p2a: StarPlatinum
|move|p1a: Slowbro|Teleport|p1a: Slowbro
|
|t:|1619289922
|switch|p1a: Zamazenta|Zamazenta-Crowned|66/100|[from]move: Teleport
|-damage|p1a: Zamazenta|63/100|[from] Stealth Rock
|-ability|p1a: Zamazenta|Dauntless Shield|boost
|-boost|p1a: Zamazenta|def|1
|
|-heal|p2a: StarPlatinum|81/100|[from] item: Leftovers
|upkeep
|turn|58
|
|t:|1619289927
|switch|p1a: Slowbro|Slowbro, M|100/100 brn
|move|p2a: StarPlatinum|Scald|p1a: Slowbro
|-resisted|p1a: Slowbro
|-damage|p1a: Slowbro|90/100 brn
|
|-heal|p2a: StarPlatinum|88/100|[from] item: Leftovers
|-damage|p1a: Slowbro|84/100 brn|[from] brn
|upkeep
|turn|59
|
|t:|1619289940
|move|p2a: StarPlatinum|Stockpile||[still]
|-fail|p2a: StarPlatinum
|move|p1a: Slowbro|Teleport|p1a: Slowbro
|
|t:|1619289943
|switch|p1a: Zamazenta|Zamazenta-Crowned|63/100|[from]move: Teleport
|-damage|p1a: Zamazenta|60/100|[from] Stealth Rock
|-ability|p1a: Zamazenta|Dauntless Shield|boost
|-boost|p1a: Zamazenta|def|1
|
|-heal|p2a: StarPlatinum|94/100|[from] item: Leftovers
|upkeep
|turn|60
|
|t:|1619289954
|switch|p1a: Slowbro|Slowbro, M|100/100 brn
|move|p2a: StarPlatinum|Stockpile||[still]
|-fail|p2a: StarPlatinum
|
|-heal|p2a: StarPlatinum|99/100|[from] item: Leftovers
|-damage|p1a: Slowbro|94/100 brn|[from] brn
|upkeep
|turn|61
|c| Rocky Rage|gg
|
|t:|1619289966
|move|p2a: StarPlatinum|Stockpile||[still]
|-fail|p2a: StarPlatinum
|move|p1a: Slowbro|Ice Beam|p2a: StarPlatinum
|-damage|p2a: StarPlatinum|89/100
|
|-heal|p2a: StarPlatinum|95/100|[from] item: Leftovers
|-damage|p1a: Slowbro|88/100 brn|[from] brn
|upkeep
|turn|62
|
|t:|1619289974
|move|p2a: StarPlatinum|Stockpile||[still]
|-fail|p2a: StarPlatinum
|move|p1a: Slowbro|Teleport|p1a: Slowbro
|
|t:|1619289978
|switch|p1a: Zamazenta|Zamazenta-Crowned|60/100|[from]move: Teleport
|-damage|p1a: Zamazenta|57/100|[from] Stealth Rock
|-ability|p1a: Zamazenta|Dauntless Shield|boost
|-boost|p1a: Zamazenta|def|1
|
|-heal|p2a: StarPlatinum|100/100|[from] item: Leftovers
|upkeep
|turn|63
|
|t:|1619289988
|switch|p1a: Slowbro|Slowbro, M|100/100 brn
|move|p2a: StarPlatinum|Scald|p1a: Slowbro
|-resisted|p1a: Slowbro
|-damage|p1a: Slowbro|91/100 brn
|
|-damage|p1a: Slowbro|85/100 brn|[from] brn
|upkeep
|turn|64
|
|t:|1619290001
|move|p2a: StarPlatinum|Stockpile||[still]
|-fail|p2a: StarPlatinum
|move|p1a: Slowbro|Teleport|p1a: Slowbro
|
|t:|1619290004
|switch|p1a: Zamazenta|Zamazenta-Crowned|57/100|[from]move: Teleport
|-damage|p1a: Zamazenta|54/100|[from] Stealth Rock
|-ability|p1a: Zamazenta|Dauntless Shield|boost
|-boost|p1a: Zamazenta|def|1
|
|upkeep
|turn|65
|
|t:|1619290013
|switch|p1a: Slowbro|Slowbro, M|100/100 brn
|move|p2a: StarPlatinum|Scald|p1a: Slowbro
|-resisted|p1a: Slowbro
|-damage|p1a: Slowbro|91/100 brn
|
|-damage|p1a: Slowbro|84/100 brn|[from] brn
|upkeep
|turn|66
|
|t:|1619290023
|move|p2a: StarPlatinum|Stockpile||[still]
|-fail|p2a: StarPlatinum
|move|p1a: Slowbro|Slack Off|p1a: Slowbro
|-heal|p1a: Slowbro|100/100 brn
|
|-damage|p1a: Slowbro|94/100 brn|[from] brn
|upkeep
|turn|67
|
|t:|1619290033
|move|p2a: StarPlatinum|Stockpile||[still]
|-fail|p2a: StarPlatinum
|move|p1a: Slowbro|Teleport|p1a: Slowbro
|
|t:|1619290038
|switch|p1a: Zamazenta|Zamazenta-Crowned|54/100|[from]move: Teleport
|-damage|p1a: Zamazenta|50/100|[from] Stealth Rock
|-ability|p1a: Zamazenta|Dauntless Shield|boost
|-boost|p1a: Zamazenta|def|1
|
|upkeep
|turn|68
|
|t:|1619290047
|switch|p1a: Slowbro|Slowbro, M|100/100 brn
|move|p2a: StarPlatinum|Scald|p1a: Slowbro
|-resisted|p1a: Slowbro
|-damage|p1a: Slowbro|91/100 brn
|
|-damage|p1a: Slowbro|84/100 brn|[from] brn
|upkeep
|turn|69
|c| Rocky Rage|turn 150 later
|c| Rocky Rage|gg
|
|t:|1619290058
|move|p2a: StarPlatinum|Stockpile||[still]
|-fail|p2a: StarPlatinum
|move|p1a: Slowbro|Teleport|p1a: Slowbro
|
|t:|1619290062
|switch|p1a: Zamazenta|Zamazenta-Crowned|50/100|[from]move: Teleport
|-damage|p1a: Zamazenta|47/100|[from] Stealth Rock
|-ability|p1a: Zamazenta|Dauntless Shield|boost
|-boost|p1a: Zamazenta|def|1
|
|upkeep
|turn|70
|
|t:|1619290071
|switch|p1a: Slowbro|Slowbro, M|100/100 brn
|move|p2a: StarPlatinum|Scald|p1a: Slowbro
|-resisted|p1a: Slowbro
|-damage|p1a: Slowbro|91/100 brn
|
|-damage|p1a: Slowbro|84/100 brn|[from] brn
|upkeep
|turn|71
|
|t:|1619290080
|move|p2a: StarPlatinum|Stockpile||[still]
|-fail|p2a: StarPlatinum
|move|p1a: Slowbro|Teleport|p1a: Slowbro
|
|t:|1619290084
|switch|p1a: Heatran|Heatran, M|57/100|[from]move: Teleport
|-damage|p1a: Heatran|45/100|[from] Stealth Rock
|
|-heal|p1a: Heatran|51/100|[from] item: Leftovers
|upkeep
|turn|72
|
|t:|1619290095
|switch|p1a: Slowbro|Slowbro, M|100/100 brn
|move|p2a: StarPlatinum|Scald|p1a: Slowbro
|-resisted|p1a: Slowbro
|-damage|p1a: Slowbro|91/100 brn
|
|-damage|p1a: Slowbro|85/100 brn|[from] brn
|upkeep
|turn|73
|
|t:|1619290105
|move|p2a: StarPlatinum|Recover||[still]
|-fail|p2a: StarPlatinum|heal
|move|p1a: Slowbro|Teleport|p1a: Slowbro
|
|t:|1619290109
|switch|p1a: Heatran|Heatran, M|51/100|[from]move: Teleport
|-damage|p1a: Heatran|38/100|[from] Stealth Rock
|
|-heal|p1a: Heatran|45/100|[from] item: Leftovers
|upkeep
|turn|74
|
|t:|1619290120
|move|p1a: Heatran|Stealth Rock||[still]
|-fail|p1a: Heatran
|move|p2a: StarPlatinum|Scald|p1a: Heatran
|-supereffective|p1a: Heatran
|-damage|p1a: Heatran|17/100
|
|-heal|p1a: Heatran|23/100|[from] item: Leftovers
|upkeep
|turn|75
|
|t:|1619290132
|switch|p1a: Slowbro|Slowbro, M|100/100 brn
|move|p2a: StarPlatinum|Recover||[still]
|-fail|p2a: StarPlatinum|heal
|
|-damage|p1a: Slowbro|94/100 brn|[from] brn
|upkeep
|turn|76
|
|t:|1619290147
|move|p2a: StarPlatinum|Stockpile||[still]
|-fail|p2a: StarPlatinum
|move|p1a: Slowbro|Teleport|p1a: Slowbro
|
|t:|1619290151
|switch|p1a: Heatran|Heatran, M|23/100|[from]move: Teleport
|-damage|p1a: Heatran|10/100|[from] Stealth Rock
|
|-heal|p1a: Heatran|17/100|[from] item: Leftovers
|upkeep
|turn|77
|
|t:|1619290162
|switch|p1a: Slowbro|Slowbro, M|100/100 brn
|move|p2a: StarPlatinum|Scald|p1a: Slowbro
|-resisted|p1a: Slowbro
|-damage|p1a: Slowbro|91/100 brn
|
|-damage|p1a: Slowbro|84/100 brn|[from] brn
|upkeep
|turn|78
|
|t:|1619290172
|move|p2a: StarPlatinum|Recover||[still]
|-fail|p2a: StarPlatinum|heal
|move|p1a: Slowbro|Slack Off|p1a: Slowbro
|-heal|p1a: Slowbro|100/100 brn
|
|-damage|p1a: Slowbro|94/100 brn|[from] brn
|upkeep
|turn|79
|
|t:|1619290193
|move|p2a: StarPlatinum|Recover||[still]
|-fail|p2a: StarPlatinum|heal
|move|p1a: Slowbro|Teleport|p1a: Slowbro
|
|t:|1619290197
|switch|p1a: Heatran|Heatran, M|17/100|[from]move: Teleport
|-damage|p1a: Heatran|4/100|[from] Stealth Rock
|
|-heal|p1a: Heatran|10/100|[from] item: Leftovers
|upkeep
|turn|80
|
|t:|1619290205
|move|p1a: Heatran|Stealth Rock||[still]
|-fail|p1a: Heatran
|move|p2a: StarPlatinum|Scald|p1a: Heatran
|-supereffective|p1a: Heatran
|-damage|p1a: Heatran|0 fnt
|faint|p1a: Heatran
|
|upkeep
|
|t:|1619290214
|switch|p1a: Slowbro|Slowbro, M|100/100 brn
|turn|81
|
|t:|1619290236
|move|p2a: StarPlatinum|Stockpile||[still]
|-fail|p2a: StarPlatinum
|move|p1a: Slowbro|Teleport|p1a: Slowbro
|
|t:|1619290241
|switch|p1a: Zamazenta|Zamazenta-Crowned|47/100|[from]move: Teleport
|-damage|p1a: Zamazenta|44/100|[from] Stealth Rock
|-ability|p1a: Zamazenta|Dauntless Shield|boost
|-boost|p1a: Zamazenta|def|1
|
|upkeep
|turn|82
|
|t:|1619290248
|switch|p1a: Slowbro|Slowbro, M|100/100 brn
|move|p2a: StarPlatinum|Stockpile||[still]
|-fail|p2a: StarPlatinum
|
|-damage|p1a: Slowbro|94/100 brn|[from] brn
|upkeep
|turn|83
|
|t:|1619290256
|move|p2a: StarPlatinum|Recover||[still]
|-fail|p2a: StarPlatinum|heal
|move|p1a: Slowbro|Teleport|p1a: Slowbro
|
|t:|1619290260
|switch|p1a: Zamazenta|Zamazenta-Crowned|44/100|[from]move: Teleport
|-damage|p1a: Zamazenta|41/100|[from] Stealth Rock
|-ability|p1a: Zamazenta|Dauntless Shield|boost
|-boost|p1a: Zamazenta|def|1
|
|upkeep
|turn|84
|
|t:|1619290274
|switch|p1a: Slowbro|Slowbro, M|100/100 brn
|move|p2a: StarPlatinum|Scald|p1a: Slowbro
|-resisted|p1a: Slowbro
|-damage|p1a: Slowbro|90/100 brn
|
|-damage|p1a: Slowbro|84/100 brn|[from] brn
|upkeep
|turn|85
|inactive|Evol NocTali has 120 seconds left.
|
|t:|1619290311
|move|p2a: StarPlatinum|Stockpile||[still]
|-fail|p2a: StarPlatinum
|move|p1a: Slowbro|Teleport|p1a: Slowbro
|
|t:|1619290314
|switch|p1a: Zamazenta|Zamazenta-Crowned|41/100|[from]move: Teleport
|-damage|p1a: Zamazenta|38/100|[from] Stealth Rock
|-ability|p1a: Zamazenta|Dauntless Shield|boost
|-boost|p1a: Zamazenta|def|1
|
|upkeep
|turn|86
|
|t:|1619290323
|move|p1a: Zamazenta|Wild Charge|p2a: StarPlatinum
|-immune|p2a: StarPlatinum
|move|p2a: StarPlatinum|Scald|p1a: Zamazenta
|-damage|p1a: Zamazenta|24/100
|
|upkeep
|turn|87
|
|t:|1619290331
|switch|p1a: Slowbro|Slowbro, M|100/100 brn
|move|p2a: StarPlatinum|Stockpile||[still]
|-fail|p2a: StarPlatinum
|
|-damage|p1a: Slowbro|94/100 brn|[from] brn
|upkeep
|turn|88
|
|t:|1619290339
|move|p2a: StarPlatinum|Stockpile||[still]
|-fail|p2a: StarPlatinum
|move|p1a: Slowbro|Teleport|p1a: Slowbro
|
|t:|1619290342
|switch|p1a: Zamazenta|Zamazenta-Crowned|24/100|[from]move: Teleport
|-damage|p1a: Zamazenta|21/100|[from] Stealth Rock
|-ability|p1a: Zamazenta|Dauntless Shield|boost
|-boost|p1a: Zamazenta|def|1
|
|upkeep
|turn|89
|
|t:|1619290359
|move|p1a: Zamazenta|Wild Charge|p2a: StarPlatinum
|-immune|p2a: StarPlatinum
|move|p2a: StarPlatinum|Scald|p1a: Zamazenta
|-damage|p1a: Zamazenta|7/100
|-status|p1a: Zamazenta|brn
|
|-damage|p1a: Zamazenta|1/100 brn|[from] brn
|upkeep
|turn|90
|
|t:|1619290366
|move|p1a: Zamazenta|Wild Charge|p2a: StarPlatinum
|-immune|p2a: StarPlatinum
|move|p2a: StarPlatinum|Stockpile||[still]
|-fail|p2a: StarPlatinum
|
|-damage|p1a: Zamazenta|0 fnt|[from] brn
|faint|p1a: Zamazenta
|upkeep
|c|☆Evol NocTali|Gg
|
|t:|1619290374
|switch|p1a: Slowbro|Slowbro, M|100/100 brn
|turn|91
|c| Rocky Rage|u choked
|c| Rocky Rage|lol
|inactive|Tirkys has 120 seconds left.
|
|t:|1619290412
|move|p2a: StarPlatinum|Stockpile||[still]
|-fail|p2a: StarPlatinum
|move|p1a: Slowbro|Teleport||[still]
|-fail|p1a: Slowbro
|
|-damage|p1a: Slowbro|94/100 brn|[from] brn
|upkeep
|turn|92
|
|t:|1619290417
|move|p2a: StarPlatinum|Stockpile||[still]
|-fail|p2a: StarPlatinum
|move|p1a: Slowbro|Teleport||[still]
|-fail|p1a: Slowbro
|
|-damage|p1a: Slowbro|88/100 brn|[from] brn
|upkeep
|turn|93
|inactive|Tirkys has 120 seconds left.
|
|t:|1619290432
|move|p2a: StarPlatinum|Stockpile||[still]
|-fail|p2a: StarPlatinum
|move|p1a: Slowbro|Teleport||[still]
|-fail|p1a: Slowbro
|
|-damage|p1a: Slowbro|82/100 brn|[from] brn
|upkeep
|turn|94
|
|t:|1619290436
|move|p2a: StarPlatinum|Stockpile||[still]
|-fail|p2a: StarPlatinum
|move|p1a: Slowbro|Teleport||[still]
|-fail|p1a: Slowbro
|
|-damage|p1a: Slowbro|76/100 brn|[from] brn
|upkeep
|turn|95
|inactive|Tirkys has 120 seconds left.
|
|t:|1619290444
|move|p2a: StarPlatinum|Stockpile||[still]
|-fail|p2a: StarPlatinum
|move|p1a: Slowbro|Teleport||[still]
|-fail|p1a: Slowbro
|
|-damage|p1a: Slowbro|70/100 brn|[from] brn
|upkeep
|turn|96
|
|t:|1619290447
|move|p2a: StarPlatinum|Stockpile||[still]
|-fail|p2a: StarPlatinum
|move|p1a: Slowbro|Teleport||[still]
|-fail|p1a: Slowbro
|
|-damage|p1a: Slowbro|64/100 brn|[from] brn
|upkeep
|turn|97
|inactive|Tirkys has 120 seconds left.
|
|t:|1619290463
|move|p2a: StarPlatinum|Stockpile||[still]
|-fail|p2a: StarPlatinum
|move|p1a: Slowbro|Teleport||[still]
|-fail|p1a: Slowbro
|
|-damage|p1a: Slowbro|58/100 brn|[from] brn
|upkeep
|turn|98
|
|t:|1619290466
|move|p2a: StarPlatinum|Stockpile||[still]
|-fail|p2a: StarPlatinum
|move|p1a: Slowbro|Teleport||[still]
|-fail|p1a: Slowbro
|
|-damage|p1a: Slowbro|51/100 brn|[from] brn
|upkeep
|turn|99
|
|t:|1619290469
|move|p2a: StarPlatinum|Recover||[still]
|-fail|p2a: StarPlatinum|heal
|move|p1a: Slowbro|Teleport||[still]
|-fail|p1a: Slowbro
|
|-damage|p1a: Slowbro|45/100 brn|[from] brn
|upkeep
|turn|100
|
|t:|1619290478
|move|p2a: StarPlatinum|Recover||[still]
|-fail|p2a: StarPlatinum|heal
|move|p1a: Slowbro|Slack Off|p1a: Slowbro
|-heal|p1a: Slowbro|95/100 brn
|
|-damage|p1a: Slowbro|89/100 brn|[from] brn
|upkeep
|turn|101
|
|t:|1619290486
|move|p2a: StarPlatinum|Recover||[still]
|-fail|p2a: StarPlatinum|heal
|move|p1a: Slowbro|Teleport||[still]
|-fail|p1a: Slowbro
|
|-damage|p1a: Slowbro|83/100 brn|[from] brn
|upkeep
|turn|102
|
|t:|1619290493
|move|p2a: StarPlatinum|Recover||[still]
|-fail|p2a: StarPlatinum|heal
|move|p1a: Slowbro|Teleport||[still]
|-fail|p1a: Slowbro
|
|-damage|p1a: Slowbro|77/100 brn|[from] brn
|upkeep
|turn|103
|
|t:|1619290496
|move|p2a: StarPlatinum|Recover||[still]
|-fail|p2a: StarPlatinum|heal
|move|p1a: Slowbro|Teleport||[still]
|-fail|p1a: Slowbro
|
|-damage|p1a: Slowbro|71/100 brn|[from] brn
|upkeep
|turn|104
|
|t:|1619290499
|move|p2a: StarPlatinum|Recover||[still]
|-fail|p2a: StarPlatinum|heal
|move|p1a: Slowbro|Teleport||[still]
|-fail|p1a: Slowbro
|
|-damage|p1a: Slowbro|65/100 brn|[from] brn
|upkeep
|turn|105
|
|t:|1619290505
|move|p2a: StarPlatinum|Recover||[still]
|-fail|p2a: StarPlatinum|heal
|move|p1a: Slowbro|Teleport||[still]
|-fail|p1a: Slowbro
|
|-damage|p1a: Slowbro|59/100 brn|[from] brn
|upkeep
|turn|106
|
|t:|1619290508
|move|p2a: StarPlatinum|Recover||[still]
|-fail|p2a: StarPlatinum|heal
|move|p1a: Slowbro|Teleport||[still]
|-fail|p1a: Slowbro
|
|-damage|p1a: Slowbro|52/100 brn|[from] brn
|upkeep
|turn|107
|
|t:|1619290516
|move|p2a: StarPlatinum|Recover||[still]
|-fail|p2a: StarPlatinum|heal
|move|p1a: Slowbro|Slack Off|p1a: Slowbro
|-heal|p1a: Slowbro|100/100 brn
|
|-damage|p1a: Slowbro|94/100 brn|[from] brn
|upkeep
|turn|108
|
|t:|1619290528
|move|p2a: StarPlatinum|Recover||[still]
|-fail|p2a: StarPlatinum|heal
|move|p1a: Slowbro|Slack Off|p1a: Slowbro
|-heal|p1a: Slowbro|100/100 brn
|
|-damage|p1a: Slowbro|94/100 brn|[from] brn
|upkeep
|turn|109
|
|t:|1619290534
|move|p2a: StarPlatinum|Recover||[still]
|-fail|p2a: StarPlatinum|heal
|move|p1a: Slowbro|Slack Off|p1a: Slowbro
|-heal|p1a: Slowbro|100/100 brn
|
|-damage|p1a: Slowbro|94/100 brn|[from] brn
|upkeep
|turn|110
|
|t:|1619290537
|move|p2a: StarPlatinum|Stockpile||[still]
|-fail|p2a: StarPlatinum
|move|p1a: Slowbro|Slack Off|p1a: Slowbro
|-heal|p1a: Slowbro|100/100 brn
|
|-damage|p1a: Slowbro|94/100 brn|[from] brn
|upkeep
|turn|111
|
|t:|1619290541
|move|p2a: StarPlatinum|Stockpile||[still]
|-fail|p2a: StarPlatinum
|move|p1a: Slowbro|Slack Off|p1a: Slowbro
|-heal|p1a: Slowbro|100/100 brn
|
|-damage|p1a: Slowbro|94/100 brn|[from] brn
|upkeep
|turn|112
|
|t:|1619290547
|move|p2a: StarPlatinum|Rest|p2a: StarPlatinum
|-fail|p2a: StarPlatinum|heal
|move|p1a: Slowbro|Slack Off|p1a: Slowbro
|-heal|p1a: Slowbro|100/100 brn
|
|-damage|p1a: Slowbro|94/100 brn|[from] brn
|upkeep
|turn|113
|c| Rocky Rage|turn 200 it is
|
|t:|1619290550
|move|p2a: StarPlatinum|Rest|p2a: StarPlatinum
|-fail|p2a: StarPlatinum|heal
|move|p1a: Slowbro|Slack Off|p1a: Slowbro
|-heal|p1a: Slowbro|100/100 brn
|
|-damage|p1a: Slowbro|94/100 brn|[from] brn
|upkeep
|turn|114
|
|t:|1619290552
|move|p2a: StarPlatinum|Rest|p2a: StarPlatinum
|-fail|p2a: StarPlatinum|heal
|move|p1a: Slowbro|Slack Off|p1a: Slowbro
|-heal|p1a: Slowbro|100/100 brn
|
|-damage|p1a: Slowbro|94/100 brn|[from] brn
|upkeep
|turn|115
|
|t:|1619290555
|move|p2a: StarPlatinum|Rest|p2a: StarPlatinum
|-fail|p2a: StarPlatinum|heal
|move|p1a: Slowbro|Slack Off|p1a: Slowbro
|-heal|p1a: Slowbro|100/100 brn
|
|-damage|p1a: Slowbro|94/100 brn|[from] brn
|upkeep
|turn|116
|
|t:|1619290559
|move|p2a: StarPlatinum|Rest|p2a: StarPlatinum
|-fail|p2a: StarPlatinum|heal
|move|p1a: Slowbro|Slack Off|p1a: Slowbro
|-heal|p1a: Slowbro|100/100 brn
|
|-damage|p1a: Slowbro|94/100 brn|[from] brn
|upkeep
|turn|117
|
|t:|1619290561
|move|p2a: StarPlatinum|Rest|p2a: StarPlatinum
|-fail|p2a: StarPlatinum|heal
|move|p1a: Slowbro|Future Sight|p2a: StarPlatinum
|-start|p1a: Slowbro|move: Future Sight
|
|-damage|p1a: Slowbro|88/100 brn|[from] brn
|upkeep
|turn|118
|
|t:|1619290563
|move|p2a: StarPlatinum|Rest|p2a: StarPlatinum
|-fail|p2a: StarPlatinum|heal
|move|p1a: Slowbro|Slack Off|p1a: Slowbro
|-heal|p1a: Slowbro|100/100 brn
|
|-damage|p1a: Slowbro|94/100 brn|[from] brn
|upkeep
|turn|119
|
|t:|1619290566
|move|p2a: StarPlatinum|Rest|p2a: StarPlatinum
|-fail|p2a: StarPlatinum|heal
|move|p1a: Slowbro|Future Sight||[still]
|-fail|p1a: Slowbro
|
|-end|p2a: StarPlatinum|move: Future Sight
|-damage|p2a: StarPlatinum|81/100
|-heal|p2a: StarPlatinum|87/100|[from] item: Leftovers
|-damage|p1a: Slowbro|88/100 brn|[from] brn
|upkeep
|turn|120
|
|t:|1619290569
|move|p2a: StarPlatinum|Rest|p2a: StarPlatinum
|-status|p2a: StarPlatinum|slp|[from] move: Rest
|-heal|p2a: StarPlatinum|100/100 slp|[silent]
|move|p1a: Slowbro|Future Sight|p2a: StarPlatinum
|-start|p1a: Slowbro|move: Future Sight
|
|-damage|p1a: Slowbro|82/100 brn|[from] brn
|upkeep
|turn|121
|
|t:|1619290572
|cant|p2a: StarPlatinum|slp
|move|p1a: Slowbro|Future Sight||[still]
|-fail|p1a: Slowbro
|
|-damage|p1a: Slowbro|76/100 brn|[from] brn
|upkeep
|turn|122
|c| Rocky Rage|WHY USE SLACK OFF?
|c| Rocky Rage|ROFL
|
|t:|1619290587
|cant|p2a: StarPlatinum|slp
|move|p1a: Slowbro|Ice Beam|p2a: StarPlatinum
|-damage|p2a: StarPlatinum|89/100 slp
|
|-end|p2a: StarPlatinum|move: Future Sight
|-damage|p2a: StarPlatinum|67/100 slp
|-heal|p2a: StarPlatinum|73/100 slp|[from] item: Leftovers
|-damage|p1a: Slowbro|70/100 brn|[from] brn
|upkeep
|turn|123
|
|t:|1619290594
|-curestatus|p2a: StarPlatinum|slp|[msg]
|move|p2a: StarPlatinum|Rest|p2a: StarPlatinum
|-status|p2a: StarPlatinum|slp|[from] move: Rest
|-heal|p2a: StarPlatinum|100/100 slp|[silent]
|move|p1a: Slowbro|Future Sight|p2a: StarPlatinum
|-start|p1a: Slowbro|move: Future Sight
|
|-damage|p1a: Slowbro|64/100 brn|[from] brn
|upkeep
|turn|124
|
|t:|1619290597
|cant|p2a: StarPlatinum|slp
|move|p1a: Slowbro|Ice Beam|p2a: StarPlatinum
|-damage|p2a: StarPlatinum|90/100 slp
|
|-heal|p2a: StarPlatinum|96/100 slp|[from] item: Leftovers
|-damage|p1a: Slowbro|58/100 brn|[from] brn
|upkeep
|turn|125
|
|t:|1619290598
|cant|p2a: StarPlatinum|slp
|move|p1a: Slowbro|Slack Off|p1a: Slowbro
|-heal|p1a: Slowbro|100/100 brn
|
|-end|p2a: StarPlatinum|move: Future Sight
|-damage|p2a: StarPlatinum|77/100 slp
|-heal|p2a: StarPlatinum|83/100 slp|[from] item: Leftovers
|-damage|p1a: Slowbro|94/100 brn|[from] brn
|upkeep
|turn|126
|
|t:|1619290601
|-curestatus|p2a: StarPlatinum|slp|[msg]
|move|p2a: StarPlatinum|Rest|p2a: StarPlatinum
|-status|p2a: StarPlatinum|slp|[from] move: Rest
|-heal|p2a: StarPlatinum|100/100 slp|[silent]
|move|p1a: Slowbro|Future Sight|p2a: StarPlatinum
|-start|p1a: Slowbro|move: Future Sight
|
|-damage|p1a: Slowbro|88/100 brn|[from] brn
|upkeep
|turn|127
|
|t:|1619290603
|cant|p2a: StarPlatinum|slp
|move|p1a: Slowbro|Future Sight||[still]
|-fail|p1a: Slowbro
|
|-damage|p1a: Slowbro|82/100 brn|[from] brn
|upkeep
|turn|128
|
|t:|1619290606
|cant|p2a: StarPlatinum|slp
|move|p1a: Slowbro|Ice Beam|p2a: StarPlatinum
|-damage|p2a: StarPlatinum|90/100 slp
|
|-end|p2a: StarPlatinum|move: Future Sight
|-damage|p2a: StarPlatinum|68/100 slp
|-heal|p2a: StarPlatinum|74/100 slp|[from] item: Leftovers
|-damage|p1a: Slowbro|76/100 brn|[from] brn
|upkeep
|turn|129
|
|t:|1619290609
|-curestatus|p2a: StarPlatinum|slp|[msg]
|move|p2a: StarPlatinum|Rest|p2a: StarPlatinum
|-status|p2a: StarPlatinum|slp|[from] move: Rest
|-heal|p2a: StarPlatinum|100/100 slp|[silent]
|move|p1a: Slowbro|Future Sight|p2a: StarPlatinum
|-start|p1a: Slowbro|move: Future Sight
|
|-damage|p1a: Slowbro|70/100 brn|[from] brn
|upkeep
|turn|130
|
|t:|1619290614
|cant|p2a: StarPlatinum|slp
|move|p1a: Slowbro|Future Sight||[still]
|-fail|p1a: Slowbro
|
|-damage|p1a: Slowbro|64/100 brn|[from] brn
|upkeep
|turn|131
|
|t:|1619290616
|cant|p2a: StarPlatinum|slp
|move|p1a: Slowbro|Ice Beam|p2a: StarPlatinum
|-damage|p2a: StarPlatinum|90/100 slp
|
|-end|p2a: StarPlatinum|move: Future Sight
|-damage|p2a: StarPlatinum|68/100 slp
|-heal|p2a: StarPlatinum|74/100 slp|[from] item: Leftovers
|-damage|p1a: Slowbro|58/100 brn|[from] brn
|upkeep
|turn|132
|
|t:|1619290619
|-curestatus|p2a: StarPlatinum|slp|[msg]
|move|p2a: StarPlatinum|Rest|p2a: StarPlatinum
|-status|p2a: StarPlatinum|slp|[from] move: Rest
|-heal|p2a: StarPlatinum|100/100 slp|[silent]
|move|p1a: Slowbro|Ice Beam|p2a: StarPlatinum
|-damage|p2a: StarPlatinum|89/100 slp
|
|-heal|p2a: StarPlatinum|95/100 slp|[from] item: Leftovers
|-damage|p1a: Slowbro|51/100 brn|[from] brn
|upkeep
|turn|133
|
|t:|1619290622
|cant|p2a: StarPlatinum|slp
|move|p1a: Slowbro|Future Sight|p2a: StarPlatinum
|-start|p1a: Slowbro|move: Future Sight
|
|-heal|p2a: StarPlatinum|100/100 slp|[from] item: Leftovers
|-damage|p1a: Slowbro|45/100 brn|[from] brn
|upkeep
|turn|134
|
|t:|1619290627
|cant|p2a: StarPlatinum|slp
|move|p1a: Slowbro|Slack Off|p1a: Slowbro
|-heal|p1a: Slowbro|95/100 brn
|
|-damage|p1a: Slowbro|89/100 brn|[from] brn
|upkeep
|turn|135
|
|t:|1619290634
|-curestatus|p2a: StarPlatinum|slp|[msg]
|move|p2a: StarPlatinum|Scald|p1a: Slowbro
|-resisted|p1a: Slowbro
|-damage|p1a: Slowbro|79/100 brn
|move|p1a: Slowbro|Future Sight||[still]
|-fail|p1a: Slowbro
|
|-end|p2a: StarPlatinum|move: Future Sight
|-damage|p2a: StarPlatinum|78/100
|-heal|p2a: StarPlatinum|84/100|[from] item: Leftovers
|-damage|p1a: Slowbro|73/100 brn|[from] brn
|upkeep
|turn|136
|l| Rocky Rage
|
|t:|1619290640
|move|p2a: StarPlatinum|Scald|p1a: Slowbro
|-resisted|p1a: Slowbro
|-damage|p1a: Slowbro|63/100 brn
|move|p1a: Slowbro|Ice Beam|p2a: StarPlatinum
|-damage|p2a: StarPlatinum|74/100
|
|-heal|p2a: StarPlatinum|80/100|[from] item: Leftovers
|-damage|p1a: Slowbro|57/100 brn|[from] brn
|upkeep
|turn|137
|
|t:|1619290643
|move|p2a: StarPlatinum|Scald|p1a: Slowbro
|-resisted|p1a: Slowbro
|-damage|p1a: Slowbro|47/100 brn
|move|p1a: Slowbro|Ice Beam|p2a: StarPlatinum
|-damage|p2a: StarPlatinum|71/100
|
|-heal|p2a: StarPlatinum|77/100|[from] item: Leftovers
|-damage|p1a: Slowbro|41/100 brn|[from] brn
|upkeep
|turn|138
|
|t:|1619290649
|move|p2a: StarPlatinum|Scald|p1a: Slowbro
|-resisted|p1a: Slowbro
|-damage|p1a: Slowbro|30/100 brn
|move|p1a: Slowbro|Future Sight|p2a: StarPlatinum
|-start|p1a: Slowbro|move: Future Sight
|
|-heal|p2a: StarPlatinum|83/100|[from] item: Leftovers
|-damage|p1a: Slowbro|24/100 brn|[from] brn
|upkeep
|turn|139
|
|t:|1619290652
|move|p2a: StarPlatinum|Scald|p1a: Slowbro
|-resisted|p1a: Slowbro
|-damage|p1a: Slowbro|13/100 brn
|move|p1a: Slowbro|Ice Beam|p2a: StarPlatinum
|-damage|p2a: StarPlatinum|72/100
|-status|p2a: StarPlatinum|frz
|
|-heal|p2a: StarPlatinum|78/100 frz|[from] item: Leftovers
|-damage|p1a: Slowbro|7/100 brn|[from] brn
|upkeep
|turn|140
|
|t:|1619290655
|-curestatus|p2a: StarPlatinum|frz|[from] move: Scald
|move|p2a: StarPlatinum|Scald|p1a: Slowbro
|-resisted|p1a: Slowbro
|-damage|p1a: Slowbro|0 fnt
|faint|p1a: Slowbro
|
|win|Tirkys
|raw|Evol NocTali's rating: 1584 &rarr; <strong>1572</strong><br />(-12 for losing)
|raw|Tirkys's rating: 1740 &rarr; <strong>1752</strong><br />(+12 for winning)
|c|☆Evol NocTali|Gg
|l|☆Evol NocTali
|c|☆Tirkys|gg
|j| Gab's team
|l| Gab's team
||Ladder isn't responding, score probably updated but might not have (Request timeout).
