|j|☆OUTW stall4reqs
|j|☆Rheinmetal
|t:|1609123871
|player|p1|OUTW stall4reqs|benga|1575
|player|p2|Rheinmetal|cynthia|1590
|teamsize|p1|6
|teamsize|p2|6
|gametype|singles
|gen|8
|tier|[Gen 8] OU
|rated|
|clearpoke
|poke|p1|Clefable, M|
|poke|p1|Chansey, F|
|poke|p1|Slowking-Galar, F|
|poke|p1|Toxapex, F|
|poke|p1|Skarmory, M|
|poke|p1|Hydreigon, M|
|poke|p2|Pelipper, M|
|poke|p2|Barraskewda, M|
|poke|p2|Zapdos|
|poke|p2|Ferrothorn, F|
|poke|p2|Kingdra, M|
|poke|p2|Excadrill, F|
|rule|Sleep Clause Mod: Limit one foe put to sleep
|rule|Species Clause: Limit one of each Pokémon
|rule|OHKO Clause: OHKO moves are banned
|rule|Evasion Moves Clause: Evasion moves are banned
|rule|Endless Battle Clause: Forcing endless battles is banned
|rule|HP Percentage Mod: HP is shown in percentages
|rule|Dynamax Clause: You cannot dynamax
|teampreview
|inactive|Battle timer is ON: inactive players will automatically lose when time's up. (requested by Rheinmetal)
|
|t:|1609123882
|start
|switch|p1a: also pink|Slowking-Galar, F|100/100
|switch|p2a: Pelipper|Pelipper, M|100/100
|-weather|RainDance|[from] ability: Drizzle|[of] p2a: Pelipper
|turn|1
|
|t:|1609123892
|switch|p2a: Excadrill|Excadrill, F|100/100
|-ability|p2a: Excadrill|Mold Breaker
|move|p1a: also pink|Sludge Bomb|p2a: Excadrill
|-immune|p2a: Excadrill
|
|-weather|RainDance|[upkeep]
|upkeep
|turn|2
|
|t:|1609123894
|switch|p1a: not pink|Skarmory, M|100/100
|move|p2a: Excadrill|Stealth Rock|p1a: not pink
|-sidestart|p1: OUTW stall4reqs|move: Stealth Rock
|
|-weather|RainDance|[upkeep]
|upkeep
|turn|3
|
|t:|1609123899
|switch|p2a: Kingdra|Kingdra, M|100/100
|move|p1a: not pink|Spikes|p2a: Kingdra
|-sidestart|p2: Rheinmetal|Spikes
|
|-weather|RainDance|[upkeep]
|upkeep
|turn|4
|
|t:|1609123909
|switch|p1a: pink|Toxapex, F, shiny|100/100
|-damage|p1a: pink|88/100|[from] Stealth Rock
|move|p2a: Kingdra|Hydro Pump|p1a: pink
|-resisted|p1a: pink
|-damage|p1a: pink|44/100
|
|-weather|RainDance|[upkeep]
|-heal|p1a: pink|50/100|[from] item: Black Sludge
|upkeep
|turn|5
|j| nomena
|
|t:|1609123921
|switch|p2a: Ferrothorn|Ferrothorn, F|100/100
|-damage|p2a: Ferrothorn|88/100|[from] Spikes
|move|p1a: pink|Recover|p1a: pink
|-heal|p1a: pink|99/100
|
|-weather|RainDance|[upkeep]
|-heal|p1a: pink|100/100|[from] item: Black Sludge
|-heal|p2a: Ferrothorn|94/100|[from] item: Leftovers
|upkeep
|turn|6
|
|t:|1609123926
|switch|p1a: not pink|Skarmory, M|100/100
|-damage|p1a: not pink|88/100|[from] Stealth Rock
|move|p2a: Ferrothorn|Spikes|p1a: not pink
|-sidestart|p1: OUTW stall4reqs|Spikes
|
|-weather|RainDance|[upkeep]
|-heal|p1a: not pink|94/100|[from] item: Leftovers
|-heal|p2a: Ferrothorn|99/100|[from] item: Leftovers
|upkeep
|turn|7
|
|t:|1609123929
|move|p1a: not pink|Spikes|p2a: Ferrothorn
|-sidestart|p2: Rheinmetal|Spikes
|move|p2a: Ferrothorn|Leech Seed|p1a: not pink
|-start|p1a: not pink|move: Leech Seed
|
|-weather|RainDance|[upkeep]
|-heal|p1a: not pink|99/100|[from] item: Leftovers
|-heal|p2a: Ferrothorn|100/100|[from] item: Leftovers
|-damage|p1a: not pink|88/100|[from] Leech Seed|[of] p2a: Ferrothorn
|upkeep
|turn|8
|l| nomena
|
|t:|1609123934
|switch|p1a: Hydreigon|Hydreigon, M|100/100
|-damage|p1a: Hydreigon|88/100|[from] Stealth Rock
|move|p2a: Ferrothorn|Spikes|p1a: Hydreigon
|-sidestart|p1: OUTW stall4reqs|Spikes
|
|-weather|none
|-heal|p1a: Hydreigon|94/100|[from] item: Leftovers
|upkeep
|turn|9
|
|t:|1609123945
|switch|p2a: Excadrill|Excadrill, F|100/100
|-damage|p2a: Excadrill|84/100|[from] Spikes
|-ability|p2a: Excadrill|Mold Breaker
|move|p1a: Hydreigon|Defog|p2a: Excadrill
|-unboost|p2a: Excadrill|evasion|1
|-sideend|p2: Rheinmetal|Spikes|[from] move: Defog|[of] p1a: Hydreigon
|-sideend|p1: OUTW stall4reqs|Spikes|[from] move: Defog|[of] p1a: Hydreigon
|-sideend|p1: OUTW stall4reqs|Stealth Rock|[from] move: Defog|[of] p1a: Hydreigon
|
|-heal|p1a: Hydreigon|100/100|[from] item: Leftovers
|-heal|p2a: Excadrill|90/100|[from] item: Leftovers
|upkeep
|turn|10
|
|t:|1609123949
|switch|p1a: not pink|Skarmory, M|88/100
|move|p2a: Excadrill|Stealth Rock|p1a: not pink
|-sidestart|p1: OUTW stall4reqs|move: Stealth Rock
|
|-heal|p2a: Excadrill|96/100|[from] item: Leftovers
|-heal|p1a: not pink|94/100|[from] item: Leftovers
|upkeep
|turn|11
|
|t:|1609123958
|switch|p2a: Zapdos|Zapdos|100/100
|move|p1a: not pink|Spikes|p2a: Zapdos
|-sidestart|p2: Rheinmetal|Spikes
|
|-heal|p1a: not pink|99/100|[from] item: Leftovers
|upkeep
|turn|12
|
|t:|1609123960
|switch|p1a: also pink|Slowking-Galar, F|100/100
|-damage|p1a: also pink|88/100|[from] Stealth Rock
|move|p2a: Zapdos|Discharge|p1a: also pink
|-damage|p1a: also pink|74/100
|-status|p1a: also pink|par
|
|upkeep
|turn|13
|
|t:|1609123967
|switch|p2a: Excadrill|Excadrill, F|96/100
|-damage|p2a: Excadrill|84/100|[from] Spikes
|-ability|p2a: Excadrill|Mold Breaker
|cant|p1a: also pink|par
|
|-heal|p2a: Excadrill|90/100|[from] item: Leftovers
|upkeep
|turn|14
|
|t:|1609123983
|switch|p2a: Pelipper|Pelipper, M|100/100
|-weather|RainDance|[from] ability: Drizzle|[of] p2a: Pelipper
|switch|p1a: not pink|Skarmory, M|99/100
|-damage|p1a: not pink|88/100|[from] Stealth Rock
|
|-weather|RainDance|[upkeep]
|-heal|p1a: not pink|94/100|[from] item: Leftovers
|upkeep
|turn|15
|
|t:|1609123991
|switch|p1a: pink|Toxapex, F, shiny|100/100
|-damage|p1a: pink|88/100|[from] Stealth Rock
|move|p2a: Pelipper|Scald|p1a: pink
|-resisted|p1a: pink
|-damage|p1a: pink|71/100
|
|-weather|RainDance|[upkeep]
|-heal|p1a: pink|77/100|[from] item: Black Sludge
|upkeep
|turn|16
|j| Vessev
|
|t:|1609123994
|switch|p2a: Ferrothorn|Ferrothorn, F|100/100
|-damage|p2a: Ferrothorn|88/100|[from] Spikes
|move|p1a: pink|Knock Off|p2a: Ferrothorn
|-damage|p2a: Ferrothorn|78/100
|-damage|p1a: pink|65/100|[from] ability: Iron Barbs|[of] p2a: Ferrothorn
|-enditem|p2a: Ferrothorn|Leftovers|[from] move: Knock Off|[of] p1a: pink
|
|-weather|RainDance|[upkeep]
|-heal|p1a: pink|70/100|[from] item: Black Sludge
|upkeep
|turn|17
|
|t:|1609123999
|move|p1a: pink|Scald|p2a: Ferrothorn
|-resisted|p2a: Ferrothorn
|-damage|p2a: Ferrothorn|67/100
|-status|p2a: Ferrothorn|brn
|move|p2a: Ferrothorn|Spikes|p1a: pink
|-sidestart|p1: OUTW stall4reqs|Spikes
|
|-weather|RainDance|[upkeep]
|-heal|p1a: pink|76/100|[from] item: Black Sludge
|-damage|p2a: Ferrothorn|61/100 brn|[from] brn
|upkeep
|turn|18
|
|t:|1609124002
|switch|p1a: Hydreigon|Hydreigon, M|100/100
|-damage|p1a: Hydreigon|88/100|[from] Stealth Rock
|move|p2a: Ferrothorn|Leech Seed|p1a: Hydreigon
|-start|p1a: Hydreigon|move: Leech Seed
|
|-weather|RainDance|[upkeep]
|-heal|p1a: Hydreigon|94/100|[from] item: Leftovers
|-damage|p1a: Hydreigon|82/100|[from] Leech Seed|[of] p2a: Ferrothorn
|-heal|p2a: Ferrothorn|75/100 brn|[silent]
|-damage|p2a: Ferrothorn|69/100 brn|[from] brn
|upkeep
|turn|19
|
|t:|1609124012
|switch|p2a: Kingdra|Kingdra, M|100/100
|-damage|p2a: Kingdra|88/100|[from] Spikes
|move|p1a: Hydreigon|Defog|p2a: Kingdra
|-unboost|p2a: Kingdra|evasion|1
|-sideend|p2: Rheinmetal|Spikes|[from] move: Defog|[of] p1a: Hydreigon
|-sideend|p1: OUTW stall4reqs|Spikes|[from] move: Defog|[of] p1a: Hydreigon
|-sideend|p1: OUTW stall4reqs|Stealth Rock|[from] move: Defog|[of] p1a: Hydreigon
|
|-weather|RainDance|[upkeep]
|-heal|p1a: Hydreigon|88/100|[from] item: Leftovers
|-damage|p1a: Hydreigon|76/100|[from] Leech Seed|[of] p2a: Kingdra
|-heal|p2a: Kingdra|100/100|[silent]
|upkeep
|turn|20
|
|t:|1609124014
|switch|p1a: pink blob|Chansey, F|100/100
|move|p2a: Kingdra|Hydro Pump|p1a: pink blob
|-damage|p1a: pink blob|63/100
|
|-weather|RainDance|[upkeep]
|upkeep
|turn|21
|
|t:|1609124020
|switch|p2a: Ferrothorn|Ferrothorn, F|69/100 brn
|move|p1a: pink blob|Soft-Boiled|p1a: pink blob
|-heal|p1a: pink blob|100/100
|
|-weather|none
|-damage|p2a: Ferrothorn|63/100 brn|[from] brn
|upkeep
|turn|22
|
|t:|1609124024
|switch|p1a: not pink|Skarmory, M|94/100
|move|p2a: Ferrothorn|Spikes|p1a: not pink
|-sidestart|p1: OUTW stall4reqs|Spikes
|
|-heal|p1a: not pink|99/100|[from] item: Leftovers
|-damage|p2a: Ferrothorn|57/100 brn|[from] brn
|upkeep
|turn|23
|
|t:|1609124027
|move|p1a: not pink|Body Press|p2a: Ferrothorn
|-supereffective|p2a: Ferrothorn
|-damage|p2a: Ferrothorn|17/100 brn
|-damage|p1a: not pink|87/100|[from] ability: Iron Barbs|[of] p2a: Ferrothorn
|move|p2a: Ferrothorn|Spikes|p1a: not pink
|-sidestart|p1: OUTW stall4reqs|Spikes
|
|-heal|p1a: not pink|93/100|[from] item: Leftovers
|-damage|p2a: Ferrothorn|11/100 brn|[from] brn
|upkeep
|turn|24
|
|t:|1609124032
|switch|p2a: Zapdos|Zapdos|100/100
|move|p1a: not pink|Body Press|p2a: Zapdos
|-resisted|p2a: Zapdos
|-damage|p2a: Zapdos|85/100
|
|-heal|p1a: not pink|99/100|[from] item: Leftovers
|upkeep
|turn|25
|
|t:|1609124039
|switch|p2a: Barraskewda|Barraskewda, M|100/100
|switch|p1a: also pink|Slowking-Galar, F|100/100 par
|-damage|p1a: also pink|84/100 par|[from] Spikes
|
|upkeep
|turn|26
|
|t:|1609124050
|switch|p1a: pink|Toxapex, F, shiny|100/100
|-damage|p1a: pink|84/100|[from] Spikes
|move|p2a: Barraskewda|Flip Turn|p1a: pink
|-resisted|p1a: pink
|-damage|p1a: pink|68/100
|
|t:|1609124053
|switch|p2a: Kingdra|Kingdra, M|100/100|[from]move: Flip Turn
|
|-heal|p1a: pink|74/100|[from] item: Black Sludge
|upkeep
|turn|27
|
|t:|1609124056
|switch|p1a: also pink|Slowking-Galar, F|100/100 par
|-damage|p1a: also pink|84/100 par|[from] Spikes
|move|p2a: Kingdra|Hydro Pump|p1a: also pink
|-damage|p1a: also pink|52/100 par
|
|upkeep
|turn|28
|
|t:|1609124062
|switch|p2a: Barraskewda|Barraskewda, M|100/100
|cant|p1a: also pink|par
|
|upkeep
|turn|29
|
|t:|1609124067
|switch|p1a: pink|Toxapex, F, shiny|100/100
|-damage|p1a: pink|84/100|[from] Spikes
|move|p2a: Barraskewda|Flip Turn|p1a: pink
|-resisted|p1a: pink
|-damage|p1a: pink|69/100
|
|t:|1609124070
|switch|p2a: Excadrill|Excadrill, F|90/100|[from]move: Flip Turn
|-ability|p2a: Excadrill|Mold Breaker
|
|-heal|p2a: Excadrill|96/100|[from] item: Leftovers
|-heal|p1a: pink|75/100|[from] item: Black Sludge
|upkeep
|turn|30
|
|t:|1609124075
|switch|p1a: not pink|Skarmory, M|99/100
|move|p2a: Excadrill|Stealth Rock|p1a: not pink
|-sidestart|p1: OUTW stall4reqs|move: Stealth Rock
|
|-heal|p2a: Excadrill|100/100|[from] item: Leftovers
|-heal|p1a: not pink|100/100|[from] item: Leftovers
|upkeep
|turn|31
|
|t:|1609124078
|switch|p2a: Kingdra|Kingdra, M|100/100
|move|p1a: not pink|Spikes|p2a: Kingdra
|-sidestart|p2: Rheinmetal|Spikes
|
|upkeep
|turn|32
|
|t:|1609124083
|switch|p1a: also pink|Slowking-Galar, F|85/100 par
|-damage|p1a: also pink|69/100 par|[from] Spikes
|-damage|p1a: also pink|56/100 par|[from] Stealth Rock
|move|p2a: Kingdra|Surf|p1a: also pink
|-damage|p1a: also pink|32/100 par
|
|upkeep
|turn|33
|
|t:|1609124088
|switch|p1a: pink|Toxapex, F, shiny|100/100
|-damage|p1a: pink|88/100|[from] Stealth Rock
|-damage|p1a: pink|72/100|[from] Spikes
|move|p2a: Kingdra|Surf|p1a: pink
|-resisted|p1a: pink
|-damage|p1a: pink|45/100
|
|-heal|p1a: pink|51/100|[from] item: Black Sludge
|upkeep
|turn|34
|
|t:|1609124095
|switch|p2a: Ferrothorn|Ferrothorn, F|11/100 brn
|-damage|p2a: Ferrothorn|0 fnt|[from] Spikes
|faint|p2a: Ferrothorn
|move|p1a: pink|Recover|p1a: pink
|-heal|p1a: pink|100/100
|
|upkeep
|
|t:|1609124098
|switch|p2a: Pelipper|Pelipper, M|100/100
|-weather|RainDance|[from] ability: Drizzle|[of] p2a: Pelipper
|turn|35
|
|t:|1609124101
|switch|p1a: Hydreigon|Hydreigon, M|76/100
|-damage|p1a: Hydreigon|63/100|[from] Stealth Rock
|move|p2a: Pelipper|U-turn|p1a: Hydreigon
|-supereffective|p1a: Hydreigon
|-damage|p1a: Hydreigon|47/100
|
|t:|1609124104
|switch|p2a: Kingdra|Kingdra, M|100/100|[from]move: U-turn
|-damage|p2a: Kingdra|88/100|[from] Spikes
|
|-weather|RainDance|[upkeep]
|-heal|p1a: Hydreigon|53/100|[from] item: Leftovers
|upkeep
|turn|36
|
|t:|1609124113
|switch|p1a: pink shit|Clefable, M|100/100
|-damage|p1a: pink shit|84/100|[from] Spikes
|-damage|p1a: pink shit|72/100|[from] Stealth Rock
|move|p2a: Kingdra|Surf|p1a: pink shit
|-damage|p1a: pink shit|0 fnt
|faint|p1a: pink shit
|
|-weather|RainDance|[upkeep]
|upkeep
|inactive|OUTW stall4reqs has 120 seconds left.
|
|t:|1609124159
|switch|p1a: pink blob|Chansey, F|100/100
|-damage|p1a: pink blob|84/100|[from] Spikes
|-damage|p1a: pink blob|71/100|[from] Stealth Rock
|turn|37
|
|t:|1609124163
|move|p2a: Kingdra|Surf|p1a: pink blob
|-damage|p1a: pink blob|41/100
|move|p1a: pink blob|Stealth Rock|p2a: Kingdra
|-sidestart|p2: Rheinmetal|move: Stealth Rock
|
|-weather|RainDance|[upkeep]
|upkeep
|turn|38
|
|t:|1609124166
|move|p2a: Kingdra|Surf|p1a: pink blob
|-damage|p1a: pink blob|12/100
|move|p1a: pink blob|Soft-Boiled|p1a: pink blob
|-heal|p1a: pink blob|62/100
|
|-weather|RainDance|[upkeep]
|upkeep
|turn|39
|
|t:|1609124169
|switch|p2a: Barraskewda|Barraskewda, M|100/100
|-damage|p2a: Barraskewda|88/100|[from] Stealth Rock
|-damage|p2a: Barraskewda|76/100|[from] Spikes
|move|p1a: pink blob|Soft-Boiled|p1a: pink blob
|-heal|p1a: pink blob|100/100
|
|-weather|RainDance|[upkeep]
|upkeep
|turn|40
|
|t:|1609124172
|move|p2a: Barraskewda|Flip Turn|p1a: pink blob
|-damage|p1a: pink blob|49/100
|
|t:|1609124176
|switch|p2a: Excadrill|Excadrill, F|100/100|[from]move: Flip Turn
|-damage|p2a: Excadrill|88/100|[from] Spikes
|-damage|p2a: Excadrill|85/100|[from] Stealth Rock
|-ability|p2a: Excadrill|Mold Breaker
|move|p1a: pink blob|Soft-Boiled|p1a: pink blob
|-heal|p1a: pink blob|99/100
|
|-weather|RainDance|[upkeep]
|-heal|p2a: Excadrill|91/100|[from] item: Leftovers
|upkeep
|turn|41
|
|t:|1609124182
|switch|p1a: not pink|Skarmory, M|100/100
|-damage|p1a: not pink|88/100|[from] Stealth Rock
|move|p2a: Excadrill|Toxic|p1a: not pink
|-immune|p1a: not pink
|
|-weather|RainDance|[upkeep]
|-heal|p2a: Excadrill|97/100|[from] item: Leftovers
|-heal|p1a: not pink|94/100|[from] item: Leftovers
|upkeep
|turn|42
|
|t:|1609124186
|switch|p2a: Kingdra|Kingdra, M|88/100
|-damage|p2a: Kingdra|76/100|[from] Stealth Rock
|-damage|p2a: Kingdra|63/100|[from] Spikes
|move|p1a: not pink|Whirlwind|p2a: Kingdra
|drag|p2a: Excadrill|Excadrill, F|97/100
|-damage|p2a: Excadrill|85/100|[from] Spikes
|-damage|p2a: Excadrill|82/100|[from] Stealth Rock
|-ability|p2a: Excadrill|Mold Breaker
|
|-weather|none
|-heal|p2a: Excadrill|88/100|[from] item: Leftovers
|-heal|p1a: not pink|99/100|[from] item: Leftovers
|upkeep
|turn|43
|
|t:|1609124192
|switch|p2a: Zapdos|Zapdos|85/100
|move|p1a: not pink|Whirlwind|p2a: Zapdos
|drag|p2a: Pelipper|Pelipper, M|100/100
|-damage|p2a: Pelipper|76/100|[from] Stealth Rock
|-weather|RainDance|[from] ability: Drizzle|[of] p2a: Pelipper
|
|-weather|RainDance|[upkeep]
|-heal|p1a: not pink|100/100|[from] item: Leftovers
|upkeep
|turn|44
|
|t:|1609124197
|switch|p1a: Hydreigon|Hydreigon, M|53/100
|-damage|p1a: Hydreigon|41/100|[from] Stealth Rock
|move|p2a: Pelipper|U-turn|p1a: Hydreigon
|-supereffective|p1a: Hydreigon
|-damage|p1a: Hydreigon|24/100
|
|t:|1609124201
|switch|p2a: Barraskewda|Barraskewda, M|76/100|[from]move: U-turn
|-damage|p2a: Barraskewda|64/100|[from] Stealth Rock
|-damage|p2a: Barraskewda|52/100|[from] Spikes
|
|-weather|RainDance|[upkeep]
|-heal|p1a: Hydreigon|30/100|[from] item: Leftovers
|upkeep
|turn|45
|
|t:|1609124206
|move|p2a: Barraskewda|Flip Turn|p1a: Hydreigon
|-resisted|p1a: Hydreigon
|-damage|p1a: Hydreigon|0 fnt
|faint|p1a: Hydreigon
|
|t:|1609124211
|switch|p2a: Excadrill|Excadrill, F|88/100|[from]move: Flip Turn
|-damage|p2a: Excadrill|85/100|[from] Stealth Rock
|-damage|p2a: Excadrill|73/100|[from] Spikes
|-ability|p2a: Excadrill|Mold Breaker
|
|-weather|RainDance|[upkeep]
|-heal|p2a: Excadrill|79/100|[from] item: Leftovers
|upkeep
|
|t:|1609124213
|switch|p1a: not pink|Skarmory, M|100/100
|-damage|p1a: not pink|88/100|[from] Stealth Rock
|turn|46
|
|t:|1609124216
|move|p2a: Excadrill|Rapid Spin|p1a: not pink
|-resisted|p1a: not pink
|-damage|p1a: not pink|84/100
|-boost|p2a: Excadrill|spe|1
|-sideend|p2: Rheinmetal|Spikes|[from] move: Rapid Spin|[of] p2a: Excadrill
|-sideend|p2: Rheinmetal|Stealth Rock|[from] move: Rapid Spin|[of] p2a: Excadrill
|move|p1a: not pink|Spikes|p2a: Excadrill
|-sidestart|p2: Rheinmetal|Spikes
|
|-weather|RainDance|[upkeep]
|-heal|p2a: Excadrill|85/100|[from] item: Leftovers
|-heal|p1a: not pink|90/100|[from] item: Leftovers
|upkeep
|turn|47
|
|t:|1609124219
|switch|p2a: Kingdra|Kingdra, M|63/100
|-damage|p2a: Kingdra|51/100|[from] Spikes
|move|p1a: not pink|Body Press|p2a: Kingdra
|-damage|p2a: Kingdra|9/100
|
|-weather|RainDance|[upkeep]
|-heal|p1a: not pink|96/100|[from] item: Leftovers
|upkeep
|turn|48
|
|t:|1609124222
|switch|p1a: also pink|Slowking-Galar, F|65/100 par
|-damage|p1a: also pink|53/100 par|[from] Stealth Rock
|-damage|p1a: also pink|36/100 par|[from] Spikes
|move|p2a: Kingdra|Hydro Pump|p1a: also pink
|-damage|p1a: also pink|0 fnt
|faint|p1a: also pink
|
|-weather|RainDance|[upkeep]
|upkeep
|
|t:|1609124227
|switch|p1a: pink blob|Chansey, F|99/100
|-damage|p1a: pink blob|83/100|[from] Spikes
|-damage|p1a: pink blob|70/100|[from] Stealth Rock
|turn|49
|
|t:|1609124236
|move|p2a: Kingdra|Hydro Pump|p1a: pink blob
|-damage|p1a: pink blob|37/100
|move|p1a: pink blob|Soft-Boiled|p1a: pink blob
|-heal|p1a: pink blob|88/100
|
|-weather|RainDance|[upkeep]
|upkeep
|turn|50
|
|t:|1609124243
|switch|p2a: Excadrill|Excadrill, F|85/100
|-damage|p2a: Excadrill|73/100|[from] Spikes
|-ability|p2a: Excadrill|Mold Breaker
|move|p1a: pink blob|Seismic Toss|p2a: Excadrill
|-damage|p2a: Excadrill|49/100
|
|-weather|none
|-heal|p2a: Excadrill|55/100|[from] item: Leftovers
|upkeep
|turn|51
|j| Varaetia
|
|t:|1609124249
|move|p2a: Excadrill|Rapid Spin|p1a: pink blob
|-damage|p1a: pink blob|78/100
|-boost|p2a: Excadrill|spe|1
|-sideend|p2: Rheinmetal|Spikes|[from] move: Rapid Spin|[of] p2a: Excadrill
|move|p1a: pink blob|Seismic Toss|p2a: Excadrill
|-damage|p2a: Excadrill|32/100
|
|-heal|p2a: Excadrill|38/100|[from] item: Leftovers
|upkeep
|turn|52
|
|t:|1609124252
|switch|p2a: Pelipper|Pelipper, M|76/100
|-weather|RainDance|[from] ability: Drizzle|[of] p2a: Pelipper
|switch|p1a: not pink|Skarmory, M|96/100
|-damage|p1a: not pink|83/100|[from] Stealth Rock
|
|-weather|RainDance|[upkeep]
|-heal|p1a: not pink|89/100|[from] item: Leftovers
|upkeep
|turn|53
|l| Varaetia
|
|t:|1609124255
|move|p1a: not pink|Spikes|p2a: Pelipper
|-sidestart|p2: Rheinmetal|Spikes
|move|p2a: Pelipper|U-turn|p1a: not pink
|-resisted|p1a: not pink
|-damage|p1a: not pink|88/100
|
|t:|1609124258
|switch|p2a: Barraskewda|Barraskewda, M|52/100|[from]move: U-turn
|-damage|p2a: Barraskewda|40/100|[from] Spikes
|
|-weather|RainDance|[upkeep]
|-heal|p1a: not pink|94/100|[from] item: Leftovers
|upkeep
|turn|54
|
|t:|1609124261
|move|p2a: Barraskewda|Flip Turn|p1a: not pink
|-damage|p1a: not pink|52/100
|
|t:|1609124264
|switch|p2a: Zapdos|Zapdos|85/100|[from]move: Flip Turn
|move|p1a: not pink|Roost|p1a: not pink
|-heal|p1a: not pink|100/100
|-singleturn|p1a: not pink|move: Roost
|
|-weather|RainDance|[upkeep]
|upkeep
|turn|55
|
|t:|1609124268
|switch|p1a: pink blob|Chansey, F|78/100
|-damage|p1a: pink blob|62/100|[from] Spikes
|-damage|p1a: pink blob|49/100|[from] Stealth Rock
|move|p2a: Zapdos|Discharge|p1a: pink blob
|-damage|p1a: pink blob|38/100
|
|-weather|RainDance|[upkeep]
|upkeep
|turn|56
|
|t:|1609124275
|switch|p2a: Barraskewda|Barraskewda, M|40/100
|-damage|p2a: Barraskewda|27/100|[from] Spikes
|move|p1a: pink blob|Soft-Boiled|p1a: pink blob
|-heal|p1a: pink blob|89/100
|
|-weather|RainDance|[upkeep]
|upkeep
|turn|57
|
|t:|1609124278
|switch|p1a: pink|Toxapex, F, shiny|100/100
|-damage|p1a: pink|84/100|[from] Spikes
|-damage|p1a: pink|72/100|[from] Stealth Rock
|move|p2a: Barraskewda|Flip Turn|p1a: pink
|-resisted|p1a: pink
|-damage|p1a: pink|49/100
|
|t:|1609124284
|switch|p2a: Zapdos|Zapdos|85/100|[from]move: Flip Turn
|
|-weather|RainDance|[upkeep]
|-heal|p1a: pink|55/100|[from] item: Black Sludge
|upkeep
|turn|58
|
|t:|1609124290
|switch|p1a: pink blob|Chansey, F|89/100
|-damage|p1a: pink blob|76/100|[from] Stealth Rock
|-damage|p1a: pink blob|60/100|[from] Spikes
|move|p2a: Zapdos|Discharge|p1a: pink blob
|-damage|p1a: pink blob|49/100
|
|-weather|RainDance|[upkeep]
|upkeep
|turn|59
|
|t:|1609124303
|switch|p2a: Excadrill|Excadrill, F|38/100
|-damage|p2a: Excadrill|26/100|[from] Spikes
|-ability|p2a: Excadrill|Mold Breaker
|move|p1a: pink blob|Soft-Boiled|p1a: pink blob
|-heal|p1a: pink blob|99/100
|
|-weather|none
|-heal|p2a: Excadrill|32/100|[from] item: Leftovers
|upkeep
|turn|60
|
|t:|1609124305
|move|p2a: Excadrill|Rapid Spin|p1a: pink blob
|-damage|p1a: pink blob|90/100
|-boost|p2a: Excadrill|spe|1
|-sideend|p2: Rheinmetal|Spikes|[from] move: Rapid Spin|[of] p2a: Excadrill
|move|p1a: pink blob|Seismic Toss|p2a: Excadrill
|-damage|p2a: Excadrill|8/100
|
|-heal|p2a: Excadrill|14/100|[from] item: Leftovers
|upkeep
|turn|61
|
|t:|1609124308
|switch|p2a: Pelipper|Pelipper, M|76/100
|-weather|RainDance|[from] ability: Drizzle|[of] p2a: Pelipper
|switch|p1a: not pink|Skarmory, M|100/100
|-damage|p1a: not pink|88/100|[from] Stealth Rock
|
|-weather|RainDance|[upkeep]
|-heal|p1a: not pink|94/100|[from] item: Leftovers
|upkeep
|turn|62
|
|t:|1609124312
|switch|p2a: Barraskewda|Barraskewda, M|27/100
|move|p1a: not pink|Body Press|p2a: Barraskewda
|-damage|p2a: Barraskewda|0 fnt
|faint|p2a: Barraskewda
|
|-weather|RainDance|[upkeep]
|-heal|p1a: not pink|99/100|[from] item: Leftovers
|upkeep
|
|t:|1609124320
|switch|p2a: Kingdra|Kingdra, M|9/100
|turn|63
|
|t:|1609124336
|switch|p2a: Excadrill|Excadrill, F|14/100
|-ability|p2a: Excadrill|Mold Breaker
|switch|p1a: pink|Toxapex, F, shiny|89/100
|-damage|p1a: pink|72/100|[from] Spikes
|-damage|p1a: pink|60/100|[from] Stealth Rock
|
|-weather|RainDance|[upkeep]
|-heal|p2a: Excadrill|20/100|[from] item: Leftovers
|-heal|p1a: pink|66/100|[from] item: Black Sludge
|upkeep
|turn|64
|
|t:|1609124339
|switch|p1a: not pink|Skarmory, M|99/100
|-damage|p1a: not pink|88/100|[from] Stealth Rock
|move|p2a: Excadrill|Earthquake|p1a: not pink
|-immune|p1a: not pink
|
|-weather|RainDance|[upkeep]
|-heal|p2a: Excadrill|27/100|[from] item: Leftovers
|-heal|p1a: not pink|94/100|[from] item: Leftovers
|upkeep
|turn|65
|
|t:|1609124346
|switch|p2a: Zapdos|Zapdos|85/100
|move|p1a: not pink|Spikes|p2a: Zapdos
|-sidestart|p2: Rheinmetal|Spikes
|
|-weather|RainDance|[upkeep]
|-heal|p1a: not pink|99/100|[from] item: Leftovers
|upkeep
|turn|66
|
|t:|1609124350
|switch|p1a: pink blob|Chansey, F|90/100
|-damage|p1a: pink blob|78/100|[from] Stealth Rock
|-damage|p1a: pink blob|61/100|[from] Spikes
|move|p2a: Zapdos|Discharge|p1a: pink blob
|-damage|p1a: pink blob|51/100
|
|-weather|RainDance|[upkeep]
|upkeep
|turn|67
|
|t:|1609124357
|switch|p2a: Pelipper|Pelipper, M|76/100
|move|p1a: pink blob|Soft-Boiled|p1a: pink blob
|-heal|p1a: pink blob|100/100
|
|-weather|RainDance|[upkeep]
|upkeep
|turn|68
|
|t:|1609124362
|move|p2a: Pelipper|Scald|p1a: pink blob
|-crit|p1a: pink blob
|-damage|p1a: pink blob|81/100
|move|p1a: pink blob|Stealth Rock|p2a: Pelipper
|-sidestart|p2: Rheinmetal|move: Stealth Rock
|
|-weather|none
|upkeep
|turn|69
|
|t:|1609124366
|move|p2a: Pelipper|Scald|p1a: pink blob
|-damage|p1a: pink blob|73/100
|move|p1a: pink blob|Seismic Toss|p2a: Pelipper
|-damage|p2a: Pelipper|45/100
|
|upkeep
|turn|70
|
|t:|1609124368
|move|p2a: Pelipper|Roost|p2a: Pelipper
|-heal|p2a: Pelipper|95/100
|-singleturn|p2a: Pelipper|move: Roost
|move|p1a: pink blob|Soft-Boiled|p1a: pink blob
|-heal|p1a: pink blob|100/100
|
|upkeep
|turn|71
|
|t:|1609124374
|move|p2a: Pelipper|Scald|p1a: pink blob
|-damage|p1a: pink blob|92/100
|-status|p1a: pink blob|brn
|move|p1a: pink blob|Toxic|p2a: Pelipper
|-status|p2a: Pelipper|tox
|
|-damage|p2a: Pelipper|89/100 tox|[from] psn
|-damage|p1a: pink blob|86/100 brn|[from] brn
|upkeep
|turn|72
|
|t:|1609124391
|move|p2a: Pelipper|Roost|p2a: Pelipper
|-heal|p2a: Pelipper|100/100 tox
|-singleturn|p2a: Pelipper|move: Roost
|move|p1a: pink blob|Seismic Toss|p2a: Pelipper
|-damage|p2a: Pelipper|70/100 tox
|
|-damage|p2a: Pelipper|57/100 tox|[from] psn
|-damage|p1a: pink blob|80/100 brn|[from] brn
|upkeep
|turn|73
|
|t:|1609124397
|switch|p2a: Zapdos|Zapdos|85/100
|move|p1a: pink blob|Seismic Toss|p2a: Zapdos
|-damage|p2a: Zapdos|58/100
|
|-damage|p1a: pink blob|74/100 brn|[from] brn
|upkeep
|turn|74
|
|t:|1609124402
|switch|p2a: Excadrill|Excadrill, F|27/100
|-damage|p2a: Excadrill|14/100|[from] Spikes
|-damage|p2a: Excadrill|11/100|[from] Stealth Rock
|-ability|p2a: Excadrill|Mold Breaker
|move|p1a: pink blob|Toxic|p2a: Excadrill
|-immune|p2a: Excadrill
|
|-heal|p2a: Excadrill|17/100|[from] item: Leftovers
|-damage|p1a: pink blob|68/100 brn|[from] brn
|upkeep
|turn|75
|
|t:|1609124406
|move|p2a: Excadrill|Rapid Spin|p1a: pink blob
|-damage|p1a: pink blob|59/100 brn
|-boost|p2a: Excadrill|spe|1
|-sideend|p2: Rheinmetal|Spikes|[from] move: Rapid Spin|[of] p2a: Excadrill
|-sideend|p2: Rheinmetal|Stealth Rock|[from] move: Rapid Spin|[of] p2a: Excadrill
|move|p1a: pink blob|Seismic Toss|p2a: Excadrill
|-damage|p2a: Excadrill|0 fnt
|faint|p2a: Excadrill
|
|-damage|p1a: pink blob|52/100 brn|[from] brn
|upkeep
|
|t:|1609124413
|switch|p2a: Kingdra|Kingdra, M|9/100
|turn|76
|
|t:|1609124419
|move|p2a: Kingdra|Hydro Pump|p1a: pink blob
|-damage|p1a: pink blob|31/100 brn
|move|p1a: pink blob|Soft-Boiled|p1a: pink blob
|-heal|p1a: pink blob|81/100 brn
|
|-damage|p1a: pink blob|75/100 brn|[from] brn
|upkeep
|turn|77
|
|t:|1609124423
|move|p2a: Kingdra|Hydro Pump|p1a: pink blob
|-damage|p1a: pink blob|52/100 brn
|move|p1a: pink blob|Stealth Rock|p2a: Kingdra
|-sidestart|p2: Rheinmetal|move: Stealth Rock
|
|-damage|p1a: pink blob|46/100 brn|[from] brn
|upkeep
|turn|78
|
|t:|1609124427
|move|p2a: Kingdra|Hydro Pump|p1a: pink blob|[miss]
|-miss|p2a: Kingdra|p1a: pink blob
|move|p1a: pink blob|Soft-Boiled|p1a: pink blob
|-heal|p1a: pink blob|96/100 brn
|
|-damage|p1a: pink blob|90/100 brn|[from] brn
|upkeep
|turn|79
|
|t:|1609124432
|switch|p2a: Zapdos|Zapdos|58/100
|switch|p1a: not pink|Skarmory, M|99/100
|-damage|p1a: not pink|88/100|[from] Stealth Rock
|
|-heal|p1a: not pink|94/100|[from] item: Leftovers
|upkeep
|turn|80
|
|t:|1609124435
|switch|p1a: pink blob|Chansey, F|90/100
|-damage|p1a: pink blob|78/100|[from] Stealth Rock
|-damage|p1a: pink blob|61/100|[from] Spikes
|move|p2a: Zapdos|Discharge|p1a: pink blob
|-damage|p1a: pink blob|50/100
|-status|p1a: pink blob|par
|
|upkeep
|turn|81
|
|t:|1609124448
|move|p2a: Zapdos|Roost|p2a: Zapdos
|-heal|p2a: Zapdos|100/100
|-singleturn|p2a: Zapdos|move: Roost
|move|p1a: pink blob|Soft-Boiled|p1a: pink blob
|-heal|p1a: pink blob|100/100 par
|
|upkeep
|turn|82
|
|t:|1609124453
|move|p2a: Zapdos|Discharge|p1a: pink blob
|-damage|p1a: pink blob|90/100 par
|cant|p1a: pink blob|par
|
|upkeep
|turn|83
|
|t:|1609124459
|switch|p2a: Pelipper|Pelipper, M|57/100 tox
|-damage|p2a: Pelipper|32/100 tox|[from] Stealth Rock
|-weather|RainDance|[from] ability: Drizzle|[of] p2a: Pelipper
|cant|p1a: pink blob|par
|
|-weather|RainDance|[upkeep]
|-damage|p2a: Pelipper|26/100 tox|[from] psn
|upkeep
|turn|84
|
|t:|1609124463
|-curestatus|p1a: pink blob|par|[from] ability: Natural Cure
|switch|p1a: pink|Toxapex, F, shiny|99/100
|-damage|p1a: pink|83/100|[from] Spikes
|-damage|p1a: pink|70/100|[from] Stealth Rock
|move|p2a: Pelipper|Roost|p2a: Pelipper
|-heal|p2a: Pelipper|76/100 tox
|-singleturn|p2a: Pelipper|move: Roost
|
|-weather|RainDance|[upkeep]
|-heal|p1a: pink|76/100|[from] item: Black Sludge
|-damage|p2a: Pelipper|64/100 tox|[from] psn
|upkeep
|turn|85
|
|t:|1609124469
|move|p2a: Pelipper|U-turn|p1a: pink
|-resisted|p1a: pink
|-damage|p1a: pink|74/100
|
|t:|1609124470
|switch|p2a: Zapdos|Zapdos|100/100|[from]move: U-turn
|move|p1a: pink|Knock Off|p2a: Zapdos
|-damage|p2a: Zapdos|85/100
|-enditem|p2a: Zapdos|Heavy-Duty Boots|[from] move: Knock Off|[of] p1a: pink
|
|-weather|RainDance|[upkeep]
|-heal|p1a: pink|80/100|[from] item: Black Sludge
|upkeep
|turn|86
|
|t:|1609124476
|move|p2a: Zapdos|Discharge|p1a: pink
|-supereffective|p1a: pink
|-damage|p1a: pink|21/100
|-status|p1a: pink|par
|move|p1a: pink|Knock Off|p2a: Zapdos
|-damage|p2a: Zapdos|75/100
|
|-weather|RainDance|[upkeep]
|-heal|p1a: pink|27/100 par|[from] item: Black Sludge
|upkeep
|turn|87
|
|t:|1609124482
|move|p2a: Zapdos|Discharge|p1a: pink
|-supereffective|p1a: pink
|-damage|p1a: pink|0 fnt
|faint|p1a: pink
|
|-weather|RainDance|[upkeep]
|upkeep
|
|t:|1609124483
|switch|p1a: pink blob|Chansey, F|90/100
|-damage|p1a: pink blob|78/100|[from] Stealth Rock
|-damage|p1a: pink blob|61/100|[from] Spikes
|turn|88
|
|t:|1609124495
|move|p2a: Zapdos|Discharge|p1a: pink blob
|-damage|p1a: pink blob|51/100
|move|p1a: pink blob|Toxic|p2a: Zapdos
|-status|p2a: Zapdos|tox
|
|-weather|RainDance|[upkeep]
|-damage|p2a: Zapdos|69/100 tox|[from] psn
|upkeep
|turn|89
|
|t:|1609124501
|move|p2a: Zapdos|Hurricane|p1a: pink blob
|-damage|p1a: pink blob|37/100
|move|p1a: pink blob|Soft-Boiled|p1a: pink blob
|-heal|p1a: pink blob|87/100
|
|-weather|RainDance|[upkeep]
|-damage|p2a: Zapdos|57/100 tox|[from] psn
|upkeep
|turn|90
|
|t:|1609124507
|move|p2a: Zapdos|Roost|p2a: Zapdos
|-heal|p2a: Zapdos|100/100 tox
|-singleturn|p2a: Zapdos|move: Roost
|move|p1a: pink blob|Seismic Toss|p2a: Zapdos
|-damage|p2a: Zapdos|74/100 tox
|-status|p1a: pink blob|par|[from] ability: Static|[of] p2a: Zapdos
|
|-weather|none
|-damage|p2a: Zapdos|56/100 tox|[from] psn
|upkeep
|turn|91
|
|t:|1609124511
|move|p2a: Zapdos|Defog|p1a: pink blob
|-unboost|p1a: pink blob|evasion|1
|-sideend|p1: OUTW stall4reqs|Spikes|[from] move: Defog|[of] p2a: Zapdos
|-sideend|p1: OUTW stall4reqs|Stealth Rock|[from] move: Defog|[of] p2a: Zapdos
|-sideend|p2: Rheinmetal|Stealth Rock|[from] move: Defog|[of] p2a: Zapdos
|move|p1a: pink blob|Seismic Toss|p2a: Zapdos
|-damage|p2a: Zapdos|30/100 tox
|
|-damage|p2a: Zapdos|6/100 tox|[from] psn
|upkeep
|turn|92
|
|t:|1609124517
|switch|p2a: Pelipper|Pelipper, M|64/100 tox
|-weather|RainDance|[from] ability: Drizzle|[of] p2a: Pelipper
|cant|p1a: pink blob|par
|
|-weather|RainDance|[upkeep]
|-damage|p2a: Pelipper|58/100 tox|[from] psn
|upkeep
|turn|93
|
|t:|1609124524
|move|p2a: Pelipper|U-turn|p1a: pink blob
|-damage|p1a: pink blob|81/100 par
|
|t:|1609124525
|switch|p2a: Zapdos|Zapdos|6/100 tox|[from]move: U-turn
|move|p1a: pink blob|Seismic Toss|p2a: Zapdos
|-damage|p2a: Zapdos|0 fnt
|faint|p2a: Zapdos
|
|-weather|RainDance|[upkeep]
|upkeep
|
|t:|1609124532
|switch|p2a: Kingdra|Kingdra, M|9/100
|turn|94
|
|t:|1609124534
|-curestatus|p1a: pink blob|par|[from] ability: Natural Cure
|switch|p1a: not pink|Skarmory, M|94/100
|move|p2a: Kingdra|Surf|p1a: not pink
|-damage|p1a: not pink|0 fnt
|faint|p1a: not pink
|
|-weather|RainDance|[upkeep]
|upkeep
|
|t:|1609124536
|switch|p1a: pink blob|Chansey, F|81/100
|turn|95
|
|t:|1609124541
|move|p2a: Kingdra|Surf|p1a: pink blob
|-damage|p1a: pink blob|52/100
|move|p1a: pink blob|Stealth Rock|p2a: Kingdra
|-sidestart|p2: Rheinmetal|move: Stealth Rock
|
|-weather|RainDance|[upkeep]
|upkeep
|turn|96
|
|t:|1609124545
|move|p2a: Kingdra|Surf|p1a: pink blob
|-damage|p1a: pink blob|25/100
|move|p1a: pink blob|Soft-Boiled|p1a: pink blob
|-heal|p1a: pink blob|75/100
|
|-weather|RainDance|[upkeep]
|upkeep
|turn|97
|
|t:|1609124548
|move|p2a: Kingdra|Surf|p1a: pink blob
|-damage|p1a: pink blob|48/100
|move|p1a: pink blob|Seismic Toss|p2a: Kingdra
|-damage|p2a: Kingdra|0 fnt
|faint|p2a: Kingdra
|
|-weather|RainDance|[upkeep]
|upkeep
|-message|Rheinmetal forfeited.
|
|win|OUTW stall4reqs
|l|☆Rheinmetal
|raw|OUTW stall4reqs's rating: 1575 &rarr; <strong>1596</strong><br />(+21 for winning)
|raw|Rheinmetal's rating: 1590 &rarr; <strong>1569</strong><br />(-21 for losing)
|c|☆OUTW stall4reqs|this is the longest rain game ive ever played
|c|☆OUTW stall4reqs|gg
|l|☆OUTW stall4reqs
