|j|☆Le-Perpetrator
|j|☆Commando 55
|t:|1602688404
|player|p1|Le-Perpetrator|169|1659
|player|p2|Commando 55|iris-gen5bw2|1643
|teamsize|p1|6
|teamsize|p2|6
|gametype|singles
|gen|8
|tier|[Gen 8] OU
|rated|
|clearpoke
|poke|p1|Hatterene, F|
|poke|p1|Gengar, F|
|poke|p1|Ferrothorn, M|
|poke|p1|Togekiss, F|
|poke|p1|Zeraora|
|poke|p1|Conkeldurr, M|
|poke|p2|Mew|
|poke|p2|Clefable, M|
|poke|p2|Kyurem|
|poke|p2|Urshifu-*, F|
|poke|p2|Mandibuzz, F|
|poke|p2|Blissey, F|
|rule|Sleep Clause Mod: Limit one foe put to sleep
|rule|Species Clause: Limit one of each Pokémon
|rule|OHKO Clause: OHKO moves are banned
|rule|Evasion Moves Clause: Evasion moves are banned
|rule|Endless Battle Clause: Forcing endless battles is banned
|rule|HP Percentage Mod: HP is shown in percentages
|rule|Dynamax Clause: You cannot dynamax
|teampreview
|
|t:|1602688417
|start
|switch|p1a: Zeraora|Zeraora|100/100
|switch|p2a: Urshifu|Urshifu-Rapid-Strike, F|100/100
|turn|1
|inactive|Battle timer is ON: inactive players will automatically lose when time's up. (requested by Commando 55)
|
|t:|1602688423
|move|p2a: Urshifu|U-turn|p1a: Zeraora
|-damage|p1a: Zeraora|62/100
|
|t:|1602688428
|switch|p2a: Clefable|Clefable, M|100/100|[from]move: U-turn
|move|p1a: Zeraora|Volt Switch|p2a: Clefable
|-damage|p2a: Clefable|76/100
|j| Dislashed
|
|t:|1602688441
|switch|p1a: Gengar|Gengar, F|100/100|[from]move: Volt Switch
|
|-heal|p2a: Clefable|82/100|[from] item: Leftovers
|upkeep
|turn|2
|
|t:|1602688449
|switch|p2a: Blissey|Blissey, F|100/100
|move|p1a: Gengar|Sludge Wave|p2a: Blissey
|-damage|p2a: Blissey|82/100
|
|upkeep
|turn|3
|j| znop
|
|t:|1602688458
|switch|p1a: Ferrothorn|Ferrothorn, M|100/100
|move|p2a: Blissey|Teleport|p2a: Blissey
|
|t:|1602688462
|switch|p2a: Mew|Mew, shiny|100/100|[from]move: Teleport
|
|upkeep
|turn|4
|
|t:|1602688467
|switch|p1a: Hatterene|Hatterene, F|100/100
|move|p2a: Mew|Swords Dance|p2a: Mew
|-boost|p2a: Mew|atk|2
|
|upkeep
|turn|5
|l| znop
|j| xxxaaaxxx
|
|t:|1602688477
|move|p2a: Mew|Swords Dance|p2a: Mew
|-boost|p2a: Mew|atk|2
|move|p1a: Hatterene|Dazzling Gleam|p2a: Mew
|-crit|p2a: Mew
|-damage|p2a: Mew|0 fnt
|faint|p2a: Mew
|
|upkeep
|l|☆Commando 55
|inactive|Commando 55 disconnected and has a minute to reconnect!
|player|p2|
|j|☆Commando 55
|inactive|Commando 55 reconnected and has 115 seconds left.
|player|p2|Commando 55|iris-gen5bw2
|
|t:|1602688521
|switch|p2a: Blissey|Blissey, F|82/100
|turn|6
|
|t:|1602688528
|switch|p1a: Ferrothorn|Ferrothorn, M|100/100
|move|p2a: Blissey|Teleport|p2a: Blissey
|inactive|Commando 55 has 120 seconds left.
|
|t:|1602688540
|switch|p2a: Kyurem|Kyurem|100/100|[from]move: Teleport
|-ability|p2a: Kyurem|Pressure
|
|upkeep
|turn|7
|
|t:|1602688544
|move|p2a: Kyurem|Focus Blast|p1a: Ferrothorn|[miss]
|-miss|p2a: Kyurem|p1a: Ferrothorn
|move|p1a: Ferrothorn|Gyro Ball|p2a: Kyurem
|-supereffective|p2a: Kyurem
|-damage|p2a: Kyurem|1/100
|
|upkeep
|turn|8
|
|t:|1602688554
|switch|p2a: Urshifu|Urshifu-Rapid-Strike, F|100/100
|switch|p1a: Hatterene|Hatterene, F|100/100
|
|upkeep
|turn|9
|
|t:|1602688560
|switch|p1a: Ferrothorn|Ferrothorn, M|100/100
|move|p2a: Urshifu|U-turn|p1a: Ferrothorn
|-damage|p1a: Ferrothorn|82/100
|-damage|p2a: Urshifu|88/100|[from] ability: Iron Barbs|[of] p1a: Ferrothorn
|-damage|p2a: Urshifu|72/100|[from] item: Rocky Helmet|[of] p1a: Ferrothorn
|
|t:|1602688563
|switch|p2a: Kyurem|Kyurem|1/100|[from]move: U-turn
|-ability|p2a: Kyurem|Pressure
|
|upkeep
|turn|10
|
|t:|1602688570
|move|p2a: Kyurem|Ice Beam|p1a: Ferrothorn
|-damage|p1a: Ferrothorn|24/100
|-status|p1a: Ferrothorn|frz
|cant|p1a: Ferrothorn|frz
|
|upkeep
|turn|11
|
|t:|1602688576
|move|p2a: Kyurem|Ice Beam|p1a: Ferrothorn
|-damage|p1a: Ferrothorn|0 fnt
|faint|p1a: Ferrothorn
|
|upkeep
|
|t:|1602688582
|switch|p1a: Zeraora|Zeraora|62/100
|turn|12
|
|t:|1602688588
|switch|p2a: Clefable|Clefable, M|82/100
|move|p1a: Zeraora|Volt Switch|p2a: Clefable
|-damage|p2a: Clefable|59/100
|
|t:|1602688597
|switch|p1a: Togekiss|Togekiss, F|100/100|[from]move: Volt Switch
|
|-heal|p2a: Clefable|65/100|[from] item: Leftovers
|upkeep
|turn|13
|
|t:|1602688602
|switch|p2a: Blissey|Blissey, F|82/100
|move|p1a: Togekiss|Nasty Plot|p1a: Togekiss
|-boost|p1a: Togekiss|spa|2
|
|upkeep
|turn|14
|
|t:|1602688608
|move|p1a: Togekiss|Air Slash|p2a: Blissey
|-damage|p2a: Blissey|53/100
|cant|p2a: Blissey|flinch
|
|upkeep
|turn|15
|
|t:|1602688612
|move|p1a: Togekiss|Air Slash|p2a: Blissey
|-damage|p2a: Blissey|28/100
|move|p2a: Blissey|Soft-Boiled|p2a: Blissey
|-heal|p2a: Blissey|78/100
|
|upkeep
|turn|16
|
|t:|1602688617
|move|p1a: Togekiss|Thunder Wave|p2a: Blissey
|-status|p2a: Blissey|par
|cant|p2a: Blissey|par
|
|upkeep
|turn|17
|j| jmelnick15
|
|t:|1602688622
|move|p1a: Togekiss|Air Slash|p2a: Blissey
|-damage|p2a: Blissey|50/100 par
|cant|p2a: Blissey|flinch
|
|upkeep
|turn|18
|l| Dislashed
|
|t:|1602688626
|move|p1a: Togekiss|Air Slash|p2a: Blissey
|-damage|p2a: Blissey|23/100 par
|cant|p2a: Blissey|flinch
|
|upkeep
|turn|19
|l| jmelnick15
|
|t:|1602688630
|move|p1a: Togekiss|Air Slash|p2a: Blissey
|-damage|p2a: Blissey|0 fnt
|faint|p2a: Blissey
|
|upkeep
|
|t:|1602688632
|switch|p2a: Kyurem|Kyurem|1/100
|-ability|p2a: Kyurem|Pressure
|turn|20
|
|t:|1602688637
|switch|p1a: Conkeldurr|Conkeldurr, M|100/100
|move|p2a: Kyurem|Ice Beam|p1a: Conkeldurr
|-damage|p1a: Conkeldurr|49/100
|
|upkeep
|turn|21
|
|t:|1602688643
|switch|p2a: Clefable|Clefable, M|65/100
|move|p1a: Conkeldurr|Mach Punch|p2a: Clefable
|-resisted|p2a: Clefable
|-damage|p2a: Clefable|53/100
|
|-heal|p2a: Clefable|59/100|[from] item: Leftovers
|upkeep
|turn|22
|
|t:|1602688649
|move|p1a: Conkeldurr|Knock Off|p2a: Clefable
|-resisted|p2a: Clefable
|-damage|p2a: Clefable|45/100
|-enditem|p2a: Clefable|Leftovers|[from] move: Knock Off|[of] p1a: Conkeldurr
|move|p2a: Clefable|Teleport|p2a: Clefable
|
|t:|1602688654
|switch|p2a: Urshifu|Urshifu-Rapid-Strike, F|72/100|[from]move: Teleport
|
|upkeep
|turn|23
|
|t:|1602688658
|move|p1a: Conkeldurr|Mach Punch|p2a: Urshifu
|-damage|p2a: Urshifu|42/100
|move|p2a: Urshifu|Surging Strikes|p1a: Conkeldurr
|-crit|p1a: Conkeldurr
|-damage|p1a: Conkeldurr|30/100
|-crit|p1a: Conkeldurr
|-damage|p1a: Conkeldurr|10/100
|-crit|p1a: Conkeldurr
|-damage|p1a: Conkeldurr|0 fnt
|-hitcount|p1a: Conkeldurr|3
|faint|p1a: Conkeldurr
|
|upkeep
|
|t:|1602688669
|switch|p1a: Hatterene|Hatterene, F|100/100
|turn|24
|
|t:|1602688674
|switch|p2a: Clefable|Clefable, M|45/100
|move|p1a: Hatterene|Draining Kiss|p2a: Clefable
|-damage|p2a: Clefable|6/100
|
|upkeep
|turn|25
|
|t:|1602688679
|switch|p1a: Gengar|Gengar, F|100/100
|move|p2a: Clefable|Moonblast|p1a: Gengar
|-resisted|p1a: Gengar
|-damage|p1a: Gengar|74/100
|-start|p2a: Clefable|Disable|Moonblast|[from] ability: Cursed Body|[of] p1a: Gengar
|
|upkeep
|turn|26
|j| AquaVanilla
|
|t:|1602688686
|move|p2a: Clefable|Protect|p2a: Clefable
|-singleturn|p2a: Clefable|Protect
|move|p1a: Gengar|Sludge Wave|p2a: Clefable
|-activate|p2a: Clefable|move: Protect
|
|upkeep
|turn|27
|
|t:|1602688696
|move|p1a: Gengar|Sludge Wave|p2a: Clefable
|-supereffective|p2a: Clefable
|-damage|p2a: Clefable|0 fnt
|faint|p2a: Clefable
|
|upkeep
|
|t:|1602688698
|switch|p2a: Urshifu|Urshifu-Rapid-Strike, F|42/100
|turn|28
|
|t:|1602688705
|move|p2a: Urshifu|Surging Strikes|p1a: Gengar
|-crit|p1a: Gengar
|-damage|p1a: Gengar|28/100
|-crit|p1a: Gengar
|-damage|p1a: Gengar|0 fnt
|-start|p2a: Urshifu|Disable|Surging Strikes|[from] ability: Cursed Body|[of] p1a: Gengar
|-hitcount|p1a: Gengar|2
|faint|p1a: Gengar
|
|upkeep
|
|t:|1602688714
|switch|p1a: Zeraora|Zeraora|62/100
|turn|29
|
|t:|1602688719
|switch|p2a: Mandibuzz|Mandibuzz, F|100/100
|move|p1a: Zeraora|Plasma Fists|p2a: Mandibuzz
|-supereffective|p2a: Mandibuzz
|-damage|p2a: Mandibuzz|18/100
|-fieldactivate|move: Ion Deluge
|
|upkeep
|turn|30
|inactive|Le-Perpetrator has 120 seconds left.
|
|t:|1602688762
|move|p1a: Zeraora|Plasma Fists|p2a: Mandibuzz
|-supereffective|p2a: Mandibuzz
|-damage|p2a: Mandibuzz|0 fnt
|-fieldactivate|move: Ion Deluge
|faint|p2a: Mandibuzz
|
|upkeep
|
|t:|1602688766
|switch|p2a: Urshifu|Urshifu-Rapid-Strike, F|42/100
|turn|31
|inactive|Le-Perpetrator has 120 seconds left.
|
|t:|1602688774
|switch|p1a: Togekiss|Togekiss, F|100/100
|move|p2a: Urshifu|Surging Strikes|p1a: Togekiss
|-crit|p1a: Togekiss
|-damage|p1a: Togekiss|73/100
|-crit|p1a: Togekiss
|-damage|p1a: Togekiss|47/100
|-crit|p1a: Togekiss
|-damage|p1a: Togekiss|23/100
|-hitcount|p1a: Togekiss|3
|
|-heal|p1a: Togekiss|29/100|[from] item: Leftovers
|upkeep
|turn|32
|j| WhatColorIsThis?
|
|t:|1602688784
|move|p2a: Urshifu|Surging Strikes|p1a: Togekiss
|-crit|p1a: Togekiss
|-damage|p1a: Togekiss|3/100
|-crit|p1a: Togekiss
|-damage|p1a: Togekiss|0 fnt
|-hitcount|p1a: Togekiss|2
|faint|p1a: Togekiss
|
|upkeep
|
|t:|1602688789
|switch|p1a: Hatterene|Hatterene, F|100/100
|turn|33
|
|t:|1602688804
|move|p2a: Urshifu|Surging Strikes|p1a: Hatterene
|-crit|p1a: Hatterene
|-damage|p1a: Hatterene|74/100
|-crit|p1a: Hatterene
|-damage|p1a: Hatterene|47/100
|-crit|p1a: Hatterene
|-damage|p1a: Hatterene|21/100
|-hitcount|p1a: Hatterene|3
|move|p1a: Hatterene|Draining Kiss|p2a: Urshifu
|-supereffective|p2a: Urshifu
|-damage|p2a: Urshifu|0 fnt
|-heal|p1a: Hatterene|54/100|[from] drain|[of] p2a: Urshifu
|faint|p2a: Urshifu
|
|upkeep
|
|t:|1602688809
|switch|p2a: Kyurem|Kyurem|1/100
|-ability|p2a: Kyurem|Pressure
|turn|34
|
|t:|1602688818
|move|p2a: Kyurem|Ice Beam|p1a: Hatterene
|-damage|p1a: Hatterene|0 fnt
|faint|p1a: Hatterene
|
|upkeep
|
|t:|1602688822
|switch|p1a: Zeraora|Zeraora|62/100
|turn|35
|-message|Commando 55 forfeited.
|
|win|Le-Perpetrator
|l|☆Commando 55
|raw|Le-Perpetrator's rating: 1659 &rarr; <strong>1678</strong><br />(+19 for winning)
|raw|Commando 55's rating: 1643 &rarr; <strong>1624</strong><br />(-19 for losing)
