|html|<div class="broadcast-blue"><strong>[Gen 8] OU is currently suspecting Melmetal! For information on how to participate check out the <a href="https://www.smogon.com/forums/threads/np-ss-ou-suspect-process-round-12-monster-mash.3709234/">suspect thread</a>.</strong></div>
|j|☆ChandosH
|j|☆iidanny2k
|t:|1665984698
|gametype|singles
|player|p1|ChandosH|n-masters|1579
|player|p2|iidanny2k|palmer|1709
|teamsize|p1|6
|teamsize|p2|6
|gen|8
|tier|[Gen 8] OU
|rated|
|rule|Sleep Clause Mod: Limit one foe put to sleep
|rule|Species Clause: Limit one of each Pokémon
|rule|OHKO Clause: OHKO moves are banned
|rule|Evasion Items Clause: Evasion items are banned
|rule|Evasion Moves Clause: Evasion moves are banned
|rule|Endless Battle Clause: Forcing endless battles is banned
|rule|HP Percentage Mod: HP is shown in percentages
|rule|Dynamax Clause: You cannot dynamax
|clearpoke
|poke|p1|Pelipper, M|
|poke|p1|Barraskewda, F|
|poke|p1|Zapdos|
|poke|p1|Ferrothorn, M|
|poke|p1|Crawdaunt, M|
|poke|p1|Landorus-Therian, M|
|poke|p2|Toxapex, M|
|poke|p2|Kangaskhan, F|
|poke|p2|Dragapult, F|
|poke|p2|Tapu Koko|
|poke|p2|Landorus-Therian, M|
|poke|p2|Scizor, F|
|teampreview
|inactive|Battle timer is ON: inactive players will automatically lose when time's up. (requested by iidanny2k)
|
|t:|1665984713
|start
|switch|p1a: Zapdos|Zapdos|100/100
|switch|p2a: Kangaskhan|Kangaskhan, F|100/100
|turn|1
|
|t:|1665984719
|switch|p1a: Ferrothorn|Ferrothorn, M|100/100
|switch|p2a: Tapu Koko|Tapu Koko|100/100
|-fieldstart|move: Electric Terrain|[from] ability: Electric Surge|[of] p2a: Tapu Koko
|
|upkeep
|turn|2
|
|t:|1665984722
|move|p2a: Tapu Koko|Volt Switch|p1a: Ferrothorn
|-resisted|p1a: Ferrothorn
|-damage|p1a: Ferrothorn|85/100
|
|t:|1665984724
|switch|p2a: Dragapult|Dragapult, F|100/100|[from]move: Volt Switch
|move|p1a: Ferrothorn|Stealth Rock|p2a: Dragapult
|-sidestart|p2: iidanny2k|move: Stealth Rock
|
|-heal|p1a: Ferrothorn|91/100|[from] item: Leftovers
|upkeep
|turn|3
|
|t:|1665984734
|switch|p1a: Landorus|Landorus-Therian, M|100/100
|-ability|p1a: Landorus|Intimidate|boost
|-fail|p2a: Dragapult|unboost|[from] ability: Clear Body|[of] p2a: Dragapult
|move|p2a: Dragapult|Shadow Ball|p1a: Landorus
|-damage|p1a: Landorus|59/100
|
|-heal|p1a: Landorus|65/100|[from] item: Leftovers
|upkeep
|turn|4
|
|t:|1665984746
|move|p2a: Dragapult|Shadow Ball|p1a: Landorus
|-damage|p1a: Landorus|28/100
|move|p1a: Landorus|Toxic|p2a: Dragapult
|-status|p2a: Dragapult|tox
|
|-heal|p1a: Landorus|34/100|[from] item: Leftovers
|-damage|p2a: Dragapult|95/100 tox|[from] psn
|upkeep
|turn|5
|
|t:|1665984755
|move|p2a: Dragapult|Shadow Ball|p1a: Landorus
|-damage|p1a: Landorus|0 fnt
|faint|p1a: Landorus
|
|-damage|p2a: Dragapult|83/100 tox|[from] psn
|-fieldend|move: Electric Terrain
|upkeep
|
|t:|1665984759
|switch|p1a: Crawdaunt|Crawdaunt, M|100/100
|turn|6
|
|t:|1665984777
|switch|p2a: Toxapex|Toxapex, M|100/100
|-damage|p2a: Toxapex|88/100|[from] Stealth Rock
|move|p1a: Crawdaunt|Knock Off|p2a: Toxapex
|-damage|p2a: Toxapex|33/100
|-damage|p1a: Crawdaunt|84/100|[from] item: Rocky Helmet|[of] p2a: Toxapex
|-enditem|p2a: Toxapex|Rocky Helmet|[from] move: Knock Off|[of] p1a: Crawdaunt
|-damage|p1a: Crawdaunt|74/100|[from] item: Life Orb
|
|upkeep
|turn|7
|
|t:|1665984783
|move|p1a: Crawdaunt|Crabhammer|p2a: Toxapex
|-resisted|p2a: Toxapex
|-damage|p2a: Toxapex|3/100
|-damage|p1a: Crawdaunt|65/100|[from] item: Life Orb
|move|p2a: Toxapex|Recover|p2a: Toxapex
|-heal|p2a: Toxapex|53/100
|
|upkeep
|turn|8
|
|t:|1665984787
|move|p1a: Crawdaunt|Swords Dance|p1a: Crawdaunt
|-boost|p1a: Crawdaunt|atk|2
|move|p2a: Toxapex|Recover|p2a: Toxapex
|-heal|p2a: Toxapex|100/100
|
|upkeep
|turn|9
|
|t:|1665984793
|move|p1a: Crawdaunt|Knock Off|p2a: Toxapex
|-damage|p2a: Toxapex|30/100
|-damage|p1a: Crawdaunt|55/100|[from] item: Life Orb
|move|p2a: Toxapex|Haze|p2a: Toxapex
|-clearallboost
|
|upkeep
|turn|10
|
|t:|1665984796
|move|p1a: Crawdaunt|Knock Off|p2a: Toxapex
|-damage|p2a: Toxapex|0 fnt
|faint|p2a: Toxapex
|-damage|p1a: Crawdaunt|45/100|[from] item: Life Orb
|
|upkeep
|
|t:|1665984801
|switch|p2a: Scizor|Scizor, F|100/100
|-damage|p2a: Scizor|88/100|[from] Stealth Rock
|turn|11
|
|t:|1665984811
|move|p1a: Crawdaunt|Knock Off|p2a: Scizor
|-damage|p2a: Scizor|16/100
|-damage|p1a: Crawdaunt|29/100|[from] item: Rocky Helmet|[of] p2a: Scizor
|-enditem|p2a: Scizor|Rocky Helmet|[from] move: Knock Off|[of] p1a: Crawdaunt
|-damage|p1a: Crawdaunt|19/100|[from] item: Life Orb
|move|p2a: Scizor|U-turn|p1a: Crawdaunt
|-supereffective|p1a: Crawdaunt
|-damage|p1a: Crawdaunt|0 fnt
|faint|p1a: Crawdaunt
|
|t:|1665984815
|switch|p2a: Tapu Koko|Tapu Koko|100/100|[from]move: U-turn
|-fieldstart|move: Electric Terrain|[from] ability: Electric Surge|[of] p2a: Tapu Koko
|
|upkeep
|
|t:|1665984822
|switch|p1a: Ferrothorn|Ferrothorn, M|91/100
|turn|12
|
|t:|1665984827
|move|p2a: Tapu Koko|Volt Switch|p1a: Ferrothorn
|-resisted|p1a: Ferrothorn
|-damage|p1a: Ferrothorn|75/100
|
|t:|1665984832
|switch|p2a: Scizor|Scizor, F|16/100|[from]move: Volt Switch
|-damage|p2a: Scizor|4/100|[from] Stealth Rock
|move|p1a: Ferrothorn|Leech Seed|p2a: Scizor
|-start|p2a: Scizor|move: Leech Seed
|
|-heal|p1a: Ferrothorn|81/100|[from] item: Leftovers
|-damage|p2a: Scizor|0 fnt|[from] Leech Seed|[of] p1a: Ferrothorn
|-heal|p1a: Ferrothorn|84/100|[silent]
|faint|p2a: Scizor
|upkeep
|
|t:|1665984838
|switch|p2a: Kangaskhan|Kangaskhan, F|100/100
|-damage|p2a: Kangaskhan|88/100|[from] Stealth Rock
|turn|13
|
|t:|1665984842
|move|p2a: Kangaskhan|Fire Punch|p1a: Ferrothorn
|-supereffective|p1a: Ferrothorn
|-damage|p1a: Ferrothorn|15/100
|-damage|p2a: Kangaskhan|75/100|[from] ability: Iron Barbs|[of] p1a: Ferrothorn
|move|p1a: Ferrothorn|Leech Seed|p2a: Kangaskhan
|-start|p2a: Kangaskhan|move: Leech Seed
|
|-heal|p1a: Ferrothorn|21/100|[from] item: Leftovers
|-damage|p2a: Kangaskhan|63/100|[from] Leech Seed|[of] p1a: Ferrothorn
|-heal|p1a: Ferrothorn|34/100|[silent]
|upkeep
|turn|14
|
|t:|1665984847
|switch|p2a: Tapu Koko|Tapu Koko|100/100
|switch|p1a: Pelipper|Pelipper, M|100/100
|-weather|RainDance|[from] ability: Drizzle|[of] p1a: Pelipper
|
|-weather|RainDance|[upkeep]
|upkeep
|turn|15
|
|t:|1665984858
|switch|p1a: Ferrothorn|Ferrothorn, M|34/100
|move|p2a: Tapu Koko|Thunderbolt|p1a: Ferrothorn
|-resisted|p1a: Ferrothorn
|-damage|p1a: Ferrothorn|14/100
|
|-weather|RainDance|[upkeep]
|-heal|p1a: Ferrothorn|21/100|[from] item: Leftovers
|-fieldend|move: Electric Terrain
|upkeep
|turn|16
|
|t:|1665984863
|move|p2a: Tapu Koko|Volt Switch|p1a: Ferrothorn
|-resisted|p1a: Ferrothorn
|-damage|p1a: Ferrothorn|9/100
|
|t:|1665984871
|switch|p2a: Kangaskhan|Kangaskhan, F|63/100|[from]move: Volt Switch
|-damage|p2a: Kangaskhan|50/100|[from] Stealth Rock
|move|p1a: Ferrothorn|Leech Seed|p2a: Kangaskhan
|-start|p2a: Kangaskhan|move: Leech Seed
|
|-weather|RainDance|[upkeep]
|-heal|p1a: Ferrothorn|15/100|[from] item: Leftovers
|-damage|p2a: Kangaskhan|38/100|[from] Leech Seed|[of] p1a: Ferrothorn
|-heal|p1a: Ferrothorn|28/100|[silent]
|upkeep
|turn|17
|
|t:|1665984885
|switch|p1a: Pelipper|Pelipper, M|100/100
|move|p2a: Kangaskhan|Double-Edge|p1a: Pelipper
|-damage|p1a: Pelipper|39/100
|-damage|p2a: Kangaskhan|20/100|[from] Recoil
|
|-weather|RainDance|[upkeep]
|-damage|p2a: Kangaskhan|7/100|[from] Leech Seed|[of] p1a: Pelipper
|-heal|p1a: Pelipper|53/100|[silent]
|upkeep
|turn|18
|
|t:|1665984892
|switch|p1a: Ferrothorn|Ferrothorn, M|28/100
|move|p2a: Kangaskhan|Double-Edge|p1a: Ferrothorn
|-resisted|p1a: Ferrothorn
|-damage|p1a: Ferrothorn|5/100
|-damage|p2a: Kangaskhan|0 fnt|[from] ability: Iron Barbs|[of] p1a: Ferrothorn
|faint|p2a: Kangaskhan
|
|-weather|RainDance|[upkeep]
|-heal|p1a: Ferrothorn|11/100|[from] item: Leftovers
|upkeep
|
|t:|1665984895
|switch|p2a: Tapu Koko|Tapu Koko|100/100
|-fieldstart|move: Electric Terrain|[from] ability: Electric Surge|[of] p2a: Tapu Koko
|turn|19
|
|t:|1665984904
|move|p2a: Tapu Koko|Thunderbolt|p1a: Ferrothorn
|-resisted|p1a: Ferrothorn
|-damage|p1a: Ferrothorn|0 fnt
|faint|p1a: Ferrothorn
|
|-weather|RainDance|[upkeep]
|upkeep
|
|t:|1665984907
|switch|p1a: Barraskewda|Barraskewda, F|100/100
|turn|20
|
|t:|1665984909
|switch|p2a: Landorus|Landorus-Therian, M|100/100
|-damage|p2a: Landorus|88/100|[from] Stealth Rock
|-ability|p2a: Landorus|Intimidate|boost
|-unboost|p1a: Barraskewda|atk|1
|move|p1a: Barraskewda|Liquidation|p2a: Landorus
|-supereffective|p2a: Landorus
|-damage|p2a: Landorus|0 fnt
|faint|p2a: Landorus
|
|-weather|RainDance|[upkeep]
|upkeep
|
|t:|1665984912
|switch|p2a: Tapu Koko|Tapu Koko|100/100
|turn|21
|j| sfgfsdfshs
|inactive|ChandosH has 120 seconds left.
|
|t:|1665984967
|switch|p1a: Zapdos|Zapdos|100/100
|move|p2a: Tapu Koko|Thunderbolt|p1a: Zapdos
|-damage|p1a: Zapdos|42/100
|
|-weather|none
|upkeep
|turn|22
|
|t:|1665984972
|move|p2a: Tapu Koko|Thunderbolt|p1a: Zapdos
|-damage|p1a: Zapdos|0 fnt
|faint|p1a: Zapdos
|
|upkeep
|
|t:|1665984977
|switch|p1a: Pelipper|Pelipper, M|53/100
|-weather|RainDance|[from] ability: Drizzle|[of] p1a: Pelipper
|turn|23
|
|t:|1665984979
|move|p2a: Tapu Koko|Thunderbolt|p1a: Pelipper
|-supereffective|p1a: Pelipper
|-crit|p1a: Pelipper
|-damage|p1a: Pelipper|0 fnt
|faint|p1a: Pelipper
|
|-weather|RainDance|[upkeep]
|-fieldend|move: Electric Terrain
|upkeep
|
|t:|1665984982
|switch|p1a: Barraskewda|Barraskewda, F|100/100
|turn|24
|
|t:|1665984984
|move|p1a: Barraskewda|Liquidation|p2a: Tapu Koko
|-damage|p2a: Tapu Koko|0 fnt
|faint|p2a: Tapu Koko
|
|-weather|RainDance|[upkeep]
|upkeep
|
|t:|1665984986
|switch|p2a: Dragapult|Dragapult, F|83/100 tox
|-damage|p2a: Dragapult|70/100 tox|[from] Stealth Rock
|turn|25
|
|t:|1665984989
|move|p1a: Barraskewda|Liquidation|p2a: Dragapult
|-resisted|p2a: Dragapult
|-damage|p2a: Dragapult|0 fnt
|faint|p2a: Dragapult
|
|win|ChandosH
|raw|ChandosH's rating: 1579 &rarr; <strong>1606</strong><br />(+27 for winning)
|raw|iidanny2k's rating: 1709 &rarr; <strong>1682</strong><br />(-27 for losing)
|l|☆iidanny2k
|c|☆ChandosH|Gg
