|j|☆jawabarat
|j|☆Ctannn
|t:|1667603569
|gametype|singles
|player|p1|jawabarat|artist-gen4|1722
|player|p2|Ctannn|1|1767
|teamsize|p1|6
|teamsize|p2|6
|gen|8
|tier|[Gen 8] OU
|rated|
|rule|Sleep Clause Mod: Limit one foe put to sleep
|rule|Species Clause: Limit one of each Pokémon
|rule|OHKO Clause: OHKO moves are banned
|rule|Evasion Items Clause: Evasion items are banned
|rule|Evasion Moves Clause: Evasion moves are banned
|rule|Endless Battle Clause: Forcing endless battles is banned
|rule|HP Percentage Mod: HP is shown in percentages
|rule|Dynamax Clause: You cannot dynamax
|clearpoke
|poke|p1|Clefable, M|
|poke|p1|Tornadus-Therian, M|
|poke|p1|Toxapex, M|
|poke|p1|Corviknight, M|
|poke|p1|Gastrodon, M|
|poke|p1|Blissey, F|
|poke|p2|Tornadus-Therian, M|
|poke|p2|Garchomp, M|
|poke|p2|Urshifu-*, M|
|poke|p2|Slowking-Galar, F|
|poke|p2|Tapu Koko|
|poke|p2|Weavile, M|
|teampreview
|inactive|Battle timer is ON: inactive players will automatically lose when time's up. (requested by Ctannn)
|j| AquaticCarlie
|j| Joeshh
|
|t:|1667603597
|start
|switch|p1a: Gastrodon|Gastrodon, M|100/100
|switch|p2a: Tornadus|Tornadus-Therian, M|100/100
|turn|1
|
|t:|1667603607
|move|p2a: Tornadus|Taunt|p1a: Gastrodon
|-start|p1a: Gastrodon|move: Taunt
|move|p1a: Gastrodon|Scald|p2a: Tornadus
|-damage|p2a: Tornadus|74/100
|
|upkeep
|turn|2
|
|t:|1667603615
|switch|p1a: Toxapex|Toxapex, M|100/100
|move|p2a: Tornadus|Knock Off|p1a: Toxapex
|-damage|p1a: Toxapex|88/100
|-enditem|p1a: Toxapex|Heavy-Duty Boots|[from] move: Knock Off|[of] p2a: Tornadus
|
|upkeep
|turn|3
|
|t:|1667603621
|move|p2a: Tornadus|Taunt|p1a: Toxapex
|-start|p1a: Toxapex|move: Taunt
|move|p1a: Toxapex|Knock Off|p2a: Tornadus
|-damage|p2a: Tornadus|59/100
|-damage|p1a: Toxapex|71/100|[from] item: Rocky Helmet|[of] p2a: Tornadus
|-enditem|p2a: Tornadus|Rocky Helmet|[from] move: Knock Off|[of] p1a: Toxapex
|
|upkeep
|turn|4
|
|t:|1667603624
|move|p2a: Tornadus|Hurricane|p1a: Toxapex
|-damage|p1a: Toxapex|37/100
|-start|p1a: Toxapex|confusion
|-activate|p1a: Toxapex|confusion
|move|p1a: Toxapex|Knock Off|p2a: Tornadus
|-crit|p2a: Tornadus
|-damage|p2a: Tornadus|45/100
|
|upkeep
|turn|5
|
|t:|1667603628
|switch|p1a: Tornadus|Tornadus-Therian, M|100/100
|move|p2a: Tornadus|Knock Off|p1a: Tornadus
|-damage|p1a: Tornadus|78/100
|-enditem|p1a: Tornadus|Heavy-Duty Boots|[from] move: Knock Off|[of] p2a: Tornadus
|
|upkeep
|turn|6
|
|t:|1667603639
|move|p2a: Tornadus|U-turn|p1a: Tornadus
|-resisted|p1a: Tornadus
|-damage|p1a: Tornadus|69/100
|
|t:|1667603641
|switch|p2a: Tapu Koko|Tapu Koko|100/100|[from]move: U-turn
|-fieldstart|move: Electric Terrain|[from] ability: Electric Surge|[of] p2a: Tapu Koko
|move|p1a: Tornadus|Toxic|p2a: Tapu Koko
|-status|p2a: Tapu Koko|tox
|
|-damage|p2a: Tapu Koko|94/100 tox|[from] psn
|upkeep
|turn|7
|j| Serek94
|
|t:|1667603652
|switch|p1a: Gastrodon|Gastrodon, M|100/100
|move|p2a: Tapu Koko|U-turn|p1a: Gastrodon
|-damage|p1a: Gastrodon|82/100
|
|t:|1667603655
|switch|p2a: Slowking|Slowking-Galar, F|100/100|[from]move: U-turn
|
|upkeep
|turn|8
|
|t:|1667603665
|move|p1a: Gastrodon|Earthquake|p2a: Slowking
|-supereffective|p2a: Slowking
|-damage|p2a: Slowking|58/100
|move|p2a: Slowking|Trick|p1a: Gastrodon
|-immune|p1a: Gastrodon
|
|-heal|p2a: Slowking|64/100|[from] item: Black Sludge
|upkeep
|turn|9
|
|t:|1667603673
|move|p1a: Gastrodon|Scald|p2a: Slowking
|-damage|p2a: Slowking|42/100
|-status|p2a: Slowking|brn
|move|p2a: Slowking|Future Sight|p1a: Gastrodon
|-start|p2a: Slowking|move: Future Sight
|
|-heal|p2a: Slowking|48/100 brn|[from] item: Black Sludge
|-damage|p2a: Slowking|42/100 brn|[from] brn
|upkeep
|turn|10
|j| TheLamestPlayer
|inactive|jawabarat has 120 seconds left.
|
|t:|1667603705
|move|p1a: Gastrodon|Scald|p2a: Slowking
|-damage|p2a: Slowking|21/100 brn
|move|p2a: Slowking|Psychic|p1a: Gastrodon
|-damage|p1a: Gastrodon|56/100
|
|-heal|p2a: Slowking|27/100 brn|[from] item: Black Sludge
|-damage|p2a: Slowking|21/100 brn|[from] brn
|-fieldend|move: Electric Terrain
|upkeep
|turn|11
|
|t:|1667603710
|switch|p2a: Tornadus|Tornadus-Therian, M|78/100
|move|p1a: Gastrodon|Recover|p1a: Gastrodon
|-heal|p1a: Gastrodon|100/100
|
|-end|p1a: Gastrodon|move: Future Sight
|-damage|p1a: Gastrodon|71/100
|upkeep
|turn|12
|
|t:|1667603716
|switch|p1a: Toxapex|Toxapex, M|71/100
|move|p2a: Tornadus|U-turn|p1a: Toxapex
|-resisted|p1a: Toxapex
|-damage|p1a: Toxapex|66/100
|
|t:|1667603722
|switch|p2a: Garchomp|Garchomp, M|100/100|[from]move: U-turn
|
|upkeep
|turn|13
|j| IamEating rightnow
|j| Uhurotom
|j| hacksareus10
|l| TheLamestPlayer
|j| The Rum Tum Tugger
|
|t:|1667603739
|switch|p1a: Clefable|Clefable, M|100/100
|move|p2a: Garchomp|Substitute|p2a: Garchomp
|-start|p2a: Garchomp|Substitute
|-damage|p2a: Garchomp|75/100
|
|-heal|p2a: Garchomp|82/100|[from] item: Leftovers
|upkeep
|turn|14
|j| Urdnot wren
|c| IamEating rightnow|nice stall
|c|☆jawabarat|thanks
|
|t:|1667603757
|move|p2a: Garchomp|Earthquake|p1a: Clefable
|-damage|p1a: Clefable|67/100
|move|p1a: Clefable|Calm Mind|p1a: Clefable
|-boost|p1a: Clefable|spa|1
|-boost|p1a: Clefable|spd|1
|
|-heal|p2a: Garchomp|88/100|[from] item: Leftovers
|upkeep
|turn|15
|
|t:|1667603765
|switch|p2a: Slowking|Slowking-Galar, F|55/100 brn
|move|p1a: Clefable|Soft-Boiled|p1a: Clefable
|-heal|p1a: Clefable|100/100
|
|-heal|p2a: Slowking|61/100 brn|[from] item: Black Sludge
|-damage|p2a: Slowking|55/100 brn|[from] brn
|upkeep
|turn|16
|c| IamEating rightnow|sarcasm
|c|☆jawabarat|nice elo
|c|☆jawabarat|sarcasm
|
|t:|1667603791
|move|p1a: Clefable|Calm Mind|p1a: Clefable
|-boost|p1a: Clefable|spa|1
|-boost|p1a: Clefable|spd|1
|move|p2a: Slowking|Future Sight|p1a: Clefable
|-start|p2a: Slowking|move: Future Sight
|
|-heal|p2a: Slowking|61/100 brn|[from] item: Black Sludge
|-damage|p2a: Slowking|55/100 brn|[from] brn
|upkeep
|turn|17
|
|t:|1667603799
|move|p1a: Clefable|Calm Mind|p1a: Clefable
|-boost|p1a: Clefable|spa|1
|-boost|p1a: Clefable|spd|1
|move|p2a: Slowking|Trick|p1a: Clefable
|-activate|p2a: Slowking|move: Trick|[of] p1a: Clefable
|-item|p1a: Clefable|Black Sludge|[from] move: Trick
|-item|p2a: Slowking|Life Orb|[from] move: Trick
|
|-damage|p2a: Slowking|48/100 brn|[from] brn
|upkeep
|turn|18
|c| IamEating rightnow|nice swamp ass from playing weak stall
|
|t:|1667603809
|switch|p2a: Tornadus|Tornadus-Therian, M|100/100
|move|p1a: Clefable|Thunder|p2a: Tornadus
|-supereffective|p2a: Tornadus
|-damage|p2a: Tornadus|0 fnt
|faint|p2a: Tornadus
|
|-end|p1a: Clefable|move: Future Sight
|-damage|p1a: Clefable|82/100
|upkeep
|c| IamEating rightnow|for 100 turns
|c|☆jawabarat|its turn 18 my brother
|c|☆jawabarat|nice counting
|c|☆jawabarat|sarcasm
|
|t:|1667603830
|switch|p2a: Weavile|Weavile, M|100/100
|-ability|p2a: Weavile|Pressure
|turn|19
|
|t:|1667603835
|move|p2a: Weavile|Triple Axel|p1a: Clefable
|-damage|p1a: Clefable|75/100
|-damage|p1a: Clefable|59/100
|-damage|p1a: Clefable|36/100
|-hitcount|p1a: Clefable|3
|move|p1a: Clefable|Moonblast|p2a: Weavile
|-supereffective|p2a: Weavile
|-crit|p2a: Weavile
|-damage|p2a: Weavile|0 fnt
|faint|p2a: Weavile
|
|upkeep
|
|t:|1667603841
|switch|p2a: Urshifu|Urshifu-Rapid-Strike, M|100/100
|turn|20
|
|t:|1667603848
|switch|p1a: Toxapex|Toxapex, M|99/100
|move|p2a: Urshifu|Surging Strikes|p1a: Toxapex
|-resisted|p1a: Toxapex
|-crit|p1a: Toxapex
|-damage|p1a: Toxapex|93/100
|-resisted|p1a: Toxapex
|-crit|p1a: Toxapex
|-damage|p1a: Toxapex|86/100
|-resisted|p1a: Toxapex
|-crit|p1a: Toxapex
|-damage|p1a: Toxapex|80/100
|-hitcount|p1a: Toxapex|3
|
|upkeep
|turn|21
|c| IamEating rightnow|aint ur bro stall weeb
|
|t:|1667603856
|move|p2a: Urshifu|U-turn|p1a: Toxapex
|-resisted|p1a: Toxapex
|-damage|p1a: Toxapex|72/100
|
|t:|1667603857
|switch|p2a: Slowking|Slowking-Galar, F|82/100 brn|[from]move: U-turn
|move|p1a: Toxapex|Knock Off|p2a: Slowking
|-supereffective|p2a: Slowking
|-damage|p2a: Slowking|61/100 brn
|-enditem|p2a: Slowking|Life Orb|[from] move: Knock Off|[of] p1a: Toxapex
|
|-damage|p2a: Slowking|55/100 brn|[from] brn
|upkeep
|turn|22
|
|t:|1667603868
|switch|p1a: Blissey|Blissey, F|100/100
|move|p2a: Slowking|Future Sight|p1a: Blissey
|-start|p2a: Slowking|move: Future Sight
|
|-damage|p2a: Slowking|49/100 brn|[from] brn
|upkeep
|turn|23
|
|t:|1667603876
|switch|p1a: Tornadus|Tornadus-Therian, M|100/100
|switch|p2a: Urshifu|Urshifu-Rapid-Strike, M|100/100
|
|upkeep
|turn|24
|
|t:|1667603882
|move|p1a: Tornadus|Hurricane|p2a: Urshifu
|-supereffective|p2a: Urshifu
|-damage|p2a: Urshifu|0 fnt
|faint|p2a: Urshifu
|
|-end|p1a: Tornadus|move: Future Sight
|-damage|p1a: Tornadus|51/100
|upkeep
|
|t:|1667603885
|switch|p2a: Garchomp|Garchomp, M|88/100
|turn|25
|
|t:|1667603894
|switch|p2a: Tapu Koko|Tapu Koko|94/100 tox
|-fieldstart|move: Electric Terrain|[from] ability: Electric Surge|[of] p2a: Tapu Koko
|move|p1a: Tornadus|Toxic|p2a: Tapu Koko
|-fail|p2a: Tapu Koko|tox
|
|-damage|p2a: Tapu Koko|88/100 tox|[from] psn
|upkeep
|turn|26
|
|t:|1667603903
|switch|p1a: Gastrodon|Gastrodon, M|71/100
|move|p2a: Tapu Koko|U-turn|p1a: Gastrodon
|-damage|p1a: Gastrodon|54/100
|
|t:|1667603908
|switch|p2a: Garchomp|Garchomp, M|88/100|[from]move: U-turn
|
|-heal|p2a: Garchomp|94/100|[from] item: Leftovers
|upkeep
|turn|27
|
|t:|1667603921
|switch|p1a: Corviknight|Corviknight, M|100/100
|-ability|p1a: Corviknight|Pressure
|move|p2a: Garchomp|Substitute|p2a: Garchomp
|-start|p2a: Garchomp|Substitute
|-damage|p2a: Garchomp|69/100
|
|-heal|p2a: Garchomp|75/100|[from] item: Leftovers
|upkeep
|turn|28
|j| imusuallybored
|
|t:|1667603926
|move|p2a: Garchomp|Swords Dance|p2a: Garchomp
|-boost|p2a: Garchomp|atk|2
|move|p1a: Corviknight|Iron Defense|p1a: Corviknight
|-boost|p1a: Corviknight|def|2
|
|-heal|p2a: Garchomp|82/100|[from] item: Leftovers
|upkeep
|turn|29
|
|t:|1667603930
|move|p2a: Garchomp|Swords Dance|p2a: Garchomp
|-boost|p2a: Garchomp|atk|2
|move|p1a: Corviknight|Body Press|p2a: Garchomp
|-end|p2a: Garchomp|Substitute
|
|-heal|p2a: Garchomp|88/100|[from] item: Leftovers
|-fieldend|move: Electric Terrain
|upkeep
|turn|30
|
|t:|1667603940
|switch|p2a: Tapu Koko|Tapu Koko|88/100 tox
|-fieldstart|move: Electric Terrain|[from] ability: Electric Surge|[of] p2a: Tapu Koko
|move|p1a: Corviknight|Iron Defense|p1a: Corviknight
|-boost|p1a: Corviknight|def|2
|
|-damage|p2a: Tapu Koko|82/100 tox|[from] psn
|upkeep
|turn|31
|
|t:|1667603947
|switch|p1a: Blissey|Blissey, F|100/100
|move|p2a: Tapu Koko|U-turn|p1a: Blissey
|-damage|p1a: Blissey|86/100
|
|t:|1667603955
|switch|p2a: Garchomp|Garchomp, M|88/100|[from]move: U-turn
|
|-heal|p2a: Garchomp|94/100|[from] item: Leftovers
|upkeep
|turn|32
|l| imusuallybored
|
|t:|1667603963
|move|p2a: Garchomp|Swords Dance|p2a: Garchomp
|-boost|p2a: Garchomp|atk|2
|move|p1a: Blissey|Seismic Toss|p2a: Garchomp
|-damage|p2a: Garchomp|69/100
|-damage|p1a: Blissey|73/100|[from] ability: Rough Skin|[of] p2a: Garchomp
|
|-heal|p2a: Garchomp|75/100|[from] item: Leftovers
|upkeep
|turn|33
|
|t:|1667603966
|switch|p1a: Corviknight|Corviknight, M|100/100
|-ability|p1a: Corviknight|Pressure
|move|p2a: Garchomp|Swords Dance|p2a: Garchomp
|-boost|p2a: Garchomp|atk|2
|
|-heal|p2a: Garchomp|82/100|[from] item: Leftovers
|upkeep
|turn|34
|
|t:|1667603969
|move|p2a: Garchomp|Rock Slide|p1a: Corviknight
|-crit|p1a: Corviknight
|-damage|p1a: Corviknight|34/100
|move|p1a: Corviknight|Iron Defense|p1a: Corviknight
|-boost|p1a: Corviknight|def|2
|
|-heal|p2a: Garchomp|88/100|[from] item: Leftovers
|-fieldend|move: Electric Terrain
|upkeep
|turn|35
|
|t:|1667603972
|move|p2a: Garchomp|Rock Slide|p1a: Corviknight
|-damage|p1a: Corviknight|15/100
|cant|p1a: Corviknight|flinch
|
|-heal|p2a: Garchomp|94/100|[from] item: Leftovers
|upkeep
|turn|36
|
|t:|1667603985
|move|p2a: Garchomp|Rock Slide|p1a: Corviknight
|-damage|p1a: Corviknight|0 fnt
|faint|p1a: Corviknight
|
|-heal|p2a: Garchomp|100/100|[from] item: Leftovers
|upkeep
|
|t:|1667603987
|switch|p1a: Tornadus|Tornadus-Therian, M|85/100
|turn|37
|
|t:|1667603991
|switch|p1a: Gastrodon|Gastrodon, M|54/100
|move|p2a: Garchomp|Rock Slide|p1a: Gastrodon
|-resisted|p1a: Gastrodon
|-damage|p1a: Gastrodon|21/100
|
|upkeep
|turn|38
|c| IamEating rightnow|rip
|
|t:|1667603996
|move|p2a: Garchomp|Substitute|p2a: Garchomp
|-start|p2a: Garchomp|Substitute
|-damage|p2a: Garchomp|75/100
|move|p1a: Gastrodon|Scald|p2a: Garchomp
|-activate|p2a: Garchomp|move: Substitute|[damage]
|
|-heal|p2a: Garchomp|82/100|[from] item: Leftovers
|upkeep
|turn|39
|
|t:|1667604000
|move|p2a: Garchomp|Earthquake|p1a: Gastrodon
|-damage|p1a: Gastrodon|0 fnt
|faint|p1a: Gastrodon
|
|-heal|p2a: Garchomp|88/100|[from] item: Leftovers
|upkeep
|
|t:|1667604003
|switch|p1a: Tornadus|Tornadus-Therian, M|100/100
|turn|40
|
|t:|1667604006
|move|p1a: Tornadus|Hurricane|p2a: Garchomp
|-end|p2a: Garchomp|Substitute
|move|p2a: Garchomp|Rock Slide|p1a: Tornadus
|-supereffective|p1a: Tornadus
|-damage|p1a: Tornadus|0 fnt
|faint|p1a: Tornadus
|
|-heal|p2a: Garchomp|94/100|[from] item: Leftovers
|upkeep
|c|☆jawabarat|fucked lmao
|c|☆jawabarat|gg
|-message|jawabarat forfeited.
|
|win|Ctannn
|raw|jawabarat's rating: 1722 &rarr; <strong>1705</strong><br />(-17 for losing)
|raw|Ctannn's rating: 1767 &rarr; <strong>1784</strong><br />(+17 for winning)
|l|☆jawabarat
|c| IamEating rightnow|late game garchomp sweep
