|j|☆quixana
|j|☆Jamel 1
|t:|1667191247
|gametype|singles
|player|p1|quixana|ethan-pokeathlon|1698
|player|p2|Jamel 1|cyrus|1724
|teamsize|p1|6
|teamsize|p2|6
|gen|8
|tier|[Gen 8] OU
|rated|
|rule|Sleep Clause Mod: Limit one foe put to sleep
|rule|Species Clause: Limit one of each Pokémon
|rule|OHKO Clause: OHKO moves are banned
|rule|Evasion Items Clause: Evasion items are banned
|rule|Evasion Moves Clause: Evasion moves are banned
|rule|Endless Battle Clause: Forcing endless battles is banned
|rule|HP Percentage Mod: HP is shown in percentages
|rule|Dynamax Clause: You cannot dynamax
|clearpoke
|poke|p1|Slowking-Galar, F|
|poke|p1|Tapu Koko|
|poke|p1|Hippowdon, F|
|poke|p1|Urshifu-*, M|
|poke|p1|Hydreigon, M|
|poke|p1|Corviknight, F|
|poke|p2|Blastoise, F|
|poke|p2|Torkoal, F|
|poke|p2|Polteageist|
|poke|p2|Barbaracle, M|
|poke|p2|Cloyster, M|
|poke|p2|Turtonator, F|
|teampreview
|j| Pokemon Perfection
|c|☆quixana|bro
|c|☆quixana|are you the og shell smash guy?
|c|☆Jamel 1|no
|c|☆quixana|:(
|
|t:|1667191310
|start
|switch|p1a: Tapu Koko|Tapu Koko|100/100
|switch|p2a: Barbaracle|Barbaracle, M|100/100
|-fieldstart|move: Electric Terrain|[from] ability: Electric Surge|[of] p1a: Tapu Koko
|turn|1
|
|t:|1667191331
|move|p1a: Tapu Koko|Volt Switch|p2a: Barbaracle
|-supereffective|p2a: Barbaracle
|-enditem|p2a: Barbaracle|Focus Sash
|-damage|p2a: Barbaracle|1/100
|
|t:|1667191336
|switch|p1a: Corviknight|Corviknight, F|100/100|[from]move: Volt Switch
|-ability|p1a: Corviknight|Pressure
|move|p2a: Barbaracle|Liquidation|p1a: Corviknight
|-damage|p1a: Corviknight|68/100
|-damage|p2a: Barbaracle|0 fnt|[from] item: Rocky Helmet|[of] p1a: Corviknight
|faint|p2a: Barbaracle
|
|upkeep
|
|t:|1667191343
|switch|p2a: Torkoal|Torkoal, F|100/100
|-weather|SunnyDay|[from] ability: Drought|[of] p2a: Torkoal
|turn|2
|j| cypherstest
|
|t:|1667191354
|move|p1a: Corviknight|U-turn|p2a: Torkoal
|-resisted|p2a: Torkoal
|-damage|p2a: Torkoal|94/100
|
|t:|1667191357
|switch|p1a: Hippowdon|Hippowdon, F|100/100|[from]move: U-turn
|-weather|Sandstorm|[from] ability: Sand Stream|[of] p1a: Hippowdon
|move|p2a: Torkoal|Shell Smash|p2a: Torkoal
|-unboost|p2a: Torkoal|def|1
|-unboost|p2a: Torkoal|spd|1
|-boost|p2a: Torkoal|atk|2
|-boost|p2a: Torkoal|spa|2
|-boost|p2a: Torkoal|spe|2
|-enditem|p2a: Torkoal|White Herb
|-clearnegativeboost|p2a: Torkoal|[silent]
|
|-weather|Sandstorm|[upkeep]
|-damage|p2a: Torkoal|88/100|[from] Sandstorm
|upkeep
|turn|3
|
|t:|1667191363
|move|p2a: Torkoal|Fire Blast|p1a: Hippowdon
|-damage|p1a: Hippowdon|25/100
|move|p1a: Hippowdon|Stealth Rock|p2a: Torkoal
|-sidestart|p2: Jamel 1|move: Stealth Rock
|
|-weather|Sandstorm|[upkeep]
|-damage|p2a: Torkoal|82/100|[from] Sandstorm
|-heal|p1a: Hippowdon|31/100|[from] item: Leftovers
|upkeep
|turn|4
|
|t:|1667191371
|move|p2a: Torkoal|Fire Blast|p1a: Hippowdon
|-damage|p1a: Hippowdon|0 fnt
|faint|p1a: Hippowdon
|
|-weather|Sandstorm|[upkeep]
|-damage|p2a: Torkoal|76/100|[from] Sandstorm
|upkeep
|j| Kyurem
|j| blunderrs dog
|
|t:|1667191375
|switch|p1a: Hydreigon|Hydreigon, M|100/100
|turn|5
|
|t:|1667191380
|move|p1a: Hydreigon|Dark Pulse|p2a: Torkoal
|-damage|p2a: Torkoal|0 fnt
|faint|p2a: Torkoal
|
|-weather|Sandstorm|[upkeep]
|-damage|p1a: Hydreigon|94/100|[from] Sandstorm
|-fieldend|move: Electric Terrain
|upkeep
|l| blunderrs dog
|
|t:|1667191384
|switch|p2a: Blastoise|Blastoise, F|100/100
|turn|6
|
|t:|1667191388
|move|p1a: Hydreigon|Dark Pulse|p2a: Blastoise
|-damage|p2a: Blastoise|38/100
|cant|p2a: Blastoise|flinch
|
|-weather|none
|upkeep
|turn|7
|
|t:|1667191392
|move|p1a: Hydreigon|Dark Pulse|p2a: Blastoise
|-damage|p2a: Blastoise|0 fnt
|faint|p2a: Blastoise
|
|upkeep
|
|t:|1667191397
|switch|p2a: Turtonator|Turtonator, F, shiny|100/100
|-damage|p2a: Turtonator|76/100|[from] Stealth Rock
|turn|8
|j| yibaner186
|inactive|Battle timer is ON: inactive players will automatically lose when time's up. (requested by Jamel 1)
|
|t:|1667191444
|move|p1a: Hydreigon|Dark Pulse|p2a: Turtonator
|-damage|p2a: Turtonator|0 fnt
|faint|p2a: Turtonator
|
|upkeep
|-message|Jamel 1 forfeited.
|
|win|quixana
|raw|quixana's rating: 1698 &rarr; <strong>1719</strong><br />(+21 for winning)
|raw|Jamel 1's rating: 1724 &rarr; <strong>1703</strong><br />(-21 for losing)
|l|☆Jamel 1
|c|☆quixana|gg
