|j|☆idiette
|j|☆beastyj157
|inactive|Battle timer is ON: inactive players will automatically lose when time's up.
|t:|1645281470
|gametype|singles
|player|p1|idiette|maid-gen4|
|player|p2|beastyj157|greta-gen3|
|teamsize|p1|6
|teamsize|p2|6
|gen|8
|tier|[Gen 8] OU
|rated|Tournament battle
|rule|Sleep Clause Mod: Limit one foe put to sleep
|rule|Species Clause: Limit one of each Pokémon
|rule|OHKO Clause: OHKO moves are banned
|rule|Evasion Moves Clause: Evasion moves are banned
|rule|Endless Battle Clause: Forcing endless battles is banned
|rule|HP Percentage Mod: HP is shown in percentages
|rule|Dynamax Clause: You cannot dynamax
|clearpoke
|poke|p1|Clefable, M|
|poke|p1|Slowbro, F|
|poke|p1|Zapdos|
|poke|p1|Hippowdon, M|
|poke|p1|Blissey, F|
|poke|p1|Weavile, F|
|poke|p2|Slowbro, F|
|poke|p2|Heatran, M|
|poke|p2|Tapu Lele|
|poke|p2|Kartana|
|poke|p2|Landorus-Therian, M|
|poke|p2|Zapdos|
|teampreview
|inactive|beastyj157 also wants the timer to be on.
|
|t:|1645281487
|start
|switch|p1a: Weavile|Weavile, F|100/100
|switch|p2a: Landorus|Landorus-Therian, M|100/100
|-ability|p1a: Weavile|Pressure
|-ability|p2a: Landorus|Intimidate|boost
|-unboost|p1a: Weavile|atk|1
|turn|1
|
|t:|1645281493
|switch|p1a: Zapdos|Zapdos|100/100
|switch|p2a: Slowbro|Slowbro, F|100/100
|
|upkeep
|turn|2
|
|t:|1645281509
|move|p1a: Zapdos|Discharge|p2a: Slowbro
|-supereffective|p2a: Slowbro
|-damage|p2a: Slowbro|33/100
|move|p2a: Slowbro|Teleport|p2a: Slowbro
|
|t:|1645281522
|switch|p2a: Heatran|Heatran, M|100/100|[from]move: Teleport
|
|upkeep
|turn|3
|
|t:|1645281529
|move|p1a: Zapdos|Substitute|p1a: Zapdos
|-start|p1a: Zapdos|Substitute
|-damage|p1a: Zapdos|76/100
|move|p2a: Heatran|Toxic||[still]
|-fail|p2a: Heatran
|
|upkeep
|turn|4
|
|t:|1645281533
|move|p1a: Zapdos|Discharge|p2a: Heatran
|-damage|p2a: Heatran|79/100
|move|p2a: Heatran|Magma Storm|p1a: Zapdos
|-end|p1a: Zapdos|Substitute
|
|-heal|p2a: Heatran|85/100|[from] item: Leftovers
|upkeep
|turn|5
|
|t:|1645281537
|move|p1a: Zapdos|Substitute|p1a: Zapdos
|-start|p1a: Zapdos|Substitute
|-damage|p1a: Zapdos|51/100
|move|p2a: Heatran|Magma Storm|p1a: Zapdos|[miss]
|-miss|p2a: Heatran|p1a: Zapdos
|
|-heal|p2a: Heatran|91/100|[from] item: Leftovers
|upkeep
|turn|6
|
|t:|1645281543
|switch|p2a: Zapdos|Zapdos|100/100
|move|p1a: Zapdos|Roost|p1a: Zapdos
|-heal|p1a: Zapdos|100/100
|-singleturn|p1a: Zapdos|move: Roost
|
|upkeep
|turn|7
|
|t:|1645281545
|move|p2a: Zapdos|Discharge|p1a: Zapdos
|-end|p1a: Zapdos|Substitute
|move|p1a: Zapdos|Discharge|p2a: Zapdos
|-damage|p2a: Zapdos|68/100
|
|upkeep
|turn|8
|
|t:|1645281552
|switch|p2a: Heatran|Heatran, M|91/100
|switch|p1a: Hippowdon|Hippowdon, M|100/100
|-weather|Sandstorm|[from] ability: Sand Stream|[of] p1a: Hippowdon
|
|-weather|Sandstorm|[upkeep]
|-heal|p2a: Heatran|97/100|[from] item: Leftovers
|upkeep
|turn|9
|
|t:|1645281573
|switch|p2a: Landorus|Landorus-Therian, M|100/100
|-ability|p2a: Landorus|Intimidate|boost
|-unboost|p1a: Hippowdon|atk|1
|move|p1a: Hippowdon|Stealth Rock|p2a: Landorus
|-sidestart|p2: beastyj157|move: Stealth Rock
|
|-weather|Sandstorm|[upkeep]
|upkeep
|turn|10
|
|t:|1645281576
|move|p2a: Landorus|Toxic|p1a: Hippowdon
|-status|p1a: Hippowdon|tox
|move|p1a: Hippowdon|Toxic|p2a: Landorus
|-status|p2a: Landorus|tox
|
|-weather|Sandstorm|[upkeep]
|-damage|p2a: Landorus|94/100 tox|[from] psn
|-damage|p1a: Hippowdon|94/100 tox|[from] psn
|upkeep
|turn|11
|
|t:|1645281583
|switch|p1a: Zapdos|Zapdos|100/100
|move|p2a: Landorus|Stealth Rock|p1a: Zapdos
|-sidestart|p1: idiette|move: Stealth Rock
|
|-weather|Sandstorm|[upkeep]
|-damage|p1a: Zapdos|94/100|[from] Sandstorm
|-heal|p2a: Landorus|100/100 tox|[from] item: Leftovers
|-damage|p2a: Landorus|88/100 tox|[from] psn
|upkeep
|turn|12
|
|t:|1645281605
|move|p1a: Zapdos|Discharge|p2a: Landorus
|-immune|p2a: Landorus
|move|p2a: Landorus|U-turn|p1a: Zapdos
|-resisted|p1a: Zapdos
|-damage|p1a: Zapdos|86/100
|
|t:|1645281612
|switch|p2a: Tapu Lele|Tapu Lele|100/100|[from]move: U-turn
|-damage|p2a: Tapu Lele|88/100|[from] Stealth Rock
|-fieldstart|move: Psychic Terrain|[from] ability: Psychic Surge|[of] p2a: Tapu Lele
|
|-weather|none
|upkeep
|turn|13
|
|t:|1645281621
|switch|p1a: Slowbro|Slowbro, F|100/100
|move|p2a: Tapu Lele|Psychic|p1a: Slowbro
|-resisted|p1a: Slowbro
|-damage|p1a: Slowbro|46/100
|
|upkeep
|turn|14
|
|t:|1645281626
|switch|p2a: Kartana|Kartana|100/100
|-damage|p2a: Kartana|94/100|[from] Stealth Rock
|switch|p1a: Weavile|Weavile, F|100/100
|-ability|p1a: Weavile|Pressure
|
|upkeep
|turn|15
|
|t:|1645281634
|switch|p2a: Zapdos|Zapdos|68/100
|move|p1a: Weavile|Triple Axel|p2a: Zapdos
|-supereffective|p2a: Zapdos
|-damage|p2a: Zapdos|51/100
|-supereffective|p2a: Zapdos
|-damage|p2a: Zapdos|20/100
|-supereffective|p2a: Zapdos
|-damage|p2a: Zapdos|0 fnt
|faint|p2a: Zapdos
|-hitcount|p2: Zapdos|3
|
|upkeep
|inactive|beastyj157 has 120 seconds left.
|
|t:|1645281671
|switch|p2a: Kartana|Kartana|94/100
|-damage|p2a: Kartana|88/100|[from] Stealth Rock
|turn|16
|
|t:|1645281688
|switch|p2a: Tapu Lele|Tapu Lele|88/100
|-damage|p2a: Tapu Lele|76/100|[from] Stealth Rock
|switch|p1a: Zapdos|Zapdos|86/100
|
|-fieldend|move: Psychic Terrain
|upkeep
|turn|17
|
|t:|1645281696
|switch|p1a: Blissey|Blissey, F|100/100
|move|p2a: Tapu Lele|Moonblast|p1a: Blissey
|-damage|p1a: Blissey|68/100
|
|upkeep
|turn|18
|
|t:|1645281711
|move|p2a: Tapu Lele|Moonblast|p1a: Blissey
|-damage|p1a: Blissey|38/100
|move|p1a: Blissey|Soft-Boiled|p1a: Blissey
|-heal|p1a: Blissey|88/100
|
|upkeep
|turn|19
|
|t:|1645281716
|switch|p2a: Heatran|Heatran, M|97/100
|-damage|p2a: Heatran|85/100|[from] Stealth Rock
|move|p1a: Blissey|Seismic Toss|p2a: Heatran
|-damage|p2a: Heatran|59/100
|
|-heal|p2a: Heatran|65/100|[from] item: Leftovers
|upkeep
|turn|20
|
|t:|1645281719
|move|p2a: Heatran|Magma Storm|p1a: Blissey
|-damage|p1a: Blissey|72/100
|-activate|p1a: Blissey|move: Magma Storm|[of] p2a: Heatran
|move|p1a: Blissey|Teleport|p1a: Blissey
|
|t:|1645281724
|switch|p1a: Zapdos|Zapdos|86/100|[from]move: Teleport
|
|-heal|p2a: Heatran|71/100|[from] item: Leftovers
|upkeep
|turn|21
|
|t:|1645281730
|move|p1a: Zapdos|Substitute|p1a: Zapdos
|-start|p1a: Zapdos|Substitute
|-damage|p1a: Zapdos|61/100
|move|p2a: Heatran|Taunt|p1a: Zapdos
|-start|p1a: Zapdos|move: Taunt
|
|-heal|p2a: Heatran|78/100|[from] item: Leftovers
|upkeep
|turn|22
|
|t:|1645281737
|move|p1a: Zapdos|Discharge|p2a: Heatran
|-damage|p2a: Heatran|58/100
|move|p2a: Heatran|Magma Storm|p1a: Zapdos
|-crit|p1a: Zapdos
|-end|p1a: Zapdos|Substitute
|
|-heal|p2a: Heatran|64/100|[from] item: Leftovers
|upkeep
|turn|23
|
|t:|1645281765
|switch|p1a: Hippowdon|Hippowdon, M|94/100 tox
|-damage|p1a: Hippowdon|88/100 tox|[from] Stealth Rock
|-weather|Sandstorm|[from] ability: Sand Stream|[of] p1a: Hippowdon
|move|p2a: Heatran|Magma Storm|p1a: Hippowdon|[miss]
|-miss|p2a: Heatran|p1a: Hippowdon
|
|-weather|Sandstorm|[upkeep]
|-heal|p2a: Heatran|70/100|[from] item: Leftovers
|-heal|p1a: Hippowdon|94/100 tox|[from] item: Leftovers
|-damage|p1a: Hippowdon|88/100 tox|[from] psn
|upkeep
|turn|24
|inactive|beastyj157 has 120 seconds left.
|inactive|beastyj157 has 90 seconds left.
|
|t:|1645281836
|switch|p2a: Slowbro|Slowbro, F|67/100
|-damage|p2a: Slowbro|54/100|[from] Stealth Rock
|move|p1a: Hippowdon|Earthquake|p2a: Slowbro
|-damage|p2a: Slowbro|33/100
|
|-weather|Sandstorm|[upkeep]
|-damage|p2a: Slowbro|27/100|[from] Sandstorm
|-heal|p1a: Hippowdon|94/100 tox|[from] item: Leftovers
|-damage|p1a: Hippowdon|82/100 tox|[from] psn
|upkeep
|turn|25
|
|t:|1645281843
|switch|p1a: Zapdos|Zapdos|61/100
|move|p2a: Slowbro|Slack Off|p2a: Slowbro
|-heal|p2a: Slowbro|77/100
|
|-weather|Sandstorm|[upkeep]
|-damage|p1a: Zapdos|55/100|[from] Sandstorm
|-damage|p2a: Slowbro|71/100|[from] Sandstorm
|upkeep
|turn|26
|inactive|beastyj157 has 90 seconds left.
|
|t:|1645281854
|switch|p2a: Landorus|Landorus-Therian, M|88/100 tox
|-damage|p2a: Landorus|76/100 tox|[from] Stealth Rock
|-ability|p2a: Landorus|Intimidate|boost
|-unboost|p1a: Zapdos|atk|1
|move|p1a: Zapdos|Substitute|p1a: Zapdos
|-start|p1a: Zapdos|Substitute
|-damage|p1a: Zapdos|30/100
|
|-weather|Sandstorm|[upkeep]
|-damage|p1a: Zapdos|24/100|[from] Sandstorm
|-heal|p2a: Landorus|82/100 tox|[from] item: Leftovers
|-damage|p2a: Landorus|76/100 tox|[from] psn
|upkeep
|turn|27
|
|t:|1645281858
|move|p1a: Zapdos|Roost|p1a: Zapdos
|-heal|p1a: Zapdos|74/100
|-singleturn|p1a: Zapdos|move: Roost
|move|p2a: Landorus|U-turn|p1a: Zapdos
|-activate|p1a: Zapdos|move: Substitute|[damage]
|
|t:|1645281862
|switch|p2a: Heatran|Heatran, M|70/100|[from]move: U-turn
|-damage|p2a: Heatran|58/100|[from] Stealth Rock
|
|-weather|none
|-heal|p2a: Heatran|64/100|[from] item: Leftovers
|upkeep
|turn|28
|
|t:|1645281866
|move|p1a: Zapdos|Discharge|p2a: Heatran
|-damage|p2a: Heatran|42/100
|move|p2a: Heatran|Taunt|p1a: Zapdos
|-start|p1a: Zapdos|move: Taunt
|
|-heal|p2a: Heatran|48/100|[from] item: Leftovers
|upkeep
|turn|29
|
|t:|1645281870
|move|p1a: Zapdos|Discharge|p2a: Heatran
|-damage|p2a: Heatran|29/100
|move|p2a: Heatran|Magma Storm|p1a: Zapdos|[miss]
|-miss|p2a: Heatran|p1a: Zapdos
|
|-heal|p2a: Heatran|35/100|[from] item: Leftovers
|upkeep
|turn|30
|
|t:|1645281875
|move|p1a: Zapdos|Discharge|p2a: Heatran
|-damage|p2a: Heatran|14/100
|move|p2a: Heatran|Magma Storm|p1a: Zapdos
|-end|p1a: Zapdos|Substitute
|
|-heal|p2a: Heatran|20/100|[from] item: Leftovers
|upkeep
|turn|31
|
|t:|1645281879
|move|p1a: Zapdos|Discharge|p2a: Heatran
|-damage|p2a: Heatran|0 fnt
|faint|p2a: Heatran
|
|-end|p1a: Zapdos|move: Taunt
|upkeep
|
|t:|1645281883
|switch|p2a: Tapu Lele|Tapu Lele|76/100
|-damage|p2a: Tapu Lele|63/100|[from] Stealth Rock
|-fieldstart|move: Psychic Terrain|[from] ability: Psychic Surge|[of] p2a: Tapu Lele
|turn|32
|
|t:|1645281893
|switch|p1a: Weavile|Weavile, F|100/100
|-ability|p1a: Weavile|Pressure
|move|p2a: Tapu Lele|Psyshock|p1a: Weavile
|-immune|p1a: Weavile
|
|upkeep
|turn|33
|c|☆beastyj157|gg
|-message|beastyj157 forfeited.
|
|win|idiette
|n|☆idiette|idiette
|n|☆beastyj157|beastyj157
|c|☆idiette|g_g
|l|☆beastyj157
