|j|☆RedDiamond1024
|j|☆beastyj157
|t:|1647729752
|gametype|singles
|player|p1|RedDiamond1024|red|
|player|p2|beastyj157|skierf|
|teamsize|p1|6
|teamsize|p2|6
|gen|8
|tier|[Gen 8] OU
|rule|Sleep Clause Mod: Limit one foe put to sleep
|rule|Species Clause: Limit one of each Pokémon
|rule|OHKO Clause: OHKO moves are banned
|rule|Evasion Moves Clause: Evasion moves are banned
|rule|Endless Battle Clause: Forcing endless battles is banned
|rule|HP Percentage Mod: HP is shown in percentages
|rule|Dynamax Clause: You cannot dynamax
|clearpoke
|poke|p1|Tornadus-Therian, M|
|poke|p1|Zeraora|
|poke|p1|Weavile, M|
|poke|p1|Toxapex, F|
|poke|p1|Landorus-Therian, M|
|poke|p1|Corviknight, F|
|poke|p2|Diggersby, F|
|poke|p2|Rotom-Wash|
|poke|p2|Melmetal|
|poke|p2|Weavile, F|
|poke|p2|Tornadus-Therian, M|
|poke|p2|Garchomp, M|
|teampreview
|inactive|Battle timer is ON: inactive players will automatically lose when time's up. (requested by beastyj157)
|
|t:|1647729773
|start
|switch|p1a: Caesar|Corviknight, F, shiny|100/100
|switch|p2a: Weavile|Weavile, F|100/100
|-ability|p2a: Weavile|Pressure
|-ability|p1a: Caesar|Pressure
|turn|1
|
|t:|1647729788
|switch|p2a: Garchomp|Garchomp, M|100/100
|move|p1a: Caesar|U-turn|p2a: Garchomp
|-damage|p2a: Garchomp|90/100
|-damage|p1a: Caesar|88/100|[from] ability: Rough Skin|[of] p2a: Garchomp
|
|t:|1647729796
|switch|p1a: Catastrophe|Tornadus-Therian, M|100/100|[from]move: U-turn
|
|-heal|p2a: Garchomp|97/100|[from] item: Leftovers
|upkeep
|turn|2
|
|t:|1647729801
|move|p1a: Catastrophe|Icy Wind|p2a: Garchomp
|-supereffective|p2a: Garchomp
|-damage|p2a: Garchomp|7/100
|-unboost|p2a: Garchomp|spe|1
|move|p2a: Garchomp|Stealth Rock|p1a: Catastrophe
|-sidestart|p1: RedDiamond1024|move: Stealth Rock
|
|-heal|p2a: Garchomp|13/100|[from] item: Leftovers
|upkeep
|turn|3
|
|t:|1647729810
|move|p2a: Garchomp|Protect|p2a: Garchomp
|-singleturn|p2a: Garchomp|Protect
|move|p1a: Catastrophe|Icy Wind|p2a: Garchomp
|-activate|p2a: Garchomp|move: Protect
|
|-heal|p2a: Garchomp|20/100|[from] item: Leftovers
|upkeep
|turn|4
|
|t:|1647729817
|switch|p2a: Melmetal|Melmetal|100/100
|move|p1a: Catastrophe|Icy Wind|p2a: Melmetal
|-resisted|p2a: Melmetal
|-damage|p2a: Melmetal|95/100
|-unboost|p2a: Melmetal|spe|1
|
|upkeep
|turn|5
|
|t:|1647729834
|switch|p1a: Gibraltar|Toxapex, F, shiny|100/100
|-damage|p1a: Gibraltar|88/100|[from] Stealth Rock
|switch|p2a: Weavile|Weavile, F|100/100
|-ability|p2a: Weavile|Pressure
|
|upkeep
|turn|6
|
|t:|1647729845
|move|p1a: Gibraltar|Baneful Bunker|p1a: Gibraltar
|-singleturn|p1a: Gibraltar|move: Protect
|move|p2a: Weavile|Beat Up|p1a: Gibraltar
|-activate|p1a: Gibraltar|move: Protect
|
|upkeep
|turn|7
|
|t:|1647729851
|move|p2a: Weavile|Beat Up|p1a: Gibraltar
|-crit|p1a: Gibraltar
|-damage|p1a: Gibraltar|74/100
|-damage|p1a: Gibraltar|68/100
|-damage|p1a: Gibraltar|58/100
|-damage|p1a: Gibraltar|51/100
|-damage|p1a: Gibraltar|44/100
|-damage|p1a: Gibraltar|34/100
|-hitcount|p1a: Gibraltar|6
|-enditem|p1a: Gibraltar|Eject Button
|
|t:|1647729860
|switch|p1a: Gigawatt|Zeraora, shiny|100/100
|-damage|p1a: Gigawatt|88/100|[from] Stealth Rock
|
|upkeep
|turn|8
|
|t:|1647729865
|switch|p2a: Diggersby|Diggersby, F|100/100
|move|p1a: Gigawatt|Close Combat|p2a: Diggersby
|-supereffective|p2a: Diggersby
|-damage|p2a: Diggersby|0 fnt
|-unboost|p1a: Gigawatt|def|1
|-unboost|p1a: Gigawatt|spd|1
|faint|p2a: Diggersby
|
|upkeep
|c|☆beastyj157|oops
|
|t:|1647729878
|switch|p2a: Rotom|Rotom-Wash|100/100
|turn|9
|
|t:|1647729884
|move|p1a: Gigawatt|Close Combat|p2a: Rotom
|-damage|p2a: Rotom|38/100
|-unboost|p1a: Gigawatt|def|1
|-unboost|p1a: Gigawatt|spd|1
|move|p2a: Rotom|Hydro Pump|p1a: Gigawatt
|-damage|p1a: Gigawatt|0 fnt
|faint|p1a: Gigawatt
|
|-heal|p2a: Rotom|44/100|[from] item: Leftovers
|upkeep
|
|t:|1647729900
|switch|p1a: David|Weavile, M|100/100
|-ability|p1a: David|Pressure
|turn|10
|
|t:|1647729911
|switch|p2a: Garchomp|Garchomp, M|20/100
|move|p1a: David|Knock Off|p2a: Garchomp
|-damage|p2a: Garchomp|0 fnt
|-damage|p1a: David|88/100|[from] ability: Rough Skin|[of] p2a: Garchomp
|-enditem|p2a: Garchomp|Leftovers|[from] move: Knock Off|[of] p1a: David
|faint|p2a: Garchomp
|
|upkeep
|
|t:|1647729915
|switch|p2a: Weavile|Weavile, F|100/100
|-ability|p2a: Weavile|Pressure
|turn|11
|
|t:|1647729927
|move|p1a: David|Knock Off|p2a: Weavile
|-resisted|p2a: Weavile
|-damage|p2a: Weavile|61/100
|-enditem|p2a: Weavile|Choice Band|[from] move: Knock Off|[of] p1a: David
|move|p2a: Weavile|Beat Up|p1a: David
|-resisted|p1a: David
|-damage|p1a: David|80/100
|-resisted|p1a: David
|-damage|p1a: David|75/100
|-resisted|p1a: David
|-damage|p1a: David|68/100
|-resisted|p1a: David
|-damage|p1a: David|59/100
|-hitcount|p1a: David|4
|
|upkeep
|turn|12
|
|t:|1647729945
|switch|p1a: Gibraltar|Toxapex, F, shiny|67/100
|-damage|p1a: Gibraltar|54/100|[from] Stealth Rock
|move|p2a: Weavile|Low Kick|p1a: Gibraltar
|-resisted|p1a: Gibraltar
|-damage|p1a: Gibraltar|50/100
|
|upkeep
|turn|13
|
|t:|1647729956
|switch|p2a: Rotom|Rotom-Wash|44/100
|move|p1a: Gibraltar|Recover|p1a: Gibraltar
|-heal|p1a: Gibraltar|99/100
|
|-heal|p2a: Rotom|50/100|[from] item: Leftovers
|upkeep
|turn|14
|
|t:|1647729964
|move|p1a: Gibraltar|Baneful Bunker|p1a: Gibraltar
|-singleturn|p1a: Gibraltar|move: Protect
|move|p2a: Rotom|Thunder Wave|p1a: Gibraltar
|-activate|p1a: Gibraltar|move: Protect
|
|-heal|p2a: Rotom|56/100|[from] item: Leftovers
|upkeep
|turn|15
|
|t:|1647729972
|switch|p1a: Clout lion|Landorus-Therian, M|100/100
|-damage|p1a: Clout lion|88/100|[from] Stealth Rock
|-ability|p1a: Clout lion|Intimidate|boost
|-unboost|p2a: Rotom|atk|1
|move|p2a: Rotom|Thunder Wave|p1a: Clout lion
|-immune|p1a: Clout lion
|
|-heal|p2a: Rotom|63/100|[from] item: Leftovers
|-heal|p1a: Clout lion|94/100|[from] item: Leftovers
|upkeep
|turn|16
|
|t:|1647729982
|move|p2a: Rotom|Hydro Pump|p1a: Clout lion|[miss]
|-miss|p2a: Rotom|p1a: Clout lion
|move|p1a: Clout lion|Knock Off|p2a: Rotom
|-damage|p2a: Rotom|28/100
|-enditem|p2a: Rotom|Leftovers|[from] move: Knock Off|[of] p1a: Clout lion
|
|-heal|p1a: Clout lion|99/100|[from] item: Leftovers
|upkeep
|turn|17
|
|t:|1647729990
|move|p2a: Rotom|Pain Split|p1a: Clout lion
|-sethp|p1a: Clout lion|61/100|[from] move: Pain Split|[silent]
|-sethp|p2a: Rotom|77/100|[from] move: Pain Split
|move|p1a: Clout lion|U-turn|p2a: Rotom
|-damage|p2a: Rotom|54/100
|
|t:|1647729997
|switch|p1a: David|Weavile, M|59/100|[from]move: U-turn
|-ability|p1a: David|Pressure
|
|upkeep
|turn|18
|
|t:|1647730013
|switch|p2a: Melmetal|Melmetal|95/100
|move|p1a: David|Knock Off|p2a: Melmetal
|-damage|p2a: Melmetal|68/100
|-enditem|p2a: Melmetal|Assault Vest|[from] move: Knock Off|[of] p1a: David
|
|upkeep
|turn|19
|
|t:|1647730022
|switch|p1a: Gibraltar|Toxapex, F, shiny|100/100
|-damage|p1a: Gibraltar|88/100|[from] Stealth Rock
|move|p2a: Melmetal|Double Iron Bash|p1a: Gibraltar
|-resisted|p1a: Gibraltar
|-damage|p1a: Gibraltar|76/100
|-resisted|p1a: Gibraltar
|-damage|p1a: Gibraltar|63/100
|-hitcount|p1a: Gibraltar|2
|
|upkeep
|turn|20
|
|t:|1647730033
|move|p2a: Melmetal|Thunder Punch|p1a: Gibraltar
|-supereffective|p1a: Gibraltar
|-damage|p1a: Gibraltar|24/100
|move|p1a: Gibraltar|Scald|p2a: Melmetal
|-damage|p2a: Melmetal|54/100
|
|upkeep
|turn|21
|
|t:|1647730041
|switch|p1a: Clout lion|Landorus-Therian, M|61/100
|-damage|p1a: Clout lion|49/100|[from] Stealth Rock
|-ability|p1a: Clout lion|Intimidate|boost
|-unboost|p2a: Melmetal|atk|1
|move|p2a: Melmetal|Double Iron Bash|p1a: Clout lion
|-damage|p1a: Clout lion|26/100
|-damage|p1a: Clout lion|1/100
|-hitcount|p1a: Clout lion|2
|
|-heal|p1a: Clout lion|7/100|[from] item: Leftovers
|upkeep
|turn|22
|
|t:|1647730054
|switch|p2a: Rotom|Rotom-Wash|54/100
|move|p1a: Clout lion|Earthquake|p2a: Rotom
|-immune|p2a: Rotom|[from] ability: Levitate
|
|-heal|p1a: Clout lion|13/100|[from] item: Leftovers
|upkeep
|turn|23
|
|t:|1647730062
|move|p2a: Rotom|Hydro Pump|p1a: Clout lion
|-supereffective|p1a: Clout lion
|-damage|p1a: Clout lion|0 fnt
|faint|p1a: Clout lion
|
|upkeep
|
|t:|1647730068
|switch|p1a: David|Weavile, M|59/100
|-ability|p1a: David|Pressure
|turn|24
|
|t:|1647730075
|switch|p2a: Melmetal|Melmetal|54/100
|move|p1a: David|Knock Off|p2a: Melmetal
|-damage|p2a: Melmetal|37/100
|
|upkeep
|turn|25
|
|t:|1647730084
|switch|p1a: Caesar|Corviknight, F, shiny|88/100
|-damage|p1a: Caesar|75/100|[from] Stealth Rock
|-ability|p1a: Caesar|Pressure
|move|p2a: Melmetal|Thunder Punch|p1a: Caesar
|-supereffective|p1a: Caesar
|-damage|p1a: Caesar|23/100
|
|-heal|p1a: Caesar|29/100|[from] item: Leftovers
|upkeep
|turn|26
|
|t:|1647730096
|move|p1a: Caesar|Roost|p1a: Caesar
|-heal|p1a: Caesar|79/100
|-singleturn|p1a: Caesar|move: Roost
|move|p2a: Melmetal|Earthquake|p1a: Caesar
|-supereffective|p1a: Caesar
|-damage|p1a: Caesar|21/100
|
|-heal|p1a: Caesar|27/100|[from] item: Leftovers
|upkeep
|turn|27
|
|t:|1647730106
|switch|p2a: Rotom|Rotom-Wash|54/100
|move|p1a: Caesar|Defog|p2a: Rotom
|-unboost|p2a: Rotom|evasion|1
|-sideend|p1: RedDiamond1024|Stealth Rock|[from] move: Defog|[of] p1a: Caesar
|
|-heal|p1a: Caesar|33/100|[from] item: Leftovers
|upkeep
|turn|28
|
|t:|1647730114
|move|p2a: Rotom|Thunder Wave|p1a: Caesar
|-status|p1a: Caesar|par
|move|p1a: Caesar|U-turn|p2a: Rotom
|-damage|p2a: Rotom|38/100
|
|t:|1647730119
|switch|p1a: David|Weavile, M|59/100|[from]move: U-turn
|-ability|p1a: David|Pressure
|
|upkeep
|turn|29
|
|t:|1647730130
|move|p1a: David|Knock Off|p2a: Rotom
|-damage|p2a: Rotom|3/100
|move|p2a: Rotom|Hydro Pump|p1a: David
|-damage|p1a: David|8/100
|
|upkeep
|turn|30
|
|t:|1647730140
|move|p1a: David|Knock Off|p2a: Rotom
|-damage|p2a: Rotom|0 fnt
|faint|p2a: Rotom
|
|upkeep
|
|t:|1647730144
|switch|p2a: Weavile|Weavile, F|61/100
|-ability|p2a: Weavile|Pressure
|turn|31
|
|t:|1647730150
|move|p2a: Weavile|Ice Shard|p1a: David
|-resisted|p1a: David
|-damage|p1a: David|0 fnt
|faint|p1a: David
|
|upkeep
|
|t:|1647730157
|switch|p1a: Caesar|Corviknight, F, shiny|33/100 par
|-ability|p1a: Caesar|Pressure
|turn|32
|
|t:|1647730161
|move|p2a: Weavile|Triple Axel|p1a: Caesar
|-damage|p1a: Caesar|24/100 par
|-crit|p1a: Caesar
|-damage|p1a: Caesar|0 fnt
|faint|p1a: Caesar
|-hitcount|p1: Caesar|2
|
|upkeep
|
|t:|1647730167
|switch|p1a: Gibraltar|Toxapex, F, shiny|57/100
|turn|33
|
|t:|1647730174
|switch|p2a: Melmetal|Melmetal|37/100
|move|p1a: Gibraltar|Recover|p1a: Gibraltar
|-heal|p1a: Gibraltar|100/100
|
|upkeep
|turn|34
|
|t:|1647730180
|move|p2a: Melmetal|Earthquake|p1a: Gibraltar
|-supereffective|p1a: Gibraltar
|-damage|p1a: Gibraltar|58/100
|move|p1a: Gibraltar|Scald|p2a: Melmetal
|-damage|p2a: Melmetal|25/100
|
|upkeep
|turn|35
|
|t:|1647730189
|move|p2a: Melmetal|Double Iron Bash|p1a: Gibraltar
|-resisted|p1a: Gibraltar
|-damage|p1a: Gibraltar|47/100
|-resisted|p1a: Gibraltar
|-damage|p1a: Gibraltar|35/100
|-hitcount|p1a: Gibraltar|2
|move|p1a: Gibraltar|Scald|p2a: Melmetal
|-damage|p2a: Melmetal|14/100
|
|upkeep
|turn|36
|
|t:|1647730197
|move|p1a: Gibraltar|Baneful Bunker|p1a: Gibraltar
|-singleturn|p1a: Gibraltar|move: Protect
|move|p2a: Melmetal|Thunder Punch|p1a: Gibraltar
|-activate|p1a: Gibraltar|move: Protect
|
|upkeep
|turn|37
|
|t:|1647730204
|switch|p1a: Catastrophe|Tornadus-Therian, M|100/100
|move|p2a: Melmetal|Double Iron Bash|p1a: Catastrophe
|-damage|p1a: Catastrophe|53/100
|-damage|p1a: Catastrophe|5/100
|-hitcount|p1a: Catastrophe|2
|
|upkeep
|turn|38
|
|t:|1647730210
|switch|p2a: Tornadus|Tornadus-Therian, M|100/100
|move|p1a: Catastrophe|Heat Wave|p2a: Tornadus
|-damage|p2a: Tornadus|56/100
|
|upkeep
|turn|39
|
|t:|1647730216
|switch|p1a: Gibraltar|Toxapex, F, shiny|68/100
|move|p2a: Tornadus|Hurricane|p1a: Gibraltar
|-damage|p1a: Gibraltar|38/100
|
|upkeep
|turn|40
|
|t:|1647730222
|move|p2a: Tornadus|U-turn|p1a: Gibraltar
|-resisted|p1a: Gibraltar
|-damage|p1a: Gibraltar|33/100
|
|t:|1647730223
|switch|p2a: Melmetal|Melmetal|14/100|[from]move: U-turn
|move|p1a: Gibraltar|Recover|p1a: Gibraltar
|-heal|p1a: Gibraltar|83/100
|
|upkeep
|turn|41
|
|t:|1647730231
|move|p2a: Melmetal|Double Iron Bash|p1a: Gibraltar
|-resisted|p1a: Gibraltar
|-damage|p1a: Gibraltar|71/100
|-resisted|p1a: Gibraltar
|-damage|p1a: Gibraltar|58/100
|-hitcount|p1a: Gibraltar|2
|cant|p1a: Gibraltar|flinch
|
|upkeep
|turn|42
|
|t:|1647730240
|move|p2a: Melmetal|Double Iron Bash|p1a: Gibraltar
|-resisted|p1a: Gibraltar
|-damage|p1a: Gibraltar|45/100
|-resisted|p1a: Gibraltar
|-damage|p1a: Gibraltar|33/100
|-hitcount|p1a: Gibraltar|2
|move|p1a: Gibraltar|Scald|p2a: Melmetal
|-damage|p2a: Melmetal|1/100
|-status|p2a: Melmetal|brn
|
|-damage|p2a: Melmetal|0 fnt|[from] brn
|faint|p2a: Melmetal
|upkeep
|
|t:|1647730244
|switch|p2a: Tornadus|Tornadus-Therian, M|89/100
|turn|43
|
|t:|1647730254
|move|p2a: Tornadus|Hurricane|p1a: Gibraltar|[miss]
|-miss|p2a: Tornadus|p1a: Gibraltar
|move|p1a: Gibraltar|Recover|p1a: Gibraltar
|-heal|p1a: Gibraltar|83/100
|
|upkeep
|turn|44
|c|☆beastyj157|._.
|
|t:|1647730265
|move|p2a: Tornadus|Defog|p1a: Gibraltar
|-unboost|p1a: Gibraltar|evasion|1
|move|p1a: Gibraltar|Scald|p2a: Tornadus
|-damage|p2a: Tornadus|73/100
|
|upkeep
|turn|45
|
|t:|1647730271
|move|p2a: Tornadus|Hurricane|p1a: Gibraltar
|-damage|p1a: Gibraltar|50/100
|move|p1a: Gibraltar|Scald|p2a: Tornadus
|-damage|p2a: Tornadus|56/100
|
|upkeep
|turn|46
|
|t:|1647730278
|move|p2a: Tornadus|Defog|p1a: Gibraltar
|-unboost|p1a: Gibraltar|evasion|1
|move|p1a: Gibraltar|Recover|p1a: Gibraltar
|-heal|p1a: Gibraltar|99/100
|
|upkeep
|turn|47
|
|t:|1647730283
|move|p2a: Tornadus|Hurricane|p1a: Gibraltar
|-damage|p1a: Gibraltar|67/100
|move|p1a: Gibraltar|Scald|p2a: Tornadus
|-damage|p2a: Tornadus|38/100
|
|upkeep
|turn|48
|
|t:|1647730289
|move|p2a: Tornadus|Hurricane|p1a: Gibraltar
|-damage|p1a: Gibraltar|38/100
|move|p1a: Gibraltar|Scald|p2a: Tornadus
|-damage|p2a: Tornadus|20/100
|
|upkeep
|turn|49
|
|t:|1647730295
|move|p2a: Tornadus|Hurricane|p1a: Gibraltar
|-damage|p1a: Gibraltar|6/100
|move|p1a: Gibraltar|Recover|p1a: Gibraltar
|-heal|p1a: Gibraltar|56/100
|
|upkeep
|turn|50
|
|t:|1647730301
|move|p2a: Tornadus|Hurricane|p1a: Gibraltar
|-damage|p1a: Gibraltar|22/100
|move|p1a: Gibraltar|Recover|p1a: Gibraltar
|-heal|p1a: Gibraltar|72/100
|
|upkeep
|turn|51
|
|t:|1647730306
|move|p2a: Tornadus|Hurricane|p1a: Gibraltar
|-damage|p1a: Gibraltar|41/100
|-start|p1a: Gibraltar|confusion
|-activate|p1a: Gibraltar|confusion
|move|p1a: Gibraltar|Recover|p1a: Gibraltar
|-heal|p1a: Gibraltar|91/100
|
|upkeep
|turn|52
|
|t:|1647730313
|move|p2a: Tornadus|Hurricane|p1a: Gibraltar
|-damage|p1a: Gibraltar|61/100
|-activate|p1a: Gibraltar|confusion
|move|p1a: Gibraltar|Scald|p2a: Tornadus
|-damage|p2a: Tornadus|4/100
|-status|p2a: Tornadus|brn
|
|-damage|p2a: Tornadus|0 fnt|[from] brn
|faint|p2a: Tornadus
|upkeep
|
|t:|1647730317
|switch|p2a: Weavile|Weavile, F|61/100
|-ability|p2a: Weavile|Pressure
|turn|53
|
|t:|1647730325
|-end|p1a: Gibraltar|confusion
|move|p1a: Gibraltar|Baneful Bunker|p1a: Gibraltar
|-singleturn|p1a: Gibraltar|move: Protect
|move|p2a: Weavile|Triple Axel|p1a: Gibraltar
|-activate|p1a: Gibraltar|move: Protect
|-status|p2a: Weavile|psn
|
|-damage|p2a: Weavile|49/100 psn|[from] psn
|upkeep
|turn|54
|c|☆beastyj157|gg
|-message|beastyj157 forfeited.
|
|win|RedDiamond1024
|l|☆beastyj157
|c|☆RedDiamond1024|gg
