|j|☆hikari-miyako
|j|☆cump13
|t:|1665262494
|gametype|singles
|player|p1|hikari-miyako|cynthia|1795
|player|p2|cump13|schoolkid-gen4|1839
|teamsize|p1|6
|teamsize|p2|6
|gen|8
|tier|[Gen 8] OU
|rated|
|rule|Sleep Clause Mod: Limit one foe put to sleep
|rule|Species Clause: Limit one of each Pokémon
|rule|OHKO Clause: OHKO moves are banned
|rule|Evasion Items Clause: Evasion items are banned
|rule|Evasion Moves Clause: Evasion moves are banned
|rule|Endless Battle Clause: Forcing endless battles is banned
|rule|HP Percentage Mod: HP is shown in percentages
|rule|Dynamax Clause: You cannot dynamax
|clearpoke
|poke|p1|Bisharp, F|
|poke|p1|Aegislash, F|
|poke|p1|Dragapult, M|
|poke|p1|Landorus-Therian, M|
|poke|p1|Thundurus, M|
|poke|p1|Kartana|
|poke|p2|Seismitoad, F|
|poke|p2|Dragonite, M|
|poke|p2|Umbreon, F|
|poke|p2|Melmetal|
|poke|p2|Magnezone|
|poke|p2|Tapu Lele|
|teampreview
|inactive|Battle timer is ON: inactive players will automatically lose when time's up. (requested by hikari-miyako)
|c|☆cump13|hf
|c|☆hikari-miyako|you too
|j| Serena Propaganda
|
|t:|1665262523
|start
|switch|p1a: Bisharp|Bisharp, F|100/100
|switch|p2a: Magnezone|Magnezone, shiny|100/100
|-item|p2a: Magnezone|Air Balloon
|turn|1
|
|t:|1665262528
|move|p1a: Bisharp|Stealth Rock|p2a: Magnezone
|-sidestart|p2: cump13|move: Stealth Rock
|move|p2a: Magnezone|Body Press|p1a: Bisharp
|-supereffective|p1a: Bisharp
|-enditem|p1a: Bisharp|Focus Sash
|-damage|p1a: Bisharp|1/100
|
|upkeep
|turn|2
|
|t:|1665262536
|move|p1a: Bisharp|Knock Off|p2a: Magnezone
|-damage|p2a: Magnezone|64/100
|-enditem|p2a: Magnezone|Air Balloon
|move|p2a: Magnezone|Thunderbolt|p1a: Bisharp
|-crit|p1a: Bisharp
|-damage|p1a: Bisharp|0 fnt
|faint|p1a: Bisharp
|
|upkeep
|
|t:|1665262545
|switch|p1a: Landorus|Landorus-Therian, M|100/100
|-ability|p1a: Landorus|Intimidate|boost
|-unboost|p2a: Magnezone|atk|1
|turn|3
|
|t:|1665262549
|switch|p2a: Dragonite|Dragonite, M|100/100
|move|p1a: Landorus|U-turn|p2a: Dragonite
|-resisted|p2a: Dragonite
|-damage|p2a: Dragonite|96/100
|
|t:|1665262551
|switch|p1a: Dragapult|Dragapult, M|100/100|[from]move: U-turn
|
|upkeep
|turn|4
|
|t:|1665262555
|move|p1a: Dragapult|U-turn|p2a: Dragonite
|-resisted|p2a: Dragonite
|-damage|p2a: Dragonite|87/100
|-damage|p1a: Dragapult|91/100|[from] item: Life Orb
|
|t:|1665262559
|switch|p1a: Landorus|Landorus-Therian, M|100/100|[from]move: U-turn
|-ability|p1a: Landorus|Intimidate|boost
|-unboost|p2a: Dragonite|atk|1
|move|p2a: Dragonite|Ice Beam|p1a: Landorus
|-supereffective|p1a: Landorus
|-damage|p1a: Landorus|0 fnt
|faint|p1a: Landorus
|
|upkeep
|
|t:|1665262561
|switch|p1a: Dragapult|Dragapult, M|91/100
|turn|5
|
|t:|1665262563
|switch|p2a: Umbreon|Umbreon, F, shiny|100/100
|-damage|p2a: Umbreon|88/100|[from] Stealth Rock
|move|p1a: Dragapult|Dragon Darts|p2a: Umbreon
|-damage|p2a: Umbreon|68/100
|-anim|p1a: Dragapult|Dragon Darts|p2a: Umbreon
|-damage|p2a: Umbreon|50/100
|-damage|p1a: Dragapult|81/100|[from] item: Life Orb
|
|-heal|p2a: Umbreon|56/100|[from] item: Leftovers
|upkeep
|turn|6
|
|t:|1665262566
|move|p1a: Dragapult|U-turn|p2a: Umbreon
|-supereffective|p2a: Umbreon
|-damage|p2a: Umbreon|23/100
|-damage|p1a: Dragapult|71/100|[from] item: Life Orb
|j| fork gaming
|
|t:|1665262569
|switch|p1a: Thundurus|Thundurus, M|100/100|[from]move: U-turn
|move|p2a: Umbreon|Foul Play|p1a: Thundurus
|-damage|p1a: Thundurus|52/100
|
|-heal|p2a: Umbreon|29/100|[from] item: Leftovers
|upkeep
|turn|7
|
|t:|1665262572
|move|p2a: Umbreon|Protect|p2a: Umbreon
|-singleturn|p2a: Umbreon|Protect
|move|p1a: Thundurus|Thunderbolt|p2a: Umbreon
|-activate|p2a: Umbreon|move: Protect
|
|-heal|p2a: Umbreon|35/100|[from] item: Leftovers
|upkeep
|turn|8
|
|t:|1665262574
|switch|p2a: Seismitoad|Seismitoad, F|100/100
|-damage|p2a: Seismitoad|94/100|[from] Stealth Rock
|move|p1a: Thundurus|Thunderbolt|p2a: Seismitoad
|-immune|p2a: Seismitoad
|
|-heal|p2a: Seismitoad|100/100|[from] item: Leftovers
|upkeep
|turn|9
|
|t:|1665262581
|move|p1a: Thundurus|Grass Knot|p2a: Seismitoad
|-supereffective|p2a: Seismitoad
|-damage|p2a: Seismitoad|1/100
|-damage|p1a: Thundurus|43/100|[from] item: Life Orb
|move|p2a: Seismitoad|Knock Off|p1a: Thundurus
|-damage|p1a: Thundurus|12/100
|-enditem|p1a: Thundurus|Life Orb|[from] move: Knock Off|[of] p2a: Seismitoad
|
|-heal|p2a: Seismitoad|7/100|[from] item: Leftovers
|upkeep
|turn|10
|
|t:|1665262592
|switch|p2a: Melmetal|Melmetal|100/100
|-damage|p2a: Melmetal|94/100|[from] Stealth Rock
|move|p1a: Thundurus|Grass Knot|p2a: Melmetal
|-resisted|p2a: Melmetal
|-damage|p2a: Melmetal|76/100
|
|-heal|p2a: Melmetal|82/100|[from] item: Leftovers
|upkeep
|turn|11
|
|t:|1665262594
|move|p2a: Melmetal|Protect|p2a: Melmetal
|-singleturn|p2a: Melmetal|Protect
|move|p1a: Thundurus|Thunderbolt|p2a: Melmetal
|-activate|p2a: Melmetal|move: Protect
|
|-heal|p2a: Melmetal|89/100|[from] item: Leftovers
|upkeep
|turn|12
|
|t:|1665262597
|move|p1a: Thundurus|Thunderbolt|p2a: Melmetal
|-damage|p2a: Melmetal|50/100
|move|p2a: Melmetal|Double Iron Bash|p1a: Thundurus
|-resisted|p1a: Thundurus
|-damage|p1a: Thundurus|0 fnt
|faint|p1a: Thundurus
|-hitcount|p1: Thundurus|1
|
|-heal|p2a: Melmetal|56/100|[from] item: Leftovers
|upkeep
|
|t:|1665262600
|switch|p1a: Dragapult|Dragapult, M|71/100
|turn|13
|j| emo705
|
|t:|1665262603
|move|p1a: Dragapult|Fire Blast|p2a: Melmetal|[miss]
|-miss|p1a: Dragapult|p2a: Melmetal
|move|p2a: Melmetal|Double Iron Bash|p1a: Dragapult
|-damage|p1a: Dragapult|7/100
|-damage|p1a: Dragapult|0 fnt
|faint|p1a: Dragapult
|-hitcount|p1: Dragapult|2
|
|-heal|p2a: Melmetal|63/100|[from] item: Leftovers
|upkeep
|
|t:|1665262606
|switch|p1a: Aegislash|Aegislash, F|100/100
|turn|14
|
|t:|1665262609
|-formechange|p1a: Aegislash|Aegislash-Blade||[from] ability: Stance Change
|move|p1a: Aegislash|Shadow Ball|p2a: Melmetal
|-damage|p2a: Melmetal|23/100
|move|p2a: Melmetal|Earthquake|p1a: Aegislash
|-supereffective|p1a: Aegislash
|-damage|p1a: Aegislash|0 fnt
|faint|p1a: Aegislash
|
|-heal|p2a: Melmetal|29/100|[from] item: Leftovers
|upkeep
|
|t:|1665262612
|switch|p1a: Kartana|Kartana|100/100
|turn|15
|
|t:|1665262616
|switch|p2a: Dragonite|Dragonite, M|87/100
|move|p1a: Kartana|Knock Off|p2a: Dragonite
|-damage|p2a: Dragonite|61/100
|-enditem|p2a: Dragonite|Heavy-Duty Boots|[from] move: Knock Off|[of] p1a: Kartana
|
|upkeep
|turn|16
|
|t:|1665262618
|move|p1a: Kartana|Knock Off|p2a: Dragonite
|-damage|p2a: Dragonite|40/100
|move|p2a: Dragonite|Ice Beam|p1a: Kartana
|-damage|p1a: Kartana|40/100
|-status|p1a: Kartana|frz
|
|upkeep
|turn|17
|-message|hikari-miyako forfeited.
|
|win|cump13
|raw|hikari-miyako's rating: 1795 &rarr; <strong>1778</strong><br />(-17 for losing)
|raw|cump13's rating: 1839 &rarr; <strong>1856</strong><br />(+17 for winning)
|l|☆hikari-miyako
|l|☆cump13
