|j|☆pokebuild
|j|☆Wheezer
|t:|1621048522
|gametype|singles
|player|p1|pokebuild|101|1549
|player|p2|Wheezer|petrel|1587
|teamsize|p1|6
|teamsize|p2|6
|gen|8
|tier|[Gen 8] OU
|rated|
|rule|Sleep Clause Mod: Limit one foe put to sleep
|rule|Species Clause: Limit one of each Pokémon
|rule|OHKO Clause: OHKO moves are banned
|rule|Evasion Moves Clause: Evasion moves are banned
|rule|Endless Battle Clause: Forcing endless battles is banned
|rule|HP Percentage Mod: HP is shown in percentages
|rule|Dynamax Clause: You cannot dynamax
|clearpoke
|poke|p1|Dragonite, M|
|poke|p1|Hawlucha, F|
|poke|p1|Zeraora|
|poke|p1|Blissey, F|
|poke|p1|Kartana|
|poke|p1|Ditto|
|poke|p2|Rotom-Wash|
|poke|p2|Dragapult, M|
|poke|p2|Scizor, M|
|poke|p2|Landorus-Therian, M|
|poke|p2|Kyurem|
|poke|p2|Bisharp, M|
|teampreview
|inactive|Battle timer is ON: inactive players will automatically lose when time's up. (requested by pokebuild)
|
|t:|1621048534
|start
|switch|p1a: Hawlucha|Hawlucha, F|100/100
|switch|p2a: Kyurem|Kyurem|100/100
|-ability|p2a: Kyurem|Pressure
|turn|1
|
|t:|1621048543
|switch|p2a: Dragapult|Dragapult, M|100/100
|move|p1a: Hawlucha|Close Combat|p2a: Dragapult
|-immune|p2a: Dragapult
|
|upkeep
|turn|2
|
|t:|1621048552
|switch|p1a: Blissey|Blissey, F|100/100
|move|p2a: Dragapult|U-turn|p1a: Blissey
|-damage|p1a: Blissey|85/100
|inactive|Wheezer has 120 seconds left.
|inactive|Wheezer has 90 seconds left.
|
|t:|1621048627
|switch|p2a: Bisharp|Bisharp, M|100/100|[from]move: U-turn
|
|-heal|p1a: Blissey|91/100|[from] item: Leftovers
|upkeep
|turn|3
|
|t:|1621048639
|switch|p1a: Hawlucha|Hawlucha, F|100/100
|move|p2a: Bisharp|Knock Off|p1a: Hawlucha
|-resisted|p1a: Hawlucha
|-damage|p1a: Hawlucha|46/100
|-enditem|p1a: Hawlucha|White Herb|[from] move: Knock Off|[of] p2a: Bisharp
|
|upkeep
|turn|4
|inactive|Wheezer has 90 seconds left.
|
|t:|1621048646
|switch|p2a: Rotom|Rotom-Wash|100/100
|move|p1a: Hawlucha|Drain Punch|p2a: Rotom
|-damage|p2a: Rotom|66/100
|-heal|p1a: Hawlucha|64/100|[from] drain|[of] p2a: Rotom
|
|-heal|p2a: Rotom|72/100|[from] item: Leftovers
|upkeep
|turn|5
|
|t:|1621048657
|move|p1a: Hawlucha|Close Combat|p2a: Rotom
|-damage|p2a: Rotom|19/100
|-unboost|p1a: Hawlucha|def|1
|-unboost|p1a: Hawlucha|spd|1
|move|p2a: Rotom|Volt Switch|p1a: Hawlucha
|-supereffective|p1a: Hawlucha
|-damage|p1a: Hawlucha|0 fnt
|faint|p1a: Hawlucha
|
|t:|1621048664
|switch|p2a: Scizor|Scizor, M|100/100|[from]move: Volt Switch
|
|upkeep
|
|t:|1621048669
|switch|p1a: Zeraora|Zeraora|100/100
|turn|6
|
|t:|1621048682
|switch|p1a: Dragonite|Dragonite, M|100/100
|move|p2a: Scizor|U-turn|p1a: Dragonite
|-resisted|p1a: Dragonite
|-damage|p1a: Dragonite|92/100
|
|t:|1621048686
|switch|p2a: Kyurem|Kyurem|100/100|[from]move: U-turn
|-ability|p2a: Kyurem|Pressure
|
|upkeep
|turn|7
|
|t:|1621048691
|switch|p1a: Blissey|Blissey, F|91/100
|move|p2a: Kyurem|Ice Beam|p1a: Blissey
|-damage|p1a: Blissey|64/100
|
|-heal|p1a: Blissey|70/100|[from] item: Leftovers
|upkeep
|turn|8
|
|t:|1621048701
|switch|p2a: Scizor|Scizor, M|100/100
|move|p1a: Blissey|Soft-Boiled|p1a: Blissey
|-heal|p1a: Blissey|100/100
|
|upkeep
|turn|9
|
|t:|1621048710
|switch|p1a: Dragonite|Dragonite, M|92/100
|move|p2a: Scizor|Swords Dance|p2a: Scizor
|-boost|p2a: Scizor|atk|2
|
|upkeep
|turn|10
|
|t:|1621048716
|switch|p2a: Landorus|Landorus-Therian, M|100/100
|-ability|p2a: Landorus|Intimidate|boost
|-unboost|p1a: Dragonite|atk|1
|move|p1a: Dragonite|Dragon Dance|p1a: Dragonite
|-boost|p1a: Dragonite|atk|1
|-boost|p1a: Dragonite|spe|1
|
|upkeep
|turn|11
|
|t:|1621048720
|move|p1a: Dragonite|Dragon Dance|p1a: Dragonite
|-boost|p1a: Dragonite|atk|1
|-boost|p1a: Dragonite|spe|1
|move|p2a: Landorus|Knock Off|p1a: Dragonite
|-damage|p1a: Dragonite|60/100
|-enditem|p1a: Dragonite|Lum Berry|[from] move: Knock Off|[of] p2a: Landorus
|
|upkeep
|turn|12
|
|t:|1621048723
|move|p1a: Dragonite|Roost|p1a: Dragonite
|-heal|p1a: Dragonite|100/100
|-singleturn|p1a: Dragonite|move: Roost
|move|p2a: Landorus|U-turn|p1a: Dragonite
|-damage|p1a: Dragonite|88/100
|
|t:|1621048727
|switch|p2a: Kyurem|Kyurem|100/100|[from]move: U-turn
|-ability|p2a: Kyurem|Pressure
|
|upkeep
|turn|13
|
|t:|1621048735
|switch|p2a: Landorus|Landorus-Therian, M|100/100
|-ability|p2a: Landorus|Intimidate|boost
|-unboost|p1a: Dragonite|atk|1
|move|p1a: Dragonite|Outrage|p2a: Landorus
|-damage|p2a: Landorus|34/100
|
|-heal|p2a: Landorus|41/100|[from] item: Leftovers
|upkeep
|turn|14
|c|☆pokebuild|nice
|
|t:|1621048741
|switch|p2a: Rotom|Rotom-Wash|19/100
|move|p1a: Dragonite|Outrage|p2a: Rotom|[from]lockedmove
|-damage|p2a: Rotom|0 fnt
|faint|p2a: Rotom
|-start|p1a: Dragonite|confusion|[fatigue]
|
|upkeep
|
|t:|1621048743
|switch|p2a: Bisharp|Bisharp, M|100/100
|turn|15
|c|☆pokebuild|that was good
|
|t:|1621048752
|-activate|p1a: Dragonite|confusion
|move|p1a: Dragonite|Earthquake|p2a: Bisharp
|-supereffective|p2a: Bisharp
|-damage|p2a: Bisharp|3/100
|move|p2a: Bisharp|Knock Off|p1a: Dragonite
|-crit|p1a: Dragonite
|-damage|p1a: Dragonite|2/100
|
|upkeep
|turn|16
|
|t:|1621048757
|switch|p2a: Landorus|Landorus-Therian, M|41/100
|-ability|p2a: Landorus|Intimidate|boost
|-unboost|p1a: Dragonite|atk|1
|-activate|p1a: Dragonite|confusion
|move|p1a: Dragonite|Roost|p1a: Dragonite
|-heal|p1a: Dragonite|52/100
|-singleturn|p1a: Dragonite|move: Roost
|
|-heal|p2a: Landorus|47/100|[from] item: Leftovers
|upkeep
|turn|17
|
|t:|1621048763
|-end|p1a: Dragonite|confusion
|move|p1a: Dragonite|Dragon Dance|p1a: Dragonite
|-boost|p1a: Dragonite|atk|1
|-boost|p1a: Dragonite|spe|1
|move|p2a: Landorus|U-turn|p1a: Dragonite
|-resisted|p1a: Dragonite
|-damage|p1a: Dragonite|40/100
|
|t:|1621048767
|switch|p2a: Scizor|Scizor, M|100/100|[from]move: U-turn
|
|upkeep
|turn|18
|
|t:|1621048771
|move|p1a: Dragonite|Roost|p1a: Dragonite
|-heal|p1a: Dragonite|90/100
|-singleturn|p1a: Dragonite|move: Roost
|move|p2a: Scizor|Swords Dance|p2a: Scizor
|-boost|p2a: Scizor|atk|2
|
|upkeep
|turn|19
|
|t:|1621048779
|move|p2a: Scizor|Bullet Punch|p1a: Dragonite
|-damage|p1a: Dragonite|35/100
|move|p1a: Dragonite|Roost|p1a: Dragonite
|-heal|p1a: Dragonite|85/100
|-singleturn|p1a: Dragonite|move: Roost
|
|upkeep
|turn|20
|
|t:|1621048784
|move|p1a: Dragonite|Earthquake|p2a: Scizor
|-damage|p2a: Scizor|67/100
|move|p2a: Scizor|Swords Dance|p2a: Scizor
|-boost|p2a: Scizor|atk|2
|
|-heal|p2a: Scizor|73/100|[from] item: Leftovers
|upkeep
|turn|21
|
|t:|1621048791
|move|p2a: Scizor|Bullet Punch|p1a: Dragonite
|-crit|p1a: Dragonite
|-damage|p1a: Dragonite|0 fnt
|faint|p1a: Dragonite
|
|-heal|p2a: Scizor|79/100|[from] item: Leftovers
|upkeep
|
|t:|1621048803
|switch|p1a: Kartana|Kartana|100/100
|turn|22
|j| Jacco07
|inactive|Wheezer has 120 seconds left.
|
|t:|1621048836
|move|p1a: Kartana|Sacred Sword|p2a: Scizor
|-damage|p2a: Scizor|51/100
|move|p2a: Scizor|U-turn|p1a: Kartana
|-damage|p1a: Kartana|28/100
|
|t:|1621048841
|switch|p2a: Landorus|Landorus-Therian, M|47/100|[from]move: U-turn
|-ability|p2a: Landorus|Intimidate|boost
|-unboost|p1a: Kartana|atk|1
|
|-heal|p1a: Kartana|34/100|[from] item: Leftovers
|-heal|p2a: Landorus|53/100|[from] item: Leftovers
|upkeep
|turn|23
|
|t:|1621048848
|move|p1a: Kartana|Swords Dance|p1a: Kartana
|-boost|p1a: Kartana|atk|2
|move|p2a: Landorus|U-turn|p1a: Kartana
|-damage|p1a: Kartana|14/100
|
|t:|1621048852
|switch|p2a: Bisharp|Bisharp, M|3/100|[from]move: U-turn
|
|-heal|p1a: Kartana|21/100|[from] item: Leftovers
|upkeep
|turn|24
|
|t:|1621048857
|move|p2a: Bisharp|Sucker Punch||[still]
|-fail|p2a: Bisharp
|move|p1a: Kartana|Swords Dance|p1a: Kartana
|-boost|p1a: Kartana|atk|2
|
|-heal|p1a: Kartana|27/100|[from] item: Leftovers
|upkeep
|turn|25
|
|t:|1621048861
|move|p2a: Bisharp|Sucker Punch||[still]
|-fail|p2a: Bisharp
|move|p1a: Kartana|Swords Dance|p1a: Kartana
|-boost|p1a: Kartana|atk|2
|
|-heal|p1a: Kartana|33/100|[from] item: Leftovers
|upkeep
|turn|26
|j| GavynTheNoob
|
|t:|1621048865
|switch|p2a: Scizor|Scizor, M|51/100
|move|p1a: Kartana|Sacred Sword|p2a: Scizor
|-damage|p2a: Scizor|0 fnt
|faint|p2a: Scizor
|-ability|p1a: Kartana|Beast Boost|boost
|-boost|p1a: Kartana|atk|1
|
|-heal|p1a: Kartana|39/100|[from] item: Leftovers
|upkeep
|
|t:|1621048870
|switch|p2a: Bisharp|Bisharp, M|3/100
|turn|27
|
|t:|1621048875
|move|p2a: Bisharp|Sucker Punch||[still]
|-fail|p2a: Bisharp
|move|p1a: Kartana|Swords Dance|p1a: Kartana
|-boost|p1a: Kartana|atk|0
|
|-heal|p1a: Kartana|46/100|[from] item: Leftovers
|upkeep
|turn|28
|
|t:|1621048885
|move|p2a: Bisharp|Sucker Punch|p1a: Kartana
|-damage|p1a: Kartana|0 fnt
|faint|p1a: Kartana
|
|upkeep
|
|t:|1621048889
|switch|p1a: Zeraora|Zeraora|100/100
|turn|29
|
|t:|1621048892
|switch|p2a: Landorus|Landorus-Therian, M|53/100
|-ability|p2a: Landorus|Intimidate|boost
|-unboost|p1a: Zeraora|atk|1
|move|p1a: Zeraora|Bulk Up|p1a: Zeraora
|-boost|p1a: Zeraora|atk|1
|-boost|p1a: Zeraora|def|1
|
|-heal|p2a: Landorus|59/100|[from] item: Leftovers
|upkeep
|turn|30
|
|t:|1621048896
|switch|p1a: Ditto|Ditto|100/100
|-transform|p1a: Ditto|p2a: Landorus|[from] ability: Imposter
|-ability|p1a: Ditto|Intimidate|boost
|-unboost|p2a: Landorus|atk|1
|move|p2a: Landorus|Earthquake|p1a: Ditto
|-immune|p1a: Ditto
|
|-heal|p2a: Landorus|66/100|[from] item: Leftovers
|upkeep
|turn|31
|j| ILikeMudkips4
|inactive|pokebuild has 120 seconds left.
|
|t:|1621048940
|move|p1a: Ditto|Knock Off|p2a: Landorus
|-damage|p2a: Landorus|32/100
|-enditem|p2a: Landorus|Leftovers|[from] move: Knock Off|[of] p1a: Ditto
|move|p2a: Landorus|U-turn|p1a: Ditto
|-resisted|p1a: Ditto
|-crit|p1a: Ditto
|-damage|p1a: Ditto|81/100
|
|t:|1621048951
|switch|p2a: Kyurem|Kyurem|100/100|[from]move: U-turn
|-ability|p2a: Kyurem|Pressure
|
|upkeep
|turn|32
|inactive|pokebuild has 120 seconds left.
|
|t:|1621048957
|switch|p1a: Blissey|Blissey, F|100/100
|move|p2a: Kyurem|Focus Blast|p1a: Blissey
|-supereffective|p1a: Blissey
|-damage|p1a: Blissey|47/100
|
|-heal|p1a: Blissey|53/100|[from] item: Leftovers
|upkeep
|turn|33
|
|t:|1621048961
|move|p1a: Blissey|Protect|p1a: Blissey
|-singleturn|p1a: Blissey|Protect
|move|p2a: Kyurem|Focus Blast|p1a: Blissey
|-activate|p1a: Blissey|move: Protect
|
|-heal|p1a: Blissey|59/100|[from] item: Leftovers
|upkeep
|turn|34
|
|t:|1621048964
|move|p2a: Kyurem|Focus Blast|p1a: Blissey
|-supereffective|p1a: Blissey
|-damage|p1a: Blissey|13/100
|move|p1a: Blissey|Soft-Boiled|p1a: Blissey
|-heal|p1a: Blissey|63/100
|
|-heal|p1a: Blissey|69/100|[from] item: Leftovers
|upkeep
|turn|35
|l| Jacco07
|
|t:|1621048984
|switch|p2a: Bisharp|Bisharp, M|3/100
|move|p1a: Blissey|Toxic|p2a: Bisharp
|-immune|p2a: Bisharp
|
|-heal|p1a: Blissey|75/100|[from] item: Leftovers
|upkeep
|turn|36
|
|t:|1621048988
|move|p1a: Blissey|Protect|p1a: Blissey
|-singleturn|p1a: Blissey|Protect
|move|p2a: Bisharp|Knock Off|p1a: Blissey
|-activate|p1a: Blissey|move: Protect
|
|-heal|p1a: Blissey|81/100|[from] item: Leftovers
|upkeep
|turn|37
|
|t:|1621048997
|switch|p1a: Zeraora|Zeraora|100/100
|move|p2a: Bisharp|Knock Off|p1a: Zeraora
|-damage|p1a: Zeraora|0 fnt
|-enditem|p1a: Zeraora|Life Orb|[from] move: Knock Off|[of] p2a: Bisharp
|faint|p1a: Zeraora
|
|upkeep
|
|t:|1621049001
|switch|p1a: Ditto|Ditto|81/100
|-transform|p1a: Ditto|p2a: Bisharp|[from] ability: Imposter
|turn|38
|c|☆pokebuild|!weak landorus
|c| pokebuild|/raw <div class="infobox">Landorus (ignoring abilities):<br /><span class="message-effect-weak">Weaknesses</span>: <b>Ice</b>, Water<br /><span class="message-effect-resist">Resistances</span>: Bug, Fighting, Poison<br /><span class="message-effect-immune">Immunities</span>: Electric, Ground, Sandstorm damage</div>
|
|t:|1621049019
|switch|p2a: Kyurem|Kyurem|100/100
|-ability|p2a: Kyurem|Pressure
|move|p1a: Ditto|Iron Head|p2a: Kyurem
|-supereffective|p2a: Kyurem
|-damage|p2a: Kyurem|20/100
|
|upkeep
|turn|39
|inactive|Wheezer has 120 seconds left.
|
|t:|1621049049
|move|p1a: Ditto|Iron Head|p2a: Kyurem
|-supereffective|p2a: Kyurem
|-damage|p2a: Kyurem|0 fnt
|faint|p2a: Kyurem
|
|upkeep
|
|t:|1621049051
|switch|p2a: Dragapult|Dragapult, M|100/100
|turn|40
|
|t:|1621049056
|switch|p1a: Blissey|Blissey, F|81/100
|move|p2a: Dragapult|Flamethrower|p1a: Blissey
|-damage|p1a: Blissey|66/100
|
|-heal|p1a: Blissey|72/100|[from] item: Leftovers
|upkeep
|turn|41
|
|t:|1621049062
|switch|p2a: Landorus|Landorus-Therian, M|32/100
|-ability|p2a: Landorus|Intimidate|boost
|-unboost|p1a: Blissey|atk|1
|move|p1a: Blissey|Seismic Toss|p2a: Landorus
|-damage|p2a: Landorus|5/100
|
|-heal|p1a: Blissey|78/100|[from] item: Leftovers
|upkeep
|turn|42
|
|t:|1621049073
|move|p1a: Blissey|Protect|p1a: Blissey
|-singleturn|p1a: Blissey|Protect
|move|p2a: Landorus|Earthquake|p1a: Blissey
|-activate|p1a: Blissey|move: Protect
|
|-heal|p1a: Blissey|85/100|[from] item: Leftovers
|upkeep
|turn|43
|
|t:|1621049080
|switch|p1a: Ditto|Ditto|81/100
|-transform|p1a: Ditto|p2a: Landorus|[from] ability: Imposter
|-ability|p1a: Ditto|Intimidate|boost
|-unboost|p2a: Landorus|atk|1
|move|p2a: Landorus|Earthquake|p1a: Ditto
|-immune|p1a: Ditto
|
|upkeep
|turn|44
|
|t:|1621049087
|move|p1a: Ditto|Knock Off|p2a: Landorus
|-damage|p2a: Landorus|0 fnt
|faint|p2a: Landorus
|
|upkeep
|
|t:|1621049089
|switch|p2a: Dragapult|Dragapult, M|100/100
|turn|45
|
|t:|1621049092
|move|p2a: Dragapult|U-turn|p1a: Ditto
|-resisted|p1a: Ditto
|-damage|p1a: Ditto|71/100
|
|t:|1621049095
|switch|p2a: Bisharp|Bisharp, M|3/100|[from]move: U-turn
|move|p1a: Ditto|Knock Off|p2a: Bisharp
|-resisted|p2a: Bisharp
|-damage|p2a: Bisharp|0 fnt
|-enditem|p2a: Bisharp|Choice Band|[from] move: Knock Off|[of] p1a: Ditto
|faint|p2a: Bisharp
|
|upkeep
|-message|Wheezer forfeited.
|
|win|pokebuild
|raw|pokebuild's rating: 1549 &rarr; <strong>1571</strong><br />(+22 for winning)
|raw|Wheezer's rating: 1587 &rarr; <strong>1565</strong><br />(-22 for losing)
|l|☆Wheezer
|l| ILikeMudkips4
