|j|☆Maitredouard2
|j|☆minimax_ai
|t:|1663587685
|gametype|singles
|player|p1|Maitredouard2|lance|1628
|player|p2|minimax_ai|lusamine-nihilego|1554
|teamsize|p1|6
|teamsize|p2|6
|gen|8
|tier|[Gen 8] OU
|rated|
|rule|Sleep Clause Mod: Limit one foe put to sleep
|rule|Species Clause: Limit one of each Pokémon
|rule|OHKO Clause: OHKO moves are banned
|rule|Evasion Items Clause: Evasion items are banned
|rule|Evasion Moves Clause: Evasion moves are banned
|rule|Endless Battle Clause: Forcing endless battles is banned
|rule|HP Percentage Mod: HP is shown in percentages
|rule|Dynamax Clause: You cannot dynamax
|clearpoke
|poke|p1|Mandibuzz, F|
|poke|p1|Landorus-Therian, M|
|poke|p1|Blissey, F|
|poke|p1|Heatran, F|
|poke|p1|Toxapex, M|
|poke|p1|Tapu Lele|
|poke|p2|Rotom-Wash|
|poke|p2|Weavile, M|
|poke|p2|Landorus-Therian, M|
|poke|p2|Heatran, M|
|poke|p2|Tangrowth, F|
|poke|p2|Melmetal|
|teampreview
|c|☆minimax_ai|hf
|
|t:|1663587688
|start
|switch|p1a: Landorus|Landorus-Therian, M|100/100
|switch|p2a: landorustherian|Landorus-Therian, M|100/100
|-ability|p1a: Landorus|Intimidate|boost
|-unboost|p2a: landorustherian|atk|1
|-ability|p2a: landorustherian|Intimidate|boost
|-unboost|p1a: Landorus|atk|1
|turn|1
|inactive|Battle timer is ON: inactive players will automatically lose when time's up. (requested by minimax_ai)
|c|☆Maitredouard2|You too
|
|t:|1663587702
|move|p1a: Landorus|Knock Off|p2a: landorustherian
|-damage|p2a: landorustherian|75/100
|-enditem|p2a: landorustherian|Leftovers|[from] move: Knock Off|[of] p1a: Landorus
|move|p2a: landorustherian|Toxic|p1a: Landorus
|-status|p1a: Landorus|tox
|
|-damage|p1a: Landorus|94/100 tox|[from] psn
|upkeep
|turn|2
|
|t:|1663587712
|switch|p1a: Heatran|Heatran, F|100/100
|-item|p1a: Heatran|Air Balloon
|switch|p2a: Heatran|Heatran, M|100/100
|-item|p2a: Heatran|Air Balloon
|
|upkeep
|turn|3
|
|t:|1663587720
|move|p2a: Heatran|Stealth Rock|p1a: Heatran
|-sidestart|p1: Maitredouard2|move: Stealth Rock
|move|p1a: Heatran|Stealth Rock|p2a: Heatran
|-sidestart|p2: minimax_ai|move: Stealth Rock
|
|upkeep
|turn|4
|
|t:|1663587726
|move|p2a: Heatran|Magma Storm|p1a: Heatran
|-start|p1a: Heatran|ability: Flash Fire
|move|p1a: Heatran|Earth Power|p2a: Heatran
|-immune|p2a: Heatran
|
|upkeep
|turn|5
|
|t:|1663587732
|move|p2a: Heatran|Magma Storm|p1a: Heatran
|-immune|p1a: Heatran|[from] ability: Flash Fire
|move|p1a: Heatran|Magma Storm|p2a: Heatran
|-start|p2a: Heatran|ability: Flash Fire
|
|upkeep
|turn|6
|
|t:|1663587740
|move|p2a: Heatran|Magma Storm|p1a: Heatran
|-immune|p1a: Heatran|[from] ability: Flash Fire
|move|p1a: Heatran|Taunt|p2a: Heatran
|-start|p2a: Heatran|move: Taunt
|
|upkeep
|turn|7
|
|t:|1663587747
|move|p2a: Heatran|Magma Storm|p1a: Heatran
|-immune|p1a: Heatran|[from] ability: Flash Fire
|move|p1a: Heatran|Stealth Rock||[still]
|-fail|p1a: Heatran
|
|upkeep
|turn|8
|
|t:|1663587753
|move|p2a: Heatran|Magma Storm|p1a: Heatran
|-immune|p1a: Heatran|[from] ability: Flash Fire
|move|p1a: Heatran|Stealth Rock||[still]
|-fail|p1a: Heatran
|
|upkeep
|turn|9
|
|t:|1663587760
|move|p2a: Heatran|Magma Storm|p1a: Heatran
|-immune|p1a: Heatran|[from] ability: Flash Fire
|move|p1a: Heatran|Stealth Rock||[still]
|-fail|p1a: Heatran
|
|-end|p2a: Heatran|move: Taunt
|upkeep
|turn|10
|
|t:|1663587768
|move|p2a: Heatran|Magma Storm|p1a: Heatran
|-immune|p1a: Heatran|[from] ability: Flash Fire
|move|p1a: Heatran|Taunt|p2a: Heatran
|-start|p2a: Heatran|move: Taunt
|
|upkeep
|turn|11
|
|t:|1663587775
|move|p2a: Heatran|Magma Storm|p1a: Heatran
|-immune|p1a: Heatran|[from] ability: Flash Fire
|move|p1a: Heatran|Stealth Rock||[still]
|-fail|p1a: Heatran
|
|upkeep
|turn|12
|
|t:|1663587787
|move|p2a: Heatran|Eruption|p1a: Heatran
|-immune|p1a: Heatran|[from] ability: Flash Fire
|move|p1a: Heatran|Stealth Rock||[still]
|-fail|p1a: Heatran
|
|upkeep
|turn|13
|
|t:|1663587795
|move|p2a: Heatran|Eruption|p1a: Heatran
|-immune|p1a: Heatran|[from] ability: Flash Fire
|move|p1a: Heatran|Earth Power|p2a: Heatran
|-immune|p2a: Heatran
|
|-end|p2a: Heatran|move: Taunt
|upkeep
|turn|14
|
|t:|1663587804
|move|p2a: Heatran|Eruption|p1a: Heatran
|-immune|p1a: Heatran|[from] ability: Flash Fire
|move|p1a: Heatran|Taunt|p2a: Heatran
|-start|p2a: Heatran|move: Taunt
|
|upkeep
|turn|15
|
|t:|1663587813
|move|p2a: Heatran|Eruption|p1a: Heatran
|-immune|p1a: Heatran|[from] ability: Flash Fire
|move|p1a: Heatran|Stealth Rock||[still]
|-fail|p1a: Heatran
|
|upkeep
|turn|16
|
|t:|1663587819
|move|p2a: Heatran|Eruption|p1a: Heatran
|-immune|p1a: Heatran|[from] ability: Flash Fire
|move|p1a: Heatran|Stealth Rock||[still]
|-fail|p1a: Heatran
|
|upkeep
|turn|17
|
|t:|1663587826
|move|p2a: Heatran|Eruption|p1a: Heatran
|-immune|p1a: Heatran|[from] ability: Flash Fire
|move|p1a: Heatran|Stealth Rock||[still]
|-fail|p1a: Heatran
|
|-end|p2a: Heatran|move: Taunt
|upkeep
|turn|18
|
|t:|1663587835
|move|p2a: Heatran|Eruption|p1a: Heatran
|-immune|p1a: Heatran|[from] ability: Flash Fire
|move|p1a: Heatran|Taunt|p2a: Heatran
|-start|p2a: Heatran|move: Taunt
|
|upkeep
|turn|19
|
|t:|1663587842
|move|p2a: Heatran|Eruption|p1a: Heatran
|-immune|p1a: Heatran|[from] ability: Flash Fire
|move|p1a: Heatran|Stealth Rock||[still]
|-fail|p1a: Heatran
|
|upkeep
|turn|20
|
|t:|1663587852
|move|p2a: Heatran|Earth Power|p1a: Heatran
|-immune|p1a: Heatran
|move|p1a: Heatran|Magma Storm|p2a: Heatran
|-immune|p2a: Heatran|[from] ability: Flash Fire
|
|upkeep
|turn|21
|
|t:|1663587860
|-end|p1a: Heatran|ability: Flash Fire|[silent]
|switch|p1a: Landorus|Landorus-Therian, M|94/100 tox
|-damage|p1a: Landorus|82/100 tox|[from] Stealth Rock
|-ability|p1a: Landorus|Intimidate|boost
|-unboost|p2a: Heatran|atk|1
|move|p2a: Heatran|Earth Power|p1a: Landorus
|-immune|p1a: Landorus
|
|-damage|p1a: Landorus|75/100 tox|[from] psn
|-end|p2a: Heatran|move: Taunt
|upkeep
|turn|22
|
|t:|1663587871
|-end|p2a: Heatran|ability: Flash Fire|[silent]
|switch|p2a: landorustherian|Landorus-Therian, M|75/100
|-damage|p2a: landorustherian|63/100|[from] Stealth Rock
|-ability|p2a: landorustherian|Intimidate|boost
|-unboost|p1a: Landorus|atk|1
|move|p1a: Landorus|U-turn|p2a: landorustherian
|-resisted|p2a: landorustherian
|-damage|p2a: landorustherian|54/100
|
|t:|1663587879
|switch|p1a: Tapu Lele|Tapu Lele|100/100|[from]move: U-turn
|-damage|p1a: Tapu Lele|88/100|[from] Stealth Rock
|-fieldstart|move: Psychic Terrain|[from] ability: Psychic Surge|[of] p1a: Tapu Lele
|
|upkeep
|turn|23
|
|t:|1663587886
|switch|p2a: Melmetal|Melmetal|100/100
|-damage|p2a: Melmetal|94/100|[from] Stealth Rock
|move|p1a: Tapu Lele|Focus Blast|p2a: Melmetal
|-supereffective|p2a: Melmetal
|-damage|p2a: Melmetal|28/100
|
|upkeep
|turn|24
|
|t:|1663587894
|switch|p1a: Toxapex|Toxapex, M|100/100
|-damage|p1a: Toxapex|88/100|[from] Stealth Rock
|move|p2a: Melmetal|Double Iron Bash|p1a: Toxapex
|-resisted|p1a: Toxapex
|-damage|p1a: Toxapex|75/100
|-damage|p2a: Melmetal|11/100|[from] item: Rocky Helmet|[of] p1a: Toxapex
|-resisted|p1a: Toxapex
|-damage|p1a: Toxapex|63/100
|-damage|p2a: Melmetal|0 fnt|[from] item: Rocky Helmet|[of] p1a: Toxapex
|faint|p2a: Melmetal
|-hitcount|p1a: Toxapex|2
|
|upkeep
|
|t:|1663587894
|switch|p2a: rotomwash|Rotom-Wash|100/100
|-damage|p2a: rotomwash|88/100|[from] Stealth Rock
|turn|25
|
|t:|1663587910
|switch|p1a: Landorus|Landorus-Therian, M|75/100 tox
|-damage|p1a: Landorus|63/100 tox|[from] Stealth Rock
|-ability|p1a: Landorus|Intimidate|boost
|-unboost|p2a: rotomwash|atk|1
|move|p2a: rotomwash|Thunderbolt|p1a: Landorus
|-immune|p1a: Landorus
|
|-heal|p2a: rotomwash|94/100|[from] item: Leftovers
|-damage|p1a: Landorus|57/100 tox|[from] psn
|upkeep
|turn|26
|
|t:|1663587921
|move|p1a: Landorus|Explosion|p2a: rotomwash
|-damage|p2a: rotomwash|0 fnt
|faint|p1a: Landorus
|faint|p2a: rotomwash
|
|-fieldend|move: Psychic Terrain
|upkeep
|
|t:|1663587927
|switch|p1a: Heatran|Heatran, F|100/100
|switch|p2a: Weavile|Weavile, M|100/100
|-damage|p2a: Weavile|76/100|[from] Stealth Rock
|-ability|p2a: Weavile|Pressure
|-damage|p1a: Heatran|88/100|[from] Stealth Rock
|-item|p1a: Heatran|Air Balloon
|turn|27
|
|t:|1663587937
|move|p2a: Weavile|Knock Off|p1a: Heatran
|-damage|p1a: Heatran|27/100
|-enditem|p1a: Heatran|Air Balloon
|move|p1a: Heatran|Magma Storm|p2a: Weavile
|-supereffective|p2a: Weavile
|-damage|p2a: Weavile|0 fnt
|faint|p2a: Weavile
|
|upkeep
|
|t:|1663587937
|switch|p2a: Heatran|Heatran, M|100/100
|-damage|p2a: Heatran|88/100|[from] Stealth Rock
|-item|p2a: Heatran|Air Balloon
|turn|28
|
|t:|1663587950
|switch|p1a: Blissey|Blissey, F|100/100
|move|p2a: Heatran|Earth Power|p1a: Blissey
|-damage|p1a: Blissey|89/100
|
|upkeep
|turn|29
|
|t:|1663587957
|move|p2a: Heatran|Earth Power|p1a: Blissey
|-damage|p1a: Blissey|78/100
|move|p1a: Blissey|Toxic|p2a: Heatran
|-immune|p2a: Heatran
|
|upkeep
|turn|30
|
|t:|1663587963
|move|p2a: Heatran|Earth Power|p1a: Blissey
|-damage|p1a: Blissey|65/100
|-unboost|p1a: Blissey|spd|1
|move|p1a: Blissey|Seismic Toss|p2a: Heatran
|-damage|p2a: Heatran|57/100
|-enditem|p2a: Heatran|Air Balloon
|
|upkeep
|turn|31
|
|t:|1663587972
|move|p2a: Heatran|Earth Power|p1a: Blissey
|-crit|p1a: Blissey
|-damage|p1a: Blissey|37/100
|-unboost|p1a: Blissey|spd|1
|move|p1a: Blissey|Soft-Boiled|p1a: Blissey
|-heal|p1a: Blissey|87/100
|
|upkeep
|turn|32
|
|t:|1663587980
|switch|p1a: Mandibuzz|Mandibuzz, F|100/100
|move|p2a: Heatran|Earth Power|p1a: Mandibuzz
|-immune|p1a: Mandibuzz
|
|upkeep
|turn|33
|
|t:|1663587987
|move|p2a: Heatran|Earth Power|p1a: Mandibuzz
|-immune|p1a: Mandibuzz
|move|p1a: Mandibuzz|Toxic|p2a: Heatran
|-immune|p2a: Heatran
|
|upkeep
|turn|34
|
|t:|1663587993
|move|p2a: Heatran|Earth Power|p1a: Mandibuzz
|-immune|p1a: Mandibuzz
|move|p1a: Mandibuzz|Foul Play|p2a: Heatran
|-damage|p2a: Heatran|30/100
|
|upkeep
|turn|35
|
|t:|1663588000
|move|p2a: Heatran|Earth Power|p1a: Mandibuzz
|-immune|p1a: Mandibuzz
|move|p1a: Mandibuzz|Foul Play|p2a: Heatran
|-damage|p2a: Heatran|2/100
|
|upkeep
|turn|36
|
|t:|1663588006
|switch|p2a: Tangrowth|Tangrowth, F|100/100
|-damage|p2a: Tangrowth|88/100|[from] Stealth Rock
|move|p1a: Mandibuzz|Foul Play|p2a: Tangrowth
|-damage|p2a: Tangrowth|72/100
|-damage|p1a: Mandibuzz|84/100|[from] item: Rocky Helmet|[of] p2a: Tangrowth
|
|upkeep
|turn|37
|
|t:|1663588014
|move|p1a: Mandibuzz|Taunt|p2a: Tangrowth
|-start|p2a: Tangrowth|move: Taunt
|move|p2a: Tangrowth|Giga Drain|p1a: Mandibuzz
|-resisted|p1a: Mandibuzz
|-damage|p1a: Mandibuzz|74/100
|-heal|p2a: Tangrowth|77/100|[from] drain|[of] p1a: Mandibuzz
|
|upkeep
|turn|38
|
|t:|1663588023
|move|p1a: Mandibuzz|Toxic|p2a: Tangrowth|[miss]
|-miss|p1a: Mandibuzz|p2a: Tangrowth
|move|p2a: Tangrowth|Giga Drain|p1a: Mandibuzz
|-resisted|p1a: Mandibuzz
|-damage|p1a: Mandibuzz|65/100
|-heal|p2a: Tangrowth|82/100|[from] drain|[of] p1a: Mandibuzz
|
|upkeep
|turn|39
|
|t:|1663588030
|move|p1a: Mandibuzz|Toxic|p2a: Tangrowth
|-status|p2a: Tangrowth|tox
|move|p2a: Tangrowth|Focus Blast|p1a: Mandibuzz
|-damage|p1a: Mandibuzz|42/100
|
|-damage|p2a: Tangrowth|76/100 tox|[from] psn
|-end|p2a: Tangrowth|move: Taunt
|upkeep
|turn|40
|
|t:|1663588039
|move|p1a: Mandibuzz|Roost|p1a: Mandibuzz
|-heal|p1a: Mandibuzz|92/100
|-singleturn|p1a: Mandibuzz|move: Roost
|move|p2a: Tangrowth|Giga Drain|p1a: Mandibuzz
|-damage|p1a: Mandibuzz|72/100
|-heal|p2a: Tangrowth|86/100 tox|[from] drain|[of] p1a: Mandibuzz
|
|-damage|p2a: Tangrowth|74/100 tox|[from] psn
|upkeep
|turn|41
|
|t:|1663588050
|switch|p1a: Tapu Lele|Tapu Lele|88/100
|-damage|p1a: Tapu Lele|76/100|[from] Stealth Rock
|-fieldstart|move: Psychic Terrain|[from] ability: Psychic Surge|[of] p1a: Tapu Lele
|move|p2a: Tangrowth|Focus Blast|p1a: Tapu Lele
|-resisted|p1a: Tapu Lele
|-damage|p1a: Tapu Lele|68/100
|
|-damage|p2a: Tangrowth|55/100 tox|[from] psn
|upkeep
|turn|42
|
|t:|1663588061
|switch|p2a: Heatran|Heatran, M|2/100
|-damage|p2a: Heatran|0 fnt|[from] Stealth Rock
|faint|p2a: Heatran
|move|p1a: Tapu Lele|Psyshock|p2: Heatran|[notarget]
|-fail|p1a: Tapu Lele
|
|upkeep
|
|t:|1663588061
|switch|p2a: Tangrowth|Tangrowth, F|88/100 tox
|-damage|p2a: Tangrowth|76/100 tox|[from] Stealth Rock
|turn|43
|
|t:|1663588071
|move|p1a: Tapu Lele|Psyshock|p2a: Tangrowth
|-damage|p2a: Tangrowth|31/100 tox
|move|p2a: Tangrowth|Sleep Powder|p1a: Tapu Lele|[miss]
|-miss|p2a: Tangrowth|p1a: Tapu Lele
|
|-damage|p2a: Tangrowth|25/100 tox|[from] psn
|upkeep
|turn|44
|j| Mrkah23
|
|t:|1663588079
|move|p1a: Tapu Lele|Psyshock|p2a: Tangrowth
|-damage|p2a: Tangrowth|0 fnt
|faint|p2a: Tangrowth
|
|upkeep
|
|t:|1663588079
|switch|p2a: landorustherian|Landorus-Therian, M|54/100
|-damage|p2a: landorustherian|42/100|[from] Stealth Rock
|-ability|p2a: landorustherian|Intimidate|boost
|-unboost|p1a: Tapu Lele|atk|1
|turn|45
|l| Mrkah23
|
|t:|1663588088
|move|p1a: Tapu Lele|Psyshock|p2a: landorustherian
|-damage|p2a: landorustherian|0 fnt
|faint|p2a: landorustherian
|
|win|Maitredouard2
|raw|Maitredouard2's rating: 1628 &rarr; <strong>1644</strong><br />(+16 for winning)
|raw|minimax_ai's rating: 1554 &rarr; <strong>1538</strong><br />(-16 for losing)
|c|☆minimax_ai|gg
|l|☆minimax_ai
||Ladder isn't responding, score probably updated but might not have (Request timeout).
