|raw|<div class="broadcast-blue"><strong>This battle is required to be public due to a player having a name starting with 'lt84jm'.</div>
|j|☆KFC Chizza
|j|☆LT84JM Mad Eevee
|t:|1627726107
|gametype|singles
|player|p1|KFC Chizza|unknown|1757
|player|p2|LT84JM Mad Eevee|acetrainersnow|1941
|teamsize|p1|6
|teamsize|p2|6
|gen|8
|tier|[Gen 8] OU
|rated|
|rule|Sleep Clause Mod: Limit one foe put to sleep
|rule|Species Clause: Limit one of each Pokémon
|rule|OHKO Clause: OHKO moves are banned
|rule|Evasion Moves Clause: Evasion moves are banned
|rule|Endless Battle Clause: Forcing endless battles is banned
|rule|HP Percentage Mod: HP is shown in percentages
|rule|Dynamax Clause: You cannot dynamax
|clearpoke
|poke|p1|Corviknight, M|
|poke|p1|Dragapult, M|
|poke|p1|Rotom-Heat|
|poke|p1|Gastrodon, F|
|poke|p1|Toxicroak, F|
|poke|p1|Clefable, F|
|poke|p2|Pelipper, M|
|poke|p2|Blissey, F|
|poke|p2|Slowbro, M|
|poke|p2|Landorus-Therian, M|
|poke|p2|Scizor, M|
|poke|p2|Weavile, F|
|teampreview
|inactive|Battle timer is ON: inactive players will automatically lose when time's up. (requested by KFC Chizza)
|
|t:|1627726133
|start
|switch|p1a: Dragapult|Dragapult, M|100/100
|switch|p2a: Bliss|Blissey, F|100/100
|turn|1
|
|t:|1627726138
|move|p1a: Dragapult|U-turn|p2a: Bliss
|-damage|p2a: Bliss|86/100
|
|t:|1627726144
|switch|p1a: Corviknight|Corviknight, M|100/100|[from]move: U-turn
|move|p2a: Bliss|Teleport|p2a: Bliss
|
|t:|1627726146
|switch|p2a: Pelicano|Pelipper, M|100/100|[from]move: Teleport
|-weather|RainDance|[from] ability: Drizzle|[of] p2a: Pelicano
|
|-weather|RainDance|[upkeep]
|upkeep
|turn|2
|
|t:|1627726152
|move|p2a: Pelicano|Scald|p1a: Corviknight
|-damage|p1a: Corviknight|47/100
|move|p1a: Corviknight|U-turn|p2a: Pelicano
|-resisted|p2a: Pelicano
|-damage|p2a: Pelicano|91/100
|
|t:|1627726157
|switch|p1a: Toxicroak|Toxicroak, F, shiny|100/100|[from]move: U-turn
|
|-weather|RainDance|[upkeep]
|upkeep
|turn|3
|
|t:|1627726161
|switch|p2a: Slow Pr0|Slowbro, M|100/100
|move|p1a: Toxicroak|Swords Dance|p1a: Toxicroak
|-boost|p1a: Toxicroak|atk|2
|
|-weather|RainDance|[upkeep]
|upkeep
|turn|4
|
|t:|1627726167
|move|p1a: Toxicroak|Swords Dance|p1a: Toxicroak
|-boost|p1a: Toxicroak|atk|2
|move|p2a: Slow Pr0|Future Sight|p1a: Toxicroak
|-start|p2a: Slow Pr0|move: Future Sight
|
|-weather|RainDance|[upkeep]
|upkeep
|turn|5
|
|t:|1627726171
|move|p1a: Toxicroak|Gunk Shot|p2a: Slow Pr0
|-damage|p2a: Slow Pr0|0 fnt
|faint|p2a: Slow Pr0
|-damage|p1a: Toxicroak|91/100|[from] item: Life Orb
|
|-weather|none
|upkeep
|
|t:|1627726176
|switch|p2a: Landlord|Landorus-Therian, M|100/100
|-ability|p2a: Landlord|Intimidate|boost
|-unboost|p1a: Toxicroak|atk|1
|turn|6
|
|t:|1627726184
|switch|p1a: Corviknight|Corviknight, M|47/100
|move|p2a: Landlord|U-turn|p1a: Corviknight
|-resisted|p1a: Corviknight
|-damage|p1a: Corviknight|42/100
|
|t:|1627726199
|switch|p2a: Pelicano|Pelipper, M|91/100|[from]move: U-turn
|-weather|RainDance|[from] ability: Drizzle|[of] p2a: Pelicano
|
|-weather|RainDance|[upkeep]
|-end|p1a: Corviknight|move: Future Sight
|-resisted|p1a: Corviknight
|-damage|p1a: Corviknight|28/100
|-heal|p1a: Corviknight|34/100|[from] item: Leftovers
|upkeep
|turn|7
|
|t:|1627726208
|move|p2a: Pelicano|Hurricane|p1a: Corviknight
|-resisted|p1a: Corviknight
|-damage|p1a: Corviknight|10/100
|move|p1a: Corviknight|U-turn|p2a: Pelicano
|-resisted|p2a: Pelicano
|-damage|p2a: Pelicano|81/100
|
|t:|1627726217
|switch|p1a: Rotom|Rotom-Heat|100/100|[from]move: U-turn
|
|-weather|RainDance|[upkeep]
|upkeep
|turn|8
|
|t:|1627726233
|switch|p1a: Toxicroak|Toxicroak, F, shiny|91/100
|switch|p2a: Landlord|Landorus-Therian, M|100/100
|-ability|p2a: Landlord|Intimidate|boost
|-unboost|p1a: Toxicroak|atk|1
|
|-weather|RainDance|[upkeep]
|-heal|p1a: Toxicroak|100/100|[from] ability: Dry Skin
|upkeep
|turn|9
|
|t:|1627726244
|switch|p1a: Corviknight|Corviknight, M|10/100
|move|p2a: Landlord|U-turn|p1a: Corviknight
|-resisted|p1a: Corviknight
|-damage|p1a: Corviknight|5/100
|
|t:|1627726247
|switch|p2a: Comaligna|Weavile, F|100/100|[from]move: U-turn
|-ability|p2a: Comaligna|Pressure
|
|-weather|RainDance|[upkeep]
|-heal|p1a: Corviknight|12/100|[from] item: Leftovers
|upkeep
|turn|10
|
|t:|1627726253
|move|p2a: Comaligna|Triple Axel|p1a: Corviknight
|-damage|p1a: Corviknight|0 fnt
|faint|p1a: Corviknight
|-hitcount|p1: Corviknight|1
|
|-weather|none
|upkeep
|
|t:|1627726257
|switch|p1a: Dragapult|Dragapult, M|100/100
|turn|11
|
|t:|1627726260
|move|p2a: Comaligna|Triple Axel|p1a: Dragapult
|-supereffective|p1a: Dragapult
|-damage|p1a: Dragapult|62/100
|-supereffective|p1a: Dragapult
|-damage|p1a: Dragapult|0 fnt
|faint|p1a: Dragapult
|-hitcount|p1: Dragapult|2
|
|upkeep
|
|t:|1627726270
|switch|p1a: Rotom|Rotom-Heat|100/100
|turn|12
|
|t:|1627726279
|switch|p2a: Bliss|Blissey, F|86/100
|move|p1a: Rotom|Nasty Plot|p1a: Rotom
|-boost|p1a: Rotom|spa|2
|
|upkeep
|turn|13
|
|t:|1627726284
|switch|p1a: Toxicroak|Toxicroak, F, shiny|100/100
|move|p2a: Bliss|Teleport|p2a: Bliss
|
|t:|1627726286
|switch|p2a: Landlord|Landorus-Therian, M|100/100|[from]move: Teleport
|-ability|p2a: Landlord|Intimidate|boost
|-unboost|p1a: Toxicroak|atk|1
|
|upkeep
|turn|14
|
|t:|1627726290
|switch|p1a: Gastrodon|Gastrodon, F|100/100
|move|p2a: Landlord|U-turn|p1a: Gastrodon
|-damage|p1a: Gastrodon|83/100
|
|t:|1627726295
|switch|p2a: Pelicano|Pelipper, M|81/100|[from]move: U-turn
|-weather|RainDance|[from] ability: Drizzle|[of] p2a: Pelicano
|
|-weather|RainDance|[upkeep]
|-heal|p1a: Gastrodon|89/100|[from] item: Leftovers
|upkeep
|turn|15
|
|t:|1627726300
|switch|p1a: Rotom|Rotom-Heat|100/100
|move|p2a: Pelicano|Hurricane|p1a: Rotom
|-resisted|p1a: Rotom
|-damage|p1a: Rotom|57/100
|
|-weather|RainDance|[upkeep]
|upkeep
|turn|16
|
|t:|1627726304
|switch|p2a: Landlord|Landorus-Therian, M|100/100
|-ability|p2a: Landlord|Intimidate|boost
|-unboost|p1a: Rotom|atk|1
|move|p1a: Rotom|Pain Split|p2a: Landlord
|-sethp|p2a: Landlord|73/100|[from] move: Pain Split|[silent]
|-sethp|p1a: Rotom|91/100|[from] move: Pain Split
|
|-weather|RainDance|[upkeep]
|-heal|p2a: Landlord|79/100|[from] item: Leftovers
|upkeep
|turn|17
|
|t:|1627726308
|move|p1a: Rotom|Nasty Plot|p1a: Rotom
|-boost|p1a: Rotom|spa|2
|move|p2a: Landlord|Toxic|p1a: Rotom
|-status|p1a: Rotom|tox
|
|-weather|RainDance|[upkeep]
|-heal|p2a: Landlord|85/100|[from] item: Leftovers
|-damage|p1a: Rotom|85/100 tox|[from] psn
|upkeep
|turn|18
|
|t:|1627726312
|move|p1a: Rotom|Overheat|p2a: Landlord
|-damage|p2a: Landlord|49/100
|-unboost|p1a: Rotom|spa|2
|move|p2a: Landlord|U-turn|p1a: Rotom
|-resisted|p1a: Rotom
|-damage|p1a: Rotom|74/100 tox
|
|t:|1627726317
|switch|p2a: Bliss|Blissey, F|86/100|[from]move: U-turn
|
|-weather|none
|-damage|p1a: Rotom|61/100 tox|[from] psn
|upkeep
|turn|19
|
|t:|1627726320
|switch|p2a: Landlord|Landorus-Therian, M|49/100
|-ability|p2a: Landlord|Intimidate|boost
|-unboost|p1a: Rotom|atk|1
|move|p1a: Rotom|Pain Split|p2a: Landlord
|-sethp|p2a: Landlord|49/100|[from] move: Pain Split|[silent]
|-sethp|p1a: Rotom|61/100 tox|[from] move: Pain Split
|
|-heal|p2a: Landlord|55/100|[from] item: Leftovers
|-damage|p1a: Rotom|42/100 tox|[from] psn
|upkeep
|turn|20
|
|t:|1627726323
|move|p1a: Rotom|Overheat|p2a: Landlord|[miss]
|-miss|p1a: Rotom|p2a: Landlord
|move|p2a: Landlord|U-turn|p1a: Rotom
|-resisted|p1a: Rotom
|-damage|p1a: Rotom|31/100 tox
|
|t:|1627726327
|switch|p2a: Comaligna|Weavile, F|100/100|[from]move: U-turn
|-ability|p2a: Comaligna|Pressure
|
|-damage|p1a: Rotom|6/100 tox|[from] psn
|upkeep
|turn|21
|
|t:|1627726334
|move|p2a: Comaligna|Knock Off|p1a: Rotom
|-damage|p1a: Rotom|0 fnt
|-enditem|p1a: Rotom|Heavy-Duty Boots|[from] move: Knock Off|[of] p2a: Comaligna
|faint|p1a: Rotom
|
|upkeep
|
|t:|1627726336
|switch|p1a: Toxicroak|Toxicroak, F, shiny|100/100
|turn|22
|
|t:|1627726338
|switch|p2a: Landlord|Landorus-Therian, M|55/100
|-ability|p2a: Landlord|Intimidate|boost
|-unboost|p1a: Toxicroak|atk|1
|move|p1a: Toxicroak|Swords Dance|p1a: Toxicroak
|-boost|p1a: Toxicroak|atk|2
|
|-heal|p2a: Landlord|61/100|[from] item: Leftovers
|upkeep
|turn|23
|
|t:|1627726340
|switch|p2a: Sr. Recortes|Scizor, M|100/100
|move|p1a: Toxicroak|Ice Punch|p2a: Sr. Recortes
|-resisted|p2a: Sr. Recortes
|-damage|p2a: Sr. Recortes|83/100
|-damage|p1a: Toxicroak|91/100|[from] item: Life Orb
|
|-heal|p2a: Sr. Recortes|89/100|[from] item: Leftovers
|upkeep
|turn|24
|
|t:|1627726346
|move|p2a: Sr. Recortes|Bullet Punch|p1a: Toxicroak
|-damage|p1a: Toxicroak|52/100
|move|p1a: Toxicroak|Swords Dance|p1a: Toxicroak
|-boost|p1a: Toxicroak|atk|2
|
|-heal|p2a: Sr. Recortes|95/100|[from] item: Leftovers
|upkeep
|turn|25
|
|t:|1627726349
|switch|p2a: Landlord|Landorus-Therian, M|61/100
|-ability|p2a: Landlord|Intimidate|boost
|-unboost|p1a: Toxicroak|atk|1
|move|p1a: Toxicroak|Drain Punch|p2a: Landlord
|-resisted|p2a: Landlord
|-damage|p2a: Landlord|22/100
|-heal|p1a: Toxicroak|76/100|[from] drain|[of] p2a: Landlord
|-damage|p1a: Toxicroak|66/100|[from] item: Life Orb
|
|-heal|p2a: Landlord|28/100|[from] item: Leftovers
|upkeep
|turn|26
|
|t:|1627726353
|move|p1a: Toxicroak|Drain Punch|p2a: Landlord
|-resisted|p2a: Landlord
|-damage|p2a: Landlord|0 fnt
|-heal|p1a: Toxicroak|83/100|[from] drain|[of] p2a: Landlord
|faint|p2a: Landlord
|-damage|p1a: Toxicroak|73/100|[from] item: Life Orb
|
|upkeep
|
|t:|1627726356
|switch|p2a: Comaligna|Weavile, F|100/100
|-ability|p2a: Comaligna|Pressure
|turn|27
|
|t:|1627726360
|move|p2a: Comaligna|Icicle Crash|p1a: Toxicroak|[miss]
|-miss|p2a: Comaligna|p1a: Toxicroak
|move|p1a: Toxicroak|Drain Punch|p2a: Comaligna
|-supereffective|p2a: Comaligna
|-damage|p2a: Comaligna|0 fnt
|-heal|p1a: Toxicroak|100/100|[from] drain|[of] p2a: Comaligna
|faint|p2a: Comaligna
|-damage|p1a: Toxicroak|91/100|[from] item: Life Orb
|
|upkeep
|
|t:|1627726389
|switch|p2a: Pelicano|Pelipper, M|81/100
|-weather|RainDance|[from] ability: Drizzle|[of] p2a: Pelicano
|turn|28
|
|t:|1627726396
|move|p1a: Toxicroak|Gunk Shot|p2a: Pelicano
|-damage|p2a: Pelicano|0 fnt
|faint|p2a: Pelicano
|-damage|p1a: Toxicroak|81/100|[from] item: Life Orb
|
|-weather|RainDance|[upkeep]
|-heal|p1a: Toxicroak|93/100|[from] ability: Dry Skin
|upkeep
|-message|LT84JM Mad Eevee forfeited.
|
|win|KFC Chizza
|raw|KFC Chizza's rating: 1757 &rarr; <strong>1787</strong><br />(+30 for winning)
|raw|LT84JM Mad Eevee's rating: 1941 &rarr; <strong>1911</strong><br />(-30 for losing)
|c|☆KFC Chizza|gg
