|j|☆Geenobe
|j|☆sessista
|t:|1667723181
|gametype|singles
|player|p1|Geenobe|102|1589
|player|p2|sessista|101|1540
|teamsize|p1|6
|teamsize|p2|6
|gen|8
|tier|[Gen 8] OU
|rated|
|rule|Sleep Clause Mod: Limit one foe put to sleep
|rule|Species Clause: Limit one of each Pokémon
|rule|OHKO Clause: OHKO moves are banned
|rule|Evasion Items Clause: Evasion items are banned
|rule|Evasion Moves Clause: Evasion moves are banned
|rule|Endless Battle Clause: Forcing endless battles is banned
|rule|HP Percentage Mod: HP is shown in percentages
|rule|Dynamax Clause: You cannot dynamax
|clearpoke
|poke|p1|Barraskewda, F|
|poke|p1|Pelipper, F|
|poke|p1|Seismitoad, M|
|poke|p1|Tornadus-Therian, M|
|poke|p1|Ferrothorn, M|
|poke|p1|Crawdaunt, F|
|poke|p2|Ninetales-Alola, M|
|poke|p2|Magnezone|
|poke|p2|Rotom-Wash|
|poke|p2|Garchomp, F|
|poke|p2|Dragapult, F|
|poke|p2|Blissey, F|
|teampreview
|inactive|Battle timer is ON: inactive players will automatically lose when time's up. (requested by sessista)
|
|t:|1667723205
|start
|switch|p1a: Pelipper|Pelipper, F|100/100
|switch|p2a: Rotom|Rotom-Wash|100/100
|-weather|RainDance|[from] ability: Drizzle|[of] p1a: Pelipper
|turn|1
|
|t:|1667723212
|switch|p1a: Ferrothorn|Ferrothorn, M|100/100
|move|p2a: Rotom|Hydro Pump|p1a: Ferrothorn
|-resisted|p1a: Ferrothorn
|-damage|p1a: Ferrothorn|76/100
|
|-weather|RainDance|[upkeep]
|-heal|p1a: Ferrothorn|82/100|[from] item: Leftovers
|upkeep
|turn|2
|
|t:|1667723221
|move|p2a: Rotom|Will-O-Wisp|p1a: Ferrothorn|[miss]
|-miss|p2a: Rotom|p1a: Ferrothorn
|move|p1a: Ferrothorn|Power Whip|p2a: Rotom
|-supereffective|p2a: Rotom
|-damage|p2a: Rotom|18/100
|
|-weather|RainDance|[upkeep]
|-heal|p2a: Rotom|24/100|[from] item: Leftovers
|-heal|p1a: Ferrothorn|88/100|[from] item: Leftovers
|upkeep
|turn|3
|
|t:|1667723226
|move|p2a: Rotom|Volt Switch|p1a: Ferrothorn
|-resisted|p1a: Ferrothorn
|-damage|p1a: Ferrothorn|78/100
|
|t:|1667723234
|switch|p2a: Dragapult|Dragapult, F|100/100|[from]move: Volt Switch
|move|p1a: Ferrothorn|Power Whip|p2a: Dragapult
|-resisted|p2a: Dragapult
|-damage|p2a: Dragapult|72/100
|
|-weather|RainDance|[upkeep]
|-heal|p1a: Ferrothorn|84/100|[from] item: Leftovers
|upkeep
|turn|4
|
|t:|1667723240
|move|p2a: Dragapult|Fire Blast|p1a: Ferrothorn
|-supereffective|p1a: Ferrothorn
|-damage|p1a: Ferrothorn|27/100
|-damage|p2a: Dragapult|62/100|[from] item: Life Orb
|move|p1a: Ferrothorn|Knock Off|p2a: Dragapult
|-supereffective|p2a: Dragapult
|-damage|p2a: Dragapult|1/100
|-enditem|p2a: Dragapult|Life Orb|[from] move: Knock Off|[of] p1a: Ferrothorn
|
|-weather|RainDance|[upkeep]
|-heal|p1a: Ferrothorn|33/100|[from] item: Leftovers
|upkeep
|turn|5
|
|t:|1667723255
|switch|p1a: Crawdaunt|Crawdaunt, F|100/100
|move|p2a: Dragapult|Fire Blast|p1a: Crawdaunt
|-resisted|p1a: Crawdaunt
|-damage|p1a: Crawdaunt|85/100
|
|-weather|RainDance|[upkeep]
|upkeep
|turn|6
|
|t:|1667723262
|switch|p2a: Rotom|Rotom-Wash|24/100
|move|p1a: Crawdaunt|Aqua Jet|p2a: Rotom
|-resisted|p2a: Rotom
|-damage|p2a: Rotom|0 fnt
|faint|p2a: Rotom
|-damage|p1a: Crawdaunt|75/100|[from] item: Life Orb
|
|-weather|RainDance|[upkeep]
|upkeep
|
|t:|1667723266
|switch|p2a: Garchomp|Garchomp, F|100/100
|turn|7
|
|t:|1667723271
|move|p2a: Garchomp|Protect|p2a: Garchomp
|-singleturn|p2a: Garchomp|Protect
|move|p1a: Crawdaunt|Crabhammer|p2a: Garchomp
|-activate|p2a: Garchomp|move: Protect
|
|-weather|RainDance|[upkeep]
|upkeep
|turn|8
|
|t:|1667723276
|move|p2a: Garchomp|Stealth Rock|p1a: Crawdaunt
|-sidestart|p1: Geenobe|move: Stealth Rock
|move|p1a: Crawdaunt|Crabhammer|p2a: Garchomp
|-damage|p2a: Garchomp|0 fnt
|-damage|p1a: Crawdaunt|63/100|[from] ability: Rough Skin|[of] p2a: Garchomp
|faint|p2a: Garchomp
|-damage|p1a: Crawdaunt|53/100|[from] item: Life Orb
|
|-weather|none
|upkeep
|
|t:|1667723282
|switch|p2a: Ninetales|Ninetales-Alola, M|100/100
|-weather|Hail|[from] ability: Snow Warning|[of] p2a: Ninetales
|turn|9
|
|t:|1667723288
|move|p2a: Ninetales|Freeze-Dry|p1a: Crawdaunt
|-supereffective|p1a: Crawdaunt
|-damage|p1a: Crawdaunt|0 fnt
|faint|p1a: Crawdaunt
|
|-weather|Hail|[upkeep]
|upkeep
|
|t:|1667723304
|switch|p1a: fish|Barraskewda, F|100/100
|-damage|p1a: fish|88/100|[from] Stealth Rock
|turn|10
|
|t:|1667723308
|switch|p2a: Dragapult|Dragapult, F|1/100
|move|p1a: fish|Flip Turn|p2a: Dragapult
|-resisted|p2a: Dragapult
|-damage|p2a: Dragapult|0 fnt
|faint|p2a: Dragapult
|
|t:|1667723316
|switch|p1a: Ferrothorn|Ferrothorn, M|33/100|[from]move: Flip Turn
|-damage|p1a: Ferrothorn|27/100|[from] Stealth Rock
|
|-weather|Hail|[upkeep]
|-damage|p1a: Ferrothorn|20/100|[from] Hail
|-heal|p1a: Ferrothorn|27/100|[from] item: Leftovers
|upkeep
|
|t:|1667723319
|switch|p2a: Magnezone|Magnezone|100/100
|turn|11
|
|t:|1667723323
|move|p2a: Magnezone|Thunderbolt|p1a: Ferrothorn
|-resisted|p1a: Ferrothorn
|-damage|p1a: Ferrothorn|0 fnt
|faint|p1a: Ferrothorn
|
|-weather|Hail|[upkeep]
|-damage|p2a: Magnezone|94/100|[from] Hail
|upkeep
|
|t:|1667723328
|switch|p1a: frog|Seismitoad, M|100/100
|-damage|p1a: frog|95/100|[from] Stealth Rock
|turn|12
|
|t:|1667723332
|switch|p1a: Pelipper|Pelipper, F|100/100
|-damage|p1a: Pelipper|76/100|[from] Stealth Rock
|-weather|RainDance|[from] ability: Drizzle|[of] p1a: Pelipper
|switch|p2a: Blissey|Blissey, F|100/100
|
|-weather|RainDance|[upkeep]
|upkeep
|turn|13
|
|t:|1667723343
|move|p1a: Pelipper|Defog|p2a: Blissey
|-unboost|p2a: Blissey|evasion|1
|-sideend|p1: Geenobe|Stealth Rock|[from] move: Defog|[of] p1a: Pelipper
|move|p2a: Blissey|Teleport|p2a: Blissey
|
|t:|1667723346
|switch|p2a: Ninetales|Ninetales-Alola, M|100/100|[from]move: Teleport
|-weather|Hail|[from] ability: Snow Warning|[of] p2a: Ninetales
|
|-weather|Hail|[upkeep]
|-damage|p1a: Pelipper|70/100|[from] Hail
|upkeep
|turn|14
|
|t:|1667723351
|switch|p1a: bird|Tornadus-Therian, M|100/100
|move|p2a: Ninetales|Freeze-Dry|p1a: bird
|-supereffective|p1a: bird
|-damage|p1a: bird|8/100
|
|-weather|Hail|[upkeep]
|-damage|p1a: bird|2/100|[from] Hail
|upkeep
|turn|15
|
|t:|1667723360
|switch|p2a: Blissey|Blissey, F|100/100
|move|p1a: bird|Hurricane|p2a: Blissey
|-damage|p2a: Blissey|76/100
|-damage|p1a: bird|0 fnt|[from] item: Life Orb
|faint|p1a: bird
|
|-weather|Hail|[upkeep]
|-damage|p2a: Blissey|70/100|[from] Hail
|upkeep
|
|t:|1667723363
|switch|p1a: fish|Barraskewda, F|88/100
|turn|16
|
|t:|1667723371
|move|p1a: fish|Close Combat|p2a: Blissey
|-supereffective|p2a: Blissey
|-damage|p2a: Blissey|0 fnt
|-unboost|p1a: fish|def|1
|-unboost|p1a: fish|spd|1
|faint|p2a: Blissey
|
|-weather|Hail|[upkeep]
|-damage|p1a: fish|82/100|[from] Hail
|upkeep
|
|t:|1667723376
|switch|p2a: Ninetales|Ninetales-Alola, M|100/100
|turn|17
|
|t:|1667723381
|move|p1a: fish|Close Combat|p2a: Ninetales
|-damage|p2a: Ninetales|2/100
|-unboost|p1a: fish|def|1
|-unboost|p1a: fish|spd|1
|move|p2a: Ninetales|Freeze-Dry|p1a: fish
|-supereffective|p1a: fish
|-damage|p1a: fish|0 fnt
|faint|p1a: fish
|
|-weather|none
|upkeep
|
|t:|1667723392
|switch|p1a: Pelipper|Pelipper, F|70/100
|-weather|RainDance|[from] ability: Drizzle|[of] p1a: Pelipper
|turn|18
|
|t:|1667723397
|move|p2a: Ninetales|Freeze-Dry|p1a: Pelipper
|-supereffective|p1a: Pelipper
|-damage|p1a: Pelipper|0 fnt
|faint|p1a: Pelipper
|
|-weather|RainDance|[upkeep]
|upkeep
|
|t:|1667723398
|switch|p1a: frog|Seismitoad, M|95/100
|turn|19
|
|t:|1667723401
|switch|p2a: Magnezone|Magnezone|94/100
|move|p1a: frog|Earth Power|p2a: Magnezone
|-supereffective|p2a: Magnezone
|-damage|p2a: Magnezone|0 fnt
|faint|p2a: Magnezone
|-damage|p1a: frog|85/100|[from] item: Life Orb
|
|-weather|RainDance|[upkeep]
|upkeep
|
|t:|1667723406
|switch|p2a: Ninetales|Ninetales-Alola, M|2/100
|-weather|Hail|[from] ability: Snow Warning|[of] p2a: Ninetales
|turn|20
|
|t:|1667723408
|move|p2a: Ninetales|Freeze-Dry|p1a: frog
|-supereffective|p1a: frog
|-damage|p1a: frog|0 fnt
|faint|p1a: frog
|
|win|sessista
|raw|Geenobe's rating: 1589 &rarr; <strong>1566</strong><br />(-23 for losing)
|raw|sessista's rating: 1540 &rarr; <strong>1563</strong><br />(+23 for winning)
