|j|☆IMSOMALD
|j|‽PKM Champion Blue
|t:|1655863161
|gametype|singles
|player|p1|IMSOMALD|n|1587
|player|p2|PKM Champion Blue|blue-gen7|1626
|teamsize|p1|6
|teamsize|p2|6
|gen|8
|tier|[Gen 8] OU
|rated|
|rule|Sleep Clause Mod: Limit one foe put to sleep
|rule|Species Clause: Limit one of each Pokémon
|rule|OHKO Clause: OHKO moves are banned
|rule|Evasion Moves Clause: Evasion moves are banned
|rule|Endless Battle Clause: Forcing endless battles is banned
|rule|HP Percentage Mod: HP is shown in percentages
|rule|Dynamax Clause: You cannot dynamax
|clearpoke
|poke|p1|Buzzwole|
|poke|p1|Cursola, F|
|poke|p1|Tapu Koko|
|poke|p1|Corviknight, M|
|poke|p1|Toxapex, F|
|poke|p1|Garchomp, M|
|poke|p2|Rillaboom, F|
|poke|p2|Tapu Koko|
|poke|p2|Heatran, F|
|poke|p2|Slowbro, F|
|poke|p2|Mandibuzz, F|
|poke|p2|Landorus-Therian, M|
|teampreview
|inactive|Battle timer is ON: inactive players will automatically lose when time's up. (requested by PKM Champion Blue)
|j| dsfsfsgsfd
|
|t:|1655863173
|start
|switch|p1a: Garchomp|Garchomp, M|100/100
|switch|p2a: Landorus|Landorus-Therian, M|100/100
|-ability|p2a: Landorus|Intimidate|boost
|-unboost|p1a: Garchomp|atk|1
|turn|1
|
|t:|1655863182
|switch|p1a: Corviknight|Corviknight, M|100/100
|-ability|p1a: Corviknight|Pressure
|move|p2a: Landorus|Toxic|p1a: Corviknight
|-immune|p1a: Corviknight
|
|upkeep
|turn|2
|
|t:|1655863186
|move|p2a: Landorus|Stealth Rock|p1a: Corviknight
|-sidestart|p1: IMSOMALD|move: Stealth Rock
|move|p1a: Corviknight|Iron Head|p2a: Landorus
|-damage|p2a: Landorus|82/100
|-damage|p1a: Corviknight|84/100|[from] item: Rocky Helmet|[of] p2a: Landorus
|
|-heal|p1a: Corviknight|90/100|[from] item: Leftovers
|upkeep
|turn|3
|
|t:|1655863194
|switch|p2a: Tapu Koko|Tapu Koko|100/100
|-fieldstart|move: Electric Terrain|[from] ability: Electric Surge|[of] p2a: Tapu Koko
|move|p1a: Corviknight|Defog|p2a: Tapu Koko
|-unboost|p2a: Tapu Koko|evasion|1
|-sideend|p1: IMSOMALD|Stealth Rock|[from] move: Defog|[of] p1a: Corviknight
|-fieldend|move: Electric Terrain
|
|-heal|p1a: Corviknight|96/100|[from] item: Leftovers
|upkeep
|turn|4
|
|t:|1655863200
|move|p2a: Tapu Koko|Dazzling Gleam|p1a: Corviknight
|-resisted|p1a: Corviknight
|-damage|p1a: Corviknight|85/100
|move|p1a: Corviknight|U-turn|p2a: Tapu Koko
|-resisted|p2a: Tapu Koko
|-damage|p2a: Tapu Koko|91/100
|
|t:|1655863212
|switch|p1a: Cursola|Cursola, F|100/100|[from]move: U-turn
|
|upkeep
|turn|5
|
|t:|1655863216
|move|p2a: Tapu Koko|U-turn|p1a: Cursola
|-resisted|p1a: Cursola
|-damage|p1a: Cursola|81/100
|-ability|p1a: Cursola|Weak Armor|boost
|-unboost|p1a: Cursola|def|1
|-boost|p1a: Cursola|spe|2
|
|t:|1655863221
|switch|p2a: Heatran|Heatran, F, shiny|100/100|[from]move: U-turn
|move|p1a: Cursola|Meteor Beam||[still]
|-prepare|p1a: Cursola|Meteor Beam
|-boost|p1a: Cursola|spa|1
|-enditem|p1a: Cursola|Power Herb
|-anim|p1a: Cursola|Meteor Beam|p2a: Heatran
|-damage|p2a: Heatran|28/100
|
|upkeep
|turn|6
|
|t:|1655863232
|move|p1a: Cursola|Shadow Ball|p2a: Heatran
|-damage|p2a: Heatran|0 fnt
|faint|p2a: Heatran
|
|upkeep
|l|‽PKM Champion Blue
|inactive|PKM Champion Blue disconnected and has a minute to reconnect!
|player|p2|
|inactive|PKM Champion Blue has 30 seconds to reconnect!
|inactive|PKM Champion Blue has 20 seconds to reconnect!
|inactive|PKM Champion Blue has 15 seconds to reconnect!
|inactive|PKM Champion Blue has 10 seconds to reconnect!
|inactive|PKM Champion Blue has 5 seconds to reconnect!
|-message|PKM Champion Blue lost due to inactivity.
|
|win|IMSOMALD
|raw|IMSOMALD's rating: 1587 &rarr; <strong>1609</strong><br />(+22 for winning)
|raw|PKM Champion Blue's rating: 1626 &rarr; <strong>1604</strong><br />(-22 for losing)
||Ladder isn't responding, score probably updated but might not have (Request timeout).
