|j|☆IIIodyne
|j|☆2nd_Xray972
|t:|1664297517
|gametype|singles
|player|p1|IIIodyne|2|1763
|player|p2|2nd_Xray972|hoopster|1762
|teamsize|p1|6
|teamsize|p2|6
|gen|8
|tier|[Gen 8] OU
|rated|
|rule|Sleep Clause Mod: Limit one foe put to sleep
|rule|Species Clause: Limit one of each Pokémon
|rule|OHKO Clause: OHKO moves are banned
|rule|Evasion Items Clause: Evasion items are banned
|rule|Evasion Moves Clause: Evasion moves are banned
|rule|Endless Battle Clause: Forcing endless battles is banned
|rule|HP Percentage Mod: HP is shown in percentages
|rule|Dynamax Clause: You cannot dynamax
|clearpoke
|poke|p1|Snorlax, M|
|poke|p1|Suicune|
|poke|p1|Melmetal|
|poke|p1|Victini|
|poke|p1|Landorus-Therian, M|
|poke|p1|Zapdos|
|poke|p2|Rillaboom, M|
|poke|p2|Zapdos|
|poke|p2|Slowbro, F|
|poke|p2|Volcanion|
|poke|p2|Tyranitar, M|
|poke|p2|Excadrill, M|
|teampreview
|inactive|Battle timer is ON: inactive players will automatically lose when time's up. (requested by 2nd_Xray972)
|
|t:|1664297531
|start
|switch|p1a: Landorus|Landorus-Therian, M|100/100
|switch|p2a: Volcanion|Volcanion|100/100
|-ability|p1a: Landorus|Intimidate|boost
|-unboost|p2a: Volcanion|atk|1
|turn|1
|
|t:|1664297541
|switch|p2a: Zapdos|Zapdos|100/100
|move|p1a: Landorus|Earthquake|p2a: Zapdos
|-immune|p2a: Zapdos
|
|upkeep
|turn|2
|
|t:|1664297545
|switch|p1a: Snorlax|Snorlax, M|100/100
|move|p2a: Zapdos|Hurricane|p1a: Snorlax
|-damage|p1a: Snorlax|80/100
|-start|p1a: Snorlax|confusion
|
|-heal|p1a: Snorlax|87/100|[from] item: Leftovers
|upkeep
|turn|3
|
|t:|1664297549
|switch|p1a: Landorus|Landorus-Therian, M|100/100
|-ability|p1a: Landorus|Intimidate|boost
|-unboost|p2a: Zapdos|atk|1
|move|p2a: Zapdos|Volt Switch|p1a: Landorus
|-immune|p1a: Landorus
|
|upkeep
|turn|4
|j| dinmammashariga
|
|t:|1664297555
|move|p1a: Landorus|Knock Off|p2a: Zapdos
|-damage|p2a: Zapdos|71/100
|-enditem|p2a: Zapdos|Heavy-Duty Boots|[from] move: Knock Off|[of] p1a: Landorus
|move|p2a: Zapdos|Hurricane|p1a: Landorus
|-damage|p1a: Landorus|39/100
|
|upkeep
|turn|5
|
|t:|1664297562
|switch|p1a: Melmetal|Melmetal|100/100
|move|p2a: Zapdos|Volt Switch|p1a: Melmetal
|-damage|p1a: Melmetal|79/100
|
|t:|1664297565
|switch|p2a: Volcanion|Volcanion|100/100|[from]move: Volt Switch
|
|upkeep
|turn|6
|
|t:|1664297568
|switch|p1a: Snorlax|Snorlax, M|87/100
|move|p2a: Volcanion|Steam Eruption|p1a: Snorlax
|-damage|p1a: Snorlax|47/100
|
|-heal|p1a: Snorlax|54/100|[from] item: Leftovers
|upkeep
|turn|7
|j| YB is BETTER
|
|t:|1664297586
|move|p2a: Volcanion|Steam Eruption|p1a: Snorlax
|-damage|p1a: Snorlax|15/100
|-status|p1a: Snorlax|brn
|move|p1a: Snorlax|Body Slam|p2a: Volcanion
|-damage|p2a: Volcanion|84/100
|-status|p2a: Volcanion|par
|
|-heal|p1a: Snorlax|21/100 brn|[from] item: Leftovers
|-damage|p1a: Snorlax|15/100 brn|[from] brn
|upkeep
|turn|8
|
|t:|1664297593
|switch|p2a: Rillaboom|Rillaboom, M|100/100
|-fieldstart|move: Grassy Terrain|[from] ability: Grassy Surge|[of] p2a: Rillaboom
|move|p1a: Snorlax|Rest|p1a: Snorlax
|-status|p1a: Snorlax|slp|[from] move: Rest
|-heal|p1a: Snorlax|100/100 slp|[silent]
|
|upkeep
|turn|9
|
|t:|1664297598
|switch|p1a: Zapdos|Zapdos|100/100
|move|p2a: Rillaboom|Wood Hammer|p1a: Zapdos
|-resisted|p1a: Zapdos
|-damage|p1a: Zapdos|31/100
|-damage|p2a: Rillaboom|77/100|[from] Recoil
|
|-heal|p2a: Rillaboom|83/100|[from] Grassy Terrain
|upkeep
|turn|10
|
|t:|1664297605
|switch|p2a: Tyranitar|Tyranitar, M|100/100
|-weather|Sandstorm|[from] ability: Sand Stream|[of] p2a: Tyranitar
|move|p1a: Zapdos|Heat Wave|p2a: Tyranitar
|-resisted|p2a: Tyranitar
|-damage|p2a: Tyranitar|94/100
|
|-weather|Sandstorm|[upkeep]
|-damage|p1a: Zapdos|25/100|[from] Sandstorm
|-heal|p2a: Tyranitar|99/100|[from] Grassy Terrain
|upkeep
|turn|11
|
|t:|1664297612
|move|p1a: Zapdos|Volt Switch|p2a: Tyranitar
|-damage|p2a: Tyranitar|83/100
|
|t:|1664297614
|switch|p1a: Melmetal|Melmetal|79/100|[from]move: Volt Switch
|move|p2a: Tyranitar|Earthquake|p1a: Melmetal
|-supereffective|p1a: Melmetal
|-damage|p1a: Melmetal|61/100
|
|-weather|Sandstorm|[upkeep]
|-heal|p2a: Tyranitar|89/100|[from] Grassy Terrain
|-heal|p1a: Melmetal|67/100|[from] Grassy Terrain
|upkeep
|turn|12
|
|t:|1664297619
|switch|p2a: Slowbro|Slowbro, F|100/100
|move|p1a: Melmetal|Double Iron Bash|p2a: Slowbro
|-resisted|p2a: Slowbro
|-damage|p2a: Slowbro|87/100
|-resisted|p2a: Slowbro
|-damage|p2a: Slowbro|73/100
|-hitcount|p2a: Slowbro|2
|
|-weather|Sandstorm|[upkeep]
|-damage|p2a: Slowbro|67/100|[from] Sandstorm
|-heal|p1a: Melmetal|73/100|[from] Grassy Terrain
|-heal|p2a: Slowbro|73/100|[from] Grassy Terrain
|-fieldend|move: Grassy Terrain
|upkeep
|turn|13
|
|t:|1664297622
|move|p1a: Melmetal|Thunder Punch|p2a: Slowbro
|-supereffective|p2a: Slowbro
|-damage|p2a: Slowbro|29/100
|move|p2a: Slowbro|Teleport|p2a: Slowbro
|
|t:|1664297630
|switch|p2a: Volcanion|Volcanion|84/100 par|[from]move: Teleport
|
|-weather|Sandstorm|[upkeep]
|-damage|p2a: Volcanion|78/100 par|[from] Sandstorm
|upkeep
|turn|14
|
|t:|1664297635
|move|p1a: Melmetal|Earthquake|p2a: Volcanion
|-supereffective|p2a: Volcanion
|-damage|p2a: Volcanion|2/100 par
|move|p2a: Volcanion|Steam Eruption|p1a: Melmetal
|-damage|p1a: Melmetal|16/100
|-status|p1a: Melmetal|brn
|
|-weather|Sandstorm|[upkeep]
|-damage|p2a: Volcanion|0 fnt|[from] Sandstorm
|faint|p2a: Volcanion
|-damage|p1a: Melmetal|10/100 brn|[from] brn
|upkeep
|
|t:|1664297638
|switch|p2a: Rillaboom|Rillaboom, M|83/100
|-fieldstart|move: Grassy Terrain|[from] ability: Grassy Surge|[of] p2a: Rillaboom
|turn|15
|
|t:|1664297640
|move|p2a: Rillaboom|Grassy Glide|p1a: Melmetal
|-resisted|p1a: Melmetal
|-damage|p1a: Melmetal|0 fnt
|faint|p1a: Melmetal
|
|-weather|Sandstorm|[upkeep]
|-damage|p2a: Rillaboom|77/100|[from] Sandstorm
|-heal|p2a: Rillaboom|83/100|[from] Grassy Terrain
|upkeep
|
|t:|1664297643
|switch|p1a: Victini|Victini|100/100
|turn|16
|
|t:|1664297651
|switch|p2a: Zapdos|Zapdos|71/100
|move|p1a: Victini|U-turn|p2a: Zapdos
|-resisted|p2a: Zapdos
|-damage|p2a: Zapdos|59/100
|-status|p1a: Victini|par|[from] ability: Static|[of] p2a: Zapdos
|
|t:|1664297658
|switch|p1a: Landorus|Landorus-Therian, M|39/100|[from]move: U-turn
|-ability|p1a: Landorus|Intimidate|boost
|-unboost|p2a: Zapdos|atk|1
|
|-weather|Sandstorm|[upkeep]
|-damage|p2a: Zapdos|53/100|[from] Sandstorm
|upkeep
|turn|17
|
|t:|1664297662
|move|p1a: Landorus|Stone Edge|p2a: Zapdos
|-supereffective|p2a: Zapdos
|-damage|p2a: Zapdos|0 fnt
|faint|p2a: Zapdos
|
|-weather|none
|upkeep
|j| sssaiss
|
|t:|1664297666
|switch|p2a: Rillaboom|Rillaboom, M|83/100
|turn|18
|
|t:|1664297672
|switch|p1a: Victini|Victini|100/100 par
|move|p2a: Rillaboom|Grassy Glide|p1a: Victini
|-resisted|p1a: Victini
|-damage|p1a: Victini|59/100 par
|
|-heal|p2a: Rillaboom|89/100|[from] Grassy Terrain
|-heal|p1a: Victini|66/100 par|[from] Grassy Terrain
|upkeep
|turn|19
|
|t:|1664297679
|switch|p2a: Slowbro|Slowbro, F|63/100
|move|p1a: Victini|V-create|p2a: Slowbro
|-resisted|p2a: Slowbro
|-damage|p2a: Slowbro|25/100
|-unboost|p1a: Victini|spe|1
|-unboost|p1a: Victini|def|1
|-unboost|p1a: Victini|spd|1
|
|-heal|p1a: Victini|72/100 par|[from] Grassy Terrain
|-heal|p2a: Slowbro|32/100|[from] Grassy Terrain
|-fieldend|move: Grassy Terrain
|upkeep
|turn|20
|
|t:|1664297683
|move|p1a: Victini|V-create|p2a: Slowbro
|-resisted|p2a: Slowbro
|-damage|p2a: Slowbro|0 fnt
|-unboost|p1a: Victini|spe|1
|-unboost|p1a: Victini|def|1
|-unboost|p1a: Victini|spd|1
|faint|p2a: Slowbro
|
|upkeep
|
|t:|1664297692
|switch|p2a: Rillaboom|Rillaboom, M|89/100
|-fieldstart|move: Grassy Terrain|[from] ability: Grassy Surge|[of] p2a: Rillaboom
|turn|21
|
|t:|1664297697
|move|p2a: Rillaboom|Knock Off|p1a: Victini
|-supereffective|p1a: Victini
|-damage|p1a: Victini|0 fnt
|-enditem|p1a: Victini|Choice Band|[from] move: Knock Off|[of] p2a: Rillaboom
|faint|p1a: Victini
|
|-heal|p2a: Rillaboom|95/100|[from] Grassy Terrain
|upkeep
|
|t:|1664297701
|switch|p1a: Landorus|Landorus-Therian, M|39/100
|-ability|p1a: Landorus|Intimidate|boost
|-unboost|p2a: Rillaboom|atk|1
|turn|22
|
|t:|1664297705
|switch|p2a: Tyranitar|Tyranitar, M|89/100
|-weather|Sandstorm|[from] ability: Sand Stream|[of] p2a: Tyranitar
|move|p1a: Landorus|U-turn|p2a: Tyranitar
|-supereffective|p2a: Tyranitar
|-damage|p2a: Tyranitar|50/100
|
|t:|1664297708
|switch|p1a: Suicune|Suicune|100/100|[from]move: U-turn
|-ability|p1a: Suicune|Pressure
|
|-weather|Sandstorm|[upkeep]
|-damage|p1a: Suicune|94/100|[from] Sandstorm
|-heal|p1a: Suicune|100/100|[from] Grassy Terrain
|-heal|p2a: Tyranitar|56/100|[from] Grassy Terrain
|upkeep
|turn|23
|
|t:|1664297712
|switch|p2a: Rillaboom|Rillaboom, M|95/100
|move|p1a: Suicune|Scald|p2a: Rillaboom
|-resisted|p2a: Rillaboom
|-damage|p2a: Rillaboom|79/100
|
|-weather|Sandstorm|[upkeep]
|-damage|p2a: Rillaboom|72/100|[from] Sandstorm
|-damage|p1a: Suicune|94/100|[from] Sandstorm
|-heal|p2a: Rillaboom|79/100|[from] Grassy Terrain
|-heal|p1a: Suicune|100/100|[from] Grassy Terrain
|upkeep
|turn|24
|
|t:|1664297718
|switch|p1a: Zapdos|Zapdos|25/100
|move|p2a: Rillaboom|Grassy Glide|p1a: Zapdos
|-resisted|p1a: Zapdos
|-damage|p1a: Zapdos|0 fnt
|faint|p1a: Zapdos
|
|-weather|Sandstorm|[upkeep]
|-damage|p2a: Rillaboom|72/100|[from] Sandstorm
|-heal|p2a: Rillaboom|79/100|[from] Grassy Terrain
|upkeep
|
|t:|1664297725
|switch|p1a: Landorus|Landorus-Therian, M|39/100
|-ability|p1a: Landorus|Intimidate|boost
|-unboost|p2a: Rillaboom|atk|1
|turn|25
|
|t:|1664297727
|switch|p1a: Snorlax|Snorlax, M|100/100 slp
|move|p2a: Rillaboom|Grassy Glide|p1a: Snorlax
|-damage|p1a: Snorlax|57/100 slp
|
|-weather|Sandstorm|[upkeep]
|-damage|p2a: Rillaboom|72/100|[from] Sandstorm
|-damage|p1a: Snorlax|51/100 slp|[from] Sandstorm
|-heal|p2a: Rillaboom|79/100|[from] Grassy Terrain
|-heal|p1a: Snorlax|57/100 slp|[from] Grassy Terrain
|-heal|p1a: Snorlax|63/100 slp|[from] item: Leftovers
|-fieldend|move: Grassy Terrain
|upkeep
|turn|26
|
|t:|1664297733
|switch|p2a: Excadrill|Excadrill, M|100/100
|cant|p1a: Snorlax|slp
|
|-weather|Sandstorm|[upkeep]
|-damage|p1a: Snorlax|57/100 slp|[from] Sandstorm
|-heal|p1a: Snorlax|63/100 slp|[from] item: Leftovers
|upkeep
|turn|27
|
|t:|1664297737
|move|p2a: Excadrill|Swords Dance|p2a: Excadrill
|-boost|p2a: Excadrill|atk|2
|cant|p1a: Snorlax|slp
|
|-weather|Sandstorm|[upkeep]
|-damage|p1a: Snorlax|57/100 slp|[from] Sandstorm
|-heal|p1a: Snorlax|63/100 slp|[from] item: Leftovers
|upkeep
|turn|28
|
|t:|1664297739
|move|p2a: Excadrill|Iron Head|p1a: Snorlax
|-damage|p1a: Snorlax|0 fnt
|faint|p1a: Snorlax
|
|-weather|Sandstorm|[upkeep]
|upkeep
|
|t:|1664297742
|switch|p1a: Landorus|Landorus-Therian, M|39/100
|-ability|p1a: Landorus|Intimidate|boost
|-unboost|p2a: Excadrill|atk|1
|turn|29
|
|t:|1664297752
|switch|p1a: Suicune|Suicune|100/100
|-ability|p1a: Suicune|Pressure
|move|p2a: Excadrill|Iron Head|p1a: Suicune
|-resisted|p1a: Suicune
|-damage|p1a: Suicune|80/100
|
|-weather|none
|-heal|p1a: Suicune|86/100|[from] item: Leftovers
|upkeep
|turn|30
|
|t:|1664297757
|move|p2a: Excadrill|Earthquake|p1a: Suicune
|-damage|p1a: Suicune|36/100
|move|p1a: Suicune|Ice Beam|p2a: Excadrill
|-damage|p2a: Excadrill|74/100
|
|-heal|p2a: Excadrill|80/100|[from] item: Leftovers
|-heal|p1a: Suicune|42/100|[from] item: Leftovers
|upkeep
|turn|31
|
|t:|1664297760
|move|p2a: Excadrill|Earthquake|p1a: Suicune
|-damage|p1a: Suicune|0 fnt
|faint|p1a: Suicune
|
|-heal|p2a: Excadrill|86/100|[from] item: Leftovers
|upkeep
|
|t:|1664297767
|switch|p1a: Landorus|Landorus-Therian, M|39/100
|-ability|p1a: Landorus|Intimidate|boost
|-unboost|p2a: Excadrill|atk|1
|turn|32
|
|t:|1664297772
|move|p1a: Landorus|U-turn|p2a: Excadrill
|-resisted|p2a: Excadrill
|-damage|p2a: Excadrill|66/100
|move|p2a: Excadrill|Iron Head|p1a: Landorus
|-damage|p1a: Landorus|0 fnt
|faint|p1a: Landorus
|
|win|2nd_Xray972
|raw|IIIodyne's rating: 1763 &rarr; <strong>1743</strong><br />(-20 for losing)
|raw|2nd_Xray972's rating: 1762 &rarr; <strong>1782</strong><br />(+20 for winning)
|l|☆IIIodyne
|l|☆2nd_Xray972
||Ladder isn't responding, score probably updated but might not have (Request timeout).
