|j|☆2(H2O)
|j|☆BruceUganda
|t:|1655326345
|gametype|singles
|player|p1|2(H2O)|lady|1720
|player|p2|BruceUganda|clair|1827
|teamsize|p1|6
|teamsize|p2|6
|gen|8
|tier|[Gen 8] OU
|rated|
|rule|Sleep Clause Mod: Limit one foe put to sleep
|rule|Species Clause: Limit one of each Pokémon
|rule|OHKO Clause: OHKO moves are banned
|rule|Evasion Moves Clause: Evasion moves are banned
|rule|Endless Battle Clause: Forcing endless battles is banned
|rule|HP Percentage Mod: HP is shown in percentages
|rule|Dynamax Clause: You cannot dynamax
|clearpoke
|poke|p1|Tapu Lele|
|poke|p1|Victini|
|poke|p1|Melmetal|
|poke|p1|Dragonite, M|
|poke|p1|Landorus-Therian, M|
|poke|p1|Urshifu-*, M|
|poke|p2|Dragapult, M|
|poke|p2|Bewear, M|
|poke|p2|Corviknight, F|
|poke|p2|Tapu Fini|
|poke|p2|Slowking-Galar, M|
|poke|p2|Garchomp, M|
|teampreview
|
|t:|1655326354
|start
|switch|p1a: Landorus|Landorus-Therian, M|100/100
|switch|p2a: Johnny Spins|Tapu Fini|100/100
|-fieldstart|move: Misty Terrain|[from] ability: Misty Surge|[of] p2a: Johnny Spins
|-ability|p1a: Landorus|Intimidate|boost
|-unboost|p2a: Johnny Spins|atk|1
|turn|1
|inactive|Battle timer is ON: inactive players will automatically lose when time's up. (requested by 2(H2O))
|
|t:|1655326361
|move|p2a: Johnny Spins|Trick|p1a: Landorus
|-activate|p2a: Johnny Spins|move: Trick|[of] p1a: Landorus
|-item|p1a: Landorus|Choice Scarf|[from] move: Trick
|-item|p2a: Johnny Spins|Leftovers|[from] move: Trick
|move|p1a: Landorus|Stealth Rock|p2a: Johnny Spins
|-sidestart|p2: BruceUganda|move: Stealth Rock
|
|upkeep
|turn|2
|
|t:|1655326368
|switch|p1a: Melmetal|Melmetal|100/100
|move|p2a: Johnny Spins|Scald|p1a: Melmetal
|-damage|p1a: Melmetal|87/100
|
|upkeep
|turn|3
|
|t:|1655326376
|switch|p2a: Pentaghast|Corviknight, F, shiny|100/100
|-damage|p2a: Pentaghast|88/100|[from] Stealth Rock
|-ability|p2a: Pentaghast|Pressure
|switch|p1a: Victini|Victini|100/100
|
|upkeep
|turn|4
|j| Traffalgar D Law
|
|t:|1655326380
|switch|p2a: Gus Fring|Garchomp, M|100/100
|-damage|p2a: Gus Fring|94/100|[from] Stealth Rock
|move|p1a: Victini|U-turn|p2a: Gus Fring
|-damage|p2a: Gus Fring|72/100
|-damage|p1a: Victini|88/100|[from] ability: Rough Skin|[of] p2a: Gus Fring
|j| ayayaplop
|
|t:|1655326387
|switch|p1a: Tapu Lele|Tapu Lele|100/100|[from]move: U-turn
|-fieldstart|move: Psychic Terrain|[from] ability: Psychic Surge|[of] p1a: Tapu Lele
|
|-heal|p2a: Gus Fring|78/100|[from] item: Leftovers
|upkeep
|turn|5
|
|t:|1655326390
|switch|p2a: Pentaghast|Corviknight, F, shiny|88/100
|-damage|p2a: Pentaghast|75/100|[from] Stealth Rock
|-ability|p2a: Pentaghast|Pressure
|move|p1a: Tapu Lele|Future Sight|p2a: Pentaghast
|-start|p1a: Tapu Lele|move: Future Sight
|
|upkeep
|turn|6
|
|t:|1655326395
|switch|p1a: Urshifu|Urshifu-Rapid-Strike, M|100/100
|move|p2a: Pentaghast|Defog|p1a: Urshifu
|-unboost|p1a: Urshifu|evasion|1
|-sideend|p2: BruceUganda|Stealth Rock|[from] move: Defog|[of] p2a: Pentaghast
|-fieldend|move: Psychic Terrain
|
|upkeep
|turn|7
|
|t:|1655326402
|move|p1a: Urshifu|U-turn|p2a: Pentaghast
|-resisted|p2a: Pentaghast
|-damage|p2a: Pentaghast|68/100
|-damage|p1a: Urshifu|84/100|[from] item: Rocky Helmet|[of] p2a: Pentaghast
|
|t:|1655326406
|switch|p1a: Landorus|Landorus-Therian, M|100/100|[from]move: U-turn
|-ability|p1a: Landorus|Intimidate|boost
|-unboost|p2a: Pentaghast|atk|1
|move|p2a: Pentaghast|Roost|p2a: Pentaghast
|-heal|p2a: Pentaghast|100/100
|-singleturn|p2a: Pentaghast|move: Roost
|
|-end|p2a: Pentaghast|move: Future Sight
|-resisted|p2a: Pentaghast
|-crit|p2a: Pentaghast
|-damage|p2a: Pentaghast|66/100
|upkeep
|turn|8
|
|t:|1655326410
|move|p1a: Landorus|Stealth Rock|p2a: Pentaghast
|-sidestart|p2: BruceUganda|move: Stealth Rock
|move|p2a: Pentaghast|Roost|p2a: Pentaghast
|-heal|p2a: Pentaghast|100/100
|-singleturn|p2a: Pentaghast|move: Roost
|
|upkeep
|turn|9
|
|t:|1655326414
|switch|p1a: Tapu Lele|Tapu Lele|100/100
|-fieldstart|move: Psychic Terrain|[from] ability: Psychic Surge|[of] p1a: Tapu Lele
|move|p2a: Pentaghast|Defog|p1a: Tapu Lele
|-unboost|p1a: Tapu Lele|evasion|1
|-sideend|p2: BruceUganda|Stealth Rock|[from] move: Defog|[of] p2a: Pentaghast
|-fieldend|move: Psychic Terrain
|
|upkeep
|turn|10
|
|t:|1655326416
|move|p1a: Tapu Lele|Future Sight|p2a: Pentaghast
|-start|p1a: Tapu Lele|move: Future Sight
|move|p2a: Pentaghast|U-turn|p1a: Tapu Lele
|-damage|p1a: Tapu Lele|84/100
|
|t:|1655326418
|switch|p2a: Gus Fring|Garchomp, M|78/100|[from]move: U-turn
|
|-heal|p2a: Gus Fring|85/100|[from] item: Leftovers
|upkeep
|turn|11
|
|t:|1655326421
|switch|p1a: Landorus|Landorus-Therian, M|100/100
|-ability|p1a: Landorus|Intimidate|boost
|-unboost|p2a: Gus Fring|atk|1
|move|p2a: Gus Fring|Stealth Rock|p1a: Landorus
|-sidestart|p1: 2(H2O)|move: Stealth Rock
|
|-heal|p2a: Gus Fring|91/100|[from] item: Leftovers
|upkeep
|turn|12
|
|t:|1655326427
|switch|p2a: Pentaghast|Corviknight, F, shiny|100/100
|-ability|p2a: Pentaghast|Pressure
|move|p1a: Landorus|Stealth Rock|p2a: Pentaghast
|-sidestart|p2: BruceUganda|move: Stealth Rock
|
|-end|p2a: Pentaghast|move: Future Sight
|-resisted|p2a: Pentaghast
|-damage|p2a: Pentaghast|79/100
|upkeep
|turn|13
|
|t:|1655326432
|switch|p1a: Dragonite|Dragonite, M|100/100
|move|p2a: Pentaghast|U-turn|p1a: Dragonite
|-resisted|p1a: Dragonite
|-damage|p1a: Dragonite|98/100
|
|t:|1655326437
|switch|p2a: Don Coryell|Dragapult, M|100/100|[from]move: U-turn
|-damage|p2a: Don Coryell|88/100|[from] Stealth Rock
|
|upkeep
|turn|14
|
|t:|1655326444
|switch|p1a: Landorus|Landorus-Therian, M|100/100
|-damage|p1a: Landorus|88/100|[from] Stealth Rock
|-ability|p1a: Landorus|Intimidate|boost
|-unboost|p2a: Don Coryell|atk|1
|move|p2a: Don Coryell|Shadow Ball|p1a: Landorus
|-damage|p1a: Landorus|50/100
|
|upkeep
|turn|15
|
|t:|1655326454
|switch|p2a: Pentaghast|Corviknight, F, shiny|79/100
|-damage|p2a: Pentaghast|66/100|[from] Stealth Rock
|-ability|p2a: Pentaghast|Pressure
|move|p1a: Landorus|U-turn|p2a: Pentaghast
|-resisted|p2a: Pentaghast
|-damage|p2a: Pentaghast|62/100
|-damage|p1a: Landorus|34/100|[from] item: Rocky Helmet|[of] p2a: Pentaghast
|
|t:|1655326462
|switch|p1a: Tapu Lele|Tapu Lele|84/100|[from]move: U-turn
|-damage|p1a: Tapu Lele|72/100|[from] Stealth Rock
|-fieldstart|move: Psychic Terrain|[from] ability: Psychic Surge|[of] p1a: Tapu Lele
|
|upkeep
|turn|16
|
|t:|1655326465
|move|p1a: Tapu Lele|Thunderbolt|p2a: Pentaghast
|-supereffective|p2a: Pentaghast
|-damage|p2a: Pentaghast|15/100
|move|p2a: Pentaghast|Roost|p2a: Pentaghast
|-heal|p2a: Pentaghast|65/100
|-singleturn|p2a: Pentaghast|move: Roost
|
|upkeep
|turn|17
|
|t:|1655326469
|move|p1a: Tapu Lele|Thunderbolt|p2a: Pentaghast
|-supereffective|p2a: Pentaghast
|-damage|p2a: Pentaghast|15/100
|move|p2a: Pentaghast|Roost|p2a: Pentaghast
|-heal|p2a: Pentaghast|65/100
|-singleturn|p2a: Pentaghast|move: Roost
|
|upkeep
|turn|18
|
|t:|1655326473
|move|p1a: Tapu Lele|Thunderbolt|p2a: Pentaghast
|-supereffective|p2a: Pentaghast
|-damage|p2a: Pentaghast|22/100
|move|p2a: Pentaghast|Roost|p2a: Pentaghast
|-heal|p2a: Pentaghast|72/100
|-singleturn|p2a: Pentaghast|move: Roost
|
|upkeep
|turn|19
|
|t:|1655326478
|switch|p1a: Victini|Victini|88/100
|move|p2a: Pentaghast|Roost|p2a: Pentaghast
|-heal|p2a: Pentaghast|100/100
|-singleturn|p2a: Pentaghast|move: Roost
|
|-fieldend|move: Psychic Terrain
|upkeep
|turn|20
|
|t:|1655326486
|switch|p1a: Urshifu|Urshifu-Rapid-Strike, M|84/100
|-damage|p1a: Urshifu|78/100|[from] Stealth Rock
|switch|p2a: Gus Fring|Garchomp, M|91/100
|-damage|p2a: Gus Fring|85/100|[from] Stealth Rock
|
|-heal|p2a: Gus Fring|91/100|[from] item: Leftovers
|upkeep
|turn|21
|
|t:|1655326491
|move|p2a: Gus Fring|Earthquake|p1a: Urshifu
|-damage|p1a: Urshifu|21/100
|move|p1a: Urshifu|Close Combat|p2a: Gus Fring
|-damage|p2a: Gus Fring|0 fnt
|-unboost|p1a: Urshifu|def|1
|-unboost|p1a: Urshifu|spd|1
|-damage|p1a: Urshifu|9/100|[from] ability: Rough Skin|[of] p2a: Gus Fring
|faint|p2a: Gus Fring
|
|upkeep
|
|t:|1655326501
|switch|p2a: Lebron|Slowking-Galar, M, shiny|100/100
|-damage|p2a: Lebron|88/100|[from] Stealth Rock
|turn|22
|
|t:|1655326505
|switch|p1a: Landorus|Landorus-Therian, M|34/100
|-damage|p1a: Landorus|21/100|[from] Stealth Rock
|-ability|p1a: Landorus|Intimidate|boost
|-unboost|p2a: Lebron|atk|1
|move|p2a: Lebron|Future Sight|p1a: Landorus
|-start|p2a: Lebron|move: Future Sight
|
|-heal|p2a: Lebron|94/100|[from] item: Black Sludge
|upkeep
|turn|23
|
|t:|1655326509
|switch|p2a: Pentaghast|Corviknight, F, shiny|100/100
|-damage|p2a: Pentaghast|88/100|[from] Stealth Rock
|-ability|p2a: Pentaghast|Pressure
|move|p1a: Landorus|U-turn|p2a: Pentaghast
|-resisted|p2a: Pentaghast
|-damage|p2a: Pentaghast|84/100
|-damage|p1a: Landorus|5/100|[from] item: Rocky Helmet|[of] p2a: Pentaghast
|
|t:|1655326512
|switch|p1a: Victini|Victini|88/100|[from]move: U-turn
|
|upkeep
|turn|24
|
|t:|1655326519
|move|p1a: Victini|Bolt Strike|p2a: Pentaghast
|-supereffective|p2a: Pentaghast
|-damage|p2a: Pentaghast|18/100
|-status|p2a: Pentaghast|par
|-damage|p1a: Victini|72/100|[from] item: Rocky Helmet|[of] p2a: Pentaghast
|move|p2a: Pentaghast|Roost|p2a: Pentaghast
|-heal|p2a: Pentaghast|68/100 par
|-singleturn|p2a: Pentaghast|move: Roost
|
|-end|p1a: Victini|move: Future Sight
|-resisted|p1a: Victini
|-damage|p1a: Victini|39/100
|upkeep
|turn|25
|
|t:|1655326533
|switch|p2a: Big Smoke|Bewear, M|100/100
|-damage|p2a: Big Smoke|94/100|[from] Stealth Rock
|move|p1a: Victini|Bolt Strike|p2a: Big Smoke|[miss]
|-miss|p1a: Victini|p2a: Big Smoke
|
|-heal|p2a: Big Smoke|100/100|[from] item: Leftovers
|upkeep
|turn|26
|
|t:|1655326541
|move|p1a: Victini|Expanding Force|p2a: Big Smoke
|-supereffective|p2a: Big Smoke
|-damage|p2a: Big Smoke|33/100
|move|p2a: Big Smoke|Substitute|p2a: Big Smoke
|-start|p2a: Big Smoke|Substitute
|-damage|p2a: Big Smoke|8/100
|
|-heal|p2a: Big Smoke|14/100|[from] item: Leftovers
|upkeep
|turn|27
|
|t:|1655326549
|move|p1a: Victini|U-turn|p2a: Big Smoke
|-resisted|p2a: Big Smoke
|-activate|p2a: Big Smoke|move: Substitute|[damage]
|
|t:|1655326552
|switch|p1a: Landorus|Landorus-Therian, M|5/100|[from]move: U-turn
|-damage|p1a: Landorus|0 fnt|[from] Stealth Rock
|faint|p1a: Landorus
|move|p2a: Big Smoke|Earthquake|p1: Landorus|[notarget]
|-fail|p2a: Big Smoke
|
|-heal|p2a: Big Smoke|20/100|[from] item: Leftovers
|upkeep
|
|t:|1655326554
|switch|p1a: Urshifu|Urshifu-Rapid-Strike, M|9/100
|-damage|p1a: Urshifu|3/100|[from] Stealth Rock
|turn|28
|j| Brunehyldr
|
|t:|1655326563
|move|p1a: Urshifu|U-turn|p2a: Big Smoke
|-resisted|p2a: Big Smoke
|-activate|p2a: Big Smoke|move: Substitute|[damage]
|
|t:|1655326567
|switch|p1a: Melmetal|Melmetal|87/100|[from]move: U-turn
|-damage|p1a: Melmetal|81/100|[from] Stealth Rock
|move|p2a: Big Smoke|Drain Punch|p1a: Melmetal
|-supereffective|p1a: Melmetal
|-damage|p1a: Melmetal|41/100
|-heal|p2a: Big Smoke|40/100|[from] drain|[of] p1a: Melmetal
|
|-heal|p2a: Big Smoke|46/100|[from] item: Leftovers
|upkeep
|turn|29
|
|t:|1655326576
|move|p2a: Big Smoke|Bulk Up|p2a: Big Smoke
|-boost|p2a: Big Smoke|atk|1
|-boost|p2a: Big Smoke|def|1
|move|p1a: Melmetal|Double Iron Bash|p2a: Big Smoke
|-activate|p2a: Big Smoke|move: Substitute|[damage]
|-end|p2a: Big Smoke|Substitute
|-hitcount|p2a: Big Smoke|2
|
|-heal|p2a: Big Smoke|52/100|[from] item: Leftovers
|upkeep
|turn|30
|
|t:|1655326584
|move|p2a: Big Smoke|Substitute|p2a: Big Smoke
|-start|p2a: Big Smoke|Substitute
|-damage|p2a: Big Smoke|27/100
|move|p1a: Melmetal|Double Iron Bash|p2a: Big Smoke
|-activate|p2a: Big Smoke|move: Substitute|[damage]
|-activate|p2a: Big Smoke|move: Substitute|[damage]
|-hitcount|p2a: Big Smoke|2
|
|-heal|p2a: Big Smoke|33/100|[from] item: Leftovers
|upkeep
|turn|31
|
|t:|1655326590
|move|p2a: Big Smoke|Drain Punch|p1a: Melmetal
|-supereffective|p1a: Melmetal
|-damage|p1a: Melmetal|0 fnt
|-heal|p2a: Big Smoke|54/100|[from] drain|[of] p1a: Melmetal
|faint|p1a: Melmetal
|
|-heal|p2a: Big Smoke|60/100|[from] item: Leftovers
|upkeep
|
|t:|1655326593
|switch|p1a: Dragonite|Dragonite, M|98/100
|turn|32
|
|t:|1655326597
|move|p1a: Dragonite|Defog|p2a: Big Smoke
|-sideend|p2: BruceUganda|Stealth Rock|[from] move: Defog|[of] p1a: Dragonite
|-sideend|p1: 2(H2O)|Stealth Rock|[from] move: Defog|[of] p1a: Dragonite
|move|p2a: Big Smoke|Drain Punch|p1a: Dragonite
|-resisted|p1a: Dragonite
|-damage|p1a: Dragonite|78/100
|-heal|p2a: Big Smoke|68/100|[from] drain|[of] p1a: Dragonite
|
|-heal|p2a: Big Smoke|74/100|[from] item: Leftovers
|upkeep
|turn|33
|-message|2(H2O) forfeited.
|
|win|BruceUganda
|raw|2(H2O)'s rating: 1720 &rarr; <strong>1706</strong><br />(-14 for losing)
|raw|BruceUganda's rating: 1827 &rarr; <strong>1841</strong><br />(+14 for winning)
|l|☆2(H2O)
|c|☆BruceUganda|Gg
|l|☆BruceUganda
|l| ayayaplop
||Ladder isn't responding, score probably updated but might not have (Request timeout).
