|j|☆IM AT MY LIMIT
|j|☆OU make me yawn ¤
|t:|1617340426
|gametype|singles
|player|p1|IM AT MY LIMIT|dawn|
|player|p2|OU make me yawn ¤|nate|
|teamsize|p1|6
|teamsize|p2|6
|gen|8
|tier|[Gen 8] OU
|clearpoke
|poke|p1|Avalugg, M|
|poke|p1|Clefable, F|
|poke|p1|Xatu, F|
|poke|p1|Hydreigon, F|
|poke|p1|Heatran, M|
|poke|p1|Toxapex, M|
|poke|p2|Tyranitar, M|
|poke|p2|Excadrill, F|
|poke|p2|Reuniclus, F|
|poke|p2|Buzzwole|
|poke|p2|Zapdos|
|poke|p2|Clefable, M|
|rule|Sleep Clause Mod: Limit one foe put to sleep
|rule|Species Clause: Limit one of each Pokémon
|rule|OHKO Clause: OHKO moves are banned
|rule|Evasion Moves Clause: Evasion moves are banned
|rule|Endless Battle Clause: Forcing endless battles is banned
|rule|HP Percentage Mod: HP is shown in percentages
|rule|Dynamax Clause: You cannot dynamax
|teampreview
|inactive|Battle timer is ON: inactive players will automatically lose when time's up. (requested by OU make me yawn ¤)
|inactive|IM AT MY LIMIT has 270 seconds left.
|inactive|OU make me yawn ¤ has 270 seconds left.
|
|t:|1617340482
|start
|switch|p1a: harold|Heatran, M|100/100
|switch|p2a: 💃|Tyranitar, M|100/100
|-weather|Sandstorm|[from] ability: Sand Stream|[of] p2a: 💃
|turn|1
|
|t:|1617340489
|switch|p1a: ur mom|Xatu, F|100/100
|move|p2a: 💃|Stealth Rock|p1a: ur mom
|move|p1a: ur mom|Stealth Rock|p2a: 💃|[from]ability: Magic Bounce
|-sidestart|p2: OU make me yawn ¤|move: Stealth Rock
|
|-weather|Sandstorm|[upkeep]
|-damage|p1a: ur mom|95/100|[from] Sandstorm
|-heal|p1a: ur mom|100/100|[from] item: Leftovers
|upkeep
|turn|2
|
|t:|1617340497
|switch|p2a: DJoe Trump|Zapdos|100/100
|move|p1a: ur mom|Teleport|p1a: ur mom
|
|t:|1617340512
|switch|p1a: Trolled|Avalugg, M|100/100|[from]move: Teleport
|
|-weather|Sandstorm|[upkeep]
|-damage|p2a: DJoe Trump|94/100|[from] Sandstorm
|-damage|p1a: Trolled|94/100|[from] Sandstorm
|upkeep
|turn|3
|
|t:|1617340519
|switch|p1a: harold|Heatran, M|100/100
|move|p2a: DJoe Trump|Heat Wave|p1a: harold
|-start|p1a: harold|ability: Flash Fire
|
|-weather|Sandstorm|[upkeep]
|-damage|p2a: DJoe Trump|88/100|[from] Sandstorm
|upkeep
|turn|4
|
|t:|1617340532
|switch|p2a: 💃|Tyranitar, M|100/100
|-damage|p2a: 💃|88/100|[from] Stealth Rock
|move|p1a: harold|Magma Storm|p2a: 💃
|-resisted|p2a: 💃
|-damage|p2a: 💃|73/100
|-activate|p2a: 💃|move: Magma Storm|[of] p1a: harold
|
|-weather|Sandstorm|[upkeep]
|-heal|p2a: 💃|79/100|[from] item: Leftovers
|-damage|p2a: 💃|67/100|[from] move: Magma Storm|[partiallytrapped]
|upkeep
|turn|5
|
|t:|1617340540
|-end|p1a: harold|ability: Flash Fire|[silent]
|switch|p1a: NASTY!!!!!!!|Hydreigon, F|100/100
|move|p2a: 💃|Earthquake|p1a: NASTY!!!!!!!
|-immune|p1a: NASTY!!!!!!!|[from] ability: Levitate
|
|-weather|none
|-heal|p2a: 💃|73/100|[from] item: Leftovers
|-end|p2a: 💃|Magma Storm|[partiallytrapped]|[silent]
|upkeep
|turn|6
|
|t:|1617340551
|switch|p1a: Trolled|Avalugg, M|94/100
|switch|p2a: DJoe Trump|Zapdos|88/100
|
|upkeep
|turn|7
|
|t:|1617340556
|move|p2a: DJoe Trump|Defog|p1a: Trolled
|-unboost|p1a: Trolled|evasion|1
|-sideend|p2: OU make me yawn ¤|Stealth Rock|[from] move: Defog|[of] p2a: DJoe Trump
|move|p1a: Trolled|Toxic|p2a: DJoe Trump
|-status|p2a: DJoe Trump|tox
|
|-damage|p2a: DJoe Trump|82/100 tox|[from] psn
|upkeep
|turn|8
|
|t:|1617340564
|switch|p2a: 👨‍👩‍👦‍👦|Clefable, M|100/100
|switch|p1a: harold|Heatran, M|100/100
|
|upkeep
|turn|9
|
|t:|1617340574
|switch|p2a: 💃|Tyranitar, M|73/100
|-weather|Sandstorm|[from] ability: Sand Stream|[of] p2a: 💃
|move|p1a: harold|Stealth Rock|p2a: 💃
|-sidestart|p2: OU make me yawn ¤|move: Stealth Rock
|
|-weather|Sandstorm|[upkeep]
|-heal|p2a: 💃|79/100|[from] item: Leftovers
|upkeep
|turn|10
|
|t:|1617340586
|switch|p1a: Trolled|Avalugg, M|94/100
|move|p2a: 💃|Earthquake|p1a: Trolled
|-damage|p1a: Trolled|82/100
|
|-weather|Sandstorm|[upkeep]
|-damage|p1a: Trolled|76/100|[from] Sandstorm
|-heal|p2a: 💃|86/100|[from] item: Leftovers
|upkeep
|turn|11
|
|t:|1617340596
|switch|p2a: DaBaby|Reuniclus, F|100/100
|move|p1a: Trolled|Body Press|p2a: DaBaby
|-resisted|p2a: DaBaby
|-damage|p2a: DaBaby|87/100
|
|-weather|Sandstorm|[upkeep]
|-damage|p1a: Trolled|70/100|[from] Sandstorm
|-heal|p2a: DaBaby|93/100|[from] item: Leftovers
|upkeep
|turn|12
|
|t:|1617340610
|switch|p1a: Asshole|Toxapex, M|100/100
|move|p2a: DaBaby|Calm Mind|p2a: DaBaby
|-boost|p2a: DaBaby|spa|1
|-boost|p2a: DaBaby|spd|1
|
|-weather|Sandstorm|[upkeep]
|-damage|p1a: Asshole|94/100|[from] Sandstorm
|-heal|p2a: DaBaby|99/100|[from] item: Leftovers
|upkeep
|turn|13
|
|t:|1617340624
|move|p2a: DaBaby|Psyshock|p1a: Asshole
|-supereffective|p1a: Asshole
|-damage|p1a: Asshole|32/100
|move|p1a: Asshole|Recover|p1a: Asshole
|-heal|p1a: Asshole|82/100
|
|-weather|none
|-heal|p2a: DaBaby|100/100|[from] item: Leftovers
|upkeep
|turn|14
|c|☆IM AT MY LIMIT|oh
|
|t:|1617340641
|switch|p1a: ASS|Clefable, F|100/100
|move|p2a: DaBaby|Calm Mind|p2a: DaBaby
|-boost|p2a: DaBaby|spa|1
|-boost|p2a: DaBaby|spd|1
|
|upkeep
|turn|15
|inactive|OU make me yawn ¤ has 270 seconds left.
|inactive|IM AT MY LIMIT has 270 seconds left.
|
|t:|1617340673
|move|p1a: ASS|Calm Mind|p1a: ASS
|-boost|p1a: ASS|spa|1
|-boost|p1a: ASS|spd|1
|move|p2a: DaBaby|Psyshock|p1a: ASS
|-damage|p1a: ASS|73/100
|
|upkeep
|turn|16
|
|t:|1617340681
|switch|p2a: The grave digger|Excadrill, F|100/100
|-damage|p2a: The grave digger|97/100|[from] Stealth Rock
|move|p1a: ASS|Moonblast|p2a: The grave digger
|-resisted|p2a: The grave digger
|-damage|p2a: The grave digger|64/100
|-unboost|p2a: The grave digger|spa|1
|
|-heal|p2a: The grave digger|70/100|[from] item: Leftovers
|upkeep
|turn|17
|inactive|OU make me yawn ¤ has 270 seconds left.
|
|t:|1617340700
|switch|p1a: NASTY!!!!!!!|Hydreigon, F|100/100
|move|p2a: The grave digger|Iron Head|p1a: NASTY!!!!!!!
|-damage|p1a: NASTY!!!!!!!|70/100
|
|-heal|p2a: The grave digger|76/100|[from] item: Leftovers
|-heal|p1a: NASTY!!!!!!!|76/100|[from] item: Leftovers
|upkeep
|turn|18
|inactive|OU make me yawn ¤ has 270 seconds left.
|
|t:|1617340710
|switch|p2a: 👨‍👩‍👦‍👦|Clefable, M|100/100
|move|p1a: NASTY!!!!!!!|Earth Power|p2a: 👨‍👩‍👦‍👦
|-damage|p2a: 👨‍👩‍👦‍👦|78/100
|
|-heal|p1a: NASTY!!!!!!!|82/100|[from] item: Leftovers
|upkeep
|turn|19
|
|t:|1617340729
|switch|p1a: Asshole|Toxapex, M|100/100
|move|p2a: 👨‍👩‍👦‍👦|Heal Bell|p2a: 👨‍👩‍👦‍👦
|-activate|p2a: 👨‍👩‍👦‍👦|move: Heal Bell
|-curestatus|p2: DJoe Trump|tox|[msg]
|
|upkeep
|turn|20
|
|t:|1617340735
|switch|p2a: DJoe Trump|Zapdos|82/100
|switch|p1a: harold|Heatran, M|100/100
|
|upkeep
|turn|21
|inactive|IM AT MY LIMIT has 270 seconds left.
|inactive|IM AT MY LIMIT has 240 seconds left.
|inactive|IM AT MY LIMIT has 210 seconds left.
|
|t:|1617340826
|switch|p2a: 💃|Tyranitar, M|86/100
|-damage|p2a: 💃|73/100|[from] Stealth Rock
|-weather|Sandstorm|[from] ability: Sand Stream|[of] p2a: 💃
|move|p1a: harold|Earth Power|p2a: 💃
|-supereffective|p2a: 💃
|-damage|p2a: 💃|50/100
|
|-weather|Sandstorm|[upkeep]
|-heal|p2a: 💃|56/100|[from] item: Leftovers
|upkeep
|turn|22
|inactive|IM AT MY LIMIT has 210 seconds left.
|c|☆OU make me yawn ¤|how many have boots
|inactive|IM AT MY LIMIT has 180 seconds left.
|
|t:|1617340890
|move|p1a: harold|Magma Storm|p2a: 💃
|-resisted|p2a: 💃
|-damage|p2a: 💃|47/100
|-activate|p2a: 💃|move: Magma Storm|[of] p1a: harold
|move|p2a: 💃|Stealth Rock|p1a: harold
|-sidestart|p1: IM AT MY LIMIT|move: Stealth Rock
|
|-weather|Sandstorm|[upkeep]
|-heal|p2a: 💃|53/100|[from] item: Leftovers
|-damage|p2a: 💃|40/100|[from] move: Magma Storm|[partiallytrapped]
|upkeep
|turn|23
|c|☆IM AT MY LIMIT|????
|
|t:|1617340909
|switch|p1a: Trolled|Avalugg, M|70/100
|move|p2a: 💃|Rest|p2a: 💃
|-status|p2a: 💃|slp|[from] move: Rest
|-heal|p2a: 💃|100/100 slp|[silent]
|
|-weather|Sandstorm|[upkeep]
|-damage|p1a: Trolled|63/100|[from] Sandstorm
|-end|p2a: 💃|Magma Storm|[partiallytrapped]|[silent]
|upkeep
|turn|24
|
|t:|1617340914
|switch|p2a: DJoe Trump|Zapdos|82/100
|move|p1a: Trolled|Body Press|p2a: DJoe Trump
|-resisted|p2a: DJoe Trump
|-damage|p2a: DJoe Trump|68/100
|
|-weather|Sandstorm|[upkeep]
|-damage|p2a: DJoe Trump|62/100|[from] Sandstorm
|-damage|p1a: Trolled|57/100|[from] Sandstorm
|upkeep
|turn|25
|
|t:|1617340922
|switch|p1a: harold|Heatran, M|100/100
|-damage|p1a: harold|88/100|[from] Stealth Rock
|move|p2a: DJoe Trump|Defog|p1a: harold
|-unboost|p1a: harold|evasion|1
|-sideend|p1: IM AT MY LIMIT|Stealth Rock|[from] move: Defog|[of] p2a: DJoe Trump
|-sideend|p2: OU make me yawn ¤|Stealth Rock|[from] move: Defog|[of] p2a: DJoe Trump
|
|-weather|none
|-heal|p1a: harold|94/100|[from] item: Leftovers
|upkeep
|turn|26
|inactive|IM AT MY LIMIT has 180 seconds left.
|
|t:|1617340943
|switch|p2a: The grave digger|Excadrill, F|76/100
|move|p1a: harold|Stealth Rock|p2a: The grave digger
|-sidestart|p2: OU make me yawn ¤|move: Stealth Rock
|
|-heal|p2a: The grave digger|82/100|[from] item: Leftovers
|-heal|p1a: harold|100/100|[from] item: Leftovers
|upkeep
|turn|27
|
|t:|1617340956
|switch|p1a: NASTY!!!!!!!|Hydreigon, F|82/100
|move|p2a: The grave digger|Rapid Spin|p1a: NASTY!!!!!!!
|-crit|p1a: NASTY!!!!!!!
|-damage|p1a: NASTY!!!!!!!|62/100
|-boost|p2a: The grave digger|spe|1
|-sideend|p2: OU make me yawn ¤|Stealth Rock|[from] move: Rapid Spin|[of] p2a: The grave digger
|
|-heal|p2a: The grave digger|89/100|[from] item: Leftovers
|-heal|p1a: NASTY!!!!!!!|68/100|[from] item: Leftovers
|upkeep
|turn|28
|
|t:|1617340964
|switch|p2a: DJoe Trump|Zapdos|62/100
|move|p1a: NASTY!!!!!!!|Earth Power|p2a: DJoe Trump
|-immune|p2a: DJoe Trump
|
|-heal|p1a: NASTY!!!!!!!|74/100|[from] item: Leftovers
|upkeep
|turn|29
|inactive|IM AT MY LIMIT has 180 seconds left.
|
|t:|1617340972
|switch|p1a: harold|Heatran, M|100/100
|move|p2a: DJoe Trump|Roost|p2a: DJoe Trump
|-heal|p2a: DJoe Trump|100/100
|-singleturn|p2a: DJoe Trump|move: Roost
|
|upkeep
|turn|30
|inactive|IM AT MY LIMIT has 180 seconds left.
|inactive|OU make me yawn ¤ has 270 seconds left.
|inactive|IM AT MY LIMIT has 150 seconds left.
|
|t:|1617341023
|switch|p2a: 💃|Tyranitar, M|100/100 slp
|-weather|Sandstorm|[from] ability: Sand Stream|[of] p2a: 💃
|switch|p1a: Trolled|Avalugg, M|57/100
|
|-weather|Sandstorm|[upkeep]
|-damage|p1a: Trolled|51/100|[from] Sandstorm
|upkeep
|turn|31
|
|t:|1617341031
|switch|p2a: 👨‍👩‍👦‍👦|Clefable, M|78/100
|move|p1a: Trolled|Recover|p1a: Trolled
|-heal|p1a: Trolled|100/100
|
|-weather|Sandstorm|[upkeep]
|-damage|p2a: 👨‍👩‍👦‍👦|72/100|[from] Sandstorm
|-damage|p1a: Trolled|94/100|[from] Sandstorm
|upkeep
|turn|32
|inactive|IM AT MY LIMIT has 150 seconds left.
|
|t:|1617341053
|switch|p1a: Asshole|Toxapex, M|100/100
|move|p2a: 👨‍👩‍👦‍👦|Knock Off|p1a: Asshole
|-damage|p1a: Asshole|92/100
|-enditem|p1a: Asshole|Shed Shell|[from] move: Knock Off|[of] p2a: 👨‍👩‍👦‍👦
|
|-weather|Sandstorm|[upkeep]
|-damage|p2a: 👨‍👩‍👦‍👦|66/100|[from] Sandstorm
|-damage|p1a: Asshole|85/100|[from] Sandstorm
|upkeep
|turn|33
|inactive|OU make me yawn ¤ has 270 seconds left.
|
|t:|1617341070
|switch|p2a: DaBaby|Reuniclus, F|100/100
|move|p1a: Asshole|Knock Off|p2a: DaBaby
|-supereffective|p2a: DaBaby
|-damage|p2a: DaBaby|78/100
|-enditem|p2a: DaBaby|Leftovers|[from] move: Knock Off|[of] p1a: Asshole
|
|-weather|Sandstorm|[upkeep]
|-damage|p1a: Asshole|79/100|[from] Sandstorm
|upkeep
|turn|34
|
|t:|1617341080
|move|p2a: DaBaby|Calm Mind|p2a: DaBaby
|-boost|p2a: DaBaby|spa|1
|-boost|p2a: DaBaby|spd|1
|move|p1a: Asshole|Toxic Spikes|p2a: DaBaby
|-sidestart|p2: OU make me yawn ¤|move: Toxic Spikes
|
|-weather|none
|upkeep
|turn|35
|
|t:|1617341085
|switch|p2a: DJoe Trump|Zapdos|100/100
|move|p1a: Asshole|Haze|p1a: Asshole
|-clearallboost
|
|upkeep
|turn|36
|inactive|IM AT MY LIMIT has 150 seconds left.
|
|t:|1617341094
|switch|p1a: NASTY!!!!!!!|Hydreigon, F|74/100
|move|p2a: DJoe Trump|Defog|p1a: NASTY!!!!!!!
|-unboost|p1a: NASTY!!!!!!!|evasion|1
|-sideend|p2: OU make me yawn ¤|Toxic Spikes|[from] move: Defog|[of] p2a: DJoe Trump
|
|-heal|p1a: NASTY!!!!!!!|80/100|[from] item: Leftovers
|upkeep
|turn|37
|inactive|IM AT MY LIMIT has 150 seconds left.
|
|t:|1617341108
|switch|p2a: Game stop stock|Buzzwole|100/100
|move|p1a: NASTY!!!!!!!|Dark Pulse|p2a: Game stop stock
|-resisted|p2a: Game stop stock
|-damage|p2a: Game stop stock|77/100
|
|-heal|p1a: NASTY!!!!!!!|87/100|[from] item: Leftovers
|upkeep
|turn|38
|inactive|IM AT MY LIMIT has 150 seconds left.
|
|t:|1617341124
|switch|p1a: Asshole|Toxapex, M|100/100
|move|p2a: Game stop stock|Toxic|p1a: Asshole
|-immune|p1a: Asshole
|
|upkeep
|turn|39
|inactive|IM AT MY LIMIT has 150 seconds left.
|
|t:|1617341133
|switch|p2a: DaBaby|Reuniclus, F|78/100
|move|p1a: Asshole|Toxic Spikes|p2a: DaBaby
|-sidestart|p2: OU make me yawn ¤|move: Toxic Spikes
|
|upkeep
|turn|40
|
|t:|1617341148
|switch|p2a: 💃|Tyranitar, M|100/100 slp
|-weather|Sandstorm|[from] ability: Sand Stream|[of] p2a: 💃
|switch|p1a: NASTY!!!!!!!|Hydreigon, F|87/100
|
|-weather|Sandstorm|[upkeep]
|-damage|p1a: NASTY!!!!!!!|80/100|[from] Sandstorm
|-heal|p1a: NASTY!!!!!!!|87/100|[from] item: Leftovers
|upkeep
|turn|41
|
|t:|1617341155
|switch|p2a: 👨‍👩‍👦‍👦|Clefable, M|66/100
|move|p1a: NASTY!!!!!!!|Earth Power|p2a: 👨‍👩‍👦‍👦
|-damage|p2a: 👨‍👩‍👦‍👦|44/100
|
|-weather|Sandstorm|[upkeep]
|-damage|p1a: NASTY!!!!!!!|80/100|[from] Sandstorm
|-damage|p2a: 👨‍👩‍👦‍👦|38/100|[from] Sandstorm
|-heal|p1a: NASTY!!!!!!!|87/100|[from] item: Leftovers
|upkeep
|turn|42
|
|t:|1617341168
|switch|p1a: Asshole|Toxapex, M|100/100
|move|p2a: 👨‍👩‍👦‍👦|Soft-Boiled|p2a: 👨‍👩‍👦‍👦
|-heal|p2a: 👨‍👩‍👦‍👦|88/100
|
|-weather|Sandstorm|[upkeep]
|-damage|p2a: 👨‍👩‍👦‍👦|82/100|[from] Sandstorm
|-damage|p1a: Asshole|94/100|[from] Sandstorm
|upkeep
|turn|43
|inactive|IM AT MY LIMIT has 150 seconds left.
|
|t:|1617341194
|switch|p2a: DaBaby|Reuniclus, F|78/100
|-status|p2a: DaBaby|psn
|move|p1a: Asshole|Knock Off|p2a: DaBaby
|-supereffective|p2a: DaBaby
|-damage|p2a: DaBaby|65/100 psn
|
|-weather|Sandstorm|[upkeep]
|-damage|p1a: Asshole|88/100|[from] Sandstorm
|upkeep
|turn|44
|inactive|IM AT MY LIMIT has 150 seconds left.
|
|t:|1617341206
|move|p2a: DaBaby|Recover|p2a: DaBaby
|-heal|p2a: DaBaby|100/100 psn
|move|p1a: Asshole|Toxic Spikes|p2a: DaBaby
|-sidestart|p2: OU make me yawn ¤|move: Toxic Spikes
|
|-weather|none
|upkeep
|turn|45
|inactive|IM AT MY LIMIT has 150 seconds left.
|
|t:|1617341227
|switch|p1a: ASS|Clefable, F|73/100
|move|p2a: DaBaby|Calm Mind|p2a: DaBaby
|-boost|p2a: DaBaby|spa|1
|-boost|p2a: DaBaby|spd|1
|
|upkeep
|turn|46
|
|t:|1617341239
|switch|p2a: The grave digger|Excadrill, F|89/100
|move|p1a: ASS|Calm Mind|p1a: ASS
|-boost|p1a: ASS|spa|1
|-boost|p1a: ASS|spd|1
|
|-heal|p2a: The grave digger|95/100|[from] item: Leftovers
|upkeep
|turn|47
|
|t:|1617341253
|switch|p1a: Asshole|Toxapex, M|100/100
|move|p2a: The grave digger|Rapid Spin|p1a: Asshole
|-damage|p1a: Asshole|90/100
|-boost|p2a: The grave digger|spe|1
|-sideend|p2: OU make me yawn ¤|Toxic Spikes|[from] move: Rapid Spin|[of] p2a: The grave digger
|
|-heal|p2a: The grave digger|100/100|[from] item: Leftovers
|upkeep
|turn|48
|
|t:|1617341262
|switch|p1a: NASTY!!!!!!!|Hydreigon, F|87/100
|move|p2a: The grave digger|Swords Dance|p2a: The grave digger
|-boost|p2a: The grave digger|atk|2
|
|-heal|p1a: NASTY!!!!!!!|93/100|[from] item: Leftovers
|upkeep
|turn|49
|inactive|IM AT MY LIMIT has 150 seconds left.
|c|☆OU make me yawn ¤|Wait wait
|c|☆OU make me yawn ¤|does this kill
|inactive|OU make me yawn ¤ has 270 seconds left.
|inactive|IM AT MY LIMIT has 120 seconds left.
|c|☆IM AT MY LIMIT|too lazy to even try and calc
|inactive|OU make me yawn ¤ has 240 seconds left.
|inactive|IM AT MY LIMIT has 90 seconds left.
|inactive|OU make me yawn ¤ has 210 seconds left.
|inactive|IM AT MY LIMIT has 60 seconds left.
|c|☆OU make me yawn ¤|doing calc wait
|inactive|OU make me yawn ¤ has 180 seconds left.
|inactive|OU make me yawn ¤ has 150 seconds left.
|inactive|OU make me yawn ¤ has 120 seconds left.
|c|☆OU make me yawn ¤|+2 252 Atk Excadrill Iron Head vs. 164 HP / 252 Def Hydreigon: 228-268 (62.2 - 73.2%) -- guaranteed 2HKO after Leftovers recovery
|n|☆OU make me yawn ¤|oumakemeyawn
|c|☆OU make me yawn ¤|flinch
|inactive|OU make me yawn ¤ has 90 seconds left.
|c|☆IM AT MY LIMIT|fair enough
|
|t:|1617341503
|move|p2a: The grave digger|Iron Head|p1a: NASTY!!!!!!!
|-damage|p1a: NASTY!!!!!!!|30/100
|cant|p1a: NASTY!!!!!!!|flinch
|
|-heal|p1a: NASTY!!!!!!!|36/100|[from] item: Leftovers
|upkeep
|turn|50
|c|☆OU make me yawn ¤|LOL
|inactive|IM AT MY LIMIT has 60 seconds left.
|inactive|OU make me yawn ¤ has 60 seconds left.
|c|☆IM AT MY LIMIT|Dick move game LOL
|inactive|IM AT MY LIMIT has 30 seconds left.
|c|☆IM AT MY LIMIT|do i just lose
|c|☆IM AT MY LIMIT|wtf
|inactive|IM AT MY LIMIT has 20 seconds left.
|
|t:|1617341555
|move|p2a: The grave digger|Iron Head|p1a: NASTY!!!!!!!
|-damage|p1a: NASTY!!!!!!!|0 fnt
|faint|p1a: NASTY!!!!!!!
|
|upkeep
|inactive|IM AT MY LIMIT has 25 seconds left this turn.
|inactive|IM AT MY LIMIT has 20 seconds left.
|inactive|IM AT MY LIMIT has 15 seconds left.
|inactive|IM AT MY LIMIT has 10 seconds left.
|
|t:|1617341574
|switch|p1a: Trolled|Avalugg, M|94/100
|turn|51
|inactive|IM AT MY LIMIT has 20 seconds left this turn.
|inactive|IM AT MY LIMIT has 15 seconds left.
|inactiveoff|Battle timer is now OFF.
|c|☆IM AT MY LIMIT|BRUH WE GET 6-0 BY EXCA
|c|☆OU make me yawn ¤|go tell star LOL
|c|☆IM AT MY LIMIT|did
|
|t:|1617341744
|move|p2a: The grave digger|Iron Head|p1a: Trolled
|-supereffective|p1a: Trolled
|-damage|p1a: Trolled|20/100
|move|p1a: Trolled|Body Press|p2a: The grave digger
|-supereffective|p2a: The grave digger
|-damage|p2a: The grave digger|0 fnt
|faint|p2a: The grave digger
|
|upkeep
|c|☆OU make me yawn ¤|WHAT
|c|☆IM AT MY LIMIT|OH
|c|☆IM AT MY LIMIT|513 def comes in handy
|c|☆OU make me yawn ¤|wincon gone
|c|☆OU make me yawn ¤|ovah
|c|☆OU make me yawn ¤|wait nvm
|c|☆IM AT MY LIMIT|tran stupid
|
|t:|1617341815
|switch|p2a: DJoe Trump|Zapdos|100/100
|turn|52
|
|t:|1617341827
|switch|p1a: harold|Heatran, M|100/100
|move|p2a: DJoe Trump|Discharge|p1a: harold
|-damage|p1a: harold|80/100
|
|-heal|p1a: harold|86/100|[from] item: Leftovers
|upkeep
|turn|53
|
|t:|1617341835
|switch|p2a: 💃|Tyranitar, M|100/100 slp
|-weather|Sandstorm|[from] ability: Sand Stream|[of] p2a: 💃
|move|p1a: harold|Magma Storm|p2a: 💃
|-resisted|p2a: 💃
|-damage|p2a: 💃|92/100 slp
|-activate|p2a: 💃|move: Magma Storm|[of] p1a: harold
|
|-weather|Sandstorm|[upkeep]
|-heal|p1a: harold|92/100|[from] item: Leftovers
|-heal|p2a: 💃|98/100 slp|[from] item: Leftovers
|-damage|p2a: 💃|86/100 slp|[from] move: Magma Storm|[partiallytrapped]
|upkeep
|turn|54
|
|t:|1617341860
|switch|p1a: Trolled|Avalugg, M|20/100
|cant|p2a: 💃|slp
|
|-weather|Sandstorm|[upkeep]
|-damage|p1a: Trolled|14/100|[from] Sandstorm
|-heal|p2a: 💃|92/100 slp|[from] item: Leftovers
|-end|p2a: 💃|Magma Storm|[partiallytrapped]|[silent]
|upkeep
|turn|55
|
|t:|1617341872
|switch|p2a: DaBaby|Reuniclus, F|100/100 psn
|move|p1a: Trolled|Recover|p1a: Trolled
|-heal|p1a: Trolled|64/100
|
|-weather|Sandstorm|[upkeep]
|-damage|p1a: Trolled|58/100|[from] Sandstorm
|upkeep
|turn|56
|c|☆IM AT MY LIMIT|Reuni is a wincon right
|c|☆OU make me yawn ¤|:/
|c|☆OU make me yawn ¤|was that a joke
|c|☆IM AT MY LIMIT|no
|c|☆OU make me yawn ¤|clef
|
|t:|1617341960
|switch|p2a: 👨‍👩‍👦‍👦|Clefable, M|82/100
|switch|p1a: ASS|Clefable, F|73/100
|
|-weather|Sandstorm|[upkeep]
|-damage|p1a: ASS|67/100|[from] Sandstorm
|-damage|p2a: 👨‍👩‍👦‍👦|76/100|[from] Sandstorm
|upkeep
|turn|57
|
|t:|1617341996
|switch|p1a: harold|Heatran, M|92/100
|move|p2a: 👨‍👩‍👦‍👦|Knock Off|p1a: harold
|-damage|p1a: harold|80/100
|-enditem|p1a: harold|Leftovers|[from] move: Knock Off|[of] p2a: 👨‍👩‍👦‍👦
|
|-weather|none
|upkeep
|turn|58
|c|☆OU make me yawn ¤|tran sacked!!!!!!
|c|☆OU make me yawn ¤|*sac!!!!
|
|t:|1617342080
|switch|p2a: 💃|Tyranitar, M|92/100 slp
|-weather|Sandstorm|[from] ability: Sand Stream|[of] p2a: 💃
|move|p1a: harold|Stealth Rock|p2a: 💃
|-sidestart|p2: OU make me yawn ¤|move: Stealth Rock
|
|-weather|Sandstorm|[upkeep]
|-heal|p2a: 💃|98/100 slp|[from] item: Leftovers
|upkeep
|turn|59
|
|t:|1617342091
|switch|p1a: Trolled|Avalugg, M|58/100
|cant|p2a: 💃|slp
|
|-weather|Sandstorm|[upkeep]
|-damage|p1a: Trolled|52/100|[from] Sandstorm
|-heal|p2a: 💃|100/100 slp|[from] item: Leftovers
|upkeep
|turn|60
|
|t:|1617342098
|switch|p2a: 👨‍👩‍👦‍👦|Clefable, M|76/100
|move|p1a: Trolled|Body Press|p2a: 👨‍👩‍👦‍👦
|-resisted|p2a: 👨‍👩‍👦‍👦
|-damage|p2a: 👨‍👩‍👦‍👦|61/100
|
|-weather|Sandstorm|[upkeep]
|-damage|p2a: 👨‍👩‍👦‍👦|55/100|[from] Sandstorm
|-damage|p1a: Trolled|45/100|[from] Sandstorm
|upkeep
|turn|61
|
|t:|1617342105
|switch|p1a: harold|Heatran, M|80/100
|move|p2a: 👨‍👩‍👦‍👦|Soft-Boiled|p2a: 👨‍👩‍👦‍👦
|-heal|p2a: 👨‍👩‍👦‍👦|100/100
|
|-weather|Sandstorm|[upkeep]
|-damage|p2a: 👨‍👩‍👦‍👦|94/100|[from] Sandstorm
|upkeep
|turn|62
|
|t:|1617342113
|switch|p2a: 💃|Tyranitar, M|100/100 slp
|-damage|p2a: 💃|88/100 slp|[from] Stealth Rock
|move|p1a: harold|Magma Storm|p2a: 💃|[miss]
|-miss|p1a: harold|p2a: 💃
|
|-weather|none
|-heal|p2a: 💃|94/100 slp|[from] item: Leftovers
|upkeep
|turn|63
|c|☆IM AT MY LIMIT|MANN
|c|☆OU make me yawn ¤|Yess
|
|t:|1617342168
|switch|p1a: ur mom|Xatu, F|100/100
|-curestatus|p2a: 💃|slp|[msg]
|move|p2a: 💃|Stealth Rock|p1a: ur mom
|move|p1a: ur mom|Stealth Rock||[from]ability: Magic Bounce|[still]
|-fail|p1a: ur mom
|
|-heal|p2a: 💃|100/100|[from] item: Leftovers
|upkeep
|turn|64
|
|t:|1617342176
|switch|p1a: Trolled|Avalugg, M|45/100
|move|p2a: 💃|Stealth Rock|p1a: Trolled
|-sidestart|p1: IM AT MY LIMIT|move: Stealth Rock
|
|upkeep
|turn|65
|
|t:|1617342212
|switch|p2a: 👨‍👩‍👦‍👦|Clefable, M|94/100
|switch|p1a: ASS|Clefable, F|67/100
|
|upkeep
|turn|66
|
|t:|1617342230
|switch|p1a: Asshole|Toxapex, M|100/100
|-damage|p1a: Asshole|88/100|[from] Stealth Rock
|move|p2a: 👨‍👩‍👦‍👦|Knock Off|p1a: Asshole
|-damage|p1a: Asshole|82/100
|
|upkeep
|turn|67
|
|t:|1617342262
|switch|p2a: DaBaby|Reuniclus, F|100/100 psn
|move|p1a: Asshole|Toxic Spikes|p2a: DaBaby
|-sidestart|p2: OU make me yawn ¤|move: Toxic Spikes
|
|upkeep
|turn|68
|
|t:|1617342274
|switch|p1a: ASS|Clefable, F|67/100
|move|p2a: DaBaby|Calm Mind|p2a: DaBaby
|-boost|p2a: DaBaby|spa|1
|-boost|p2a: DaBaby|spd|1
|
|upkeep
|turn|69
|
|t:|1617342281
|move|p1a: ASS|Soft-Boiled|p1a: ASS
|-heal|p1a: ASS|100/100
|move|p2a: DaBaby|Psyshock|p1a: ASS
|-damage|p1a: ASS|77/100
|
|upkeep
|turn|70
|
|t:|1617342294
|switch|p2a: 👨‍👩‍👦‍👦|Clefable, M|94/100
|move|p1a: ASS|Calm Mind|p1a: ASS
|-boost|p1a: ASS|spa|1
|-boost|p1a: ASS|spd|1
|
|upkeep
|turn|71
|
|t:|1617342303
|switch|p1a: Asshole|Toxapex, M|100/100
|-damage|p1a: Asshole|88/100|[from] Stealth Rock
|move|p2a: 👨‍👩‍👦‍👦|Knock Off|p1a: Asshole
|-damage|p1a: Asshole|82/100
|
|upkeep
|turn|72
|
|t:|1617342307
|switch|p2a: DaBaby|Reuniclus, F|100/100 psn
|move|p1a: Asshole|Knock Off|p2a: DaBaby
|-supereffective|p2a: DaBaby
|-damage|p2a: DaBaby|86/100 psn
|
|upkeep
|turn|73
|
|t:|1617342312
|switch|p2a: DJoe Trump|Zapdos|100/100
|switch|p1a: ASS|Clefable, F|77/100
|
|upkeep
|turn|74
|c|☆OU make me yawn ¤|i can't break clef+pex can i
|c|☆IM AT MY LIMIT|Just FF
|n|☆OU make me yawn ¤|oumakemeyawn
|inactive|Battle timer is ON: inactive players will automatically lose when time's up. (requested by OU make me yawn ¤)
|inactive|IM AT MY LIMIT has 25 seconds left this turn.
|inactive|IM AT MY LIMIT has 20 seconds left.
|inactive|IM AT MY LIMIT has 15 seconds left.
|-message|OU make me yawn ¤ forfeited.
|
|win|IM AT MY LIMIT
|inactive|IM AT MY LIMIT has 25 seconds left this turn.
