|raw|<div class="broadcast-blue"><strong>This battle is required to be public due to a player having a name starting with 'LT74PF'.</div>
|j|☆relic stone
|j|☆LT74PF Smok3r
|t:|1599036991
|player|p1|relic stone|lusamine-nihilego|1826
|player|p2|LT74PF Smok3r|266|1688
|teamsize|p1|6
|teamsize|p2|6
|gametype|singles
|gen|8
|tier|[Gen 8] OU
|rated|
|clearpoke
|poke|p1|Tangrowth, M|
|poke|p1|Urshifu-*, M|
|poke|p1|Aegislash, M|
|poke|p1|Rotom-Heat|
|poke|p1|Azumarill, M|
|poke|p1|Rhyperior, M|
|poke|p2|Excadrill, F|
|poke|p2|Magnezone|
|poke|p2|Skarmory, F|
|poke|p2|Tyranitar, M|
|poke|p2|Amoonguss, M|
|poke|p2|Clefable, M|
|rule|Sleep Clause Mod: Limit one foe put to sleep
|rule|Species Clause: Limit one of each Pokémon
|rule|OHKO Clause: OHKO moves are banned
|rule|Evasion Moves Clause: Evasion moves are banned
|rule|Endless Battle Clause: Forcing endless battles is banned
|rule|HP Percentage Mod: HP is shown in percentages
|rule|Dynamax Clause: You cannot dynamax
|teampreview
|inactive|Battle timer is ON: inactive players will automatically lose when time's up. (requested by LT74PF Smok3r)
|c|☆relic stone|hf
|c|☆LT74PF Smok3r|=
|
|t:|1599037006
|start
|switch|p1a: Achilles|Aegislash, M|100/100
|switch|p2a: Tyranitar|Tyranitar, M|100/100
|-weather|Sandstorm|[from] ability: Sand Stream|[of] p2a: Tyranitar
|turn|1
|
|t:|1599037013
|switch|p2a: Amoonguss|Amoonguss, M, shiny|100/100
|-formechange|p1a: Achilles|Aegislash-Blade||[from] ability: Stance Change
|move|p1a: Achilles|Close Combat|p2a: Amoonguss
|-resisted|p2a: Amoonguss
|-damage|p2a: Amoonguss|84/100
|-unboost|p1a: Achilles|def|1
|-unboost|p1a: Achilles|spd|1
|
|-weather|Sandstorm|[upkeep]
|-damage|p2a: Amoonguss|78/100|[from] Sandstorm
|-heal|p2a: Amoonguss|84/100|[from] item: Black Sludge
|upkeep
|turn|2
|
|t:|1599037019
|move|p1a: Achilles|Shadow Ball|p2a: Amoonguss
|-damage|p2a: Amoonguss|40/100
|move|p2a: Amoonguss|Spore|p1a: Achilles
|-status|p1a: Achilles|slp|[from] move: Spore
|
|-weather|Sandstorm|[upkeep]
|-damage|p2a: Amoonguss|34/100|[from] Sandstorm
|-heal|p2a: Amoonguss|40/100|[from] item: Black Sludge
|upkeep
|turn|3
|
|t:|1599037022
|switch|p2a: Tyranitar|Tyranitar, M|100/100
|cant|p1a: Achilles|slp
|
|-weather|Sandstorm|[upkeep]
|upkeep
|turn|4
|
|t:|1599037026
|cant|p1a: Achilles|slp
|move|p2a: Tyranitar|Stealth Rock|p1a: Achilles
|-sidestart|p1: relic stone|move: Stealth Rock
|
|-weather|Sandstorm|[upkeep]
|upkeep
|turn|5
|
|t:|1599037029
|switch|p2a: Amoonguss|Amoonguss, M, shiny|74/100
|cant|p1a: Achilles|slp
|
|-weather|none
|-heal|p2a: Amoonguss|80/100|[from] item: Black Sludge
|upkeep
|turn|6
|
|t:|1599037032
|-curestatus|p1a: Achilles|slp|[msg]
|move|p1a: Achilles|Shadow Ball|p2a: Amoonguss
|-damage|p2a: Amoonguss|28/100
|move|p2a: Amoonguss|Spore|p1a: Achilles
|-status|p1a: Achilles|slp|[from] move: Spore
|
|-heal|p2a: Amoonguss|34/100|[from] item: Black Sludge
|upkeep
|turn|7
|
|t:|1599037035
|switch|p2a: Magnezone|Magnezone, shiny|100/100
|cant|p1a: Achilles|slp
|
|upkeep
|turn|8
|
|t:|1599037040
|switch|p1a: Mortar|Rhyperior, M|100/100
|-damage|p1a: Mortar|94/100|[from] Stealth Rock
|move|p2a: Magnezone|Substitute|p2a: Magnezone
|-start|p2a: Magnezone|Substitute
|-damage|p2a: Magnezone|76/100
|
|-heal|p2a: Magnezone|82/100|[from] item: Leftovers
|-heal|p1a: Mortar|100/100|[from] item: Leftovers
|upkeep
|turn|9
|
|t:|1599037048
|move|p2a: Magnezone|Body Press|p1a: Mortar
|-supereffective|p1a: Mortar
|-damage|p1a: Mortar|68/100
|move|p1a: Mortar|Earthquake|p2a: Magnezone
|-supereffective|p2a: Magnezone
|-end|p2a: Magnezone|Substitute
|
|-heal|p2a: Magnezone|88/100|[from] item: Leftovers
|-heal|p1a: Mortar|74/100|[from] item: Leftovers
|upkeep
|turn|10
|
|t:|1599037053
|switch|p2a: Skarmory|Skarmory, F|100/100
|move|p1a: Mortar|Stealth Rock|p2a: Skarmory
|-sidestart|p2: LT74PF Smok3r|move: Stealth Rock
|
|-heal|p1a: Mortar|80/100|[from] item: Leftovers
|upkeep
|turn|11
|
|t:|1599037057
|move|p1a: Mortar|Swords Dance|p1a: Mortar
|-boost|p1a: Mortar|atk|2
|move|p2a: Skarmory|Spikes|p1a: Mortar
|-sidestart|p1: relic stone|Spikes
|
|-heal|p1a: Mortar|87/100|[from] item: Leftovers
|upkeep
|turn|12
|
|t:|1599037061
|move|p1a: Mortar|Heat Crash|p2a: Skarmory
|-supereffective|p2a: Skarmory
|-ability|p2a: Skarmory|Sturdy
|-damage|p2a: Skarmory|1/100
|-damage|p1a: Mortar|70/100|[from] item: Rocky Helmet|[of] p2a: Skarmory
|move|p2a: Skarmory|Whirlwind|p1a: Mortar
|drag|p1a: Achilles|Aegislash, M|100/100 slp
|-damage|p1a: Achilles|88/100 slp|[from] Spikes
|-damage|p1a: Achilles|82/100 slp|[from] Stealth Rock
|
|upkeep
|turn|13
|
|t:|1599037065
|-curestatus|p1a: Achilles|slp|[msg]
|-formechange|p1a: Achilles|Aegislash-Blade||[from] ability: Stance Change
|move|p1a: Achilles|Shadow Ball|p2a: Skarmory
|-damage|p2a: Skarmory|0 fnt
|faint|p2a: Skarmory
|
|upkeep
|j| Livio ElTito
|
|t:|1599037071
|switch|p2a: Excadrill|Excadrill, F|100/100
|-damage|p2a: Excadrill|97/100|[from] Stealth Rock
|turn|14
|j| lazatron
|
|t:|1599037078
|switch|p1a: Ramen|Tangrowth, M|100/100
|-damage|p1a: Ramen|88/100|[from] Stealth Rock
|-damage|p1a: Ramen|76/100|[from] Spikes
|move|p2a: Excadrill|Rock Slide|p1a: Ramen
|-damage|p1a: Ramen|62/100
|
|-heal|p2a: Excadrill|100/100|[from] item: Leftovers
|upkeep
|turn|15
|
|t:|1599037083
|switch|p2a: Clefable|Clefable, M, shiny|100/100
|move|p1a: Ramen|Sleep Powder|p2a: Clefable
|-status|p2a: Clefable|slp|[from] move: Sleep Powder
|
|upkeep
|turn|16
|
|t:|1599037086
|switch|p2a: Amoonguss|Amoonguss, M, shiny|67/100
|-damage|p2a: Amoonguss|55/100|[from] Stealth Rock
|switch|p1a: Phantom|Rotom-Heat, shiny|100/100
|
|-heal|p2a: Amoonguss|61/100|[from] item: Black Sludge
|upkeep
|turn|17
|
|t:|1599037089
|switch|p2a: Tyranitar|Tyranitar, M|100/100
|-damage|p2a: Tyranitar|88/100|[from] Stealth Rock
|-weather|Sandstorm|[from] ability: Sand Stream|[of] p2a: Tyranitar
|move|p1a: Phantom|Defog|p2a: Tyranitar
|-unboost|p2a: Tyranitar|evasion|1
|-sideend|p2: LT74PF Smok3r|Stealth Rock|[from] move: Defog|[of] p1a: Phantom
|-sideend|p1: relic stone|Spikes|[from] move: Defog|[of] p1a: Phantom
|-sideend|p1: relic stone|Stealth Rock|[from] move: Defog|[of] p1a: Phantom
|
|-weather|Sandstorm|[upkeep]
|-damage|p1a: Phantom|94/100|[from] Sandstorm
|-heal|p2a: Tyranitar|94/100|[from] item: Leftovers
|upkeep
|turn|18
|
|t:|1599037092
|move|p1a: Phantom|Volt Switch|p2a: Tyranitar
|-damage|p2a: Tyranitar|83/100
|
|t:|1599037094
|switch|p1a: Mortar|Rhyperior, M|70/100|[from]move: Volt Switch
|move|p2a: Tyranitar|Stealth Rock|p1a: Mortar
|-sidestart|p1: relic stone|move: Stealth Rock
|
|-weather|Sandstorm|[upkeep]
|-heal|p1a: Mortar|76/100|[from] item: Leftovers
|-heal|p2a: Tyranitar|89/100|[from] item: Leftovers
|upkeep
|turn|19
|
|t:|1599037099
|switch|p2a: Amoonguss|Amoonguss, M, shiny|94/100
|move|p1a: Mortar|Swords Dance|p1a: Mortar
|-boost|p1a: Mortar|atk|2
|
|-weather|Sandstorm|[upkeep]
|-damage|p2a: Amoonguss|88/100|[from] Sandstorm
|-heal|p1a: Mortar|82/100|[from] item: Leftovers
|-heal|p2a: Amoonguss|94/100|[from] item: Black Sludge
|upkeep
|turn|20
|
|t:|1599037105
|move|p1a: Mortar|Heat Crash|p2a: Amoonguss
|-supereffective|p2a: Amoonguss
|-damage|p2a: Amoonguss|0 fnt
|faint|p2a: Amoonguss
|
|-weather|Sandstorm|[upkeep]
|-heal|p1a: Mortar|88/100|[from] item: Leftovers
|upkeep
|
|t:|1599037109
|switch|p2a: Excadrill|Excadrill, F|100/100
|turn|21
|c|☆relic stone|ggs
|
|t:|1599037113
|move|p2a: Excadrill|Iron Head|p1a: Mortar
|-supereffective|p1a: Mortar
|-crit|p1a: Mortar
|-damage|p1a: Mortar|20/100
|move|p1a: Mortar|Earthquake|p2a: Excadrill
|-supereffective|p2a: Excadrill
|-damage|p2a: Excadrill|0 fnt
|faint|p2a: Excadrill
|
|-weather|none
|-heal|p1a: Mortar|27/100|[from] item: Leftovers
|upkeep
|
|t:|1599037118
|switch|p2a: Magnezone|Magnezone, shiny|88/100
|turn|22
|
|t:|1599037121
|switch|p1a: Achilles|Aegislash, M|82/100
|-damage|p1a: Achilles|76/100|[from] Stealth Rock
|move|p2a: Magnezone|Body Press|p1a: Achilles
|-immune|p1a: Achilles
|
|-heal|p2a: Magnezone|94/100|[from] item: Leftovers
|upkeep
|turn|23
|
|t:|1599037130
|switch|p1a: Phantom|Rotom-Heat, shiny|94/100
|move|p2a: Magnezone|Discharge|p1a: Phantom
|-resisted|p1a: Phantom
|-damage|p1a: Phantom|76/100
|
|-heal|p2a: Magnezone|100/100|[from] item: Leftovers
|upkeep
|turn|24
|
|t:|1599037136
|switch|p2a: Tyranitar|Tyranitar, M|89/100
|-weather|Sandstorm|[from] ability: Sand Stream|[of] p2a: Tyranitar
|move|p1a: Phantom|Volt Switch|p2a: Tyranitar
|-damage|p2a: Tyranitar|79/100
|
|t:|1599037139
|switch|p1a: Achilles|Aegislash, M|76/100|[from]move: Volt Switch
|-damage|p1a: Achilles|70/100|[from] Stealth Rock
|
|-weather|Sandstorm|[upkeep]
|-heal|p2a: Tyranitar|85/100|[from] item: Leftovers
|upkeep
|turn|25
|
|t:|1599037153
|switch|p2a: Clefable|Clefable, M, shiny|100/100 slp
|-formechange|p1a: Achilles|Aegislash-Blade||[from] ability: Stance Change
|move|p1a: Achilles|Close Combat|p2a: Clefable
|-resisted|p2a: Clefable
|-damage|p2a: Clefable|85/100 slp
|-unboost|p1a: Achilles|def|1
|-unboost|p1a: Achilles|spd|1
|
|-weather|Sandstorm|[upkeep]
|upkeep
|turn|26
|
|t:|1599037156
|switch|p2a: Magnezone|Magnezone, shiny|100/100
|move|p1a: Achilles|Flash Cannon|p2a: Magnezone
|-resisted|p2a: Magnezone
|-damage|p2a: Magnezone|84/100
|
|-weather|Sandstorm|[upkeep]
|-heal|p2a: Magnezone|90/100|[from] item: Leftovers
|upkeep
|turn|27
|
|t:|1599037164
|move|p1a: Achilles|Shadow Ball|p2a: Magnezone
|-damage|p2a: Magnezone|18/100
|-unboost|p2a: Magnezone|spd|1
|move|p2a: Magnezone|Discharge|p1a: Achilles
|-damage|p1a: Achilles|0 fnt
|faint|p1a: Achilles
|
|-weather|Sandstorm|[upkeep]
|-heal|p2a: Magnezone|25/100|[from] item: Leftovers
|upkeep
|
|t:|1599037166
|switch|p1a: Silhouette|Urshifu, M|100/100
|-damage|p1a: Silhouette|94/100|[from] Stealth Rock
|turn|28
|
|t:|1599037171
|move|p1a: Silhouette|Wicked Blow|p2a: Magnezone
|-crit|p2a: Magnezone
|-damage|p2a: Magnezone|0 fnt
|-damage|p1a: Silhouette|84/100|[from] item: Life Orb
|faint|p2a: Magnezone
|
|-weather|none
|upkeep
|
|t:|1599037174
|switch|p2a: Clefable|Clefable, M, shiny|85/100 slp
|turn|29
|
|t:|1599037179
|move|p1a: Silhouette|Bulk Up|p1a: Silhouette
|-boost|p1a: Silhouette|atk|1
|-boost|p1a: Silhouette|def|1
|cant|p2a: Clefable|slp
|
|upkeep
|turn|30
|
|t:|1599037182
|move|p1a: Silhouette|Poison Jab|p2a: Clefable
|-supereffective|p2a: Clefable
|-damage|p2a: Clefable|0 fnt
|-damage|p1a: Silhouette|74/100|[from] item: Life Orb
|faint|p2a: Clefable
|
|upkeep
|
|t:|1599037184
|switch|p2a: Tyranitar|Tyranitar, M|85/100
|-weather|Sandstorm|[from] ability: Sand Stream|[of] p2a: Tyranitar
|turn|31
|-message|LT74PF Smok3r forfeited.
|
|win|relic stone
|l|☆LT74PF Smok3r
|raw|relic stone's rating: 1826 &rarr; <strong>1839</strong><br />(+13 for winning)
|raw|LT74PF Smok3r's rating: 1688 &rarr; <strong>1676</strong><br />(-12 for losing)
