|j|☆zKally
|j|☆Fujita Kintaro
|t:|1616497693
|player|p1|zKally|290|1317
|player|p2|Fujita Kintaro|benga|1297
|teamsize|p1|6
|teamsize|p2|6
|gametype|singles
|gen|8
|tier|[Gen 8] OU
|rated|
|clearpoke
|poke|p1|Landorus-Therian, M|
|poke|p1|Tapu Koko|
|poke|p1|Hawlucha, M|
|poke|p1|Rillaboom, F|
|poke|p1|Latias, F|
|poke|p1|Blaziken, M|
|poke|p2|Urshifu-*, M|
|poke|p2|Melmetal|
|poke|p2|Tapu Koko|
|poke|p2|Zapdos-Galar|
|poke|p2|Volcarona, F|
|poke|p2|Excadrill, M|
|rule|Sleep Clause Mod: Limit one foe put to sleep
|rule|Species Clause: Limit one of each Pokémon
|rule|OHKO Clause: OHKO moves are banned
|rule|Evasion Moves Clause: Evasion moves are banned
|rule|Endless Battle Clause: Forcing endless battles is banned
|rule|HP Percentage Mod: HP is shown in percentages
|rule|Dynamax Clause: You cannot dynamax
|teampreview
|
|t:|1616497701
|start
|switch|p1a: Tapu Koko|Tapu Koko|100/100
|switch|p2a: Excadrill|Excadrill, M|100/100
|-fieldstart|move: Electric Terrain|[from] ability: Electric Surge|[of] p1a: Tapu Koko
|-ability|p2a: Excadrill|Mold Breaker
|turn|1
|inactive|Battle timer is ON: inactive players will automatically lose when time's up. (requested by zKally)
|
|t:|1616497710
|move|p1a: Tapu Koko|U-turn|p2a: Excadrill
|-resisted|p2a: Excadrill
|-damage|p2a: Excadrill|89/100
|
|t:|1616497713
|switch|p1a: Hawlucha|Hawlucha, M|100/100|[from]move: U-turn
|-enditem|p1a: Hawlucha|Electric Seed
|-boost|p1a: Hawlucha|def|1|[from] item: Electric Seed
|move|p2a: Excadrill|Stealth Rock|p1a: Hawlucha
|-sidestart|p1: zKally|move: Stealth Rock
|
|upkeep
|turn|2
|
|t:|1616497721
|move|p1a: Hawlucha|Swords Dance|p1a: Hawlucha
|-boost|p1a: Hawlucha|atk|2
|move|p2a: Excadrill|Iron Head|p1a: Hawlucha
|-damage|p1a: Hawlucha|64/100
|
|upkeep
|turn|3
|
|t:|1616497729
|move|p1a: Hawlucha|Close Combat|p2a: Excadrill
|-supereffective|p2a: Excadrill
|-damage|p2a: Excadrill|0 fnt
|-unboost|p1a: Hawlucha|def|1
|-unboost|p1a: Hawlucha|spd|1
|faint|p2a: Excadrill
|
|upkeep
|
|t:|1616497735
|switch|p2a: Tapu Koko|Tapu Koko, shiny|100/100
|turn|4
|
|t:|1616497740
|move|p1a: Hawlucha|Stone Edge|p2a: Tapu Koko|[miss]
|-miss|p1a: Hawlucha|p2a: Tapu Koko
|move|p2a: Tapu Koko|Thunderbolt|p1a: Hawlucha
|-supereffective|p1a: Hawlucha
|-damage|p1a: Hawlucha|0 fnt
|faint|p1a: Hawlucha
|
|upkeep
|
|t:|1616497746
|switch|p1a: Landorus|Landorus-Therian, M|100/100
|-damage|p1a: Landorus|88/100|[from] Stealth Rock
|-ability|p1a: Landorus|Intimidate|boost
|-unboost|p2a: Tapu Koko|atk|1
|turn|5
|c|☆Fujita Kintaro|Hop la.
|
|t:|1616497755
|switch|p2a: Zapdos|Zapdos-Galar|100/100
|move|p1a: Landorus|Stealth Rock|p2a: Zapdos
|-sidestart|p2: Fujita Kintaro|move: Stealth Rock
|
|-fieldend|move: Electric Terrain
|upkeep
|turn|6
|
|t:|1616497766
|move|p2a: Zapdos|Brave Bird|p1a: Landorus
|-damage|p1a: Landorus|16/100
|-damage|p2a: Zapdos|77/100|[from] Recoil
|move|p1a: Landorus|Explosion|p2a: Zapdos
|-damage|p2a: Zapdos|0 fnt
|faint|p1a: Landorus
|faint|p2a: Zapdos
|
|upkeep
|
|t:|1616497787
|switch|p2a: Volcarona|Volcarona, F, shiny|100/100
|switch|p1a: Tapu Koko|Tapu Koko|100/100
|-damage|p1a: Tapu Koko|88/100|[from] Stealth Rock
|-fieldstart|move: Electric Terrain|[from] ability: Electric Surge|[of] p1a: Tapu Koko
|turn|7
|
|t:|1616497793
|move|p1a: Tapu Koko|Taunt|p2a: Volcarona
|-start|p2a: Volcarona|move: Taunt
|cant|p2a: Volcarona|move: Taunt|Quiver Dance
|
|upkeep
|turn|8
|
|t:|1616497801
|switch|p2a: Melmetal|Melmetal, shiny|100/100
|-damage|p2a: Melmetal|94/100|[from] Stealth Rock
|move|p1a: Tapu Koko|Light Screen|p1a: Tapu Koko
|-sidestart|p1: zKally|move: Light Screen
|
|upkeep
|turn|9
|
|t:|1616497815
|move|p1a: Tapu Koko|Reflect|p1a: Tapu Koko
|-sidestart|p1: zKally|Reflect
|move|p2a: Melmetal|Earthquake|p1a: Tapu Koko
|-supereffective|p1a: Tapu Koko
|-damage|p1a: Tapu Koko|51/100
|
|upkeep
|turn|10
|
|t:|1616497821
|switch|p2a: Tapu Koko|Tapu Koko, shiny|100/100
|move|p1a: Tapu Koko|U-turn|p2a: Tapu Koko
|-resisted|p2a: Tapu Koko
|-damage|p2a: Tapu Koko|89/100
|
|t:|1616497827
|switch|p1a: Latias|Latias, F|100/100|[from]move: U-turn
|-damage|p1a: Latias|88/100|[from] Stealth Rock
|
|upkeep
|turn|11
|
|t:|1616497834
|move|p2a: Tapu Koko|Roost|p2a: Tapu Koko
|-heal|p2a: Tapu Koko|100/100
|-singleturn|p2a: Tapu Koko|move: Roost
|move|p1a: Latias|Calm Mind|p1a: Latias
|-boost|p1a: Latias|spa|1
|-boost|p1a: Latias|spd|1
|
|-fieldend|move: Electric Terrain
|upkeep
|turn|12
|
|t:|1616497841
|move|p2a: Tapu Koko|U-turn|p1a: Latias
|-supereffective|p1a: Latias
|-damage|p1a: Latias|70/100
|-enditem|p1a: Latias|Weakness Policy
|-boost|p1a: Latias|atk|2|[from] item: Weakness Policy
|-boost|p1a: Latias|spa|2|[from] item: Weakness Policy
|
|t:|1616497849
|switch|p2a: Volcarona|Volcarona, F, shiny|100/100|[from]move: U-turn
|move|p1a: Latias|Calm Mind|p1a: Latias
|-boost|p1a: Latias|spa|1
|-boost|p1a: Latias|spd|1
|
|upkeep
|turn|13
|
|t:|1616497865
|switch|p2a: Melmetal|Melmetal, shiny|94/100
|-damage|p2a: Melmetal|88/100|[from] Stealth Rock
|move|p1a: Latias|Agility|p1a: Latias
|-boost|p1a: Latias|spe|2
|
|upkeep
|turn|14
|
|t:|1616497875
|move|p1a: Latias|Aura Sphere|p2a: Melmetal
|-supereffective|p2a: Melmetal
|-damage|p2a: Melmetal|10/100
|move|p2a: Melmetal|Ice Punch|p1a: Latias
|-supereffective|p1a: Latias
|-damage|p1a: Latias|38/100
|-status|p1a: Latias|frz
|
|upkeep
|turn|15
|c|☆zKally|nice
|
|t:|1616497891
|cant|p1a: Latias|frz
|move|p2a: Melmetal|Earthquake|p1a: Latias
|-immune|p1a: Latias|[from] ability: Levitate
|
|-sideend|p1: zKally|move: Light Screen
|upkeep
|turn|16
|
|t:|1616497896
|cant|p1a: Latias|frz
|move|p2a: Melmetal|Ice Punch|p1a: Latias
|-supereffective|p1a: Latias
|-damage|p1a: Latias|5/100 frz
|
|-sideend|p1: zKally|Reflect
|upkeep
|turn|17
|
|t:|1616497901
|cant|p1a: Latias|frz
|move|p2a: Melmetal|Ice Punch|p1a: Latias
|-supereffective|p1a: Latias
|-damage|p1a: Latias|0 fnt
|faint|p1a: Latias
|
|upkeep
|c|☆Fujita Kintaro|HHAHAHAHHAHAHAHHAHA
|
|t:|1616497909
|switch|p1a: Tapu Koko|Tapu Koko|51/100
|-damage|p1a: Tapu Koko|39/100|[from] Stealth Rock
|-fieldstart|move: Electric Terrain|[from] ability: Electric Surge|[of] p1a: Tapu Koko
|turn|18
|
|t:|1616497921
|switch|p2a: Volcarona|Volcarona, F, shiny|100/100
|move|p1a: Tapu Koko|Reflect|p1a: Tapu Koko
|-sidestart|p1: zKally|Reflect
|
|upkeep
|turn|19
|
|t:|1616497926
|move|p1a: Tapu Koko|Taunt|p2a: Volcarona
|-start|p2a: Volcarona|move: Taunt
|cant|p2a: Volcarona|move: Taunt|Quiver Dance
|
|upkeep
|turn|20
|
|t:|1616497933
|move|p1a: Tapu Koko|Light Screen|p1a: Tapu Koko
|-sidestart|p1: zKally|move: Light Screen
|move|p2a: Volcarona|Fire Blast|p1a: Tapu Koko
|-damage|p1a: Tapu Koko|0 fnt
|faint|p1a: Tapu Koko
|
|upkeep
|
|t:|1616497938
|switch|p1a: Blaziken|Blaziken, M|100/100
|-damage|p1a: Blaziken|88/100|[from] Stealth Rock
|turn|21
|
|t:|1616497941
|move|p2a: Volcarona|Psychic|p1a: Blaziken
|-supereffective|p1a: Blaziken
|-damage|p1a: Blaziken|38/100
|move|p1a: Blaziken|Swords Dance|p1a: Blaziken
|-boost|p1a: Blaziken|atk|2
|
|-end|p2a: Volcarona|move: Taunt
|-ability|p1a: Blaziken|Speed Boost|boost
|-boost|p1a: Blaziken|spe|1
|upkeep
|turn|22
|
|t:|1616497948
|move|p1a: Blaziken|Flare Blitz|p2a: Volcarona
|-crit|p2a: Volcarona
|-damage|p2a: Volcarona|0 fnt
|-damage|p1a: Blaziken|3/100|[from] Recoil
|-damage|p1a: Blaziken|0 fnt|[from] item: Life Orb
|faint|p2a: Volcarona
|faint|p1a: Blaziken
|
|-fieldend|move: Electric Terrain
|upkeep
|
|t:|1616497978
|switch|p2a: Tapu Koko|Tapu Koko, shiny|100/100
|switch|p1a: Rillaboom|Rillaboom, F|100/100
|-fieldstart|move: Electric Terrain|[from] ability: Electric Surge|[of] p2a: Tapu Koko
|-damage|p1a: Rillaboom|88/100|[from] Stealth Rock
|-fieldstart|move: Grassy Terrain|[from] ability: Grassy Surge|[of] p1a: Rillaboom
|turn|23
|
|t:|1616497985
|switch|p2a: Melmetal|Melmetal, shiny|10/100
|-damage|p2a: Melmetal|4/100|[from] Stealth Rock
|move|p1a: Rillaboom|Swords Dance|p1a: Rillaboom
|-boost|p1a: Rillaboom|atk|2
|
|-heal|p1a: Rillaboom|94/100|[from] Grassy Terrain
|-heal|p2a: Melmetal|10/100|[from] Grassy Terrain
|upkeep
|turn|24
|
|t:|1616497993
|move|p1a: Rillaboom|Drain Punch|p2a: Melmetal
|-supereffective|p2a: Melmetal
|-damage|p2a: Melmetal|0 fnt
|-heal|p1a: Rillaboom|100/100|[from] drain|[of] p2a: Melmetal
|-damage|p1a: Rillaboom|91/100|[from] item: Life Orb
|faint|p2a: Melmetal
|
|-heal|p1a: Rillaboom|97/100|[from] Grassy Terrain
|upkeep
|
|t:|1616497997
|switch|p2a: Tapu Koko|Tapu Koko, shiny|100/100
|-fieldstart|move: Electric Terrain|[from] ability: Electric Surge|[of] p2a: Tapu Koko
|turn|25
|
|t:|1616498010
|move|p2a: Tapu Koko|Thunderbolt|p1a: Rillaboom
|-resisted|p1a: Rillaboom
|-damage|p1a: Rillaboom|79/100
|move|p1a: Rillaboom|Grassy Glide|p2a: Tapu Koko
|-damage|p2a: Tapu Koko|0 fnt
|-damage|p1a: Rillaboom|69/100|[from] item: Life Orb
|faint|p2a: Tapu Koko
|
|-sideend|p1: zKally|Reflect
|upkeep
|
|t:|1616498022
|switch|p2a: Urshifu|Urshifu-Rapid-Strike, M|100/100
|-damage|p2a: Urshifu|94/100|[from] Stealth Rock
|-enditem|p2a: Urshifu|Electric Seed
|-boost|p2a: Urshifu|def|1|[from] item: Electric Seed
|turn|26
|c|☆zKally|Haha u get the stone edge miss and freeze and u still lose
|
|t:|1616498041
|move|p2a: Urshifu|Acrobatics|p1a: Rillaboom
|-supereffective|p1a: Rillaboom
|-damage|p1a: Rillaboom|0 fnt
|faint|p1a: Rillaboom
|
|win|Fujita Kintaro
|raw|zKally's rating: 1317 &rarr; <strong>1296</strong><br />(-21 for losing)
|raw|Fujita Kintaro's rating: 1297 &rarr; <strong>1323</strong><br />(+26 for winning)
|c|☆zKally|nvm lol
|l|☆zKally
|c|☆Fujita Kintaro|Bref je tai fumé
