|j|☆ldailey19
|j|☆zoltan97
|t:|1644108549
|gametype|singles
|player|p1|ldailey19|lance|1681
|player|p2|zoltan97|cyclist-gen4|1657
|teamsize|p1|6
|teamsize|p2|6
|gen|8
|tier|[Gen 8] OU
|rated|
|rule|Sleep Clause Mod: Limit one foe put to sleep
|rule|Species Clause: Limit one of each Pokémon
|rule|OHKO Clause: OHKO moves are banned
|rule|Evasion Moves Clause: Evasion moves are banned
|rule|Endless Battle Clause: Forcing endless battles is banned
|rule|HP Percentage Mod: HP is shown in percentages
|rule|Dynamax Clause: You cannot dynamax
|clearpoke
|poke|p1|Magnezone|
|poke|p1|Weavile, M|
|poke|p1|Urshifu-*, M|
|poke|p1|Heatran, M|
|poke|p1|Landorus-Therian, M|
|poke|p1|Dragapult, F|
|poke|p2|Scizor, M|
|poke|p2|Latias, F|
|poke|p2|Primarina, M|
|poke|p2|Melmetal|
|poke|p2|Nidoking, M|
|poke|p2|Blacephalon|
|teampreview
|inactive|Battle timer is ON: inactive players will automatically lose when time's up. (requested by ldailey19)
|inactive|zoltan97 also wants the timer to be on.
|j| 02xygen
|
|t:|1644108570
|start
|switch|p1a: Magnezone|Magnezone|100/100
|switch|p2a: Primarina|Primarina, M|100/100
|turn|1
|
|t:|1644108586
|switch|p2a: Latias|Latias, F|100/100
|move|p1a: Magnezone|Flash Cannon|p2a: Latias
|-damage|p2a: Latias|57/100
|
|-heal|p2a: Latias|63/100|[from] item: Leftovers
|upkeep
|turn|2
|j| Jsjdjejej
|
|t:|1644108600
|move|p2a: Latias|Mystical Fire|p1a: Magnezone
|-supereffective|p1a: Magnezone
|-damage|p1a: Magnezone|69/100
|-unboost|p1a: Magnezone|spa|1
|move|p1a: Magnezone|Volt Switch|p2a: Latias
|-resisted|p2a: Latias
|-damage|p2a: Latias|50/100
|
|t:|1644108617
|switch|p1a: Dragapult|Dragapult, F|100/100|[from]move: Volt Switch
|
|-heal|p2a: Latias|56/100|[from] item: Leftovers
|upkeep
|turn|3
|
|t:|1644108623
|switch|p2a: Primarina|Primarina, M|100/100
|move|p1a: Dragapult|U-turn|p2a: Primarina
|-resisted|p2a: Primarina
|-damage|p2a: Primarina|88/100
|
|t:|1644108651
|switch|p1a: Magnezone|Magnezone|69/100|[from]move: U-turn
|
|-heal|p2a: Primarina|94/100|[from] item: Leftovers
|upkeep
|turn|4
|
|t:|1644108663
|move|p2a: Primarina|Flip Turn|p1a: Magnezone
|-damage|p1a: Magnezone|54/100
|
|t:|1644108667
|switch|p2a: Nidoking|Nidoking, M|100/100|[from]move: Flip Turn
|move|p1a: Magnezone|Flash Cannon|p2a: Nidoking
|-damage|p2a: Nidoking|0 fnt
|faint|p2a: Nidoking
|
|upkeep
|
|t:|1644108674
|switch|p2a: Blacephalon|Blacephalon|100/100
|turn|5
|
|t:|1644108683
|switch|p1a: Heatran|Heatran, M|100/100
|-item|p1a: Heatran|Air Balloon
|move|p2a: Blacephalon|Shadow Ball|p1a: Heatran
|-damage|p1a: Heatran|61/100
|-enditem|p1a: Heatran|Air Balloon
|
|upkeep
|turn|6
|
|t:|1644108692
|move|p2a: Blacephalon|Shadow Ball|p1a: Heatran
|-damage|p1a: Heatran|25/100
|-unboost|p1a: Heatran|spd|1
|move|p1a: Heatran|Earth Power|p2a: Blacephalon
|-supereffective|p2a: Blacephalon
|-damage|p2a: Blacephalon|8/100
|
|upkeep
|turn|7
|
|t:|1644108702
|move|p2a: Blacephalon|Shadow Ball|p1a: Heatran
|-damage|p1a: Heatran|0 fnt
|faint|p1a: Heatran
|-ability|p2a: Blacephalon|Beast Boost|boost
|-boost|p2a: Blacephalon|spa|1
|
|upkeep
|
|t:|1644108712
|switch|p1a: Urshifu|Urshifu-Rapid-Strike, M|100/100
|turn|8
|
|t:|1644108716
|switch|p2a: Melmetal|Melmetal|100/100
|move|p1a: Urshifu|Aqua Jet|p2a: Melmetal
|-damage|p2a: Melmetal|92/100
|
|-heal|p2a: Melmetal|98/100|[from] item: Leftovers
|upkeep
|turn|9
|
|t:|1644108729
|move|p1a: Urshifu|Close Combat|p2a: Melmetal
|-supereffective|p2a: Melmetal
|-damage|p2a: Melmetal|48/100
|-unboost|p1a: Urshifu|def|1
|-unboost|p1a: Urshifu|spd|1
|move|p2a: Melmetal|Ice Punch|p1a: Urshifu
|-resisted|p1a: Urshifu
|-damage|p1a: Urshifu|81/100
|
|-heal|p2a: Melmetal|54/100|[from] item: Leftovers
|upkeep
|turn|10
|
|t:|1644108741
|switch|p1a: Landorus|Landorus-Therian, M|100/100
|-ability|p1a: Landorus|Intimidate|boost
|-unboost|p2a: Melmetal|atk|1
|move|p2a: Melmetal|Double Iron Bash|p1a: Landorus
|-damage|p1a: Landorus|84/100
|-damage|p2a: Melmetal|37/100|[from] item: Rocky Helmet|[of] p1a: Landorus
|-damage|p1a: Landorus|66/100
|-damage|p2a: Melmetal|21/100|[from] item: Rocky Helmet|[of] p1a: Landorus
|-hitcount|p1a: Landorus|2
|
|-heal|p2a: Melmetal|27/100|[from] item: Leftovers
|upkeep
|turn|11
|
|t:|1644108762
|move|p1a: Landorus|Earthquake|p2a: Melmetal
|-supereffective|p2a: Melmetal
|-damage|p2a: Melmetal|0 fnt
|faint|p2a: Melmetal
|
|upkeep
|
|t:|1644108767
|switch|p2a: Blacephalon|Blacephalon|8/100
|turn|12
|j| juicelol
|
|t:|1644108785
|move|p2a: Blacephalon|Overheat|p1a: Landorus
|-damage|p1a: Landorus|0 fnt
|-unboost|p2a: Blacephalon|spa|2
|faint|p1a: Landorus
|-ability|p2a: Blacephalon|Beast Boost|boost
|-boost|p2a: Blacephalon|spa|1
|
|upkeep
|
|t:|1644108793
|switch|p1a: Urshifu|Urshifu-Rapid-Strike, M|81/100
|turn|13
|l| 02xygen
|
|t:|1644108800
|switch|p2a: Primarina|Primarina, M|94/100
|move|p1a: Urshifu|Aqua Jet|p2a: Primarina
|-resisted|p2a: Primarina
|-damage|p2a: Primarina|82/100
|
|-heal|p2a: Primarina|88/100|[from] item: Leftovers
|upkeep
|turn|14
|
|t:|1644108825
|switch|p1a: Magnezone|Magnezone|54/100
|move|p2a: Primarina|Scald|p1a: Magnezone
|-damage|p1a: Magnezone|30/100
|
|-heal|p2a: Primarina|94/100|[from] item: Leftovers
|upkeep
|turn|15
|
|t:|1644108842
|move|p2a: Primarina|Flip Turn|p1a: Magnezone
|-damage|p1a: Magnezone|16/100
|
|t:|1644108845
|switch|p2a: Latias|Latias, F|56/100|[from]move: Flip Turn
|move|p1a: Magnezone|Volt Switch|p2a: Latias
|-resisted|p2a: Latias
|-damage|p2a: Latias|36/100
|inactive|ldailey19 has 120 seconds left.
|
|t:|1644108875
|switch|p1a: Weavile|Weavile, M|100/100|[from]move: Volt Switch
|-ability|p1a: Weavile|Pressure
|
|-heal|p2a: Latias|42/100|[from] item: Leftovers
|upkeep
|turn|16
|
|t:|1644108888
|move|p1a: Weavile|Knock Off|p2a: Latias
|-supereffective|p2a: Latias
|-damage|p2a: Latias|0 fnt
|-enditem|p2a: Latias|Leftovers|[from] move: Knock Off|[of] p1a: Weavile
|faint|p2a: Latias
|
|upkeep
|
|t:|1644108890
|switch|p2a: Scizor|Scizor, M|100/100
|turn|17
|inactive|ldailey19 has 120 seconds left.
|
|t:|1644108912
|switch|p1a: Magnezone|Magnezone|16/100
|move|p2a: Scizor|U-turn|p1a: Magnezone
|-resisted|p1a: Magnezone
|-damage|p1a: Magnezone|0 fnt
|faint|p1a: Magnezone
|
|t:|1644108922
|switch|p2a: Blacephalon|Blacephalon|8/100|[from]move: U-turn
|
|upkeep
|
|t:|1644108939
|switch|p1a: Urshifu|Urshifu-Rapid-Strike, M|81/100
|turn|18
|j| Rai Coldclaw
|
|t:|1644108949
|switch|p2a: Primarina|Primarina, M|94/100
|move|p1a: Urshifu|Thunder Punch|p2a: Primarina
|-supereffective|p2a: Primarina
|-damage|p2a: Primarina|44/100
|
|-heal|p2a: Primarina|50/100|[from] item: Leftovers
|upkeep
|turn|19
|
|t:|1644108956
|move|p1a: Urshifu|Thunder Punch|p2a: Primarina
|-supereffective|p2a: Primarina
|-damage|p2a: Primarina|0 fnt
|faint|p2a: Primarina
|
|upkeep
|
|t:|1644108963
|switch|p2a: Scizor|Scizor, M|100/100
|turn|20
|inactive|ldailey19 has 120 seconds left.
|
|t:|1644108971
|move|p1a: Urshifu|Close Combat|p2a: Scizor
|-damage|p2a: Scizor|43/100
|-unboost|p1a: Urshifu|def|1
|-unboost|p1a: Urshifu|spd|1
|move|p2a: Scizor|Dual Wingbeat|p1a: Urshifu
|-supereffective|p1a: Urshifu
|-crit|p1a: Urshifu
|-damage|p1a: Urshifu|0 fnt
|faint|p1a: Urshifu
|-hitcount|p1: Urshifu|1
|
|upkeep
|inactive|ldailey19 has 120 seconds left.
|
|t:|1644108980
|switch|p1a: Dragapult|Dragapult, F|100/100
|turn|21
|
|t:|1644108986
|move|p1a: Dragapult|Flamethrower|p2a: Scizor
|-supereffective|p2a: Scizor
|-damage|p2a: Scizor|0 fnt
|faint|p2a: Scizor
|
|upkeep
|
|t:|1644108992
|switch|p2a: Blacephalon|Blacephalon|8/100
|turn|22
|c|☆ldailey19|gg
|c|☆zoltan97|g
|c|☆zoltan97|gg
|
|t:|1644109001
|move|p2a: Blacephalon|Shadow Ball|p1a: Dragapult
|-supereffective|p1a: Dragapult
|-enditem|p1a: Dragapult|Focus Sash
|-damage|p1a: Dragapult|1/100
|move|p1a: Dragapult|Dragon Darts|p2a: Blacephalon
|-damage|p2a: Blacephalon|0 fnt
|faint|p2a: Blacephalon
|
|win|ldailey19
|raw|ldailey19's rating: 1681 &rarr; <strong>1700</strong><br />(+19 for winning)
|raw|zoltan97's rating: 1657 &rarr; <strong>1638</strong><br />(-19 for losing)
|l| juicelol
|l|☆zoltan97
|l|☆ldailey19
|l| Rai Coldclaw
|j| Rai Coldclaw
