|raw|<div class="broadcast-blue"><strong>This battle is required to be public due to a player having a name starting with 'lt94je'.</div>
|j|☆wish kisser
|j|‽LT94JEwangyu
|t:|1661562877
|gametype|singles
|player|p1|wish kisser|ethan|1911
|player|p2|LT94JEwangyu|skierf|1815
|teamsize|p1|6
|teamsize|p2|6
|gen|8
|tier|[Gen 8] OU
|rated|
|rule|Sleep Clause Mod: Limit one foe put to sleep
|rule|Species Clause: Limit one of each Pokémon
|rule|OHKO Clause: OHKO moves are banned
|rule|Evasion Items Clause: Evasion items are banned
|rule|Evasion Moves Clause: Evasion moves are banned
|rule|Endless Battle Clause: Forcing endless battles is banned
|rule|HP Percentage Mod: HP is shown in percentages
|rule|Dynamax Clause: You cannot dynamax
|clearpoke
|poke|p1|Volcarona, M|
|poke|p1|Heatran, M|
|poke|p1|Kartana|
|poke|p1|Rillaboom, M|
|poke|p1|Zapdos|
|poke|p1|Zeraora|
|poke|p2|Corviknight, F|
|poke|p2|Jirachi|
|poke|p2|Blissey, F|
|poke|p2|Toxapex, F|
|poke|p2|Quagsire, M|
|poke|p2|Zapdos|
|teampreview
|inactive|Battle timer is ON: inactive players will automatically lose when time's up. (requested by LT94JEwangyu)
|c|☆wish kisser|hf
|
|t:|1661562886
|start
|switch|p1a: Chaos|Heatran, M, shiny|100/100
|switch|p2a: Toxapex|Toxapex, F|100/100
|turn|1
|j| Santiago Bernabeu
|
|t:|1661562900
|move|p1a: Chaos|Stealth Rock|p2a: Toxapex
|-sidestart|p2: LT94JEwangyu|move: Stealth Rock
|move|p2a: Toxapex|Knock Off|p1a: Chaos
|-damage|p1a: Chaos|91/100
|-status|p2a: Toxapex|brn|[from] ability: Flame Body|[of] p1a: Chaos
|-enditem|p1a: Chaos|Leftovers|[from] move: Knock Off|[of] p2a: Toxapex
|
|-damage|p2a: Toxapex|94/100 brn|[from] brn
|upkeep
|turn|2
|
|t:|1661562905
|switch|p1a: Byakko|Zapdos, shiny|100/100
|move|p2a: Toxapex|Scald|p1a: Byakko
|-damage|p1a: Byakko|81/100
|
|-damage|p2a: Toxapex|88/100 brn|[from] brn
|upkeep
|turn|3
|
|t:|1661562914
|move|p1a: Byakko|Volt Switch|p2a: Toxapex
|-supereffective|p2a: Toxapex
|-damage|p2a: Toxapex|31/100 brn
|
|t:|1661562916
|switch|p1a: Chaos|Heatran, M, shiny|91/100|[from]move: Volt Switch
|move|p2a: Toxapex|Scald|p1a: Chaos
|-supereffective|p1a: Chaos
|-damage|p1a: Chaos|64/100
|
|-damage|p2a: Toxapex|25/100 brn|[from] brn
|upkeep
|turn|4
|
|t:|1661562920
|switch|p1a: Byakko|Zapdos, shiny|81/100
|switch|p2a: Blissey|Blissey, F|100/100
|-damage|p2a: Blissey|88/100|[from] Stealth Rock
|
|-heal|p2a: Blissey|94/100|[from] item: Leftovers
|upkeep
|turn|5
|
|t:|1661562922
|move|p1a: Byakko|Volt Switch|p2a: Blissey
|-damage|p2a: Blissey|82/100
|
|t:|1661562924
|switch|p1a: Deathstroke|Kartana, shiny|100/100|[from]move: Volt Switch
|move|p2a: Blissey|Stealth Rock|p1a: Deathstroke
|-sidestart|p1: wish kisser|move: Stealth Rock
|
|-heal|p2a: Blissey|88/100|[from] item: Leftovers
|upkeep
|turn|6
|j| pu mainer lol
|
|t:|1661562928
|switch|p2a: Corviknight|Corviknight, F|100/100
|-damage|p2a: Corviknight|88/100|[from] Stealth Rock
|-ability|p2a: Corviknight|Pressure
|move|p1a: Deathstroke|Knock Off|p2a: Corviknight
|-damage|p2a: Corviknight|64/100
|-enditem|p2a: Corviknight|Shed Shell|[from] move: Knock Off|[of] p1a: Deathstroke
|
|upkeep
|turn|7
|
|t:|1661562932
|switch|p1a: Byakko|Zapdos, shiny|81/100
|move|p2a: Corviknight|Roost|p2a: Corviknight
|-heal|p2a: Corviknight|100/100
|-singleturn|p2a: Corviknight|move: Roost
|
|upkeep
|turn|8
|
|t:|1661562936
|switch|p2a: Blissey|Blissey, F|88/100
|-damage|p2a: Blissey|76/100|[from] Stealth Rock
|move|p1a: Byakko|Volt Switch|p2a: Blissey
|-damage|p2a: Blissey|63/100
|j| whoghohou
|
|t:|1661562941
|switch|p1a: Deathstroke|Kartana, shiny|100/100|[from]move: Volt Switch
|-damage|p1a: Deathstroke|94/100|[from] Stealth Rock
|
|-heal|p2a: Blissey|69/100|[from] item: Leftovers
|upkeep
|turn|9
|l| whoghohou
|
|t:|1661562945
|switch|p1a: Byakko|Zapdos, shiny|81/100
|switch|p2a: Corviknight|Corviknight, F|100/100
|-damage|p2a: Corviknight|88/100|[from] Stealth Rock
|-ability|p2a: Corviknight|Pressure
|
|upkeep
|turn|10
|j| sgvh
|
|t:|1661562948
|switch|p2a: Quagsire|Quagsire, M|100/100
|-damage|p2a: Quagsire|94/100|[from] Stealth Rock
|move|p1a: Byakko|Volt Switch|p2a: Quagsire
|-immune|p2a: Quagsire
|
|-heal|p2a: Quagsire|100/100|[from] item: Leftovers
|upkeep
|turn|11
|j| LT94JE Tace
|
|t:|1661562951
|switch|p2a: Blissey|Blissey, F|69/100
|-damage|p2a: Blissey|57/100|[from] Stealth Rock
|move|p1a: Byakko|Hurricane|p2a: Blissey|[miss]
|-miss|p1a: Byakko|p2a: Blissey
|
|-heal|p2a: Blissey|63/100|[from] item: Leftovers
|upkeep
|turn|12
|
|t:|1661562955
|move|p1a: Byakko|Volt Switch|p2a: Blissey
|-damage|p2a: Blissey|50/100
|
|t:|1661562958
|switch|p1a: Deathstroke|Kartana, shiny|94/100|[from]move: Volt Switch
|-damage|p1a: Deathstroke|88/100|[from] Stealth Rock
|move|p2a: Blissey|Soft-Boiled|p2a: Blissey
|-heal|p2a: Blissey|99/100
|
|-heal|p2a: Blissey|100/100|[from] item: Leftovers
|upkeep
|turn|13
|j| Insult
|
|t:|1661562962
|switch|p1a: Byakko|Zapdos, shiny|81/100
|switch|p2a: Corviknight|Corviknight, F|88/100
|-damage|p2a: Corviknight|75/100|[from] Stealth Rock
|-ability|p2a: Corviknight|Pressure
|
|upkeep
|turn|14
|
|t:|1661562966
|switch|p2a: Quagsire|Quagsire, M|100/100
|-damage|p2a: Quagsire|94/100|[from] Stealth Rock
|move|p1a: Byakko|Volt Switch|p2a: Quagsire
|-immune|p2a: Quagsire
|
|-heal|p2a: Quagsire|100/100|[from] item: Leftovers
|upkeep
|turn|15
|
|t:|1661562970
|move|p1a: Byakko|Hurricane|p2a: Quagsire|[miss]
|-miss|p1a: Byakko|p2a: Quagsire
|move|p2a: Quagsire|Toxic|p1a: Byakko
|-status|p1a: Byakko|tox
|
|-damage|p1a: Byakko|75/100 tox|[from] psn
|upkeep
|turn|16
|
|t:|1661562972
|switch|p2a: Blissey|Blissey, F|100/100
|-damage|p2a: Blissey|88/100|[from] Stealth Rock
|move|p1a: Byakko|Volt Switch|p2a: Blissey
|-damage|p2a: Blissey|74/100
|
|t:|1661562974
|switch|p1a: Deathstroke|Kartana, shiny|88/100|[from]move: Volt Switch
|-damage|p1a: Deathstroke|82/100|[from] Stealth Rock
|
|-heal|p2a: Blissey|81/100|[from] item: Leftovers
|upkeep
|turn|17
|
|t:|1661562979
|switch|p1a: Byakko|Zapdos, shiny|75/100 tox
|switch|p2a: Corviknight|Corviknight, F|75/100
|-damage|p2a: Corviknight|63/100|[from] Stealth Rock
|-ability|p2a: Corviknight|Pressure
|
|-damage|p1a: Byakko|69/100 tox|[from] psn
|upkeep
|turn|18
|j| whoghohou
|
|t:|1661562981
|switch|p2a: Jirachi|Jirachi|100/100
|-damage|p2a: Jirachi|94/100|[from] Stealth Rock
|move|p1a: Byakko|Thunderbolt|p2a: Jirachi
|-damage|p2a: Jirachi|66/100
|
|-heal|p2a: Jirachi|72/100|[from] item: Leftovers
|-damage|p1a: Byakko|57/100 tox|[from] psn
|upkeep
|turn|19
|l| whoghohou
|
|t:|1661562985
|switch|p1a: Amaterasu|Volcarona, M, shiny|100/100
|move|p2a: Jirachi|Wish|p2a: Jirachi
|
|-heal|p2a: Jirachi|78/100|[from] item: Leftovers
|upkeep
|turn|20
|
|t:|1661562997
|switch|p2a: Zapdos|Zapdos|100/100
|-ability|p2a: Zapdos|Pressure
|move|p1a: Amaterasu|Flamethrower|p2a: Zapdos
|-damage|p2a: Zapdos|49/100
|
|-heal|p2a: Zapdos|100/100|[from] move: Wish|[wisher] Jirachi
|upkeep
|turn|21
|
|t:|1661563005
|switch|p1a: Zephyr|Zeraora, shiny|100/100
|move|p2a: Zapdos|Toxic|p1a: Zephyr
|-status|p1a: Zephyr|tox
|
|-damage|p1a: Zephyr|95/100 tox|[from] psn
|upkeep
|turn|22
|
|t:|1661563009
|switch|p2a: Quagsire|Quagsire, M|100/100
|-damage|p2a: Quagsire|94/100|[from] Stealth Rock
|move|p1a: Zephyr|Toxic|p2a: Quagsire
|-status|p2a: Quagsire|tox
|
|-heal|p2a: Quagsire|100/100 tox|[from] item: Leftovers
|-damage|p1a: Zephyr|83/100 tox|[from] psn
|-damage|p2a: Quagsire|94/100 tox|[from] psn
|upkeep
|turn|23
|
|t:|1661563013
|switch|p2a: Blissey|Blissey, F|81/100
|-damage|p2a: Blissey|68/100|[from] Stealth Rock
|move|p1a: Zephyr|Knock Off|p2a: Blissey
|-damage|p2a: Blissey|41/100
|-enditem|p2a: Blissey|Leftovers|[from] move: Knock Off|[of] p1a: Zephyr
|
|-damage|p1a: Zephyr|65/100 tox|[from] psn
|upkeep
|turn|24
|l| LT94JE Tace
|
|t:|1661563019
|switch|p1a: Kong|Rillaboom, M, shiny|100/100
|-damage|p1a: Kong|88/100|[from] Stealth Rock
|-fieldstart|move: Grassy Terrain|[from] ability: Grassy Surge|[of] p1a: Kong
|switch|p2a: Quagsire|Quagsire, M|94/100 tox
|-damage|p2a: Quagsire|88/100 tox|[from] Stealth Rock
|
|-heal|p1a: Kong|94/100|[from] Grassy Terrain
|-heal|p1a: Kong|100/100|[from] item: Leftovers
|-heal|p2a: Quagsire|94/100 tox|[from] Grassy Terrain
|-heal|p2a: Quagsire|100/100 tox|[from] item: Leftovers
|-damage|p2a: Quagsire|94/100 tox|[from] psn
|upkeep
|turn|25
|
|t:|1661563023
|switch|p2a: Zapdos|Zapdos|100/100
|-ability|p2a: Zapdos|Pressure
|move|p1a: Kong|Swords Dance|p1a: Kong
|-boost|p1a: Kong|atk|2
|
|upkeep
|turn|26
|
|t:|1661563026
|switch|p1a: Chaos|Heatran, M, shiny|64/100
|-damage|p1a: Chaos|52/100|[from] Stealth Rock
|move|p2a: Zapdos|Discharge|p1a: Chaos
|-damage|p1a: Chaos|25/100
|
|-heal|p1a: Chaos|31/100|[from] Grassy Terrain
|upkeep
|turn|27
|
|t:|1661563034
|switch|p1a: Zephyr|Zeraora, shiny|65/100 tox
|move|p2a: Zapdos|Discharge|p1a: Zephyr
|-heal|p1a: Zephyr|89/100 tox|[from] ability: Volt Absorb|[of] p2a: Zapdos
|
|-heal|p1a: Zephyr|95/100 tox|[from] Grassy Terrain
|-damage|p1a: Zephyr|89/100 tox|[from] psn
|upkeep
|turn|28
|j| LT94JE Origami♕
|
|t:|1661563038
|switch|p1a: Kong|Rillaboom, M, shiny|100/100
|-damage|p1a: Kong|88/100|[from] Stealth Rock
|switch|p2a: Toxapex|Toxapex, F|58/100 brn
|-damage|p2a: Toxapex|45/100 brn|[from] Stealth Rock
|
|-heal|p1a: Kong|94/100|[from] Grassy Terrain
|-heal|p1a: Kong|100/100|[from] item: Leftovers
|-heal|p2a: Toxapex|51/100 brn|[from] Grassy Terrain
|-damage|p2a: Toxapex|45/100 brn|[from] brn
|-fieldend|move: Grassy Terrain
|upkeep
|turn|29
|
|t:|1661563042
|switch|p2a: Corviknight|Corviknight, F|63/100
|-damage|p2a: Corviknight|50/100|[from] Stealth Rock
|-ability|p2a: Corviknight|Pressure
|move|p1a: Kong|Swords Dance|p1a: Kong
|-boost|p1a: Kong|atk|2
|
|upkeep
|turn|30
|
|t:|1661563046
|move|p1a: Kong|Swords Dance|p1a: Kong
|-boost|p1a: Kong|atk|2
|move|p2a: Corviknight|Roost|p2a: Corviknight
|-heal|p2a: Corviknight|100/100
|-singleturn|p2a: Corviknight|move: Roost
|
|upkeep
|turn|31
|
|t:|1661563048
|move|p1a: Kong|Superpower|p2a: Corviknight
|-damage|p2a: Corviknight|17/100
|-unboost|p1a: Kong|atk|1
|-unboost|p1a: Kong|def|1
|move|p2a: Corviknight|Brave Bird|p1a: Kong
|-supereffective|p1a: Kong
|-damage|p1a: Kong|0 fnt
|faint|p1a: Kong
|-damage|p2a: Corviknight|0 fnt|[from] Recoil
|faint|p2a: Corviknight
|
|upkeep
|
|t:|1661563062
|switch|p1a: Amaterasu|Volcarona, M, shiny|100/100
|switch|p2a: Zapdos|Zapdos|100/100
|-ability|p2a: Zapdos|Pressure
|turn|32
|
|t:|1661563066
|move|p1a: Amaterasu|Quiver Dance|p1a: Amaterasu
|-boost|p1a: Amaterasu|spa|1
|-boost|p1a: Amaterasu|spd|1
|-boost|p1a: Amaterasu|spe|1
|move|p2a: Zapdos|Toxic|p1a: Amaterasu
|-status|p1a: Amaterasu|tox
|
|-damage|p1a: Amaterasu|94/100 tox|[from] psn
|upkeep
|turn|33
|
|t:|1661563071
|switch|p2a: Toxapex|Toxapex, F|78/100 brn
|-damage|p2a: Toxapex|66/100 brn|[from] Stealth Rock
|move|p1a: Amaterasu|Flamethrower|p2a: Toxapex
|-resisted|p2a: Toxapex
|-damage|p2a: Toxapex|33/100 brn
|
|-damage|p1a: Amaterasu|82/100 tox|[from] psn
|-damage|p2a: Toxapex|26/100 brn|[from] brn
|upkeep
|turn|34
|
|t:|1661563081
|switch|p2a: Quagsire|Quagsire, M|94/100 tox
|-damage|p2a: Quagsire|88/100 tox|[from] Stealth Rock
|move|p1a: Amaterasu|Quiver Dance|p1a: Amaterasu
|-boost|p1a: Amaterasu|spa|1
|-boost|p1a: Amaterasu|spd|1
|-boost|p1a: Amaterasu|spe|1
|
|-heal|p2a: Quagsire|94/100 tox|[from] item: Leftovers
|-damage|p1a: Amaterasu|64/100 tox|[from] psn
|-damage|p2a: Quagsire|88/100 tox|[from] psn
|upkeep
|turn|35
|j| leona misa
|
|t:|1661563085
|move|p1a: Amaterasu|Bug Buzz|p2a: Quagsire
|-damage|p2a: Quagsire|23/100 tox
|move|p2a: Quagsire|Recover|p2a: Quagsire
|-heal|p2a: Quagsire|73/100 tox
|
|-heal|p2a: Quagsire|79/100 tox|[from] item: Leftovers
|-damage|p1a: Amaterasu|39/100 tox|[from] psn
|-damage|p2a: Quagsire|67/100 tox|[from] psn
|upkeep
|turn|36
|
|t:|1661563094
|switch|p2a: Blissey|Blissey, F|41/100
|-damage|p2a: Blissey|28/100|[from] Stealth Rock
|move|p1a: Amaterasu|Bug Buzz|p2a: Blissey
|-damage|p2a: Blissey|0 fnt
|faint|p2a: Blissey
|
|-damage|p1a: Amaterasu|9/100 tox|[from] psn
|upkeep
|
|t:|1661563096
|switch|p2a: Jirachi|Jirachi|78/100
|-damage|p2a: Jirachi|72/100|[from] Stealth Rock
|turn|37
|
|t:|1661563099
|switch|p1a: Chaos|Heatran, M, shiny|31/100
|-damage|p1a: Chaos|19/100|[from] Stealth Rock
|move|p2a: Jirachi|Protect||[still]
|-fail|p2a: Jirachi
|
|-heal|p2a: Jirachi|78/100|[from] item: Leftovers
|upkeep
|turn|38
|
|t:|1661563106
|move|p2a: Jirachi|Protect|p2a: Jirachi
|-singleturn|p2a: Jirachi|Protect
|move|p1a: Chaos|Lava Plume|p2a: Jirachi
|-activate|p2a: Jirachi|move: Protect
|
|-heal|p2a: Jirachi|84/100|[from] item: Leftovers
|upkeep
|turn|39
|
|t:|1661563119
|switch|p2a: Toxapex|Toxapex, F|60/100 brn
|-damage|p2a: Toxapex|47/100 brn|[from] Stealth Rock
|move|p1a: Chaos|Lava Plume|p2a: Toxapex
|-resisted|p2a: Toxapex
|-damage|p2a: Toxapex|33/100 brn
|
|-damage|p2a: Toxapex|26/100 brn|[from] brn
|upkeep
|turn|40
|
|t:|1661563123
|switch|p1a: Byakko|Zapdos, shiny|57/100 tox
|switch|p2a: Zapdos|Zapdos|100/100
|-ability|p2a: Zapdos|Pressure
|
|-damage|p1a: Byakko|50/100 tox|[from] psn
|upkeep
|turn|41
|
|t:|1661563127
|move|p1a: Byakko|Roost|p1a: Byakko
|-heal|p1a: Byakko|100/100 tox
|-singleturn|p1a: Byakko|move: Roost
|move|p2a: Zapdos|Roost||[still]
|-fail|p2a: Zapdos|heal
|
|-damage|p1a: Byakko|88/100 tox|[from] psn
|upkeep
|turn|42
|j| LT94JE Tace
|
|t:|1661563150
|move|p1a: Byakko|Hurricane|p2a: Zapdos
|-resisted|p2a: Zapdos
|-damage|p2a: Zapdos|74/100
|move|p2a: Zapdos|Roost|p2a: Zapdos
|-heal|p2a: Zapdos|100/100
|-singleturn|p2a: Zapdos|move: Roost
|
|-damage|p1a: Byakko|69/100 tox|[from] psn
|upkeep
|turn|43
|
|t:|1661563154
|move|p1a: Byakko|Volt Switch|p2a: Zapdos
|-damage|p2a: Zapdos|63/100
|
|t:|1661563156
|switch|p1a: Zephyr|Zeraora, shiny|89/100 tox|[from]move: Volt Switch
|move|p2a: Zapdos|Discharge|p1a: Zephyr
|-heal|p1a: Zephyr|100/100 tox|[from] ability: Volt Absorb|[of] p2a: Zapdos
|
|-damage|p1a: Zephyr|95/100 tox|[from] psn
|upkeep
|turn|44
|j| Raikou solar
|
|t:|1661563163
|switch|p2a: Quagsire|Quagsire, M|67/100 tox
|-damage|p2a: Quagsire|61/100 tox|[from] Stealth Rock
|move|p1a: Zephyr|Knock Off|p2a: Quagsire
|-damage|p2a: Quagsire|40/100 tox
|-enditem|p2a: Quagsire|Leftovers|[from] move: Knock Off|[of] p1a: Zephyr
|
|-damage|p1a: Zephyr|83/100 tox|[from] psn
|-damage|p2a: Quagsire|34/100 tox|[from] psn
|upkeep
|turn|45
|
|t:|1661563168
|switch|p1a: Deathstroke|Kartana, shiny|82/100
|-damage|p1a: Deathstroke|76/100|[from] Stealth Rock
|move|p2a: Quagsire|Recover|p2a: Quagsire
|-heal|p2a: Quagsire|84/100 tox
|
|-damage|p2a: Quagsire|72/100 tox|[from] psn
|upkeep
|turn|46
|
|t:|1661563178
|switch|p2a: Zapdos|Zapdos|63/100
|-ability|p2a: Zapdos|Pressure
|move|p1a: Deathstroke|Leaf Blade|p2a: Zapdos
|-resisted|p2a: Zapdos
|-damage|p2a: Zapdos|41/100
|
|upkeep
|turn|47
|
|t:|1661563184
|switch|p1a: Zephyr|Zeraora, shiny|83/100 tox
|move|p2a: Zapdos|Roost|p2a: Zapdos
|-heal|p2a: Zapdos|92/100
|-singleturn|p2a: Zapdos|move: Roost
|
|-damage|p1a: Zephyr|77/100 tox|[from] psn
|upkeep
|turn|48
|c| Raikou solar|Go wish kisser smoked that goofy stall noob
|
|t:|1661563190
|switch|p1a: Deathstroke|Kartana, shiny|76/100
|-damage|p1a: Deathstroke|70/100|[from] Stealth Rock
|move|p2a: Zapdos|Defog|p1a: Deathstroke
|-unboost|p1a: Deathstroke|evasion|1
|-sideend|p1: wish kisser|Stealth Rock|[from] move: Defog|[of] p2a: Zapdos
|-sideend|p2: LT94JEwangyu|Stealth Rock|[from] move: Defog|[of] p2a: Zapdos
|
|upkeep
|turn|49
|l| LT94JE Origami♕
|c|☆wish kisser|its a good stall
|
|t:|1661563202
|switch|p2a: Toxapex|Toxapex, F|60/100 brn
|move|p1a: Deathstroke|Knock Off|p2a: Toxapex
|-damage|p2a: Toxapex|33/100 brn
|-enditem|p2a: Toxapex|Shed Shell|[from] move: Knock Off|[of] p1a: Deathstroke
|
|-damage|p2a: Toxapex|26/100 brn|[from] brn
|upkeep
|turn|50
|
|t:|1661563213
|switch|p1a: Byakko|Zapdos, shiny|69/100 tox
|switch|p2a: Zapdos|Zapdos|92/100
|-ability|p2a: Zapdos|Pressure
|
|-damage|p1a: Byakko|63/100 tox|[from] psn
|upkeep
|turn|51
|
|t:|1661563217
|switch|p1a: Zephyr|Zeraora, shiny|77/100 tox
|move|p2a: Zapdos|Roost|p2a: Zapdos
|-heal|p2a: Zapdos|100/100
|-singleturn|p2a: Zapdos|move: Roost
|
|-damage|p1a: Zephyr|71/100 tox|[from] psn
|upkeep
|turn|52
|
|t:|1661563227
|switch|p1a: Deathstroke|Kartana, shiny|70/100
|switch|p2a: Quagsire|Quagsire, M|72/100 tox
|
|-damage|p2a: Quagsire|66/100 tox|[from] psn
|upkeep
|turn|53
|c| Raikou solar|Still a pu$$y
|
|t:|1661563232
|switch|p2a: Zapdos|Zapdos|100/100
|-ability|p2a: Zapdos|Pressure
|move|p1a: Deathstroke|Leaf Blade|p2a: Zapdos
|-resisted|p2a: Zapdos
|-damage|p2a: Zapdos|78/100
|
|upkeep
|turn|54
|
|t:|1661563235
|switch|p1a: Byakko|Zapdos, shiny|63/100 tox
|move|p2a: Zapdos|Roost|p2a: Zapdos
|-heal|p2a: Zapdos|100/100
|-singleturn|p2a: Zapdos|move: Roost
|
|-damage|p1a: Byakko|57/100 tox|[from] psn
|upkeep
|turn|55
|
|t:|1661563238
|move|p1a: Byakko|Roost|p1a: Byakko
|-heal|p1a: Byakko|100/100 tox
|-singleturn|p1a: Byakko|move: Roost
|move|p2a: Zapdos|Discharge|p1a: Byakko
|-resisted|p1a: Byakko
|-damage|p1a: Byakko|82/100 tox
|
|-damage|p1a: Byakko|70/100 tox|[from] psn
|upkeep
|turn|56
|
|t:|1661563245
|move|p1a: Byakko|Hurricane|p2a: Zapdos
|-resisted|p2a: Zapdos
|-damage|p2a: Zapdos|72/100
|move|p2a: Zapdos|Toxic|p1a: Byakko
|-fail|p1a: Byakko|tox
|
|-damage|p1a: Byakko|51/100 tox|[from] psn
|upkeep
|turn|57
|
|t:|1661563249
|move|p1a: Byakko|Roost|p1a: Byakko
|-heal|p1a: Byakko|100/100 tox
|-singleturn|p1a: Byakko|move: Roost
|move|p2a: Zapdos|Roost|p2a: Zapdos
|-heal|p2a: Zapdos|100/100
|-singleturn|p2a: Zapdos|move: Roost
|
|-damage|p1a: Byakko|76/100 tox|[from] psn
|upkeep
|turn|58
|l| leona misa
|
|t:|1661563255
|switch|p1a: Zephyr|Zeraora, shiny|71/100 tox
|move|p2a: Zapdos|Toxic|p1a: Zephyr
|-fail|p1a: Zephyr|tox
|
|-damage|p1a: Zephyr|65/100 tox|[from] psn
|upkeep
|turn|59
|j| Sosisjis
|
|t:|1661563264
|switch|p2a: Jirachi|Jirachi|84/100
|move|p1a: Zephyr|Toxic|p2a: Jirachi
|-immune|p2a: Jirachi
|
|-heal|p2a: Jirachi|91/100|[from] item: Leftovers
|-damage|p1a: Zephyr|53/100 tox|[from] psn
|upkeep
|turn|60
|
|t:|1661563274
|switch|p1a: Chaos|Heatran, M, shiny|19/100
|switch|p2a: Zapdos|Zapdos|100/100
|-ability|p2a: Zapdos|Pressure
|
|upkeep
|turn|61
|
|t:|1661563278
|switch|p1a: Zephyr|Zeraora, shiny|53/100 tox
|move|p2a: Zapdos|Discharge|p1a: Zephyr
|-heal|p1a: Zephyr|77/100 tox|[from] ability: Volt Absorb|[of] p2a: Zapdos
|
|-damage|p1a: Zephyr|71/100 tox|[from] psn
|upkeep
|turn|62
|
|t:|1661563283
|switch|p2a: Jirachi|Jirachi|91/100
|move|p1a: Zephyr|Knock Off|p2a: Jirachi
|-supereffective|p2a: Jirachi
|-crit|p2a: Jirachi
|-damage|p2a: Jirachi|9/100
|-enditem|p2a: Jirachi|Leftovers|[from] move: Knock Off|[of] p1a: Zephyr
|
|-damage|p1a: Zephyr|59/100 tox|[from] psn
|upkeep
|turn|63
|j| LT94JE Origami♕
|
|t:|1661563290
|switch|p1a: Chaos|Heatran, M, shiny|19/100
|move|p2a: Jirachi|Protect||[still]
|-fail|p2a: Jirachi
|
|upkeep
|turn|64
|
|t:|1661563294
|move|p2a: Jirachi|Thunder Wave|p1a: Chaos
|-status|p1a: Chaos|par
|move|p1a: Chaos|Lava Plume|p2a: Jirachi
|-supereffective|p2a: Jirachi
|-damage|p2a: Jirachi|0 fnt
|faint|p2a: Jirachi
|
|upkeep
|
|t:|1661563299
|switch|p2a: Toxapex|Toxapex, F|60/100 brn
|turn|65
|
|t:|1661563304
|switch|p1a: Byakko|Zapdos, shiny|76/100 tox
|move|p2a: Toxapex|Scald|p1a: Byakko
|-damage|p1a: Byakko|58/100 tox
|
|-damage|p1a: Byakko|52/100 tox|[from] psn
|-damage|p2a: Toxapex|53/100 brn|[from] brn
|upkeep
|turn|66
|
|t:|1661563312
|switch|p2a: Zapdos|Zapdos|100/100
|-ability|p2a: Zapdos|Pressure
|move|p1a: Byakko|Hurricane|p2a: Zapdos
|-resisted|p2a: Zapdos
|-damage|p2a: Zapdos|75/100
|
|-damage|p1a: Byakko|39/100 tox|[from] psn
|upkeep
|turn|67
|
|t:|1661563315
|move|p1a: Byakko|Roost|p1a: Byakko
|-heal|p1a: Byakko|89/100 tox
|-singleturn|p1a: Byakko|move: Roost
|move|p2a: Zapdos|Discharge|p1a: Byakko
|-resisted|p1a: Byakko
|-damage|p1a: Byakko|69/100 tox
|
|-damage|p1a: Byakko|50/100 tox|[from] psn
|upkeep
|turn|68
|
|t:|1661563321
|switch|p1a: Zephyr|Zeraora, shiny|59/100 tox
|move|p2a: Zapdos|Roost|p2a: Zapdos
|-heal|p2a: Zapdos|100/100
|-singleturn|p2a: Zapdos|move: Roost
|
|-damage|p1a: Zephyr|53/100 tox|[from] psn
|upkeep
|turn|69
|
|t:|1661563325
|switch|p2a: Quagsire|Quagsire, M|66/100 tox
|move|p1a: Zephyr|Toxic|p2a: Quagsire
|-fail|p2a: Quagsire|tox
|
|-damage|p1a: Zephyr|42/100 tox|[from] psn
|-damage|p2a: Quagsire|60/100 tox|[from] psn
|upkeep
|turn|70
|
|t:|1661563333
|switch|p1a: Byakko|Zapdos, shiny|50/100 tox
|move|p2a: Quagsire|Recover|p2a: Quagsire
|-heal|p2a: Quagsire|100/100 tox
|
|-damage|p1a: Byakko|44/100 tox|[from] psn
|-damage|p2a: Quagsire|88/100 tox|[from] psn
|upkeep
|turn|71
|
|t:|1661563340
|switch|p2a: Zapdos|Zapdos|100/100
|-ability|p2a: Zapdos|Pressure
|move|p1a: Byakko|Volt Switch|p2a: Zapdos
|-damage|p2a: Zapdos|64/100
|j| KMNg99
|
|t:|1661563346
|switch|p1a: Amaterasu|Volcarona, M, shiny|9/100 tox|[from]move: Volt Switch
|
|-damage|p1a: Amaterasu|3/100 tox|[from] psn
|upkeep
|turn|72
|
|t:|1661563350
|move|p1a: Amaterasu|Bug Buzz|p2a: Zapdos
|-resisted|p2a: Zapdos
|-damage|p2a: Zapdos|28/100
|move|p2a: Zapdos|Roost|p2a: Zapdos
|-heal|p2a: Zapdos|78/100
|-singleturn|p2a: Zapdos|move: Roost
|
|-damage|p1a: Amaterasu|0 fnt|[from] psn
|faint|p1a: Amaterasu
|upkeep
|
|t:|1661563353
|switch|p1a: Byakko|Zapdos, shiny|44/100 tox
|turn|73
|
|t:|1661563359
|move|p1a: Byakko|Roost|p1a: Byakko
|-heal|p1a: Byakko|94/100 tox
|-singleturn|p1a: Byakko|move: Roost
|move|p2a: Zapdos|Roost|p2a: Zapdos
|-heal|p2a: Zapdos|100/100
|-singleturn|p2a: Zapdos|move: Roost
|
|-damage|p1a: Byakko|88/100 tox|[from] psn
|upkeep
|turn|74
|
|t:|1661563364
|move|p1a: Byakko|Volt Switch|p2a: Zapdos
|-damage|p2a: Zapdos|68/100
|
|t:|1661563367
|switch|p1a: Deathstroke|Kartana, shiny|70/100|[from]move: Volt Switch
|move|p2a: Zapdos|Defog|p1a: Deathstroke
|-unboost|p1a: Deathstroke|evasion|1
|
|upkeep
|turn|75
|
|t:|1661563372
|switch|p1a: Zephyr|Zeraora, shiny|42/100 tox
|move|p2a: Zapdos|Roost|p2a: Zapdos
|-heal|p2a: Zapdos|100/100
|-singleturn|p2a: Zapdos|move: Roost
|
|-damage|p1a: Zephyr|36/100 tox|[from] psn
|upkeep
|turn|76
|
|t:|1661563376
|switch|p1a: Byakko|Zapdos, shiny|88/100 tox
|switch|p2a: Quagsire|Quagsire, M|88/100 tox
|
|-damage|p1a: Byakko|81/100 tox|[from] psn
|-damage|p2a: Quagsire|82/100 tox|[from] psn
|upkeep
|turn|77
|
|t:|1661563380
|move|p1a: Byakko|Hurricane|p2a: Quagsire
|-damage|p2a: Quagsire|14/100 tox
|move|p2a: Quagsire|Recover|p2a: Quagsire
|-heal|p2a: Quagsire|64/100 tox
|
|-damage|p1a: Byakko|69/100 tox|[from] psn
|-damage|p2a: Quagsire|52/100 tox|[from] psn
|upkeep
|turn|78
|
|t:|1661563384
|switch|p2a: Zapdos|Zapdos|100/100
|-ability|p2a: Zapdos|Pressure
|move|p1a: Byakko|Hurricane|p2a: Zapdos
|-resisted|p2a: Zapdos
|-damage|p2a: Zapdos|72/100
|
|-damage|p1a: Byakko|50/100 tox|[from] psn
|upkeep
|turn|79
|
|t:|1661563390
|move|p1a: Byakko|Roost|p1a: Byakko
|-heal|p1a: Byakko|100/100 tox
|-singleturn|p1a: Byakko|move: Roost
|move|p2a: Zapdos|Discharge|p1a: Byakko
|-resisted|p1a: Byakko
|-damage|p1a: Byakko|82/100 tox
|
|-damage|p1a: Byakko|58/100 tox|[from] psn
|upkeep
|turn|80
|
|t:|1661563398
|move|p1a: Byakko|Volt Switch|p2a: Zapdos
|-damage|p2a: Zapdos|39/100
|
|t:|1661563402
|switch|p1a: Zephyr|Zeraora, shiny|36/100 tox|[from]move: Volt Switch
|move|p2a: Zapdos|Roost|p2a: Zapdos
|-heal|p2a: Zapdos|90/100
|-singleturn|p2a: Zapdos|move: Roost
|
|-damage|p1a: Zephyr|30/100 tox|[from] psn
|upkeep
|turn|81
|
|t:|1661563407
|switch|p1a: Chaos|Heatran, M, shiny|19/100 par
|switch|p2a: Toxapex|Toxapex, F|87/100 brn
|
|-damage|p2a: Toxapex|80/100 brn|[from] brn
|upkeep
|turn|82
|
|t:|1661563414
|switch|p1a: Byakko|Zapdos, shiny|58/100 tox
|move|p2a: Toxapex|Scald|p1a: Byakko
|-damage|p1a: Byakko|40/100 tox
|
|-damage|p1a: Byakko|34/100 tox|[from] psn
|-damage|p2a: Toxapex|74/100 brn|[from] brn
|upkeep
|turn|83
|l| Sosisjis
|
|t:|1661563421
|move|p1a: Byakko|Thunderbolt|p2a: Toxapex
|-supereffective|p2a: Toxapex
|-damage|p2a: Toxapex|0 fnt
|faint|p2a: Toxapex
|
|-damage|p1a: Byakko|21/100 tox|[from] psn
|upkeep
|
|t:|1661563424
|switch|p2a: Zapdos|Zapdos|90/100
|-ability|p2a: Zapdos|Pressure
|turn|84
|c|☆wish kisser|g
|
|t:|1661563428
|move|p1a: Byakko|Roost|p1a: Byakko
|-heal|p1a: Byakko|71/100 tox
|-singleturn|p1a: Byakko|move: Roost
|move|p2a: Zapdos|Discharge|p1a: Byakko
|-resisted|p1a: Byakko
|-damage|p1a: Byakko|50/100 tox
|
|-damage|p1a: Byakko|32/100 tox|[from] psn
|upkeep
|turn|85
|
|t:|1661563435
|move|p1a: Byakko|Roost|p1a: Byakko
|-heal|p1a: Byakko|82/100 tox
|-singleturn|p1a: Byakko|move: Roost
|move|p2a: Zapdos|Defog|p1a: Byakko
|-unboost|p1a: Byakko|evasion|1
|
|-damage|p1a: Byakko|57/100 tox|[from] psn
|upkeep
|turn|86
|
|t:|1661563445
|move|p1a: Byakko|Volt Switch|p2a: Zapdos
|-damage|p2a: Zapdos|56/100
|j| Stackexchange
|
|t:|1661563457
|switch|p1a: Zephyr|Zeraora, shiny|30/100 tox|[from]move: Volt Switch
|move|p2a: Zapdos|Roost|p2a: Zapdos
|-heal|p2a: Zapdos|100/100
|-singleturn|p2a: Zapdos|move: Roost
|
|-damage|p1a: Zephyr|24/100 tox|[from] psn
|upkeep
|turn|87
|
|t:|1661563462
|switch|p1a: Deathstroke|Kartana, shiny|70/100
|move|p2a: Zapdos|Discharge|p1a: Deathstroke
|-resisted|p1a: Deathstroke
|-damage|p1a: Deathstroke|17/100
|
|upkeep
|turn|88
|
|t:|1661563468
|move|p1a: Deathstroke|Leaf Blade|p2a: Zapdos
|-resisted|p2a: Zapdos
|-damage|p2a: Zapdos|80/100
|move|p2a: Zapdos|Defog|p1a: Deathstroke
|-unboost|p1a: Deathstroke|evasion|1
|
|upkeep
|turn|89
|
|t:|1661563474
|switch|p1a: Byakko|Zapdos, shiny|57/100 tox
|move|p2a: Zapdos|Roost|p2a: Zapdos
|-heal|p2a: Zapdos|100/100
|-singleturn|p2a: Zapdos|move: Roost
|
|-damage|p1a: Byakko|51/100 tox|[from] psn
|upkeep
|turn|90
|l| Stackexchange
|
|t:|1661563478
|move|p1a: Byakko|Roost|p1a: Byakko
|-heal|p1a: Byakko|100/100 tox
|-singleturn|p1a: Byakko|move: Roost
|move|p2a: Zapdos|Toxic|p1a: Byakko
|-fail|p1a: Byakko|tox
|
|-damage|p1a: Byakko|88/100 tox|[from] psn
|upkeep
|turn|91
|
|t:|1661563491
|move|p1a: Byakko|Hurricane|p2a: Zapdos
|-resisted|p2a: Zapdos
|-damage|p2a: Zapdos|73/100
|move|p2a: Zapdos|Defog|p1a: Byakko
|-unboost|p1a: Byakko|evasion|1
|
|-damage|p1a: Byakko|69/100 tox|[from] psn
|upkeep
|turn|92
|l| LT94JE Tace
|
|t:|1661563498
|switch|p1a: Zephyr|Zeraora, shiny|24/100 tox
|move|p2a: Zapdos|Roost|p2a: Zapdos
|-heal|p2a: Zapdos|100/100
|-singleturn|p2a: Zapdos|move: Roost
|
|-damage|p1a: Zephyr|18/100 tox|[from] psn
|upkeep
|turn|93
|j| CJQ1990
|
|t:|1661563502
|switch|p2a: Quagsire|Quagsire, M|52/100 tox
|move|p1a: Zephyr|Toxic|p2a: Quagsire
|-fail|p2a: Quagsire|tox
|
|-damage|p1a: Zephyr|6/100 tox|[from] psn
|-damage|p2a: Quagsire|45/100 tox|[from] psn
|upkeep
|turn|94
|
|t:|1661563509
|switch|p1a: Byakko|Zapdos, shiny|69/100 tox
|move|p2a: Quagsire|Recover|p2a: Quagsire
|-heal|p2a: Quagsire|95/100 tox
|
|-damage|p1a: Byakko|63/100 tox|[from] psn
|-damage|p2a: Quagsire|83/100 tox|[from] psn
|upkeep
|turn|95
|
|t:|1661563514
|move|p1a: Byakko|Volt Switch|p2a: Quagsire
|-immune|p2a: Quagsire
|move|p2a: Quagsire|Recover|p2a: Quagsire
|-heal|p2a: Quagsire|100/100 tox
|
|-damage|p1a: Byakko|51/100 tox|[from] psn
|-damage|p2a: Quagsire|82/100 tox|[from] psn
|upkeep
|turn|96
|
|t:|1661563519
|switch|p1a: Deathstroke|Kartana, shiny|17/100
|switch|p2a: Zapdos|Zapdos|100/100
|-ability|p2a: Zapdos|Pressure
|
|upkeep
|turn|97
|
|t:|1661563526
|switch|p1a: Byakko|Zapdos, shiny|51/100 tox
|move|p2a: Zapdos|Discharge|p1a: Byakko
|-damage|p1a: Byakko|12/100 tox
|
|-damage|p1a: Byakko|6/100 tox|[from] psn
|upkeep
|turn|98
|
|t:|1661563534
|move|p1a: Byakko|Roost|p1a: Byakko
|-heal|p1a: Byakko|56/100 tox
|-singleturn|p1a: Byakko|move: Roost
|move|p2a: Zapdos|Discharge|p1a: Byakko
|-resisted|p1a: Byakko
|-damage|p1a: Byakko|38/100 tox
|
|-damage|p1a: Byakko|26/100 tox|[from] psn
|upkeep
|turn|99
|
|t:|1661563539
|move|p1a: Byakko|Roost|p1a: Byakko
|-heal|p1a: Byakko|76/100 tox
|-singleturn|p1a: Byakko|move: Roost
|move|p2a: Zapdos|Defog|p1a: Byakko
|-unboost|p1a: Byakko|evasion|1
|
|-damage|p1a: Byakko|57/100 tox|[from] psn
|upkeep
|turn|100
|
|t:|1661563544
|switch|p2a: Quagsire|Quagsire, M|82/100 tox
|move|p1a: Byakko|Hurricane|p2a: Quagsire
|-damage|p2a: Quagsire|11/100 tox
|-start|p2a: Quagsire|confusion
|
|-damage|p1a: Byakko|32/100 tox|[from] psn
|-damage|p2a: Quagsire|5/100 tox|[from] psn
|upkeep
|turn|101
|
|t:|1661563552
|switch|p2a: Zapdos|Zapdos|100/100
|-ability|p2a: Zapdos|Pressure
|move|p1a: Byakko|Hurricane|p2a: Zapdos
|-resisted|p2a: Zapdos
|-damage|p2a: Zapdos|75/100
|-start|p2a: Zapdos|confusion
|
|-damage|p1a: Byakko|1/100 tox|[from] psn
|upkeep
|turn|102
|
|t:|1661563561
|move|p1a: Byakko|Roost|p1a: Byakko
|-heal|p1a: Byakko|51/100 tox
|-singleturn|p1a: Byakko|move: Roost
|-activate|p2a: Zapdos|confusion
|move|p2a: Zapdos|Roost|p2a: Zapdos
|-heal|p2a: Zapdos|100/100
|-singleturn|p2a: Zapdos|move: Roost
|
|-damage|p1a: Byakko|14/100 tox|[from] psn
|upkeep
|turn|103
|
|t:|1661563578
|move|p1a: Byakko|Volt Switch|p2a: Zapdos
|-damage|p2a: Zapdos|68/100
|
|t:|1661563581
|switch|p1a: Chaos|Heatran, M, shiny|19/100 par|[from]move: Volt Switch
|-activate|p2a: Zapdos|confusion
|move|p2a: Zapdos|Toxic||[still]
|-fail|p2a: Zapdos
|
|upkeep
|turn|104
|
|t:|1661563588
|cant|p1a: Chaos|par
|-activate|p2a: Zapdos|confusion
|move|p2a: Zapdos|Discharge|p1a: Chaos
|-damage|p1a: Chaos|0 fnt
|faint|p1a: Chaos
|
|upkeep
|
|t:|1661563591
|switch|p1a: Zephyr|Zeraora, shiny|6/100 tox
|turn|105
|
|t:|1661563596
|switch|p1a: Deathstroke|Kartana, shiny|17/100
|-end|p2a: Zapdos|confusion
|move|p2a: Zapdos|Roost|p2a: Zapdos
|-heal|p2a: Zapdos|100/100
|-singleturn|p2a: Zapdos|move: Roost
|
|upkeep
|turn|106
|
|t:|1661563614
|move|p1a: Deathstroke|Knock Off|p2a: Zapdos
|-damage|p2a: Zapdos|68/100
|-enditem|p2a: Zapdos|Heavy-Duty Boots|[from] move: Knock Off|[of] p1a: Deathstroke
|move|p2a: Zapdos|Discharge|p1a: Deathstroke
|-resisted|p1a: Deathstroke
|-damage|p1a: Deathstroke|0 fnt
|faint|p1a: Deathstroke
|
|upkeep
|
|t:|1661563618
|switch|p1a: Zephyr|Zeraora, shiny|6/100 tox
|turn|107
|
|t:|1661563624
|switch|p1a: Byakko|Zapdos, shiny|14/100 tox
|move|p2a: Zapdos|Defog|p1a: Byakko
|-unboost|p1a: Byakko|evasion|1
|
|-damage|p1a: Byakko|8/100 tox|[from] psn
|upkeep
|turn|108
|
|t:|1661563632
|move|p1a: Byakko|Roost|p1a: Byakko
|-heal|p1a: Byakko|58/100 tox
|-singleturn|p1a: Byakko|move: Roost
|move|p2a: Zapdos|Discharge|p1a: Byakko
|-resisted|p1a: Byakko
|-damage|p1a: Byakko|39/100 tox
|
|-damage|p1a: Byakko|27/100 tox|[from] psn
|upkeep
|turn|109
|
|t:|1661563643
|move|p1a: Byakko|Volt Switch|p2a: Zapdos
|-damage|p2a: Zapdos|31/100
|
|t:|1661563645
|switch|p1a: Zephyr|Zeraora, shiny|6/100 tox|[from]move: Volt Switch
|move|p2a: Zapdos|Toxic|p1a: Zephyr
|-fail|p1a: Zephyr|tox
|
|-damage|p1a: Zephyr|0 fnt|[from] psn
|faint|p1a: Zephyr
|upkeep
|
|t:|1661563647
|switch|p1a: Byakko|Zapdos, shiny|27/100 tox
|turn|110
|c|☆wish kisser|gg
|c|☆wish kisser|hard game
|c|☆wish kisser|asf
|
|t:|1661563671
|move|p1a: Byakko|Thunderbolt|p2a: Zapdos
|-damage|p2a: Zapdos|0 fnt
|faint|p2a: Zapdos
|
|-damage|p1a: Byakko|21/100 tox|[from] psn
|upkeep
|
|t:|1661563675
|switch|p2a: Quagsire|Quagsire, M|5/100 tox
|turn|111
|
|t:|1661563679
|move|p1a: Byakko|Volt Switch|p2a: Quagsire
|-immune|p2a: Quagsire
|move|p2a: Quagsire|Recover|p2a: Quagsire
|-heal|p2a: Quagsire|55/100 tox
|
|-damage|p1a: Byakko|8/100 tox|[from] psn
|-damage|p2a: Quagsire|49/100 tox|[from] psn
|upkeep
|turn|112
|
|t:|1661563684
|move|p1a: Byakko|Roost|p1a: Byakko
|-heal|p1a: Byakko|58/100 tox
|-singleturn|p1a: Byakko|move: Roost
|move|p2a: Quagsire|Recover|p2a: Quagsire
|-heal|p2a: Quagsire|99/100 tox
|
|-damage|p1a: Byakko|40/100 tox|[from] psn
|-damage|p2a: Quagsire|87/100 tox|[from] psn
|upkeep
|turn|113
|c|☆wish kisser|wait
|c|☆wish kisser|i dont have
|c|☆wish kisser|hurricane
|
|t:|1661563692
|move|p1a: Byakko|Roost|p1a: Byakko
|-heal|p1a: Byakko|90/100 tox
|-singleturn|p1a: Byakko|move: Roost
|move|p2a: Quagsire|Scald|p1a: Byakko
|-damage|p1a: Byakko|65/100 tox
|
|-damage|p1a: Byakko|40/100 tox|[from] psn
|-damage|p2a: Quagsire|69/100 tox|[from] psn
|upkeep
|turn|114
|c|☆wish kisser|gg
|
|t:|1661563696
|move|p1a: Byakko|Volt Switch|p2a: Quagsire
|-immune|p2a: Quagsire
|move|p2a: Quagsire|Recover|p2a: Quagsire
|-heal|p2a: Quagsire|100/100 tox
|
|-damage|p1a: Byakko|9/100 tox|[from] psn
|-damage|p2a: Quagsire|76/100 tox|[from] psn
|upkeep
|turn|115
|
|t:|1661563698
|move|p1a: Byakko|Volt Switch|p2a: Quagsire
|-immune|p2a: Quagsire
|move|p2a: Quagsire|Earthquake|p1a: Byakko
|-immune|p1a: Byakko
|
|-damage|p1a: Byakko|0 fnt|[from] psn
|faint|p1a: Byakko
|
|win|LT94JEwangyu
|upkeep
|raw|wish kisser's rating: 1911 &rarr; <strong>1886</strong><br />(-25 for losing)
|raw|LT94JEwangyu's rating: 1815 &rarr; <strong>1840</strong><br />(+25 for winning)
|c| sgvh|crazy
|l| Santiago Bernabeu
|c|☆wish kisser|wp
|l| LT94JE Origami♕
|l| KMNg99
|l| sgvh
|l|☆wish kisser
|l| Raikou solar
||Ladder isn't responding, score probably updated but might not have (Request timeout).
