|j|☆beergoggles
|j|☆Geenobe
|t:|1663894978
|gametype|singles
|player|p1|beergoggles|pokekid|1453
|player|p2|Geenobe|266|1348
|teamsize|p1|6
|teamsize|p2|6
|gen|8
|tier|[Gen 8] OU
|rated|
|rule|Sleep Clause Mod: Limit one foe put to sleep
|rule|Species Clause: Limit one of each Pokémon
|rule|OHKO Clause: OHKO moves are banned
|rule|Evasion Items Clause: Evasion items are banned
|rule|Evasion Moves Clause: Evasion moves are banned
|rule|Endless Battle Clause: Forcing endless battles is banned
|rule|HP Percentage Mod: HP is shown in percentages
|rule|Dynamax Clause: You cannot dynamax
|clearpoke
|poke|p1|Hawlucha, M|
|poke|p1|Mew|
|poke|p1|Tapu Koko|
|poke|p1|Ninetales-Alola, M|
|poke|p1|Azelf|
|poke|p1|Raichu-Alola, M|
|poke|p2|Landorus-Therian, M|
|poke|p2|Rillaboom, F|
|poke|p2|Mew|
|poke|p2|Dragapult, M|
|poke|p2|Blaziken, F|
|poke|p2|Nihilego|
|teampreview
|inactive|Battle timer is ON: inactive players will automatically lose when time's up. (requested by beergoggles)
|
|t:|1663895005
|start
|switch|p1a: Azelf|Azelf|100/100
|switch|p2a: Blaziken|Blaziken, F|100/100
|-item|p2a: Blaziken|Air Balloon
|turn|1
|
|t:|1663895014
|move|p1a: Azelf|Stealth Rock|p2a: Blaziken
|-sidestart|p2: Geenobe|move: Stealth Rock
|move|p2a: Blaziken|Thunder Punch|p1a: Azelf
|-damage|p1a: Azelf|64/100
|
|-ability|p2a: Blaziken|Speed Boost|boost
|-boost|p2a: Blaziken|spe|1
|upkeep
|turn|2
|
|t:|1663895022
|move|p2a: Blaziken|Flare Blitz|p1a: Azelf
|-damage|p1a: Azelf|0 fnt
|faint|p1a: Azelf
|-damage|p2a: Blaziken|80/100|[from] Recoil
|
|-ability|p2a: Blaziken|Speed Boost|boost
|-boost|p2a: Blaziken|spe|1
|upkeep
|inactive|beergoggles has 120 seconds left.
|
|t:|1663895063
|switch|p1a: Tapu Koko|Tapu Koko|100/100
|-fieldstart|move: Electric Terrain|[from] ability: Electric Surge|[of] p1a: Tapu Koko
|turn|3
|inactive|beergoggles has 120 seconds left.
|
|t:|1663895069
|move|p2a: Blaziken|Flare Blitz|p1a: Tapu Koko
|-damage|p1a: Tapu Koko|14/100
|-damage|p2a: Blaziken|53/100|[from] Recoil
|move|p1a: Tapu Koko|Volt Switch|p2a: Blaziken
|-damage|p2a: Blaziken|0 fnt
|-enditem|p2a: Blaziken|Air Balloon
|faint|p2a: Blaziken
|inactive|beergoggles has 120 seconds left.
|
|t:|1663895088
|switch|p1a: Ninetales|Ninetales-Alola, M|100/100|[from]move: Volt Switch
|-weather|Hail|[from] ability: Snow Warning|[of] p1a: Ninetales
|
|-weather|Hail|[upkeep]
|upkeep
|
|t:|1663895095
|switch|p2a: Nihilego|Nihilego|100/100
|-damage|p2a: Nihilego|88/100|[from] Stealth Rock
|turn|4
|inactive|beergoggles has 120 seconds left.
|
|t:|1663895103
|move|p1a: Ninetales|Aurora Veil|p1a: Ninetales
|-sidestart|p1: beergoggles|move: Aurora Veil
|move|p2a: Nihilego|Meteor Beam||[still]
|-prepare|p2a: Nihilego|Meteor Beam
|-boost|p2a: Nihilego|spa|1
|-enditem|p2a: Nihilego|Power Herb
|-anim|p2a: Nihilego|Meteor Beam|p1a: Ninetales
|-supereffective|p1a: Ninetales
|-damage|p1a: Ninetales|0 fnt
|faint|p1a: Ninetales
|-ability|p2a: Nihilego|Beast Boost|boost
|-boost|p2a: Nihilego|spe|1
|
|-weather|Hail|[upkeep]
|-damage|p2a: Nihilego|82/100|[from] Hail
|upkeep
|inactive|beergoggles has 120 seconds left.
|
|t:|1663895120
|switch|p1a: Raichu|Raichu-Alola, M|100/100
|turn|5
|
|t:|1663895133
|move|p1a: Raichu|Surf|p2a: Nihilego
|-supereffective|p2a: Nihilego
|-damage|p2a: Nihilego|36/100
|move|p2a: Nihilego|Sludge Wave|p1a: Raichu
|-damage|p1a: Raichu|50/100
|
|-weather|Hail|[upkeep]
|-damage|p1a: Raichu|44/100|[from] Hail
|-damage|p2a: Nihilego|30/100|[from] Hail
|upkeep
|turn|6
|inactive|beergoggles has 120 seconds left.
|
|t:|1663895145
|move|p1a: Raichu|Psychic|p2a: Nihilego
|-supereffective|p2a: Nihilego
|-damage|p2a: Nihilego|0 fnt
|faint|p2a: Nihilego
|
|-weather|Hail|[upkeep]
|-damage|p1a: Raichu|38/100|[from] Hail
|upkeep
|
|t:|1663895149
|switch|p2a: Rillaboom|Rillaboom, F|100/100
|-damage|p2a: Rillaboom|88/100|[from] Stealth Rock
|-fieldstart|move: Grassy Terrain|[from] ability: Grassy Surge|[of] p2a: Rillaboom
|turn|7
|
|t:|1663895162
|switch|p1a: Tapu Koko|Tapu Koko|14/100
|-fieldstart|move: Electric Terrain|[from] ability: Electric Surge|[of] p1a: Tapu Koko
|move|p2a: Rillaboom|Grassy Glide|p1a: Tapu Koko
|-damage|p1a: Tapu Koko|0 fnt
|faint|p1a: Tapu Koko
|-damage|p2a: Rillaboom|78/100|[from] item: Life Orb
|
|-weather|none
|upkeep
|inactive|beergoggles has 120 seconds left.
|
|t:|1663895177
|switch|p1a: Hawlucha|Hawlucha, M|100/100
|-enditem|p1a: Hawlucha|Electric Seed
|-boost|p1a: Hawlucha|def|1|[from] item: Electric Seed
|turn|8
|
|t:|1663895194
|switch|p2a: Landorus|Landorus-Therian, M|100/100
|-damage|p2a: Landorus|88/100|[from] Stealth Rock
|-ability|p2a: Landorus|Intimidate|boost
|-unboost|p1a: Hawlucha|atk|1
|move|p1a: Hawlucha|Swords Dance|p1a: Hawlucha
|-boost|p1a: Hawlucha|atk|2
|
|upkeep
|turn|9
|
|t:|1663895207
|move|p1a: Hawlucha|Swords Dance|p1a: Hawlucha
|-boost|p1a: Hawlucha|atk|2
|move|p2a: Landorus|Explosion|p1a: Hawlucha
|-damage|p1a: Hawlucha|59/100
|faint|p2a: Landorus
|
|upkeep
|
|t:|1663895212
|switch|p2a: Mew|Mew|100/100
|-damage|p2a: Mew|88/100|[from] Stealth Rock
|turn|10
|
|t:|1663895216
|move|p1a: Hawlucha|Acrobatics|p2a: Mew
|-damage|p2a: Mew|0 fnt
|faint|p2a: Mew
|
|upkeep
|
|t:|1663895222
|switch|p2a: Dragapult|Dragapult, M|100/100
|-damage|p2a: Dragapult|88/100|[from] Stealth Rock
|turn|11
|
|t:|1663895226
|move|p1a: Hawlucha|Acrobatics|p2a: Dragapult
|-damage|p2a: Dragapult|0 fnt
|faint|p2a: Dragapult
|
|-sideend|p1: beergoggles|move: Aurora Veil
|upkeep
|
|t:|1663895227
|switch|p2a: Rillaboom|Rillaboom, F|78/100
|-damage|p2a: Rillaboom|66/100|[from] Stealth Rock
|-fieldstart|move: Grassy Terrain|[from] ability: Grassy Surge|[of] p2a: Rillaboom
|turn|12
|
|t:|1663895234
|move|p2a: Rillaboom|Grassy Glide|p1a: Hawlucha
|-resisted|p1a: Hawlucha
|-damage|p1a: Hawlucha|29/100
|-damage|p2a: Rillaboom|56/100|[from] item: Life Orb
|move|p1a: Hawlucha|Drain Punch|p2a: Rillaboom
|-damage|p2a: Rillaboom|0 fnt
|-heal|p1a: Hawlucha|61/100|[from] drain|[of] p2a: Rillaboom
|faint|p2a: Rillaboom
|
|win|beergoggles
|raw|beergoggles's rating: 1453 &rarr; <strong>1467</strong><br />(+14 for winning)
|raw|Geenobe's rating: 1348 &rarr; <strong>1334</strong><br />(-14 for losing)
|l|☆Geenobe
||Ladder isn't responding, score probably updated but might not have (Request timeout).
