|j|☆Bloody Busybody
|j|☆dream nail
|t:|1664554789
|gametype|singles
|player|p1|Bloody Busybody|bugcatcher|1758
|player|p2|dream nail|valerie|1687
|teamsize|p1|6
|teamsize|p2|6
|gen|8
|tier|[Gen 8] OU
|rated|
|rule|Sleep Clause Mod: Limit one foe put to sleep
|rule|Species Clause: Limit one of each Pokémon
|rule|OHKO Clause: OHKO moves are banned
|rule|Evasion Items Clause: Evasion items are banned
|rule|Evasion Moves Clause: Evasion moves are banned
|rule|Endless Battle Clause: Forcing endless battles is banned
|rule|HP Percentage Mod: HP is shown in percentages
|rule|Dynamax Clause: You cannot dynamax
|clearpoke
|poke|p1|Volcanion|
|poke|p1|Corviknight, M|
|poke|p1|Mamoswine, F|
|poke|p1|Blissey, F|
|poke|p1|Rillaboom, M|
|poke|p1|Hydreigon, M|
|poke|p2|Gastrodon, F|
|poke|p2|Rillaboom, M|
|poke|p2|Tornadus-Therian, M|
|poke|p2|Melmetal|
|poke|p2|Tyranitar, F|
|poke|p2|Clefable, F|
|teampreview
|inactive|Battle timer is ON: inactive players will automatically lose when time's up. (requested by dream nail)
|
|t:|1664554796
|start
|switch|p1a: Rillaboom|Rillaboom, M|100/100
|switch|p2a: Rillaboom|Rillaboom, M, shiny|100/100
|-fieldstart|move: Grassy Terrain|[from] ability: Grassy Surge|[of] p2a: Rillaboom
|turn|1
|j| StupidIdiotMe
|
|t:|1664554811
|switch|p2a: Tornadus|Tornadus-Therian, M|100/100
|move|p1a: Rillaboom|U-turn|p2a: Tornadus
|-resisted|p2a: Tornadus
|-damage|p2a: Tornadus|81/100
|
|t:|1664554813
|switch|p1a: Mamoswine|Mamoswine, F|100/100|[from]move: U-turn
|
|upkeep
|turn|2
|inactive|dream nail has 120 seconds left.
|
|t:|1664554866
|switch|p2a: Gastrodon|Gastrodon, F|100/100
|move|p1a: Mamoswine|Icicle Crash|p2a: Gastrodon
|-damage|p2a: Gastrodon|68/100
|
|-heal|p2a: Gastrodon|74/100|[from] Grassy Terrain
|-heal|p2a: Gastrodon|80/100|[from] item: Leftovers
|upkeep
|turn|3
|
|t:|1664554877
|switch|p1a: Blissey|Blissey, F|100/100
|move|p2a: Gastrodon|Scald|p1a: Blissey
|-damage|p1a: Blissey|91/100
|
|-heal|p1a: Blissey|97/100|[from] Grassy Terrain
|-heal|p2a: Gastrodon|86/100|[from] Grassy Terrain
|-heal|p2a: Gastrodon|93/100|[from] item: Leftovers
|upkeep
|turn|4
|
|t:|1664554882
|switch|p2a: Tornadus|Tornadus-Therian, M|100/100
|move|p1a: Blissey|Teleport|p1a: Blissey
|
|t:|1664554885
|switch|p1a: Mamoswine|Mamoswine, F|100/100|[from]move: Teleport
|
|upkeep
|turn|5
|inactive|dream nail has 120 seconds left.
|l| StupidIdiotMe
|
|t:|1664554899
|switch|p2a: Gastrodon|Gastrodon, F|93/100
|move|p1a: Mamoswine|Icicle Crash|p2a: Gastrodon
|-damage|p2a: Gastrodon|60/100
|
|-heal|p2a: Gastrodon|66/100|[from] Grassy Terrain
|-heal|p2a: Gastrodon|72/100|[from] item: Leftovers
|-fieldend|move: Grassy Terrain
|upkeep
|turn|6
|inactive|dream nail has 120 seconds left.
|
|t:|1664554904
|switch|p1a: Corviknight|Corviknight, M|100/100
|-ability|p1a: Corviknight|Pressure
|move|p2a: Gastrodon|Toxic|p1a: Corviknight
|-immune|p1a: Corviknight
|
|-heal|p2a: Gastrodon|78/100|[from] item: Leftovers
|upkeep
|turn|7
|
|t:|1664554906
|move|p1a: Corviknight|U-turn|p2a: Gastrodon
|-damage|p2a: Gastrodon|68/100
|
|t:|1664554908
|switch|p1a: Volcanion|Volcanion|100/100|[from]move: U-turn
|move|p2a: Gastrodon|Scald|p1a: Volcanion
|-immune|p1a: Volcanion|[from] ability: Water Absorb
|
|-heal|p2a: Gastrodon|74/100|[from] item: Leftovers
|upkeep
|turn|8
|
|t:|1664554915
|switch|p1a: Corviknight|Corviknight, M|100/100
|-ability|p1a: Corviknight|Pressure
|move|p2a: Gastrodon|Earth Power|p1a: Corviknight
|-immune|p1a: Corviknight
|
|-heal|p2a: Gastrodon|80/100|[from] item: Leftovers
|upkeep
|turn|9
|
|t:|1664554917
|move|p1a: Corviknight|U-turn|p2a: Gastrodon
|-damage|p2a: Gastrodon|70/100
|
|t:|1664554919
|switch|p1a: Blissey|Blissey, F|97/100|[from]move: U-turn
|move|p2a: Gastrodon|Scald|p1a: Blissey
|-damage|p1a: Blissey|88/100
|
|-heal|p2a: Gastrodon|76/100|[from] item: Leftovers
|upkeep
|turn|10
|
|t:|1664554928
|move|p2a: Gastrodon|Earth Power|p1a: Blissey
|-damage|p1a: Blissey|77/100
|move|p1a: Blissey|Teleport|p1a: Blissey
|
|t:|1664554931
|switch|p1a: Rillaboom|Rillaboom, M|100/100|[from]move: Teleport
|-fieldstart|move: Grassy Terrain|[from] ability: Grassy Surge|[of] p1a: Rillaboom
|
|-heal|p2a: Gastrodon|82/100|[from] Grassy Terrain
|-heal|p2a: Gastrodon|88/100|[from] item: Leftovers
|upkeep
|turn|11
|
|t:|1664554934
|switch|p2a: Tornadus|Tornadus-Therian, M|100/100
|move|p1a: Rillaboom|Knock Off|p2a: Tornadus
|-damage|p2a: Tornadus|48/100
|-enditem|p2a: Tornadus|Heavy-Duty Boots|[from] move: Knock Off|[of] p1a: Rillaboom
|
|upkeep
|turn|12
|
|t:|1664554940
|switch|p1a: Corviknight|Corviknight, M|100/100
|-ability|p1a: Corviknight|Pressure
|move|p2a: Tornadus|Knock Off|p1a: Corviknight
|-damage|p1a: Corviknight|88/100
|-damage|p2a: Tornadus|31/100|[from] item: Rocky Helmet|[of] p1a: Corviknight
|-enditem|p1a: Corviknight|Rocky Helmet|[from] move: Knock Off|[of] p2a: Tornadus
|
|upkeep
|turn|13
|
|t:|1664554944
|switch|p2a: Gastrodon|Gastrodon, F|88/100
|move|p1a: Corviknight|U-turn|p2a: Gastrodon
|-damage|p2a: Gastrodon|77/100
|
|t:|1664554946
|switch|p1a: Rillaboom|Rillaboom, M|100/100|[from]move: U-turn
|
|-heal|p2a: Gastrodon|83/100|[from] Grassy Terrain
|-heal|p2a: Gastrodon|89/100|[from] item: Leftovers
|upkeep
|turn|14
|
|t:|1664554949
|switch|p2a: Tornadus|Tornadus-Therian, M|64/100
|move|p1a: Rillaboom|U-turn|p2a: Tornadus
|-resisted|p2a: Tornadus
|-crit|p2a: Tornadus
|-damage|p2a: Tornadus|36/100
|
|t:|1664554952
|switch|p1a: Mamoswine|Mamoswine, F|100/100|[from]move: U-turn
|
|-fieldend|move: Grassy Terrain
|upkeep
|turn|15
|
|t:|1664554959
|switch|p2a: Gastrodon|Gastrodon, F|89/100
|move|p1a: Mamoswine|Stealth Rock|p2a: Gastrodon
|-sidestart|p2: dream nail|move: Stealth Rock
|
|-heal|p2a: Gastrodon|95/100|[from] item: Leftovers
|upkeep
|turn|16
|
|t:|1664554965
|switch|p1a: Blissey|Blissey, F|77/100
|switch|p2a: Tornadus|Tornadus-Therian, M|69/100
|-damage|p2a: Tornadus|44/100|[from] Stealth Rock
|
|upkeep
|turn|17
|
|t:|1664554968
|move|p2a: Tornadus|Defog|p1a: Blissey
|-unboost|p1a: Blissey|evasion|1
|-sideend|p2: dream nail|Stealth Rock|[from] move: Defog|[of] p2a: Tornadus
|move|p1a: Blissey|Toxic|p2a: Tornadus
|-status|p2a: Tornadus|tox
|
|-damage|p2a: Tornadus|38/100 tox|[from] psn
|upkeep
|turn|18
|
|t:|1664554970
|move|p2a: Tornadus|Superpower|p1a: Blissey
|-supereffective|p1a: Blissey
|-damage|p1a: Blissey|29/100
|-unboost|p2a: Tornadus|atk|1
|-unboost|p2a: Tornadus|def|1
|move|p1a: Blissey|Teleport|p1a: Blissey
|
|t:|1664554974
|switch|p1a: Mamoswine|Mamoswine, F|100/100|[from]move: Teleport
|
|-damage|p2a: Tornadus|26/100 tox|[from] psn
|upkeep
|turn|19
|
|t:|1664554981
|switch|p2a: Clefable|Clefable, F|100/100
|move|p1a: Mamoswine|Stealth Rock|p2a: Clefable
|-sidestart|p2: dream nail|move: Stealth Rock
|
|upkeep
|turn|20
|
|t:|1664554990
|switch|p1a: Rillaboom|Rillaboom, M|100/100
|-fieldstart|move: Grassy Terrain|[from] ability: Grassy Surge|[of] p1a: Rillaboom
|move|p2a: Clefable|Calm Mind|p2a: Clefable
|-boost|p2a: Clefable|spa|1
|-boost|p2a: Clefable|spd|1
|
|upkeep
|turn|21
|
|t:|1664554994
|move|p1a: Rillaboom|Grassy Glide|p2a: Clefable
|-damage|p2a: Clefable|38/100
|move|p2a: Clefable|Soft-Boiled|p2a: Clefable
|-heal|p2a: Clefable|88/100
|
|-heal|p2a: Clefable|94/100|[from] Grassy Terrain
|upkeep
|turn|22
|
|t:|1664554999
|move|p1a: Rillaboom|Grassy Glide|p2a: Clefable
|-damage|p2a: Clefable|33/100
|move|p2a: Clefable|Soft-Boiled|p2a: Clefable
|-heal|p2a: Clefable|83/100
|
|-heal|p2a: Clefable|89/100|[from] Grassy Terrain
|upkeep
|turn|23
|
|t:|1664555002
|move|p1a: Rillaboom|Grassy Glide|p2a: Clefable
|-damage|p2a: Clefable|32/100
|move|p2a: Clefable|Soft-Boiled|p2a: Clefable
|-heal|p2a: Clefable|82/100
|
|-heal|p2a: Clefable|89/100|[from] Grassy Terrain
|upkeep
|turn|24
|
|t:|1664555005
|move|p1a: Rillaboom|Grassy Glide|p2a: Clefable
|-crit|p2a: Clefable
|-damage|p2a: Clefable|0 fnt
|faint|p2a: Clefable
|
|-fieldend|move: Grassy Terrain
|upkeep
|
|t:|1664555014
|switch|p2a: Melmetal|Melmetal|100/100
|-damage|p2a: Melmetal|94/100|[from] Stealth Rock
|turn|25
|
|t:|1664555019
|switch|p1a: Volcanion|Volcanion|100/100
|move|p2a: Melmetal|Dynamic Punch|p1a: Volcanion
|-damage|p1a: Volcanion|63/100
|-start|p1a: Volcanion|confusion
|
|upkeep
|turn|26
|
|t:|1664555026
|switch|p1a: Corviknight|Corviknight, M|88/100
|-ability|p1a: Corviknight|Pressure
|move|p2a: Melmetal|Dynamic Punch|p1a: Corviknight
|-damage|p1a: Corviknight|58/100
|-start|p1a: Corviknight|confusion
|
|upkeep
|turn|27
|
|t:|1664555031
|-activate|p1a: Corviknight|confusion
|-damage|p1a: Corviknight|52/100|[from] confusion
|move|p2a: Melmetal|Dynamic Punch|p1a: Corviknight|[miss]
|-miss|p2a: Melmetal|p1a: Corviknight
|-enditem|p2a: Melmetal|Blunder Policy
|-boost|p2a: Melmetal|spe|2
|
|upkeep
|turn|28
|
|t:|1664555036
|move|p2a: Melmetal|Thunder Punch|p1a: Corviknight
|-supereffective|p1a: Corviknight
|-damage|p1a: Corviknight|11/100
|-end|p1a: Corviknight|confusion
|move|p1a: Corviknight|Roost|p1a: Corviknight
|-heal|p1a: Corviknight|61/100
|-singleturn|p1a: Corviknight|move: Roost
|
|upkeep
|turn|29
|
|t:|1664555044
|move|p2a: Melmetal|Thunder Punch|p1a: Corviknight
|-supereffective|p1a: Corviknight
|-damage|p1a: Corviknight|20/100
|move|p1a: Corviknight|Roost|p1a: Corviknight
|-heal|p1a: Corviknight|70/100
|-singleturn|p1a: Corviknight|move: Roost
|
|upkeep
|turn|30
|
|t:|1664555048
|move|p2a: Melmetal|Thunder Punch|p1a: Corviknight
|-supereffective|p1a: Corviknight
|-damage|p1a: Corviknight|27/100
|move|p1a: Corviknight|Roost|p1a: Corviknight
|-heal|p1a: Corviknight|77/100
|-singleturn|p1a: Corviknight|move: Roost
|
|upkeep
|turn|31
|
|t:|1664555056
|move|p2a: Melmetal|Double Iron Bash|p1a: Corviknight
|-resisted|p1a: Corviknight
|-crit|p1a: Corviknight
|-damage|p1a: Corviknight|58/100
|-resisted|p1a: Corviknight
|-damage|p1a: Corviknight|44/100
|-hitcount|p1a: Corviknight|2
|move|p1a: Corviknight|Roost|p1a: Corviknight
|-heal|p1a: Corviknight|94/100
|-singleturn|p1a: Corviknight|move: Roost
|
|upkeep
|turn|32
|
|t:|1664555060
|move|p2a: Melmetal|Thunder Punch|p1a: Corviknight
|-supereffective|p1a: Corviknight
|-damage|p1a: Corviknight|51/100
|-status|p1a: Corviknight|par
|move|p1a: Corviknight|Body Press|p2a: Melmetal
|-supereffective|p2a: Melmetal
|-damage|p2a: Melmetal|63/100
|
|upkeep
|turn|33
|
|t:|1664555067
|switch|p1a: Mamoswine|Mamoswine, F|100/100
|move|p2a: Melmetal|Double Iron Bash|p1a: Mamoswine
|-supereffective|p1a: Mamoswine
|-damage|p1a: Mamoswine|4/100
|-supereffective|p1a: Mamoswine
|-damage|p1a: Mamoswine|0 fnt
|faint|p1a: Mamoswine
|-hitcount|p1: Mamoswine|2
|
|upkeep
|
|t:|1664555071
|switch|p1a: Volcanion|Volcanion|63/100
|turn|34
|
|t:|1664555073
|move|p2a: Melmetal|Thunder Punch|p1a: Volcanion
|-supereffective|p1a: Volcanion
|-damage|p1a: Volcanion|0 fnt
|faint|p1a: Volcanion
|
|upkeep
|
|t:|1664555076
|switch|p1a: Hydreigon|Hydreigon, M|100/100
|turn|35
|
|t:|1664555079
|move|p2a: Melmetal|Double Iron Bash|p1a: Hydreigon
|-damage|p1a: Hydreigon|53/100
|-damage|p1a: Hydreigon|3/100
|-hitcount|p1a: Hydreigon|2
|move|p1a: Hydreigon|Dark Pulse|p2a: Melmetal
|-damage|p2a: Melmetal|2/100
|-damage|p1a: Hydreigon|0 fnt|[from] item: Life Orb
|faint|p1a: Hydreigon
|
|upkeep
|
|t:|1664555081
|switch|p1a: Rillaboom|Rillaboom, M|100/100
|-fieldstart|move: Grassy Terrain|[from] ability: Grassy Surge|[of] p1a: Rillaboom
|turn|36
|
|t:|1664555087
|move|p1a: Rillaboom|Grassy Glide|p2a: Melmetal
|-resisted|p2a: Melmetal
|-damage|p2a: Melmetal|0 fnt
|faint|p2a: Melmetal
|
|upkeep
|
|t:|1664555089
|switch|p2a: Tornadus|Tornadus-Therian, M|59/100 tox
|-damage|p2a: Tornadus|34/100 tox|[from] Stealth Rock
|turn|37
|
|t:|1664555093
|move|p1a: Rillaboom|Grassy Glide|p2a: Tornadus
|-resisted|p2a: Tornadus
|-damage|p2a: Tornadus|0 fnt
|faint|p2a: Tornadus
|
|upkeep
|
|t:|1664555096
|switch|p2a: Rillaboom|Rillaboom, M, shiny|100/100
|-damage|p2a: Rillaboom|88/100|[from] Stealth Rock
|turn|38
|
|t:|1664555099
|switch|p1a: Corviknight|Corviknight, M|51/100 par
|-ability|p1a: Corviknight|Pressure
|move|p2a: Rillaboom|U-turn|p1a: Corviknight
|-resisted|p1a: Corviknight
|-damage|p1a: Corviknight|45/100 par
|
|t:|1664555103
|switch|p2a: Gastrodon|Gastrodon, F|95/100|[from]move: U-turn
|-damage|p2a: Gastrodon|89/100|[from] Stealth Rock
|
|-heal|p2a: Gastrodon|95/100|[from] Grassy Terrain
|-heal|p2a: Gastrodon|100/100|[from] item: Leftovers
|upkeep
|turn|39
|
|t:|1664555105
|move|p2a: Gastrodon|Earth Power|p1a: Corviknight
|-immune|p1a: Corviknight
|move|p1a: Corviknight|Roost|p1a: Corviknight
|-heal|p1a: Corviknight|95/100 par
|-singleturn|p1a: Corviknight|move: Roost
|
|-heal|p1a: Corviknight|100/100 par|[from] Grassy Terrain
|upkeep
|turn|40
|
|t:|1664555108
|move|p2a: Gastrodon|Scald|p1a: Corviknight
|-damage|p1a: Corviknight|74/100 par
|cant|p1a: Corviknight|par
|
|-fieldend|move: Grassy Terrain
|upkeep
|turn|41
|
|t:|1664555111
|switch|p1a: Rillaboom|Rillaboom, M|100/100
|-fieldstart|move: Grassy Terrain|[from] ability: Grassy Surge|[of] p1a: Rillaboom
|move|p2a: Gastrodon|Scald|p1a: Rillaboom
|-resisted|p1a: Rillaboom
|-damage|p1a: Rillaboom|83/100
|
|-heal|p1a: Rillaboom|89/100|[from] Grassy Terrain
|upkeep
|turn|42
|
|t:|1664555114
|move|p1a: Rillaboom|Grassy Glide|p2a: Gastrodon
|-supereffective|p2a: Gastrodon
|-damage|p2a: Gastrodon|0 fnt
|faint|p2a: Gastrodon
|
|-heal|p1a: Rillaboom|95/100|[from] Grassy Terrain
|upkeep
|
|t:|1664555115
|switch|p2a: Rillaboom|Rillaboom, M, shiny|88/100
|-damage|p2a: Rillaboom|76/100|[from] Stealth Rock
|turn|43
|
|t:|1664555118
|switch|p1a: Corviknight|Corviknight, M|74/100 par
|-ability|p1a: Corviknight|Pressure
|move|p2a: Rillaboom|Knock Off|p1a: Corviknight
|-damage|p1a: Corviknight|51/100 par
|
|-heal|p2a: Rillaboom|82/100|[from] Grassy Terrain
|upkeep
|turn|44
|
|t:|1664555121
|switch|p2a: Tyranitar|Tyranitar, F|100/100
|-damage|p2a: Tyranitar|88/100|[from] Stealth Rock
|-weather|Sandstorm|[from] ability: Sand Stream|[of] p2a: Tyranitar
|move|p1a: Corviknight|Roost|p1a: Corviknight
|-heal|p1a: Corviknight|100/100 par
|-singleturn|p1a: Corviknight|move: Roost
|
|-weather|Sandstorm|[upkeep]
|-heal|p2a: Tyranitar|94/100|[from] Grassy Terrain
|-heal|p2a: Tyranitar|100/100|[from] item: Leftovers
|upkeep
|turn|45
|
|t:|1664555124
|switch|p2a: Rillaboom|Rillaboom, M, shiny|82/100
|-damage|p2a: Rillaboom|70/100|[from] Stealth Rock
|switch|p1a: Blissey|Blissey, F|29/100
|
|-weather|Sandstorm|[upkeep]
|-damage|p2a: Rillaboom|64/100|[from] Sandstorm
|-damage|p1a: Blissey|23/100|[from] Sandstorm
|-heal|p2a: Rillaboom|70/100|[from] Grassy Terrain
|-heal|p1a: Blissey|29/100|[from] Grassy Terrain
|-fieldend|move: Grassy Terrain
|upkeep
|turn|46
|
|t:|1664555126
|switch|p1a: Rillaboom|Rillaboom, M|95/100
|-fieldstart|move: Grassy Terrain|[from] ability: Grassy Surge|[of] p1a: Rillaboom
|move|p2a: Rillaboom|Superpower|p1a: Rillaboom
|-damage|p1a: Rillaboom|16/100
|-unboost|p2a: Rillaboom|atk|1
|-unboost|p2a: Rillaboom|def|1
|
|-weather|Sandstorm|[upkeep]
|-damage|p1a: Rillaboom|10/100|[from] Sandstorm
|-damage|p2a: Rillaboom|64/100|[from] Sandstorm
|-heal|p1a: Rillaboom|16/100|[from] Grassy Terrain
|-heal|p2a: Rillaboom|70/100|[from] Grassy Terrain
|upkeep
|turn|47
|
|t:|1664555129
|switch|p1a: Corviknight|Corviknight, M|100/100 par
|-ability|p1a: Corviknight|Pressure
|move|p2a: Rillaboom|Superpower|p1a: Corviknight
|-damage|p1a: Corviknight|76/100 par
|-unboost|p2a: Rillaboom|atk|1
|-unboost|p2a: Rillaboom|def|1
|
|-weather|Sandstorm|[upkeep]
|-damage|p2a: Rillaboom|64/100|[from] Sandstorm
|-heal|p2a: Rillaboom|70/100|[from] Grassy Terrain
|upkeep
|turn|48
|
|t:|1664555132
|switch|p2a: Tyranitar|Tyranitar, F|100/100
|-damage|p2a: Tyranitar|88/100|[from] Stealth Rock
|cant|p1a: Corviknight|par
|
|-weather|none
|-heal|p2a: Tyranitar|94/100|[from] Grassy Terrain
|-heal|p2a: Tyranitar|100/100|[from] item: Leftovers
|upkeep
|turn|49
|
|t:|1664555135
|move|p2a: Tyranitar|Rock Blast|p1a: Corviknight
|-damage|p1a: Corviknight|70/100 par
|-damage|p1a: Corviknight|63/100 par
|-damage|p1a: Corviknight|56/100 par
|-damage|p1a: Corviknight|50/100 par
|-damage|p1a: Corviknight|43/100 par
|-hitcount|p1a: Corviknight|5
|move|p1a: Corviknight|Body Press|p2a: Tyranitar
|-supereffective|p2a: Tyranitar
|-damage|p2a: Tyranitar|11/100
|
|-heal|p2a: Tyranitar|18/100|[from] Grassy Terrain
|-heal|p2a: Tyranitar|24/100|[from] item: Leftovers
|upkeep
|turn|50
|
|t:|1664555139
|move|p2a: Tyranitar|Rock Blast|p1a: Corviknight
|-damage|p1a: Corviknight|37/100 par
|-damage|p1a: Corviknight|31/100 par
|-hitcount|p1a: Corviknight|2
|move|p1a: Corviknight|Roost|p1a: Corviknight
|-heal|p1a: Corviknight|81/100 par
|-singleturn|p1a: Corviknight|move: Roost
|
|-heal|p2a: Tyranitar|30/100|[from] Grassy Terrain
|-heal|p2a: Tyranitar|36/100|[from] item: Leftovers
|-heal|p1a: Corviknight|87/100 par|[from] Grassy Terrain
|-fieldend|move: Grassy Terrain
|upkeep
|turn|51
|
|t:|1664555141
|move|p2a: Tyranitar|Rock Blast|p1a: Corviknight
|-damage|p1a: Corviknight|80/100 par
|-damage|p1a: Corviknight|74/100 par
|-damage|p1a: Corviknight|67/100 par
|-hitcount|p1a: Corviknight|3
|cant|p1a: Corviknight|par
|
|-heal|p2a: Tyranitar|42/100|[from] item: Leftovers
|upkeep
|turn|52
|
|t:|1664555143
|move|p2a: Tyranitar|Stealth Rock|p1a: Corviknight
|-sidestart|p1: Bloody Busybody|move: Stealth Rock
|move|p1a: Corviknight|Roost|p1a: Corviknight
|-heal|p1a: Corviknight|100/100 par
|-singleturn|p1a: Corviknight|move: Roost
|
|-heal|p2a: Tyranitar|49/100|[from] item: Leftovers
|upkeep
|turn|53
|
|t:|1664555147
|move|p2a: Tyranitar|Rock Blast|p1a: Corviknight
|-damage|p1a: Corviknight|93/100 par
|-damage|p1a: Corviknight|87/100 par
|-damage|p1a: Corviknight|80/100 par
|-hitcount|p1a: Corviknight|3
|move|p1a: Corviknight|Defog|p2a: Tyranitar
|-unboost|p2a: Tyranitar|evasion|1
|-sideend|p2: dream nail|Stealth Rock|[from] move: Defog|[of] p1a: Corviknight
|-sideend|p1: Bloody Busybody|Stealth Rock|[from] move: Defog|[of] p1a: Corviknight
|
|-heal|p2a: Tyranitar|55/100|[from] item: Leftovers
|upkeep
|turn|54
|
|t:|1664555150
|move|p2a: Tyranitar|Stealth Rock|p1a: Corviknight
|-sidestart|p1: Bloody Busybody|move: Stealth Rock
|move|p1a: Corviknight|Roost|p1a: Corviknight
|-heal|p1a: Corviknight|100/100 par
|-singleturn|p1a: Corviknight|move: Roost
|
|-heal|p2a: Tyranitar|61/100|[from] item: Leftovers
|upkeep
|turn|55
|
|t:|1664555152
|move|p2a: Tyranitar|Rock Blast|p1a: Corviknight
|-damage|p1a: Corviknight|94/100 par
|-damage|p1a: Corviknight|87/100 par
|-hitcount|p1a: Corviknight|2
|move|p1a: Corviknight|Defog|p2a: Tyranitar
|-unboost|p2a: Tyranitar|evasion|1
|-sideend|p1: Bloody Busybody|Stealth Rock|[from] move: Defog|[of] p1a: Corviknight
|
|-heal|p2a: Tyranitar|67/100|[from] item: Leftovers
|upkeep
|turn|56
|
|t:|1664555155
|move|p2a: Tyranitar|Rock Blast|p1a: Corviknight
|-damage|p1a: Corviknight|80/100 par
|-damage|p1a: Corviknight|73/100 par
|-damage|p1a: Corviknight|66/100 par
|-damage|p1a: Corviknight|60/100 par
|-damage|p1a: Corviknight|54/100 par
|-hitcount|p1a: Corviknight|5
|cant|p1a: Corviknight|par
|
|-heal|p2a: Tyranitar|73/100|[from] item: Leftovers
|upkeep
|turn|57
|
|t:|1664555157
|move|p2a: Tyranitar|Rock Blast|p1a: Corviknight
|-damage|p1a: Corviknight|48/100 par
|-damage|p1a: Corviknight|40/100 par
|-damage|p1a: Corviknight|33/100 par
|-hitcount|p1a: Corviknight|3
|cant|p1a: Corviknight|par
|
|-heal|p2a: Tyranitar|79/100|[from] item: Leftovers
|upkeep
|turn|58
|
|t:|1664555159
|move|p2a: Tyranitar|Rock Blast|p1a: Corviknight
|-damage|p1a: Corviknight|27/100 par
|-damage|p1a: Corviknight|20/100 par
|-damage|p1a: Corviknight|14/100 par
|-hitcount|p1a: Corviknight|3
|move|p1a: Corviknight|Roost|p1a: Corviknight
|-heal|p1a: Corviknight|64/100 par
|-singleturn|p1a: Corviknight|move: Roost
|
|-heal|p2a: Tyranitar|86/100|[from] item: Leftovers
|upkeep
|turn|59
|
|t:|1664555164
|move|p2a: Tyranitar|Stealth Rock|p1a: Corviknight
|-sidestart|p1: Bloody Busybody|move: Stealth Rock
|move|p1a: Corviknight|Defog|p2a: Tyranitar
|-unboost|p2a: Tyranitar|evasion|1
|-sideend|p1: Bloody Busybody|Stealth Rock|[from] move: Defog|[of] p1a: Corviknight
|
|-heal|p2a: Tyranitar|92/100|[from] item: Leftovers
|upkeep
|turn|60
|
|t:|1664555169
|switch|p2a: Rillaboom|Rillaboom, M, shiny|70/100
|-fieldstart|move: Grassy Terrain|[from] ability: Grassy Surge|[of] p2a: Rillaboom
|cant|p1a: Corviknight|par
|
|-heal|p2a: Rillaboom|76/100|[from] Grassy Terrain
|upkeep
|turn|61
|
|t:|1664555174
|move|p2a: Rillaboom|Superpower|p1a: Corviknight
|-damage|p1a: Corviknight|22/100 par
|-unboost|p2a: Rillaboom|atk|1
|-unboost|p2a: Rillaboom|def|1
|move|p1a: Corviknight|Body Press|p2a: Rillaboom
|-damage|p2a: Rillaboom|32/100
|
|-heal|p2a: Rillaboom|38/100|[from] Grassy Terrain
|upkeep
|turn|62
|
|t:|1664555179
|move|p2a: Rillaboom|Superpower|p1a: Corviknight
|-damage|p1a: Corviknight|0 fnt
|-unboost|p2a: Rillaboom|atk|1
|-unboost|p2a: Rillaboom|def|1
|faint|p1a: Corviknight
|
|-heal|p2a: Rillaboom|44/100|[from] Grassy Terrain
|upkeep
|
|t:|1664555182
|switch|p1a: Rillaboom|Rillaboom, M|16/100
|turn|63
|
|t:|1664555185
|switch|p2a: Tyranitar|Tyranitar, F|92/100
|-weather|Sandstorm|[from] ability: Sand Stream|[of] p2a: Tyranitar
|move|p1a: Rillaboom|Grassy Glide|p2a: Tyranitar
|-supereffective|p2a: Tyranitar
|-damage|p2a: Tyranitar|0 fnt
|faint|p2a: Tyranitar
|
|-weather|Sandstorm|[upkeep]
|-damage|p1a: Rillaboom|10/100|[from] Sandstorm
|-heal|p1a: Rillaboom|16/100|[from] Grassy Terrain
|upkeep
|
|t:|1664555187
|switch|p2a: Rillaboom|Rillaboom, M, shiny|44/100
|turn|64
|
|t:|1664555195
|switch|p1a: Blissey|Blissey, F|29/100
|move|p2a: Rillaboom|Grassy Glide|p1a: Blissey
|-damage|p1a: Blissey|0 fnt
|faint|p1a: Blissey
|
|-weather|Sandstorm|[upkeep]
|-damage|p2a: Rillaboom|38/100|[from] Sandstorm
|-heal|p2a: Rillaboom|44/100|[from] Grassy Terrain
|-fieldend|move: Grassy Terrain
|upkeep
|
|t:|1664555198
|switch|p1a: Rillaboom|Rillaboom, M|16/100
|-fieldstart|move: Grassy Terrain|[from] ability: Grassy Surge|[of] p1a: Rillaboom
|turn|65
|
|t:|1664555200
|move|p2a: Rillaboom|Grassy Glide|p1a: Rillaboom
|-resisted|p1a: Rillaboom
|-damage|p1a: Rillaboom|0 fnt
|faint|p1a: Rillaboom
|
|win|dream nail
|raw|Bloody Busybody's rating: 1758 &rarr; <strong>1734</strong><br />(-24 for losing)
|raw|dream nail's rating: 1687 &rarr; <strong>1711</strong><br />(+24 for winning)
|l|☆Bloody Busybody
|c|☆dream nail|GG.
||Ladder isn't responding, score probably updated but might not have (Request timeout).
