|j|☆bramitoboy
|j|☆Stellar Flares
|t:|1667565977
|gametype|singles
|player|p1|bramitoboy|265|1858
|player|p2|Stellar Flares|palmer|1939
|teamsize|p1|6
|teamsize|p2|6
|gen|8
|tier|[Gen 8] OU
|rated|
|rule|Sleep Clause Mod: Limit one foe put to sleep
|rule|Species Clause: Limit one of each Pokémon
|rule|OHKO Clause: OHKO moves are banned
|rule|Evasion Items Clause: Evasion items are banned
|rule|Evasion Moves Clause: Evasion moves are banned
|rule|Endless Battle Clause: Forcing endless battles is banned
|rule|HP Percentage Mod: HP is shown in percentages
|rule|Dynamax Clause: You cannot dynamax
|clearpoke
|poke|p1|Zarude-Dada|
|poke|p1|Keldeo-Resolute|
|poke|p1|Tapu Lele|
|poke|p1|Tapu Koko|
|poke|p1|Heatran, M|
|poke|p1|Landorus-Therian, M|
|poke|p2|Corviknight, M|
|poke|p2|Tornadus-Therian, M|
|poke|p2|Toxapex, F|
|poke|p2|Clefable, M|
|poke|p2|Hippowdon, M|
|poke|p2|Heatran, M|
|teampreview
|
|t:|1667565985
|start
|switch|p1a: Tapu Koko|Tapu Koko|100/100
|switch|p2a: Tornadus|Tornadus-Therian, M|100/100
|-fieldstart|move: Electric Terrain|[from] ability: Electric Surge|[of] p1a: Tapu Koko
|turn|1
|
|t:|1667565988
|switch|p2a: Hippowdon|Hippowdon, M|100/100
|-weather|Sandstorm|[from] ability: Sand Stream|[of] p2a: Hippowdon
|move|p1a: Tapu Koko|Thunderbolt|p2a: Hippowdon
|-immune|p2a: Hippowdon
|
|-weather|Sandstorm|[upkeep]
|-damage|p1a: Tapu Koko|94/100|[from] Sandstorm
|upkeep
|turn|2
|
|t:|1667565992
|switch|p1a: Heatran|Heatran, M|100/100
|-item|p1a: Heatran|Air Balloon
|move|p2a: Hippowdon|Toxic|p1a: Heatran
|-immune|p1a: Heatran
|
|-weather|Sandstorm|[upkeep]
|upkeep
|turn|3
|
|t:|1667565998
|switch|p2a: Toxapex|Toxapex, F|100/100
|move|p1a: Heatran|Magma Storm|p2a: Toxapex|[miss]
|-miss|p1a: Heatran|p2a: Toxapex
|
|-weather|Sandstorm|[upkeep]
|-damage|p2a: Toxapex|94/100|[from] Sandstorm
|upkeep
|turn|4
|
|t:|1667566004
|move|p1a: Heatran|Earth Power|p2a: Toxapex
|-supereffective|p2a: Toxapex
|-damage|p2a: Toxapex|51/100
|move|p2a: Toxapex|Scald|p1a: Heatran
|-supereffective|p1a: Heatran
|-damage|p1a: Heatran|74/100
|-enditem|p1a: Heatran|Air Balloon
|
|-weather|Sandstorm|[upkeep]
|-damage|p2a: Toxapex|45/100|[from] Sandstorm
|upkeep
|turn|5
|
|t:|1667566013
|switch|p2a: Heatran|Heatran, M|100/100
|-item|p2a: Heatran|Air Balloon
|move|p1a: Heatran|Earth Power|p2a: Heatran
|-immune|p2a: Heatran
|
|-weather|none
|-fieldend|move: Electric Terrain
|upkeep
|turn|6
|
|t:|1667566017
|switch|p1a: Keldeo|Keldeo-Resolute|100/100
|move|p2a: Heatran|Magma Storm|p1a: Keldeo
|-resisted|p1a: Keldeo
|-damage|p1a: Keldeo|76/100
|-activate|p1a: Keldeo|move: Magma Storm|[of] p2a: Heatran
|
|-heal|p1a: Keldeo|82/100|[from] item: Leftovers
|-damage|p1a: Keldeo|70/100|[from] move: Magma Storm|[partiallytrapped]
|upkeep
|turn|7
|j| Ultramanball1
|
|t:|1667566024
|switch|p2a: Tornadus|Tornadus-Therian, M|100/100
|move|p1a: Keldeo|Scald|p2a: Tornadus
|-damage|p2a: Tornadus|55/100
|
|-heal|p1a: Keldeo|76/100|[from] item: Leftovers
|-end|p1a: Keldeo|Magma Storm|[partiallytrapped]|[silent]
|upkeep
|turn|8
|
|t:|1667566028
|move|p2a: Tornadus|Knock Off|p1a: Keldeo
|-resisted|p1a: Keldeo
|-damage|p1a: Keldeo|64/100
|-ability|p1a: Keldeo|Justified|boost
|-boost|p1a: Keldeo|atk|1
|-enditem|p1a: Keldeo|Leftovers|[from] move: Knock Off|[of] p2a: Tornadus
|move|p1a: Keldeo|Scald|p2a: Tornadus
|-damage|p2a: Tornadus|9/100
|-status|p2a: Tornadus|brn
|
|-damage|p2a: Tornadus|3/100 brn|[from] brn
|upkeep
|turn|9
|
|t:|1667566031
|switch|p2a: Toxapex|Toxapex, F|78/100
|switch|p1a: Landorus|Landorus-Therian, M|100/100
|-ability|p1a: Landorus|Intimidate|boost
|-unboost|p2a: Toxapex|atk|1
|
|upkeep
|turn|10
|
|t:|1667566036
|switch|p1a: Heatran|Heatran, M|74/100
|switch|p2a: Corviknight|Corviknight, M|100/100
|-ability|p2a: Corviknight|Pressure
|
|upkeep
|turn|11
|
|t:|1667566040
|switch|p2a: Heatran|Heatran, M|100/100
|-item|p2a: Heatran|Air Balloon
|move|p1a: Heatran|Stealth Rock|p2a: Heatran
|-sidestart|p2: Stellar Flares|move: Stealth Rock
|
|upkeep
|turn|12
|
|t:|1667566045
|switch|p1a: Keldeo|Keldeo-Resolute|64/100
|move|p2a: Heatran|Magma Storm|p1a: Keldeo
|-resisted|p1a: Keldeo
|-damage|p1a: Keldeo|41/100
|-activate|p1a: Keldeo|move: Magma Storm|[of] p2a: Heatran
|
|-damage|p1a: Keldeo|29/100|[from] move: Magma Storm|[partiallytrapped]
|upkeep
|turn|13
|
|t:|1667566049
|switch|p2a: Toxapex|Toxapex, F|100/100
|-damage|p2a: Toxapex|88/100|[from] Stealth Rock
|move|p1a: Keldeo|Scald|p2a: Toxapex
|-resisted|p2a: Toxapex
|-damage|p2a: Toxapex|74/100
|
|-end|p1a: Keldeo|Magma Storm|[partiallytrapped]|[silent]
|upkeep
|turn|14
|
|t:|1667566054
|move|p1a: Keldeo|Substitute|p1a: Keldeo
|-start|p1a: Keldeo|Substitute
|-damage|p1a: Keldeo|4/100
|move|p2a: Toxapex|Light Screen|p2a: Toxapex
|-sidestart|p2: Stellar Flares|move: Light Screen
|
|upkeep
|turn|15
|
|t:|1667566057
|switch|p2a: Clefable|Clefable, M|100/100
|-damage|p2a: Clefable|88/100|[from] Stealth Rock
|move|p1a: Keldeo|Scald|p2a: Clefable
|-damage|p2a: Clefable|70/100
|
|-heal|p2a: Clefable|76/100|[from] item: Leftovers
|upkeep
|turn|16
|
|t:|1667566063
|move|p1a: Keldeo|Scald|p2a: Clefable
|-damage|p2a: Clefable|55/100
|move|p2a: Clefable|Aromatherapy|p2a: Clefable
|-activate|p2a: Clefable|move: Aromatherapy
|-curestatus|p2: Tornadus|brn|[msg]
|
|-heal|p2a: Clefable|61/100|[from] item: Leftovers
|upkeep
|turn|17
|
|t:|1667566070
|switch|p1a: Heatran|Heatran, M|74/100
|move|p2a: Clefable|Soft-Boiled|p2a: Clefable
|-heal|p2a: Clefable|100/100
|
|upkeep
|turn|18
|
|t:|1667566075
|switch|p1a: Tapu Lele|Tapu Lele|100/100
|-fieldstart|move: Psychic Terrain|[from] ability: Psychic Surge|[of] p1a: Tapu Lele
|switch|p2a: Toxapex|Toxapex, F|100/100
|-damage|p2a: Toxapex|88/100|[from] Stealth Rock
|
|-sideend|p2: Stellar Flares|move: Light Screen
|upkeep
|turn|19
|
|t:|1667566082
|switch|p2a: Corviknight|Corviknight, M|100/100
|-damage|p2a: Corviknight|88/100|[from] Stealth Rock
|-ability|p2a: Corviknight|Pressure
|move|p1a: Tapu Lele|Focus Blast|p2a: Corviknight
|-damage|p2a: Corviknight|47/100
|
|-heal|p2a: Corviknight|53/100|[from] item: Leftovers
|upkeep
|turn|20
|inactive|Battle timer is ON: inactive players will automatically lose when time's up. (requested by Stellar Flares)
|
|t:|1667566090
|move|p1a: Tapu Lele|Thunderbolt|p2a: Corviknight
|-supereffective|p2a: Corviknight
|-crit|p2a: Corviknight
|-damage|p2a: Corviknight|0 fnt
|faint|p2a: Corviknight
|
|upkeep
|
|t:|1667566094
|switch|p2a: Hippowdon|Hippowdon, M|100/100
|-damage|p2a: Hippowdon|94/100|[from] Stealth Rock
|-weather|Sandstorm|[from] ability: Sand Stream|[of] p2a: Hippowdon
|turn|21
|
|t:|1667566099
|switch|p1a: Heatran|Heatran, M|74/100
|move|p2a: Hippowdon|Stealth Rock|p1a: Heatran
|-sidestart|p1: bramitoboy|move: Stealth Rock
|
|-weather|Sandstorm|[upkeep]
|-heal|p2a: Hippowdon|100/100|[from] item: Leftovers
|upkeep
|turn|22
|
|t:|1667566104
|switch|p1a: Landorus|Landorus-Therian, M|100/100
|-damage|p1a: Landorus|88/100|[from] Stealth Rock
|-ability|p1a: Landorus|Intimidate|boost
|-unboost|p2a: Hippowdon|atk|1
|switch|p2a: Heatran|Heatran, M|100/100
|-damage|p2a: Heatran|88/100|[from] Stealth Rock
|-item|p2a: Heatran|Air Balloon
|
|-weather|Sandstorm|[upkeep]
|-fieldend|move: Psychic Terrain
|upkeep
|turn|23
|
|t:|1667566112
|move|p1a: Landorus|Knock Off|p2a: Heatran
|-damage|p2a: Heatran|61/100
|-enditem|p2a: Heatran|Air Balloon
|move|p2a: Heatran|Magma Storm|p1a: Landorus
|-damage|p1a: Landorus|44/100
|-activate|p1a: Landorus|move: Magma Storm|[of] p2a: Heatran
|
|-weather|Sandstorm|[upkeep]
|-damage|p1a: Landorus|32/100|[from] move: Magma Storm|[partiallytrapped]
|upkeep
|turn|24
|
|t:|1667566124
|move|p1a: Landorus|Earthquake|p2a: Heatran
|-supereffective|p2a: Heatran
|-damage|p2a: Heatran|0 fnt
|faint|p2a: Heatran
|
|-weather|Sandstorm|[upkeep]
|-end|p1a: Landorus|Magma Storm|[partiallytrapped]|[silent]
|upkeep
|
|t:|1667566130
|switch|p2a: Tornadus|Tornadus-Therian, M|36/100
|-damage|p2a: Tornadus|11/100|[from] Stealth Rock
|turn|25
|l| Ultramanball1
|
|t:|1667566135
|switch|p1a: Tapu Koko|Tapu Koko|94/100
|-damage|p1a: Tapu Koko|82/100|[from] Stealth Rock
|-fieldstart|move: Electric Terrain|[from] ability: Electric Surge|[of] p1a: Tapu Koko
|move|p2a: Tornadus|Heat Wave|p1a: Tapu Koko
|-damage|p1a: Tapu Koko|44/100
|
|-weather|none
|upkeep
|turn|26
|
|t:|1667566140
|switch|p2a: Hippowdon|Hippowdon, M|100/100
|-damage|p2a: Hippowdon|94/100|[from] Stealth Rock
|-weather|Sandstorm|[from] ability: Sand Stream|[of] p2a: Hippowdon
|move|p1a: Tapu Koko|Toxic|p2a: Hippowdon
|-status|p2a: Hippowdon|tox
|
|-weather|Sandstorm|[upkeep]
|-damage|p1a: Tapu Koko|38/100|[from] Sandstorm
|-heal|p2a: Hippowdon|100/100 tox|[from] item: Leftovers
|-damage|p2a: Hippowdon|94/100 tox|[from] psn
|upkeep
|turn|27
|
|t:|1667566149
|switch|p1a: Zarude|Zarude-Dada|100/100
|-damage|p1a: Zarude|88/100|[from] Stealth Rock
|move|p2a: Hippowdon|Toxic|p1a: Zarude
|-status|p1a: Zarude|tox
|
|-weather|Sandstorm|[upkeep]
|-damage|p1a: Zarude|82/100 tox|[from] Sandstorm
|-heal|p2a: Hippowdon|100/100 tox|[from] item: Leftovers
|-damage|p1a: Zarude|75/100 tox|[from] psn
|-damage|p2a: Hippowdon|88/100 tox|[from] psn
|upkeep
|turn|28
|
|t:|1667566152
|switch|p2a: Clefable|Clefable, M|100/100
|-damage|p2a: Clefable|88/100|[from] Stealth Rock
|move|p1a: Zarude|Power Whip|p2a: Clefable|[miss]
|-miss|p1a: Zarude|p2a: Clefable
|
|-weather|Sandstorm|[upkeep]
|-damage|p1a: Zarude|69/100 tox|[from] Sandstorm
|-damage|p2a: Clefable|82/100|[from] Sandstorm
|-heal|p2a: Clefable|88/100|[from] item: Leftovers
|-damage|p1a: Zarude|57/100 tox|[from] psn
|upkeep
|turn|29
|
|t:|1667566159
|move|p1a: Zarude|Power Whip|p2a: Clefable
|-crit|p2a: Clefable
|-damage|p2a: Clefable|7/100
|-damage|p1a: Zarude|47/100 tox|[from] item: Life Orb
|move|p2a: Clefable|Aromatherapy|p2a: Clefable
|-activate|p2a: Clefable|move: Aromatherapy
|-curestatus|p2: Hippowdon|tox|[msg]
|
|-weather|Sandstorm|[upkeep]
|-damage|p1a: Zarude|41/100 tox|[from] Sandstorm
|-damage|p2a: Clefable|1/100|[from] Sandstorm
|-heal|p2a: Clefable|7/100|[from] item: Leftovers
|-damage|p1a: Zarude|22/100 tox|[from] psn
|-fieldend|move: Electric Terrain
|upkeep
|turn|30
|
|t:|1667566171
|move|p1a: Zarude|Darkest Lariat|p2a: Clefable
|-resisted|p2a: Clefable
|-damage|p2a: Clefable|0 fnt
|faint|p2a: Clefable
|-damage|p1a: Zarude|12/100 tox|[from] item: Life Orb
|
|-weather|none
|-damage|p1a: Zarude|0 fnt|[from] psn
|faint|p1a: Zarude
|upkeep
|
|t:|1667566180
|switch|p1a: Tapu Koko|Tapu Koko|38/100
|switch|p2a: Toxapex|Toxapex, F|100/100
|-damage|p1a: Tapu Koko|26/100|[from] Stealth Rock
|-fieldstart|move: Electric Terrain|[from] ability: Electric Surge|[of] p1a: Tapu Koko
|-damage|p2a: Toxapex|88/100|[from] Stealth Rock
|turn|31
|
|t:|1667566186
|move|p1a: Tapu Koko|Thunderbolt|p2a: Toxapex
|-supereffective|p2a: Toxapex
|-damage|p2a: Toxapex|15/100
|move|p2a: Toxapex|Scald|p1a: Tapu Koko
|-damage|p1a: Tapu Koko|1/100
|
|upkeep
|turn|32
|
|t:|1667566198
|switch|p1a: Tapu Lele|Tapu Lele|100/100
|-damage|p1a: Tapu Lele|88/100|[from] Stealth Rock
|-fieldstart|move: Psychic Terrain|[from] ability: Psychic Surge|[of] p1a: Tapu Lele
|switch|p2a: Hippowdon|Hippowdon, M|88/100
|-damage|p2a: Hippowdon|82/100|[from] Stealth Rock
|-weather|Sandstorm|[from] ability: Sand Stream|[of] p2a: Hippowdon
|
|-weather|Sandstorm|[upkeep]
|-damage|p1a: Tapu Lele|82/100|[from] Sandstorm
|-heal|p2a: Hippowdon|88/100|[from] item: Leftovers
|upkeep
|turn|33
|
|t:|1667566202
|move|p1a: Tapu Lele|Psyshock|p2a: Hippowdon
|-damage|p2a: Hippowdon|43/100
|move|p2a: Hippowdon|Slack Off|p2a: Hippowdon
|-heal|p2a: Hippowdon|93/100
|
|-weather|Sandstorm|[upkeep]
|-damage|p1a: Tapu Lele|76/100|[from] Sandstorm
|-heal|p2a: Hippowdon|99/100|[from] item: Leftovers
|upkeep
|turn|34
|
|t:|1667566207
|switch|p1a: Heatran|Heatran, M|74/100
|-damage|p1a: Heatran|62/100|[from] Stealth Rock
|move|p2a: Hippowdon|Toxic|p1a: Heatran
|-immune|p1a: Heatran
|
|-weather|Sandstorm|[upkeep]
|-heal|p2a: Hippowdon|100/100|[from] item: Leftovers
|upkeep
|turn|35
|
|t:|1667566216
|move|p1a: Heatran|Taunt|p2a: Hippowdon
|-start|p2a: Hippowdon|move: Taunt
|move|p2a: Hippowdon|Earthquake|p1a: Heatran
|-supereffective|p1a: Heatran
|-damage|p1a: Heatran|0 fnt
|faint|p1a: Heatran
|
|-weather|Sandstorm|[upkeep]
|upkeep
|
|t:|1667566220
|switch|p1a: Tapu Lele|Tapu Lele|76/100
|-damage|p1a: Tapu Lele|64/100|[from] Stealth Rock
|turn|36
|
|t:|1667566224
|switch|p2a: Toxapex|Toxapex, F|48/100
|-damage|p2a: Toxapex|36/100|[from] Stealth Rock
|move|p1a: Tapu Lele|Psyshock|p2a: Toxapex
|-supereffective|p2a: Toxapex
|-damage|p2a: Toxapex|0 fnt
|faint|p2a: Toxapex
|
|-weather|none
|-fieldend|move: Psychic Terrain
|upkeep
|
|t:|1667566227
|switch|p2a: Hippowdon|Hippowdon, M|100/100
|-damage|p2a: Hippowdon|94/100|[from] Stealth Rock
|-weather|Sandstorm|[from] ability: Sand Stream|[of] p2a: Hippowdon
|turn|37
|
|t:|1667566231
|switch|p1a: Landorus|Landorus-Therian, M|32/100
|-damage|p1a: Landorus|20/100|[from] Stealth Rock
|-ability|p1a: Landorus|Intimidate|boost
|-unboost|p2a: Hippowdon|atk|1
|move|p2a: Hippowdon|Toxic|p1a: Landorus|[miss]
|-miss|p2a: Hippowdon|p1a: Landorus
|
|-weather|Sandstorm|[upkeep]
|-heal|p2a: Hippowdon|100/100|[from] item: Leftovers
|upkeep
|turn|38
|
|t:|1667566235
|switch|p2a: Tornadus|Tornadus-Therian, M|44/100
|-damage|p2a: Tornadus|20/100|[from] Stealth Rock
|move|p1a: Landorus|Knock Off|p2a: Tornadus
|-damage|p2a: Tornadus|0 fnt
|-damage|p1a: Landorus|3/100|[from] item: Rocky Helmet|[of] p2a: Tornadus
|-enditem|p2a: Tornadus|Rocky Helmet|[from] move: Knock Off|[of] p1a: Landorus
|faint|p2a: Tornadus
|
|-weather|Sandstorm|[upkeep]
|upkeep
|
|t:|1667566238
|switch|p2a: Hippowdon|Hippowdon, M|100/100
|-damage|p2a: Hippowdon|94/100|[from] Stealth Rock
|turn|39
|
|t:|1667566243
|move|p1a: Landorus|Defog|p2a: Hippowdon
|-unboost|p2a: Hippowdon|evasion|1
|-sideend|p2: Stellar Flares|Stealth Rock|[from] move: Defog|[of] p1a: Landorus
|-sideend|p1: bramitoboy|Stealth Rock|[from] move: Defog|[of] p1a: Landorus
|move|p2a: Hippowdon|Toxic|p1a: Landorus
|-status|p1a: Landorus|tox
|
|-weather|Sandstorm|[upkeep]
|-heal|p2a: Hippowdon|100/100|[from] item: Leftovers
|-damage|p1a: Landorus|0 fnt|[from] psn
|faint|p1a: Landorus
|upkeep
|
|t:|1667566247
|switch|p1a: Keldeo|Keldeo-Resolute|4/100
|turn|40
|
|t:|1667566250
|move|p1a: Keldeo|Scald|p2a: Hippowdon
|-supereffective|p2a: Hippowdon
|-damage|p2a: Hippowdon|43/100
|move|p2a: Hippowdon|Earthquake|p1a: Keldeo
|-damage|p1a: Keldeo|0 fnt
|faint|p1a: Keldeo
|
|-weather|Sandstorm|[upkeep]
|-heal|p2a: Hippowdon|49/100|[from] item: Leftovers
|upkeep
|
|t:|1667566256
|switch|p1a: Tapu Koko|Tapu Koko|1/100
|-fieldstart|move: Electric Terrain|[from] ability: Electric Surge|[of] p1a: Tapu Koko
|turn|41
|j| Ran Kob
|j| Ryuu_Usagi
|
|t:|1667566260
|move|p1a: Tapu Koko|Toxic|p2a: Hippowdon
|-status|p2a: Hippowdon|tox
|move|p2a: Hippowdon|Slack Off|p2a: Hippowdon
|-heal|p2a: Hippowdon|99/100 tox
|
|-weather|none
|-heal|p2a: Hippowdon|100/100 tox|[from] item: Leftovers
|-damage|p2a: Hippowdon|94/100 tox|[from] psn
|upkeep
|turn|42
|j| tapu moxo
|
|t:|1667566265
|move|p1a: Tapu Koko|Toxic|p2a: Hippowdon
|-fail|p2a: Hippowdon|tox
|move|p2a: Hippowdon|Earthquake|p1a: Tapu Koko
|-supereffective|p1a: Tapu Koko
|-damage|p1a: Tapu Koko|0 fnt
|faint|p1a: Tapu Koko
|
|-heal|p2a: Hippowdon|100/100 tox|[from] item: Leftovers
|-damage|p2a: Hippowdon|88/100 tox|[from] psn
|upkeep
|
|t:|1667566271
|switch|p1a: Tapu Lele|Tapu Lele|64/100
|-fieldstart|move: Psychic Terrain|[from] ability: Psychic Surge|[of] p1a: Tapu Lele
|turn|43
|
|t:|1667566278
|move|p1a: Tapu Lele|Psyshock|p2a: Hippowdon
|-crit|p2a: Hippowdon
|-damage|p2a: Hippowdon|19/100 tox
|move|p2a: Hippowdon|Earthquake|p1a: Tapu Lele
|-damage|p1a: Tapu Lele|0 fnt
|faint|p1a: Tapu Lele
|
|win|Stellar Flares
|raw|bramitoboy's rating: 1858 &rarr; <strong>1843</strong><br />(-15 for losing)
|raw|Stellar Flares's rating: 1939 &rarr; <strong>1954</strong><br />(+15 for winning)
|l| Ran Kob
||Ladder isn't responding, score probably updated but might not have (Request timeout).
