|j|☆lebanesestinker
|j|☆Arreat
|t:|1657993089
|gametype|singles
|player|p1|lebanesestinker|li|1669
|player|p2|Arreat|bruno-gen3|1720
|teamsize|p1|6
|teamsize|p2|6
|gen|8
|tier|[Gen 8] OU
|rated|
|rule|Sleep Clause Mod: Limit one foe put to sleep
|rule|Species Clause: Limit one of each Pokémon
|rule|OHKO Clause: OHKO moves are banned
|rule|Evasion Moves Clause: Evasion moves are banned
|rule|Endless Battle Clause: Forcing endless battles is banned
|rule|HP Percentage Mod: HP is shown in percentages
|rule|Dynamax Clause: You cannot dynamax
|clearpoke
|poke|p1|Ninetales-Alola, F|
|poke|p1|Arctozolt|
|poke|p1|Landorus-Therian, M|
|poke|p1|Dragapult, M|
|poke|p1|Nihilego|
|poke|p1|Magnezone|
|poke|p2|Zeraora|
|poke|p2|Buzzwole|
|poke|p2|Landorus-Therian, M|
|poke|p2|Heatran, F|
|poke|p2|Weavile, M|
|poke|p2|Slowking, M|
|teampreview
|
|t:|1657993102
|start
|switch|p1a: Dragapult|Dragapult, M|100/100
|switch|p2a: Landorus|Landorus-Therian, M|100/100
|-ability|p2a: Landorus|Intimidate|boost
|-unboost|p1a: Dragapult|atk|1
|turn|1
|inactive|Battle timer is ON: inactive players will automatically lose when time's up. (requested by lebanesestinker)
|
|t:|1657993109
|move|p1a: Dragapult|U-turn|p2a: Landorus
|-resisted|p2a: Landorus
|-damage|p2a: Landorus|89/100
|
|t:|1657993113
|switch|p1a: Landorus|Landorus-Therian, M|100/100|[from]move: U-turn
|-ability|p1a: Landorus|Intimidate|boost
|-unboost|p2a: Landorus|atk|1
|move|p2a: Landorus|Toxic|p1a: Landorus
|-status|p1a: Landorus|tox
|
|-heal|p2a: Landorus|95/100|[from] item: Leftovers
|-damage|p1a: Landorus|95/100 tox|[from] psn
|upkeep
|turn|2
|
|t:|1657993116
|move|p1a: Landorus|Knock Off|p2a: Landorus
|-damage|p2a: Landorus|60/100
|-enditem|p2a: Landorus|Leftovers|[from] move: Knock Off|[of] p1a: Landorus
|move|p2a: Landorus|U-turn|p1a: Landorus
|-resisted|p1a: Landorus
|-damage|p1a: Landorus|85/100 tox
|
|t:|1657993119
|switch|p2a: Weavile|Weavile, M|100/100|[from]move: U-turn
|-ability|p2a: Weavile|Pressure
|
|-damage|p1a: Landorus|73/100 tox|[from] psn
|upkeep
|turn|3
|
|t:|1657993126
|switch|p1a: Magnezone|Magnezone|100/100
|move|p2a: Weavile|Knock Off|p1a: Magnezone
|-damage|p1a: Magnezone|64/100
|-enditem|p1a: Magnezone|Chople Berry|[from] move: Knock Off|[of] p2a: Weavile
|
|upkeep
|turn|4
|
|t:|1657993132
|switch|p2a: Landorus|Landorus-Therian, M|60/100
|-ability|p2a: Landorus|Intimidate|boost
|-unboost|p1a: Magnezone|atk|1
|move|p1a: Magnezone|Flash Cannon|p2a: Landorus
|-damage|p2a: Landorus|33/100
|
|upkeep
|turn|5
|
|t:|1657993140
|move|p2a: Landorus|U-turn|p1a: Magnezone
|-resisted|p1a: Magnezone
|-damage|p1a: Magnezone|56/100
|
|t:|1657993142
|switch|p2a: Heatran|Heatran, F|100/100|[from]move: U-turn
|move|p1a: Magnezone|Flash Cannon|p2a: Heatran
|-resisted|p2a: Heatran
|-damage|p2a: Heatran|95/100
|-unboost|p2a: Heatran|spd|1
|
|-heal|p2a: Heatran|100/100|[from] item: Leftovers
|upkeep
|turn|6
|
|t:|1657993151
|move|p2a: Heatran|Stealth Rock|p1a: Magnezone
|-sidestart|p1: lebanesestinker|move: Stealth Rock
|move|p1a: Magnezone|Discharge|p2a: Heatran
|-damage|p2a: Heatran|70/100
|
|-heal|p2a: Heatran|76/100|[from] item: Leftovers
|upkeep
|turn|7
|
|t:|1657993159
|move|p2a: Heatran|Magma Storm|p1a: Magnezone
|-supereffective|p1a: Magnezone
|-damage|p1a: Magnezone|0 fnt
|faint|p1a: Magnezone
|
|-heal|p2a: Heatran|83/100|[from] item: Leftovers
|upkeep
|
|t:|1657993162
|switch|p1a: Landorus|Landorus-Therian, M|73/100 tox
|-damage|p1a: Landorus|61/100 tox|[from] Stealth Rock
|-ability|p1a: Landorus|Intimidate|boost
|-unboost|p2a: Heatran|atk|1
|turn|8
|
|t:|1657993168
|switch|p2a: Landorus|Landorus-Therian, M|33/100
|-ability|p2a: Landorus|Intimidate|boost
|-unboost|p1a: Landorus|atk|1
|move|p1a: Landorus|Defog|p2a: Landorus
|-unboost|p2a: Landorus|evasion|1
|-sideend|p1: lebanesestinker|Stealth Rock|[from] move: Defog|[of] p1a: Landorus
|
|-damage|p1a: Landorus|55/100 tox|[from] psn
|upkeep
|turn|9
|
|t:|1657993172
|move|p1a: Landorus|U-turn|p2a: Landorus
|-resisted|p2a: Landorus
|-damage|p2a: Landorus|25/100
|
|t:|1657993176
|switch|p1a: Ninetales|Ninetales-Alola, F|100/100|[from]move: U-turn
|-weather|Hail|[from] ability: Snow Warning|[of] p1a: Ninetales
|move|p2a: Landorus|U-turn|p1a: Ninetales
|-resisted|p1a: Ninetales
|-damage|p1a: Ninetales|85/100
|
|t:|1657993179
|switch|p2a: Heatran|Heatran, F|83/100|[from]move: U-turn
|
|-weather|Hail|[upkeep]
|-damage|p2a: Heatran|76/100|[from] Hail
|-heal|p2a: Heatran|83/100|[from] item: Leftovers
|upkeep
|turn|10
|
|t:|1657993185
|switch|p1a: Arctozolt|Arctozolt|100/100
|move|p2a: Heatran|Stealth Rock|p1a: Arctozolt
|-sidestart|p1: lebanesestinker|move: Stealth Rock
|
|-weather|Hail|[upkeep]
|-damage|p2a: Heatran|76/100|[from] Hail
|-heal|p2a: Heatran|83/100|[from] item: Leftovers
|upkeep
|turn|11
|
|t:|1657993193
|move|p1a: Arctozolt|Bolt Beak|p2a: Heatran
|-damage|p2a: Heatran|16/100
|move|p2a: Heatran|Earth Power|p1a: Arctozolt
|-supereffective|p1a: Arctozolt
|-damage|p1a: Arctozolt|18/100
|
|-weather|Hail|[upkeep]
|-damage|p2a: Heatran|10/100|[from] Hail
|-heal|p2a: Heatran|16/100|[from] item: Leftovers
|upkeep
|turn|12
|
|t:|1657993197
|move|p1a: Arctozolt|Low Kick|p2a: Heatran
|-supereffective|p2a: Heatran
|-damage|p2a: Heatran|0 fnt
|faint|p2a: Heatran
|
|-weather|Hail|[upkeep]
|upkeep
|
|t:|1657993205
|switch|p2a: Landorus|Landorus-Therian, M|25/100
|-ability|p2a: Landorus|Intimidate|boost
|-unboost|p1a: Arctozolt|atk|1
|turn|13
|
|t:|1657993210
|move|p1a: Arctozolt|Freeze-Dry|p2a: Landorus
|-supereffective|p2a: Landorus
|-damage|p2a: Landorus|0 fnt
|faint|p2a: Landorus
|
|-weather|none
|upkeep
|
|t:|1657993215
|switch|p2a: Zeraora|Zeraora, shiny|100/100
|turn|14
|
|t:|1657993231
|switch|p2a: Weavile|Weavile, M|100/100
|-ability|p2a: Weavile|Pressure
|switch|p1a: Landorus|Landorus-Therian, M|55/100 tox
|-damage|p1a: Landorus|43/100 tox|[from] Stealth Rock
|-ability|p1a: Landorus|Intimidate|boost
|-unboost|p2a: Weavile|atk|1
|
|-damage|p1a: Landorus|37/100 tox|[from] psn
|upkeep
|turn|15
|
|t:|1657993244
|move|p2a: Weavile|Swords Dance|p2a: Weavile
|-boost|p2a: Weavile|atk|2
|move|p1a: Landorus|Defog|p2a: Weavile
|-unboost|p2a: Weavile|evasion|1
|-sideend|p1: lebanesestinker|Stealth Rock|[from] move: Defog|[of] p1a: Landorus
|
|-damage|p1a: Landorus|25/100 tox|[from] psn
|upkeep
|turn|16
|
|t:|1657993246
|move|p2a: Weavile|Swords Dance|p2a: Weavile
|-boost|p2a: Weavile|atk|2
|move|p1a: Landorus|U-turn|p2a: Weavile
|-supereffective|p2a: Weavile
|-damage|p2a: Weavile|9/100
|
|t:|1657993259
|switch|p1a: Ninetales|Ninetales-Alola, F|85/100|[from]move: U-turn
|-weather|Hail|[from] ability: Snow Warning|[of] p1a: Ninetales
|
|-weather|Hail|[upkeep]
|upkeep
|turn|17
|
|t:|1657993262
|move|p1a: Ninetales|Moonblast|p2a: Weavile
|-supereffective|p2a: Weavile
|-damage|p2a: Weavile|0 fnt
|faint|p2a: Weavile
|
|-weather|Hail|[upkeep]
|upkeep
|
|t:|1657993264
|switch|p2a: Slowking|Slowking, M|100/100
|turn|18
|
|t:|1657993286
|switch|p1a: Dragapult|Dragapult, M|100/100
|move|p2a: Slowking|Scald|p1a: Dragapult
|-resisted|p1a: Dragapult
|-crit|p1a: Dragapult
|-damage|p1a: Dragapult|72/100
|-status|p1a: Dragapult|brn
|
|-weather|Hail|[upkeep]
|-damage|p1a: Dragapult|66/100 brn|[from] Hail
|-damage|p2a: Slowking|94/100|[from] Hail
|-damage|p1a: Dragapult|60/100 brn|[from] brn
|upkeep
|turn|19
|
|t:|1657993295
|move|p1a: Dragapult|U-turn|p2a: Slowking
|-supereffective|p2a: Slowking
|-damage|p2a: Slowking|64/100
|
|t:|1657993298
|switch|p1a: Arctozolt|Arctozolt|18/100|[from]move: U-turn
|move|p2a: Slowking|Future Sight|p1a: Arctozolt
|-start|p2a: Slowking|move: Future Sight
|
|-weather|Hail|[upkeep]
|-damage|p2a: Slowking|58/100|[from] Hail
|upkeep
|turn|20
|
|t:|1657993304
|switch|p2a: Buzzwole|Buzzwole|100/100
|move|p1a: Arctozolt|Blizzard|p2a: Buzzwole
|-damage|p2a: Buzzwole|53/100
|
|-weather|none
|upkeep
|turn|21
|
|t:|1657993310
|switch|p1a: Dragapult|Dragapult, M|60/100 brn
|move|p2a: Buzzwole|Roost|p2a: Buzzwole
|-heal|p2a: Buzzwole|100/100
|-singleturn|p2a: Buzzwole|move: Roost
|
|-end|p1a: Dragapult|move: Future Sight
|-damage|p1a: Dragapult|3/100 brn
|-damage|p1a: Dragapult|0 fnt|[from] brn
|faint|p1a: Dragapult
|upkeep
|
|t:|1657993315
|switch|p1a: Ninetales|Ninetales-Alola, F|85/100
|-weather|Hail|[from] ability: Snow Warning|[of] p1a: Ninetales
|turn|22
|
|t:|1657993321
|switch|p1a: Arctozolt|Arctozolt|18/100
|move|p2a: Buzzwole|Close Combat|p1a: Arctozolt
|-supereffective|p1a: Arctozolt
|-damage|p1a: Arctozolt|0 fnt
|-unboost|p2a: Buzzwole|def|1
|-unboost|p2a: Buzzwole|spd|1
|faint|p1a: Arctozolt
|-ability|p2a: Buzzwole|Beast Boost|boost
|-boost|p2a: Buzzwole|atk|1
|
|-weather|Hail|[upkeep]
|-damage|p2a: Buzzwole|94/100|[from] Hail
|upkeep
|
|t:|1657993329
|switch|p1a: Nihilego|Nihilego|100/100
|turn|23
|
|t:|1657993332
|switch|p2a: Slowking|Slowking, M|92/100
|move|p1a: Nihilego|Meteor Beam||[still]
|-prepare|p1a: Nihilego|Meteor Beam
|-boost|p1a: Nihilego|spa|1
|-enditem|p1a: Nihilego|Power Herb
|-anim|p1a: Nihilego|Meteor Beam|p2a: Slowking
|-damage|p2a: Slowking|36/100
|
|-weather|Hail|[upkeep]
|-damage|p1a: Nihilego|94/100|[from] Hail
|-damage|p2a: Slowking|30/100|[from] Hail
|upkeep
|turn|24
|
|t:|1657993335
|switch|p2a: Buzzwole|Buzzwole|94/100
|move|p1a: Nihilego|Grass Knot|p2a: Buzzwole
|-resisted|p2a: Buzzwole
|-damage|p2a: Buzzwole|56/100
|-damage|p1a: Nihilego|78/100|[from] item: Rocky Helmet|[of] p2a: Buzzwole
|
|-weather|Hail|[upkeep]
|-damage|p1a: Nihilego|72/100|[from] Hail
|-damage|p2a: Buzzwole|50/100|[from] Hail
|upkeep
|turn|25
|
|t:|1657993342
|switch|p2a: Slowking|Slowking, M|63/100
|move|p1a: Nihilego|Power Gem|p2a: Slowking
|-damage|p2a: Slowking|26/100
|
|-weather|Hail|[upkeep]
|-damage|p1a: Nihilego|66/100|[from] Hail
|-damage|p2a: Slowking|20/100|[from] Hail
|upkeep
|turn|26
|
|t:|1657993344
|switch|p2a: Buzzwole|Buzzwole|50/100
|move|p1a: Nihilego|Power Gem|p2a: Buzzwole
|-damage|p2a: Buzzwole|0 fnt
|faint|p2a: Buzzwole
|-ability|p1a: Nihilego|Beast Boost|boost
|-boost|p1a: Nihilego|spe|1
|
|-weather|none
|upkeep
|
|t:|1657993347
|switch|p2a: Zeraora|Zeraora, shiny|100/100
|turn|27
|
|t:|1657993351
|move|p1a: Nihilego|Power Gem|p2a: Zeraora
|-damage|p2a: Zeraora|25/100
|move|p2a: Zeraora|Plasma Fists|p1a: Nihilego
|-damage|p1a: Nihilego|0 fnt
|-fieldactivate|move: Ion Deluge
|-hint|Normal-type moves become Electric-type after using Plasma Fists.
|faint|p1a: Nihilego
|
|upkeep
|
|t:|1657993356
|switch|p1a: Ninetales|Ninetales-Alola, F|85/100
|-weather|Hail|[from] ability: Snow Warning|[of] p1a: Ninetales
|turn|28
|
|t:|1657993364
|switch|p1a: Landorus|Landorus-Therian, M|25/100 tox
|-ability|p1a: Landorus|Intimidate|boost
|-unboost|p2a: Zeraora|atk|1
|move|p2a: Zeraora|Knock Off|p1a: Landorus
|-damage|p1a: Landorus|3/100 tox
|-enditem|p1a: Landorus|Soft Sand|[from] move: Knock Off|[of] p2a: Zeraora
|
|-weather|Hail|[upkeep]
|-damage|p2a: Zeraora|19/100|[from] Hail
|-damage|p1a: Landorus|0 fnt|[from] Hail
|faint|p1a: Landorus
|upkeep
|
|t:|1657993368
|switch|p1a: Ninetales|Ninetales-Alola, F|85/100
|turn|29
|
|t:|1657993371
|move|p1a: Ninetales|Moonblast|p2a: Zeraora
|-damage|p2a: Zeraora|0 fnt
|faint|p2a: Zeraora
|
|-weather|Hail|[upkeep]
|upkeep
|
|t:|1657993373
|switch|p2a: Slowking|Slowking, M|53/100
|turn|30
|
|t:|1657993374
|move|p1a: Ninetales|Moonblast|p2a: Slowking
|-damage|p2a: Slowking|30/100
|move|p2a: Slowking|Slack Off|p2a: Slowking
|-heal|p2a: Slowking|80/100
|
|-weather|Hail|[upkeep]
|-damage|p2a: Slowking|74/100|[from] Hail
|upkeep
|turn|31
|
|t:|1657993376
|move|p1a: Ninetales|Moonblast|p2a: Slowking
|-damage|p2a: Slowking|49/100
|move|p2a: Slowking|Slack Off|p2a: Slowking
|-heal|p2a: Slowking|99/100
|
|-weather|Hail|[upkeep]
|-damage|p2a: Slowking|93/100|[from] Hail
|upkeep
|turn|32
|-message|lebanesestinker forfeited.
|
|win|Arreat
|raw|lebanesestinker's rating: 1669 &rarr; <strong>1652</strong><br />(-17 for losing)
|raw|Arreat's rating: 1720 &rarr; <strong>1737</strong><br />(+17 for winning)
|l|☆lebanesestinker
