|j|☆Testing Voltage
|j|☆HOF69
|t:|1652756846
|gametype|singles
|player|p1|Testing Voltage|linebacker|1790
|player|p2|HOF69|red|1819
|teamsize|p1|6
|teamsize|p2|6
|gen|8
|tier|[Gen 8] OU
|rated|
|rule|Sleep Clause Mod: Limit one foe put to sleep
|rule|Species Clause: Limit one of each Pokémon
|rule|OHKO Clause: OHKO moves are banned
|rule|Evasion Moves Clause: Evasion moves are banned
|rule|Endless Battle Clause: Forcing endless battles is banned
|rule|HP Percentage Mod: HP is shown in percentages
|rule|Dynamax Clause: You cannot dynamax
|clearpoke
|poke|p1|Tapu Koko|
|poke|p1|Raichu-Alola, F|
|poke|p1|Urshifu-*, M|
|poke|p1|Ferrothorn, M|
|poke|p1|Rotom-Wash|
|poke|p1|Mamoswine, F|
|poke|p2|Cloyster, M|
|poke|p2|Tapu Lele|
|poke|p2|Kartana|
|poke|p2|Krookodile, M|
|poke|p2|Landorus-Therian, M|
|poke|p2|Blacephalon|
|teampreview
|
|t:|1652756860
|start
|switch|p1a: Eagle|Tapu Koko|100/100
|switch|p2a: Krookodile|Krookodile, M|100/100
|-fieldstart|move: Electric Terrain|[from] ability: Electric Surge|[of] p1a: Eagle
|-ability|p2a: Krookodile|Intimidate|boost
|-unboost|p1a: Eagle|atk|1
|turn|1
|
|t:|1652756868
|move|p1a: Eagle|Dazzling Gleam|p2a: Krookodile
|-supereffective|p2a: Krookodile
|-damage|p2a: Krookodile|6/100
|move|p2a: Krookodile|Stealth Rock|p1a: Eagle
|-sidestart|p1: Testing Voltage|move: Stealth Rock
|
|upkeep
|turn|2
|
|t:|1652756875
|move|p1a: Eagle|U-turn|p2a: Krookodile
|-supereffective|p2a: Krookodile
|-damage|p2a: Krookodile|0 fnt
|faint|p2a: Krookodile
|j| durarararara
|
|t:|1652756884
|switch|p1a: Urshifu|Urshifu-Rapid-Strike, M|100/100|[from]move: U-turn
|-damage|p1a: Urshifu|94/100|[from] Stealth Rock
|
|upkeep
|
|t:|1652756890
|switch|p2a: Kartana|Kartana|100/100
|turn|3
|
|t:|1652756896
|move|p2a: Kartana|Swords Dance|p2a: Kartana
|-boost|p2a: Kartana|atk|2
|move|p1a: Urshifu|Close Combat|p2a: Kartana
|-supereffective|p2a: Kartana
|-damage|p2a: Kartana|0 fnt
|-unboost|p1a: Urshifu|def|1
|-unboost|p1a: Urshifu|spd|1
|faint|p2a: Kartana
|
|upkeep
|
|t:|1652756900
|switch|p2a: Blacephalon|Blacephalon|100/100
|turn|4
|
|t:|1652756905
|switch|p1a: Rotom|Rotom-Wash|100/100
|-damage|p1a: Rotom|88/100|[from] Stealth Rock
|move|p2a: Blacephalon|Shadow Ball|p1a: Rotom
|-damage|p1a: Rotom|51/100
|
|upkeep
|turn|5
|
|t:|1652756914
|move|p2a: Blacephalon|Shadow Ball|p1a: Rotom
|-damage|p1a: Rotom|13/100
|move|p1a: Rotom|Hydro Pump|p2a: Blacephalon
|-supereffective|p2a: Blacephalon
|-damage|p2a: Blacephalon|0 fnt
|faint|p2a: Blacephalon
|
|upkeep
|j| Mslaganjaestranja
|
|t:|1652756921
|switch|p2a: Tapu Lele|Tapu Lele|100/100
|-fieldstart|move: Psychic Terrain|[from] ability: Psychic Surge|[of] p2a: Tapu Lele
|turn|6
|
|t:|1652756924
|move|p2a: Tapu Lele|Psyshock|p1a: Rotom
|-damage|p1a: Rotom|0 fnt
|faint|p1a: Rotom
|
|upkeep
|
|t:|1652756932
|switch|p1a: Sundowner|Ferrothorn, M, shiny|100/100
|-damage|p1a: Sundowner|94/100|[from] Stealth Rock
|turn|7
|
|t:|1652756935
|move|p2a: Tapu Lele|Focus Blast|p1a: Sundowner
|-supereffective|p1a: Sundowner
|-damage|p1a: Sundowner|40/100
|-unboost|p1a: Sundowner|spd|1
|move|p1a: Sundowner|Iron Head|p2a: Tapu Lele
|-supereffective|p2a: Tapu Lele
|-crit|p2a: Tapu Lele
|-damage|p2a: Tapu Lele|0 fnt
|faint|p2a: Tapu Lele
|
|-heal|p1a: Sundowner|47/100|[from] item: Leftovers
|upkeep
|j| Noob 0_o
|-message|HOF69 forfeited.
|
|win|Testing Voltage
|raw|Testing Voltage's rating: 1790 &rarr; <strong>1812</strong><br />(+22 for winning)
|raw|HOF69's rating: 1819 &rarr; <strong>1797</strong><br />(-22 for losing)
|l|☆HOF69
|l| Mslaganjaestranja
||Ladder isn't responding, score probably updated but might not have (Request timeout).
|l| Noob 0_o
