|j|☆Lucians Call
|j|☆Misterioussaint
|t:|1664925876
|gametype|singles
|player|p1|Lucians Call|furisodegirl-blue|
|player|p2|Misterioussaint|furisodegirl-black|
|teamsize|p1|6
|teamsize|p2|6
|gen|8
|tier|[Gen 8] OU
|rule|Sleep Clause Mod: Limit one foe put to sleep
|rule|Species Clause: Limit one of each Pokémon
|rule|OHKO Clause: OHKO moves are banned
|rule|Evasion Items Clause: Evasion items are banned
|rule|Evasion Moves Clause: Evasion moves are banned
|rule|Endless Battle Clause: Forcing endless battles is banned
|rule|HP Percentage Mod: HP is shown in percentages
|rule|Dynamax Clause: You cannot dynamax
|clearpoke
|poke|p1|Inteleon, F|
|poke|p1|Weavile, M|
|poke|p1|Zapdos|
|poke|p1|Ferrothorn, M|
|poke|p1|Hydreigon, M|
|poke|p1|Tapu Lele|
|poke|p2|Nihilego|
|poke|p2|Magnezone|
|poke|p2|Zapdos|
|poke|p2|Rillaboom, F|
|poke|p2|Landorus-Therian, M|
|poke|p2|Weavile, F|
|teampreview
|inactive|Battle timer is ON: inactive players will automatically lose when time's up. (requested by Lucians Call)
|
|t:|1664925893
|start
|switch|p1a: Ferrothorn|Ferrothorn, M|100/100
|switch|p2a: Weavile|Weavile, F|100/100
|-ability|p2a: Weavile|Pressure
|turn|1
|
|t:|1664925896
|switch|p2a: Magnezone|Magnezone|100/100
|-item|p2a: Magnezone|Air Balloon
|move|p1a: Ferrothorn|Stealth Rock|p2a: Magnezone
|-sidestart|p2: Misterioussaint|move: Stealth Rock
|
|upkeep
|turn|2
|
|t:|1664925898
|move|p2a: Magnezone|Iron Defense|p2a: Magnezone
|-boost|p2a: Magnezone|def|2
|move|p1a: Ferrothorn|Leech Seed|p2a: Magnezone
|-start|p2a: Magnezone|move: Leech Seed
|
|-damage|p2a: Magnezone|88/100|[from] Leech Seed|[of] p1a: Ferrothorn
|upkeep
|turn|3
|
|t:|1664925901
|move|p2a: Magnezone|Body Press|p1a: Ferrothorn
|-supereffective|p1a: Ferrothorn
|-damage|p1a: Ferrothorn|31/100
|-damage|p2a: Magnezone|76/100|[from] ability: Iron Barbs|[of] p1a: Ferrothorn
|move|p1a: Ferrothorn|Spikes|p2a: Magnezone
|-sidestart|p2: Misterioussaint|Spikes
|
|-heal|p1a: Ferrothorn|37/100|[from] item: Leftovers
|-damage|p2a: Magnezone|63/100|[from] Leech Seed|[of] p1a: Ferrothorn
|-heal|p1a: Ferrothorn|47/100|[silent]
|upkeep
|turn|4
|
|t:|1664925903
|move|p2a: Magnezone|Body Press|p1a: Ferrothorn
|-supereffective|p1a: Ferrothorn
|-crit|p1a: Ferrothorn
|-damage|p1a: Ferrothorn|0 fnt
|-damage|p2a: Magnezone|51/100|[from] ability: Iron Barbs|[of] p1a: Ferrothorn
|faint|p1a: Ferrothorn
|
|upkeep
|
|t:|1664925910
|switch|p1a: Inteleon|Inteleon, F|100/100
|turn|5
|
|t:|1664925918
|move|p1a: Inteleon|Hydro Pump|p2a: Magnezone
|-damage|p2a: Magnezone|0 fnt
|-enditem|p2a: Magnezone|Air Balloon
|faint|p2a: Magnezone
|
|upkeep
|
|t:|1664925925
|switch|p2a: Zapdos|Zapdos|100/100
|turn|6
|
|t:|1664925929
|move|p1a: Inteleon|Focus Energy|p1a: Inteleon
|-start|p1a: Inteleon|move: Focus Energy
|move|p2a: Zapdos|Defog|p1a: Inteleon
|-unboost|p1a: Inteleon|evasion|1
|-sideend|p2: Misterioussaint|Spikes|[from] move: Defog|[of] p2a: Zapdos
|-sideend|p2: Misterioussaint|Stealth Rock|[from] move: Defog|[of] p2a: Zapdos
|
|upkeep
|turn|7
|
|t:|1664925932
|move|p1a: Inteleon|Hydro Pump|p2a: Zapdos
|-crit|p2a: Zapdos
|-damage|p2a: Zapdos|0 fnt
|faint|p2a: Zapdos
|
|upkeep
|
|t:|1664925935
|switch|p2a: Rillaboom|Rillaboom, F|100/100
|-fieldstart|move: Grassy Terrain|[from] ability: Grassy Surge|[of] p2a: Rillaboom
|turn|8
|
|t:|1664925940
|switch|p2a: Nihilego|Nihilego|100/100
|move|p1a: Inteleon|Air Slash|p2a: Nihilego
|-resisted|p2a: Nihilego
|-crit|p2a: Nihilego
|-damage|p2a: Nihilego|80/100
|
|-heal|p2a: Nihilego|86/100|[from] Grassy Terrain
|upkeep
|turn|9
|
|t:|1664925948
|switch|p2a: Rillaboom|Rillaboom, F|100/100
|move|p1a: Inteleon|Hydro Pump|p2a: Rillaboom
|-resisted|p2a: Rillaboom
|-crit|p2a: Rillaboom
|-damage|p2a: Rillaboom|13/100
|
|-heal|p2a: Rillaboom|20/100|[from] Grassy Terrain
|upkeep
|turn|10
|
|t:|1664925958
|move|p1a: Inteleon|Mud Shot|p2a: Rillaboom
|-resisted|p2a: Rillaboom
|-crit|p2a: Rillaboom
|-damage|p2a: Rillaboom|0 fnt
|faint|p2a: Rillaboom
|
|upkeep
|
|t:|1664925962
|switch|p2a: Weavile|Weavile, F|100/100
|-ability|p2a: Weavile|Pressure
|turn|11
|
|t:|1664925965
|move|p1a: Inteleon|Hydro Pump|p2a: Weavile
|-crit|p2a: Weavile
|-damage|p2a: Weavile|0 fnt
|faint|p2a: Weavile
|
|upkeep
|
|t:|1664925971
|switch|p2a: Nihilego|Nihilego|86/100
|turn|12
|
|t:|1664925979
|move|p1a: Inteleon|Mud Shot|p2a: Nihilego
|-supereffective|p2a: Nihilego
|-crit|p2a: Nihilego
|-damage|p2a: Nihilego|0 fnt
|faint|p2a: Nihilego
|
|-fieldend|move: Grassy Terrain
|upkeep
|-message|Misterioussaint forfeited.
|
|win|Lucians Call
