|j|☆lt91bb FJ2K
|j|☆Gotmyvanson
|t:|1659289150
|gametype|singles
|player|p1|lt91bb FJ2K|2|1756
|player|p2|Gotmyvanson|ghetsis|1663
|teamsize|p1|6
|teamsize|p2|6
|gen|8
|tier|[Gen 8] OU
|rated|
|rule|Sleep Clause Mod: Limit one foe put to sleep
|rule|Species Clause: Limit one of each Pokémon
|rule|OHKO Clause: OHKO moves are banned
|rule|Evasion Moves Clause: Evasion moves are banned
|rule|Endless Battle Clause: Forcing endless battles is banned
|rule|HP Percentage Mod: HP is shown in percentages
|rule|Dynamax Clause: You cannot dynamax
|clearpoke
|poke|p1|Tyranitar, M|
|poke|p1|Rotom-Wash|
|poke|p1|Ferrothorn, F|
|poke|p1|Excadrill, M|
|poke|p1|Dragapult, M|
|poke|p1|Clefable, F|
|poke|p2|Tornadus-Therian, M|
|poke|p2|Nidoking, M|
|poke|p2|Urshifu-*, M|
|poke|p2|Buzzwole|
|poke|p2|Blissey, F|
|poke|p2|Slowbro, M|
|teampreview
|inactive|Battle timer is ON: inactive players will automatically lose when time's up. (requested by lt91bb FJ2K)
|
|t:|1659289157
|start
|switch|p1a: Dragapult|Dragapult, M|100/100
|switch|p2a: Blissey|Blissey, F|100/100
|turn|1
|
|t:|1659289161
|move|p1a: Dragapult|U-turn|p2a: Blissey
|-damage|p2a: Blissey|86/100
|
|t:|1659289162
|switch|p1a: Excadrill|Excadrill, M|100/100|[from]move: U-turn
|move|p2a: Blissey|Stealth Rock|p1a: Excadrill
|-sidestart|p1: lt91bb FJ2K|move: Stealth Rock
|
|upkeep
|turn|2
|
|t:|1659289167
|switch|p2a: Buzzwole|Buzzwole|100/100
|move|p1a: Excadrill|Rapid Spin|p2a: Buzzwole
|-damage|p2a: Buzzwole|91/100
|-boost|p1a: Excadrill|spe|1
|-damage|p1a: Excadrill|84/100|[from] item: Rocky Helmet|[of] p2a: Buzzwole
|-sideend|p1: lt91bb FJ2K|Stealth Rock|[from] move: Rapid Spin|[of] p1a: Excadrill
|
|-heal|p1a: Excadrill|90/100|[from] item: Leftovers
|upkeep
|turn|3
|
|t:|1659289180
|switch|p1a: Clefable|Clefable, F|100/100
|move|p2a: Buzzwole|Drain Punch|p1a: Clefable
|-resisted|p1a: Clefable
|-damage|p1a: Clefable|85/100
|-heal|p2a: Buzzwole|99/100|[from] drain|[of] p1a: Clefable
|-damage|p2a: Buzzwole|82/100|[from] item: Rocky Helmet|[of] p1a: Clefable
|
|upkeep
|turn|4
|
|t:|1659289184
|switch|p2a: Tornadus|Tornadus-Therian, M|100/100
|move|p1a: Clefable|Stealth Rock|p2a: Tornadus
|-sidestart|p2: Gotmyvanson|move: Stealth Rock
|
|upkeep
|turn|5
|
|t:|1659289188
|switch|p1a: Rotom|Rotom-Wash|100/100
|move|p2a: Tornadus|Knock Off|p1a: Rotom
|-damage|p1a: Rotom|79/100
|-enditem|p1a: Rotom|Leftovers|[from] move: Knock Off|[of] p2a: Tornadus
|
|upkeep
|turn|6
|
|t:|1659289192
|move|p2a: Tornadus|U-turn|p1a: Rotom
|-damage|p1a: Rotom|64/100
|
|t:|1659289194
|switch|p2a: Nidoking|Nidoking, M, shiny|100/100|[from]move: U-turn
|-damage|p2a: Nidoking|95/100|[from] Stealth Rock
|move|p1a: Rotom|Hydro Pump|p2a: Nidoking
|-supereffective|p2a: Nidoking
|-crit|p2a: Nidoking
|-damage|p2a: Nidoking|0 fnt
|faint|p2a: Nidoking
|
|upkeep
|
|t:|1659289197
|switch|p2a: Blissey|Blissey, F|86/100
|turn|7
|
|t:|1659289200
|move|p1a: Rotom|Pain Split|p2a: Blissey
|-sethp|p2a: Blissey|57/100|[from] move: Pain Split|[silent]
|-sethp|p1a: Rotom|100/100|[from] move: Pain Split
|move|p2a: Blissey|Stealth Rock|p1a: Rotom
|-sidestart|p1: lt91bb FJ2K|move: Stealth Rock
|
|upkeep
|turn|8
|
|t:|1659289204
|move|p1a: Rotom|Volt Switch|p2a: Blissey
|-damage|p2a: Blissey|48/100
|
|t:|1659289207
|switch|p1a: Excadrill|Excadrill, M|90/100|[from]move: Volt Switch
|-damage|p1a: Excadrill|87/100|[from] Stealth Rock
|move|p2a: Blissey|Teleport|p2a: Blissey
|
|t:|1659289209
|switch|p2a: Urshifu|Urshifu-Rapid-Strike, M|100/100|[from]move: Teleport
|-damage|p2a: Urshifu|94/100|[from] Stealth Rock
|
|-heal|p1a: Excadrill|93/100|[from] item: Leftovers
|upkeep
|turn|9
|
|t:|1659289212
|switch|p1a: Clefable|Clefable, F|85/100
|move|p2a: Urshifu|Surging Strikes|p1a: Clefable
|-crit|p1a: Clefable
|-damage|p1a: Clefable|62/100
|-damage|p2a: Urshifu|78/100|[from] item: Rocky Helmet|[of] p1a: Clefable
|-crit|p1a: Clefable
|-damage|p1a: Clefable|40/100
|-damage|p2a: Urshifu|61/100|[from] item: Rocky Helmet|[of] p1a: Clefable
|-crit|p1a: Clefable
|-damage|p1a: Clefable|16/100
|-damage|p2a: Urshifu|45/100|[from] item: Rocky Helmet|[of] p1a: Clefable
|-hitcount|p1a: Clefable|3
|
|upkeep
|turn|10
|
|t:|1659289216
|switch|p2a: Slowbro|Slowbro, M, shiny|100/100
|switch|p1a: Ferrothorn|Ferrothorn, F|100/100
|-damage|p1a: Ferrothorn|94/100|[from] Stealth Rock
|
|-heal|p1a: Ferrothorn|100/100|[from] item: Leftovers
|upkeep
|turn|11
|
|t:|1659289218
|move|p1a: Ferrothorn|Leech Seed|p2a: Slowbro|[miss]
|-miss|p1a: Ferrothorn|p2a: Slowbro
|move|p2a: Slowbro|Teleport|p2a: Slowbro
|
|t:|1659289221
|switch|p2a: Urshifu|Urshifu-Rapid-Strike, M|45/100|[from]move: Teleport
|-damage|p2a: Urshifu|39/100|[from] Stealth Rock
|
|upkeep
|turn|12
|
|t:|1659289224
|switch|p1a: Clefable|Clefable, F|16/100
|move|p2a: Urshifu|Close Combat|p1a: Clefable
|-resisted|p1a: Clefable
|-damage|p1a: Clefable|0 fnt
|-unboost|p2a: Urshifu|def|1
|-unboost|p2a: Urshifu|spd|1
|-damage|p2a: Urshifu|22/100|[from] item: Rocky Helmet|[of] p1a: Clefable
|faint|p1a: Clefable
|
|upkeep
|
|t:|1659289231
|switch|p1a: Dragapult|Dragapult, M|100/100
|-damage|p1a: Dragapult|88/100|[from] Stealth Rock
|turn|13
|
|t:|1659289237
|switch|p2a: Tornadus|Tornadus-Therian, M|100/100
|move|p1a: Dragapult|Shadow Ball|p2a: Tornadus
|-damage|p2a: Tornadus|45/100
|
|upkeep
|turn|14
|
|t:|1659289239
|move|p1a: Dragapult|Shadow Ball|p2a: Tornadus
|-damage|p2a: Tornadus|0 fnt
|faint|p2a: Tornadus
|
|upkeep
|
|t:|1659289241
|switch|p2a: Blissey|Blissey, F|48/100
|turn|15
|
|t:|1659289243
|switch|p1a: Tyranitar|Tyranitar, M|100/100
|-damage|p1a: Tyranitar|88/100|[from] Stealth Rock
|-weather|Sandstorm|[from] ability: Sand Stream|[of] p1a: Tyranitar
|move|p2a: Blissey|Soft-Boiled|p2a: Blissey
|-heal|p2a: Blissey|98/100
|
|-weather|Sandstorm|[upkeep]
|-damage|p2a: Blissey|91/100|[from] Sandstorm
|upkeep
|turn|16
|
|t:|1659289245
|move|p1a: Tyranitar|Crunch|p2a: Blissey
|-damage|p2a: Blissey|27/100
|-unboost|p2a: Blissey|def|1
|move|p2a: Blissey|Toxic|p1a: Tyranitar
|-status|p1a: Tyranitar|tox
|
|-weather|Sandstorm|[upkeep]
|-damage|p2a: Blissey|21/100|[from] Sandstorm
|-damage|p1a: Tyranitar|82/100 tox|[from] psn
|upkeep
|turn|17
|
|t:|1659289248
|switch|p2a: Buzzwole|Buzzwole|82/100
|-damage|p2a: Buzzwole|70/100|[from] Stealth Rock
|move|p1a: Tyranitar|Crunch|p2a: Buzzwole
|-resisted|p2a: Buzzwole
|-damage|p2a: Buzzwole|52/100
|-damage|p1a: Tyranitar|65/100 tox|[from] item: Rocky Helmet|[of] p2a: Buzzwole
|
|-weather|Sandstorm|[upkeep]
|-damage|p2a: Buzzwole|45/100|[from] Sandstorm
|-damage|p1a: Tyranitar|53/100 tox|[from] psn
|upkeep
|turn|18
|
|t:|1659289255
|switch|p1a: Dragapult|Dragapult, M|88/100
|-damage|p1a: Dragapult|76/100|[from] Stealth Rock
|move|p2a: Buzzwole|Roost|p2a: Buzzwole
|-heal|p2a: Buzzwole|95/100
|-singleturn|p2a: Buzzwole|move: Roost
|
|-weather|Sandstorm|[upkeep]
|-damage|p1a: Dragapult|70/100|[from] Sandstorm
|-damage|p2a: Buzzwole|89/100|[from] Sandstorm
|upkeep
|turn|19
|
|t:|1659289270
|switch|p2a: Blissey|Blissey, F|21/100
|move|p1a: Dragapult|Draco Meteor|p2a: Blissey
|-damage|p2a: Blissey|0 fnt
|-unboost|p1a: Dragapult|spa|2
|faint|p2a: Blissey
|
|-weather|none
|upkeep
|
|t:|1659289277
|switch|p2a: Buzzwole|Buzzwole|89/100
|-damage|p2a: Buzzwole|77/100|[from] Stealth Rock
|turn|20
|
|t:|1659289283
|switch|p1a: Ferrothorn|Ferrothorn, F|100/100
|-damage|p1a: Ferrothorn|94/100|[from] Stealth Rock
|move|p2a: Buzzwole|Drain Punch|p1a: Ferrothorn
|-supereffective|p1a: Ferrothorn
|-damage|p1a: Ferrothorn|36/100
|-heal|p2a: Buzzwole|100/100|[from] drain|[of] p1a: Ferrothorn
|-damage|p2a: Buzzwole|88/100|[from] ability: Iron Barbs|[of] p1a: Ferrothorn
|
|-heal|p1a: Ferrothorn|43/100|[from] item: Leftovers
|upkeep
|turn|21
|
|t:|1659289287
|move|p2a: Buzzwole|Ice Punch|p1a: Ferrothorn
|-crit|p1a: Ferrothorn
|-damage|p1a: Ferrothorn|14/100
|-damage|p2a: Buzzwole|76/100|[from] ability: Iron Barbs|[of] p1a: Ferrothorn
|move|p1a: Ferrothorn|Leech Seed|p2a: Buzzwole
|-start|p2a: Buzzwole|move: Leech Seed
|
|-heal|p1a: Ferrothorn|20/100|[from] item: Leftovers
|-damage|p2a: Buzzwole|63/100|[from] Leech Seed|[of] p1a: Ferrothorn
|-heal|p1a: Ferrothorn|35/100|[silent]
|upkeep
|turn|22
|
|t:|1659289289
|move|p2a: Buzzwole|Drain Punch|p1a: Ferrothorn
|-supereffective|p1a: Ferrothorn
|-damage|p1a: Ferrothorn|0 fnt
|-heal|p2a: Buzzwole|78/100|[from] drain|[of] p1a: Ferrothorn
|-damage|p2a: Buzzwole|65/100|[from] ability: Iron Barbs|[of] p1a: Ferrothorn
|faint|p1a: Ferrothorn
|-ability|p2a: Buzzwole|Beast Boost|boost
|-boost|p2a: Buzzwole|def|1
|
|upkeep
|
|t:|1659289293
|switch|p1a: Dragapult|Dragapult, M|70/100
|-damage|p1a: Dragapult|58/100|[from] Stealth Rock
|turn|23
|
|t:|1659289296
|switch|p2a: Urshifu|Urshifu-Rapid-Strike, M|22/100
|-damage|p2a: Urshifu|16/100|[from] Stealth Rock
|move|p1a: Dragapult|Shadow Ball|p2a: Urshifu
|-damage|p2a: Urshifu|0 fnt
|faint|p2a: Urshifu
|
|upkeep
|
|t:|1659289298
|switch|p2a: Slowbro|Slowbro, M, shiny|100/100
|turn|24
|
|t:|1659289303
|switch|p1a: Rotom|Rotom-Wash|100/100
|-damage|p1a: Rotom|88/100|[from] Stealth Rock
|move|p2a: Slowbro|Future Sight|p1a: Rotom
|-start|p2a: Slowbro|move: Future Sight
|
|upkeep
|turn|25
|
|t:|1659289307
|move|p1a: Rotom|Will-O-Wisp|p2a: Slowbro
|-status|p2a: Slowbro|brn
|move|p2a: Slowbro|Scald|p1a: Rotom
|-resisted|p1a: Rotom
|-damage|p1a: Rotom|74/100
|-status|p1a: Rotom|brn
|
|-damage|p1a: Rotom|68/100 brn|[from] brn
|-damage|p2a: Slowbro|94/100 brn|[from] brn
|upkeep
|turn|26
|
|t:|1659289311
|move|p1a: Rotom|Pain Split|p2a: Slowbro
|-sethp|p2a: Slowbro|74/100 brn|[from] move: Pain Split|[silent]
|-sethp|p1a: Rotom|95/100 brn|[from] move: Pain Split
|move|p2a: Slowbro|Slack Off|p2a: Slowbro
|-heal|p2a: Slowbro|100/100 brn
|
|-end|p1a: Rotom|move: Future Sight
|-damage|p1a: Rotom|52/100 brn
|-damage|p1a: Rotom|46/100 brn|[from] brn
|-damage|p2a: Slowbro|94/100 brn|[from] brn
|upkeep
|turn|27
|
|t:|1659289327
|move|p1a: Rotom|Pain Split|p2a: Slowbro
|-sethp|p2a: Slowbro|65/100 brn|[from] move: Pain Split|[silent]
|-sethp|p1a: Rotom|83/100 brn|[from] move: Pain Split
|move|p2a: Slowbro|Future Sight|p1a: Rotom
|-start|p2a: Slowbro|move: Future Sight
|
|-damage|p1a: Rotom|77/100 brn|[from] brn
|-damage|p2a: Slowbro|59/100 brn|[from] brn
|upkeep
|turn|28
|
|t:|1659289333
|move|p1a: Rotom|Hydro Pump|p2a: Slowbro|[miss]
|-miss|p1a: Rotom|p2a: Slowbro
|move|p2a: Slowbro|Scald|p1a: Rotom
|-resisted|p1a: Rotom
|-damage|p1a: Rotom|63/100 brn
|
|-damage|p1a: Rotom|57/100 brn|[from] brn
|-damage|p2a: Slowbro|53/100 brn|[from] brn
|upkeep
|turn|29
|
|t:|1659289341
|move|p1a: Rotom|Volt Switch|p2a: Slowbro
|-supereffective|p2a: Slowbro
|-damage|p2a: Slowbro|5/100 brn
|
|t:|1659289344
|switch|p1a: Tyranitar|Tyranitar, M|53/100 tox|[from]move: Volt Switch
|-damage|p1a: Tyranitar|40/100 tox|[from] Stealth Rock
|-weather|Sandstorm|[from] ability: Sand Stream|[of] p1a: Tyranitar
|move|p2a: Slowbro|Scald|p1a: Tyranitar
|-supereffective|p1a: Tyranitar
|-damage|p1a: Tyranitar|4/100 tox
|
|-weather|Sandstorm|[upkeep]
|-damage|p2a: Slowbro|0 fnt|[from] Sandstorm
|faint|p2a: Slowbro
|-end|p1a: Tyranitar|move: Future Sight
|-immune|p1a: Tyranitar
|-damage|p1a: Tyranitar|0 fnt|[from] psn
|faint|p1a: Tyranitar
|upkeep
|
|t:|1659289347
|switch|p1a: Rotom|Rotom-Wash|57/100 brn
|switch|p2a: Buzzwole|Buzzwole|65/100
|-damage|p1a: Rotom|45/100 brn|[from] Stealth Rock
|-damage|p2a: Buzzwole|53/100|[from] Stealth Rock
|turn|30
|
|t:|1659289349
|move|p1a: Rotom|Hydro Pump|p2a: Buzzwole|[miss]
|-miss|p1a: Rotom|p2a: Buzzwole
|move|p2a: Buzzwole|Drain Punch|p1a: Rotom
|-damage|p1a: Rotom|3/100 brn
|-heal|p2a: Buzzwole|68/100|[from] drain|[of] p1a: Rotom
|
|-weather|Sandstorm|[upkeep]
|-damage|p1a: Rotom|0 fnt|[from] Sandstorm
|-damage|p2a: Buzzwole|62/100|[from] Sandstorm
|faint|p1a: Rotom
|upkeep
|
|t:|1659289353
|switch|p1a: Excadrill|Excadrill, M|93/100
|-damage|p1a: Excadrill|90/100|[from] Stealth Rock
|turn|31
|
|t:|1659289355
|move|p1a: Excadrill|Iron Head|p2a: Buzzwole
|-damage|p2a: Buzzwole|39/100
|-damage|p1a: Excadrill|73/100|[from] item: Rocky Helmet|[of] p2a: Buzzwole
|cant|p2a: Buzzwole|flinch
|
|-weather|Sandstorm|[upkeep]
|-damage|p2a: Buzzwole|33/100|[from] Sandstorm
|-heal|p1a: Excadrill|79/100|[from] item: Leftovers
|upkeep
|turn|32
|
|t:|1659289360
|move|p1a: Excadrill|Iron Head|p2a: Buzzwole
|-damage|p2a: Buzzwole|12/100
|-damage|p1a: Excadrill|63/100|[from] item: Rocky Helmet|[of] p2a: Buzzwole
|move|p2a: Buzzwole|Roost|p2a: Buzzwole
|-heal|p2a: Buzzwole|62/100
|-singleturn|p2a: Buzzwole|move: Roost
|
|-weather|Sandstorm|[upkeep]
|-damage|p2a: Buzzwole|55/100|[from] Sandstorm
|-heal|p1a: Excadrill|69/100|[from] item: Leftovers
|upkeep
|turn|33
|
|t:|1659289363
|switch|p1a: Dragapult|Dragapult, M|58/100
|-damage|p1a: Dragapult|45/100|[from] Stealth Rock
|move|p2a: Buzzwole|Roost|p2a: Buzzwole
|-heal|p2a: Buzzwole|100/100
|-singleturn|p2a: Buzzwole|move: Roost
|
|-weather|none
|upkeep
|turn|34
|
|t:|1659289367
|move|p1a: Dragapult|Draco Meteor|p2a: Buzzwole
|-damage|p2a: Buzzwole|0 fnt
|-unboost|p1a: Dragapult|spa|2
|faint|p2a: Buzzwole
|
|win|lt91bb FJ2K
|raw|lt91bb FJ2K's rating: 1756 &rarr; <strong>1771</strong><br />(+15 for winning)
|raw|Gotmyvanson's rating: 1663 &rarr; <strong>1648</strong><br />(-15 for losing)
|l|☆Gotmyvanson
||Ladder isn't responding, score probably updated but might not have (Request timeout).
