|j|☆OKAY_ROOMER
|j|☆Mutako Z
|t:|1633293224
|gametype|singles
|player|p1|OKAY_ROOMER|gentleman-gen4dp|1503
|player|p2|Mutako Z|28|1549
|teamsize|p1|6
|teamsize|p2|6
|gen|8
|tier|[Gen 8] OU
|rated|
|rule|Sleep Clause Mod: Limit one foe put to sleep
|rule|Species Clause: Limit one of each Pokémon
|rule|OHKO Clause: OHKO moves are banned
|rule|Evasion Moves Clause: Evasion moves are banned
|rule|Endless Battle Clause: Forcing endless battles is banned
|rule|HP Percentage Mod: HP is shown in percentages
|rule|Dynamax Clause: You cannot dynamax
|clearpoke
|poke|p1|Ferrothorn, F|
|poke|p1|Kyurem|
|poke|p1|Blaziken, F|
|poke|p1|Landorus-Therian, M|
|poke|p1|Toxapex, F|
|poke|p1|Zapdos|
|poke|p2|Hippowdon, F|
|poke|p2|Tyranitar, M|
|poke|p2|Excadrill, M|
|poke|p2|Dracozolt|
|poke|p2|Zapdos|
|poke|p2|Scizor, F|
|teampreview
|
|t:|1633293231
|start
|switch|p1a: Blaziken|Blaziken, F|100/100
|switch|p2a: Scizor|Scizor, F|100/100
|turn|1
|inactive|Battle timer is ON: inactive players will automatically lose when time's up. (requested by OKAY_ROOMER)
|
|t:|1633293239
|switch|p2a: Zapdos|Zapdos|100/100
|move|p1a: Blaziken|Laser Focus|p1a: Blaziken
|-start|p1a: Blaziken|move: Laser Focus
|
|-ability|p1a: Blaziken|Speed Boost|boost
|-boost|p1a: Blaziken|spe|1
|upkeep
|turn|2
|
|t:|1633293245
|move|p1a: Blaziken|Overheat|p2a: Zapdos
|-crit|p2a: Zapdos
|-damage|p2a: Zapdos|0 fnt
|-unboost|p1a: Blaziken|spa|2
|faint|p2a: Zapdos
|-damage|p1a: Blaziken|91/100|[from] item: Life Orb
|
|-ability|p1a: Blaziken|Speed Boost|boost
|-boost|p1a: Blaziken|spe|1
|-end|p1a: Blaziken|move: Laser Focus|[silent]
|upkeep
|
|t:|1633293255
|switch|p2a: Hippowdon|Hippowdon, F|100/100
|-weather|Sandstorm|[from] ability: Sand Stream|[of] p2a: Hippowdon
|turn|3
|
|t:|1633293260
|move|p1a: Blaziken|Laser Focus|p1a: Blaziken
|-start|p1a: Blaziken|move: Laser Focus
|move|p2a: Hippowdon|Stealth Rock|p1a: Blaziken
|-sidestart|p1: OKAY_ROOMER|move: Stealth Rock
|
|-weather|Sandstorm|[upkeep]
|-damage|p1a: Blaziken|85/100|[from] Sandstorm
|-ability|p1a: Blaziken|Speed Boost|boost
|-boost|p1a: Blaziken|spe|1
|upkeep
|turn|4
|
|t:|1633293270
|move|p1a: Blaziken|Focus Blast|p2a: Hippowdon
|-crit|p2a: Hippowdon
|-damage|p2a: Hippowdon|0 fnt
|faint|p2a: Hippowdon
|-damage|p1a: Blaziken|75/100|[from] item: Life Orb
|
|-weather|Sandstorm|[upkeep]
|-damage|p1a: Blaziken|69/100|[from] Sandstorm
|-ability|p1a: Blaziken|Speed Boost|boost
|-boost|p1a: Blaziken|spe|1
|-end|p1a: Blaziken|move: Laser Focus|[silent]
|upkeep
|
|t:|1633293284
|switch|p2a: Excadrill|Excadrill, M|100/100
|turn|5
|
|t:|1633293302
|switch|p1a: Landorus|Landorus-Therian, M|100/100
|-damage|p1a: Landorus|88/100|[from] Stealth Rock
|-ability|p1a: Landorus|Intimidate|boost
|-unboost|p2a: Excadrill|atk|1
|move|p2a: Excadrill|Earthquake|p1a: Landorus
|-immune|p1a: Landorus
|
|-weather|Sandstorm|[upkeep]
|upkeep
|turn|6
|
|t:|1633293313
|switch|p2a: Scizor|Scizor, F|100/100
|move|p1a: Landorus|Earthquake|p2a: Scizor
|-damage|p2a: Scizor|66/100
|
|-weather|Sandstorm|[upkeep]
|upkeep
|turn|7
|
|t:|1633293322
|move|p1a: Landorus|Stealth Rock|p2a: Scizor
|-sidestart|p2: Mutako Z|move: Stealth Rock
|move|p2a: Scizor|Swords Dance|p2a: Scizor
|-boost|p2a: Scizor|atk|2
|
|-weather|Sandstorm|[upkeep]
|upkeep
|turn|8
|
|t:|1633293327
|move|p1a: Landorus|Earthquake|p2a: Scizor
|-damage|p2a: Scizor|25/100
|move|p2a: Scizor|Swords Dance|p2a: Scizor
|-boost|p2a: Scizor|atk|2
|
|-weather|Sandstorm|[upkeep]
|upkeep
|turn|9
|
|t:|1633293334
|move|p2a: Scizor|Bullet Punch|p1a: Landorus
|-damage|p1a: Landorus|15/100
|-damage|p2a: Scizor|9/100|[from] item: Rocky Helmet|[of] p1a: Landorus
|move|p1a: Landorus|Earthquake|p2a: Scizor
|-damage|p2a: Scizor|0 fnt
|faint|p2a: Scizor
|
|-weather|Sandstorm|[upkeep]
|upkeep
|
|t:|1633293341
|switch|p2a: Dracozolt|Dracozolt|100/100
|-damage|p2a: Dracozolt|88/100|[from] Stealth Rock
|turn|10
|
|t:|1633293345
|move|p2a: Dracozolt|Fire Blast|p1a: Landorus
|-damage|p1a: Landorus|0 fnt
|faint|p1a: Landorus
|-damage|p2a: Dracozolt|78/100|[from] item: Life Orb
|
|-weather|none
|upkeep
|
|t:|1633293355
|switch|p1a: Blaziken|Blaziken, F|69/100
|-damage|p1a: Blaziken|56/100|[from] Stealth Rock
|turn|11
|
|t:|1633293363
|move|p1a: Blaziken|Scorching Sands|p2a: Dracozolt
|-supereffective|p2a: Dracozolt
|-damage|p2a: Dracozolt|0 fnt
|faint|p2a: Dracozolt
|-damage|p1a: Blaziken|46/100|[from] item: Life Orb
|
|-ability|p1a: Blaziken|Speed Boost|boost
|-boost|p1a: Blaziken|spe|1
|upkeep
|
|t:|1633293371
|switch|p2a: Tyranitar|Tyranitar, M|100/100
|-damage|p2a: Tyranitar|88/100|[from] Stealth Rock
|-weather|Sandstorm|[from] ability: Sand Stream|[of] p2a: Tyranitar
|turn|12
|
|t:|1633293375
|move|p1a: Blaziken|Focus Blast|p2a: Tyranitar|[miss]
|-miss|p1a: Blaziken|p2a: Tyranitar
|move|p2a: Tyranitar|Earthquake|p1a: Blaziken
|-supereffective|p1a: Blaziken
|-crit|p1a: Blaziken
|-damage|p1a: Blaziken|0 fnt
|faint|p1a: Blaziken
|
|-weather|Sandstorm|[upkeep]
|upkeep
|
|t:|1633293384
|switch|p1a: Ferrothorn|Ferrothorn, F|100/100
|-damage|p1a: Ferrothorn|95/100|[from] Stealth Rock
|turn|13
|
|t:|1633293390
|switch|p2a: Excadrill|Excadrill, M|100/100
|-damage|p2a: Excadrill|97/100|[from] Stealth Rock
|move|p1a: Ferrothorn|Swords Dance|p1a: Ferrothorn
|-boost|p1a: Ferrothorn|atk|2
|
|-weather|Sandstorm|[upkeep]
|upkeep
|turn|14
|
|t:|1633293397
|move|p2a: Excadrill|Swords Dance|p2a: Excadrill
|-boost|p2a: Excadrill|atk|2
|move|p1a: Ferrothorn|Power Whip|p2a: Excadrill
|-damage|p2a: Excadrill|0 fnt
|faint|p2a: Excadrill
|-damage|p1a: Ferrothorn|85/100|[from] item: Life Orb
|
|-weather|Sandstorm|[upkeep]
|upkeep
|
|t:|1633293405
|switch|p2a: Tyranitar|Tyranitar, M|88/100
|-damage|p2a: Tyranitar|76/100|[from] Stealth Rock
|turn|15
|
|t:|1633293409
|move|p2a: Tyranitar|Dragon Dance|p2a: Tyranitar
|-boost|p2a: Tyranitar|atk|1
|-boost|p2a: Tyranitar|spe|1
|move|p1a: Ferrothorn|Gyro Ball|p2a: Tyranitar
|-supereffective|p2a: Tyranitar
|-damage|p2a: Tyranitar|0 fnt
|faint|p2a: Tyranitar
|-damage|p1a: Ferrothorn|75/100|[from] item: Life Orb
|
|win|OKAY_ROOMER
|raw|OKAY_ROOMER's rating: 1503 &rarr; <strong>1526</strong><br />(+23 for winning)
|raw|Mutako Z's rating: 1549 &rarr; <strong>1526</strong><br />(-23 for losing)
|c|☆OKAY_ROOMER|boom
|c|☆OKAY_ROOMER|ferro slays
|l|☆Mutako Z
||Ladder isn't responding, score probably updated but might not have (Request timeout).
