|raw|<div class="broadcast-blue"><strong>This battle is required to be public due to a player having a name starting with 'lt91bb'.</div>
|j|☆lt91bbe
|j|☆LT91BB animefan
|t:|1659395000
|gametype|singles
|player|p1|lt91bbe|waitress-gen4|2100
|player|p2|LT91BB animefan|2|2129
|teamsize|p1|6
|teamsize|p2|6
|gen|8
|tier|[Gen 8] OU
|rated|
|rule|Sleep Clause Mod: Limit one foe put to sleep
|rule|Species Clause: Limit one of each Pokémon
|rule|OHKO Clause: OHKO moves are banned
|rule|Evasion Moves Clause: Evasion moves are banned
|rule|Endless Battle Clause: Forcing endless battles is banned
|rule|HP Percentage Mod: HP is shown in percentages
|rule|Dynamax Clause: You cannot dynamax
|clearpoke
|poke|p1|Magnezone|
|poke|p1|Garchomp, F|
|poke|p1|Tornadus-Therian, M|
|poke|p1|Clefable, F|
|poke|p1|Slowbro, M|
|poke|p1|Melmetal|
|poke|p2|Cresselia, F|
|poke|p2|Clefable, F|
|poke|p2|Quagsire, F|
|poke|p2|Skarmory, F|
|poke|p2|Zapdos|
|poke|p2|Toxapex, M|
|teampreview
|inactive|Battle timer is ON: inactive players will automatically lose when time's up. (requested by LT91BB animefan)
|inactive|lt91bbe also wants the timer to be on.
|j| gssagssagssag
|inactive|lt91bbe has 120 seconds left.
|
|t:|1659395040
|start
|switch|p1a: Clefable|Clefable, F|100/100
|switch|p2a: Toxapex|Toxapex, M|100/100
|turn|1
|
|t:|1659395048
|move|p1a: Clefable|Stealth Rock|p2a: Toxapex
|-sidestart|p2: LT91BB animefan|move: Stealth Rock
|move|p2a: Toxapex|Knock Off|p1a: Clefable
|-resisted|p1a: Clefable
|-damage|p1a: Clefable|94/100
|-damage|p2a: Toxapex|84/100|[from] item: Rocky Helmet|[of] p1a: Clefable
|-enditem|p1a: Clefable|Rocky Helmet|[from] move: Knock Off|[of] p2a: Toxapex
|
|upkeep
|turn|2
|j| OMICORIO
|j| wish killer
|j| LT91BB Poeh
|j| LT91BB rejeff
|j| crosschampion
|j| lt91bb star
|j| Mizuse
|j| PandaDoux♥♡㋛★✩
|j| Louna
|
|t:|1659395056
|switch|p1a: Slowbro|Slowbro, M|100/100
|move|p2a: Toxapex|Toxic Spikes|p1a: Slowbro
|-sidestart|p1: lt91bbe|move: Toxic Spikes
|
|upkeep
|turn|3
|j| BIG $TEPPA
|l| Louna
|j| Boulicrok
|
|t:|1659395059
|switch|p2a: Zapdos|Zapdos|100/100
|-ability|p2a: Zapdos|Pressure
|move|p1a: Slowbro|Thunder Wave|p2a: Zapdos
|-immune|p2a: Zapdos
|
|upkeep
|turn|4
|j| winterfield
|j| LT91BB Tace
|j| irgendwasmitmeeem
|
|t:|1659395063
|move|p2a: Zapdos|Toxic|p1a: Slowbro
|-status|p1a: Slowbro|tox
|move|p1a: Slowbro|Teleport|p1a: Slowbro
|j| lt91bb suf
|j| Inconsistent noob
|j| LT91BB PA
|
|t:|1659395070
|switch|p1a: Clefable|Clefable, F|94/100|[from]move: Teleport
|-status|p1a: Clefable|psn
|
|upkeep
|turn|5
|j| LT91BB xray
|j| LT91BB INSULT
|
|t:|1659395072
|move|p2a: Zapdos|Volt Switch|p1a: Clefable
|-damage|p1a: Clefable|67/100 psn
|
|t:|1659395074
|switch|p2a: Toxapex|Toxapex, M|100/100|[from]move: Volt Switch
|-damage|p2a: Toxapex|88/100|[from] Stealth Rock
|move|p1a: Clefable|Moonblast|p2a: Toxapex
|-resisted|p2a: Toxapex
|-damage|p2a: Toxapex|78/100
|
|upkeep
|turn|6
|j| LT91BB robjr
|
|t:|1659395077
|move|p1a: Clefable|Soft-Boiled|p1a: Clefable
|-heal|p1a: Clefable|100/100 psn
|move|p2a: Toxapex|Knock Off|p1a: Clefable
|-resisted|p1a: Clefable
|-damage|p1a: Clefable|96/100 psn
|
|upkeep
|turn|7
|j| Pais
|
|t:|1659395079
|switch|p1a: Slowbro|Slowbro, M|100/100 tox
|move|p2a: Toxapex|Knock Off|p1a: Slowbro
|-supereffective|p1a: Slowbro
|-damage|p1a: Slowbro|79/100 tox
|-enditem|p1a: Slowbro|Heavy-Duty Boots|[from] move: Knock Off|[of] p2a: Toxapex
|
|-damage|p1a: Slowbro|73/100 tox|[from] psn
|upkeep
|turn|8
|j| THE PDC SHOW
|
|t:|1659395085
|switch|p2a: Zapdos|Zapdos|100/100
|-ability|p2a: Zapdos|Pressure
|move|p1a: Slowbro|Scald|p2a: Zapdos
|-damage|p2a: Zapdos|80/100
|
|-damage|p1a: Slowbro|61/100 tox|[from] psn
|upkeep
|turn|9
|
|t:|1659395090
|switch|p1a: Tornadus|Tornadus-Therian, M|100/100
|move|p2a: Zapdos|Volt Switch|p1a: Tornadus
|-supereffective|p1a: Tornadus
|-damage|p1a: Tornadus|35/100
|
|t:|1659395093
|switch|p2a: Clefable|Clefable, F|100/100|[from]move: Volt Switch
|
|upkeep
|turn|10
|j| Luthier
|l| LT91BB robjr
|j| lunez
|j| CCLM
|
|t:|1659395107
|move|p1a: Tornadus|U-turn|p2a: Clefable
|-resisted|p2a: Clefable
|-damage|p2a: Clefable|95/100
|
|t:|1659395109
|switch|p1a: Clefable|Clefable, F|96/100 psn|[from]move: U-turn
|move|p2a: Clefable|Moonblast|p1a: Clefable
|-damage|p1a: Clefable|64/100 psn
|-unboost|p1a: Clefable|spa|1
|
|upkeep
|turn|11
|j| TasteMyEroge
|
|t:|1659395112
|move|p2a: Clefable|Stealth Rock|p1a: Clefable
|-sidestart|p1: lt91bbe|move: Stealth Rock
|move|p1a: Clefable|Soft-Boiled|p1a: Clefable
|-heal|p1a: Clefable|100/100 psn
|
|upkeep
|turn|12
|j| LT91BB Xxtarlit
|
|t:|1659395115
|switch|p2a: Toxapex|Toxapex, M|100/100
|-damage|p2a: Toxapex|88/100|[from] Stealth Rock
|move|p1a: Clefable|Moonblast|p2a: Toxapex
|-resisted|p2a: Toxapex
|-damage|p2a: Toxapex|82/100
|
|upkeep
|turn|13
|
|t:|1659395118
|move|p1a: Clefable|Moonblast|p2a: Toxapex
|-resisted|p2a: Toxapex
|-damage|p2a: Toxapex|75/100
|move|p2a: Toxapex|Haze|p2a: Toxapex
|-clearallboost
|
|upkeep
|turn|14
|
|t:|1659395122
|move|p1a: Clefable|Knock Off|p2a: Toxapex
|-damage|p2a: Toxapex|62/100
|-enditem|p2a: Toxapex|Shed Shell|[from] move: Knock Off|[of] p1a: Clefable
|move|p2a: Toxapex|Recover|p2a: Toxapex
|-heal|p2a: Toxapex|100/100
|
|upkeep
|turn|15
|j| dorapult
|
|t:|1659395126
|move|p1a: Clefable|Knock Off|p2a: Toxapex
|-damage|p2a: Toxapex|91/100
|move|p2a: Toxapex|Haze|p2a: Toxapex
|-clearallboost
|
|upkeep
|turn|16
|
|t:|1659395130
|switch|p1a: Slowbro|Slowbro, M|94/100 tox
|-damage|p1a: Slowbro|82/100 tox|[from] Stealth Rock
|move|p2a: Toxapex|Haze|p2a: Toxapex
|-clearallboost
|
|-damage|p1a: Slowbro|76/100 tox|[from] psn
|upkeep
|turn|17
|
|t:|1659395134
|switch|p2a: Zapdos|Zapdos|80/100
|-ability|p2a: Zapdos|Pressure
|move|p1a: Slowbro|Scald|p2a: Zapdos
|-damage|p2a: Zapdos|58/100
|-status|p2a: Zapdos|brn
|
|-damage|p1a: Slowbro|63/100 tox|[from] psn
|-damage|p2a: Zapdos|52/100 brn|[from] brn
|upkeep
|turn|18
|j|+AM
|
|t:|1659395138
|switch|p1a: Clefable|Clefable, F|100/100 psn
|move|p2a: Zapdos|Roost|p2a: Zapdos
|-heal|p2a: Zapdos|100/100 brn
|-singleturn|p2a: Zapdos|move: Roost
|
|-damage|p2a: Zapdos|94/100 brn|[from] brn
|upkeep
|turn|19
|
|t:|1659395143
|switch|p1a: Slowbro|Slowbro, M|97/100 tox
|-damage|p1a: Slowbro|84/100 tox|[from] Stealth Rock
|move|p2a: Zapdos|Volt Switch|p1a: Slowbro
|-supereffective|p1a: Slowbro
|-damage|p1a: Slowbro|37/100 tox
|
|t:|1659395146
|switch|p2a: Clefable|Clefable, F|95/100|[from]move: Volt Switch
|
|-damage|p1a: Slowbro|30/100 tox|[from] psn
|upkeep
|turn|20
|j| FrostedC
|j| LT91BB AU
|
|t:|1659395151
|switch|p1a: Clefable|Clefable, F|100/100 psn
|move|p2a: Clefable|Heal Bell|p2a: Clefable
|-activate|p2a: Clefable|move: Heal Bell
|-curestatus|p2: Zapdos|brn|[msg]
|
|upkeep
|turn|21
|
|t:|1659395154
|switch|p2a: Toxapex|Toxapex, M|100/100
|-damage|p2a: Toxapex|88/100|[from] Stealth Rock
|move|p1a: Clefable|Knock Off|p2a: Toxapex
|-damage|p2a: Toxapex|79/100
|
|upkeep
|turn|22
|j| tapu moxo
|
|t:|1659395157
|switch|p1a: Slowbro|Slowbro, M|64/100 tox
|-damage|p1a: Slowbro|51/100 tox|[from] Stealth Rock
|move|p2a: Toxapex|Knock Off|p1a: Slowbro
|-supereffective|p1a: Slowbro
|-damage|p1a: Slowbro|37/100 tox
|
|-damage|p1a: Slowbro|31/100 tox|[from] psn
|upkeep
|turn|23
|
|t:|1659395160
|switch|p2a: Zapdos|Zapdos|94/100
|-ability|p2a: Zapdos|Pressure
|move|p1a: Slowbro|Teleport|p1a: Slowbro
|j| TOMMY SHOWBIZ
|l| PandaDoux♥♡㋛★✩
|
|t:|1659395165
|switch|p1a: Tornadus|Tornadus-Therian, M|68/100|[from]move: Teleport
|
|upkeep
|turn|24
|
|t:|1659395171
|switch|p1a: Clefable|Clefable, F|100/100 psn
|switch|p2a: Toxapex|Toxapex, M|100/100
|-damage|p2a: Toxapex|88/100|[from] Stealth Rock
|
|upkeep
|turn|25
|
|t:|1659395177
|move|p1a: Clefable|Knock Off|p2a: Toxapex
|-damage|p2a: Toxapex|79/100
|move|p2a: Toxapex|Haze|p2a: Toxapex
|-clearallboost
|
|upkeep
|turn|26
|l| tapu moxo
|
|t:|1659395180
|switch|p1a: Slowbro|Slowbro, M|64/100 tox
|-damage|p1a: Slowbro|52/100 tox|[from] Stealth Rock
|move|p2a: Toxapex|Haze|p2a: Toxapex
|-clearallboost
|
|-damage|p1a: Slowbro|46/100 tox|[from] psn
|upkeep
|turn|27
|j| Winston Earl
|
|t:|1659395185
|switch|p2a: Zapdos|Zapdos|94/100
|-ability|p2a: Zapdos|Pressure
|move|p1a: Slowbro|Teleport|p1a: Slowbro
|
|t:|1659395186
|switch|p1a: Melmetal|Melmetal|100/100|[from]move: Teleport
|-damage|p1a: Melmetal|94/100|[from] Stealth Rock
|
|-heal|p1a: Melmetal|100/100|[from] item: Leftovers
|upkeep
|turn|28
|j| joey milktank
|
|t:|1659395192
|switch|p2a: Toxapex|Toxapex, M|100/100
|-damage|p2a: Toxapex|88/100|[from] Stealth Rock
|move|p1a: Melmetal|Protect||[still]
|-fail|p1a: Melmetal
|
|upkeep
|turn|29
|
|t:|1659395199
|switch|p1a: Slowbro|Slowbro, M|79/100 tox
|-damage|p1a: Slowbro|66/100 tox|[from] Stealth Rock
|switch|p2a: Zapdos|Zapdos|94/100
|-ability|p2a: Zapdos|Pressure
|
|-damage|p1a: Slowbro|60/100 tox|[from] psn
|upkeep
|turn|30
|j| BigDaddyAddy
|
|t:|1659395204
|switch|p1a: Clefable|Clefable, F|100/100 psn
|move|p2a: Zapdos|Volt Switch|p1a: Clefable
|-damage|p1a: Clefable|72/100 psn
|
|t:|1659395209
|switch|p2a: Toxapex|Toxapex, M|100/100|[from]move: Volt Switch
|-damage|p2a: Toxapex|88/100|[from] Stealth Rock
|
|upkeep
|turn|31
|
|t:|1659395214
|move|p1a: Clefable|Knock Off|p2a: Toxapex
|-crit|p2a: Toxapex
|-damage|p2a: Toxapex|74/100
|move|p2a: Toxapex|Haze|p2a: Toxapex
|-clearallboost
|
|upkeep
|turn|32
|
|t:|1659395218
|move|p1a: Clefable|Knock Off|p2a: Toxapex
|-damage|p2a: Toxapex|66/100
|move|p2a: Toxapex|Haze|p2a: Toxapex
|-clearallboost
|
|upkeep
|turn|33
|
|t:|1659395221
|switch|p1a: Slowbro|Slowbro, M|94/100 tox
|-damage|p1a: Slowbro|81/100 tox|[from] Stealth Rock
|move|p2a: Toxapex|Knock Off|p1a: Slowbro
|-supereffective|p1a: Slowbro
|-damage|p1a: Slowbro|66/100 tox
|
|-damage|p1a: Slowbro|60/100 tox|[from] psn
|upkeep
|turn|34
|
|t:|1659395225
|switch|p2a: Zapdos|Zapdos|94/100
|-ability|p2a: Zapdos|Pressure
|move|p1a: Slowbro|Teleport|p1a: Slowbro
|
|t:|1659395227
|switch|p1a: Melmetal|Melmetal|100/100|[from]move: Teleport
|-damage|p1a: Melmetal|94/100|[from] Stealth Rock
|
|-heal|p1a: Melmetal|100/100|[from] item: Leftovers
|upkeep
|turn|35
|l|+AM
|j| outz freebandz
|
|t:|1659395232
|switch|p2a: Skarmory|Skarmory, F|100/100
|-damage|p2a: Skarmory|88/100|[from] Stealth Rock
|move|p1a: Melmetal|Earthquake|p2a: Skarmory
|-immune|p2a: Skarmory
|
|upkeep
|turn|36
|j| croo
|
|t:|1659395236
|switch|p1a: Tornadus|Tornadus-Therian, M|100/100
|move|p2a: Skarmory|Toxic|p1a: Tornadus
|-status|p1a: Tornadus|tox
|
|-damage|p1a: Tornadus|94/100 tox|[from] psn
|upkeep
|turn|37
|
|t:|1659395239
|switch|p2a: Toxapex|Toxapex, M|99/100
|-damage|p2a: Toxapex|87/100|[from] Stealth Rock
|move|p1a: Tornadus|Defog|p2a: Toxapex
|-unboost|p2a: Toxapex|evasion|1
|-sideend|p2: LT91BB animefan|Stealth Rock|[from] move: Defog|[of] p1a: Tornadus
|-sideend|p1: lt91bbe|Toxic Spikes|[from] move: Defog|[of] p1a: Tornadus
|-sideend|p1: lt91bbe|Stealth Rock|[from] move: Defog|[of] p1a: Tornadus
|
|-damage|p1a: Tornadus|82/100 tox|[from] psn
|upkeep
|turn|38
|
|t:|1659395244
|move|p1a: Tornadus|U-turn|p2a: Toxapex
|-resisted|p2a: Toxapex
|-damage|p2a: Toxapex|81/100
|
|t:|1659395246
|switch|p1a: Slowbro|Slowbro, M|94/100 tox|[from]move: U-turn
|move|p2a: Toxapex|Toxic Spikes|p1a: Slowbro
|-sidestart|p1: lt91bbe|move: Toxic Spikes
|
|-damage|p1a: Slowbro|88/100 tox|[from] psn
|upkeep
|turn|39
|
|t:|1659395250
|switch|p2a: Zapdos|Zapdos|94/100
|-ability|p2a: Zapdos|Pressure
|move|p1a: Slowbro|Teleport|p1a: Slowbro
|
|t:|1659395253
|switch|p1a: Melmetal|Melmetal|100/100|[from]move: Teleport
|
|upkeep
|turn|40
|
|t:|1659395257
|switch|p2a: Skarmory|Skarmory, F|88/100
|move|p1a: Melmetal|Earthquake|p2a: Skarmory
|-immune|p2a: Skarmory
|
|upkeep
|turn|41
|
|t:|1659395260
|switch|p1a: Tornadus|Tornadus-Therian, M|100/100 tox
|move|p2a: Skarmory|Spikes|p1a: Tornadus
|-sidestart|p1: lt91bbe|Spikes
|
|-damage|p1a: Tornadus|94/100 tox|[from] psn
|upkeep
|turn|42
|
|t:|1659395262
|switch|p2a: Toxapex|Toxapex, M|100/100
|move|p1a: Tornadus|U-turn|p2a: Toxapex
|-resisted|p2a: Toxapex
|-damage|p2a: Toxapex|95/100
|
|t:|1659395264
|switch|p1a: Magnezone|Magnezone|100/100|[from]move: U-turn
|-damage|p1a: Magnezone|88/100|[from] Spikes
|
|-heal|p1a: Magnezone|94/100|[from] item: Leftovers
|upkeep
|turn|43
|
|t:|1659395267
|move|p1a: Magnezone|Substitute|p1a: Magnezone
|-start|p1a: Magnezone|Substitute
|-damage|p1a: Magnezone|69/100
|move|p2a: Toxapex|Knock Off|p1a: Magnezone
|-activate|p1a: Magnezone|move: Substitute|[damage]
|
|-heal|p1a: Magnezone|76/100|[from] item: Leftovers
|upkeep
|turn|44
|j| pazaldo
|
|t:|1659395276
|switch|p2a: Quagsire|Quagsire, F|100/100
|move|p1a: Magnezone|Discharge|p2a: Quagsire
|-immune|p2a: Quagsire
|
|-heal|p1a: Magnezone|82/100|[from] item: Leftovers
|upkeep
|turn|45
|
|t:|1659395279
|move|p1a: Magnezone|Toxic|p2a: Quagsire
|-status|p2a: Quagsire|tox
|move|p2a: Quagsire|Scald|p1a: Magnezone
|-end|p1a: Magnezone|Substitute
|
|-heal|p1a: Magnezone|88/100|[from] item: Leftovers
|-damage|p2a: Quagsire|94/100 tox|[from] psn
|upkeep
|turn|46
|j| Reigen shishou
|j| saki X toki
|l| croo
|
|t:|1659395286
|move|p1a: Magnezone|Substitute|p1a: Magnezone
|-start|p1a: Magnezone|Substitute
|-damage|p1a: Magnezone|63/100
|move|p2a: Quagsire|Earthquake|p1a: Magnezone
|-supereffective|p1a: Magnezone
|-end|p1a: Magnezone|Substitute
|
|-heal|p1a: Magnezone|69/100|[from] item: Leftovers
|-heal|p2a: Quagsire|100/100 tox|[from] item: Leftovers
|-damage|p2a: Quagsire|88/100 tox|[from] psn
|upkeep
|turn|47
|j| Sibereous
|
|t:|1659395289
|switch|p1a: Tornadus|Tornadus-Therian, M|100/100 tox
|move|p2a: Quagsire|Scald|p1a: Tornadus
|-crit|p1a: Tornadus
|-damage|p1a: Tornadus|71/100 tox
|
|-heal|p2a: Quagsire|94/100 tox|[from] item: Leftovers
|-damage|p1a: Tornadus|65/100 tox|[from] psn
|-damage|p2a: Quagsire|76/100 tox|[from] psn
|upkeep
|turn|48
|
|t:|1659395291
|switch|p2a: Toxapex|Toxapex, M|100/100
|move|p1a: Tornadus|Defog|p2a: Toxapex
|-unboost|p2a: Toxapex|evasion|1
|-sideend|p1: lt91bbe|Spikes|[from] move: Defog|[of] p1a: Tornadus
|-sideend|p1: lt91bbe|Toxic Spikes|[from] move: Defog|[of] p1a: Tornadus
|
|-damage|p1a: Tornadus|53/100 tox|[from] psn
|upkeep
|turn|49
|j| tigers jaw
|
|t:|1659395294
|move|p1a: Tornadus|U-turn|p2a: Toxapex
|-resisted|p2a: Toxapex
|-damage|p2a: Toxapex|95/100
|
|t:|1659395295
|switch|p1a: Slowbro|Slowbro, M|100/100 tox|[from]move: U-turn
|move|p2a: Toxapex|Toxic Spikes|p1a: Slowbro
|-sidestart|p1: lt91bbe|move: Toxic Spikes
|
|-damage|p1a: Slowbro|94/100 tox|[from] psn
|upkeep
|turn|50
|
|t:|1659395302
|switch|p2a: Zapdos|Zapdos|94/100
|-ability|p2a: Zapdos|Pressure
|move|p1a: Slowbro|Teleport|p1a: Slowbro
|j| Yves Stone
|
|t:|1659395305
|switch|p1a: Magnezone|Magnezone|69/100|[from]move: Teleport
|
|-heal|p1a: Magnezone|76/100|[from] item: Leftovers
|upkeep
|turn|51
|
|t:|1659395308
|switch|p1a: Slowbro|Slowbro, M|100/100 tox
|move|p2a: Zapdos|Volt Switch|p1a: Slowbro
|-supereffective|p1a: Slowbro
|-damage|p1a: Slowbro|47/100 tox
|
|t:|1659395310
|switch|p2a: Clefable|Clefable, F|95/100|[from]move: Volt Switch
|
|-damage|p1a: Slowbro|41/100 tox|[from] psn
|upkeep
|turn|52
|j|+susciety
|
|t:|1659395322
|switch|p1a: Clefable|Clefable, F|72/100 psn
|move|p2a: Clefable|Stealth Rock|p1a: Clefable
|-sidestart|p1: lt91bbe|move: Stealth Rock
|
|upkeep
|turn|53
|
|t:|1659395327
|switch|p2a: Toxapex|Toxapex, M|100/100
|move|p1a: Clefable|Knock Off|p2a: Toxapex
|-damage|p2a: Toxapex|91/100
|
|upkeep
|turn|54
|j|+berry
|
|t:|1659395333
|move|p1a: Clefable|Stealth Rock|p2a: Toxapex
|-sidestart|p2: LT91BB animefan|move: Stealth Rock
|move|p2a: Toxapex|Haze|p2a: Toxapex
|-clearallboost
|
|upkeep
|turn|55
|
|t:|1659395336
|move|p1a: Clefable|Soft-Boiled|p1a: Clefable
|-heal|p1a: Clefable|100/100 psn
|move|p2a: Toxapex|Haze|p2a: Toxapex
|-clearallboost
|
|upkeep
|turn|56
|
|t:|1659395339
|switch|p1a: Slowbro|Slowbro, M|74/100 tox
|-damage|p1a: Slowbro|62/100 tox|[from] Stealth Rock
|move|p2a: Toxapex|Haze|p2a: Toxapex
|-clearallboost
|
|-damage|p1a: Slowbro|56/100 tox|[from] psn
|upkeep
|turn|57
|
|t:|1659395343
|switch|p2a: Zapdos|Zapdos|94/100
|-ability|p2a: Zapdos|Pressure
|move|p1a: Slowbro|Teleport|p1a: Slowbro
|
|t:|1659395345
|switch|p1a: Magnezone|Magnezone|76/100|[from]move: Teleport
|-damage|p1a: Magnezone|69/100|[from] Stealth Rock
|
|-heal|p1a: Magnezone|76/100|[from] item: Leftovers
|upkeep
|turn|58
|
|t:|1659395349
|switch|p1a: Slowbro|Slowbro, M|89/100 tox
|-damage|p1a: Slowbro|77/100 tox|[from] Stealth Rock
|move|p2a: Zapdos|Volt Switch|p1a: Slowbro
|-supereffective|p1a: Slowbro
|-damage|p1a: Slowbro|28/100 tox
|
|t:|1659395353
|switch|p2a: Clefable|Clefable, F|95/100|[from]move: Volt Switch
|
|-damage|p1a: Slowbro|22/100 tox|[from] psn
|upkeep
|turn|59
|
|t:|1659395360
|switch|p2a: Zapdos|Zapdos|94/100
|-ability|p2a: Zapdos|Pressure
|switch|p1a: Clefable|Clefable, F|100/100 psn
|
|upkeep
|turn|60
|
|t:|1659395366
|switch|p2a: Toxapex|Toxapex, M|100/100
|-damage|p2a: Toxapex|88/100|[from] Stealth Rock
|move|p1a: Clefable|Moonblast|p2a: Toxapex
|-resisted|p2a: Toxapex
|-damage|p2a: Toxapex|79/100
|
|upkeep
|turn|61
|j| sfasdfasdfqwesdf\
|
|t:|1659395372
|switch|p1a: Slowbro|Slowbro, M|55/100 tox
|-damage|p1a: Slowbro|43/100 tox|[from] Stealth Rock
|move|p2a: Toxapex|Knock Off|p1a: Slowbro
|-supereffective|p1a: Slowbro
|-damage|p1a: Slowbro|29/100 tox
|
|-damage|p1a: Slowbro|23/100 tox|[from] psn
|upkeep
|turn|62
|l| Sibereous
|l|lt91bbxxtarlit
|
|t:|1659395381
|switch|p2a: Zapdos|Zapdos|94/100
|-ability|p2a: Zapdos|Pressure
|move|p1a: Slowbro|Slack Off|p1a: Slowbro
|-heal|p1a: Slowbro|73/100 tox
|
|-damage|p1a: Slowbro|61/100 tox|[from] psn
|upkeep
|turn|63
|
|t:|1659395387
|switch|p1a: Tornadus|Tornadus-Therian, M|86/100 tox
|move|p2a: Zapdos|Volt Switch|p1a: Tornadus
|-supereffective|p1a: Tornadus
|-damage|p1a: Tornadus|30/100 tox
|
|t:|1659395396
|switch|p2a: Clefable|Clefable, F|95/100|[from]move: Volt Switch
|
|-damage|p1a: Tornadus|24/100 tox|[from] psn
|upkeep
|turn|64
|j| LT91BB Livio
|
|t:|1659395405
|move|p1a: Tornadus|U-turn|p2a: Clefable
|-resisted|p2a: Clefable
|-damage|p2a: Clefable|89/100
|l| LT91BB Livio
|
|t:|1659395408
|switch|p1a: Clefable|Clefable, F|100/100 psn|[from]move: U-turn
|move|p2a: Clefable|Stealth Rock||[still]
|-fail|p2a: Clefable
|
|upkeep
|turn|65
|
|t:|1659395411
|switch|p2a: Toxapex|Toxapex, M|100/100
|-damage|p2a: Toxapex|88/100|[from] Stealth Rock
|switch|p1a: Tornadus|Tornadus-Therian, M|57/100 tox
|
|-damage|p1a: Tornadus|51/100 tox|[from] psn
|upkeep
|turn|66
|
|t:|1659395419
|switch|p2a: Zapdos|Zapdos|94/100
|-ability|p2a: Zapdos|Pressure
|move|p1a: Tornadus|U-turn|p2a: Zapdos
|-resisted|p2a: Zapdos
|-damage|p2a: Zapdos|88/100
|
|t:|1659395423
|switch|p1a: Melmetal|Melmetal|100/100|[from]move: U-turn
|-damage|p1a: Melmetal|94/100|[from] Stealth Rock
|
|-heal|p1a: Melmetal|100/100|[from] item: Leftovers
|upkeep
|turn|67
|j| LT91BB Livio
|
|t:|1659395428
|switch|p2a: Toxapex|Toxapex, M|100/100
|-damage|p2a: Toxapex|88/100|[from] Stealth Rock
|move|p1a: Melmetal|Double Iron Bash|p2a: Toxapex
|-resisted|p2a: Toxapex
|-damage|p2a: Toxapex|71/100
|-resisted|p2a: Toxapex
|-damage|p2a: Toxapex|56/100
|-hitcount|p2a: Toxapex|2
|
|upkeep
|turn|68
|
|t:|1659395432
|switch|p2a: Skarmory|Skarmory, F|88/100
|-damage|p2a: Skarmory|76/100|[from] Stealth Rock
|move|p1a: Melmetal|Earthquake|p2a: Skarmory
|-immune|p2a: Skarmory
|
|upkeep
|turn|69
|
|t:|1659395436
|switch|p1a: Tornadus|Tornadus-Therian, M|84/100 tox
|move|p2a: Skarmory|Body Press|p1a: Tornadus
|-resisted|p1a: Tornadus
|-damage|p1a: Tornadus|69/100 tox
|
|-damage|p1a: Tornadus|63/100 tox|[from] psn
|upkeep
|turn|70
|
|t:|1659395440
|switch|p2a: Toxapex|Toxapex, M|89/100
|-damage|p2a: Toxapex|77/100|[from] Stealth Rock
|move|p1a: Tornadus|Knock Off|p2a: Toxapex
|-damage|p2a: Toxapex|67/100
|
|-damage|p1a: Tornadus|50/100 tox|[from] psn
|upkeep
|turn|71
|
|t:|1659395444
|move|p1a: Tornadus|U-turn|p2a: Toxapex
|-resisted|p2a: Toxapex
|-damage|p2a: Toxapex|61/100
|
|t:|1659395446
|switch|p1a: Slowbro|Slowbro, M|94/100 tox|[from]move: U-turn
|-damage|p1a: Slowbro|81/100 tox|[from] Stealth Rock
|move|p2a: Toxapex|Haze|p2a: Toxapex
|-clearallboost
|
|-damage|p1a: Slowbro|75/100 tox|[from] psn
|upkeep
|turn|72
|
|t:|1659395449
|switch|p2a: Zapdos|Zapdos|88/100
|-ability|p2a: Zapdos|Pressure
|move|p1a: Slowbro|Teleport|p1a: Slowbro
|
|t:|1659395451
|switch|p1a: Melmetal|Melmetal|100/100|[from]move: Teleport
|-damage|p1a: Melmetal|94/100|[from] Stealth Rock
|
|-heal|p1a: Melmetal|100/100|[from] item: Leftovers
|upkeep
|turn|73
|
|t:|1659395455
|move|p2a: Zapdos|Volt Switch|p1a: Melmetal
|-damage|p1a: Melmetal|74/100
|
|t:|1659395456
|switch|p2a: Skarmory|Skarmory, F|76/100|[from]move: Volt Switch
|-damage|p2a: Skarmory|63/100|[from] Stealth Rock
|move|p1a: Melmetal|Toxic|p2a: Skarmory
|-immune|p2a: Skarmory
|
|-heal|p1a: Melmetal|80/100|[from] item: Leftovers
|upkeep
|turn|74
|
|t:|1659395462
|switch|p1a: Tornadus|Tornadus-Therian, M|84/100 tox
|move|p2a: Skarmory|Roost|p2a: Skarmory
|-heal|p2a: Skarmory|100/100
|-singleturn|p2a: Skarmory|move: Roost
|
|-damage|p1a: Tornadus|78/100 tox|[from] psn
|upkeep
|turn|75
|
|t:|1659395464
|switch|p2a: Toxapex|Toxapex, M|94/100
|-damage|p2a: Toxapex|82/100|[from] Stealth Rock
|move|p1a: Tornadus|U-turn|p2a: Toxapex
|-resisted|p2a: Toxapex
|-damage|p2a: Toxapex|77/100
|
|t:|1659395466
|switch|p1a: Melmetal|Melmetal|80/100|[from]move: U-turn
|-damage|p1a: Melmetal|74/100|[from] Stealth Rock
|
|-heal|p1a: Melmetal|80/100|[from] item: Leftovers
|upkeep
|turn|76
|
|t:|1659395471
|move|p1a: Melmetal|Protect|p1a: Melmetal
|-singleturn|p1a: Melmetal|Protect
|move|p2a: Toxapex|Knock Off|p1a: Melmetal
|-activate|p1a: Melmetal|move: Protect
|
|-heal|p1a: Melmetal|86/100|[from] item: Leftovers
|upkeep
|turn|77
|j| LT91BB xdRudi
|
|t:|1659395475
|switch|p1a: Slowbro|Slowbro, M|100/100 tox
|-damage|p1a: Slowbro|88/100 tox|[from] Stealth Rock
|switch|p2a: Zapdos|Zapdos|88/100
|-ability|p2a: Zapdos|Pressure
|
|-damage|p1a: Slowbro|82/100 tox|[from] psn
|upkeep
|turn|78
|j| ongg
|
|t:|1659395480
|switch|p2a: Toxapex|Toxapex, M|100/100
|-damage|p2a: Toxapex|88/100|[from] Stealth Rock
|move|p1a: Slowbro|Teleport|p1a: Slowbro
|
|t:|1659395483
|switch|p1a: Magnezone|Magnezone|76/100|[from]move: Teleport
|-damage|p1a: Magnezone|69/100|[from] Stealth Rock
|
|-heal|p1a: Magnezone|76/100|[from] item: Leftovers
|upkeep
|turn|79
|
|t:|1659395488
|switch|p2a: Zapdos|Zapdos|88/100
|-ability|p2a: Zapdos|Pressure
|move|p1a: Magnezone|Substitute|p1a: Magnezone
|-start|p1a: Magnezone|Substitute
|-damage|p1a: Magnezone|51/100
|
|-heal|p1a: Magnezone|57/100|[from] item: Leftovers
|upkeep
|turn|80
|
|t:|1659395491
|switch|p2a: Toxapex|Toxapex, M|100/100
|-damage|p2a: Toxapex|88/100|[from] Stealth Rock
|move|p1a: Magnezone|Toxic|p2a: Toxapex
|-immune|p2a: Toxapex
|
|-heal|p1a: Magnezone|63/100|[from] item: Leftovers
|upkeep
|turn|81
|
|t:|1659395495
|switch|p2a: Zapdos|Zapdos|88/100
|-ability|p2a: Zapdos|Pressure
|move|p1a: Magnezone|Discharge|p2a: Zapdos
|-damage|p2a: Zapdos|54/100
|
|-heal|p1a: Magnezone|69/100|[from] item: Leftovers
|upkeep
|turn|82
|l| Pais
|
|t:|1659395502
|switch|p2a: Toxapex|Toxapex, M|100/100
|-damage|p2a: Toxapex|88/100|[from] Stealth Rock
|move|p1a: Magnezone|Toxic|p2a: Toxapex
|-immune|p2a: Toxapex
|
|-heal|p1a: Magnezone|76/100|[from] item: Leftovers
|upkeep
|turn|83
|
|t:|1659395505
|move|p1a: Magnezone|Discharge|p2a: Toxapex
|-supereffective|p2a: Toxapex
|-damage|p2a: Toxapex|30/100
|move|p2a: Toxapex|Recover|p2a: Toxapex
|-heal|p2a: Toxapex|80/100
|
|-heal|p1a: Magnezone|82/100|[from] item: Leftovers
|upkeep
|turn|84
|
|t:|1659395510
|switch|p2a: Cresselia|Cresselia, F|100/100
|-damage|p2a: Cresselia|88/100|[from] Stealth Rock
|move|p1a: Magnezone|Toxic|p2a: Cresselia
|-status|p2a: Cresselia|tox
|
|-heal|p2a: Cresselia|94/100 tox|[from] item: Leftovers
|-heal|p1a: Magnezone|88/100|[from] item: Leftovers
|-damage|p2a: Cresselia|88/100 tox|[from] psn
|upkeep
|turn|85
|
|t:|1659395517
|switch|p2a: Quagsire|Quagsire, F|76/100 tox
|-damage|p2a: Quagsire|70/100 tox|[from] Stealth Rock
|move|p1a: Magnezone|Discharge|p2a: Quagsire
|-immune|p2a: Quagsire
|
|-heal|p1a: Magnezone|94/100|[from] item: Leftovers
|-heal|p2a: Quagsire|76/100 tox|[from] item: Leftovers
|-damage|p2a: Quagsire|70/100 tox|[from] psn
|upkeep
|turn|86
|j| LT91BB Raizen
|
|t:|1659395520
|move|p1a: Magnezone|Flash Cannon|p2a: Quagsire
|-resisted|p2a: Quagsire
|-damage|p2a: Quagsire|43/100 tox
|-unboost|p2a: Quagsire|spd|1
|move|p2a: Quagsire|Earthquake|p1a: Magnezone
|-supereffective|p1a: Magnezone
|-end|p1a: Magnezone|Substitute
|
|-heal|p1a: Magnezone|100/100|[from] item: Leftovers
|-heal|p2a: Quagsire|49/100 tox|[from] item: Leftovers
|-damage|p2a: Quagsire|37/100 tox|[from] psn
|upkeep
|turn|87
|
|t:|1659395525
|switch|p2a: Zapdos|Zapdos|54/100
|-ability|p2a: Zapdos|Pressure
|move|p1a: Magnezone|Substitute|p1a: Magnezone
|-start|p1a: Magnezone|Substitute
|-damage|p1a: Magnezone|76/100
|
|-heal|p1a: Magnezone|82/100|[from] item: Leftovers
|upkeep
|turn|88
|
|t:|1659395534
|move|p2a: Zapdos|Volt Switch|p1a: Magnezone
|-resisted|p1a: Magnezone
|-activate|p1a: Magnezone|move: Substitute|[damage]
|
|t:|1659395535
|switch|p2a: Toxapex|Toxapex, M|100/100|[from]move: Volt Switch
|-damage|p2a: Toxapex|88/100|[from] Stealth Rock
|move|p1a: Magnezone|Toxic|p2a: Toxapex
|-immune|p2a: Toxapex
|
|-heal|p1a: Magnezone|88/100|[from] item: Leftovers
|upkeep
|turn|89
|
|t:|1659395538
|move|p1a: Magnezone|Discharge|p2a: Toxapex
|-supereffective|p2a: Toxapex
|-damage|p2a: Toxapex|26/100
|move|p2a: Toxapex|Recover|p2a: Toxapex
|-heal|p2a: Toxapex|76/100
|
|-heal|p1a: Magnezone|94/100|[from] item: Leftovers
|upkeep
|turn|90
|
|t:|1659395542
|switch|p2a: Quagsire|Quagsire, F|37/100 tox
|-damage|p2a: Quagsire|30/100 tox|[from] Stealth Rock
|move|p1a: Magnezone|Discharge|p2a: Quagsire
|-immune|p2a: Quagsire
|
|-heal|p1a: Magnezone|100/100|[from] item: Leftovers
|-heal|p2a: Quagsire|37/100 tox|[from] item: Leftovers
|-damage|p2a: Quagsire|30/100 tox|[from] psn
|upkeep
|turn|91
|
|t:|1659395544
|move|p1a: Magnezone|Flash Cannon|p2a: Quagsire
|-resisted|p2a: Quagsire
|-damage|p2a: Quagsire|4/100 tox
|move|p2a: Quagsire|Recover|p2a: Quagsire
|-heal|p2a: Quagsire|54/100 tox
|
|-heal|p2a: Quagsire|60/100 tox|[from] item: Leftovers
|-damage|p2a: Quagsire|48/100 tox|[from] psn
|upkeep
|turn|92
|
|t:|1659395547
|move|p1a: Magnezone|Discharge|p2a: Quagsire
|-immune|p2a: Quagsire
|move|p2a: Quagsire|Recover|p2a: Quagsire
|-heal|p2a: Quagsire|98/100 tox
|
|-heal|p2a: Quagsire|100/100 tox|[from] item: Leftovers
|-damage|p2a: Quagsire|82/100 tox|[from] psn
|upkeep
|turn|93
|
|t:|1659395550
|switch|p2a: Toxapex|Toxapex, M|100/100
|-damage|p2a: Toxapex|88/100|[from] Stealth Rock
|move|p1a: Magnezone|Discharge|p2a: Toxapex
|-supereffective|p2a: Toxapex
|-damage|p2a: Toxapex|30/100
|-status|p2a: Toxapex|par
|
|upkeep
|turn|94
|j| PaoloJames
|
|t:|1659395555
|switch|p2a: Zapdos|Zapdos|54/100
|-ability|p2a: Zapdos|Pressure
|move|p1a: Magnezone|Toxic|p2a: Zapdos
|-status|p2a: Zapdos|tox
|
|-damage|p2a: Zapdos|48/100 tox|[from] psn
|upkeep
|turn|95
|
|t:|1659395557
|move|p2a: Zapdos|Roost|p2a: Zapdos
|-heal|p2a: Zapdos|98/100 tox
|-singleturn|p2a: Zapdos|move: Roost
|move|p1a: Magnezone|Flash Cannon|p2a: Zapdos
|-resisted|p2a: Zapdos
|-damage|p2a: Zapdos|80/100 tox
|-unboost|p2a: Zapdos|spd|1
|
|-damage|p2a: Zapdos|68/100 tox|[from] psn
|upkeep
|turn|96
|
|t:|1659395561
|move|p2a: Zapdos|Roost|p2a: Zapdos
|-heal|p2a: Zapdos|100/100 tox
|-singleturn|p2a: Zapdos|move: Roost
|move|p1a: Magnezone|Flash Cannon|p2a: Zapdos
|-resisted|p2a: Zapdos
|-damage|p2a: Zapdos|76/100 tox
|-unboost|p2a: Zapdos|spd|1
|
|-damage|p2a: Zapdos|58/100 tox|[from] psn
|upkeep
|turn|97
|j| BabyPigsAreLaughin
|
|t:|1659395569
|move|p2a: Zapdos|Volt Switch|p1a: Magnezone
|-resisted|p1a: Magnezone
|-end|p1a: Magnezone|Substitute
|
|t:|1659395570
|switch|p2a: Quagsire|Quagsire, F|82/100 tox|[from]move: Volt Switch
|-damage|p2a: Quagsire|76/100 tox|[from] Stealth Rock
|move|p1a: Magnezone|Flash Cannon|p2a: Quagsire
|-resisted|p2a: Quagsire
|-damage|p2a: Quagsire|49/100 tox
|
|-heal|p2a: Quagsire|55/100 tox|[from] item: Leftovers
|-damage|p2a: Quagsire|49/100 tox|[from] psn
|upkeep
|turn|98
|
|t:|1659395573
|move|p1a: Magnezone|Substitute|p1a: Magnezone
|-start|p1a: Magnezone|Substitute
|-damage|p1a: Magnezone|76/100
|move|p2a: Quagsire|Recover|p2a: Quagsire
|-heal|p2a: Quagsire|99/100 tox
|
|-heal|p1a: Magnezone|82/100|[from] item: Leftovers
|-heal|p2a: Quagsire|100/100 tox|[from] item: Leftovers
|-damage|p2a: Quagsire|88/100 tox|[from] psn
|upkeep
|turn|99
|
|t:|1659395575
|move|p1a: Magnezone|Flash Cannon|p2a: Quagsire
|-resisted|p2a: Quagsire
|-damage|p2a: Quagsire|62/100 tox
|-unboost|p2a: Quagsire|spd|1
|move|p2a: Quagsire|Earthquake|p1a: Magnezone
|-supereffective|p1a: Magnezone
|-end|p1a: Magnezone|Substitute
|
|-heal|p1a: Magnezone|88/100|[from] item: Leftovers
|-heal|p2a: Quagsire|68/100 tox|[from] item: Leftovers
|-damage|p2a: Quagsire|50/100 tox|[from] psn
|upkeep
|turn|100
|
|t:|1659395579
|move|p1a: Magnezone|Flash Cannon|p2a: Quagsire
|-resisted|p2a: Quagsire
|-damage|p2a: Quagsire|10/100 tox
|move|p2a: Quagsire|Recover|p2a: Quagsire
|-heal|p2a: Quagsire|60/100 tox
|
|-heal|p1a: Magnezone|94/100|[from] item: Leftovers
|-heal|p2a: Quagsire|66/100 tox|[from] item: Leftovers
|-damage|p2a: Quagsire|41/100 tox|[from] psn
|upkeep
|turn|101
|
|t:|1659395581
|switch|p2a: Zapdos|Zapdos|58/100 tox
|-ability|p2a: Zapdos|Pressure
|move|p1a: Magnezone|Substitute|p1a: Magnezone
|-start|p1a: Magnezone|Substitute
|-damage|p1a: Magnezone|69/100
|
|-heal|p1a: Magnezone|76/100|[from] item: Leftovers
|-damage|p2a: Zapdos|52/100 tox|[from] psn
|upkeep
|turn|102
|
|t:|1659395583
|move|p2a: Zapdos|Roost|p2a: Zapdos
|-heal|p2a: Zapdos|100/100 tox
|-singleturn|p2a: Zapdos|move: Roost
|move|p1a: Magnezone|Discharge|p2a: Zapdos
|-resisted|p2a: Zapdos
|-damage|p2a: Zapdos|81/100 tox
|
|-heal|p1a: Magnezone|82/100|[from] item: Leftovers
|-damage|p2a: Zapdos|69/100 tox|[from] psn
|upkeep
|turn|103
|l| FrostedC
|
|t:|1659395589
|move|p2a: Zapdos|Heat Wave|p1a: Magnezone
|-supereffective|p1a: Magnezone
|-end|p1a: Magnezone|Substitute
|move|p1a: Magnezone|Discharge|p2a: Zapdos
|-damage|p2a: Zapdos|31/100 tox
|
|-heal|p1a: Magnezone|88/100|[from] item: Leftovers
|-damage|p2a: Zapdos|13/100 tox|[from] psn
|upkeep
|turn|104
|j| Elder Seraphim
|
|t:|1659395593
|move|p2a: Zapdos|Roost|p2a: Zapdos
|-heal|p2a: Zapdos|63/100 tox
|-singleturn|p2a: Zapdos|move: Roost
|move|p1a: Magnezone|Flash Cannon|p2a: Zapdos
|-resisted|p2a: Zapdos
|-damage|p2a: Zapdos|45/100 tox
|
|-heal|p1a: Magnezone|94/100|[from] item: Leftovers
|-damage|p2a: Zapdos|21/100 tox|[from] psn
|upkeep
|turn|105
|
|t:|1659395596
|move|p2a: Zapdos|Volt Switch|p1a: Magnezone
|-resisted|p1a: Magnezone
|-damage|p1a: Magnezone|77/100
|
|t:|1659395598
|switch|p2a: Cresselia|Cresselia, F|88/100 tox|[from]move: Volt Switch
|-damage|p2a: Cresselia|76/100 tox|[from] Stealth Rock
|move|p1a: Magnezone|Flash Cannon|p2a: Cresselia
|-damage|p2a: Cresselia|54/100 tox
|
|-heal|p2a: Cresselia|60/100 tox|[from] item: Leftovers
|-heal|p1a: Magnezone|83/100|[from] item: Leftovers
|-damage|p2a: Cresselia|54/100 tox|[from] psn
|upkeep
|turn|106
|
|t:|1659395605
|switch|p2a: Quagsire|Quagsire, F|41/100 tox
|-damage|p2a: Quagsire|35/100 tox|[from] Stealth Rock
|move|p1a: Magnezone|Discharge|p2a: Quagsire
|-immune|p2a: Quagsire
|
|-heal|p1a: Magnezone|89/100|[from] item: Leftovers
|-heal|p2a: Quagsire|41/100 tox|[from] item: Leftovers
|-damage|p2a: Quagsire|35/100 tox|[from] psn
|upkeep
|turn|107
|
|t:|1659395609
|move|p1a: Magnezone|Substitute|p1a: Magnezone
|-start|p1a: Magnezone|Substitute
|-damage|p1a: Magnezone|64/100
|move|p2a: Quagsire|Recover|p2a: Quagsire
|-heal|p2a: Quagsire|85/100 tox
|
|-heal|p1a: Magnezone|70/100|[from] item: Leftovers
|-heal|p2a: Quagsire|91/100 tox|[from] item: Leftovers
|-damage|p2a: Quagsire|79/100 tox|[from] psn
|upkeep
|turn|108
|
|t:|1659395611
|move|p1a: Magnezone|Toxic|p2a: Quagsire
|-fail|p2a: Quagsire|tox
|move|p2a: Quagsire|Earthquake|p1a: Magnezone
|-supereffective|p1a: Magnezone
|-end|p1a: Magnezone|Substitute
|
|-heal|p1a: Magnezone|77/100|[from] item: Leftovers
|-heal|p2a: Quagsire|85/100 tox|[from] item: Leftovers
|-damage|p2a: Quagsire|67/100 tox|[from] psn
|upkeep
|turn|109
|
|t:|1659395617
|move|p1a: Magnezone|Substitute|p1a: Magnezone
|-start|p1a: Magnezone|Substitute
|-damage|p1a: Magnezone|52/100
|move|p2a: Quagsire|Earthquake|p1a: Magnezone
|-supereffective|p1a: Magnezone
|-end|p1a: Magnezone|Substitute
|
|-heal|p1a: Magnezone|58/100|[from] item: Leftovers
|-heal|p2a: Quagsire|73/100 tox|[from] item: Leftovers
|-damage|p2a: Quagsire|48/100 tox|[from] psn
|upkeep
|turn|110
|
|t:|1659395621
|switch|p2a: Zapdos|Zapdos|21/100 tox
|-ability|p2a: Zapdos|Pressure
|move|p1a: Magnezone|Substitute|p1a: Magnezone
|-start|p1a: Magnezone|Substitute
|-damage|p1a: Magnezone|33/100
|
|-heal|p1a: Magnezone|39/100|[from] item: Leftovers
|-damage|p2a: Zapdos|15/100 tox|[from] psn
|upkeep
|turn|111
|
|t:|1659395623
|move|p2a: Zapdos|Roost|p2a: Zapdos
|-heal|p2a: Zapdos|65/100 tox
|-singleturn|p2a: Zapdos|move: Roost
|move|p1a: Magnezone|Discharge|p2a: Zapdos
|-resisted|p2a: Zapdos
|-damage|p2a: Zapdos|46/100 tox
|
|-heal|p1a: Magnezone|45/100|[from] item: Leftovers
|-damage|p2a: Zapdos|34/100 tox|[from] psn
|upkeep
|turn|112
|
|t:|1659395625
|move|p2a: Zapdos|Roost|p2a: Zapdos
|-heal|p2a: Zapdos|84/100 tox
|-singleturn|p2a: Zapdos|move: Roost
|move|p1a: Magnezone|Discharge|p2a: Zapdos
|-resisted|p2a: Zapdos
|-damage|p2a: Zapdos|67/100 tox
|
|-heal|p1a: Magnezone|52/100|[from] item: Leftovers
|-damage|p2a: Zapdos|49/100 tox|[from] psn
|upkeep
|turn|113
|
|t:|1659395627
|move|p2a: Zapdos|Roost|p2a: Zapdos
|-heal|p2a: Zapdos|99/100 tox
|-singleturn|p2a: Zapdos|move: Roost
|move|p1a: Magnezone|Flash Cannon|p2a: Zapdos
|-resisted|p2a: Zapdos
|-damage|p2a: Zapdos|80/100 tox
|
|-heal|p1a: Magnezone|58/100|[from] item: Leftovers
|-damage|p2a: Zapdos|56/100 tox|[from] psn
|upkeep
|turn|114
|j| PandaDoux♥♡㋛★✩
|
|t:|1659395630
|move|p2a: Zapdos|Roost|p2a: Zapdos
|-heal|p2a: Zapdos|100/100 tox
|-singleturn|p2a: Zapdos|move: Roost
|move|p1a: Magnezone|Flash Cannon|p2a: Zapdos
|-resisted|p2a: Zapdos
|-damage|p2a: Zapdos|83/100 tox
|
|-heal|p1a: Magnezone|64/100|[from] item: Leftovers
|-damage|p2a: Zapdos|53/100 tox|[from] psn
|upkeep
|turn|115
|
|t:|1659395633
|move|p2a: Zapdos|Volt Switch|p1a: Magnezone
|-resisted|p1a: Magnezone
|-activate|p1a: Magnezone|move: Substitute|[damage]
|
|t:|1659395635
|switch|p2a: Quagsire|Quagsire, F|48/100 tox|[from]move: Volt Switch
|-damage|p2a: Quagsire|42/100 tox|[from] Stealth Rock
|move|p1a: Magnezone|Discharge|p2a: Quagsire
|-immune|p2a: Quagsire
|
|-heal|p1a: Magnezone|70/100|[from] item: Leftovers
|-heal|p2a: Quagsire|48/100 tox|[from] item: Leftovers
|-damage|p2a: Quagsire|42/100 tox|[from] psn
|upkeep
|turn|116
|
|t:|1659395638
|move|p1a: Magnezone|Toxic|p2a: Quagsire
|-fail|p2a: Quagsire|tox
|move|p2a: Quagsire|Recover|p2a: Quagsire
|-heal|p2a: Quagsire|92/100 tox
|
|-heal|p1a: Magnezone|77/100|[from] item: Leftovers
|-heal|p2a: Quagsire|98/100 tox|[from] item: Leftovers
|-damage|p2a: Quagsire|86/100 tox|[from] psn
|upkeep
|turn|117
|
|t:|1659395641
|switch|p2a: Clefable|Clefable, F|89/100
|move|p1a: Magnezone|Toxic|p2a: Clefable
|-status|p2a: Clefable|tox
|
|-heal|p1a: Magnezone|83/100|[from] item: Leftovers
|upkeep
|turn|118
|j| Louna
|j| leflop lamess
|
|t:|1659395645
|move|p1a: Magnezone|Discharge|p2a: Clefable
|-damage|p2a: Clefable|49/100 tox
|move|p2a: Clefable|Heal Bell|p2a: Clefable
|-activate|p2a: Clefable|move: Heal Bell
|-curestatus|p2a: Clefable|tox|[msg]
|-curestatus|p2: Quagsire|tox|[msg]
|-curestatus|p2: Zapdos|tox|[msg]
|-curestatus|p2: Cresselia|tox|[msg]
|-curestatus|p2: Toxapex|par|[msg]
|
|-heal|p1a: Magnezone|89/100|[from] item: Leftovers
|upkeep
|turn|119
|
|t:|1659395649
|move|p1a: Magnezone|Discharge|p2a: Clefable
|-damage|p2a: Clefable|5/100
|move|p2a: Clefable|Soft-Boiled|p2a: Clefable
|-heal|p2a: Clefable|55/100
|
|-heal|p1a: Magnezone|95/100|[from] item: Leftovers
|upkeep
|turn|120
|l| outz freebandz
|
|t:|1659395653
|move|p1a: Magnezone|Discharge|p2a: Clefable
|-damage|p2a: Clefable|7/100
|move|p2a: Clefable|Soft-Boiled|p2a: Clefable
|-heal|p2a: Clefable|57/100
|
|-heal|p1a: Magnezone|100/100|[from] item: Leftovers
|upkeep
|turn|121
|
|t:|1659395656
|switch|p2a: Zapdos|Zapdos|53/100
|-ability|p2a: Zapdos|Pressure
|move|p1a: Magnezone|Discharge|p2a: Zapdos
|-damage|p2a: Zapdos|20/100
|
|upkeep
|turn|122
|
|t:|1659395658
|move|p2a: Zapdos|Roost|p2a: Zapdos
|-heal|p2a: Zapdos|70/100
|-singleturn|p2a: Zapdos|move: Roost
|move|p1a: Magnezone|Toxic|p2a: Zapdos
|-status|p2a: Zapdos|tox
|
|-damage|p2a: Zapdos|64/100 tox|[from] psn
|upkeep
|turn|123
|j| sendpais
|
|t:|1659395667
|switch|p1a: Tornadus|Tornadus-Therian, M|100/100 tox
|move|p2a: Zapdos|Volt Switch|p1a: Tornadus
|-supereffective|p1a: Tornadus
|-damage|p1a: Tornadus|39/100 tox
|
|t:|1659395670
|switch|p2a: Clefable|Clefable, F|57/100|[from]move: Volt Switch
|
|-damage|p1a: Tornadus|33/100 tox|[from] psn
|upkeep
|turn|124
|
|t:|1659395674
|move|p1a: Tornadus|U-turn|p2a: Clefable
|-resisted|p2a: Clefable
|-damage|p2a: Clefable|52/100
|
|t:|1659395678
|switch|p1a: Clefable|Clefable, F|100/100 psn|[from]move: U-turn
|move|p2a: Clefable|Heal Bell|p2a: Clefable
|-activate|p2a: Clefable|move: Heal Bell
|-curestatus|p2: Zapdos|tox|[msg]
|
|upkeep
|turn|125
|
|t:|1659395683
|switch|p2a: Toxapex|Toxapex, M|64/100
|-damage|p2a: Toxapex|51/100|[from] Stealth Rock
|switch|p1a: Tornadus|Tornadus-Therian, M|66/100 tox
|
|-damage|p1a: Tornadus|60/100 tox|[from] psn
|upkeep
|turn|126
|
|t:|1659395686
|move|p1a: Tornadus|U-turn|p2a: Toxapex
|-resisted|p2a: Toxapex
|-damage|p2a: Toxapex|45/100
|
|t:|1659395688
|switch|p1a: Slowbro|Slowbro, M|100/100 tox|[from]move: U-turn
|-damage|p1a: Slowbro|88/100 tox|[from] Stealth Rock
|move|p2a: Toxapex|Recover|p2a: Toxapex
|-heal|p2a: Toxapex|96/100
|
|-damage|p1a: Slowbro|82/100 tox|[from] psn
|upkeep
|turn|127
|
|t:|1659395696
|switch|p2a: Zapdos|Zapdos|64/100
|-ability|p2a: Zapdos|Pressure
|move|p1a: Slowbro|Scald|p2a: Zapdos
|-damage|p2a: Zapdos|42/100
|-status|p2a: Zapdos|brn
|
|-damage|p1a: Slowbro|70/100 tox|[from] psn
|-damage|p2a: Zapdos|36/100 brn|[from] brn
|upkeep
|turn|128
|
|t:|1659395701
|move|p2a: Zapdos|Roost|p2a: Zapdos
|-heal|p2a: Zapdos|86/100 brn
|-singleturn|p2a: Zapdos|move: Roost
|move|p1a: Slowbro|Teleport|p1a: Slowbro
|l| Yves Stone
|
|t:|1659395704
|switch|p1a: Melmetal|Melmetal|86/100|[from]move: Teleport
|-damage|p1a: Melmetal|80/100|[from] Stealth Rock
|
|-heal|p1a: Melmetal|86/100|[from] item: Leftovers
|-damage|p2a: Zapdos|80/100 brn|[from] brn
|upkeep
|turn|129
|
|t:|1659395709
|switch|p2a: Toxapex|Toxapex, M|100/100
|-damage|p2a: Toxapex|88/100|[from] Stealth Rock
|move|p1a: Melmetal|Double Iron Bash|p2a: Toxapex
|-resisted|p2a: Toxapex
|-damage|p2a: Toxapex|73/100
|-resisted|p2a: Toxapex
|-damage|p2a: Toxapex|56/100
|-hitcount|p2a: Toxapex|2
|
|-heal|p1a: Melmetal|93/100|[from] item: Leftovers
|upkeep
|turn|130
|
|t:|1659395712
|switch|p2a: Skarmory|Skarmory, F|100/100
|-damage|p2a: Skarmory|88/100|[from] Stealth Rock
|move|p1a: Melmetal|Double Iron Bash|p2a: Skarmory
|-resisted|p2a: Skarmory
|-damage|p2a: Skarmory|77/100
|-resisted|p2a: Skarmory
|-damage|p2a: Skarmory|64/100
|-hitcount|p2a: Skarmory|2
|
|-heal|p1a: Melmetal|99/100|[from] item: Leftovers
|upkeep
|turn|131
|l| saki X toki
|
|t:|1659395721
|switch|p1a: Tornadus|Tornadus-Therian, M|93/100 tox
|move|p2a: Skarmory|Roost|p2a: Skarmory
|-heal|p2a: Skarmory|100/100
|-singleturn|p2a: Skarmory|move: Roost
|
|-damage|p1a: Tornadus|87/100 tox|[from] psn
|upkeep
|turn|132
|j| RanBatsOnlyBitch
|
|t:|1659395725
|switch|p2a: Toxapex|Toxapex, M|89/100
|-damage|p2a: Toxapex|77/100|[from] Stealth Rock
|move|p1a: Tornadus|Defog|p2a: Toxapex
|-unboost|p2a: Toxapex|evasion|1
|-sideend|p2: LT91BB animefan|Stealth Rock|[from] move: Defog|[of] p1a: Tornadus
|-sideend|p1: lt91bbe|Toxic Spikes|[from] move: Defog|[of] p1a: Tornadus
|-sideend|p1: lt91bbe|Stealth Rock|[from] move: Defog|[of] p1a: Tornadus
|
|-damage|p1a: Tornadus|75/100 tox|[from] psn
|upkeep
|turn|133
|l| Winston Earl
|
|t:|1659395729
|move|p1a: Tornadus|U-turn|p2a: Toxapex
|-resisted|p2a: Toxapex
|-damage|p2a: Toxapex|71/100
|
|t:|1659395735
|switch|p1a: Espressi|Garchomp, F, shiny|100/100|[from]move: U-turn
|move|p2a: Toxapex|Toxic Spikes|p1a: Espressi
|-sidestart|p1: lt91bbe|move: Toxic Spikes
|
|upkeep
|turn|134
|
|t:|1659395739
|switch|p2a: Skarmory|Skarmory, F|100/100
|move|p1a: Espressi|Substitute|p1a: Espressi
|-start|p1a: Espressi|Substitute
|-damage|p1a: Espressi|76/100
|
|-heal|p1a: Espressi|82/100|[from] item: Leftovers
|upkeep
|turn|135
|
|t:|1659395742
|move|p1a: Espressi|Swords Dance|p1a: Espressi
|-boost|p1a: Espressi|atk|2
|move|p2a: Skarmory|Spikes|p1a: Espressi
|-sidestart|p1: lt91bbe|Spikes
|
|-heal|p1a: Espressi|88/100|[from] item: Leftovers
|upkeep
|turn|136
|
|t:|1659395747
|move|p1a: Espressi|Swords Dance|p1a: Espressi
|-boost|p1a: Espressi|atk|2
|move|p2a: Skarmory|Body Press|p1a: Espressi
|-end|p1a: Espressi|Substitute
|
|-heal|p1a: Espressi|94/100|[from] item: Leftovers
|upkeep
|turn|137
|
|t:|1659395749
|move|p1a: Espressi|Substitute|p1a: Espressi
|-start|p1a: Espressi|Substitute
|-damage|p1a: Espressi|69/100
|move|p2a: Skarmory|Body Press|p1a: Espressi
|-end|p1a: Espressi|Substitute
|
|-heal|p1a: Espressi|75/100|[from] item: Leftovers
|upkeep
|turn|138
|
|t:|1659395753
|switch|p1a: Tornadus|Tornadus-Therian, M|100/100 tox
|move|p2a: Skarmory|Toxic|p1a: Tornadus
|-fail|p1a: Tornadus|tox
|
|-damage|p1a: Tornadus|94/100 tox|[from] psn
|upkeep
|turn|139
|
|t:|1659395757
|switch|p2a: Toxapex|Toxapex, M|100/100
|move|p1a: Tornadus|Defog|p2a: Toxapex
|-unboost|p2a: Toxapex|evasion|1
|-sideend|p1: lt91bbe|Spikes|[from] move: Defog|[of] p1a: Tornadus
|-sideend|p1: lt91bbe|Toxic Spikes|[from] move: Defog|[of] p1a: Tornadus
|
|-damage|p1a: Tornadus|82/100 tox|[from] psn
|upkeep
|turn|140
|
|t:|1659395759
|move|p1a: Tornadus|U-turn|p2a: Toxapex
|-resisted|p2a: Toxapex
|-damage|p2a: Toxapex|95/100
|
|t:|1659395761
|switch|p1a: Slowbro|Slowbro, M|100/100 tox|[from]move: U-turn
|move|p2a: Toxapex|Toxic Spikes|p1a: Slowbro
|-sidestart|p1: lt91bbe|move: Toxic Spikes
|
|-damage|p1a: Slowbro|94/100 tox|[from] psn
|upkeep
|turn|141
|
|t:|1659395764
|switch|p2a: Clefable|Clefable, F|52/100
|move|p1a: Slowbro|Scald|p2a: Clefable
|-damage|p2a: Clefable|26/100
|
|-damage|p1a: Slowbro|82/100 tox|[from] psn
|upkeep
|turn|142
|
|t:|1659395767
|move|p2a: Clefable|Soft-Boiled|p2a: Clefable
|-heal|p2a: Clefable|76/100
|move|p1a: Slowbro|Thunder Wave|p2a: Clefable
|-status|p2a: Clefable|par
|
|-damage|p1a: Slowbro|64/100 tox|[from] psn
|upkeep
|turn|143
|
|t:|1659395770
|switch|p1a: Melmetal|Melmetal|99/100
|move|p2a: Clefable|Heal Bell|p2a: Clefable
|-activate|p2a: Clefable|move: Heal Bell
|-curestatus|p2a: Clefable|par|[msg]
|-curestatus|p2: Zapdos|brn|[msg]
|
|-heal|p1a: Melmetal|100/100|[from] item: Leftovers
|upkeep
|turn|144
|l| Mizuse
|
|t:|1659395776
|switch|p2a: Skarmory|Skarmory, F|100/100
|switch|p1a: Magnezone|Magnezone|100/100
|
|upkeep
|turn|145
|j| riquelme❈14
|
|t:|1659395782
|switch|p2a: Clefable|Clefable, F|76/100
|switch|p1a: Tornadus|Tornadus-Therian, M|100/100 tox
|
|-damage|p1a: Tornadus|94/100 tox|[from] psn
|upkeep
|turn|146
|
|t:|1659395791
|switch|p1a: Clefable|Clefable, F|100/100 psn
|switch|p2a: Toxapex|Toxapex, M|100/100
|
|upkeep
|turn|147
|
|t:|1659395797
|switch|p2a: Clefable|Clefable, F|76/100
|move|p1a: Clefable|Stealth Rock|p2a: Clefable
|-sidestart|p2: LT91BB animefan|move: Stealth Rock
|
|upkeep
|turn|148
|
|t:|1659395800
|move|p2a: Clefable|Stealth Rock|p1a: Clefable
|-sidestart|p1: lt91bbe|move: Stealth Rock
|move|p1a: Clefable|Knock Off|p2a: Clefable
|-resisted|p2a: Clefable
|-damage|p2a: Clefable|70/100
|
|upkeep
|turn|149
|
|t:|1659395806
|switch|p2a: Toxapex|Toxapex, M|100/100
|-damage|p2a: Toxapex|88/100|[from] Stealth Rock
|switch|p1a: Slowbro|Slowbro, M|97/100 tox
|-damage|p1a: Slowbro|85/100 tox|[from] Stealth Rock
|
|-damage|p1a: Slowbro|79/100 tox|[from] psn
|upkeep
|turn|150
|
|t:|1659395809
|switch|p2a: Clefable|Clefable, F|70/100
|switch|p1a: Clefable|Clefable, F|100/100 psn
|
|upkeep
|turn|151
|
|t:|1659395814
|switch|p2a: Toxapex|Toxapex, M|100/100
|-damage|p2a: Toxapex|88/100|[from] Stealth Rock
|switch|p1a: Slowbro|Slowbro, M|100/100 tox
|-damage|p1a: Slowbro|88/100 tox|[from] Stealth Rock
|
|-damage|p1a: Slowbro|82/100 tox|[from] psn
|upkeep
|turn|152
|l| LT91BB INSULT
|
|t:|1659395820
|switch|p2a: Cresselia|Cresselia, F|54/100
|-damage|p2a: Cresselia|41/100|[from] Stealth Rock
|switch|p1a: Clefable|Clefable, F|100/100 psn
|
|-heal|p2a: Cresselia|48/100|[from] item: Leftovers
|upkeep
|turn|153
|
|t:|1659395823
|move|p2a: Cresselia|Protect|p2a: Cresselia
|-singleturn|p2a: Cresselia|Protect
|move|p1a: Clefable|Knock Off|p2a: Cresselia
|-activate|p2a: Cresselia|move: Protect
|
|-heal|p2a: Cresselia|54/100|[from] item: Leftovers
|upkeep
|turn|154
|
|t:|1659395826
|switch|p2a: Toxapex|Toxapex, M|100/100
|-damage|p2a: Toxapex|88/100|[from] Stealth Rock
|move|p1a: Clefable|Knock Off|p2a: Toxapex
|-damage|p2a: Toxapex|79/100
|
|upkeep
|turn|155
|
|t:|1659395831
|switch|p2a: Clefable|Clefable, F|70/100
|move|p1a: Clefable|Moonblast|p2a: Clefable
|-damage|p2a: Clefable|42/100
|
|upkeep
|turn|156
|
|t:|1659395835
|switch|p1a: Melmetal|Melmetal|100/100
|-damage|p1a: Melmetal|94/100|[from] Stealth Rock
|move|p2a: Clefable|Soft-Boiled|p2a: Clefable
|-heal|p2a: Clefable|92/100
|
|-heal|p1a: Melmetal|100/100|[from] item: Leftovers
|upkeep
|turn|157
|
|t:|1659395840
|switch|p2a: Toxapex|Toxapex, M|100/100
|-damage|p2a: Toxapex|88/100|[from] Stealth Rock
|switch|p1a: Tornadus|Tornadus-Therian, M|100/100 tox
|
|-damage|p1a: Tornadus|94/100 tox|[from] psn
|upkeep
|turn|158
|l| dorapult
|
|t:|1659395845
|switch|p2a: Clefable|Clefable, F|92/100
|move|p1a: Tornadus|U-turn|p2a: Clefable
|-resisted|p2a: Clefable
|-damage|p2a: Clefable|87/100
|j| isabela000◥▶_◀◤
|
|t:|1659395848
|switch|p1a: Magnezone|Magnezone|100/100|[from]move: U-turn
|-damage|p1a: Magnezone|94/100|[from] Stealth Rock
|
|-heal|p1a: Magnezone|100/100|[from] item: Leftovers
|upkeep
|turn|159
|
|t:|1659395852
|switch|p2a: Toxapex|Toxapex, M|100/100
|-damage|p2a: Toxapex|88/100|[from] Stealth Rock
|move|p1a: Magnezone|Substitute|p1a: Magnezone
|-start|p1a: Magnezone|Substitute
|-damage|p1a: Magnezone|76/100
|
|-heal|p1a: Magnezone|82/100|[from] item: Leftovers
|upkeep
|turn|160
|l| PandaDoux♥♡㋛★✩
|
|t:|1659395857
|switch|p1a: Clefable|Clefable, F|100/100 psn
|switch|p2a: Skarmory|Skarmory, F|100/100
|-damage|p2a: Skarmory|88/100|[from] Stealth Rock
|
|upkeep
|turn|161
|l| LT91BB Poeh
|
|t:|1659395862
|move|p2a: Skarmory|Spikes|p1a: Clefable
|-sidestart|p1: lt91bbe|Spikes
|move|p1a: Clefable|Knock Off|p2a: Skarmory
|-damage|p2a: Skarmory|78/100
|-enditem|p2a: Skarmory|Shed Shell|[from] move: Knock Off|[of] p1a: Clefable
|
|upkeep
|turn|162
|l| ongg
|
|t:|1659395868
|switch|p2a: Toxapex|Toxapex, M|100/100
|-damage|p2a: Toxapex|88/100|[from] Stealth Rock
|switch|p1a: Tornadus|Tornadus-Therian, M|100/100 tox
|
|-damage|p1a: Tornadus|94/100 tox|[from] psn
|upkeep
|turn|163
|
|t:|1659395872
|switch|p2a: Clefable|Clefable, F|87/100
|move|p1a: Tornadus|U-turn|p2a: Clefable
|-resisted|p2a: Clefable
|-damage|p2a: Clefable|81/100
|
|t:|1659395875
|switch|p1a: Melmetal|Melmetal|100/100|[from]move: U-turn
|-damage|p1a: Melmetal|94/100|[from] Stealth Rock
|-damage|p1a: Melmetal|82/100|[from] Spikes
|
|-heal|p1a: Melmetal|88/100|[from] item: Leftovers
|upkeep
|turn|164
|
|t:|1659395879
|switch|p2a: Skarmory|Skarmory, F|78/100
|-damage|p2a: Skarmory|66/100|[from] Stealth Rock
|switch|p1a: Tornadus|Tornadus-Therian, M|100/100 tox
|
|-damage|p1a: Tornadus|94/100 tox|[from] psn
|upkeep
|turn|165
|
|t:|1659395883
|switch|p2a: Toxapex|Toxapex, M|100/100
|-damage|p2a: Toxapex|88/100|[from] Stealth Rock
|move|p1a: Tornadus|Heat Wave|p2a: Toxapex|[miss]
|-miss|p1a: Tornadus|p2a: Toxapex
|
|-damage|p1a: Tornadus|82/100 tox|[from] psn
|upkeep
|turn|166
|
|t:|1659395885
|switch|p2a: Clefable|Clefable, F|81/100
|move|p1a: Tornadus|Defog|p2a: Clefable
|-unboost|p2a: Clefable|evasion|1
|-sideend|p2: LT91BB animefan|Stealth Rock|[from] move: Defog|[of] p1a: Tornadus
|-sideend|p1: lt91bbe|Spikes|[from] move: Defog|[of] p1a: Tornadus
|-sideend|p1: lt91bbe|Toxic Spikes|[from] move: Defog|[of] p1a: Tornadus
|-sideend|p1: lt91bbe|Stealth Rock|[from] move: Defog|[of] p1a: Tornadus
|
|-damage|p1a: Tornadus|64/100 tox|[from] psn
|upkeep
|turn|167
|
|t:|1659395888
|move|p1a: Tornadus|U-turn|p2a: Clefable
|-resisted|p2a: Clefable
|-damage|p2a: Clefable|76/100
|
|t:|1659395889
|switch|p1a: Espressi|Garchomp, F, shiny|75/100|[from]move: U-turn
|move|p2a: Clefable|Stealth Rock|p1a: Espressi
|-sidestart|p1: lt91bbe|move: Stealth Rock
|
|-heal|p1a: Espressi|81/100|[from] item: Leftovers
|upkeep
|turn|168
|
|t:|1659395895
|switch|p1a: Tornadus|Tornadus-Therian, M|97/100 tox
|switch|p2a: Skarmory|Skarmory, F|66/100
|
|-damage|p1a: Tornadus|91/100 tox|[from] psn
|upkeep
|turn|169
|
|t:|1659395899
|switch|p2a: Clefable|Clefable, F|76/100
|move|p1a: Tornadus|Heat Wave|p2a: Clefable|[miss]
|-miss|p1a: Tornadus|p2a: Clefable
|
|-damage|p1a: Tornadus|79/100 tox|[from] psn
|upkeep
|turn|170
|
|t:|1659395903
|switch|p2a: Toxapex|Toxapex, M|100/100
|move|p1a: Tornadus|U-turn|p2a: Toxapex
|-resisted|p2a: Toxapex
|-damage|p2a: Toxapex|95/100
|
|t:|1659395904
|switch|p1a: Espressi|Garchomp, F, shiny|81/100|[from]move: U-turn
|-damage|p1a: Espressi|75/100|[from] Stealth Rock
|
|-heal|p1a: Espressi|81/100|[from] item: Leftovers
|upkeep
|turn|171
|
|t:|1659395908
|switch|p2a: Skarmory|Skarmory, F|66/100
|move|p1a: Espressi|Substitute|p1a: Espressi
|-start|p1a: Espressi|Substitute
|-damage|p1a: Espressi|57/100
|
|-heal|p1a: Espressi|63/100|[from] item: Leftovers
|upkeep
|turn|172
|j| LT91BB Empo
|j| the tacoman
|c| RanBatsOnlyBitch|most entertaing highladder match
|
|t:|1659395910
|move|p1a: Espressi|Swords Dance|p1a: Espressi
|-boost|p1a: Espressi|atk|2
|move|p2a: Skarmory|Spikes|p1a: Espressi
|-sidestart|p1: lt91bbe|Spikes
|
|-heal|p1a: Espressi|69/100|[from] item: Leftovers
|upkeep
|turn|173
|
|t:|1659395914
|move|p1a: Espressi|Scale Shot|p2a: Skarmory
|-resisted|p2a: Skarmory
|-damage|p2a: Skarmory|58/100
|-resisted|p2a: Skarmory
|-damage|p2a: Skarmory|50/100
|-resisted|p2a: Skarmory
|-damage|p2a: Skarmory|41/100
|-resisted|p2a: Skarmory
|-damage|p2a: Skarmory|33/100
|-hitcount|p2a: Skarmory|4
|-unboost|p1a: Espressi|def|1
|-boost|p1a: Espressi|spe|1
|move|p2a: Skarmory|Body Press|p1a: Espressi
|-end|p1a: Espressi|Substitute
|
|-heal|p1a: Espressi|75/100|[from] item: Leftovers
|upkeep
|turn|174
|l| lt91bb suf
|
|t:|1659395922
|switch|p2a: Quagsire|Quagsire, F|86/100
|move|p1a: Espressi|Scale Shot|p2a: Quagsire
|-damage|p2a: Quagsire|76/100
|-damage|p2a: Quagsire|65/100
|-hitcount|p2a: Quagsire|2
|-unboost|p1a: Espressi|def|1
|-boost|p1a: Espressi|spe|1
|
|-heal|p1a: Espressi|81/100|[from] item: Leftovers
|-heal|p2a: Quagsire|71/100|[from] item: Leftovers
|upkeep
|turn|175
|
|t:|1659395926
|move|p1a: Espressi|Substitute|p1a: Espressi
|-start|p1a: Espressi|Substitute
|-damage|p1a: Espressi|56/100
|move|p2a: Quagsire|Recover|p2a: Quagsire
|-heal|p2a: Quagsire|100/100
|
|-heal|p1a: Espressi|62/100|[from] item: Leftovers
|upkeep
|turn|176
|
|t:|1659395928
|move|p1a: Espressi|Scale Shot|p2a: Quagsire
|-damage|p2a: Quagsire|91/100
|-damage|p2a: Quagsire|81/100
|-hitcount|p2a: Quagsire|2
|-unboost|p1a: Espressi|def|1
|-boost|p1a: Espressi|spe|1
|move|p2a: Quagsire|Haze|p2a: Quagsire
|-clearallboost
|
|-heal|p1a: Espressi|69/100|[from] item: Leftovers
|-heal|p2a: Quagsire|87/100|[from] item: Leftovers
|upkeep
|turn|177
|
|t:|1659395931
|move|p1a: Espressi|Earthquake|p2a: Quagsire
|-damage|p2a: Quagsire|47/100
|move|p2a: Quagsire|Earthquake|p1a: Espressi
|-end|p1a: Espressi|Substitute
|
|-heal|p1a: Espressi|75/100|[from] item: Leftovers
|-heal|p2a: Quagsire|54/100|[from] item: Leftovers
|upkeep
|turn|178
|
|t:|1659395935
|move|p1a: Espressi|Earthquake|p2a: Quagsire
|-damage|p2a: Quagsire|14/100
|move|p2a: Quagsire|Recover|p2a: Quagsire
|-heal|p2a: Quagsire|64/100
|
|-heal|p1a: Espressi|81/100|[from] item: Leftovers
|-heal|p2a: Quagsire|70/100|[from] item: Leftovers
|upkeep
|turn|179
|
|t:|1659395938
|switch|p2a: Skarmory|Skarmory, F|33/100
|move|p1a: Espressi|Substitute|p1a: Espressi
|-start|p1a: Espressi|Substitute
|-damage|p1a: Espressi|56/100
|
|-heal|p1a: Espressi|62/100|[from] item: Leftovers
|upkeep
|turn|180
|
|t:|1659395940
|move|p1a: Espressi|Swords Dance|p1a: Espressi
|-boost|p1a: Espressi|atk|2
|move|p2a: Skarmory|Roost|p2a: Skarmory
|-heal|p2a: Skarmory|83/100
|-singleturn|p2a: Skarmory|move: Roost
|
|-heal|p1a: Espressi|68/100|[from] item: Leftovers
|upkeep
|turn|181
|c| sendpais|really?
|
|t:|1659395944
|move|p1a: Espressi|Scale Shot|p2a: Skarmory|[miss]
|-miss|p1a: Espressi|p2a: Skarmory
|move|p2a: Skarmory|Body Press|p1a: Espressi
|-end|p1a: Espressi|Substitute
|
|-heal|p1a: Espressi|74/100|[from] item: Leftovers
|upkeep
|turn|182
|
|t:|1659395947
|move|p1a: Espressi|Substitute|p1a: Espressi
|-start|p1a: Espressi|Substitute
|-damage|p1a: Espressi|50/100
|move|p2a: Skarmory|Toxic||[still]
|-fail|p2a: Skarmory
|
|-heal|p1a: Espressi|56/100|[from] item: Leftovers
|upkeep
|turn|183
|
|t:|1659395950
|move|p1a: Espressi|Scale Shot|p2a: Skarmory
|-resisted|p2a: Skarmory
|-damage|p2a: Skarmory|76/100
|-resisted|p2a: Skarmory
|-damage|p2a: Skarmory|68/100
|-hitcount|p2a: Skarmory|2
|-unboost|p1a: Espressi|def|1
|-boost|p1a: Espressi|spe|1
|move|p2a: Skarmory|Body Press|p1a: Espressi
|-end|p1a: Espressi|Substitute
|
|-heal|p1a: Espressi|62/100|[from] item: Leftovers
|upkeep
|turn|184
|j| lt91bb suf
|
|t:|1659395953
|switch|p1a: Tornadus|Tornadus-Therian, M|100/100 tox
|move|p2a: Skarmory|Roost|p2a: Skarmory
|-heal|p2a: Skarmory|100/100
|-singleturn|p2a: Skarmory|move: Roost
|
|-damage|p1a: Tornadus|94/100 tox|[from] psn
|upkeep
|turn|185
|
|t:|1659395957
|switch|p2a: Clefable|Clefable, F|76/100
|move|p1a: Tornadus|Defog|p2a: Clefable
|-unboost|p2a: Clefable|evasion|1
|-sideend|p1: lt91bbe|Spikes|[from] move: Defog|[of] p1a: Tornadus
|-sideend|p1: lt91bbe|Stealth Rock|[from] move: Defog|[of] p1a: Tornadus
|
|-damage|p1a: Tornadus|82/100 tox|[from] psn
|upkeep
|turn|186
|
|t:|1659395958
|move|p1a: Tornadus|U-turn|p2a: Clefable
|-resisted|p2a: Clefable
|-damage|p2a: Clefable|70/100
|
|t:|1659395959
|switch|p1a: Espressi|Garchomp, F, shiny|62/100|[from]move: U-turn
|move|p2a: Clefable|Stealth Rock|p1a: Espressi
|-sidestart|p1: lt91bbe|move: Stealth Rock
|
|-heal|p1a: Espressi|68/100|[from] item: Leftovers
|upkeep
|turn|187
|c| the tacoman|brilliant team
|
|t:|1659395962
|switch|p1a: Tornadus|Tornadus-Therian, M|100/100 tox
|move|p2a: Clefable|Moonblast|p1a: Tornadus
|-damage|p1a: Tornadus|68/100 tox
|
|-damage|p1a: Tornadus|62/100 tox|[from] psn
|upkeep
|turn|188
|
|t:|1659395965
|switch|p2a: Toxapex|Toxapex, M|100/100
|move|p1a: Tornadus|U-turn|p2a: Toxapex
|-resisted|p2a: Toxapex
|-damage|p2a: Toxapex|95/100
|
|t:|1659395967
|switch|p1a: Espressi|Garchomp, F, shiny|68/100|[from]move: U-turn
|-damage|p1a: Espressi|62/100|[from] Stealth Rock
|
|-heal|p1a: Espressi|68/100|[from] item: Leftovers
|upkeep
|turn|189
|
|t:|1659395970
|move|p1a: Espressi|Swords Dance|p1a: Espressi
|-boost|p1a: Espressi|atk|2
|move|p2a: Toxapex|Knock Off|p1a: Espressi
|-damage|p1a: Espressi|52/100
|-damage|p2a: Toxapex|83/100|[from] ability: Rough Skin|[of] p1a: Espressi
|-enditem|p1a: Espressi|Leftovers|[from] move: Knock Off|[of] p2a: Toxapex
|
|upkeep
|turn|190
|
|t:|1659395974
|switch|p2a: Skarmory|Skarmory, F|100/100
|move|p1a: Espressi|Scale Shot|p2a: Skarmory
|-resisted|p2a: Skarmory
|-damage|p2a: Skarmory|93/100
|-resisted|p2a: Skarmory
|-damage|p2a: Skarmory|85/100
|-resisted|p2a: Skarmory
|-damage|p2a: Skarmory|77/100
|-hitcount|p2a: Skarmory|3
|-unboost|p1a: Espressi|def|1
|-boost|p1a: Espressi|spe|1
|
|upkeep
|turn|191
|
|t:|1659395977
|switch|p1a: Slowbro|Slowbro, M|100/100 tox
|-damage|p1a: Slowbro|88/100 tox|[from] Stealth Rock
|move|p2a: Skarmory|Roost|p2a: Skarmory
|-heal|p2a: Skarmory|100/100
|-singleturn|p2a: Skarmory|move: Roost
|
|-damage|p1a: Slowbro|82/100 tox|[from] psn
|upkeep
|turn|192
|
|t:|1659395980
|switch|p2a: Toxapex|Toxapex, M|100/100
|move|p1a: Slowbro|Teleport|p1a: Slowbro
|
|t:|1659395983
|switch|p1a: Magnezone|Magnezone|82/100|[from]move: Teleport
|-damage|p1a: Magnezone|76/100|[from] Stealth Rock
|
|-heal|p1a: Magnezone|82/100|[from] item: Leftovers
|upkeep
|turn|193
|c| sendpais|isnt skarm kinda scewed now?
|
|t:|1659395992
|switch|p1a: Clefable|Clefable, F|100/100 psn
|switch|p2a: Skarmory|Skarmory, F|100/100
|
|upkeep
|turn|194
|
|t:|1659395995
|switch|p1a: Slowbro|Slowbro, M|100/100 tox
|-damage|p1a: Slowbro|88/100 tox|[from] Stealth Rock
|move|p2a: Skarmory|Spikes|p1a: Slowbro
|-sidestart|p1: lt91bbe|Spikes
|
|-damage|p1a: Slowbro|82/100 tox|[from] psn
|upkeep
|turn|195
|
|t:|1659395998
|switch|p2a: Cresselia|Cresselia, F|54/100
|switch|p1a: Tornadus|Tornadus-Therian, M|95/100 tox
|
|-heal|p2a: Cresselia|60/100|[from] item: Leftovers
|-damage|p1a: Tornadus|89/100 tox|[from] psn
|upkeep
|turn|196
|
|t:|1659396001
|switch|p1a: Clefable|Clefable, F|100/100 psn
|move|p2a: Cresselia|Protect||[still]
|-fail|p2a: Cresselia
|
|-heal|p2a: Cresselia|66/100|[from] item: Leftovers
|upkeep
|turn|197
|
|t:|1659396005
|switch|p2a: Toxapex|Toxapex, M|100/100
|switch|p1a: Tornadus|Tornadus-Therian, M|100/100 tox
|
|-damage|p1a: Tornadus|94/100 tox|[from] psn
|upkeep
|turn|198
|c| gssagssagssag|a bit yes
|c| gssagssagssag|xd
|
|t:|1659396009
|switch|p1a: Clefable|Clefable, F|100/100 psn
|move|p2a: Toxapex|Toxic Spikes|p1a: Clefable
|-sidestart|p1: lt91bbe|move: Toxic Spikes
|
|upkeep
|turn|199
|
|t:|1659396012
|switch|p1a: Slowbro|Slowbro, M|100/100 tox
|-damage|p1a: Slowbro|88/100 tox|[from] Stealth Rock
|-damage|p1a: Slowbro|76/100 tox|[from] Spikes
|move|p2a: Toxapex|Knock Off|p1a: Slowbro
|-supereffective|p1a: Slowbro
|-damage|p1a: Slowbro|61/100 tox
|
|-damage|p1a: Slowbro|55/100 tox|[from] psn
|upkeep
|turn|200
|
|t:|1659396017
|switch|p2a: Zapdos|Zapdos|80/100
|-ability|p2a: Zapdos|Pressure
|switch|p1a: Clefable|Clefable, F|100/100 psn
|
|upkeep
|turn|201
|l| CCLM
|
|t:|1659396024
|switch|p2a: Toxapex|Toxapex, M|100/100
|move|p1a: Clefable|Stealth Rock|p2a: Toxapex
|-sidestart|p2: LT91BB animefan|move: Stealth Rock
|
|upkeep
|turn|202
|j| jxjdkdmfmv
|
|t:|1659396027
|switch|p2a: Clefable|Clefable, F|70/100
|move|p1a: Clefable|Knock Off|p2a: Clefable
|-resisted|p2a: Clefable
|-damage|p2a: Clefable|66/100
|
|upkeep
|turn|203
|
|t:|1659396031
|switch|p2a: Toxapex|Toxapex, M|100/100
|-damage|p2a: Toxapex|88/100|[from] Stealth Rock
|switch|p1a: Tornadus|Tornadus-Therian, M|100/100 tox
|
|-damage|p1a: Tornadus|94/100 tox|[from] psn
|upkeep
|turn|204
|
|t:|1659396035
|switch|p1a: Clefable|Clefable, F|100/100 psn
|switch|p2a: Clefable|Clefable, F|66/100
|
|upkeep
|turn|205
|c| gssagssagssag|animefan will win eventually tho
|
|t:|1659396038
|switch|p1a: Slowbro|Slowbro, M|89/100 tox
|-damage|p1a: Slowbro|76/100 tox|[from] Stealth Rock
|-damage|p1a: Slowbro|64/100 tox|[from] Spikes
|move|p2a: Clefable|Soft-Boiled|p2a: Clefable
|-heal|p2a: Clefable|100/100
|
|-damage|p1a: Slowbro|58/100 tox|[from] psn
|upkeep
|turn|206
|
|t:|1659396043
|switch|p2a: Toxapex|Toxapex, M|100/100
|-damage|p2a: Toxapex|88/100|[from] Stealth Rock
|switch|p1a: Tornadus|Tornadus-Therian, M|100/100 tox
|
|-damage|p1a: Tornadus|94/100 tox|[from] psn
|upkeep
|turn|207
|
|t:|1659396056
|switch|p1a: Slowbro|Slowbro, M|91/100 tox
|-damage|p1a: Slowbro|78/100 tox|[from] Stealth Rock
|-damage|p1a: Slowbro|66/100 tox|[from] Spikes
|switch|p2a: Clefable|Clefable, F|100/100
|
|-damage|p1a: Slowbro|60/100 tox|[from] psn
|upkeep
|turn|208
|l| PaoloJames
|
|t:|1659396061
|switch|p2a: Zapdos|Zapdos|80/100
|-ability|p2a: Zapdos|Pressure
|switch|p1a: Tornadus|Tornadus-Therian, M|100/100 tox
|
|-damage|p1a: Tornadus|94/100 tox|[from] psn
|upkeep
|turn|209
|j| PaoloJames
|
|t:|1659396066
|switch|p1a: Melmetal|Melmetal|88/100
|-damage|p1a: Melmetal|82/100|[from] Stealth Rock
|-damage|p1a: Melmetal|69/100|[from] Spikes
|switch|p2a: Clefable|Clefable, F|100/100
|
|-heal|p1a: Melmetal|76/100|[from] item: Leftovers
|upkeep
|turn|210
|
|t:|1659396071
|switch|p2a: Toxapex|Toxapex, M|100/100
|-damage|p2a: Toxapex|88/100|[from] Stealth Rock
|switch|p1a: Tornadus|Tornadus-Therian, M|100/100 tox
|
|-damage|p1a: Tornadus|94/100 tox|[from] psn
|upkeep
|turn|211
|j| LT91BB Dasmer
|c| sendpais|i think other guy
|
|t:|1659396074
|switch|p1a: Clefable|Clefable, F|100/100 psn
|switch|p2a: Clefable|Clefable, F|100/100
|
|upkeep
|turn|212
|
|t:|1659396081
|switch|p2a: Toxapex|Toxapex, M|100/100
|-damage|p2a: Toxapex|88/100|[from] Stealth Rock
|switch|p1a: Tornadus|Tornadus-Therian, M|100/100 tox
|
|-damage|p1a: Tornadus|94/100 tox|[from] psn
|upkeep
|turn|213
|
|t:|1659396085
|switch|p1a: Clefable|Clefable, F|100/100 psn
|switch|p2a: Clefable|Clefable, F|100/100
|
|upkeep
|turn|214
|
|t:|1659396092
|switch|p2a: Skarmory|Skarmory, F|100/100
|-damage|p2a: Skarmory|88/100|[from] Stealth Rock
|switch|p1a: Tornadus|Tornadus-Therian, M|100/100 tox
|
|-damage|p1a: Tornadus|94/100 tox|[from] psn
|upkeep
|turn|215
|l| LT91BB Dasmer
|
|t:|1659396096
|switch|p1a: Clefable|Clefable, F|100/100 psn
|switch|p2a: Toxapex|Toxapex, M|100/100
|-damage|p2a: Toxapex|88/100|[from] Stealth Rock
|
|upkeep
|turn|216
|j| LT91BB Dasmer
|j| gewwge
|
|t:|1659396106
|switch|p1a: Slowbro|Slowbro, M|93/100 tox
|-damage|p1a: Slowbro|81/100 tox|[from] Stealth Rock
|-damage|p1a: Slowbro|68/100 tox|[from] Spikes
|switch|p2a: Zapdos|Zapdos|80/100
|-ability|p2a: Zapdos|Pressure
|
|-damage|p1a: Slowbro|62/100 tox|[from] psn
|upkeep
|turn|217
|
|t:|1659396111
|move|p2a: Zapdos|Volt Switch|p1a: Slowbro
|-supereffective|p1a: Slowbro
|-damage|p1a: Slowbro|12/100 tox
|
|t:|1659396115
|switch|p2a: Clefable|Clefable, F|100/100|[from]move: Volt Switch
|move|p1a: Slowbro|Teleport|p1a: Slowbro
|l| Louna
|l| LT91BB Empo
|
|t:|1659396117
|switch|p1a: Tornadus|Tornadus-Therian, M|100/100 tox|[from]move: Teleport
|
|-damage|p1a: Tornadus|94/100 tox|[from] psn
|upkeep
|turn|218
|c| lt91bb suf|they keep switching so no progress is being made.
|
|t:|1659396122
|move|p1a: Tornadus|Defog|p2a: Clefable
|-unboost|p2a: Clefable|evasion|1
|-sideend|p2: LT91BB animefan|Stealth Rock|[from] move: Defog|[of] p1a: Tornadus
|-sideend|p1: lt91bbe|Spikes|[from] move: Defog|[of] p1a: Tornadus
|-sideend|p1: lt91bbe|Toxic Spikes|[from] move: Defog|[of] p1a: Tornadus
|-sideend|p1: lt91bbe|Stealth Rock|[from] move: Defog|[of] p1a: Tornadus
|move|p2a: Clefable|Moonblast|p1a: Tornadus
|-damage|p1a: Tornadus|64/100 tox
|-unboost|p1a: Tornadus|spa|1
|
|-damage|p1a: Tornadus|52/100 tox|[from] psn
|upkeep
|turn|219
|
|t:|1659396125
|switch|p1a: Slowbro|Slowbro, M|45/100 tox
|move|p2a: Clefable|Stealth Rock|p1a: Slowbro
|-sidestart|p1: lt91bbe|move: Stealth Rock
|
|-damage|p1a: Slowbro|39/100 tox|[from] psn
|upkeep
|turn|220
|
|t:|1659396128
|switch|p2a: Skarmory|Skarmory, F|88/100
|switch|p1a: Clefable|Clefable, F|100/100 psn
|
|upkeep
|turn|221
|j| ekt0m0rf
|
|t:|1659396131
|switch|p1a: Tornadus|Tornadus-Therian, M|85/100 tox
|move|p2a: Skarmory|Spikes|p1a: Tornadus
|-sidestart|p1: lt91bbe|Spikes
|
|-damage|p1a: Tornadus|79/100 tox|[from] psn
|upkeep
|turn|222
|
|t:|1659396136
|switch|p1a: Clefable|Clefable, F|100/100 psn
|switch|p2a: Toxapex|Toxapex, M|100/100
|
|upkeep
|turn|223
|c| lt91bb suf|Well, very little.
|
|t:|1659396141
|move|p1a: Clefable|Stealth Rock|p2a: Toxapex
|-sidestart|p2: LT91BB animefan|move: Stealth Rock
|move|p2a: Toxapex|Knock Off|p1a: Clefable
|-resisted|p1a: Clefable
|-damage|p1a: Clefable|94/100 psn
|
|-damage|p2a: Toxapex|88/100|[from] item: Sticky Barb
|upkeep
|turn|224
|l| Luthier
|
|t:|1659396147
|switch|p1a: Slowbro|Slowbro, M|72/100 tox
|-damage|p1a: Slowbro|60/100 tox|[from] Stealth Rock
|-damage|p1a: Slowbro|47/100 tox|[from] Spikes
|switch|p2a: Clefable|Clefable, F|100/100
|
|-damage|p1a: Slowbro|41/100 tox|[from] psn
|upkeep
|turn|225
|
|t:|1659396152
|switch|p2a: Zapdos|Zapdos|80/100
|-ability|p2a: Zapdos|Pressure
|switch|p1a: Tornadus|Tornadus-Therian, M|100/100 tox
|
|-damage|p1a: Tornadus|94/100 tox|[from] psn
|upkeep
|turn|226
|
|t:|1659396157
|switch|p2a: Toxapex|Toxapex, M|100/100
|-damage|p2a: Toxapex|88/100|[from] Stealth Rock
|move|p1a: Tornadus|U-turn|p2a: Toxapex
|-resisted|p2a: Toxapex
|-damage|p2a: Toxapex|82/100
|
|t:|1659396160
|switch|p1a: Melmetal|Melmetal|76/100|[from]move: U-turn
|-damage|p1a: Melmetal|69/100|[from] Stealth Rock
|-damage|p1a: Melmetal|57/100|[from] Spikes
|
|-heal|p1a: Melmetal|63/100|[from] item: Leftovers
|-damage|p2a: Toxapex|70/100|[from] item: Sticky Barb
|upkeep
|turn|227
|
|t:|1659396167
|switch|p2a: Zapdos|Zapdos|80/100
|-ability|p2a: Zapdos|Pressure
|move|p1a: Melmetal|Earthquake|p2a: Zapdos
|-immune|p2a: Zapdos
|
|-heal|p1a: Melmetal|69/100|[from] item: Leftovers
|upkeep
|turn|228
|
|t:|1659396172
|move|p1a: Melmetal|Protect|p1a: Melmetal
|-singleturn|p1a: Melmetal|Protect
|move|p2a: Zapdos|Heat Wave|p1a: Melmetal
|-activate|p1a: Melmetal|move: Protect
|
|-heal|p1a: Melmetal|76/100|[from] item: Leftovers
|upkeep
|turn|229
|
|t:|1659396175
|switch|p2a: Toxapex|Toxapex, M|100/100
|-damage|p2a: Toxapex|88/100|[from] Stealth Rock
|move|p1a: Melmetal|Toxic|p2a: Toxapex
|-immune|p2a: Toxapex
|
|-heal|p1a: Melmetal|82/100|[from] item: Leftovers
|-damage|p2a: Toxapex|76/100|[from] item: Sticky Barb
|upkeep
|turn|230
|
|t:|1659396180
|switch|p2a: Skarmory|Skarmory, F|88/100
|-damage|p2a: Skarmory|76/100|[from] Stealth Rock
|move|p1a: Melmetal|Earthquake|p2a: Skarmory
|-immune|p2a: Skarmory
|
|-heal|p1a: Melmetal|88/100|[from] item: Leftovers
|upkeep
|turn|231
|
|t:|1659396184
|switch|p1a: Tornadus|Tornadus-Therian, M|100/100 tox
|move|p2a: Skarmory|Spikes|p1a: Tornadus
|-sidestart|p1: lt91bbe|Spikes
|
|-damage|p1a: Tornadus|94/100 tox|[from] psn
|upkeep
|turn|232
|
|t:|1659396187
|switch|p2a: Zapdos|Zapdos|80/100
|-ability|p2a: Zapdos|Pressure
|move|p1a: Tornadus|U-turn|p2a: Zapdos
|-resisted|p2a: Zapdos
|-damage|p2a: Zapdos|74/100
|
|t:|1659396189
|switch|p1a: Melmetal|Melmetal|88/100|[from]move: U-turn
|-damage|p1a: Melmetal|82/100|[from] Stealth Rock
|-damage|p1a: Melmetal|65/100|[from] Spikes
|
|-heal|p1a: Melmetal|71/100|[from] item: Leftovers
|upkeep
|turn|233
|c| sendpais|oh wait mags got no pp
|c| Elder Seraphim|if you don't think this metagame is a problem then you're wrong
|c| sendpais|thats rough
|
|t:|1659396196
|switch|p2a: Skarmory|Skarmory, F|76/100
|-damage|p2a: Skarmory|63/100|[from] Stealth Rock
|move|p1a: Melmetal|Protect||[still]
|-fail|p1a: Melmetal
|
|-heal|p1a: Melmetal|78/100|[from] item: Leftovers
|upkeep
|turn|234
|
|t:|1659396199
|switch|p1a: Tornadus|Tornadus-Therian, M|100/100 tox
|move|p2a: Skarmory|Roost|p2a: Skarmory
|-heal|p2a: Skarmory|100/100
|-singleturn|p2a: Skarmory|move: Roost
|
|-damage|p1a: Tornadus|94/100 tox|[from] psn
|upkeep
|turn|235
|c| gssagssagssag|?
|c| gssagssagssag|wdym
|
|t:|1659396203
|switch|p2a: Toxapex|Toxapex, M|100/100
|-damage|p2a: Toxapex|88/100|[from] Stealth Rock
|move|p1a: Tornadus|Defog|p2a: Toxapex
|-unboost|p2a: Toxapex|evasion|1
|-sideend|p2: LT91BB animefan|Stealth Rock|[from] move: Defog|[of] p1a: Tornadus
|-sideend|p1: lt91bbe|Spikes|[from] move: Defog|[of] p1a: Tornadus
|-sideend|p1: lt91bbe|Stealth Rock|[from] move: Defog|[of] p1a: Tornadus
|
|-damage|p1a: Tornadus|82/100 tox|[from] psn
|-damage|p2a: Toxapex|76/100|[from] item: Sticky Barb
|upkeep
|turn|236
|
|t:|1659396213
|move|p1a: Tornadus|U-turn|p2a: Toxapex
|-resisted|p2a: Toxapex
|-damage|p2a: Toxapex|70/100
|
|t:|1659396215
|switch|p1a: Espressi|Garchomp, F, shiny|52/100|[from]move: U-turn
|move|p2a: Toxapex|Toxic Spikes|p1a: Espressi
|-sidestart|p1: lt91bbe|move: Toxic Spikes
|
|-damage|p2a: Toxapex|58/100|[from] item: Sticky Barb
|upkeep
|turn|237
|
|t:|1659396218
|switch|p1a: Melmetal|Melmetal|78/100
|switch|p2a: Clefable|Clefable, F|100/100
|
|-heal|p1a: Melmetal|84/100|[from] item: Leftovers
|upkeep
|turn|238
|
|t:|1659396222
|switch|p2a: Skarmory|Skarmory, F|100/100
|switch|p1a: Tornadus|Tornadus-Therian, M|100/100 tox
|
|-damage|p1a: Tornadus|94/100 tox|[from] psn
|upkeep
|turn|239
|
|t:|1659396226
|switch|p1a: Melmetal|Melmetal|84/100
|switch|p2a: Clefable|Clefable, F|100/100
|
|-heal|p1a: Melmetal|90/100|[from] item: Leftovers
|upkeep
|turn|240
|c| sendpais|what would be the solution?
|
|t:|1659396231
|switch|p2a: Cresselia|Cresselia, F|66/100
|switch|p1a: Magnezone|Magnezone|82/100
|
|-heal|p2a: Cresselia|72/100|[from] item: Leftovers
|-heal|p1a: Magnezone|88/100|[from] item: Leftovers
|upkeep
|turn|241
|c| gssagssagssag|there are just 2 viable stalls rn
|
|t:|1659396234
|switch|p2a: Skarmory|Skarmory, F|100/100
|switch|p1a: Melmetal|Melmetal|90/100
|
|-heal|p1a: Melmetal|96/100|[from] item: Leftovers
|upkeep
|turn|242
|
|t:|1659396237
|switch|p1a: Slowbro|Slowbro, M|75/100 tox
|move|p2a: Skarmory|Spikes|p1a: Slowbro
|-sidestart|p1: lt91bbe|Spikes
|
|-damage|p1a: Slowbro|69/100 tox|[from] psn
|upkeep
|turn|243
|
|t:|1659396240
|switch|p1a: Melmetal|Melmetal|96/100
|-damage|p1a: Melmetal|84/100|[from] Spikes
|move|p2a: Skarmory|Spikes|p1a: Melmetal
|-sidestart|p1: lt91bbe|Spikes
|
|-heal|p1a: Melmetal|90/100|[from] item: Leftovers
|upkeep
|turn|244
|c| gssagssagssag|animefan and boy
|c| gssagssagssag|thats it
|c| gssagssagssag|xd
|
|t:|1659396246
|switch|p2a: Toxapex|Toxapex, M|91/100
|switch|p1a: Slowbro|Slowbro, M|100/100 tox
|-damage|p1a: Slowbro|84/100 tox|[from] Spikes
|
|-damage|p1a: Slowbro|78/100 tox|[from] psn
|-damage|p2a: Toxapex|79/100|[from] item: Sticky Barb
|upkeep
|turn|245
|
|t:|1659396255
|switch|p2a: Clefable|Clefable, F|100/100
|switch|p1a: Clefable|Clefable, F|94/100 psn
|
|upkeep
|turn|246
|
|t:|1659396258
|switch|p1a: Tornadus|Tornadus-Therian, M|100/100 tox
|move|p2a: Clefable|Stealth Rock|p1a: Tornadus
|-sidestart|p1: lt91bbe|move: Stealth Rock
|
|-damage|p1a: Tornadus|94/100 tox|[from] psn
|upkeep
|turn|247
|j| Tabata Tyrogue
|
|t:|1659396261
|move|p1a: Tornadus|Defog|p2a: Clefable
|-unboost|p2a: Clefable|evasion|1
|-sideend|p1: lt91bbe|Spikes|[from] move: Defog|[of] p1a: Tornadus
|-sideend|p1: lt91bbe|Toxic Spikes|[from] move: Defog|[of] p1a: Tornadus
|-sideend|p1: lt91bbe|Stealth Rock|[from] move: Defog|[of] p1a: Tornadus
|move|p2a: Clefable|Stealth Rock|p1a: Tornadus
|-sidestart|p1: lt91bbe|move: Stealth Rock
|
|-damage|p1a: Tornadus|82/100 tox|[from] psn
|upkeep
|turn|248
|
|t:|1659396266
|switch|p1a: Magnezone|Magnezone|88/100
|-damage|p1a: Magnezone|82/100|[from] Stealth Rock
|switch|p2a: Toxapex|Toxapex, M|100/100
|
|-heal|p1a: Magnezone|88/100|[from] item: Leftovers
|-damage|p2a: Toxapex|88/100|[from] item: Sticky Barb
|upkeep
|turn|249
|
|t:|1659396269
|switch|p1a: Melmetal|Melmetal|90/100
|-damage|p1a: Melmetal|84/100|[from] Stealth Rock
|switch|p2a: Skarmory|Skarmory, F|100/100
|
|-heal|p1a: Melmetal|90/100|[from] item: Leftovers
|upkeep
|turn|250
|c| sendpais|what could be done to nerf this style?
|
|t:|1659396272
|switch|p1a: Tornadus|Tornadus-Therian, M|100/100 tox
|move|p2a: Skarmory|Spikes|p1a: Tornadus
|-sidestart|p1: lt91bbe|Spikes
|
|-damage|p1a: Tornadus|94/100 tox|[from] psn
|upkeep
|turn|251
|
|t:|1659396275
|switch|p1a: Melmetal|Melmetal|90/100
|-damage|p1a: Melmetal|84/100|[from] Stealth Rock
|-damage|p1a: Melmetal|71/100|[from] Spikes
|switch|p2a: Toxapex|Toxapex, M|100/100
|
|-heal|p1a: Melmetal|78/100|[from] item: Leftovers
|-damage|p2a: Toxapex|88/100|[from] item: Sticky Barb
|upkeep
|turn|252
|
|t:|1659396278
|switch|p1a: Tornadus|Tornadus-Therian, M|100/100 tox
|switch|p2a: Skarmory|Skarmory, F|100/100
|
|-damage|p1a: Tornadus|94/100 tox|[from] psn
|upkeep
|turn|253
|
|t:|1659396280
|switch|p2a: Toxapex|Toxapex, M|100/100
|move|p1a: Tornadus|Defog|p2a: Toxapex
|-unboost|p2a: Toxapex|evasion|1
|-sideend|p1: lt91bbe|Spikes|[from] move: Defog|[of] p1a: Tornadus
|-sideend|p1: lt91bbe|Stealth Rock|[from] move: Defog|[of] p1a: Tornadus
|
|-damage|p1a: Tornadus|82/100 tox|[from] psn
|-damage|p2a: Toxapex|88/100|[from] item: Sticky Barb
|upkeep
|turn|254
|
|t:|1659396284
|switch|p1a: Melmetal|Melmetal|78/100
|move|p2a: Toxapex|Toxic Spikes|p1a: Melmetal
|-sidestart|p1: lt91bbe|move: Toxic Spikes
|
|-heal|p1a: Melmetal|84/100|[from] item: Leftovers
|-damage|p2a: Toxapex|76/100|[from] item: Sticky Barb
|upkeep
|turn|255
|c| gssagssagssag|its already nerf
|
|t:|1659396287
|switch|p1a: Tornadus|Tornadus-Therian, M|100/100 tox
|move|p2a: Toxapex|Knock Off|p1a: Tornadus
|-crit|p1a: Tornadus
|-damage|p1a: Tornadus|78/100 tox
|-enditem|p1a: Tornadus|Heavy-Duty Boots|[from] move: Knock Off|[of] p2a: Toxapex
|
|-damage|p1a: Tornadus|72/100 tox|[from] psn
|-damage|p2a: Toxapex|64/100|[from] item: Sticky Barb
|upkeep
|turn|256
|j| burgercute
|
|t:|1659396289
|switch|p2a: Clefable|Clefable, F|100/100
|move|p1a: Tornadus|U-turn|p2a: Clefable
|-resisted|p2a: Clefable
|-damage|p2a: Clefable|95/100
|c| Elder Seraphim|smarter people than me know
|
|t:|1659396291
|switch|p1a: Melmetal|Melmetal|84/100|[from]move: U-turn
|
|-heal|p1a: Melmetal|90/100|[from] item: Leftovers
|upkeep
|turn|257
|l| pazaldo
|
|t:|1659396294
|switch|p2a: Skarmory|Skarmory, F|100/100
|move|p1a: Melmetal|Toxic|p2a: Skarmory
|-immune|p2a: Skarmory
|
|-heal|p1a: Melmetal|96/100|[from] item: Leftovers
|upkeep
|turn|258
|j| Sibereous
|
|t:|1659396298
|switch|p1a: Tornadus|Tornadus-Therian, M|100/100 tox
|move|p2a: Skarmory|Spikes|p1a: Tornadus
|-sidestart|p1: lt91bbe|Spikes
|
|-damage|p1a: Tornadus|94/100 tox|[from] psn
|upkeep
|turn|259
|c| gssagssagssag|rn the dominating style is bulky offense
|
|t:|1659396301
|switch|p1a: Melmetal|Melmetal|96/100
|-damage|p1a: Melmetal|84/100|[from] Spikes
|switch|p2a: Toxapex|Toxapex, M|97/100
|
|-heal|p1a: Melmetal|90/100|[from] item: Leftovers
|-damage|p2a: Toxapex|85/100|[from] item: Sticky Barb
|upkeep
|turn|260
|
|t:|1659396303
|switch|p1a: Tornadus|Tornadus-Therian, M|100/100 tox
|switch|p2a: Skarmory|Skarmory, F|100/100
|
|-damage|p1a: Tornadus|94/100 tox|[from] psn
|upkeep
|turn|261
|
|t:|1659396304
|switch|p1a: Melmetal|Melmetal|90/100
|-damage|p1a: Melmetal|78/100|[from] Spikes
|switch|p2a: Toxapex|Toxapex, M|100/100
|
|-heal|p1a: Melmetal|84/100|[from] item: Leftovers
|-damage|p2a: Toxapex|88/100|[from] item: Sticky Barb
|upkeep
|turn|262
|
|t:|1659396306
|switch|p1a: Tornadus|Tornadus-Therian, M|100/100 tox
|switch|p2a: Skarmory|Skarmory, F|100/100
|
|-damage|p1a: Tornadus|94/100 tox|[from] psn
|upkeep
|turn|263
|
|t:|1659396308
|switch|p1a: Melmetal|Melmetal|84/100
|-damage|p1a: Melmetal|71/100|[from] Spikes
|switch|p2a: Toxapex|Toxapex, M|100/100
|
|-heal|p1a: Melmetal|78/100|[from] item: Leftovers
|-damage|p2a: Toxapex|88/100|[from] item: Sticky Barb
|upkeep
|turn|264
|c| sendpais|u think?
|
|t:|1659396310
|switch|p1a: Tornadus|Tornadus-Therian, M|100/100 tox
|switch|p2a: Skarmory|Skarmory, F|100/100
|
|-damage|p1a: Tornadus|94/100 tox|[from] psn
|upkeep
|turn|265
|
|t:|1659396312
|switch|p2a: Toxapex|Toxapex, M|100/100
|move|p1a: Tornadus|Defog|p2a: Toxapex
|-unboost|p2a: Toxapex|evasion|1
|-sideend|p1: lt91bbe|Spikes|[from] move: Defog|[of] p1a: Tornadus
|-sideend|p1: lt91bbe|Toxic Spikes|[from] move: Defog|[of] p1a: Tornadus
|
|-damage|p1a: Tornadus|82/100 tox|[from] psn
|-damage|p2a: Toxapex|88/100|[from] item: Sticky Barb
|upkeep
|turn|266
|
|t:|1659396315
|switch|p1a: Melmetal|Melmetal|78/100
|switch|p2a: Clefable|Clefable, F|95/100
|
|-heal|p1a: Melmetal|84/100|[from] item: Leftovers
|upkeep
|turn|267
|
|t:|1659396317
|switch|p2a: Skarmory|Skarmory, F|100/100
|move|p1a: Melmetal|Earthquake|p2a: Skarmory
|-immune|p2a: Skarmory
|
|-heal|p1a: Melmetal|90/100|[from] item: Leftovers
|upkeep
|turn|268
|-message|lt91bbe forfeited.
|
|win|LT91BB animefan
|raw|lt91bbe's rating: 2100 &rarr; <strong>2082</strong><br />(-18 for losing)
|raw|LT91BB animefan's rating: 2129 &rarr; <strong>2147</strong><br />(+18 for winning)
|l|☆lt91bbe
|c| the tacoman|dont give up bbe
|l|+susciety
|c|☆LT91BB animefan|whew
|c|+berry|lol
|c| TOMMY SHOWBIZ|tommy showbiz
|l| LT91BB Tace
|c|☆LT91BB animefan|if he played well
|c|☆LT91BB animefan|with magnezone
|c| the tacoman|hey its TOMMY SHOWBIZ
|l| TOMMY SHOWBIZ
|c|☆LT91BB animefan|couldve been huge problem
|j| TOMMY SHOWBIZ
|l| crosschampion
|c| Elder Seraphim|lmao
|c| gssagssagssag|ye
|l| riquelme❈14
|l| LT91BB rejeff
|c| gssagssagssag|indeed xd
|l| LT91BB Dasmer
||Ladder isn't responding, score probably updated but might not have (Request timeout).
|c| lt91bb suf|Yeah Zone could've been better.
|l| TOMMY SHOWBIZ
|l| isabela000◥▶_◀◤
|j| fjawkfwa
|l| BIG $TEPPA
|l|+berry
|j| LT91BB Empo
|l| gssagssagssag
|l| lt91bb suf
