|html|<div class="broadcast-blue"><strong>[Gen 8] OU is currently suspecting Urshifu-S! For information on how to participate check out the <a href="https://www.smogon.com/forums/threads/np-ss-ou-suspect-process-round-8-aint-no-rest-for-the-wicked.3675310/">suspect thread</a>.</strong></div>
|j|☆damorush
|j|☆drip severe
|t:|1610099279
|player|p1|damorush|steven|1395
|player|p2|drip severe|266|1369
|teamsize|p1|6
|teamsize|p2|6
|gametype|singles
|gen|8
|tier|[Gen 8] OU
|rated|
|clearpoke
|poke|p1|Urshifu-*, F|
|poke|p1|Regieleki|
|poke|p1|Cinderace, M|
|poke|p1|Hydreigon, M|
|poke|p1|Shuckle, M|
|poke|p1|Tapu Bulu|
|poke|p2|Gyarados, M|
|poke|p2|Latias, F|
|poke|p2|Heatran, F|
|poke|p2|Buzzwole|
|poke|p2|Krookodile, M|
|poke|p2|Magearna-Original|
|rule|Sleep Clause Mod: Limit one foe put to sleep
|rule|Species Clause: Limit one of each Pokémon
|rule|OHKO Clause: OHKO moves are banned
|rule|Evasion Moves Clause: Evasion moves are banned
|rule|Endless Battle Clause: Forcing endless battles is banned
|rule|HP Percentage Mod: HP is shown in percentages
|rule|Dynamax Clause: You cannot dynamax
|teampreview
|
|t:|1610099288
|start
|switch|p1a: Shuckle|Shuckle, M|100/100
|switch|p2a: Heatran|Heatran, F|100/100
|turn|1
|
|t:|1610099301
|switch|p1a: Urshifu|Urshifu, F|100/100
|move|p2a: Heatran|Stealth Rock|p1a: Urshifu
|-sidestart|p1: damorush|move: Stealth Rock
|
|upkeep
|turn|2
|
|t:|1610099306
|switch|p2a: Buzzwole|Buzzwole|100/100
|move|p1a: Urshifu|U-turn|p2a: Buzzwole
|-resisted|p2a: Buzzwole
|-damage|p2a: Buzzwole|92/100
|
|t:|1610099319
|switch|p1a: Cinderace|Cinderace, M|100/100|[from]move: U-turn
|
|-heal|p2a: Buzzwole|98/100|[from] item: Leftovers
|upkeep
|turn|3
|
|t:|1610099326
|move|p1a: Cinderace|Pyro Ball|p2a: Buzzwole
|-supereffective|p2a: Buzzwole
|-damage|p2a: Buzzwole|36/100
|move|p2a: Buzzwole|Drain Punch|p1a: Cinderace
|-damage|p1a: Cinderace|51/100
|-heal|p2a: Buzzwole|54/100|[from] drain|[of] p1a: Cinderace
|
|-heal|p2a: Buzzwole|60/100|[from] item: Leftovers
|upkeep
|turn|4
|
|t:|1610099335
|switch|p2a: Gyarados|Gyarados, M, shiny|100/100
|-ability|p2a: Gyarados|Intimidate|boost
|-unboost|p1a: Cinderace|atk|1
|move|p1a: Cinderace|Pyro Ball|p2a: Gyarados
|-resisted|p2a: Gyarados
|-damage|p2a: Gyarados|77/100
|
|upkeep
|turn|5
|
|t:|1610099345
|switch|p1a: Tapu Bulu|Tapu Bulu|100/100
|-damage|p1a: Tapu Bulu|88/100|[from] Stealth Rock
|-fieldstart|move: Grassy Terrain|[from] ability: Grassy Surge|[of] p1a: Tapu Bulu
|move|p2a: Gyarados|Stone Edge|p1a: Tapu Bulu
|-damage|p1a: Tapu Bulu|54/100
|
|-heal|p1a: Tapu Bulu|60/100|[from] Grassy Terrain
|upkeep
|turn|6
|
|t:|1610099357
|switch|p2a: Buzzwole|Buzzwole|60/100
|switch|p1a: Regieleki|Regieleki|100/100
|-damage|p1a: Regieleki|88/100|[from] Stealth Rock
|
|-heal|p1a: Regieleki|94/100|[from] Grassy Terrain
|-heal|p2a: Buzzwole|66/100|[from] Grassy Terrain
|-heal|p2a: Buzzwole|73/100|[from] item: Leftovers
|upkeep
|turn|7
|
|t:|1610099369
|switch|p2a: Krookodile|Krookodile, M|100/100
|-ability|p2a: Krookodile|Intimidate|boost
|-unboost|p1a: Regieleki|atk|1
|move|p1a: Regieleki|Rapid Spin|p2a: Krookodile
|-damage|p2a: Krookodile|91/100
|-boost|p1a: Regieleki|spe|1
|-sideend|p1: damorush|Stealth Rock|[from] move: Rapid Spin|[of] p1a: Regieleki
|
|-heal|p1a: Regieleki|99/100|[from] Grassy Terrain
|-heal|p2a: Krookodile|97/100|[from] Grassy Terrain
|upkeep
|turn|8
|
|t:|1610099380
|switch|p1a: Tapu Bulu|Tapu Bulu|60/100
|move|p2a: Krookodile|Knock Off|p1a: Tapu Bulu
|-resisted|p1a: Tapu Bulu
|-damage|p1a: Tapu Bulu|39/100
|-enditem|p1a: Tapu Bulu|Assault Vest|[from] move: Knock Off|[of] p2a: Krookodile
|
|-heal|p2a: Krookodile|100/100|[from] Grassy Terrain
|-heal|p1a: Tapu Bulu|45/100|[from] Grassy Terrain
|upkeep
|turn|9
|
|t:|1610099390
|switch|p2a: Buzzwole|Buzzwole|73/100
|move|p1a: Tapu Bulu|Horn Leech|p2a: Buzzwole
|-resisted|p2a: Buzzwole
|-damage|p2a: Buzzwole|59/100
|-heal|p1a: Tapu Bulu|55/100|[from] drain|[of] p2a: Buzzwole
|
|-heal|p2a: Buzzwole|65/100|[from] Grassy Terrain
|-heal|p2a: Buzzwole|71/100|[from] item: Leftovers
|-heal|p1a: Tapu Bulu|61/100|[from] Grassy Terrain
|-fieldend|move: Grassy Terrain
|upkeep
|turn|10
|
|t:|1610099401
|switch|p1a: Cinderace|Cinderace, M|51/100
|move|p2a: Buzzwole|Toxic|p1a: Cinderace
|-status|p1a: Cinderace|tox
|
|-heal|p2a: Buzzwole|78/100|[from] item: Leftovers
|-damage|p1a: Cinderace|45/100 tox|[from] psn
|upkeep
|turn|11
|
|t:|1610099410
|move|p1a: Cinderace|Pyro Ball|p2a: Buzzwole
|-supereffective|p2a: Buzzwole
|-damage|p2a: Buzzwole|23/100
|move|p2a: Buzzwole|Drain Punch|p1a: Cinderace
|-damage|p1a: Cinderace|0 fnt
|-heal|p2a: Buzzwole|39/100|[from] drain|[of] p1a: Cinderace
|faint|p1a: Cinderace
|-ability|p2a: Buzzwole|Beast Boost|boost
|-boost|p2a: Buzzwole|def|1
|
|-heal|p2a: Buzzwole|45/100|[from] item: Leftovers
|upkeep
|
|t:|1610099420
|switch|p1a: Hydreigon|Hydreigon, M|100/100
|turn|12
|
|t:|1610099425
|switch|p2a: Magearna|Magearna-Original|100/100
|move|p1a: Hydreigon|Nasty Plot|p1a: Hydreigon
|-boost|p1a: Hydreigon|spa|2
|
|upkeep
|turn|13
|
|t:|1610099431
|move|p1a: Hydreigon|Flash Cannon|p2a: Magearna
|-damage|p2a: Magearna|31/100
|-damage|p1a: Hydreigon|91/100|[from] item: Life Orb
|move|p2a: Magearna|Fleur Cannon|p1a: Hydreigon
|-supereffective|p1a: Hydreigon
|-damage|p1a: Hydreigon|0 fnt
|-unboost|p2a: Magearna|spa|2
|faint|p1a: Hydreigon
|-ability|p2a: Magearna|Soul-Heart|boost
|-boost|p2a: Magearna|spa|1
|
|upkeep
|
|t:|1610099443
|switch|p1a: Urshifu|Urshifu, F|100/100
|turn|14
|
|t:|1610099449
|move|p1a: Urshifu|Wicked Blow|p2a: Magearna
|-resisted|p2a: Magearna
|-crit|p2a: Magearna
|-damage|p2a: Magearna|0 fnt
|faint|p2a: Magearna
|
|upkeep
|
|t:|1610099451
|switch|p2a: Buzzwole|Buzzwole|45/100
|turn|15
|
|t:|1610099458
|switch|p1a: Regieleki|Regieleki|99/100
|move|p2a: Buzzwole|Roost|p2a: Buzzwole
|-heal|p2a: Buzzwole|95/100
|-singleturn|p2a: Buzzwole|move: Roost
|
|-heal|p2a: Buzzwole|100/100|[from] item: Leftovers
|upkeep
|turn|16
|
|t:|1610099466
|switch|p2a: Krookodile|Krookodile, M|100/100
|-ability|p2a: Krookodile|Intimidate|boost
|-unboost|p1a: Regieleki|atk|1
|move|p1a: Regieleki|Swift|p2a: Krookodile
|-damage|p2a: Krookodile|62/100
|
|upkeep
|turn|17
|
|t:|1610099482
|switch|p1a: Tapu Bulu|Tapu Bulu|61/100
|-fieldstart|move: Grassy Terrain|[from] ability: Grassy Surge|[of] p1a: Tapu Bulu
|switch|p2a: Heatran|Heatran, F|100/100
|
|-heal|p1a: Tapu Bulu|67/100|[from] Grassy Terrain
|upkeep
|turn|18
|
|t:|1610099490
|move|p2a: Heatran|Magma Storm|p1a: Tapu Bulu
|-supereffective|p1a: Tapu Bulu
|-damage|p1a: Tapu Bulu|0 fnt
|faint|p1a: Tapu Bulu
|
|upkeep
|
|t:|1610099496
|switch|p1a: Urshifu|Urshifu, F|100/100
|turn|19
|
|t:|1610099502
|switch|p2a: Buzzwole|Buzzwole|100/100
|move|p1a: Urshifu|U-turn|p2a: Buzzwole
|-resisted|p2a: Buzzwole
|-damage|p2a: Buzzwole|92/100
|
|t:|1610099510
|switch|p1a: Regieleki|Regieleki|99/100|[from]move: U-turn
|
|-heal|p1a: Regieleki|100/100|[from] Grassy Terrain
|-heal|p2a: Buzzwole|98/100|[from] Grassy Terrain
|-heal|p2a: Buzzwole|100/100|[from] item: Leftovers
|upkeep
|turn|20
|
|t:|1610099518
|switch|p2a: Krookodile|Krookodile, M|62/100
|-ability|p2a: Krookodile|Intimidate|boost
|-unboost|p1a: Regieleki|atk|1
|move|p1a: Regieleki|Volt Switch|p2a: Krookodile
|-immune|p2a: Krookodile
|
|-heal|p2a: Krookodile|68/100|[from] Grassy Terrain
|upkeep
|turn|21
|
|t:|1610099528
|switch|p1a: Shuckle|Shuckle, M|100/100
|move|p2a: Krookodile|Knock Off|p1a: Shuckle
|-damage|p1a: Shuckle|73/100
|-enditem|p1a: Shuckle|Red Card|[from] move: Knock Off|[of] p2a: Krookodile
|
|-heal|p2a: Krookodile|75/100|[from] Grassy Terrain
|-heal|p1a: Shuckle|79/100|[from] Grassy Terrain
|-fieldend|move: Grassy Terrain
|upkeep
|turn|22
|
|t:|1610099546
|switch|p2a: Gyarados|Gyarados, M, shiny|77/100
|-ability|p2a: Gyarados|Intimidate|boost
|-unboost|p1a: Shuckle|atk|1
|move|p1a: Shuckle|Stealth Rock|p2a: Gyarados
|-sidestart|p2: drip severe|move: Stealth Rock
|
|upkeep
|turn|23
|
|t:|1610099553
|move|p2a: Gyarados|Waterfall|p1a: Shuckle
|-supereffective|p1a: Shuckle
|-damage|p1a: Shuckle|29/100
|move|p1a: Shuckle|Encore|p2a: Gyarados
|-start|p2a: Gyarados|Encore
|
|upkeep
|turn|24
|
|t:|1610099559
|move|p2a: Gyarados|Waterfall|p1a: Shuckle
|-supereffective|p1a: Shuckle
|-crit|p1a: Shuckle
|-damage|p1a: Shuckle|0 fnt
|faint|p1a: Shuckle
|
|upkeep
|
|t:|1610099565
|switch|p1a: Urshifu|Urshifu, F|100/100
|turn|25
|
|t:|1610099570
|move|p1a: Urshifu|U-turn|p2a: Gyarados
|-resisted|p2a: Gyarados
|-damage|p2a: Gyarados|57/100
|
|t:|1610099573
|switch|p1a: Regieleki|Regieleki|100/100|[from]move: U-turn
|move|p2a: Gyarados|Waterfall|p1a: Regieleki
|-damage|p1a: Regieleki|11/100
|
|upkeep
|turn|26
|
|t:|1610099581
|move|p1a: Regieleki|Volt Switch|p2a: Gyarados
|-supereffective|p2a: Gyarados
|-damage|p2a: Gyarados|0 fnt
|faint|p2a: Gyarados
|
|t:|1610099586
|switch|p1a: Urshifu|Urshifu, F|100/100|[from]move: Volt Switch
|
|upkeep
|
|t:|1610099588
|switch|p2a: Buzzwole|Buzzwole|100/100
|-damage|p2a: Buzzwole|88/100|[from] Stealth Rock
|turn|27
|c|☆drip severe|gg
|
|t:|1610099594
|move|p1a: Urshifu|Wicked Blow|p2a: Buzzwole
|-resisted|p2a: Buzzwole
|-crit|p2a: Buzzwole
|-damage|p2a: Buzzwole|64/100
|move|p2a: Buzzwole|Drain Punch|p1a: Urshifu
|-supereffective|p1a: Urshifu
|-damage|p1a: Urshifu|35/100
|-heal|p2a: Buzzwole|90/100|[from] drain|[of] p1a: Urshifu
|
|-heal|p2a: Buzzwole|97/100|[from] item: Leftovers
|upkeep
|turn|28
|l|☆damorush
|player|p1|
|inactive|Battle timer is ON: inactive players will automatically lose when time's up. (requested by drip severe)
|inactive|damorush has 30 seconds to reconnect!
|inactive|damorush has 20 seconds to reconnect!
|inactive|damorush has 15 seconds to reconnect!
|inactive|damorush has 10 seconds to reconnect!
|inactive|damorush has 5 seconds to reconnect!
|-message|damorush lost due to inactivity.
|
|win|drip severe
|raw|damorush's rating: 1395 &rarr; <strong>1374</strong><br />(-21 for losing)
|raw|drip severe's rating: 1369 &rarr; <strong>1390</strong><br />(+21 for winning)
|l|☆drip severe
|j|☆drip severe
|player|p2|drip severe|266
