|j|☆minimax_ai
|j|☆nimed beatches
|t:|1665380011
|gametype|singles
|player|p1|minimax_ai|lusamine-nihilego|1532
|player|p2|nimed beatches|maid-gen6|1571
|teamsize|p1|6
|teamsize|p2|6
|gen|8
|tier|[Gen 8] OU
|rated|
|rule|Sleep Clause Mod: Limit one foe put to sleep
|rule|Species Clause: Limit one of each Pokémon
|rule|OHKO Clause: OHKO moves are banned
|rule|Evasion Items Clause: Evasion items are banned
|rule|Evasion Moves Clause: Evasion moves are banned
|rule|Endless Battle Clause: Forcing endless battles is banned
|rule|HP Percentage Mod: HP is shown in percentages
|rule|Dynamax Clause: You cannot dynamax
|clearpoke
|poke|p1|Rotom-Wash|
|poke|p1|Weavile, M|
|poke|p1|Landorus-Therian, M|
|poke|p1|Heatran, M|
|poke|p1|Tangrowth, F|
|poke|p1|Melmetal|
|poke|p2|Rillaboom, M|
|poke|p2|Clefable, F|
|poke|p2|Heatran, M|
|poke|p2|Zapdos|
|poke|p2|Slowking-Galar, M|
|poke|p2|Gastrodon-East, M|
|teampreview
|c|☆minimax_ai|hf
|inactive|Battle timer is ON: inactive players will automatically lose when time's up. (requested by minimax_ai)
|c|☆nimed beatches|hf
|inactive|nimed beatches has 120 seconds left.
|
|t:|1665380058
|start
|switch|p1a: landorustherian|Landorus-Therian, M|100/100
|switch|p2a: Rillaboom|Rillaboom, M, shiny|100/100
|-ability|p1a: landorustherian|Intimidate|boost
|-unboost|p2a: Rillaboom|atk|1
|-fieldstart|move: Grassy Terrain|[from] ability: Grassy Surge|[of] p2a: Rillaboom
|turn|1
|
|t:|1665380065
|switch|p2a: Slowking|Slowking-Galar, M, shiny|100/100
|move|p1a: landorustherian|Toxic|p2a: Slowking|[miss]
|-miss|p1a: landorustherian|p2a: Slowking
|
|upkeep
|turn|2
|
|t:|1665380072
|move|p1a: landorustherian|U-turn|p2a: Slowking
|-damage|p2a: Slowking|83/100
|
|t:|1665380073
|switch|p1a: Melmetal|Melmetal|100/100|[from]move: U-turn
|move|p2a: Slowking|Trick|p1a: Melmetal
|-activate|p2a: Slowking|move: Trick|[of] p1a: Melmetal
|-item|p1a: Melmetal|Black Sludge|[from] move: Trick
|-item|p2a: Slowking|Assault Vest|[from] move: Trick
|
|-heal|p2a: Slowking|89/100|[from] Grassy Terrain
|-damage|p1a: Melmetal|88/100|[from] item: Black Sludge
|upkeep
|turn|3
|
|t:|1665380091
|switch|p2a: Zapdos|Zapdos, shiny|100/100
|move|p1a: Melmetal|Double Iron Bash|p2a: Zapdos
|-resisted|p2a: Zapdos
|-damage|p2a: Zapdos|85/100
|-resisted|p2a: Zapdos
|-damage|p2a: Zapdos|70/100
|-hitcount|p2a: Zapdos|2
|
|-heal|p1a: Melmetal|94/100|[from] Grassy Terrain
|-damage|p1a: Melmetal|82/100|[from] item: Black Sludge
|upkeep
|turn|4
|
|t:|1665380101
|switch|p2a: Heatran|Heatran, M, shiny|100/100
|switch|p1a: landorustherian|Landorus-Therian, M|100/100
|-ability|p1a: landorustherian|Intimidate|boost
|-unboost|p2a: Heatran|atk|1
|
|upkeep
|turn|5
|
|t:|1665380107
|switch|p2a: Clefable|Clefable, F, shiny|100/100
|move|p1a: landorustherian|Earthquake|p2a: Clefable
|-damage|p2a: Clefable|83/100
|
|-heal|p2a: Clefable|89/100|[from] Grassy Terrain
|-fieldend|move: Grassy Terrain
|upkeep
|turn|6
|
|t:|1665380111
|switch|p1a: Heatran|Heatran, M|100/100
|-item|p1a: Heatran|Air Balloon
|move|p2a: Clefable|Soft-Boiled|p2a: Clefable
|-heal|p2a: Clefable|100/100
|
|upkeep
|turn|7
|
|t:|1665380116
|switch|p2a: Gastrodon|Gastrodon-East, M, shiny|100/100
|move|p1a: Heatran|Stealth Rock|p2a: Gastrodon
|-sidestart|p2: nimed beatches|move: Stealth Rock
|
|upkeep
|turn|8
|
|t:|1665380119
|switch|p1a: rotomwash|Rotom-Wash|100/100
|switch|p2a: Heatran|Heatran, M, shiny|100/100
|-damage|p2a: Heatran|88/100|[from] Stealth Rock
|
|-heal|p2a: Heatran|94/100|[from] item: Leftovers
|upkeep
|turn|9
|
|t:|1665380124
|move|p2a: Heatran|Protect|p2a: Heatran
|-singleturn|p2a: Heatran|Protect
|move|p1a: rotomwash|Hydro Pump|p2a: Heatran
|-activate|p2a: Heatran|move: Protect
|
|-heal|p2a: Heatran|100/100|[from] item: Leftovers
|upkeep
|turn|10
|
|t:|1665380127
|move|p1a: rotomwash|Nasty Plot|p1a: rotomwash
|-boost|p1a: rotomwash|spa|2
|move|p2a: Heatran|Stealth Rock|p1a: rotomwash
|-sidestart|p1: minimax_ai|move: Stealth Rock
|
|upkeep
|turn|11
|
|t:|1665380129
|switch|p2a: Gastrodon|Gastrodon-East, M, shiny|100/100
|-damage|p2a: Gastrodon|94/100|[from] Stealth Rock
|move|p1a: rotomwash|Thunderbolt|p2a: Gastrodon
|-immune|p2a: Gastrodon
|
|-heal|p2a: Gastrodon|100/100|[from] item: Leftovers
|upkeep
|turn|12
|
|t:|1665380133
|move|p1a: rotomwash|Thunderbolt|p2a: Gastrodon
|-immune|p2a: Gastrodon
|move|p2a: Gastrodon|Toxic|p1a: rotomwash|[miss]
|-miss|p2a: Gastrodon|p1a: rotomwash
|
|upkeep
|turn|13
|
|t:|1665380140
|move|p1a: rotomwash|Thunderbolt|p2a: Gastrodon
|-immune|p2a: Gastrodon
|move|p2a: Gastrodon|Toxic|p1a: rotomwash
|-status|p1a: rotomwash|tox
|
|-damage|p1a: rotomwash|94/100 tox|[from] psn
|upkeep
|turn|14
|
|t:|1665380145
|move|p1a: rotomwash|Thunderbolt|p2a: Gastrodon
|-immune|p2a: Gastrodon
|move|p2a: Gastrodon|Clear Smog|p1a: rotomwash
|-damage|p1a: rotomwash|82/100 tox
|-clearboost|p1a: rotomwash
|
|-heal|p1a: rotomwash|88/100 tox|[from] item: Leftovers
|-damage|p1a: rotomwash|76/100 tox|[from] psn
|upkeep
|turn|15
|
|t:|1665380149
|switch|p2a: Rillaboom|Rillaboom, M, shiny|100/100
|-damage|p2a: Rillaboom|88/100|[from] Stealth Rock
|-fieldstart|move: Grassy Terrain|[from] ability: Grassy Surge|[of] p2a: Rillaboom
|move|p1a: rotomwash|Thunderbolt|p2a: Rillaboom
|-resisted|p2a: Rillaboom
|-damage|p2a: Rillaboom|70/100
|
|-heal|p1a: rotomwash|82/100 tox|[from] item: Leftovers
|-heal|p2a: Rillaboom|76/100|[from] Grassy Terrain
|-heal|p2a: Rillaboom|83/100|[from] item: Leftovers
|-damage|p1a: rotomwash|63/100 tox|[from] psn
|upkeep
|turn|16
|
|t:|1665380157
|switch|p1a: Tangrowth|Tangrowth, F|100/100
|-damage|p1a: Tangrowth|88/100|[from] Stealth Rock
|move|p2a: Rillaboom|Knock Off|p1a: Tangrowth
|-crit|p1a: Tangrowth
|-damage|p1a: Tangrowth|58/100
|-damage|p2a: Rillaboom|66/100|[from] item: Rocky Helmet|[of] p1a: Tangrowth
|-enditem|p1a: Tangrowth|Rocky Helmet|[from] move: Knock Off|[of] p2a: Rillaboom
|
|-heal|p2a: Rillaboom|72/100|[from] Grassy Terrain
|-heal|p2a: Rillaboom|79/100|[from] item: Leftovers
|-heal|p1a: Tangrowth|64/100|[from] Grassy Terrain
|upkeep
|turn|17
|
|t:|1665380164
|switch|p2a: Slowking|Slowking-Galar, M, shiny|100/100
|-damage|p2a: Slowking|88/100|[from] Stealth Rock
|move|p1a: Tangrowth|Giga Drain|p2a: Slowking
|-resisted|p2a: Slowking
|-damage|p2a: Slowking|78/100
|-heal|p1a: Tangrowth|69/100|[from] drain|[of] p2a: Slowking
|
|-heal|p1a: Tangrowth|75/100|[from] Grassy Terrain
|-heal|p2a: Slowking|84/100|[from] Grassy Terrain
|upkeep
|turn|18
|
|t:|1665380174
|switch|p1a: rotomwash|Rotom-Wash|63/100 tox
|-damage|p1a: rotomwash|51/100 tox|[from] Stealth Rock
|switch|p2a: Heatran|Heatran, M, shiny|100/100
|-damage|p2a: Heatran|88/100|[from] Stealth Rock
|
|-heal|p1a: rotomwash|57/100 tox|[from] item: Leftovers
|-heal|p2a: Heatran|94/100|[from] Grassy Terrain
|-heal|p2a: Heatran|100/100|[from] item: Leftovers
|-damage|p1a: rotomwash|51/100 tox|[from] psn
|upkeep
|turn|19
|
|t:|1665380180
|switch|p2a: Gastrodon|Gastrodon-East, M, shiny|100/100
|-damage|p2a: Gastrodon|94/100|[from] Stealth Rock
|move|p1a: rotomwash|Pain Split|p2a: Gastrodon
|-sethp|p2a: Gastrodon|65/100|[from] move: Pain Split|[silent]
|-sethp|p1a: rotomwash|91/100 tox|[from] move: Pain Split
|
|-heal|p1a: rotomwash|98/100 tox|[from] item: Leftovers
|-heal|p2a: Gastrodon|71/100|[from] Grassy Terrain
|-heal|p2a: Gastrodon|77/100|[from] item: Leftovers
|-damage|p1a: rotomwash|85/100 tox|[from] psn
|-fieldend|move: Grassy Terrain
|upkeep
|turn|20
|
|t:|1665380183
|move|p1a: rotomwash|Nasty Plot|p1a: rotomwash
|-boost|p1a: rotomwash|spa|2
|move|p2a: Gastrodon|Scald|p1a: rotomwash
|-resisted|p1a: rotomwash
|-damage|p1a: rotomwash|72/100 tox
|
|-heal|p1a: rotomwash|78/100 tox|[from] item: Leftovers
|-heal|p2a: Gastrodon|84/100|[from] item: Leftovers
|-damage|p1a: rotomwash|60/100 tox|[from] psn
|upkeep
|turn|21
|
|t:|1665380185
|move|p1a: rotomwash|Thunderbolt|p2a: Gastrodon
|-immune|p2a: Gastrodon
|move|p2a: Gastrodon|Clear Smog|p1a: rotomwash
|-damage|p1a: rotomwash|47/100 tox
|-clearboost|p1a: rotomwash
|
|-heal|p1a: rotomwash|53/100 tox|[from] item: Leftovers
|-heal|p2a: Gastrodon|90/100|[from] item: Leftovers
|-damage|p1a: rotomwash|28/100 tox|[from] psn
|upkeep
|turn|22
|
|t:|1665380188
|switch|p2a: Rillaboom|Rillaboom, M, shiny|79/100
|-damage|p2a: Rillaboom|66/100|[from] Stealth Rock
|-fieldstart|move: Grassy Terrain|[from] ability: Grassy Surge|[of] p2a: Rillaboom
|move|p1a: rotomwash|Pain Split|p2a: Rillaboom
|-sethp|p2a: Rillaboom|44/100|[from] move: Pain Split|[silent]
|-sethp|p1a: rotomwash|58/100 tox|[from] move: Pain Split
|
|-heal|p1a: rotomwash|64/100 tox|[from] item: Leftovers
|-heal|p2a: Rillaboom|50/100|[from] Grassy Terrain
|-heal|p2a: Rillaboom|56/100|[from] item: Leftovers
|-damage|p1a: rotomwash|33/100 tox|[from] psn
|upkeep
|turn|23
|
|t:|1665380191
|switch|p1a: Tangrowth|Tangrowth, F|100/100
|-damage|p1a: Tangrowth|88/100|[from] Stealth Rock
|move|p2a: Rillaboom|Drain Punch|p1a: Tangrowth
|-damage|p1a: Tangrowth|74/100
|-heal|p2a: Rillaboom|64/100|[from] drain|[of] p1a: Tangrowth
|
|-heal|p2a: Rillaboom|70/100|[from] Grassy Terrain
|-heal|p2a: Rillaboom|76/100|[from] item: Leftovers
|-heal|p1a: Tangrowth|80/100|[from] Grassy Terrain
|upkeep
|turn|24
|
|t:|1665380195
|switch|p2a: Slowking|Slowking-Galar, M, shiny|100/100
|-damage|p2a: Slowking|88/100|[from] Stealth Rock
|move|p1a: Tangrowth|Knock Off|p2a: Slowking
|-supereffective|p2a: Slowking
|-damage|p2a: Slowking|55/100
|-enditem|p2a: Slowking|Assault Vest|[from] move: Knock Off|[of] p1a: Tangrowth
|
|-heal|p1a: Tangrowth|86/100|[from] Grassy Terrain
|-heal|p2a: Slowking|61/100|[from] Grassy Terrain
|upkeep
|turn|25
|
|t:|1665380200
|switch|p1a: rotomwash|Rotom-Wash|33/100 tox
|-damage|p1a: rotomwash|20/100 tox|[from] Stealth Rock
|move|p2a: Slowking|Psychic|p1a: rotomwash
|-damage|p1a: rotomwash|0 fnt
|faint|p1a: rotomwash
|
|-heal|p2a: Slowking|67/100|[from] Grassy Terrain
|upkeep
|
|t:|1665380200
|switch|p1a: Melmetal|Melmetal|82/100
|-damage|p1a: Melmetal|76/100|[from] Stealth Rock
|turn|26
|
|t:|1665380210
|switch|p2a: Heatran|Heatran, M, shiny|100/100
|-damage|p2a: Heatran|88/100|[from] Stealth Rock
|move|p1a: Melmetal|Double Iron Bash|p2a: Heatran
|-resisted|p2a: Heatran
|-damage|p2a: Heatran|79/100
|-resisted|p2a: Heatran
|-damage|p2a: Heatran|71/100
|-hitcount|p2a: Heatran|2
|
|-heal|p2a: Heatran|77/100|[from] Grassy Terrain
|-heal|p2a: Heatran|84/100|[from] item: Leftovers
|-heal|p1a: Melmetal|82/100|[from] Grassy Terrain
|-damage|p1a: Melmetal|69/100|[from] item: Black Sludge
|-fieldend|move: Grassy Terrain
|upkeep
|turn|27
|
|t:|1665380223
|switch|p1a: Heatran|Heatran, M|100/100
|-damage|p1a: Heatran|88/100|[from] Stealth Rock
|-item|p1a: Heatran|Air Balloon
|move|p2a: Heatran|Protect||[still]
|-fail|p2a: Heatran
|
|-heal|p2a: Heatran|90/100|[from] item: Leftovers
|upkeep
|turn|28
|
|t:|1665380227
|switch|p2a: Gastrodon|Gastrodon-East, M, shiny|90/100
|-damage|p2a: Gastrodon|84/100|[from] Stealth Rock
|move|p1a: Heatran|Magma Storm|p2a: Gastrodon
|-resisted|p2a: Gastrodon
|-damage|p2a: Gastrodon|66/100
|-activate|p2a: Gastrodon|move: Magma Storm|[of] p1a: Heatran
|
|-heal|p2a: Gastrodon|72/100|[from] item: Leftovers
|-damage|p2a: Gastrodon|60/100|[from] move: Magma Storm|[partiallytrapped]
|upkeep
|turn|29
|
|t:|1665380230
|switch|p1a: Tangrowth|Tangrowth, F|100/100
|-damage|p1a: Tangrowth|88/100|[from] Stealth Rock
|move|p2a: Gastrodon|Recover|p2a: Gastrodon
|-heal|p2a: Gastrodon|100/100
|
|-end|p2a: Gastrodon|Magma Storm|[partiallytrapped]|[silent]
|upkeep
|turn|30
|
|t:|1665380235
|switch|p2a: Slowking|Slowking-Galar, M, shiny|100/100
|-damage|p2a: Slowking|88/100|[from] Stealth Rock
|move|p1a: Tangrowth|Sleep Powder|p2a: Slowking
|-status|p2a: Slowking|slp|[from] move: Sleep Powder
|
|upkeep
|turn|31
|
|t:|1665380255
|switch|p1a: landorustherian|Landorus-Therian, M|100/100
|-damage|p1a: landorustherian|88/100|[from] Stealth Rock
|-ability|p1a: landorustherian|Intimidate|boost
|-unboost|p2a: Slowking|atk|1
|switch|p2a: Clefable|Clefable, F, shiny|100/100
|
|-heal|p1a: landorustherian|94/100|[from] item: Leftovers
|upkeep
|turn|32
|
|t:|1665380261
|move|p1a: landorustherian|Earthquake|p2a: Clefable
|-damage|p2a: Clefable|61/100
|move|p2a: Clefable|Moonblast|p1a: landorustherian
|-damage|p1a: landorustherian|70/100
|
|-heal|p1a: landorustherian|76/100|[from] item: Leftovers
|upkeep
|turn|33
|
|t:|1665380264
|move|p1a: landorustherian|Toxic|p2a: Clefable
|-status|p2a: Clefable|tox
|move|p2a: Clefable|Soft-Boiled|p2a: Clefable
|-heal|p2a: Clefable|100/100 tox
|
|-heal|p1a: landorustherian|82/100|[from] item: Leftovers
|upkeep
|turn|34
|
|t:|1665380279
|move|p1a: landorustherian|Earthquake|p2a: Clefable
|-damage|p2a: Clefable|63/100 tox
|move|p2a: Clefable|Moonblast|p1a: landorustherian
|-damage|p1a: landorustherian|59/100
|
|-heal|p1a: landorustherian|65/100|[from] item: Leftovers
|upkeep
|turn|35
|
|t:|1665380281
|move|p1a: landorustherian|Earthquake|p2a: Clefable
|-damage|p2a: Clefable|24/100 tox
|move|p2a: Clefable|Soft-Boiled|p2a: Clefable
|-heal|p2a: Clefable|74/100 tox
|
|-heal|p1a: landorustherian|71/100|[from] item: Leftovers
|upkeep
|turn|36
|
|t:|1665380283
|move|p1a: landorustherian|Earthquake|p2a: Clefable
|-damage|p2a: Clefable|39/100 tox
|move|p2a: Clefable|Soft-Boiled|p2a: Clefable
|-heal|p2a: Clefable|89/100 tox
|
|-heal|p1a: landorustherian|77/100|[from] item: Leftovers
|upkeep
|turn|37
|
|t:|1665380287
|switch|p2a: Rillaboom|Rillaboom, M, shiny|76/100
|-damage|p2a: Rillaboom|64/100|[from] Stealth Rock
|-fieldstart|move: Grassy Terrain|[from] ability: Grassy Surge|[of] p2a: Rillaboom
|move|p1a: landorustherian|Earthquake|p2a: Rillaboom
|-resisted|p2a: Rillaboom
|-damage|p2a: Rillaboom|52/100
|
|-heal|p1a: landorustherian|83/100|[from] item: Leftovers
|-heal|p2a: Rillaboom|58/100|[from] Grassy Terrain
|-heal|p2a: Rillaboom|64/100|[from] item: Leftovers
|upkeep
|turn|38
|
|t:|1665380299
|switch|p2a: Clefable|Clefable, F, shiny|89/100 tox
|move|p1a: landorustherian|Toxic|p2a: Clefable
|-fail|p2a: Clefable|tox
|
|-heal|p1a: landorustherian|89/100|[from] item: Leftovers
|-heal|p2a: Clefable|95/100 tox|[from] Grassy Terrain
|upkeep
|turn|39
|
|t:|1665380307
|move|p1a: landorustherian|Earthquake|p2a: Clefable
|-damage|p2a: Clefable|76/100 tox
|move|p2a: Clefable|Thunder Wave|p1a: landorustherian
|-immune|p1a: landorustherian
|
|-heal|p1a: landorustherian|96/100|[from] item: Leftovers
|-heal|p2a: Clefable|82/100 tox|[from] Grassy Terrain
|upkeep
|turn|40
|
|t:|1665380314
|move|p1a: landorustherian|U-turn|p2a: Clefable
|-resisted|p2a: Clefable
|-damage|p2a: Clefable|72/100 tox
|-damage|p1a: landorustherian|79/100|[from] item: Rocky Helmet|[of] p2a: Clefable
|
|t:|1665380314
|switch|p1a: Melmetal|Melmetal|69/100|[from]move: U-turn
|-damage|p1a: Melmetal|63/100|[from] Stealth Rock
|move|p2a: Clefable|Moonblast|p1a: Melmetal
|-resisted|p1a: Melmetal
|-damage|p1a: Melmetal|50/100
|
|-heal|p2a: Clefable|78/100 tox|[from] Grassy Terrain
|-heal|p1a: Melmetal|56/100|[from] Grassy Terrain
|-damage|p1a: Melmetal|44/100|[from] item: Black Sludge
|upkeep
|turn|41
|
|t:|1665380318
|switch|p2a: Zapdos|Zapdos, shiny|70/100
|move|p1a: Melmetal|Double Iron Bash|p2a: Zapdos
|-resisted|p2a: Zapdos
|-damage|p2a: Zapdos|56/100
|-resisted|p2a: Zapdos
|-crit|p2a: Zapdos
|-damage|p2a: Zapdos|34/100
|-hitcount|p2a: Zapdos|2
|
|-heal|p1a: Melmetal|50/100|[from] Grassy Terrain
|-damage|p1a: Melmetal|37/100|[from] item: Black Sludge
|-fieldend|move: Grassy Terrain
|upkeep
|turn|42
|
|t:|1665380323
|switch|p1a: landorustherian|Landorus-Therian, M|79/100
|-damage|p1a: landorustherian|67/100|[from] Stealth Rock
|-ability|p1a: landorustherian|Intimidate|boost
|-unboost|p2a: Zapdos|atk|1
|move|p2a: Zapdos|Roost|p2a: Zapdos
|-heal|p2a: Zapdos|84/100
|-singleturn|p2a: Zapdos|move: Roost
|
|-heal|p1a: landorustherian|73/100|[from] item: Leftovers
|upkeep
|turn|43
|
|t:|1665380337
|switch|p2a: Clefable|Clefable, F, shiny|78/100 tox
|move|p1a: landorustherian|Toxic|p2a: Clefable
|-fail|p2a: Clefable|tox
|
|-heal|p1a: landorustherian|79/100|[from] item: Leftovers
|upkeep
|turn|44
|
|t:|1665380339
|move|p1a: landorustherian|Earthquake|p2a: Clefable
|-damage|p2a: Clefable|39/100 tox
|move|p2a: Clefable|Soft-Boiled|p2a: Clefable
|-heal|p2a: Clefable|89/100 tox
|
|-heal|p1a: landorustherian|85/100|[from] item: Leftovers
|upkeep
|turn|45
|
|t:|1665380345
|move|p1a: landorustherian|Earthquake|p2a: Clefable
|-damage|p2a: Clefable|52/100 tox
|move|p2a: Clefable|Moonblast|p1a: landorustherian
|-damage|p1a: landorustherian|62/100
|
|-heal|p1a: landorustherian|68/100|[from] item: Leftovers
|upkeep
|turn|46
|
|t:|1665380347
|move|p1a: landorustherian|Earthquake|p2a: Clefable
|-damage|p2a: Clefable|13/100 tox
|move|p2a: Clefable|Soft-Boiled|p2a: Clefable
|-heal|p2a: Clefable|63/100 tox
|
|-heal|p1a: landorustherian|74/100|[from] item: Leftovers
|upkeep
|turn|47
|
|t:|1665380350
|move|p1a: landorustherian|Earthquake|p2a: Clefable
|-damage|p2a: Clefable|28/100 tox
|move|p2a: Clefable|Soft-Boiled|p2a: Clefable
|-heal|p2a: Clefable|78/100 tox
|
|-heal|p1a: landorustherian|80/100|[from] item: Leftovers
|upkeep
|turn|48
|
|t:|1665380353
|move|p1a: landorustherian|Earthquake|p2a: Clefable
|-damage|p2a: Clefable|41/100 tox
|move|p2a: Clefable|Soft-Boiled|p2a: Clefable
|-heal|p2a: Clefable|91/100 tox
|
|-heal|p1a: landorustherian|86/100|[from] item: Leftovers
|upkeep
|turn|49
|
|t:|1665380358
|switch|p2a: Zapdos|Zapdos, shiny|84/100
|move|p1a: landorustherian|Earthquake|p2a: Zapdos
|-immune|p2a: Zapdos
|
|-heal|p1a: landorustherian|92/100|[from] item: Leftovers
|upkeep
|turn|50
|j| Vota Bolsonaro
|
|t:|1665380381
|move|p2a: Zapdos|Heat Wave|p1a: landorustherian
|-damage|p1a: landorustherian|72/100
|move|p1a: landorustherian|Toxic|p2a: Zapdos
|-status|p2a: Zapdos|tox
|
|-heal|p1a: landorustherian|78/100|[from] item: Leftovers
|-damage|p2a: Zapdos|78/100 tox|[from] psn
|upkeep
|turn|51
|
|t:|1665380390
|switch|p2a: Clefable|Clefable, F, shiny|91/100 tox
|move|p1a: landorustherian|Earthquake|p2a: Clefable
|-damage|p2a: Clefable|56/100 tox
|
|-heal|p1a: landorustherian|84/100|[from] item: Leftovers
|upkeep
|turn|52
|
|t:|1665380395
|move|p1a: landorustherian|Earthquake|p2a: Clefable
|-damage|p2a: Clefable|19/100 tox
|move|p2a: Clefable|Soft-Boiled|p2a: Clefable
|-heal|p2a: Clefable|69/100 tox
|
|-heal|p1a: landorustherian|90/100|[from] item: Leftovers
|upkeep
|turn|53
|
|t:|1665380397
|move|p1a: landorustherian|Earthquake|p2a: Clefable
|-damage|p2a: Clefable|33/100 tox
|move|p2a: Clefable|Soft-Boiled|p2a: Clefable
|-heal|p2a: Clefable|83/100 tox
|
|-heal|p1a: landorustherian|96/100|[from] item: Leftovers
|upkeep
|turn|54
|
|t:|1665380399
|move|p1a: landorustherian|U-turn|p2a: Clefable
|-resisted|p2a: Clefable
|-damage|p2a: Clefable|75/100 tox
|-damage|p1a: landorustherian|79/100|[from] item: Rocky Helmet|[of] p2a: Clefable
|
|t:|1665380399
|switch|p1a: Heatran|Heatran, M|88/100|[from]move: U-turn
|-damage|p1a: Heatran|76/100|[from] Stealth Rock
|-item|p1a: Heatran|Air Balloon
|move|p2a: Clefable|Soft-Boiled|p2a: Clefable
|-heal|p2a: Clefable|100/100 tox
|
|upkeep
|turn|55
|
|t:|1665380402
|switch|p2a: Gastrodon|Gastrodon-East, M, shiny|100/100
|-damage|p2a: Gastrodon|94/100|[from] Stealth Rock
|move|p1a: Heatran|Magma Storm|p2a: Gastrodon
|-resisted|p2a: Gastrodon
|-damage|p2a: Gastrodon|75/100
|-activate|p2a: Gastrodon|move: Magma Storm|[of] p1a: Heatran
|
|-heal|p2a: Gastrodon|81/100|[from] item: Leftovers
|-damage|p2a: Gastrodon|69/100|[from] move: Magma Storm|[partiallytrapped]
|upkeep
|turn|56
|
|t:|1665380404
|switch|p1a: Tangrowth|Tangrowth, F|100/100
|-damage|p1a: Tangrowth|88/100|[from] Stealth Rock
|move|p2a: Gastrodon|Recover|p2a: Gastrodon
|-heal|p2a: Gastrodon|100/100
|
|-end|p2a: Gastrodon|Magma Storm|[partiallytrapped]|[silent]
|upkeep
|turn|57
|
|t:|1665380409
|switch|p2a: Slowking|Slowking-Galar, M, shiny|100/100 slp
|-damage|p2a: Slowking|88/100 slp|[from] Stealth Rock
|move|p1a: Tangrowth|Giga Drain|p2a: Slowking
|-resisted|p2a: Slowking
|-damage|p2a: Slowking|76/100 slp
|-heal|p1a: Tangrowth|94/100|[from] drain|[of] p2a: Slowking
|
|upkeep
|turn|58
|
|t:|1665380419
|switch|p2a: Heatran|Heatran, M, shiny|90/100
|-damage|p2a: Heatran|77/100|[from] Stealth Rock
|move|p1a: Tangrowth|Knock Off|p2a: Heatran
|-damage|p2a: Heatran|58/100
|-enditem|p2a: Heatran|Leftovers|[from] move: Knock Off|[of] p1a: Tangrowth
|
|upkeep
|turn|59
|
|t:|1665380429
|switch|p1a: Heatran|Heatran, M|76/100
|-damage|p1a: Heatran|63/100|[from] Stealth Rock
|-item|p1a: Heatran|Air Balloon
|move|p2a: Heatran|Magma Storm|p1a: Heatran
|-start|p1a: Heatran|ability: Flash Fire
|
|upkeep
|turn|60
|
|t:|1665380433
|switch|p2a: Gastrodon|Gastrodon-East, M, shiny|100/100
|-damage|p2a: Gastrodon|94/100|[from] Stealth Rock
|move|p1a: Heatran|Magma Storm|p2a: Gastrodon|[miss]
|-miss|p1a: Heatran|p2a: Gastrodon
|
|-heal|p2a: Gastrodon|100/100|[from] item: Leftovers
|upkeep
|turn|61
|
|t:|1665380436
|-end|p1a: Heatran|ability: Flash Fire|[silent]
|switch|p1a: Tangrowth|Tangrowth, F|100/100
|-damage|p1a: Tangrowth|88/100|[from] Stealth Rock
|move|p2a: Gastrodon|Scald|p1a: Tangrowth
|-resisted|p1a: Tangrowth
|-damage|p1a: Tangrowth|70/100
|
|upkeep
|turn|62
|
|t:|1665380442
|switch|p2a: Slowking|Slowking-Galar, M, shiny|100/100 slp
|-damage|p2a: Slowking|88/100 slp|[from] Stealth Rock
|move|p1a: Tangrowth|Giga Drain|p2a: Slowking
|-resisted|p2a: Slowking
|-damage|p2a: Slowking|77/100 slp
|-heal|p1a: Tangrowth|75/100|[from] drain|[of] p2a: Slowking
|
|upkeep
|turn|63
|
|t:|1665380446
|move|p1a: Tangrowth|Knock Off|p2a: Slowking
|-supereffective|p2a: Slowking
|-crit|p2a: Slowking
|-damage|p2a: Slowking|41/100 slp
|cant|p2a: Slowking|slp
|
|upkeep
|turn|64
|
|t:|1665380449
|move|p1a: Tangrowth|Knock Off|p2a: Slowking
|-supereffective|p2a: Slowking
|-damage|p2a: Slowking|17/100 slp
|cant|p2a: Slowking|slp
|
|upkeep
|turn|65
|
|t:|1665380452
|switch|p2a: Zapdos|Zapdos, shiny|78/100 tox
|move|p1a: Tangrowth|Knock Off|p2a: Zapdos
|-crit|p2a: Zapdos
|-damage|p2a: Zapdos|55/100 tox
|-status|p1a: Tangrowth|par|[from] ability: Static|[of] p2a: Zapdos
|-enditem|p2a: Zapdos|Heavy-Duty Boots|[from] move: Knock Off|[of] p1a: Tangrowth
|
|-damage|p2a: Zapdos|49/100 tox|[from] psn
|upkeep
|turn|66
|
|t:|1665380455
|switch|p1a: landorustherian|Landorus-Therian, M|79/100
|-damage|p1a: landorustherian|67/100|[from] Stealth Rock
|-ability|p1a: landorustherian|Intimidate|boost
|-unboost|p2a: Zapdos|atk|1
|move|p2a: Zapdos|Roost|p2a: Zapdos
|-heal|p2a: Zapdos|99/100 tox
|-singleturn|p2a: Zapdos|move: Roost
|
|-heal|p1a: landorustherian|73/100|[from] item: Leftovers
|-damage|p2a: Zapdos|87/100 tox|[from] psn
|upkeep
|turn|67
|
|t:|1665380462
|switch|p2a: Clefable|Clefable, F, shiny|100/100 tox
|move|p1a: landorustherian|Toxic|p2a: Clefable
|-fail|p2a: Clefable|tox
|
|-heal|p1a: landorustherian|79/100|[from] item: Leftovers
|upkeep
|turn|68
|
|t:|1665380466
|move|p1a: landorustherian|U-turn|p2a: Clefable
|-resisted|p2a: Clefable
|-damage|p2a: Clefable|91/100 tox
|-damage|p1a: landorustherian|62/100|[from] item: Rocky Helmet|[of] p2a: Clefable
|
|t:|1665380466
|switch|p1a: Heatran|Heatran, M|63/100|[from]move: U-turn
|-damage|p1a: Heatran|51/100|[from] Stealth Rock
|-item|p1a: Heatran|Air Balloon
|move|p2a: Clefable|Thunder Wave|p1a: Heatran|[miss]
|-miss|p2a: Clefable|p1a: Heatran
|
|upkeep
|turn|69
|
|t:|1665380470
|switch|p2a: Gastrodon|Gastrodon-East, M, shiny|100/100
|-damage|p2a: Gastrodon|94/100|[from] Stealth Rock
|move|p1a: Heatran|Magma Storm|p2a: Gastrodon
|-resisted|p2a: Gastrodon
|-damage|p2a: Gastrodon|75/100
|-activate|p2a: Gastrodon|move: Magma Storm|[of] p1a: Heatran
|
|-heal|p2a: Gastrodon|81/100|[from] item: Leftovers
|-damage|p2a: Gastrodon|69/100|[from] move: Magma Storm|[partiallytrapped]
|upkeep
|turn|70
|
|t:|1665380472
|switch|p1a: Tangrowth|Tangrowth, F|100/100 par
|-damage|p1a: Tangrowth|88/100 par|[from] Stealth Rock
|move|p2a: Gastrodon|Recover|p2a: Gastrodon
|-heal|p2a: Gastrodon|100/100
|
|-end|p2a: Gastrodon|Magma Storm|[partiallytrapped]|[silent]
|upkeep
|turn|71
|
|t:|1665380474
|switch|p2a: Slowking|Slowking-Galar, M, shiny|51/100 slp
|-damage|p2a: Slowking|38/100 slp|[from] Stealth Rock
|move|p1a: Tangrowth|Giga Drain|p2a: Slowking
|-resisted|p2a: Slowking
|-damage|p2a: Slowking|26/100 slp
|-heal|p1a: Tangrowth|94/100 par|[from] drain|[of] p2a: Slowking
|
|upkeep
|turn|72
|
|t:|1665380477
|-curestatus|p2a: Slowking|slp|[msg]
|move|p2a: Slowking|Sludge Bomb|p1a: Tangrowth
|-supereffective|p1a: Tangrowth
|-damage|p1a: Tangrowth|0 fnt
|faint|p1a: Tangrowth
|
|upkeep
|
|t:|1665380477
|switch|p1a: Melmetal|Melmetal|37/100
|-damage|p1a: Melmetal|31/100|[from] Stealth Rock
|turn|73
|
|t:|1665380483
|switch|p1a: landorustherian|Landorus-Therian, M|62/100
|-damage|p1a: landorustherian|50/100|[from] Stealth Rock
|-ability|p1a: landorustherian|Intimidate|boost
|-unboost|p2a: Slowking|atk|1
|move|p2a: Slowking|Psychic|p1a: landorustherian
|-damage|p1a: landorustherian|26/100
|
|-heal|p1a: landorustherian|32/100|[from] item: Leftovers
|upkeep
|turn|74
|
|t:|1665380487
|move|p1a: landorustherian|Toxic|p2a: Slowking
|-immune|p2a: Slowking
|move|p2a: Slowking|Psychic|p1a: landorustherian
|-damage|p1a: landorustherian|5/100
|
|-heal|p1a: landorustherian|12/100|[from] item: Leftovers
|upkeep
|turn|75
|
|t:|1665380493
|switch|p2a: Clefable|Clefable, F, shiny|91/100 tox
|move|p1a: landorustherian|Toxic|p2a: Clefable
|-fail|p2a: Clefable|tox
|
|-heal|p1a: landorustherian|18/100|[from] item: Leftovers
|upkeep
|turn|76
|
|t:|1665380498
|move|p1a: landorustherian|Toxic|p2a: Clefable
|-fail|p2a: Clefable|tox
|move|p2a: Clefable|Moonblast|p1a: landorustherian
|-damage|p1a: landorustherian|0 fnt
|faint|p1a: landorustherian
|
|upkeep
|
|t:|1665380498
|switch|p1a: Melmetal|Melmetal|31/100
|-damage|p1a: Melmetal|25/100|[from] Stealth Rock
|turn|77
|
|t:|1665380507
|switch|p2a: Zapdos|Zapdos, shiny|87/100 tox
|-damage|p2a: Zapdos|62/100 tox|[from] Stealth Rock
|move|p1a: Melmetal|Double Iron Bash|p2a: Zapdos
|-resisted|p2a: Zapdos
|-damage|p2a: Zapdos|46/100 tox
|-resisted|p2a: Zapdos
|-damage|p2a: Zapdos|31/100 tox
|-status|p1a: Melmetal|par|[from] ability: Static|[of] p2a: Zapdos
|-hitcount|p2a: Zapdos|2
|
|-damage|p1a: Melmetal|13/100 par|[from] item: Black Sludge
|-damage|p2a: Zapdos|25/100 tox|[from] psn
|upkeep
|turn|78
|
|t:|1665380514
|move|p2a: Zapdos|Defog|p1a: Melmetal
|-unboost|p1a: Melmetal|evasion|1
|-sideend|p1: minimax_ai|Stealth Rock|[from] move: Defog|[of] p2a: Zapdos
|-sideend|p2: nimed beatches|Stealth Rock|[from] move: Defog|[of] p2a: Zapdos
|move|p1a: Melmetal|Ice Punch|p2a: Zapdos
|-supereffective|p2a: Zapdos
|-damage|p2a: Zapdos|0 fnt
|faint|p2a: Zapdos
|
|-damage|p1a: Melmetal|0 fnt|[from] item: Black Sludge
|faint|p1a: Melmetal
|upkeep
|
|t:|1665380519
|switch|p2a: Heatran|Heatran, M, shiny|58/100
|switch|p1a: Weavile|Weavile, M|100/100
|-ability|p1a: Weavile|Pressure
|turn|79
|
|t:|1665380521
|move|p1a: Weavile|Low Kick|p2a: Heatran
|-supereffective|p2a: Heatran
|-damage|p2a: Heatran|0 fnt
|faint|p2a: Heatran
|
|upkeep
|
|t:|1665380524
|switch|p2a: Clefable|Clefable, F, shiny|91/100 tox
|turn|80
|
|t:|1665380524
|switch|p1a: Heatran|Heatran, M|51/100
|-item|p1a: Heatran|Air Balloon
|move|p2a: Clefable|Moonblast|p1a: Heatran
|-resisted|p1a: Heatran
|-damage|p1a: Heatran|43/100
|-unboost|p1a: Heatran|spa|1
|-enditem|p1a: Heatran|Air Balloon
|
|upkeep
|turn|81
|
|t:|1665380529
|move|p1a: Heatran|Stealth Rock|p2a: Clefable
|-sidestart|p2: nimed beatches|move: Stealth Rock
|move|p2a: Clefable|Thunder Wave|p1a: Heatran
|-status|p1a: Heatran|par
|
|upkeep
|turn|82
|
|t:|1665380533
|switch|p2a: Gastrodon|Gastrodon-East, M, shiny|100/100
|-damage|p2a: Gastrodon|94/100|[from] Stealth Rock
|move|p1a: Heatran|Magma Storm|p2a: Gastrodon
|-resisted|p2a: Gastrodon
|-damage|p2a: Gastrodon|81/100
|-activate|p2a: Gastrodon|move: Magma Storm|[of] p1a: Heatran
|
|-heal|p2a: Gastrodon|87/100|[from] item: Leftovers
|-damage|p2a: Gastrodon|75/100|[from] move: Magma Storm|[partiallytrapped]
|upkeep
|turn|83
|
|t:|1665380535
|switch|p1a: Weavile|Weavile, M|100/100
|-ability|p1a: Weavile|Pressure
|move|p2a: Gastrodon|Scald|p1a: Weavile
|-damage|p1a: Weavile|63/100
|-status|p1a: Weavile|brn
|
|-heal|p2a: Gastrodon|81/100|[from] item: Leftovers
|-damage|p1a: Weavile|57/100 brn|[from] brn
|-end|p2a: Gastrodon|Magma Storm|[partiallytrapped]|[silent]
|upkeep
|turn|84
|
|t:|1665380541
|switch|p2a: Clefable|Clefable, F, shiny|91/100 tox
|move|p1a: Weavile|Knock Off|p2a: Clefable
|-resisted|p2a: Clefable
|-damage|p2a: Clefable|78/100 tox
|-damage|p1a: Weavile|40/100 brn|[from] item: Rocky Helmet|[of] p2a: Clefable
|-enditem|p2a: Clefable|Rocky Helmet|[from] move: Knock Off|[of] p1a: Weavile
|
|-damage|p1a: Weavile|34/100 brn|[from] brn
|upkeep
|turn|85
|
|t:|1665380543
|switch|p1a: Heatran|Heatran, M|43/100 par
|move|p2a: Clefable|Moonblast|p1a: Heatran
|-resisted|p1a: Heatran
|-damage|p1a: Heatran|35/100 par
|
|upkeep
|turn|86
|
|t:|1665380545
|switch|p2a: Slowking|Slowking-Galar, M, shiny|60/100
|-damage|p2a: Slowking|47/100|[from] Stealth Rock
|move|p1a: Heatran|Magma Storm|p2a: Slowking
|-damage|p2a: Slowking|7/100
|-activate|p2a: Slowking|move: Magma Storm|[of] p1a: Heatran
|
|-damage|p2a: Slowking|0 fnt|[from] move: Magma Storm|[partiallytrapped]
|faint|p2a: Slowking
|upkeep
|
|t:|1665380547
|switch|p2a: Gastrodon|Gastrodon-East, M, shiny|81/100
|-damage|p2a: Gastrodon|75/100|[from] Stealth Rock
|turn|87
|
|t:|1665380548
|switch|p1a: Weavile|Weavile, M|34/100 brn
|-ability|p1a: Weavile|Pressure
|move|p2a: Gastrodon|Scald|p1a: Weavile
|-damage|p1a: Weavile|1/100 brn
|
|-heal|p2a: Gastrodon|81/100|[from] item: Leftovers
|-damage|p1a: Weavile|0 fnt|[from] brn
|faint|p1a: Weavile
|upkeep
|
|t:|1665380548
|switch|p1a: Heatran|Heatran, M|35/100 par
|turn|88
|
|t:|1665380550
|cant|p1a: Heatran|par
|move|p2a: Gastrodon|Scald|p1a: Heatran
|-supereffective|p1a: Heatran
|-damage|p1a: Heatran|0 fnt
|faint|p1a: Heatran
|
|win|nimed beatches
|raw|minimax_ai's rating: 1532 &rarr; <strong>1514</strong><br />(-18 for losing)
|raw|nimed beatches's rating: 1571 &rarr; <strong>1589</strong><br />(+18 for winning)
|c|☆minimax_ai|gg
|l|☆minimax_ai
