|j|☆GaijinEagle
|j|☆blackburn20
|t:|1596560326
|player|p1|GaijinEagle|102|1203
|player|p2|blackburn20|riley|1200
|teamsize|p1|6
|teamsize|p2|6
|gametype|singles
|gen|8
|tier|[Gen 8] OU
|rated|
|html|<div class="broadcast-blue"><strong>OU is currently suspecting Magearna! For information on how to participate check out the <a href="https://www.smogon.com/forums/threads/3667669/">suspect thread</a>.</strong></div>
|clearpoke
|poke|p1|Shuckle, M|
|poke|p1|Urshifu-*, F|
|poke|p1|Weavile, F|
|poke|p1|Alakazam, F|
|poke|p1|Cinderace, F|
|poke|p1|Lycanroc-Dusk, M|
|poke|p2|Cinderace, F|
|poke|p2|Clefable, F|
|poke|p2|Hippowdon, M|
|poke|p2|Urshifu-*, M|
|poke|p2|Magnezone|
|poke|p2|Mandibuzz, F|
|rule|Sleep Clause Mod: Limit one foe put to sleep
|rule|Species Clause: Limit one of each Pokémon
|rule|OHKO Clause: OHKO moves are banned
|rule|Evasion Moves Clause: Evasion moves are banned
|rule|Endless Battle Clause: Forcing endless battles is banned
|rule|HP Percentage Mod: HP is shown in percentages
|rule|Dynamax Clause: You cannot dynamax
|teampreview
|inactive|Battle timer is ON: inactive players will automatically lose when time's up. (requested by GaijinEagle)
|inactive|GaijinEagle has 120 seconds left.
|inactive|GaijinEagle has 90 seconds left.
|inactive|GaijinEagle has 60 seconds left.
|inactive|GaijinEagle has 30 seconds left.
|inactive|GaijinEagle has 20 seconds left.
|inactive|GaijinEagle has 15 seconds left.
|inactive|GaijinEagle has 10 seconds left.
|inactiveoff|Battle timer is now OFF.
|
|t:|1596560476
|start
|switch|p1a: Weavile|Weavile, F|100/100
|switch|p2a: nique la rain|Hippowdon, M|100/100
|-ability|p1a: Weavile|Pressure
|-weather|Sandstorm|[from] ability: Sand Stream|[of] p2a: nique la rain
|turn|1
|
|t:|1596560489
|switch|p2a: Lapin crétin|Cinderace, F|100/100
|move|p1a: Weavile|Triple Axel|p2a: Lapin crétin
|-resisted|p2a: Lapin crétin
|-damage|p2a: Lapin crétin|92/100
|-resisted|p2a: Lapin crétin
|-damage|p2a: Lapin crétin|74/100
|-resisted|p2a: Lapin crétin
|-damage|p2a: Lapin crétin|44/100
|-hitcount|p2a: Lapin crétin|3
|-damage|p1a: Weavile|91/100|[from] item: Life Orb
|
|-weather|Sandstorm|[upkeep]
|-damage|p1a: Weavile|84/100|[from] Sandstorm
|-damage|p2a: Lapin crétin|38/100|[from] Sandstorm
|upkeep
|turn|2
|inactive|Battle timer is ON: inactive players will automatically lose when time's up. (requested by blackburn20)
|inactive|GaijinEagle has 60 seconds left.
|
|t:|1596560535
|move|p1a: Weavile|Knock Off|p2a: Lapin crétin
|-damage|p2a: Lapin crétin|0 fnt
|-enditem|p2a: Lapin crétin|Heavy-Duty Boots|[from] move: Knock Off|[of] p1a: Weavile
|-damage|p1a: Weavile|75/100|[from] item: Life Orb
|faint|p2a: Lapin crétin
|
|-weather|Sandstorm|[upkeep]
|-damage|p1a: Weavile|68/100|[from] Sandstorm
|upkeep
|
|t:|1596560545
|switch|p2a: fung fu panda|Urshifu, M|100/100
|turn|3
|inactive|GaijinEagle has 60 seconds left.
|inactive|GaijinEagle has 30 seconds left.
|
|t:|1596560594
|move|p2a: fung fu panda|Close Combat|p1a: Weavile
|-supereffective|p1a: Weavile
|-damage|p1a: Weavile|0 fnt
|-unboost|p2a: fung fu panda|def|1
|-unboost|p2a: fung fu panda|spd|1
|faint|p1a: Weavile
|
|-weather|Sandstorm|[upkeep]
|-damage|p2a: fung fu panda|94/100|[from] Sandstorm
|upkeep
|inactive|GaijinEagle has 30 seconds left.
|inactive|GaijinEagle has 20 seconds left.
|inactive|GaijinEagle has 15 seconds left.
|
|t:|1596560616
|switch|p1a: Shuckle|Shuckle, M|100/100
|turn|4
|inactive|GaijinEagle has 25 seconds left this turn.
|
|t:|1596560634
|switch|p2a: vautour|Mandibuzz, F|100/100
|move|p1a: Shuckle|Sticky Web|p2a: vautour
|-sidestart|p2: blackburn20|move: Sticky Web
|
|-weather|Sandstorm|[upkeep]
|upkeep
|turn|5
|inactive|GaijinEagle has 30 seconds left.
|
|t:|1596560644
|move|p2a: vautour|Knock Off|p1a: Shuckle
|-damage|p1a: Shuckle|84/100
|-enditem|p1a: Shuckle|Mental Herb|[from] move: Knock Off|[of] p2a: vautour
|move|p1a: Shuckle|Encore|p2a: vautour
|-start|p2a: vautour|Encore
|
|-weather|none
|upkeep
|turn|6
|inactive|GaijinEagle has 30 seconds left.
|
|t:|1596560658
|switch|p2a: la mort|Clefable, F|100/100
|-activate|p2a: la mort|move: Sticky Web
|-unboost|p2a: la mort|spe|1
|move|p1a: Shuckle|Stealth Rock|p2a: la mort
|-sidestart|p2: blackburn20|move: Stealth Rock
|
|upkeep
|turn|7
|inactive|GaijinEagle has 30 seconds left.
|
|t:|1596560672
|move|p1a: Shuckle|Final Gambit|p2a: la mort
|-damage|p2a: la mort|49/100
|faint|p1a: Shuckle
|move|p2a: la mort|Teleport|p2a: la mort
|inactive|GaijinEagle has 30 seconds left this turn.
|
|t:|1596560679
|switch|p2a: vautour|Mandibuzz, F|100/100|[from]move: Teleport
|
|upkeep
|inactive|GaijinEagle has 30 seconds left.
|inactive|GaijinEagle has 20 seconds left.
|inactive|GaijinEagle has 15 seconds left.
|
|t:|1596560701
|switch|p1a: Lycanroc|Lycanroc-Dusk, M|100/100
|turn|8
|inactive|GaijinEagle has 25 seconds left this turn.
|inactive|GaijinEagle has 20 seconds left.
|inactive|GaijinEagle has 15 seconds left.
|
|t:|1596560711
|move|p1a: Lycanroc|Accelerock|p2a: vautour
|-supereffective|p2a: vautour
|-damage|p2a: vautour|63/100
|-damage|p1a: Lycanroc|91/100|[from] item: Life Orb
|move|p2a: vautour|Defog|p1a: Lycanroc
|-unboost|p1a: Lycanroc|evasion|1
|-sideend|p2: blackburn20|Stealth Rock|[from] move: Defog|[of] p2a: vautour
|-sideend|p2: blackburn20|Sticky Web|[from] move: Defog|[of] p2a: vautour
|
|upkeep
|turn|9
|inactive|GaijinEagle has 25 seconds left this turn.
|inactive|GaijinEagle has 20 seconds left.
|
|t:|1596560720
|switch|p2a: nique la rain|Hippowdon, M|100/100
|-weather|Sandstorm|[from] ability: Sand Stream|[of] p2a: nique la rain
|move|p1a: Lycanroc|Close Combat|p2a: nique la rain
|-damage|p2a: nique la rain|65/100
|-unboost|p1a: Lycanroc|def|1
|-unboost|p1a: Lycanroc|spd|1
|-damage|p1a: Lycanroc|74/100|[from] item: Rocky Helmet|[of] p2a: nique la rain
|-damage|p1a: Lycanroc|64/100|[from] item: Life Orb
|
|-weather|Sandstorm|[upkeep]
|upkeep
|turn|10
|inactive|GaijinEagle has 30 seconds left this turn.
|inactive|GaijinEagle has 20 seconds left.
|inactive|GaijinEagle has 15 seconds left.
|inactive|GaijinEagle has 10 seconds left.
|
|t:|1596560745
|move|p1a: Lycanroc|Close Combat|p2a: nique la rain
|-damage|p2a: nique la rain|31/100
|-unboost|p1a: Lycanroc|def|1
|-unboost|p1a: Lycanroc|spd|1
|-damage|p1a: Lycanroc|48/100|[from] item: Rocky Helmet|[of] p2a: nique la rain
|-damage|p1a: Lycanroc|38/100|[from] item: Life Orb
|move|p2a: nique la rain|Earthquake|p1a: Lycanroc
|-supereffective|p1a: Lycanroc
|-damage|p1a: Lycanroc|0 fnt
|faint|p1a: Lycanroc
|
|-weather|Sandstorm|[upkeep]
|upkeep
|inactive|GaijinEagle has 15 seconds left this turn.
|inactive|GaijinEagle has 10 seconds left.
|
|t:|1596560750
|switch|p1a: Urshifu|Urshifu, F|100/100
|turn|11
|inactive|GaijinEagle has 20 seconds left this turn.
|inactive|GaijinEagle has 15 seconds left.
|
|t:|1596560762
|move|p1a: Urshifu|Close Combat|p2a: nique la rain
|-damage|p2a: nique la rain|0 fnt
|-unboost|p1a: Urshifu|def|1
|-unboost|p1a: Urshifu|spd|1
|-damage|p1a: Urshifu|84/100|[from] item: Rocky Helmet|[of] p2a: nique la rain
|-damage|p1a: Urshifu|74/100|[from] item: Life Orb
|faint|p2a: nique la rain
|
|-weather|Sandstorm|[upkeep]
|-damage|p1a: Urshifu|68/100|[from] Sandstorm
|upkeep
|inactive|GaijinEagle has 20 seconds left this turn.
|
|t:|1596560776
|switch|p2a: fung fu panda|Urshifu, M|94/100
|turn|12
|inactive|GaijinEagle has 30 seconds left this turn.
|inactive|GaijinEagle has 20 seconds left.
|
|t:|1596560788
|move|p2a: fung fu panda|Close Combat|p1a: Urshifu
|-supereffective|p1a: Urshifu
|-damage|p1a: Urshifu|0 fnt
|-unboost|p2a: fung fu panda|def|1
|-unboost|p2a: fung fu panda|spd|1
|faint|p1a: Urshifu
|
|-weather|Sandstorm|[upkeep]
|-damage|p2a: fung fu panda|88/100|[from] Sandstorm
|upkeep
|inactive|GaijinEagle has 25 seconds left this turn.
|inactive|GaijinEagle has 20 seconds left.
|
|t:|1596560795
|switch|p1a: Cinderace|Cinderace, F|100/100
|turn|13
|inactive|GaijinEagle has 30 seconds left this turn.
|
|t:|1596560804
|move|p2a: fung fu panda|Close Combat|p1a: Cinderace
|-damage|p1a: Cinderace|4/100
|-unboost|p2a: fung fu panda|def|1
|-unboost|p2a: fung fu panda|spd|1
|move|p1a: Cinderace|Bulk Up|p1a: Cinderace
|-start|p1a: Cinderace|typechange|Fighting|[from] ability: Libero
|-boost|p1a: Cinderace|atk|1
|-boost|p1a: Cinderace|def|1
|
|-weather|none
|upkeep
|turn|14
|inactive|GaijinEagle has 30 seconds left.
|
|t:|1596560816
|move|p2a: fung fu panda|Close Combat|p1a: Cinderace
|-damage|p1a: Cinderace|0 fnt
|-unboost|p2a: fung fu panda|def|1
|-unboost|p2a: fung fu panda|spd|1
|faint|p1a: Cinderace
|
|upkeep
|inactive|GaijinEagle has 30 seconds left this turn.
|
|t:|1596560819
|switch|p1a: Alakazam|Alakazam, F|100/100
|turn|15
|
|t:|1596560827
|switch|p2a: vautour|Mandibuzz, F|63/100
|move|p1a: Alakazam|Dazzling Gleam|p2a: vautour
|-supereffective|p2a: vautour
|-crit|p2a: vautour
|-damage|p2a: vautour|0 fnt
|faint|p2a: vautour
|
|upkeep
|
|t:|1596560838
|switch|p2a: fung fu panda|Urshifu, M|88/100
|turn|16
|
|t:|1596560847
|move|p2a: fung fu panda|Wicked Blow|p1a: Alakazam
|-supereffective|p1a: Alakazam
|-crit|p1a: Alakazam
|-enditem|p1a: Alakazam|Focus Sash
|-damage|p1a: Alakazam|1/100
|move|p1a: Alakazam|Dazzling Gleam|p2a: fung fu panda
|-supereffective|p2a: fung fu panda
|-damage|p2a: fung fu panda|0 fnt
|faint|p2a: fung fu panda
|
|upkeep
|
|t:|1596560858
|switch|p2a: la mort|Clefable, F|49/100
|turn|17
|
|t:|1596560865
|move|p1a: Alakazam|Psychic|p2a: la mort
|-damage|p2a: la mort|3/100
|move|p2a: la mort|Moonblast|p1a: Alakazam
|-damage|p1a: Alakazam|0 fnt
|faint|p1a: Alakazam
|
|win|blackburn20
|c|☆GaijinEagle|gg
