|j|☆cold.exe
|j|☆Jonny5toxic
|player|p1|cold.exe|steven|1409
|player|p2|Jonny5toxic|266|1418
|teamsize|p1|6
|teamsize|p2|6
|gametype|singles
|gen|8
|tier|[Gen 8] OU
|rated|
|clearpoke
|poke|p1|Cinderace, M|
|poke|p1|Gyarados, F|
|poke|p1|Dragapult, F|
|poke|p1|Hydreigon, F|
|poke|p1|Rotom-Wash|
|poke|p1|Diggersby, M|
|poke|p2|Lycanroc-Dusk, M|
|poke|p2|Volcarona, F|
|poke|p2|Scolipede, F|
|poke|p2|Ferrothorn, M|
|poke|p2|Urshifu-*, F|
|poke|p2|Mamoswine, F|
|rule|Sleep Clause Mod: Limit one foe put to sleep
|rule|Species Clause: Limit one of each Pokémon
|rule|OHKO Clause: OHKO moves are banned
|rule|Evasion Moves Clause: Evasion moves are banned
|rule|Endless Battle Clause: Forcing endless battles is banned
|rule|HP Percentage Mod: HP is shown in percentages
|rule|Dynamax Clause: You cannot dynamax
|teampreview
|inactive|Battle timer is ON: inactive players will automatically lose when time's up. (requested by Jonny5toxic)
|
|start
|switch|p1a: Diggersby|Diggersby, M|100/100
|switch|p2a: Mamoswine|Mamoswine, F|100/100
|turn|1
|
|switch|p1a: Rotom|Rotom-Wash, shiny|100/100
|move|p2a: Mamoswine|Icicle Crash|p1a: Rotom
|-resisted|p1a: Rotom
|-damage|p1a: Rotom|82/100
|
|-heal|p1a: Rotom|88/100|[from] item: Leftovers
|upkeep
|turn|2
|
|switch|p2a: Ferrothorn|Ferrothorn, M|100/100
|move|p1a: Rotom|Will-O-Wisp|p2a: Ferrothorn|[miss]
|-miss|p1a: Rotom|p2a: Ferrothorn
|
|-heal|p1a: Rotom|94/100|[from] item: Leftovers
|upkeep
|turn|3
|
|move|p1a: Rotom|Will-O-Wisp|p2a: Ferrothorn
|-status|p2a: Ferrothorn|brn
|move|p2a: Ferrothorn|Knock Off|p1a: Rotom
|-damage|p1a: Rotom|85/100
|-enditem|p1a: Rotom|Leftovers|[from] move: Knock Off|[of] p2a: Ferrothorn
|
|-damage|p2a: Ferrothorn|94/100 brn|[from] brn
|upkeep
|turn|4
|
|switch|p1a: Gyarados|Gyarados, F, shiny|100/100
|-ability|p1a: Gyarados|Intimidate|boost
|-unboost|p2a: Ferrothorn|atk|1
|move|p2a: Ferrothorn|Spikes|p1a: Gyarados
|-sidestart|p1: cold.exe|Spikes
|
|-damage|p2a: Ferrothorn|88/100 brn|[from] brn
|upkeep
|turn|5
|
|move|p1a: Gyarados|Substitute|p1a: Gyarados
|-start|p1a: Gyarados|Substitute
|-damage|p1a: Gyarados|75/100
|move|p2a: Ferrothorn|Leech Seed||[still]
|-fail|p2a: Ferrothorn
|
|-damage|p2a: Ferrothorn|82/100 brn|[from] brn
|upkeep
|turn|6
|
|move|p1a: Gyarados|Dragon Dance|p1a: Gyarados
|-boost|p1a: Gyarados|atk|1
|-boost|p1a: Gyarados|spe|1
|move|p2a: Ferrothorn|Knock Off|p1a: Gyarados
|-activate|p1a: Gyarados|move: Substitute|[damage]
|
|-damage|p2a: Ferrothorn|75/100 brn|[from] brn
|upkeep
|turn|7
|
|move|p1a: Gyarados|Dragon Dance|p1a: Gyarados
|-boost|p1a: Gyarados|atk|1
|-boost|p1a: Gyarados|spe|1
|move|p2a: Ferrothorn|Knock Off|p1a: Gyarados
|-activate|p1a: Gyarados|move: Substitute|[damage]
|
|-damage|p2a: Ferrothorn|69/100 brn|[from] brn
|upkeep
|turn|8
|
|move|p1a: Gyarados|Dragon Dance|p1a: Gyarados
|-boost|p1a: Gyarados|atk|1
|-boost|p1a: Gyarados|spe|1
|move|p2a: Ferrothorn|Knock Off|p1a: Gyarados
|-end|p1a: Gyarados|Substitute
|
|-damage|p2a: Ferrothorn|63/100 brn|[from] brn
|upkeep
|turn|9
|
|move|p1a: Gyarados|Substitute|p1a: Gyarados
|-start|p1a: Gyarados|Substitute
|-damage|p1a: Gyarados|50/100
|move|p2a: Ferrothorn|Knock Off|p1a: Gyarados
|-activate|p1a: Gyarados|move: Substitute|[damage]
|
|-damage|p2a: Ferrothorn|57/100 brn|[from] brn
|upkeep
|turn|10
|
|move|p1a: Gyarados|Bounce||[still]
|-prepare|p1a: Gyarados|Bounce|p2a: Ferrothorn
|move|p2a: Ferrothorn|Knock Off|p1a: Gyarados|[miss]
|-miss|p2a: Ferrothorn|p1a: Gyarados
|
|-damage|p2a: Ferrothorn|50/100 brn|[from] brn
|upkeep
|turn|11
|
|move|p1a: Gyarados|Bounce|p2a: Ferrothorn|[from]lockedmove
|-damage|p2a: Ferrothorn|0 fnt
|-damage|p1a: Gyarados|38/100|[from] ability: Iron Barbs|[of] p2a: Ferrothorn
|-damage|p1a: Gyarados|22/100|[from] item: Rocky Helmet|[of] p2a: Ferrothorn
|faint|p2a: Ferrothorn
|
|upkeep
|
|switch|p2a: Mamoswine|Mamoswine, F|100/100
|turn|12
|
|move|p2a: Mamoswine|Ice Shard|p1a: Gyarados
|-end|p1a: Gyarados|Substitute
|move|p1a: Gyarados|Waterfall|p2a: Mamoswine
|-supereffective|p2a: Mamoswine
|-damage|p2a: Mamoswine|0 fnt
|faint|p2a: Mamoswine
|
|upkeep
|
|switch|p2a: Lycanroc|Lycanroc-Dusk, M|100/100
|turn|13
|inactive|cold.exe has 120 seconds left.
|
|switch|p1a: Rotom|Rotom-Wash, shiny|85/100
|move|p2a: Lycanroc|Accelerock|p1a: Rotom
|-damage|p1a: Rotom|51/100
|
|upkeep
|turn|14
|inactive|cold.exe has 120 seconds left.
|
|switch|p2a: Volcarona|Volcarona, F|100/100
|move|p1a: Rotom|Defog|p2a: Volcarona
|-unboost|p2a: Volcarona|evasion|1
|-sideend|p1: cold.exe|Spikes|[from] move: Defog|[of] p1a: Rotom
|
|upkeep
|turn|15
|
|move|p2a: Volcarona|Quiver Dance|p2a: Volcarona
|-boost|p2a: Volcarona|spa|1
|-boost|p2a: Volcarona|spd|1
|-boost|p2a: Volcarona|spe|1
|move|p1a: Rotom|Volt Switch|p2a: Volcarona
|-damage|p2a: Volcarona|84/100
|
|switch|p1a: Cinderace|Cinderace, M|100/100|[from]move: Volt Switch
|
|upkeep
|turn|16
|
|move|p2a: Volcarona|Psychic|p1a: Cinderace
|-damage|p1a: Cinderace|21/100
|move|p1a: Cinderace|Pyro Ball|p2a: Volcarona
|-damage|p2a: Volcarona|0 fnt
|faint|p2a: Volcarona
|
|upkeep
|
|switch|p2a: Urshifu|Urshifu, F|100/100
|turn|17
|
|switch|p1a: Gyarados|Gyarados, F, shiny|22/100
|-ability|p1a: Gyarados|Intimidate|boost
|-unboost|p2a: Urshifu|atk|1
|move|p2a: Urshifu|U-turn|p1a: Gyarados
|-resisted|p1a: Gyarados
|-damage|p1a: Gyarados|11/100
|
|switch|p2a: Scolipede|Scolipede, F|100/100|[from]move: U-turn
|
|upkeep
|turn|18
|
|move|p2a: Scolipede|Swords Dance|p2a: Scolipede
|-boost|p2a: Scolipede|atk|2
|move|p1a: Gyarados|Bounce||[still]
|-prepare|p1a: Gyarados|Bounce|p2a: Scolipede
|
|-ability|p2a: Scolipede|Speed Boost|boost
|-boost|p2a: Scolipede|spe|1
|upkeep
|turn|19
|
|move|p2a: Scolipede|Swords Dance|p2a: Scolipede
|-boost|p2a: Scolipede|atk|2
|move|p1a: Gyarados|Bounce|p2a: Scolipede|[from]lockedmove
|-supereffective|p2a: Scolipede
|-damage|p2a: Scolipede|0 fnt
|faint|p2a: Scolipede
|
|upkeep
|-message|Jonny5toxic forfeited.
|
|win|cold.exe
|l|☆Jonny5toxic
