|j|☆Sp0oNl0rD
|j|☆husbando kujo
|t:|1644300853
|gametype|singles
|player|p1|Sp0oNl0rD|cyrus|1654
|player|p2|husbando kujo|ingo|1744
|teamsize|p1|6
|teamsize|p2|6
|gen|8
|tier|[Gen 8] OU
|rated|
|rule|Sleep Clause Mod: Limit one foe put to sleep
|rule|Species Clause: Limit one of each Pokémon
|rule|OHKO Clause: OHKO moves are banned
|rule|Evasion Moves Clause: Evasion moves are banned
|rule|Endless Battle Clause: Forcing endless battles is banned
|rule|HP Percentage Mod: HP is shown in percentages
|rule|Dynamax Clause: You cannot dynamax
|clearpoke
|poke|p1|Kommo-o, F|
|poke|p1|Landorus-Therian, M|
|poke|p1|Weavile, F|
|poke|p1|Zapdos-Galar|
|poke|p1|Melmetal|
|poke|p1|Celesteela|
|poke|p2|Dragapult, F|
|poke|p2|Buzzwole|
|poke|p2|Mandibuzz, F|
|poke|p2|Heatran, M|
|poke|p2|Rillaboom, F|
|poke|p2|Tapu Fini|
|teampreview
|inactive|Battle timer is ON: inactive players will automatically lose when time's up. (requested by Sp0oNl0rD)
|c|☆husbando kujo|lol hi again
|j| ipeedtoday_E
|c|☆Sp0oNl0rD|lol
|c|☆Sp0oNl0rD|hf
|c|☆husbando kujo|u2
|c| ipeedtoday_E|balls
|j| Noob 0_o
|inactive|Sp0oNl0rD has 120 seconds left.
|inactive|husbando kujo has 120 seconds left.
|raw|<div class="broadcast-red"><strong>Moderated chat was set to ☆!</strong><br />Only users of rank ☆ and higher can talk.</div>
|c|☆Sp0oNl0rD|there we go
|c|☆husbando kujo|lmao
|inactive|husbando kujo has 90 seconds left.
|
|t:|1644300920
|start
|switch|p1a: Landorus|Landorus-Therian, M|100/100
|switch|p2a: Rillaboom|Rillaboom, F|100/100
|-ability|p1a: Landorus|Intimidate|boost
|-unboost|p2a: Rillaboom|atk|1
|-fieldstart|move: Grassy Terrain|[from] ability: Grassy Surge|[of] p2a: Rillaboom
|turn|1
|
|t:|1644300938
|move|p1a: Landorus|Stealth Rock|p2a: Rillaboom
|-sidestart|p2: husbando kujo|move: Stealth Rock
|move|p2a: Rillaboom|Swords Dance|p2a: Rillaboom
|-boost|p2a: Rillaboom|atk|2
|
|upkeep
|turn|2
|
|t:|1644300941
|move|p2a: Rillaboom|Grassy Glide|p1a: Landorus
|-enditem|p1a: Landorus|Focus Sash
|-damage|p1a: Landorus|1/100
|-damage|p2a: Rillaboom|91/100|[from] item: Life Orb
|move|p1a: Landorus|Explosion|p2a: Rillaboom
|-damage|p2a: Rillaboom|0 fnt
|faint|p1a: Landorus
|faint|p2a: Rillaboom
|
|upkeep
|
|t:|1644300957
|switch|p1a: Celesteela|Celesteela|100/100
|switch|p2a: Dragapult|Dragapult, F|100/100
|-damage|p2a: Dragapult|88/100|[from] Stealth Rock
|turn|3
|
|t:|1644300965
|move|p2a: Dragapult|Dragon Dance|p2a: Dragapult
|-boost|p2a: Dragapult|atk|1
|-boost|p2a: Dragapult|spe|1
|move|p1a: Celesteela|Air Slash|p2a: Dragapult
|-damage|p2a: Dragapult|33/100
|
|-heal|p2a: Dragapult|39/100|[from] Grassy Terrain
|upkeep
|turn|4
|
|t:|1644300969
|move|p2a: Dragapult|Phantom Force||[still]
|-prepare|p2a: Dragapult|Phantom Force
|-enditem|p2a: Dragapult|Power Herb
|-anim|p2a: Dragapult|Phantom Force|p1a: Celesteela
|-damage|p1a: Celesteela|30/100
|move|p1a: Celesteela|Air Slash|p2a: Dragapult
|-damage|p2a: Dragapult|0 fnt
|faint|p2a: Dragapult
|-ability|p1a: Celesteela|Beast Boost|boost
|-boost|p1a: Celesteela|spa|1
|
|upkeep
|
|t:|1644300986
|switch|p2a: Heatran|Heatran, M|100/100
|-damage|p2a: Heatran|88/100|[from] Stealth Rock
|-item|p2a: Heatran|Air Balloon
|turn|5
|
|t:|1644300991
|switch|p1a: Kommo-o|Kommo-o, F|100/100
|move|p2a: Heatran|Eruption|p1a: Kommo-o
|-resisted|p1a: Kommo-o
|-damage|p1a: Kommo-o|62/100
|
|-heal|p1a: Kommo-o|69/100|[from] Grassy Terrain
|-fieldend|move: Grassy Terrain
|upkeep
|turn|6
|
|t:|1644300996
|switch|p1a: Melmetal|Melmetal|100/100
|switch|p2a: Buzzwole|Buzzwole|100/100
|-damage|p2a: Buzzwole|88/100|[from] Stealth Rock
|
|upkeep
|turn|7
|
|t:|1644301004
|switch|p1a: Celesteela|Celesteela|30/100
|move|p2a: Buzzwole|Ice Punch|p1a: Celesteela
|-damage|p1a: Celesteela|7/100
|
|upkeep
|turn|8
|
|t:|1644301009
|switch|p2a: Mandibuzz|Mandibuzz, F|100/100
|move|p1a: Celesteela|Air Slash|p2a: Mandibuzz
|-damage|p2a: Mandibuzz|78/100
|
|upkeep
|turn|9
|
|t:|1644301013
|move|p1a: Celesteela|Meteor Beam||[still]
|-prepare|p1a: Celesteela|Meteor Beam
|-boost|p1a: Celesteela|spa|1
|-enditem|p1a: Celesteela|Power Herb
|-anim|p1a: Celesteela|Meteor Beam|p2a: Mandibuzz
|-supereffective|p2a: Mandibuzz
|-damage|p2a: Mandibuzz|1/100
|move|p2a: Mandibuzz|Defog|p1a: Celesteela
|-unboost|p1a: Celesteela|evasion|1
|-sideend|p2: husbando kujo|Stealth Rock|[from] move: Defog|[of] p2a: Mandibuzz
|
|upkeep
|turn|10
|
|t:|1644301025
|move|p1a: Celesteela|Autotomize|p1a: Celesteela
|-boost|p1a: Celesteela|spe|2
|-start|p1a: Celesteela|Autotomize
|move|p2a: Mandibuzz|Foul Play|p1a: Celesteela
|-damage|p1a: Celesteela|0 fnt
|faint|p1a: Celesteela
|
|upkeep
|
|t:|1644301028
|switch|p1a: Zapdos|Zapdos-Galar|100/100
|turn|11
|
|t:|1644301031
|move|p1a: Zapdos|U-turn|p2a: Mandibuzz
|-damage|p2a: Mandibuzz|0 fnt
|faint|p2a: Mandibuzz
|
|t:|1644301036
|switch|p1a: Kommo-o|Kommo-o, F|69/100|[from]move: U-turn
|
|upkeep
|
|t:|1644301041
|switch|p2a: WUSYANAME|Tapu Fini|100/100
|-fieldstart|move: Misty Terrain|[from] ability: Misty Surge|[of] p2a: WUSYANAME
|turn|12
|
|t:|1644301043
|switch|p1a: Melmetal|Melmetal|100/100
|switch|p2a: Buzzwole|Buzzwole|88/100
|
|upkeep
|turn|13
|
|t:|1644301049
|switch|p1a: Zapdos|Zapdos-Galar|100/100
|move|p2a: Buzzwole|Ice Punch|p1a: Zapdos
|-supereffective|p1a: Zapdos
|-damage|p1a: Zapdos|45/100
|
|upkeep
|turn|14
|
|t:|1644301056
|move|p1a: Zapdos|Brave Bird|p2a: Buzzwole
|-supereffective|p2a: Buzzwole
|-damage|p2a: Buzzwole|0 fnt
|-damage|p1a: Zapdos|29/100|[from] item: Rocky Helmet|[of] p2a: Buzzwole
|faint|p2a: Buzzwole
|-damage|p1a: Zapdos|0 fnt|[from] Recoil
|faint|p1a: Zapdos
|
|upkeep
|
|t:|1644301066
|switch|p1a: Weavile|Weavile, F|100/100
|switch|p2a: Heatran|Heatran, M|88/100
|-ability|p1a: Weavile|Pressure
|-item|p2a: Heatran|Air Balloon
|turn|15
|
|t:|1644301074
|switch|p2a: WUSYANAME|Tapu Fini|100/100
|move|p1a: Weavile|Low Kick|p2a: WUSYANAME
|-resisted|p2a: WUSYANAME
|-damage|p2a: WUSYANAME|93/100
|-damage|p1a: Weavile|91/100|[from] item: Life Orb
|
|-heal|p2a: WUSYANAME|99/100|[from] item: Leftovers
|upkeep
|turn|16
|
|t:|1644301079
|switch|p1a: Melmetal|Melmetal|100/100
|move|p2a: WUSYANAME|Calm Mind|p2a: WUSYANAME
|-boost|p2a: WUSYANAME|spa|1
|-boost|p2a: WUSYANAME|spd|1
|
|-heal|p2a: WUSYANAME|100/100|[from] item: Leftovers
|-fieldend|Misty Terrain
|upkeep
|turn|17
|
|t:|1644301082
|move|p2a: WUSYANAME|Scald|p1a: Melmetal
|-damage|p1a: Melmetal|73/100
|-status|p1a: Melmetal|brn
|move|p1a: Melmetal|Double Iron Bash|p2a: WUSYANAME
|-damage|p2a: WUSYANAME|84/100
|-damage|p2a: WUSYANAME|67/100
|-hitcount|p2a: WUSYANAME|2
|
|-heal|p2a: WUSYANAME|73/100|[from] item: Leftovers
|-damage|p1a: Melmetal|67/100 brn|[from] brn
|upkeep
|turn|18
|c|☆husbando kujo|mb bro
|c|☆Sp0oNl0rD|its fine
|c|☆Sp0oNl0rD|happens
|
|t:|1644301095
|move|p2a: WUSYANAME|Scald|p1a: Melmetal
|-damage|p1a: Melmetal|43/100 brn
|move|p1a: Melmetal|Double Iron Bash|p2a: WUSYANAME
|-damage|p2a: WUSYANAME|58/100
|-damage|p2a: WUSYANAME|42/100
|-hitcount|p2a: WUSYANAME|2
|
|-heal|p2a: WUSYANAME|48/100|[from] item: Leftovers
|-damage|p1a: Melmetal|37/100 brn|[from] brn
|upkeep
|turn|19
|c|☆Sp0oNl0rD|I lost 2 tonight to important crit
|c|☆Sp0oNl0rD|scald burn is nothing
|
|t:|1644301108
|move|p2a: WUSYANAME|Scald|p1a: Melmetal
|-damage|p1a: Melmetal|13/100 brn
|move|p1a: Melmetal|Thunder Punch|p2a: WUSYANAME
|-supereffective|p2a: WUSYANAME
|-damage|p2a: WUSYANAME|18/100
|
|-heal|p2a: WUSYANAME|24/100|[from] item: Leftovers
|-damage|p1a: Melmetal|7/100 brn|[from] brn
|upkeep
|turn|20
|c|☆husbando kujo|had good odds to beat an 1870 player today
|c|☆husbando kujo|but i missed fblast
|c|☆husbando kujo|fireblast
|c|☆Sp0oNl0rD|unfortunate
|
|t:|1644301134
|move|p2a: WUSYANAME|Scald|p1a: Melmetal
|-damage|p1a: Melmetal|0 fnt
|faint|p1a: Melmetal
|
|-heal|p2a: WUSYANAME|30/100|[from] item: Leftovers
|upkeep
|inactive|Sp0oNl0rD has 120 seconds left.
|c|☆husbando kujo|i think u still win
|
|t:|1644301169
|switch|p1a: Weavile|Weavile, F|91/100
|-ability|p1a: Weavile|Pressure
|turn|21
|c|☆Sp0oNl0rD|I need to crit
|c|☆husbando kujo|since ur offensive kommoo
|
|t:|1644301175
|move|p1a: Weavile|Knock Off|p2a: WUSYANAME
|-resisted|p2a: WUSYANAME
|-damage|p2a: WUSYANAME|5/100
|-enditem|p2a: WUSYANAME|Leftovers|[from] move: Knock Off|[of] p1a: Weavile
|-damage|p1a: Weavile|81/100|[from] item: Life Orb
|move|p2a: WUSYANAME|Draining Kiss|p1a: Weavile
|-supereffective|p1a: Weavile
|-damage|p1a: Weavile|6/100
|-heal|p2a: WUSYANAME|52/100|[from] drain|[of] p1a: Weavile
|
|upkeep
|turn|22
|
|t:|1644301179
|move|p1a: Weavile|Knock Off|p2a: WUSYANAME
|-resisted|p2a: WUSYANAME
|-damage|p2a: WUSYANAME|33/100
|-damage|p1a: Weavile|0 fnt|[from] item: Life Orb
|faint|p1a: Weavile
|move|p2a: WUSYANAME|Draining Kiss|p1: Weavile|[notarget]
|-fail|p2a: WUSYANAME
|
|upkeep
|
|t:|1644301181
|switch|p1a: Kommo-o|Kommo-o, F|69/100
|turn|23
|
|t:|1644301184
|move|p1a: Kommo-o|Earthquake|p2a: WUSYANAME
|-crit|p2a: WUSYANAME
|-damage|p2a: WUSYANAME|0 fnt
|faint|p2a: WUSYANAME
|-damage|p1a: Kommo-o|59/100|[from] item: Life Orb
|
|upkeep
|c|☆husbando kujo|owo
|c|☆Sp0oNl0rD|oh I got it
|c|☆Sp0oNl0rD|welp gg
|
|t:|1644301194
|switch|p2a: Heatran|Heatran, M|88/100
|-item|p2a: Heatran|Air Balloon
|turn|24
|c|☆Sp0oNl0rD|idk maybe that killed
|c|☆Sp0oNl0rD|I am lorb
|c|☆husbando kujo|i have some def invest
|c|☆husbando kujo|but not alot
|c|☆husbando kujo|72+
|inactive|Sp0oNl0rD has 120 seconds left.
|c|☆Sp0oNl0rD|nvm it kills then
|c|☆Sp0oNl0rD|like a tiny roll to not
|
|t:|1644301247
|move|p1a: Kommo-o|Close Combat|p2a: Heatran
|-supereffective|p2a: Heatran
|-damage|p2a: Heatran|0 fnt
|-unboost|p1a: Kommo-o|def|1
|-unboost|p1a: Kommo-o|spd|1
|-enditem|p2a: Heatran|Air Balloon
|faint|p2a: Heatran
|-damage|p1a: Kommo-o|49/100|[from] item: Life Orb
|
|win|Sp0oNl0rD
|raw|Sp0oNl0rD's rating: 1654 &rarr; <strong>1679</strong><br />(+25 for winning)
|raw|husbando kujo's rating: 1744 &rarr; <strong>1719</strong><br />(-25 for losing)
|c|☆Sp0oNl0rD|gg
|c|☆husbando kujo|darn gg
|l|☆Sp0oNl0rD
|l|☆husbando kujo
