|j|☆Steez Ibanez
|j|‽GORAN EL DRACO
|t:|1649641014
|gametype|singles
|player|p1|Steez Ibanez|blue-gen1rbchampion|1975
|player|p2|GORAN EL DRACO|harlequin|1891
|teamsize|p1|6
|teamsize|p2|6
|gen|8
|tier|[Gen 8] OU
|rated|
|rule|Sleep Clause Mod: Limit one foe put to sleep
|rule|Species Clause: Limit one of each Pokémon
|rule|OHKO Clause: OHKO moves are banned
|rule|Evasion Moves Clause: Evasion moves are banned
|rule|Endless Battle Clause: Forcing endless battles is banned
|rule|HP Percentage Mod: HP is shown in percentages
|rule|Dynamax Clause: You cannot dynamax
|clearpoke
|poke|p1|Heatran, M|
|poke|p1|Landorus-Therian, M|
|poke|p1|Blacephalon|
|poke|p1|Zapdos|
|poke|p1|Tapu Fini|
|poke|p1|Ferrothorn, M|
|poke|p2|Obstagoon, F|
|poke|p2|Tyranitar, F|
|poke|p2|Landorus-Therian, M|
|poke|p2|Dragapult, M|
|poke|p2|Blacephalon|
|poke|p2|Clefable, M|
|teampreview
|inactive|Battle timer is ON: inactive players will automatically lose when time's up. (requested by GORAN EL DRACO)
|
|t:|1649641022
|start
|switch|p1a: Simba|Landorus-Therian, M|100/100
|switch|p2a: Landorus|Landorus-Therian, M|100/100
|-ability|p1a: Simba|Intimidate|boost
|-unboost|p2a: Landorus|atk|1
|-ability|p2a: Landorus|Intimidate|boost
|-unboost|p1a: Simba|atk|1
|turn|1
|
|t:|1649641025
|switch|p1a: Abomination|Ferrothorn, M|100/100
|move|p2a: Landorus|Knock Off|p1a: Abomination
|-damage|p1a: Abomination|89/100
|-damage|p2a: Landorus|88/100|[from] ability: Iron Barbs|[of] p1a: Abomination
|-damage|p2a: Landorus|72/100|[from] item: Rocky Helmet|[of] p1a: Abomination
|-enditem|p1a: Abomination|Rocky Helmet|[from] move: Knock Off|[of] p2a: Landorus
|
|upkeep
|turn|2
|
|t:|1649641028
|move|p2a: Landorus|Stealth Rock|p1a: Abomination
|-sidestart|p1: Steez Ibanez|move: Stealth Rock
|move|p1a: Abomination|Spikes|p2a: Landorus
|-sidestart|p2: GORAN EL DRACO|Spikes
|
|upkeep
|turn|3
|
|t:|1649641031
|move|p2a: Landorus|Earthquake|p1a: Abomination
|-damage|p1a: Abomination|70/100
|move|p1a: Abomination|Knock Off|p2a: Landorus
|-damage|p2a: Landorus|52/100
|-damage|p1a: Abomination|54/100|[from] item: Rocky Helmet|[of] p2a: Landorus
|-enditem|p2a: Landorus|Rocky Helmet|[from] move: Knock Off|[of] p1a: Abomination
|
|upkeep
|turn|4
|j| Noob 0_o
|
|t:|1649641034
|move|p2a: Landorus|U-turn|p1a: Abomination
|-crit|p1a: Abomination
|-damage|p1a: Abomination|34/100
|-damage|p2a: Landorus|40/100|[from] ability: Iron Barbs|[of] p1a: Abomination
|
|t:|1649641036
|switch|p2a: Dragapult|Dragapult, M|100/100|[from]move: U-turn
|-damage|p2a: Dragapult|88/100|[from] Spikes
|move|p1a: Abomination|Gyro Ball|p2a: Dragapult
|-damage|p2a: Dragapult|24/100
|
|upkeep
|turn|5
|
|t:|1649641040
|move|p2a: Dragapult|Shadow Ball|p1a: Abomination
|-damage|p1a: Abomination|0 fnt
|faint|p1a: Abomination
|
|upkeep
|
|t:|1649641042
|switch|p1a: Simba|Landorus-Therian, M|100/100
|-damage|p1a: Simba|88/100|[from] Stealth Rock
|-ability|p1a: Simba|Intimidate|boost
|-unboost|p2a: Dragapult|atk|1
|turn|6
|j| Go b4 it gets dark
|
|t:|1649641050
|switch|p2a: Landorus|Landorus-Therian, M|40/100
|-ability|p2a: Landorus|Intimidate|boost
|-unboost|p1a: Simba|atk|1
|move|p1a: Simba|Knock Off|p2a: Landorus
|-damage|p2a: Landorus|25/100
|
|upkeep
|turn|7
|
|t:|1649641055
|switch|p1a: Bolt|Zapdos|100/100
|move|p2a: Landorus|U-turn|p1a: Bolt
|-resisted|p1a: Bolt
|-damage|p1a: Bolt|93/100
|-status|p2a: Landorus|par|[from] ability: Static|[of] p1a: Bolt
|
|t:|1649641058
|switch|p2a: Tyranitar|Tyranitar, F|100/100|[from]move: U-turn
|-damage|p2a: Tyranitar|88/100|[from] Spikes
|-weather|Sandstorm|[from] ability: Sand Stream|[of] p2a: Tyranitar
|
|-weather|Sandstorm|[upkeep]
|-damage|p1a: Bolt|87/100|[from] Sandstorm
|upkeep
|turn|8
|
|t:|1649641064
|move|p1a: Bolt|Defog|p2a: Tyranitar
|-unboost|p2a: Tyranitar|evasion|1
|-sideend|p2: GORAN EL DRACO|Spikes|[from] move: Defog|[of] p1a: Bolt
|-sideend|p1: Steez Ibanez|Stealth Rock|[from] move: Defog|[of] p1a: Bolt
|move|p2a: Tyranitar|Stone Edge|p1a: Bolt
|-supereffective|p1a: Bolt
|-damage|p1a: Bolt|0 fnt
|faint|p1a: Bolt
|
|-weather|Sandstorm|[upkeep]
|upkeep
|
|t:|1649641067
|switch|p1a: Hephaestus|Heatran, M|100/100
|turn|9
|
|t:|1649641071
|move|p1a: Hephaestus|Stealth Rock|p2a: Tyranitar
|-sidestart|p2: GORAN EL DRACO|move: Stealth Rock
|move|p2a: Tyranitar|Stone Edge|p1a: Hephaestus
|-damage|p1a: Hephaestus|13/100
|
|-weather|Sandstorm|[upkeep]
|upkeep
|turn|10
|
|t:|1649641087
|move|p1a: Hephaestus|Stealth Rock||[still]
|-fail|p1a: Hephaestus
|move|p2a: Tyranitar|Stone Edge|p1a: Hephaestus
|-damage|p1a: Hephaestus|0 fnt
|faint|p1a: Hephaestus
|
|-weather|Sandstorm|[upkeep]
|upkeep
|
|t:|1649641090
|switch|p1a: Simba|Landorus-Therian, M|88/100
|-ability|p1a: Simba|Intimidate|boost
|-unboost|p2a: Tyranitar|atk|1
|turn|11
|
|t:|1649641093
|switch|p2a: Landorus|Landorus-Therian, M|25/100 par
|-damage|p2a: Landorus|13/100 par|[from] Stealth Rock
|-ability|p2a: Landorus|Intimidate|boost
|-unboost|p1a: Simba|atk|1
|move|p1a: Simba|U-turn|p2a: Landorus
|-resisted|p2a: Landorus
|-damage|p2a: Landorus|4/100 par
|
|t:|1649641098
|switch|p1a: Watcher|Tapu Fini|100/100|[from]move: U-turn
|-fieldstart|move: Misty Terrain|[from] ability: Misty Surge|[of] p1a: Watcher
|
|-weather|none
|upkeep
|turn|12
|
|t:|1649641105
|move|p1a: Watcher|Surf|p2a: Landorus
|-supereffective|p2a: Landorus
|-damage|p2a: Landorus|0 fnt
|faint|p2a: Landorus
|
|upkeep
|
|t:|1649641106
|switch|p2a: Tyranitar|Tyranitar, F|88/100
|-damage|p2a: Tyranitar|76/100|[from] Stealth Rock
|-weather|Sandstorm|[from] ability: Sand Stream|[of] p2a: Tyranitar
|turn|13
|
|t:|1649641109
|move|p1a: Watcher|Calm Mind|p1a: Watcher
|-boost|p1a: Watcher|spa|1
|-boost|p1a: Watcher|spd|1
|move|p2a: Tyranitar|Stone Edge|p1a: Watcher
|-damage|p1a: Watcher|44/100
|
|-weather|Sandstorm|[upkeep]
|-damage|p1a: Watcher|38/100|[from] Sandstorm
|-heal|p1a: Watcher|44/100|[from] item: Leftovers
|upkeep
|turn|14
|
|t:|1649641116
|move|p1a: Watcher|Draining Kiss|p2a: Tyranitar
|-supereffective|p2a: Tyranitar
|-damage|p2a: Tyranitar|45/100
|-heal|p1a: Watcher|69/100|[from] drain|[of] p2a: Tyranitar
|move|p2a: Tyranitar|Stone Edge|p1a: Watcher
|-damage|p1a: Watcher|11/100
|
|-weather|Sandstorm|[upkeep]
|-damage|p1a: Watcher|5/100|[from] Sandstorm
|-heal|p1a: Watcher|11/100|[from] item: Leftovers
|upkeep
|turn|15
|
|t:|1649641122
|move|p1a: Watcher|Draining Kiss|p2a: Tyranitar
|-supereffective|p2a: Tyranitar
|-damage|p2a: Tyranitar|13/100
|-heal|p1a: Watcher|38/100|[from] drain|[of] p2a: Tyranitar
|move|p2a: Tyranitar|Stone Edge|p1a: Watcher
|-crit|p1a: Watcher
|-damage|p1a: Watcher|0 fnt
|faint|p1a: Watcher
|
|-weather|Sandstorm|[upkeep]
|-fieldend|Misty Terrain
|upkeep
|j| ecall
|
|t:|1649641125
|switch|p1a: Simba|Landorus-Therian, M|88/100
|-ability|p1a: Simba|Intimidate|boost
|-unboost|p2a: Tyranitar|atk|1
|turn|16
|
|t:|1649641131
|move|p1a: Simba|Earthquake|p2a: Tyranitar
|-supereffective|p2a: Tyranitar
|-damage|p2a: Tyranitar|0 fnt
|faint|p2a: Tyranitar
|
|-weather|Sandstorm|[upkeep]
|upkeep
|
|t:|1649641136
|switch|p2a: Obstagoon|Obstagoon, F|100/100
|-damage|p2a: Obstagoon|88/100|[from] Stealth Rock
|turn|17
|
|t:|1649641138
|move|p1a: Simba|Earthquake|p2a: Obstagoon
|-damage|p2a: Obstagoon|32/100
|move|p2a: Obstagoon|Knock Off|p1a: Simba
|-damage|p1a: Simba|36/100
|-enditem|p1a: Simba|Choice Scarf|[from] move: Knock Off|[of] p2a: Obstagoon
|
|-weather|none
|-status|p2a: Obstagoon|brn|[from] item: Flame Orb
|upkeep
|turn|18
|-message|Steez Ibanez forfeited.
|
|win|GORAN EL DRACO
|raw|Steez Ibanez's rating: 1975 &rarr; <strong>1950</strong><br />(-25 for losing)
|raw|GORAN EL DRACO's rating: 1891 &rarr; <strong>1916</strong><br />(+25 for winning)
|l|☆Steez Ibanez
||Ladder isn't responding, score probably updated but might not have (Request timeout).
