|j|☆minimax_ai
|j|☆FvkboyCharmander
|t:|1667975249
|gametype|singles
|player|p1|minimax_ai|169|1683
|player|p2|FvkboyCharmander|170|1688
|teamsize|p1|6
|teamsize|p2|6
|gen|8
|tier|[Gen 8] OU
|rated|
|rule|Sleep Clause Mod: Limit one foe put to sleep
|rule|Species Clause: Limit one of each Pokémon
|rule|OHKO Clause: OHKO moves are banned
|rule|Evasion Items Clause: Evasion items are banned
|rule|Evasion Moves Clause: Evasion moves are banned
|rule|Endless Battle Clause: Forcing endless battles is banned
|rule|HP Percentage Mod: HP is shown in percentages
|rule|Dynamax Clause: You cannot dynamax
|clearpoke
|poke|p1|Rotom-Wash|
|poke|p1|Weavile, M|
|poke|p1|Landorus-Therian, M|
|poke|p1|Heatran, M|
|poke|p1|Tangrowth, M|
|poke|p1|Melmetal|
|poke|p2|Ninetales-Alola, F|
|poke|p2|Blaziken, M|
|poke|p2|Azumarill, F|
|poke|p2|Landorus-Therian, M|
|poke|p2|Rillaboom, F|
|poke|p2|Hawlucha, F|
|teampreview
|c|☆minimax_ai|hf
|inactive|Battle timer is ON: inactive players will automatically lose when time's up. (requested by minimax_ai)
|
|t:|1667975260
|start
|switch|p1a: landorustherian|Landorus-Therian, M|100/100
|switch|p2a: Ninetales|Ninetales-Alola, F|100/100
|-weather|Hail|[from] ability: Snow Warning|[of] p2a: Ninetales
|-ability|p1a: landorustherian|Intimidate|boost
|-unboost|p2a: Ninetales|atk|1
|turn|1
|
|t:|1667975266
|switch|p1a: Heatran|Heatran, M|100/100
|-item|p1a: Heatran|Air Balloon
|move|p2a: Ninetales|Aurora Veil|p2a: Ninetales
|-sidestart|p2: FvkboyCharmander|move: Aurora Veil
|
|-weather|Hail|[upkeep]
|-damage|p1a: Heatran|94/100|[from] Hail
|upkeep
|turn|2
|
|t:|1667975269
|move|p2a: Ninetales|Moonblast|p1a: Heatran
|-resisted|p1a: Heatran
|-damage|p1a: Heatran|85/100
|-enditem|p1a: Heatran|Air Balloon
|move|p1a: Heatran|Stealth Rock|p2a: Ninetales
|-sidestart|p2: FvkboyCharmander|move: Stealth Rock
|
|-weather|Hail|[upkeep]
|-damage|p1a: Heatran|79/100|[from] Hail
|upkeep
|turn|3
|
|t:|1667975274
|switch|p2a: Azumarill|Azumarill, F|100/100
|-damage|p2a: Azumarill|88/100|[from] Stealth Rock
|move|p1a: Heatran|Earth Power|p2a: Azumarill
|-damage|p2a: Azumarill|72/100
|
|-weather|Hail|[upkeep]
|-damage|p1a: Heatran|73/100|[from] Hail
|-damage|p2a: Azumarill|66/100|[from] Hail
|upkeep
|turn|4
|
|t:|1667975278
|switch|p1a: Tangrowth|Tangrowth, M|100/100
|move|p2a: Azumarill|Knock Off|p1a: Tangrowth
|-damage|p1a: Tangrowth|75/100
|-damage|p2a: Azumarill|49/100|[from] item: Rocky Helmet|[of] p1a: Tangrowth
|-enditem|p1a: Tangrowth|Rocky Helmet|[from] move: Knock Off|[of] p2a: Azumarill
|-damage|p2a: Azumarill|39/100|[from] item: Life Orb
|
|-weather|Hail|[upkeep]
|-damage|p2a: Azumarill|33/100|[from] Hail
|-damage|p1a: Tangrowth|68/100|[from] Hail
|upkeep
|turn|5
|
|t:|1667975282
|switch|p2a: Landorus|Landorus-Therian, M|100/100
|-damage|p2a: Landorus|88/100|[from] Stealth Rock
|-ability|p2a: Landorus|Intimidate|boost
|-unboost|p1a: Tangrowth|atk|1
|move|p1a: Tangrowth|Sleep Powder|p2a: Landorus
|-status|p2a: Landorus|slp|[from] move: Sleep Powder
|
|-weather|none
|upkeep
|turn|6
|
|t:|1667975287
|switch|p1a: landorustherian|Landorus-Therian, M|100/100
|-ability|p1a: landorustherian|Intimidate|boost
|-unboost|p2a: Landorus|atk|1
|cant|p2a: Landorus|slp
|
|upkeep
|turn|7
|
|t:|1667975291
|-curestatus|p2a: Landorus|slp|[msg]
|move|p2a: Landorus|Stealth Rock|p1a: landorustherian
|-sidestart|p1: minimax_ai|move: Stealth Rock
|move|p1a: landorustherian|Toxic|p2a: Landorus
|-status|p2a: Landorus|tox
|
|-damage|p2a: Landorus|82/100 tox|[from] psn
|upkeep
|turn|8
|
|t:|1667975294
|move|p2a: Landorus|Toxic|p1a: landorustherian
|-status|p1a: landorustherian|tox
|move|p1a: landorustherian|Toxic|p2a: Landorus
|-fail|p2a: Landorus|tox
|
|-damage|p2a: Landorus|69/100 tox|[from] psn
|-damage|p1a: landorustherian|94/100 tox|[from] psn
|-sideend|p2: FvkboyCharmander|move: Aurora Veil
|upkeep
|turn|9
|
|t:|1667975297
|move|p2a: Landorus|Knock Off|p1a: landorustherian
|-damage|p1a: landorustherian|71/100 tox
|-enditem|p1a: landorustherian|Leftovers|[from] move: Knock Off|[of] p2a: Landorus
|move|p1a: landorustherian|Earthquake|p2a: Landorus
|-immune|p2a: Landorus
|
|-damage|p2a: Landorus|50/100 tox|[from] psn
|-damage|p1a: landorustherian|59/100 tox|[from] psn
|upkeep
|turn|10
|
|t:|1667975303
|switch|p2a: Rillaboom|Rillaboom, F|100/100
|-damage|p2a: Rillaboom|88/100|[from] Stealth Rock
|-fieldstart|move: Grassy Terrain|[from] ability: Grassy Surge|[of] p2a: Rillaboom
|move|p1a: landorustherian|U-turn|p2a: Rillaboom
|-supereffective|p2a: Rillaboom
|-damage|p2a: Rillaboom|40/100
|
|t:|1667975303
|switch|p1a: Melmetal|Melmetal|100/100|[from]move: U-turn
|-damage|p1a: Melmetal|94/100|[from] Stealth Rock
|
|-heal|p2a: Rillaboom|46/100|[from] Grassy Terrain
|-heal|p1a: Melmetal|100/100|[from] Grassy Terrain
|upkeep
|turn|11
|
|t:|1667975305
|move|p2a: Rillaboom|High Horsepower|p1a: Melmetal
|-supereffective|p1a: Melmetal
|-damage|p1a: Melmetal|47/100
|-damage|p2a: Rillaboom|36/100|[from] item: Life Orb
|move|p1a: Melmetal|Double Iron Bash|p2a: Rillaboom
|-damage|p2a: Rillaboom|0 fnt
|faint|p2a: Rillaboom
|-hitcount|p2: Rillaboom|1
|
|-heal|p1a: Melmetal|53/100|[from] Grassy Terrain
|upkeep
|
|t:|1667975308
|switch|p2a: Hawlucha|Hawlucha, F|100/100
|-damage|p2a: Hawlucha|88/100|[from] Stealth Rock
|-enditem|p2a: Hawlucha|Grassy Seed
|-boost|p2a: Hawlucha|def|1|[from] item: Grassy Seed
|turn|12
|
|t:|1667975311
|move|p2a: Hawlucha|Close Combat|p1a: Melmetal
|-supereffective|p1a: Melmetal
|-damage|p1a: Melmetal|0 fnt
|-unboost|p2a: Hawlucha|def|1
|-unboost|p2a: Hawlucha|spd|1
|faint|p1a: Melmetal
|
|upkeep
|
|t:|1667975311
|switch|p1a: rotomwash|Rotom-Wash|100/100
|-damage|p1a: rotomwash|88/100|[from] Stealth Rock
|turn|13
|
|t:|1667975314
|move|p2a: Hawlucha|Substitute|p2a: Hawlucha
|-start|p2a: Hawlucha|Substitute
|-damage|p2a: Hawlucha|63/100
|move|p1a: rotomwash|Hydro Pump|p2a: Hawlucha
|-end|p2a: Hawlucha|Substitute
|
|-heal|p1a: rotomwash|94/100|[from] item: Leftovers
|upkeep
|turn|14
|
|t:|1667975317
|move|p2a: Hawlucha|Close Combat|p1a: rotomwash
|-damage|p1a: rotomwash|35/100
|-unboost|p2a: Hawlucha|def|1
|-unboost|p2a: Hawlucha|spd|1
|move|p1a: rotomwash|Hydro Pump|p2a: Hawlucha
|-damage|p2a: Hawlucha|0 fnt
|faint|p2a: Hawlucha
|
|-heal|p1a: rotomwash|41/100|[from] item: Leftovers
|-fieldend|move: Grassy Terrain
|upkeep
|
|t:|1667975321
|switch|p2a: Ninetales|Ninetales-Alola, F|100/100
|-damage|p2a: Ninetales|75/100|[from] Stealth Rock
|-weather|Hail|[from] ability: Snow Warning|[of] p2a: Ninetales
|turn|15
|
|t:|1667975323
|move|p2a: Ninetales|Aurora Veil|p2a: Ninetales
|-sidestart|p2: FvkboyCharmander|move: Aurora Veil
|move|p1a: rotomwash|Hydro Pump|p2a: Ninetales
|-damage|p2a: Ninetales|49/100
|
|-weather|Hail|[upkeep]
|-damage|p1a: rotomwash|35/100|[from] Hail
|-heal|p1a: rotomwash|41/100|[from] item: Leftovers
|upkeep
|turn|16
|
|t:|1667975324
|switch|p1a: landorustherian|Landorus-Therian, M|59/100 tox
|-damage|p1a: landorustherian|46/100 tox|[from] Stealth Rock
|-ability|p1a: landorustherian|Intimidate|boost
|-unboost|p2a: Ninetales|atk|1
|move|p2a: Ninetales|Freeze-Dry|p1a: landorustherian
|-supereffective|p1a: landorustherian
|-damage|p1a: landorustherian|0 fnt
|faint|p1a: landorustherian
|
|-weather|Hail|[upkeep]
|upkeep
|
|t:|1667975324
|switch|p1a: Heatran|Heatran, M|73/100
|-damage|p1a: Heatran|61/100|[from] Stealth Rock
|turn|17
|
|t:|1667975327
|move|p2a: Ninetales|Moonblast|p1a: Heatran
|-resisted|p1a: Heatran
|-damage|p1a: Heatran|51/100
|-unboost|p1a: Heatran|spa|1
|move|p1a: Heatran|Earth Power|p2a: Ninetales
|-damage|p2a: Ninetales|37/100
|
|-weather|Hail|[upkeep]
|-damage|p1a: Heatran|45/100|[from] Hail
|upkeep
|turn|18
|
|t:|1667975330
|switch|p2a: Landorus|Landorus-Therian, M|50/100 tox
|-damage|p2a: Landorus|38/100 tox|[from] Stealth Rock
|-ability|p2a: Landorus|Intimidate|boost
|-unboost|p1a: Heatran|atk|1
|move|p1a: Heatran|Earth Power|p2a: Landorus
|-immune|p2a: Landorus
|
|-weather|Hail|[upkeep]
|-damage|p2a: Landorus|32/100 tox|[from] Hail
|-damage|p1a: Heatran|39/100|[from] Hail
|-damage|p2a: Landorus|25/100 tox|[from] psn
|upkeep
|turn|19
|j| PoobleMaster945
|
|t:|1667975334
|move|p2a: Landorus|Earthquake|p1a: Heatran
|-supereffective|p1a: Heatran
|-damage|p1a: Heatran|0 fnt
|faint|p1a: Heatran
|
|-weather|none
|-damage|p2a: Landorus|13/100 tox|[from] psn
|upkeep
|
|t:|1667975334
|switch|p1a: rotomwash|Rotom-Wash|41/100
|-damage|p1a: rotomwash|29/100|[from] Stealth Rock
|turn|20
|
|t:|1667975337
|move|p2a: Landorus|Knock Off|p1a: rotomwash
|-damage|p1a: rotomwash|0 fnt
|-enditem|p1a: rotomwash|Leftovers|[from] move: Knock Off|[of] p2a: Landorus
|faint|p1a: rotomwash
|
|-damage|p2a: Landorus|0 fnt|[from] psn
|faint|p2a: Landorus
|upkeep
|l| PoobleMaster945
|
|t:|1667975343
|switch|p2a: Ninetales|Ninetales-Alola, F|37/100
|switch|p1a: Tangrowth|Tangrowth, M|100/100
|-damage|p2a: Ninetales|12/100|[from] Stealth Rock
|-weather|Hail|[from] ability: Snow Warning|[of] p2a: Ninetales
|-damage|p1a: Tangrowth|88/100|[from] Stealth Rock
|turn|21
|j| PoobleMaster945
|
|t:|1667975346
|move|p2a: Ninetales|Freeze-Dry|p1a: Tangrowth
|-supereffective|p1a: Tangrowth
|-damage|p1a: Tangrowth|7/100
|-status|p1a: Tangrowth|frz
|-curestatus|p1a: Tangrowth|frz|[msg]
|move|p1a: Tangrowth|Sleep Powder|p2a: Ninetales|[miss]
|-miss|p1a: Tangrowth|p2a: Ninetales
|
|-weather|Hail|[upkeep]
|-damage|p1a: Tangrowth|1/100|[from] Hail
|upkeep
|turn|22
|
|t:|1667975349
|move|p2a: Ninetales|Freeze-Dry|p1a: Tangrowth
|-supereffective|p1a: Tangrowth
|-damage|p1a: Tangrowth|0 fnt
|faint|p1a: Tangrowth
|
|-weather|Hail|[upkeep]
|-sideend|p2: FvkboyCharmander|move: Aurora Veil
|upkeep
|
|t:|1667975349
|switch|p1a: Weavile|Weavile, M|100/100
|-damage|p1a: Weavile|76/100|[from] Stealth Rock
|-ability|p1a: Weavile|Pressure
|turn|23
|
|t:|1667975351
|move|p1a: Weavile|Triple Axel|p2a: Ninetales
|-resisted|p2a: Ninetales
|-damage|p2a: Ninetales|2/100
|-hitcount|p2a: Ninetales|1
|move|p2a: Ninetales|Moonblast|p1a: Weavile
|-supereffective|p1a: Weavile
|-damage|p1a: Weavile|0 fnt
|faint|p1a: Weavile
|
|win|FvkboyCharmander
|raw|minimax_ai's rating: 1683 &rarr; <strong>1663</strong><br />(-20 for losing)
|raw|FvkboyCharmander's rating: 1688 &rarr; <strong>1708</strong><br />(+20 for winning)
|c|☆minimax_ai|gg
