|j|☆gotsnsd
|j|☆prrettyreverend69
|t:|1656003002
|gametype|singles
|player|p1|gotsnsd|beauty-gen2jp|1541
|player|p2|prrettyreverend69|petrel|1467
|teamsize|p1|6
|teamsize|p2|6
|gen|8
|tier|[Gen 8] OU
|rated|
|rule|Sleep Clause Mod: Limit one foe put to sleep
|rule|Species Clause: Limit one of each Pokémon
|rule|OHKO Clause: OHKO moves are banned
|rule|Evasion Moves Clause: Evasion moves are banned
|rule|Endless Battle Clause: Forcing endless battles is banned
|rule|HP Percentage Mod: HP is shown in percentages
|rule|Dynamax Clause: You cannot dynamax
|clearpoke
|poke|p1|Kartana|
|poke|p1|Landorus-Therian, M|
|poke|p1|Weavile, M|
|poke|p1|Urshifu-*, M|
|poke|p1|Tyranitar, M|
|poke|p1|Zapdos|
|poke|p2|Cloyster, M|
|poke|p2|Gyarados, F|
|poke|p2|Weavile, F|
|poke|p2|Bisharp, M|
|poke|p2|Volcarona, M|
|poke|p2|Dragonite, F|
|teampreview
|
|t:|1656003023
|start
|switch|p1a: Tyranitar|Tyranitar, M|100/100
|switch|p2a: Cloist|Cloyster, M|100/100
|-weather|Sandstorm|[from] ability: Sand Stream|[of] p1a: Tyranitar
|turn|1
|
|t:|1656003030
|move|p2a: Cloist|Spikes|p1a: Tyranitar
|-sidestart|p1: gotsnsd|Spikes
|move|p1a: Tyranitar|Crunch|p2a: Cloist
|-damage|p2a: Cloist|40/100
|
|-weather|Sandstorm|[upkeep]
|-damage|p2a: Cloist|33/100|[from] Sandstorm
|upkeep
|turn|2
|
|t:|1656003037
|switch|p1a: Kartana|Kartana|100/100
|-damage|p1a: Kartana|88/100|[from] Spikes
|move|p2a: Cloist|Shell Smash|p2a: Cloist
|-unboost|p2a: Cloist|def|1
|-unboost|p2a: Cloist|spd|1
|-boost|p2a: Cloist|atk|2
|-boost|p2a: Cloist|spa|2
|-boost|p2a: Cloist|spe|2
|
|-weather|Sandstorm|[upkeep]
|-damage|p2a: Cloist|27/100|[from] Sandstorm
|upkeep
|turn|3
|
|t:|1656003047
|move|p2a: Cloist|Icicle Spear|p1a: Kartana
|-damage|p1a: Kartana|66/100
|-damage|p1a: Kartana|45/100
|-damage|p1a: Kartana|23/100
|-damage|p1a: Kartana|3/100
|-damage|p1a: Kartana|0 fnt
|faint|p1a: Kartana
|-hitcount|p1: Kartana|5
|
|-weather|Sandstorm|[upkeep]
|-damage|p2a: Cloist|21/100|[from] Sandstorm
|upkeep
|
|t:|1656003052
|switch|p1a: Urshifu|Urshifu-Rapid-Strike, M|100/100
|-damage|p1a: Urshifu|88/100|[from] Spikes
|turn|4
|
|t:|1656003061
|move|p1a: Urshifu|Aqua Jet|p2a: Cloist
|-resisted|p2a: Cloist
|-damage|p2a: Cloist|8/100
|move|p2a: Cloist|Icicle Spear|p1a: Urshifu
|-resisted|p1a: Urshifu
|-crit|p1a: Urshifu
|-damage|p1a: Urshifu|70/100
|-resisted|p1a: Urshifu
|-damage|p1a: Urshifu|58/100
|-resisted|p1a: Urshifu
|-damage|p1a: Urshifu|46/100
|-resisted|p1a: Urshifu
|-damage|p1a: Urshifu|34/100
|-resisted|p1a: Urshifu
|-damage|p1a: Urshifu|21/100
|-hitcount|p1a: Urshifu|5
|
|-weather|Sandstorm|[upkeep]
|-damage|p2a: Cloist|1/100|[from] Sandstorm
|-damage|p1a: Urshifu|15/100|[from] Sandstorm
|upkeep
|turn|5
|
|t:|1656003076
|move|p1a: Urshifu|Aqua Jet|p2a: Cloist
|-resisted|p2a: Cloist
|-damage|p2a: Cloist|0 fnt
|faint|p2a: Cloist
|
|-weather|none
|upkeep
|
|t:|1656003088
|switch|p2a: Dos EQs|Gyarados, F, shiny|100/100
|turn|6
|
|t:|1656003091
|switch|p1a: Zapdos|Zapdos|100/100
|switch|p2a: black vile|Weavile, F|100/100
|-ability|p2a: black vile|Pressure
|
|upkeep
|turn|7
|
|t:|1656003098
|switch|p1a: Landorus|Landorus-Therian, M|100/100
|-ability|p1a: Landorus|Intimidate|boost
|-unboost|p2a: black vile|atk|1
|move|p2a: black vile|Icicle Crash|p1a: Landorus|[miss]
|-miss|p2a: black vile|p1a: Landorus
|
|upkeep
|turn|8
|
|t:|1656003122
|switch|p1a: Weavile|Weavile, M|100/100
|-damage|p1a: Weavile|88/100|[from] Spikes
|-ability|p1a: Weavile|Pressure
|move|p2a: black vile|Icicle Crash|p1a: Weavile
|-resisted|p1a: Weavile
|-damage|p1a: Weavile|59/100
|-damage|p2a: black vile|91/100|[from] item: Life Orb
|
|upkeep
|turn|9
|c|☆prrettyreverend69|literally just switched from triple axel because i was tired of missing lmao
|
|t:|1656003147
|switch|p2a: Eli Moth|Volcarona, M|100/100
|move|p1a: Weavile|Triple Axel|p2a: Eli Moth
|-resisted|p2a: Eli Moth
|-damage|p2a: Eli Moth|92/100
|-status|p1a: Weavile|brn|[from] ability: Flame Body|[of] p2a: Eli Moth
|-resisted|p2a: Eli Moth
|-damage|p2a: Eli Moth|83/100
|-resisted|p2a: Eli Moth
|-damage|p2a: Eli Moth|70/100
|-hitcount|p2a: Eli Moth|3
|
|-damage|p1a: Weavile|53/100 brn|[from] brn
|upkeep
|turn|10
|
|t:|1656003160
|switch|p1a: Tyranitar|Tyranitar, M|100/100
|-damage|p1a: Tyranitar|88/100|[from] Spikes
|-weather|Sandstorm|[from] ability: Sand Stream|[of] p1a: Tyranitar
|move|p2a: Eli Moth|Quiver Dance|p2a: Eli Moth
|-boost|p2a: Eli Moth|spa|1
|-boost|p2a: Eli Moth|spd|1
|-boost|p2a: Eli Moth|spe|1
|
|-weather|Sandstorm|[upkeep]
|-damage|p2a: Eli Moth|64/100|[from] Sandstorm
|upkeep
|turn|11
|
|t:|1656003170
|move|p2a: Eli Moth|Bug Buzz|p1a: Tyranitar
|-supereffective|p1a: Tyranitar
|-damage|p1a: Tyranitar|0 fnt
|faint|p1a: Tyranitar
|
|-weather|Sandstorm|[upkeep]
|-damage|p2a: Eli Moth|58/100|[from] Sandstorm
|upkeep
|
|t:|1656003179
|switch|p1a: Urshifu|Urshifu-Rapid-Strike, M|15/100
|-damage|p1a: Urshifu|3/100|[from] Spikes
|turn|12
|
|t:|1656003187
|switch|p2a: bish be humble|Bisharp, M, shiny|100/100
|move|p1a: Urshifu|Aqua Jet|p2a: bish be humble
|-damage|p2a: bish be humble|76/100
|
|-weather|Sandstorm|[upkeep]
|-damage|p1a: Urshifu|0 fnt|[from] Sandstorm
|faint|p1a: Urshifu
|upkeep
|
|t:|1656003191
|switch|p1a: Zapdos|Zapdos|100/100
|turn|13
|
|t:|1656003207
|move|p1a: Zapdos|Heat Wave|p2a: bish be humble
|-supereffective|p2a: bish be humble
|-damage|p2a: bish be humble|0 fnt
|faint|p2a: bish be humble
|
|-weather|Sandstorm|[upkeep]
|-damage|p1a: Zapdos|94/100|[from] Sandstorm
|upkeep
|
|t:|1656003213
|switch|p2a: black vile|Weavile, F|91/100
|-ability|p2a: black vile|Pressure
|turn|14
|
|t:|1656003220
|switch|p1a: Landorus|Landorus-Therian, M|100/100
|-ability|p1a: Landorus|Intimidate|boost
|-unboost|p2a: black vile|atk|1
|move|p2a: black vile|Icicle Crash|p1a: Landorus|[miss]
|-miss|p2a: black vile|p1a: Landorus
|
|-weather|none
|upkeep
|turn|15
|c|☆gotsnsd|damn
|c|☆prrettyreverend69|lol
|
|t:|1656003237
|switch|p2a: life's a drag|Dragonite, F, shiny|100/100
|move|p1a: Landorus|Stealth Rock|p2a: life's a drag
|-sidestart|p2: prrettyreverend69|move: Stealth Rock
|
|upkeep
|turn|16
|
|t:|1656003242
|move|p1a: Landorus|Toxic|p2a: life's a drag
|-status|p2a: life's a drag|tox
|move|p2a: life's a drag|Dragon Dance|p2a: life's a drag
|-boost|p2a: life's a drag|atk|1
|-boost|p2a: life's a drag|spe|1
|
|-damage|p2a: life's a drag|94/100 tox|[from] psn
|upkeep
|turn|17
|
|t:|1656003250
|switch|p1a: Zapdos|Zapdos|94/100
|move|p2a: life's a drag|Dual Wingbeat|p1a: Zapdos
|-resisted|p1a: Zapdos
|-crit|p1a: Zapdos
|-damage|p1a: Zapdos|77/100
|-resisted|p1a: Zapdos
|-damage|p1a: Zapdos|66/100
|-hitcount|p1a: Zapdos|2
|
|-damage|p2a: life's a drag|82/100 tox|[from] psn
|upkeep
|turn|18
|
|t:|1656003259
|switch|p1a: Landorus|Landorus-Therian, M|100/100
|-ability|p1a: Landorus|Intimidate|boost
|-unboost|p2a: life's a drag|atk|1
|move|p2a: life's a drag|Dragon Dance|p2a: life's a drag
|-boost|p2a: life's a drag|atk|1
|-boost|p2a: life's a drag|spe|1
|
|-damage|p2a: life's a drag|63/100 tox|[from] psn
|upkeep
|turn|19
|
|t:|1656003267
|move|p2a: life's a drag|Dragon Dance|p2a: life's a drag
|-boost|p2a: life's a drag|atk|1
|-boost|p2a: life's a drag|spe|1
|move|p1a: Landorus|Knock Off|p2a: life's a drag
|-damage|p2a: life's a drag|33/100 tox
|-enditem|p2a: life's a drag|Heavy-Duty Boots|[from] move: Knock Off|[of] p1a: Landorus
|
|-damage|p2a: life's a drag|8/100 tox|[from] psn
|upkeep
|turn|20
|
|t:|1656003275
|switch|p1a: Weavile|Weavile, M|53/100 brn
|-damage|p1a: Weavile|40/100 brn|[from] Spikes
|-ability|p1a: Weavile|Pressure
|move|p2a: life's a drag|Dual Wingbeat|p1a: Weavile
|-damage|p1a: Weavile|0 fnt
|faint|p1a: Weavile
|-hitcount|p1: Weavile|1
|
|-damage|p2a: life's a drag|0 fnt|[from] psn
|faint|p2a: life's a drag
|upkeep
|
|t:|1656003286
|switch|p1a: Landorus|Landorus-Therian, M|100/100
|switch|p2a: Eli Moth|Volcarona, M|58/100
|-ability|p1a: Landorus|Intimidate|boost
|-unboost|p2a: Eli Moth|atk|1
|turn|21
|
|t:|1656003294
|move|p2a: Eli Moth|Fire Blast|p1a: Landorus
|-damage|p1a: Landorus|29/100
|-enditem|p1a: Landorus|Eject Button
|
|t:|1656003297
|switch|p1a: Zapdos|Zapdos|66/100
|
|upkeep
|turn|22
|
|t:|1656003302
|move|p2a: Eli Moth|Quiver Dance|p2a: Eli Moth
|-boost|p2a: Eli Moth|spa|1
|-boost|p2a: Eli Moth|spd|1
|-boost|p2a: Eli Moth|spe|1
|move|p1a: Zapdos|Hurricane|p2a: Eli Moth
|-supereffective|p2a: Eli Moth
|-damage|p2a: Eli Moth|0 fnt
|faint|p2a: Eli Moth
|
|upkeep
|
|t:|1656003309
|switch|p2a: black vile|Weavile, F|91/100
|-damage|p2a: black vile|66/100|[from] Stealth Rock
|-ability|p2a: black vile|Pressure
|turn|23
|
|t:|1656003322
|switch|p1a: Landorus|Landorus-Therian, M|29/100
|-ability|p1a: Landorus|Intimidate|boost
|-unboost|p2a: black vile|atk|1
|move|p2a: black vile|Icicle Crash|p1a: Landorus
|-supereffective|p1a: Landorus
|-damage|p1a: Landorus|0 fnt
|faint|p1a: Landorus
|-damage|p2a: black vile|56/100|[from] item: Life Orb
|
|upkeep
|
|t:|1656003324
|switch|p1a: Zapdos|Zapdos|66/100
|turn|24
|
|t:|1656003364
|move|p2a: black vile|Icicle Crash|p1a: Zapdos
|-supereffective|p1a: Zapdos
|-damage|p1a: Zapdos|13/100
|-damage|p2a: black vile|46/100|[from] item: Life Orb
|move|p1a: Zapdos|Discharge|p2a: black vile
|-damage|p2a: black vile|0 fnt
|faint|p2a: black vile
|
|upkeep
|
|t:|1656003371
|switch|p2a: Dos EQs|Gyarados, F, shiny|100/100
|-damage|p2a: Dos EQs|76/100|[from] Stealth Rock
|turn|25
|
|t:|1656003379
|move|p2a: Dos EQs|Waterfall|p1a: Zapdos
|-damage|p1a: Zapdos|0 fnt
|-status|p2a: Dos EQs|par|[from] ability: Static|[of] p1a: Zapdos
|faint|p1a: Zapdos
|
|win|prrettyreverend69
|raw|gotsnsd's rating: 1541 &rarr; <strong>1517</strong><br />(-24 for losing)
|raw|prrettyreverend69's rating: 1467 &rarr; <strong>1491</strong><br />(+24 for winning)
|l|☆gotsnsd
||Ladder isn't responding, score probably updated but might not have (Request timeout).
