|j|☆willcoxw
|j|☆mr sandaconda
|player|p1|willcoxw|karen|1745
|player|p2|mr sandaconda|nate|1801
|teamsize|p1|6
|teamsize|p2|6
|gametype|singles
|gen|8
|tier|[Gen 8] OU
|rated|
|clearpoke
|poke|p1|Shuckle, M|
|poke|p1|Togekiss, M|
|poke|p1|Cinderace, M|
|poke|p1|Dracozolt|
|poke|p1|Kyurem|
|poke|p1|Zeraora|
|poke|p2|Gardevoir, F|
|poke|p2|Hippowdon, F|
|poke|p2|Toxapex, F|
|poke|p2|Conkeldurr, F|
|poke|p2|Clefable, F|
|poke|p2|Rotom-Heat|
|rule|Sleep Clause Mod: Limit one foe put to sleep
|rule|Species Clause: Limit one of each Pokémon
|rule|OHKO Clause: OHKO moves are banned
|rule|Evasion Moves Clause: Evasion moves are banned
|rule|Endless Battle Clause: Forcing endless battles is banned
|rule|HP Percentage Mod: HP is shown in percentages
|rule|Dynamax Clause: You cannot dynamax
|teampreview
|c|☆mr sandaconda|nice team
|
|start
|switch|p1a: Cinderace|Cinderace, M|100/100
|switch|p2a: Toxapex|Toxapex, F|100/100
|turn|1
|c|☆willcoxw|yes
|
|switch|p1a: Shuckle|Shuckle, M|100/100
|move|p2a: Toxapex|Baneful Bunker||[still]
|-fail|p2a: Toxapex
|
|upkeep
|turn|2
|
|move|p2a: Toxapex|Toxic|p1a: Shuckle
|-status|p1a: Shuckle|tox
|move|p1a: Shuckle|Sticky Web|p2a: Toxapex
|-sidestart|p2: mr sandaconda|move: Sticky Web
|
|-damage|p1a: Shuckle|94/100 tox|[from] psn
|upkeep
|turn|3
|j| K302
|
|switch|p2a: Rotom|Rotom-Heat|100/100
|move|p1a: Shuckle|Stealth Rock|p2a: Rotom
|-sidestart|p2: mr sandaconda|move: Stealth Rock
|
|-damage|p1a: Shuckle|82/100 tox|[from] psn
|upkeep
|turn|4
|j| Porygon-Z's minion
|
|switch|p1a: Zeraora|Zeraora|100/100
|move|p2a: Rotom|Defog|p1a: Zeraora
|-unboost|p1a: Zeraora|evasion|1
|-sideend|p2: mr sandaconda|Stealth Rock|[from] move: Defog|[of] p2a: Rotom
|-sideend|p2: mr sandaconda|Sticky Web|[from] move: Defog|[of] p2a: Rotom
|
|upkeep
|turn|5
|
|move|p1a: Zeraora|Knock Off|p2a: Rotom
|-damage|p2a: Rotom|61/100
|-enditem|p2a: Rotom|Heavy-Duty Boots|[from] move: Knock Off|[of] p1a: Zeraora
|-damage|p1a: Zeraora|91/100|[from] item: Life Orb
|move|p2a: Rotom|Overheat|p1a: Zeraora
|-damage|p1a: Zeraora|30/100
|-unboost|p2a: Rotom|spa|2
|
|upkeep
|turn|6
|
|switch|p1a: Shuckle|Shuckle, M|82/100 tox
|move|p2a: Rotom|Overheat|p1a: Shuckle
|-damage|p1a: Shuckle|66/100 tox
|-unboost|p2a: Rotom|spa|2
|-enditem|p1a: Shuckle|Red Card|[of] p2a: Rotom
|drag|p2a: Hippowdon|Hippowdon, F|100/100
|-weather|Sandstorm|[from] ability: Sand Stream|[of] p2a: Hippowdon
|
|-weather|Sandstorm|[upkeep]
|-damage|p1a: Shuckle|60/100 tox|[from] psn
|upkeep
|turn|7
|j| CRISTERS
|
|move|p2a: Hippowdon|Earthquake|p1a: Shuckle
|-damage|p1a: Shuckle|39/100 tox
|move|p1a: Shuckle|Stealth Rock|p2a: Hippowdon
|-sidestart|p2: mr sandaconda|move: Stealth Rock
|
|-weather|Sandstorm|[upkeep]
|-damage|p1a: Shuckle|26/100 tox|[from] psn
|upkeep
|turn|8
|j| Ullstod enkel
|j| Rororara
|
|switch|p2a: Rotom|Rotom-Heat|61/100
|-damage|p2a: Rotom|36/100|[from] Stealth Rock
|move|p1a: Shuckle|Sticky Web|p2a: Rotom
|-sidestart|p2: mr sandaconda|move: Sticky Web
|
|-weather|Sandstorm|[upkeep]
|-damage|p2a: Rotom|30/100|[from] Sandstorm
|-damage|p1a: Shuckle|8/100 tox|[from] psn
|upkeep
|turn|9
|
|move|p2a: Rotom|Defog|p1a: Shuckle
|-unboost|p1a: Shuckle|evasion|1
|-sideend|p2: mr sandaconda|Stealth Rock|[from] move: Defog|[of] p2a: Rotom
|-sideend|p2: mr sandaconda|Sticky Web|[from] move: Defog|[of] p2a: Rotom
|move|p1a: Shuckle|Stealth Rock|p2a: Rotom
|-sidestart|p2: mr sandaconda|move: Stealth Rock
|
|-weather|Sandstorm|[upkeep]
|-damage|p2a: Rotom|24/100|[from] Sandstorm
|-damage|p1a: Shuckle|0 fnt|[from] psn
|faint|p1a: Shuckle
|upkeep
|
|switch|p1a: Zeraora|Zeraora|30/100
|turn|10
|l| Rororara
|
|move|p1a: Zeraora|Close Combat|p2a: Rotom
|-damage|p2a: Rotom|0 fnt
|-unboost|p1a: Zeraora|def|1
|-unboost|p1a: Zeraora|spd|1
|-damage|p1a: Zeraora|20/100|[from] item: Life Orb
|faint|p2a: Rotom
|
|-weather|none
|upkeep
|
|switch|p2a: Gardevoir|Gardevoir, F|100/100
|-damage|p2a: Gardevoir|88/100|[from] Stealth Rock
|-ability|p2a: Gardevoir|Volt Absorb|[from] ability: Trace|[of] p1a: Zeraora
|turn|11
|
|move|p2a: Gardevoir|Psychic|p1a: Zeraora
|-damage|p1a: Zeraora|0 fnt
|faint|p1a: Zeraora
|
|upkeep
|
|switch|p1a: Cinderace|Cinderace, M|100/100
|turn|12
|
|switch|p2a: Toxapex|Toxapex, F|100/100
|-damage|p2a: Toxapex|88/100|[from] Stealth Rock
|move|p1a: Cinderace|U-turn|p2a: Toxapex
|-start|p1a: Cinderace|typechange|Bug|[from] ability: Libero
|-resisted|p2a: Toxapex
|-damage|p2a: Toxapex|78/100
|
|switch|p1a: Togekiss|Togekiss, M|100/100|[from]move: U-turn
|
|-heal|p2a: Toxapex|84/100|[from] item: Black Sludge
|upkeep
|turn|13
|
|switch|p2a: Gardevoir|Gardevoir, F|88/100
|-damage|p2a: Gardevoir|76/100|[from] Stealth Rock
|-ability|p2a: Gardevoir|Serene Grace|[from] ability: Trace|[of] p1a: Togekiss
|move|p1a: Togekiss|Substitute|p1a: Togekiss
|-start|p1a: Togekiss|Substitute
|-damage|p1a: Togekiss|76/100
|
|-heal|p1a: Togekiss|82/100|[from] item: Leftovers
|upkeep
|turn|14
|
|move|p2a: Gardevoir|Moonblast|p1a: Togekiss
|-end|p1a: Togekiss|Substitute
|move|p1a: Togekiss|Air Slash|p2a: Gardevoir
|-damage|p2a: Gardevoir|36/100
|
|-heal|p1a: Togekiss|88/100|[from] item: Leftovers
|upkeep
|turn|15
|
|switch|p1a: Cinderace|Cinderace, M|100/100
|move|p2a: Gardevoir|Moonblast|p1a: Cinderace
|-resisted|p1a: Cinderace
|-damage|p1a: Cinderace|69/100
|-unboost|p1a: Cinderace|spa|1
|
|upkeep
|turn|16
|
|switch|p2a: Clefable|Clefable, F|100/100
|move|p1a: Cinderace|U-turn|p2a: Clefable
|-start|p1a: Cinderace|typechange|Bug|[from] ability: Libero
|-resisted|p2a: Clefable
|-damage|p2a: Clefable|82/100
|
|switch|p1a: Dracozolt|Dracozolt|100/100|[from]move: U-turn
|
|-heal|p2a: Clefable|88/100|[from] item: Leftovers
|upkeep
|turn|17
|
|move|p1a: Dracozolt|Substitute|p1a: Dracozolt
|-start|p1a: Dracozolt|Substitute
|-damage|p1a: Dracozolt|76/100
|move|p2a: Clefable|Wish|p2a: Clefable
|
|-heal|p2a: Clefable|94/100|[from] item: Leftovers
|upkeep
|turn|18
|
|switch|p2a: Gardevoir|Gardevoir, F|36/100
|-damage|p2a: Gardevoir|24/100|[from] Stealth Rock
|-ability|p2a: Gardevoir|Volt Absorb|[from] ability: Trace|[of] p1a: Dracozolt
|move|p1a: Dracozolt|Bolt Beak|p2a: Gardevoir
|-heal|p2a: Gardevoir|49/100|[from] ability: Volt Absorb|[of] p1a: Dracozolt
|
|-heal|p2a: Gardevoir|100/100|[from] move: Wish|[wisher] Clefable
|upkeep
|turn|19
|
|move|p2a: Gardevoir|Moonblast|p1a: Dracozolt
|-supereffective|p1a: Dracozolt
|-end|p1a: Dracozolt|Substitute
|move|p1a: Dracozolt|Earthquake|p2a: Gardevoir
|-damage|p2a: Gardevoir|43/100
|
|upkeep
|turn|20
|
|switch|p2a: Gimme that hippo|Conkeldurr, F|100/100
|-damage|p2a: Gimme that hippo|95/100|[from] Stealth Rock
|switch|p1a: Cinderace|Cinderace, M|69/100
|
|-status|p2a: Gimme that hippo|brn|[from] item: Flame Orb
|upkeep
|turn|21
|l| Porygon-Z's minion
|l| K302
|
|move|p1a: Cinderace|Pyro Ball|p2a: Gimme that hippo
|-damage|p2a: Gimme that hippo|40/100 brn
|move|p2a: Gimme that hippo|Facade|p1a: Cinderace
|-damage|p1a: Cinderace|0 fnt
|faint|p1a: Cinderace
|
|-damage|p2a: Gimme that hippo|34/100 brn|[from] brn
|upkeep
|
|switch|p1a: Togekiss|Togekiss, M|88/100
|turn|22
|
|move|p1a: Togekiss|Air Slash|p2a: Gimme that hippo
|-supereffective|p2a: Gimme that hippo
|-damage|p2a: Gimme that hippo|0 fnt
|faint|p2a: Gimme that hippo
|
|-heal|p1a: Togekiss|94/100|[from] item: Leftovers
|upkeep
|
|switch|p2a: Hippowdon|Hippowdon, F|100/100
|-damage|p2a: Hippowdon|94/100|[from] Stealth Rock
|-weather|Sandstorm|[from] ability: Sand Stream|[of] p2a: Hippowdon
|turn|23
|
|move|p1a: Togekiss|Air Slash|p2a: Hippowdon
|-damage|p2a: Hippowdon|57/100
|move|p2a: Hippowdon|Stealth Rock|p1a: Togekiss
|-sidestart|p1: willcoxw|move: Stealth Rock
|
|-weather|Sandstorm|[upkeep]
|-damage|p1a: Togekiss|88/100|[from] Sandstorm
|-heal|p1a: Togekiss|94/100|[from] item: Leftovers
|-heal|p2a: Hippowdon|63/100|[from] item: Leftovers
|upkeep
|turn|24
|j| K302
|
|switch|p2a: Clefable|Clefable, F|94/100
|move|p1a: Togekiss|Air Slash|p2a: Clefable
|-damage|p2a: Clefable|68/100
|
|-weather|Sandstorm|[upkeep]
|-damage|p1a: Togekiss|88/100|[from] Sandstorm
|-heal|p1a: Togekiss|94/100|[from] item: Leftovers
|-heal|p2a: Clefable|74/100|[from] item: Leftovers
|upkeep
|turn|25
|
|move|p1a: Togekiss|Air Slash|p2a: Clefable
|-damage|p2a: Clefable|48/100
|move|p2a: Clefable|Moonblast|p1a: Togekiss
|-damage|p1a: Togekiss|65/100
|
|-weather|Sandstorm|[upkeep]
|-damage|p1a: Togekiss|59/100|[from] Sandstorm
|-heal|p1a: Togekiss|65/100|[from] item: Leftovers
|-heal|p2a: Clefable|55/100|[from] item: Leftovers
|upkeep
|turn|26
|
|move|p1a: Togekiss|Air Slash|p2a: Clefable
|-damage|p2a: Clefable|28/100
|move|p2a: Clefable|Moonblast|p1a: Togekiss
|-damage|p1a: Togekiss|34/100
|
|-weather|Sandstorm|[upkeep]
|-damage|p1a: Togekiss|28/100|[from] Sandstorm
|-heal|p1a: Togekiss|34/100|[from] item: Leftovers
|-heal|p2a: Clefable|35/100|[from] item: Leftovers
|upkeep
|turn|27
|
|move|p1a: Togekiss|Air Slash|p2a: Clefable
|-damage|p2a: Clefable|10/100
|move|p2a: Clefable|Moonblast|p1a: Togekiss
|-damage|p1a: Togekiss|5/100
|
|-weather|none
|-heal|p1a: Togekiss|11/100|[from] item: Leftovers
|-heal|p2a: Clefable|16/100|[from] item: Leftovers
|upkeep
|turn|28
|c|☆willcoxw|lol
|
|move|p1a: Togekiss|Air Slash|p2a: Clefable
|-damage|p2a: Clefable|0 fnt
|faint|p2a: Clefable
|
|-heal|p1a: Togekiss|18/100|[from] item: Leftovers
|upkeep
|c|☆mr sandaconda|ik
|c|☆mr sandaconda|your flinch luck
|
|switch|p2a: Gardevoir|Gardevoir, F|43/100
|-damage|p2a: Gardevoir|31/100|[from] Stealth Rock
|-ability|p2a: Gardevoir|Serene Grace|[from] ability: Trace|[of] p1a: Togekiss
|turn|29
|c|☆mr sandaconda|is like
|
|move|p2a: Gardevoir|Moonblast|p1a: Togekiss
|-damage|p1a: Togekiss|0 fnt
|faint|p1a: Togekiss
|
|upkeep
|c|☆mr sandaconda|no there
|c|☆mr sandaconda|not
|
|switch|p1a: Kyurem|Kyurem|100/100
|-damage|p1a: Kyurem|75/100|[from] Stealth Rock
|-ability|p1a: Kyurem|Pressure
|turn|30
|
|move|p2a: Gardevoir|Moonblast|p1a: Kyurem
|-supereffective|p1a: Kyurem
|-damage|p1a: Kyurem|0 fnt
|faint|p1a: Kyurem
|
|upkeep
|-message|willcoxw forfeited.
|
|win|mr sandaconda
|l|☆willcoxw
|l| K302
|l| Ullstod enkel
|raw|willcoxw's rating: 1745 &rarr; <strong>1728</strong><br />(-17 for losing)
|raw|mr sandaconda's rating: 1801 &rarr; <strong>1818</strong><br />(+17 for winning)
|l|☆mr sandaconda
