|j|☆wsdfg
|j|☆Dovahhkiin64
|t:|1605840734
|player|p1|wsdfg|burglar|
|player|p2|Dovahhkiin64|n|
|teamsize|p1|6
|teamsize|p2|6
|gametype|singles
|gen|8
|tier|[Gen 8] OU
|rated|Tournament battle
|clearpoke
|poke|p1|Kyurem|
|poke|p1|Suicune|
|poke|p1|Landorus-Therian, M|
|poke|p1|Moltres|
|poke|p1|Urshifu-*, M|
|poke|p1|Spectrier|
|poke|p2|Crawdaunt, M|
|poke|p2|Scizor, M|
|poke|p2|Zapdos-Galar|
|poke|p2|Pheromosa|
|poke|p2|Landorus-Therian, M|
|poke|p2|Corviknight, F|
|rule|Sleep Clause Mod: Limit one foe put to sleep
|rule|Species Clause: Limit one of each Pokémon
|rule|OHKO Clause: OHKO moves are banned
|rule|Evasion Moves Clause: Evasion moves are banned
|rule|Endless Battle Clause: Forcing endless battles is banned
|rule|HP Percentage Mod: HP is shown in percentages
|rule|Dynamax Clause: You cannot dynamax
|teampreview
|j| mikegudelo
|
|t:|1605840766
|start
|switch|p1a: Spectrier|Spectrier|100/100
|switch|p2a: Crouching Tiger|Landorus-Therian, M|100/100
|-ability|p2a: Crouching Tiger|Intimidate|boost
|-unboost|p1a: Spectrier|atk|1
|turn|1
|
|t:|1605840778
|move|p1a: Spectrier|Shadow Ball|p2a: Crouching Tiger
|-damage|p2a: Crouching Tiger|22/100
|move|p2a: Crouching Tiger|Earthquake|p1a: Spectrier
|-damage|p1a: Spectrier|25/100
|
|-heal|p2a: Crouching Tiger|28/100|[from] item: Leftovers
|upkeep
|turn|2
|j| venson04
|
|t:|1605840788
|switch|p2a: Bye!|Corviknight, F|100/100
|-ability|p2a: Bye!|Pressure
|move|p1a: Spectrier|Shadow Ball|p2a: Bye!
|-damage|p2a: Bye!|52/100
|
|-heal|p2a: Bye!|59/100|[from] item: Leftovers
|upkeep
|turn|3
|
|t:|1605840800
|switch|p1a: Suicune|Suicune|100/100
|-ability|p1a: Suicune|Pressure
|move|p2a: Bye!|Brave Bird|p1a: Suicune
|-crit|p1a: Suicune
|-damage|p1a: Suicune|67/100
|-damage|p2a: Bye!|47/100|[from] Recoil
|
|-heal|p1a: Suicune|73/100|[from] item: Leftovers
|-heal|p2a: Bye!|54/100|[from] item: Leftovers
|upkeep
|turn|4
|
|t:|1605840810
|move|p1a: Suicune|Substitute|p1a: Suicune
|-start|p1a: Suicune|Substitute
|-damage|p1a: Suicune|48/100
|move|p2a: Bye!|U-turn|p1a: Suicune
|-activate|p1a: Suicune|move: Substitute|[damage]
|
|t:|1605840819
|switch|p2a: Larry|Crawdaunt, M|100/100|[from]move: U-turn
|
|-heal|p1a: Suicune|54/100|[from] item: Leftovers
|upkeep
|turn|5
|
|t:|1605840824
|move|p2a: Larry|Knock Off|p1a: Suicune
|-end|p1a: Suicune|Substitute
|-damage|p2a: Larry|91/100|[from] item: Life Orb
|move|p1a: Suicune|Scald|p2a: Larry
|-resisted|p2a: Larry
|-damage|p2a: Larry|67/100
|
|-heal|p1a: Suicune|61/100|[from] item: Leftovers
|upkeep
|turn|6
|
|t:|1605840838
|switch|p1a: Urshifu|Urshifu, M|100/100
|move|p2a: Larry|Knock Off|p1a: Urshifu
|-resisted|p1a: Urshifu
|-damage|p1a: Urshifu|81/100
|-enditem|p1a: Urshifu|Choice Band|[from] move: Knock Off|[of] p2a: Larry
|-damage|p2a: Larry|58/100|[from] item: Life Orb
|
|upkeep
|turn|7
|
|t:|1605840846
|switch|p2a: Crouching Tiger|Landorus-Therian, M|28/100
|-ability|p2a: Crouching Tiger|Intimidate|boost
|-unboost|p1a: Urshifu|atk|1
|move|p1a: Urshifu|Close Combat|p2a: Crouching Tiger
|-resisted|p2a: Crouching Tiger
|-crit|p2a: Crouching Tiger
|-damage|p2a: Crouching Tiger|0 fnt
|-unboost|p1a: Urshifu|def|1
|-unboost|p1a: Urshifu|spd|1
|faint|p2a: Crouching Tiger
|
|upkeep
|
|t:|1605840857
|switch|p2a: Road Runner|Zapdos-Galar|100/100
|turn|8
|
|t:|1605840868
|switch|p1a: Moltres|Moltres|100/100
|move|p2a: Road Runner|Agility|p2a: Road Runner
|-boost|p2a: Road Runner|spe|2
|
|upkeep
|turn|9
|
|t:|1605840876
|move|p2a: Road Runner|Bulk Up|p2a: Road Runner
|-boost|p2a: Road Runner|atk|1
|-boost|p2a: Road Runner|def|1
|move|p1a: Moltres|Flamethrower|p2a: Road Runner
|-damage|p2a: Road Runner|60/100
|-status|p2a: Road Runner|brn
|
|-heal|p2a: Road Runner|66/100 brn|[from] item: Leftovers
|-damage|p2a: Road Runner|60/100 brn|[from] brn
|upkeep
|turn|10
|j| ppev
|
|t:|1605840895
|move|p2a: Road Runner|Thunderous Kick|p1a: Moltres
|-resisted|p1a: Moltres
|-damage|p1a: Moltres|88/100
|-unboost|p1a: Moltres|def|1
|move|p1a: Moltres|Flamethrower|p2a: Road Runner
|-damage|p2a: Road Runner|16/100 brn
|
|-heal|p2a: Road Runner|22/100 brn|[from] item: Leftovers
|-damage|p2a: Road Runner|16/100 brn|[from] brn
|upkeep
|turn|11
|
|t:|1605840906
|move|p2a: Road Runner|Drill Peck|p1a: Moltres
|-damage|p1a: Moltres|52/100
|move|p1a: Moltres|Roost|p1a: Moltres
|-heal|p1a: Moltres|100/100
|-singleturn|p1a: Moltres|move: Roost
|
|-heal|p2a: Road Runner|22/100 brn|[from] item: Leftovers
|-damage|p2a: Road Runner|16/100 brn|[from] brn
|upkeep
|turn|12
|j| Prof darkness
|
|t:|1605840920
|move|p2a: Road Runner|Drill Peck|p1a: Moltres
|-damage|p1a: Moltres|66/100
|move|p1a: Moltres|Flamethrower|p2a: Road Runner
|-damage|p2a: Road Runner|0 fnt
|faint|p2a: Road Runner
|
|upkeep
|
|t:|1605840928
|switch|p2a: Larry|Crawdaunt, M|58/100
|turn|13
|j|@gomikyu
|
|t:|1605840939
|move|p2a: Larry|Crabhammer|p1a: Moltres
|-supereffective|p1a: Moltres
|-damage|p1a: Moltres|0 fnt
|-damage|p2a: Larry|48/100|[from] item: Life Orb
|faint|p1a: Moltres
|
|upkeep
|
|t:|1605840945
|switch|p1a: Urshifu|Urshifu, M|81/100
|turn|14
|
|t:|1605840950
|move|p2a: Larry|Aqua Jet|p1a: Urshifu
|-damage|p1a: Urshifu|46/100
|-damage|p2a: Larry|38/100|[from] item: Life Orb
|move|p1a: Urshifu|Close Combat|p2a: Larry
|-supereffective|p2a: Larry
|-damage|p2a: Larry|0 fnt
|-unboost|p1a: Urshifu|def|1
|-unboost|p1a: Urshifu|spd|1
|faint|p2a: Larry
|
|upkeep
|
|t:|1605840960
|switch|p2a: Roach Queen|Pheromosa|100/100
|turn|15
|
|t:|1605840964
|move|p1a: Urshifu|Sucker Punch|p2a: Roach Queen
|-resisted|p2a: Roach Queen
|-damage|p2a: Roach Queen|53/100
|move|p2a: Roach Queen|Triple Axel|p1a: Urshifu
|-damage|p1a: Urshifu|33/100
|-damage|p1a: Urshifu|2/100
|-damage|p1a: Urshifu|0 fnt
|-hitcount|p1a: Urshifu|3
|-damage|p2a: Roach Queen|43/100|[from] item: Life Orb
|faint|p1a: Urshifu
|-ability|p2a: Roach Queen|Beast Boost|boost
|-boost|p2a: Roach Queen|spe|1
|
|upkeep
|
|t:|1605840970
|switch|p1a: Suicune|Suicune|61/100
|-ability|p1a: Suicune|Pressure
|turn|16
|
|t:|1605840978
|move|p2a: Roach Queen|Close Combat|p1a: Suicune
|-damage|p1a: Suicune|11/100
|-unboost|p2a: Roach Queen|def|1
|-unboost|p2a: Roach Queen|spd|1
|-damage|p2a: Roach Queen|33/100|[from] item: Life Orb
|move|p1a: Suicune|Scald|p2a: Roach Queen
|-damage|p2a: Roach Queen|0 fnt
|faint|p2a: Roach Queen
|
|-heal|p1a: Suicune|17/100|[from] item: Leftovers
|upkeep
|
|t:|1605840988
|switch|p2a: Clamps|Scizor, M|100/100
|turn|17
|
|t:|1605840991
|switch|p1a: Landorus|Landorus-Therian, M|100/100
|-ability|p1a: Landorus|Intimidate|boost
|-unboost|p2a: Clamps|atk|1
|move|p2a: Clamps|Swords Dance|p2a: Clamps
|-boost|p2a: Clamps|atk|2
|
|upkeep
|turn|18
|
|t:|1605840998
|move|p1a: Landorus|Earthquake|p2a: Clamps
|-damage|p2a: Clamps|55/100
|move|p2a: Clamps|Dual Wingbeat|p1a: Landorus
|-damage|p1a: Landorus|69/100
|-damage|p1a: Landorus|38/100
|-hitcount|p1a: Landorus|2
|
|-heal|p1a: Landorus|44/100|[from] item: Leftovers
|upkeep
|turn|19
|j| Ultra Dusk Mane31
|
|t:|1605841007
|move|p2a: Clamps|Bullet Punch|p1a: Landorus
|-crit|p1a: Landorus
|-damage|p1a: Landorus|0 fnt
|faint|p1a: Landorus
|
|upkeep
|
|t:|1605841010
|switch|p1a: Suicune|Suicune|17/100
|-ability|p1a: Suicune|Pressure
|turn|20
|
|t:|1605841014
|move|p2a: Clamps|Bullet Punch|p1a: Suicune
|-resisted|p1a: Suicune
|-damage|p1a: Suicune|0 fnt
|faint|p1a: Suicune
|
|upkeep
|
|t:|1605841016
|switch|p1a: Kyurem|Kyurem|100/100
|-ability|p1a: Kyurem|Pressure
|turn|21
|
|t:|1605841021
|move|p2a: Clamps|Bullet Punch|p1a: Kyurem
|-supereffective|p1a: Kyurem
|-damage|p1a: Kyurem|3/100
|move|p1a: Kyurem|Earth Power|p2a: Clamps
|-damage|p2a: Clamps|10/100
|
|-heal|p1a: Kyurem|9/100|[from] item: Leftovers
|upkeep
|turn|22
|c|☆Dovahhkiin64|gg
|
|t:|1605841029
|move|p2a: Clamps|Bullet Punch|p1a: Kyurem
|-supereffective|p1a: Kyurem
|-damage|p1a: Kyurem|0 fnt
|faint|p1a: Kyurem
|
|upkeep
|c|☆wsdfg|gg
|
|t:|1605841032
|switch|p1a: Spectrier|Spectrier|25/100
|turn|23
|c|☆Dovahhkiin64|bulky offensive scizor ftw
|l| venson04
|
|t:|1605841040
|move|p2a: Clamps|Bullet Punch|p1a: Spectrier
|-damage|p1a: Spectrier|0 fnt
|faint|p1a: Spectrier
|
|win|Dovahhkiin64
|l|☆wsdfg
