|j|☆gotsnsd
|j|☆aeasd
|t:|1664849406
|gametype|singles
|player|p1|gotsnsd|beauty-gen2jp|1659
|player|p2|aeasd|266|1629
|teamsize|p1|6
|teamsize|p2|6
|gen|8
|tier|[Gen 8] OU
|rated|
|rule|Sleep Clause Mod: Limit one foe put to sleep
|rule|Species Clause: Limit one of each Pokémon
|rule|OHKO Clause: OHKO moves are banned
|rule|Evasion Items Clause: Evasion items are banned
|rule|Evasion Moves Clause: Evasion moves are banned
|rule|Endless Battle Clause: Forcing endless battles is banned
|rule|HP Percentage Mod: HP is shown in percentages
|rule|Dynamax Clause: You cannot dynamax
|clearpoke
|poke|p1|Melmetal|
|poke|p1|Blacephalon|
|poke|p1|Tapu Fini|
|poke|p1|Tornadus-Therian, M|
|poke|p1|Landorus-Therian, M|
|poke|p1|Kommo-o, F|
|poke|p2|Mew|
|poke|p2|Blacephalon|
|poke|p2|Garchomp, M|
|poke|p2|Tapu Koko|
|poke|p2|Bisharp, M|
|poke|p2|Hawlucha, M|
|teampreview
|inactive|Battle timer is ON: inactive players will automatically lose when time's up. (requested by aeasd)
|j| Domin0999
|
|t:|1664849428
|start
|switch|p1a: Tornadus|Tornadus-Therian, M|100/100
|switch|p2a: Mew|Mew, shiny|100/100
|turn|1
|j| leochu123
|
|t:|1664849433
|move|p1a: Tornadus|Taunt|p2a: Mew
|-start|p2a: Mew|move: Taunt
|cant|p2a: Mew|move: Taunt|Stealth Rock
|
|upkeep
|turn|2
|
|t:|1664849436
|move|p1a: Tornadus|Knock Off|p2a: Mew
|-supereffective|p2a: Mew
|-damage|p2a: Mew|68/100
|-enditem|p2a: Mew|Red Card|[from] move: Knock Off|[of] p1a: Tornadus
|move|p2a: Mew|Explosion|p1a: Tornadus
|-damage|p1a: Tornadus|35/100
|faint|p2a: Mew
|
|upkeep
|
|t:|1664849442
|switch|p2a: Tapu Koko|Tapu Koko, shiny|100/100
|-fieldstart|move: Electric Terrain|[from] ability: Electric Surge|[of] p2a: Tapu Koko
|turn|3
|
|t:|1664849448
|switch|p1a: Landorus|Landorus-Therian, M|100/100
|-ability|p1a: Landorus|Intimidate|boost
|-unboost|p2a: Tapu Koko|atk|1
|move|p2a: Tapu Koko|Dazzling Gleam|p1a: Landorus
|-damage|p1a: Landorus|43/100
|
|-heal|p1a: Landorus|49/100|[from] item: Leftovers
|upkeep
|turn|4
|
|t:|1664849459
|switch|p2a: Garchomp|Garchomp, M, shiny|100/100
|switch|p1a: Melmetal|Melmetal|100/100
|
|upkeep
|turn|5
|
|t:|1664849468
|switch|p1a: Kommo-o|Kommo-o, F|100/100
|move|p2a: Garchomp|Poison Jab|p1a: Kommo-o
|-damage|p1a: Kommo-o|69/100
|-status|p1a: Kommo-o|psn
|-damage|p2a: Garchomp|84/100|[from] item: Rocky Helmet|[of] p1a: Kommo-o
|
|-damage|p1a: Kommo-o|57/100 psn|[from] psn
|upkeep
|turn|6
|
|t:|1664849473
|switch|p2a: Tapu Koko|Tapu Koko, shiny|100/100
|switch|p1a: Tapu Fini|Tapu Fini|100/100
|-fieldstart|move: Misty Terrain|[from] ability: Misty Surge|[of] p1a: Tapu Fini
|
|upkeep
|turn|7
|
|t:|1664849482
|switch|p1a: Kommo-o|Kommo-o, F|57/100 psn
|move|p2a: Tapu Koko|Volt Switch|p1a: Kommo-o
|-resisted|p1a: Kommo-o
|-damage|p1a: Kommo-o|37/100 psn
|
|t:|1664849488
|switch|p2a: Garchomp|Garchomp, M, shiny|84/100|[from]move: Volt Switch
|
|-damage|p1a: Kommo-o|24/100 psn|[from] psn
|upkeep
|turn|8
|j| Kraymar
|
|t:|1664849497
|move|p2a: Garchomp|Scale Shot|p1a: Kommo-o
|-supereffective|p1a: Kommo-o
|-damage|p1a: Kommo-o|11/100 psn
|-supereffective|p1a: Kommo-o
|-damage|p1a: Kommo-o|0 fnt
|faint|p1a: Kommo-o
|-hitcount|p1: Kommo-o|2
|-unboost|p2a: Garchomp|def|1
|-boost|p2a: Garchomp|spe|1
|
|upkeep
|
|t:|1664849503
|switch|p1a: Tapu Fini|Tapu Fini|100/100
|turn|9
|
|t:|1664849509
|switch|p2a: Tapu Koko|Tapu Koko, shiny|100/100
|-fieldstart|move: Electric Terrain|[from] ability: Electric Surge|[of] p2a: Tapu Koko
|move|p1a: Tapu Fini|Substitute|p1a: Tapu Fini
|-start|p1a: Tapu Fini|Substitute
|-damage|p1a: Tapu Fini|76/100
|
|-heal|p1a: Tapu Fini|82/100|[from] item: Leftovers
|upkeep
|turn|10
|
|t:|1664849514
|move|p2a: Tapu Koko|Volt Switch|p1a: Tapu Fini
|-supereffective|p1a: Tapu Fini
|-end|p1a: Tapu Fini|Substitute
|j| Celtis
|
|t:|1664849522
|switch|p2a: Bisharp|Bisharp, M, shiny|100/100|[from]move: Volt Switch
|move|p1a: Tapu Fini|Scald|p2a: Bisharp
|-damage|p2a: Bisharp|56/100
|
|-heal|p1a: Tapu Fini|88/100|[from] item: Leftovers
|upkeep
|turn|11
|
|t:|1664849528
|move|p2a: Bisharp|Iron Head|p1a: Tapu Fini
|-damage|p1a: Tapu Fini|47/100
|move|p1a: Tapu Fini|Scald|p2a: Bisharp
|-damage|p2a: Bisharp|12/100
|
|-heal|p1a: Tapu Fini|53/100|[from] item: Leftovers
|upkeep
|turn|12
|
|t:|1664849537
|move|p2a: Bisharp|Iron Head|p1a: Tapu Fini
|-damage|p1a: Tapu Fini|13/100
|move|p1a: Tapu Fini|Draining Kiss|p2a: Bisharp
|-damage|p2a: Bisharp|0 fnt
|-heal|p1a: Tapu Fini|20/100|[from] drain|[of] p2a: Bisharp
|faint|p2a: Bisharp
|
|-heal|p1a: Tapu Fini|26/100|[from] item: Leftovers
|upkeep
|
|t:|1664849546
|switch|p2a: Blacephalon|Blacephalon, shiny|100/100
|turn|13
|
|t:|1664849558
|move|p2a: Blacephalon|Shadow Ball|p1a: Tapu Fini
|-damage|p1a: Tapu Fini|0 fnt
|faint|p1a: Tapu Fini
|-ability|p2a: Blacephalon|Beast Boost|boost
|-boost|p2a: Blacephalon|spa|1
|
|-fieldend|move: Electric Terrain
|upkeep
|
|t:|1664849561
|switch|p1a: Melmetal|Melmetal|100/100
|turn|14
|
|t:|1664849569
|switch|p2a: Garchomp|Garchomp, M, shiny|84/100
|move|p1a: Melmetal|Earthquake|p2a: Garchomp
|-damage|p2a: Garchomp|40/100
|
|upkeep
|turn|15
|j| DUMBBOARDOWFAN#1
|
|t:|1664849578
|switch|p1a: Landorus|Landorus-Therian, M|49/100
|-ability|p1a: Landorus|Intimidate|boost
|-unboost|p2a: Garchomp|atk|1
|move|p2a: Garchomp|Earthquake|p1a: Landorus
|-immune|p1a: Landorus
|
|-heal|p1a: Landorus|55/100|[from] item: Leftovers
|upkeep
|turn|16
|c| DUMBBOARDOWFAN#1|4v4 situation
|c| DUMBBOARDOWFAN#1|in this intense battle
|c| DUMBBOARDOWFAN#1|who will win
|
|t:|1664849597
|switch|p2a: Blacephalon|Blacephalon, shiny|100/100
|move|p1a: Landorus|Earthquake|p2a: Blacephalon
|-supereffective|p2a: Blacephalon
|-damage|p2a: Blacephalon|0 fnt
|faint|p2a: Blacephalon
|
|-heal|p1a: Landorus|61/100|[from] item: Leftovers
|upkeep
|c| DUMBBOARDOWFAN#1|will it be aeasd
|
|t:|1664849600
|switch|p2a: Tapu Koko|Tapu Koko, shiny|100/100
|-fieldstart|move: Electric Terrain|[from] ability: Electric Surge|[of] p2a: Tapu Koko
|turn|17
|c| DUMBBOARDOWFAN#1|or got
|
|t:|1664849606
|move|p2a: Tapu Koko|Dazzling Gleam|p1a: Landorus
|-damage|p1a: Landorus|0 fnt
|faint|p1a: Landorus
|
|upkeep
|c| leochu123|i guess ae
|
|t:|1664849621
|switch|p1a: Blacephalon|Blacephalon|100/100
|turn|18
|c| DUMBBOARDOWFAN#1|you might be right my friend
|c| DUMBBOARDOWFAN#1|lets watch and find out
|c| leochu123|ok
|c| DUMBBOARDOWFAN#1|gotsnsd with his back against the wall!
|inactive|gotsnsd has 120 seconds left.
|
|t:|1664849653
|switch|p2a: Garchomp|Garchomp, M, shiny|40/100
|move|p1a: Blacephalon|Shadow Ball|p2a: Garchomp
|-damage|p2a: Garchomp|0 fnt
|faint|p2a: Garchomp
|-ability|p1a: Blacephalon|Beast Boost|boost
|-boost|p1a: Blacephalon|spa|1
|
|upkeep
|
|t:|1664849659
|switch|p2a: Hawlucha|Hawlucha, M, shiny|100/100
|-enditem|p2a: Hawlucha|Electric Seed
|-boost|p2a: Hawlucha|def|1|[from] item: Electric Seed
|turn|19
|
|t:|1664849671
|move|p2a: Hawlucha|Acrobatics|p1a: Blacephalon
|-damage|p1a: Blacephalon|0 fnt
|faint|p1a: Blacephalon
|
|upkeep
|
|t:|1664849674
|switch|p1a: Tornadus|Tornadus-Therian, M|68/100
|turn|20
|
|t:|1664849677
|move|p2a: Hawlucha|Acrobatics|p1a: Tornadus
|-damage|p1a: Tornadus|6/100
|move|p1a: Tornadus|Hurricane|p2a: Hawlucha
|-supereffective|p2a: Hawlucha
|-damage|p2a: Hawlucha|0 fnt
|faint|p2a: Hawlucha
|
|upkeep
|
|t:|1664849679
|switch|p2a: Tapu Koko|Tapu Koko, shiny|100/100
|turn|21
|
|t:|1664849684
|move|p1a: Tornadus|Hurricane|p2a: Tapu Koko
|-resisted|p2a: Tapu Koko
|-damage|p2a: Tapu Koko|68/100
|move|p2a: Tapu Koko|Thunderbolt|p1a: Tornadus
|-supereffective|p1a: Tornadus
|-damage|p1a: Tornadus|0 fnt
|faint|p1a: Tornadus
|
|-fieldend|move: Electric Terrain
|upkeep
|
|t:|1664849688
|switch|p1a: Melmetal|Melmetal|100/100
|turn|22
|
|t:|1664849691
|move|p2a: Tapu Koko|Thunderbolt|p1a: Melmetal
|-damage|p1a: Melmetal|34/100
|move|p1a: Melmetal|Earthquake|p2a: Tapu Koko
|-supereffective|p2a: Tapu Koko
|-damage|p2a: Tapu Koko|0 fnt
|faint|p2a: Tapu Koko
|
|win|gotsnsd
|raw|gotsnsd's rating: 1659 &rarr; <strong>1677</strong><br />(+18 for winning)
|raw|aeasd's rating: 1629 &rarr; <strong>1611</strong><br />(-18 for losing)
|l|☆aeasd
|c|☆gotsnsd|gg
|c| leochu123|!!!
|l| Kraymar
|c| DUMBBOARDOWFAN#1|GOTSNSD
|c| DUMBBOARDOWFAN#1|HUGE PLAY
|c| DUMBBOARDOWFAN#1|BACK AGAINST THE WALL
|l| Domin0999
|c| DUMBBOARDOWFAN#1|PROVING HIS DOUBTERS WRONG!
|c|☆gotsnsd|:)
|c| DUMBBOARDOWFAN#1|GGS TO EVERYONE!
|l| DUMBBOARDOWFAN#1
||Ladder isn't responding, score probably updated but might not have (Request timeout).
