|j|☆tocador
|j|☆Monsieur Eans
|t:|1657587580
|gametype|singles
|player|p1|tocador|2|1458
|player|p2|Monsieur Eans|backers|1439
|teamsize|p1|6
|teamsize|p2|6
|gen|8
|tier|[Gen 8] OU
|rated|
|rule|Sleep Clause Mod: Limit one foe put to sleep
|rule|Species Clause: Limit one of each Pokémon
|rule|OHKO Clause: OHKO moves are banned
|rule|Evasion Moves Clause: Evasion moves are banned
|rule|Endless Battle Clause: Forcing endless battles is banned
|rule|HP Percentage Mod: HP is shown in percentages
|rule|Dynamax Clause: You cannot dynamax
|clearpoke
|poke|p1|Aurorus, F|
|poke|p1|Landorus-Therian, M|
|poke|p1|Arctozolt|
|poke|p1|Moltres|
|poke|p1|Slowking-Galar, F|
|poke|p1|Porygon2|
|poke|p2|Gengar, F|
|poke|p2|Tyranitar, M|
|poke|p2|Rillaboom, F|
|poke|p2|Buzzwole|
|poke|p2|Krookodile, F|
|poke|p2|Corviknight, M|
|teampreview
|inactive|Battle timer is ON: inactive players will automatically lose when time's up. (requested by tocador)
|inactive|Monsieur Eans has 120 seconds left.
|l|☆Monsieur Eans
|inactive|Monsieur Eans disconnected and has a minute to reconnect!
|player|p2|
|j|☆Monsieur Eans
|inactive|Monsieur Eans reconnected and has 100 seconds left.
|player|p2|Monsieur Eans|backers
|inactive|Monsieur Eans has 90 seconds left.
|
|t:|1657587646
|start
|switch|p1a: Porygon2|Porygon2|100/100
|switch|p2a: Buzzwole|Buzzwole, shiny|100/100
|-ability|p1a: Porygon2|Beast Boost|[from] ability: Trace|[of] p2a: Buzzwole
|turn|1
|
|t:|1657587660
|switch|p1a: Moltres|Moltres|100/100
|move|p2a: Buzzwole|Toxic|p1a: Moltres
|-status|p1a: Moltres|tox
|
|-damage|p1a: Moltres|94/100 tox|[from] psn
|upkeep
|turn|2
|
|t:|1657587677
|switch|p1a: Porygon2|Porygon2|100/100
|-ability|p1a: Porygon2|Beast Boost|[from] ability: Trace|[of] p2a: Buzzwole
|switch|p2a: Corviknight|Corviknight, M|100/100
|
|upkeep
|turn|3
|
|t:|1657587684
|move|p2a: Corviknight|U-turn|p1a: Porygon2
|-damage|p1a: Porygon2|93/100
|
|t:|1657587689
|switch|p2a: Tyranitar|Tyranitar, M|100/100|[from]move: U-turn
|-weather|Sandstorm|[from] ability: Sand Stream|[of] p2a: Tyranitar
|move|p1a: Porygon2|Teleport|p1a: Porygon2
|
|t:|1657587693
|switch|p1a: Landorus|Landorus-Therian, M|100/100|[from]move: Teleport
|-ability|p1a: Landorus|Intimidate|boost
|-unboost|p2a: Tyranitar|atk|1
|
|-weather|Sandstorm|[upkeep]
|upkeep
|turn|4
|
|t:|1657587707
|switch|p1a: Majestic AF|Aurorus, F, shiny|100/100
|-weather|Hail|[from] ability: Snow Warning|[of] p1a: Majestic AF
|move|p2a: Tyranitar|Stealth Rock|p1a: Majestic AF
|-sidestart|p1: tocador|move: Stealth Rock
|
|-weather|Hail|[upkeep]
|-damage|p2a: Tyranitar|94/100|[from] Hail
|-heal|p2a: Tyranitar|100/100|[from] item: Leftovers
|upkeep
|turn|5
|
|t:|1657587722
|switch|p2a: Rillaboom|Rillaboom, F|100/100
|-fieldstart|move: Grassy Terrain|[from] ability: Grassy Surge|[of] p2a: Rillaboom
|switch|p1a: Landorus|Landorus-Therian, M|100/100
|-damage|p1a: Landorus|88/100|[from] Stealth Rock
|-ability|p1a: Landorus|Intimidate|boost
|-unboost|p2a: Rillaboom|atk|1
|
|-weather|Hail|[upkeep]
|-damage|p1a: Landorus|82/100|[from] Hail
|-damage|p2a: Rillaboom|94/100|[from] Hail
|-heal|p2a: Rillaboom|100/100|[from] Grassy Terrain
|upkeep
|turn|6
|
|t:|1657587730
|move|p1a: Landorus|Weather Ball|p2a: Rillaboom
|-supereffective|p2a: Rillaboom
|-damage|p2a: Rillaboom|0 fnt
|faint|p2a: Rillaboom
|
|-weather|Hail|[upkeep]
|-damage|p1a: Landorus|76/100|[from] Hail
|upkeep
|
|t:|1657587743
|switch|p2a: Corviknight|Corviknight, M|100/100
|turn|7
|
|t:|1657587747
|move|p1a: Landorus|Weather Ball|p2a: Corviknight
|-damage|p2a: Corviknight|71/100
|move|p2a: Corviknight|U-turn|p1a: Landorus
|-resisted|p1a: Landorus
|-damage|p1a: Landorus|67/100
|
|t:|1657587756
|switch|p2a: Tyranitar|Tyranitar, M|100/100|[from]move: U-turn
|-weather|Sandstorm|[from] ability: Sand Stream|[of] p2a: Tyranitar
|
|-weather|Sandstorm|[upkeep]
|upkeep
|turn|8
|
|t:|1657587766
|switch|p1a: Porygon2|Porygon2|93/100
|-damage|p1a: Porygon2|81/100|[from] Stealth Rock
|-ability|p1a: Porygon2|Sand Stream|[from] ability: Trace|[of] p2a: Tyranitar
|move|p2a: Tyranitar|Stone Edge|p1a: Porygon2
|-damage|p1a: Porygon2|50/100
|
|-weather|Sandstorm|[upkeep]
|-damage|p1a: Porygon2|44/100|[from] Sandstorm
|-heal|p1a: Porygon2|50/100|[from] Grassy Terrain
|upkeep
|turn|9
|
|t:|1657587776
|switch|p2a: Buzzwole|Buzzwole, shiny|100/100
|move|p1a: Porygon2|Recover|p1a: Porygon2
|-heal|p1a: Porygon2|100/100
|
|-weather|Sandstorm|[upkeep]
|-damage|p2a: Buzzwole|94/100|[from] Sandstorm
|-damage|p1a: Porygon2|94/100|[from] Sandstorm
|-heal|p2a: Buzzwole|100/100|[from] Grassy Terrain
|-heal|p1a: Porygon2|100/100|[from] Grassy Terrain
|-fieldend|move: Grassy Terrain
|upkeep
|turn|10
|
|t:|1657587780
|switch|p2a: Tyranitar|Tyranitar, M|100/100
|move|p1a: Porygon2|Teleport|p1a: Porygon2
|
|t:|1657587788
|switch|p1a: Landorus|Landorus-Therian, M|67/100|[from]move: Teleport
|-damage|p1a: Landorus|55/100|[from] Stealth Rock
|-ability|p1a: Landorus|Intimidate|boost
|-unboost|p2a: Tyranitar|atk|1
|
|-weather|Sandstorm|[upkeep]
|upkeep
|turn|11
|
|t:|1657587809
|switch|p2a: Buzzwole|Buzzwole, shiny|100/100
|move|p1a: Landorus|Earth Power|p2a: Buzzwole
|-resisted|p2a: Buzzwole
|-damage|p2a: Buzzwole|62/100
|
|-weather|none
|upkeep
|turn|12
|
|t:|1657587815
|switch|p1a: Moltres|Moltres|94/100 tox
|switch|p2a: Corviknight|Corviknight, M|71/100
|
|-heal|p2a: Corviknight|77/100|[from] item: Leftovers
|-damage|p1a: Moltres|88/100 tox|[from] psn
|upkeep
|turn|13
|
|t:|1657587820
|move|p1a: Moltres|Defog|p2a: Corviknight
|-ability|p2a: Corviknight|Mirror Armor
|-unboost|p1a: Moltres|evasion|1
|-sideend|p1: tocador|Stealth Rock|[from] move: Defog|[of] p1a: Moltres
|move|p2a: Corviknight|U-turn|p1a: Moltres
|-resisted|p1a: Moltres
|-damage|p1a: Moltres|86/100 tox
|
|t:|1657587828
|switch|p2a: Krookodile|Krookodile, F, shiny|100/100|[from]move: U-turn
|
|-damage|p1a: Moltres|74/100 tox|[from] psn
|upkeep
|turn|14
|
|t:|1657587839
|switch|p1a: Porygon2|Porygon2|100/100
|-ability|p1a: Porygon2|Moxie|[from] ability: Trace|[of] p2a: Krookodile
|move|p2a: Krookodile|Knock Off|p1a: Porygon2
|-damage|p1a: Porygon2|75/100
|-enditem|p1a: Porygon2|Eviolite|[from] move: Knock Off|[of] p2a: Krookodile
|
|upkeep
|turn|15
|
|t:|1657587847
|switch|p2a: Gengar|Gengar, F|100/100
|move|p1a: Porygon2|Toxic|p2a: Gengar
|-immune|p2a: Gengar
|
|upkeep
|turn|16
|
|t:|1657587860
|move|p2a: Gengar|Substitute|p2a: Gengar
|-start|p2a: Gengar|Substitute
|-damage|p2a: Gengar|76/100
|move|p1a: Porygon2|Foul Play|p2a: Gengar
|-supereffective|p2a: Gengar
|-end|p2a: Gengar|Substitute
|
|-heal|p2a: Gengar|82/100|[from] item: Black Sludge
|upkeep
|turn|17
|
|t:|1657587866
|switch|p2a: Tyranitar|Tyranitar, M|100/100
|-weather|Sandstorm|[from] ability: Sand Stream|[of] p2a: Tyranitar
|move|p1a: Porygon2|Foul Play|p2a: Tyranitar
|-resisted|p2a: Tyranitar
|-damage|p2a: Tyranitar|84/100
|
|-weather|Sandstorm|[upkeep]
|-damage|p1a: Porygon2|69/100|[from] Sandstorm
|-heal|p2a: Tyranitar|91/100|[from] item: Leftovers
|upkeep
|turn|18
|
|t:|1657587872
|move|p2a: Tyranitar|Stealth Rock|p1a: Porygon2
|-sidestart|p1: tocador|move: Stealth Rock
|move|p1a: Porygon2|Toxic|p2a: Tyranitar
|-status|p2a: Tyranitar|tox
|
|-weather|Sandstorm|[upkeep]
|-damage|p1a: Porygon2|62/100|[from] Sandstorm
|-heal|p2a: Tyranitar|97/100 tox|[from] item: Leftovers
|-damage|p2a: Tyranitar|91/100 tox|[from] psn
|upkeep
|turn|19
|
|t:|1657587878
|move|p2a: Tyranitar|Stone Edge|p1a: Porygon2
|-damage|p1a: Porygon2|14/100
|move|p1a: Porygon2|Recover|p1a: Porygon2
|-heal|p1a: Porygon2|64/100
|
|-weather|Sandstorm|[upkeep]
|-damage|p1a: Porygon2|58/100|[from] Sandstorm
|-heal|p2a: Tyranitar|97/100 tox|[from] item: Leftovers
|-damage|p2a: Tyranitar|84/100 tox|[from] psn
|upkeep
|turn|20
|
|t:|1657587881
|move|p2a: Tyranitar|Stone Edge|p1a: Porygon2
|-damage|p1a: Porygon2|10/100
|move|p1a: Porygon2|Recover|p1a: Porygon2
|-heal|p1a: Porygon2|60/100
|
|-weather|Sandstorm|[upkeep]
|-damage|p1a: Porygon2|54/100|[from] Sandstorm
|-heal|p2a: Tyranitar|91/100 tox|[from] item: Leftovers
|-damage|p2a: Tyranitar|72/100 tox|[from] psn
|upkeep
|turn|21
|
|t:|1657587883
|move|p2a: Tyranitar|Stone Edge|p1a: Porygon2
|-damage|p1a: Porygon2|11/100
|move|p1a: Porygon2|Recover|p1a: Porygon2
|-heal|p1a: Porygon2|61/100
|
|-weather|none
|-heal|p2a: Tyranitar|78/100 tox|[from] item: Leftovers
|-damage|p2a: Tyranitar|54/100 tox|[from] psn
|upkeep
|turn|22
|
|t:|1657587885
|move|p2a: Tyranitar|Stone Edge|p1a: Porygon2|[miss]
|-miss|p2a: Tyranitar|p1a: Porygon2
|move|p1a: Porygon2|Recover|p1a: Porygon2
|-heal|p1a: Porygon2|100/100
|
|-heal|p2a: Tyranitar|60/100 tox|[from] item: Leftovers
|-damage|p2a: Tyranitar|29/100 tox|[from] psn
|upkeep
|turn|23
|
|t:|1657587892
|switch|p2a: Corviknight|Corviknight, M|77/100
|move|p1a: Porygon2|Teleport|p1a: Porygon2
|
|t:|1657587895
|switch|p1a: Moltres|Moltres|74/100 tox|[from]move: Teleport
|
|-heal|p2a: Corviknight|84/100|[from] item: Leftovers
|-damage|p1a: Moltres|68/100 tox|[from] psn
|upkeep
|turn|24
|
|t:|1657587901
|move|p1a: Moltres|Defog|p2a: Corviknight
|-ability|p2a: Corviknight|Mirror Armor
|-unboost|p1a: Moltres|evasion|1
|-sideend|p1: tocador|Stealth Rock|[from] move: Defog|[of] p1a: Moltres
|move|p2a: Corviknight|U-turn|p1a: Moltres
|-resisted|p1a: Moltres
|-crit|p1a: Moltres
|-damage|p1a: Moltres|64/100 tox
|-status|p2a: Corviknight|brn|[from] ability: Flame Body|[of] p1a: Moltres
|
|t:|1657587909
|switch|p2a: Gengar|Gengar, F|82/100|[from]move: U-turn
|
|-heal|p2a: Gengar|88/100|[from] item: Black Sludge
|-damage|p1a: Moltres|52/100 tox|[from] psn
|upkeep
|turn|25
|
|t:|1657587917
|switch|p2a: Buzzwole|Buzzwole, shiny|62/100
|switch|p1a: Porygon2|Porygon2|100/100
|-ability|p1a: Porygon2|Beast Boost|[from] ability: Trace|[of] p2a: Buzzwole
|
|upkeep
|turn|26
|
|t:|1657587925
|switch|p1a: Landorus|Landorus-Therian, M|55/100
|-ability|p1a: Landorus|Intimidate|boost
|-unboost|p2a: Buzzwole|atk|1
|move|p2a: Buzzwole|Toxic|p1a: Landorus
|-status|p1a: Landorus|tox
|
|-damage|p1a: Landorus|49/100 tox|[from] psn
|upkeep
|turn|27
|
|t:|1657587935
|switch|p1a: Moltres|Moltres|52/100 tox
|switch|p2a: Krookodile|Krookodile, F, shiny|100/100
|
|-damage|p1a: Moltres|46/100 tox|[from] psn
|upkeep
|turn|28
|
|t:|1657587944
|switch|p1a: Porygon2|Porygon2|100/100
|-ability|p1a: Porygon2|Moxie|[from] ability: Trace|[of] p2a: Krookodile
|move|p2a: Krookodile|Knock Off|p1a: Porygon2
|-damage|p1a: Porygon2|76/100
|
|upkeep
|turn|29
|
|t:|1657587959
|switch|p2a: Corviknight|Corviknight, M|84/100 brn
|move|p1a: Porygon2|Teleport|p1a: Porygon2
|
|t:|1657587961
|switch|p1a: Moltres|Moltres|46/100 tox|[from]move: Teleport
|
|-heal|p2a: Corviknight|90/100 brn|[from] item: Leftovers
|-damage|p1a: Moltres|40/100 tox|[from] psn
|-damage|p2a: Corviknight|84/100 brn|[from] brn
|upkeep
|turn|30
|
|t:|1657587964
|move|p1a: Moltres|Roost|p1a: Moltres
|-heal|p1a: Moltres|90/100 tox
|-singleturn|p1a: Moltres|move: Roost
|move|p2a: Corviknight|U-turn|p1a: Moltres
|-resisted|p1a: Moltres
|-damage|p1a: Moltres|88/100 tox
|
|t:|1657587975
|switch|p2a: Tyranitar|Tyranitar, M|29/100 tox|[from]move: U-turn
|-weather|Sandstorm|[from] ability: Sand Stream|[of] p2a: Tyranitar
|
|-weather|Sandstorm|[upkeep]
|-damage|p1a: Moltres|82/100 tox|[from] Sandstorm
|-heal|p2a: Tyranitar|35/100 tox|[from] item: Leftovers
|-damage|p1a: Moltres|70/100 tox|[from] psn
|-damage|p2a: Tyranitar|29/100 tox|[from] psn
|upkeep
|turn|31
|
|t:|1657587980
|switch|p2a: Buzzwole|Buzzwole, shiny|62/100
|move|p1a: Moltres|Scorching Sands|p2a: Buzzwole
|-resisted|p2a: Buzzwole
|-damage|p2a: Buzzwole|49/100
|-status|p2a: Buzzwole|brn
|
|-weather|Sandstorm|[upkeep]
|-damage|p1a: Moltres|63/100 tox|[from] Sandstorm
|-damage|p2a: Buzzwole|43/100 brn|[from] Sandstorm
|-damage|p1a: Moltres|45/100 tox|[from] psn
|-damage|p2a: Buzzwole|37/100 brn|[from] brn
|upkeep
|turn|32
|
|t:|1657587993
|switch|p1a: Landorus|Landorus-Therian, M|49/100 tox
|-ability|p1a: Landorus|Intimidate|boost
|-unboost|p2a: Buzzwole|atk|1
|move|p2a: Buzzwole|Roost|p2a: Buzzwole
|-heal|p2a: Buzzwole|87/100 brn
|-singleturn|p2a: Buzzwole|move: Roost
|
|-weather|Sandstorm|[upkeep]
|-damage|p2a: Buzzwole|80/100 brn|[from] Sandstorm
|-damage|p1a: Landorus|43/100 tox|[from] psn
|-damage|p2a: Buzzwole|74/100 brn|[from] brn
|upkeep
|turn|33
|
|t:|1657587999
|switch|p2a: Corviknight|Corviknight, M|84/100 brn
|move|p1a: Landorus|Weather Ball|p2a: Corviknight
|-damage|p2a: Corviknight|51/100 brn
|
|-weather|Sandstorm|[upkeep]
|-heal|p2a: Corviknight|57/100 brn|[from] item: Leftovers
|-damage|p1a: Landorus|31/100 tox|[from] psn
|-damage|p2a: Corviknight|51/100 brn|[from] brn
|upkeep
|turn|34
|
|t:|1657588004
|move|p1a: Landorus|Weather Ball|p2a: Corviknight
|-damage|p2a: Corviknight|21/100 brn
|move|p2a: Corviknight|Roost|p2a: Corviknight
|-heal|p2a: Corviknight|71/100 brn
|-singleturn|p2a: Corviknight|move: Roost
|
|-weather|none
|-heal|p2a: Corviknight|77/100 brn|[from] item: Leftovers
|-damage|p1a: Landorus|13/100 tox|[from] psn
|-damage|p2a: Corviknight|71/100 brn|[from] brn
|upkeep
|turn|35
|
|t:|1657588011
|switch|p1a: Majestic AF|Aurorus, F, shiny|100/100
|-weather|Hail|[from] ability: Snow Warning|[of] p1a: Majestic AF
|move|p2a: Corviknight|U-turn|p1a: Majestic AF
|-damage|p1a: Majestic AF|94/100
|
|t:|1657588041
|switch|p2a: Tyranitar|Tyranitar, M|29/100 tox|[from]move: U-turn
|-weather|Sandstorm|[from] ability: Sand Stream|[of] p2a: Tyranitar
|
|-weather|Sandstorm|[upkeep]
|-heal|p2a: Tyranitar|35/100 tox|[from] item: Leftovers
|-damage|p2a: Tyranitar|29/100 tox|[from] psn
|upkeep
|turn|36
|
|t:|1657588047
|switch|p1a: Landorus|Landorus-Therian, M|13/100 tox
|-ability|p1a: Landorus|Intimidate|boost
|-unboost|p2a: Tyranitar|atk|1
|move|p2a: Tyranitar|Stone Edge|p1a: Landorus
|-damage|p1a: Landorus|0 fnt
|faint|p1a: Landorus
|
|-weather|Sandstorm|[upkeep]
|-heal|p2a: Tyranitar|35/100 tox|[from] item: Leftovers
|-damage|p2a: Tyranitar|23/100 tox|[from] psn
|upkeep
|
|t:|1657588059
|switch|p1a: Arctozolt|Arctozolt|100/100
|turn|37
|
|t:|1657588077
|move|p1a: Arctozolt|Bolt Beak|p2a: Tyranitar
|-damage|p2a: Tyranitar|0 fnt
|faint|p2a: Tyranitar
|
|-weather|Sandstorm|[upkeep]
|-damage|p1a: Arctozolt|94/100|[from] Sandstorm
|upkeep
|
|t:|1657588085
|switch|p2a: Krookodile|Krookodile, F, shiny|100/100
|turn|38
|
|t:|1657588113
|switch|p1a: Slowking|Slowking-Galar, F|100/100
|move|p2a: Krookodile|Close Combat|p1a: Slowking
|-resisted|p1a: Slowking
|-damage|p1a: Slowking|91/100
|-unboost|p2a: Krookodile|def|1
|-unboost|p2a: Krookodile|spd|1
|
|-weather|Sandstorm|[upkeep]
|-damage|p1a: Slowking|85/100|[from] Sandstorm
|upkeep
|turn|39
|
|t:|1657588125
|switch|p2a: Corviknight|Corviknight, M|71/100 brn
|move|p1a: Slowking|Future Sight|p2a: Corviknight
|-start|p1a: Slowking|move: Future Sight
|
|-weather|none
|-heal|p2a: Corviknight|77/100 brn|[from] item: Leftovers
|-damage|p2a: Corviknight|71/100 brn|[from] brn
|upkeep
|turn|40
|inactive|Monsieur Eans has 120 seconds left.
|
|t:|1657588165
|move|p2a: Corviknight|U-turn|p1a: Slowking
|-damage|p1a: Slowking|76/100
|
|t:|1657588173
|switch|p2a: Gengar|Gengar, F|88/100|[from]move: U-turn
|move|p1a: Slowking|Flamethrower|p2a: Gengar
|-crit|p2a: Gengar
|-damage|p2a: Gengar|23/100
|
|-heal|p2a: Gengar|30/100|[from] item: Black Sludge
|upkeep
|turn|41
|
|t:|1657588184
|switch|p1a: Porygon2|Porygon2|76/100
|-ability|p1a: Porygon2|Cursed Body|[from] ability: Trace|[of] p2a: Gengar
|move|p2a: Gengar|Shadow Ball|p1a: Porygon2
|-immune|p1a: Porygon2
|
|-end|p2a: Gengar|move: Future Sight
|-supereffective|p2a: Gengar
|-damage|p2a: Gengar|0 fnt
|faint|p2a: Gengar
|upkeep
|inactive|Monsieur Eans has 90 seconds left.
|
|t:|1657588219
|switch|p2a: Krookodile|Krookodile, F, shiny|100/100
|turn|42
|
|t:|1657588233
|move|p2a: Krookodile|Close Combat|p1a: Porygon2
|-supereffective|p1a: Porygon2
|-damage|p1a: Porygon2|18/100
|-unboost|p2a: Krookodile|def|1
|-unboost|p2a: Krookodile|spd|1
|move|p1a: Porygon2|Toxic|p2a: Krookodile
|-status|p2a: Krookodile|tox
|
|-damage|p2a: Krookodile|94/100 tox|[from] psn
|upkeep
|turn|43
|
|t:|1657588238
|switch|p1a: Slowking|Slowking-Galar, F|100/100
|move|p2a: Krookodile|Close Combat|p1a: Slowking
|-resisted|p1a: Slowking
|-damage|p1a: Slowking|90/100
|-unboost|p2a: Krookodile|def|1
|-unboost|p2a: Krookodile|spd|1
|
|-damage|p2a: Krookodile|82/100 tox|[from] psn
|upkeep
|turn|44
|
|t:|1657588247
|switch|p2a: Buzzwole|Buzzwole, shiny|74/100 brn
|move|p1a: Slowking|Flamethrower|p2a: Buzzwole
|-supereffective|p2a: Buzzwole
|-damage|p2a: Buzzwole|12/100 brn
|
|-damage|p2a: Buzzwole|6/100 brn|[from] brn
|upkeep
|turn|45
|
|t:|1657588256
|move|p2a: Buzzwole|Close Combat|p1a: Slowking
|-resisted|p1a: Slowking
|-damage|p1a: Slowking|82/100
|-unboost|p2a: Buzzwole|def|1
|-unboost|p2a: Buzzwole|spd|1
|move|p1a: Slowking|Flamethrower|p2a: Buzzwole
|-supereffective|p2a: Buzzwole
|-damage|p2a: Buzzwole|0 fnt
|faint|p2a: Buzzwole
|
|upkeep
|
|t:|1657588260
|switch|p2a: Krookodile|Krookodile, F, shiny|82/100 tox
|turn|46
|
|t:|1657588266
|switch|p1a: Porygon2|Porygon2|18/100
|-ability|p1a: Porygon2|Moxie|[from] ability: Trace|[of] p2a: Krookodile
|move|p2a: Krookodile|Knock Off|p1a: Porygon2
|-damage|p1a: Porygon2|0 fnt
|faint|p1a: Porygon2
|-ability|p2a: Krookodile|Moxie|boost
|-boost|p2a: Krookodile|atk|1
|
|-damage|p2a: Krookodile|76/100 tox|[from] psn
|upkeep
|
|t:|1657588272
|switch|p1a: Majestic AF|Aurorus, F, shiny|94/100
|-weather|Hail|[from] ability: Snow Warning|[of] p1a: Majestic AF
|turn|47
|
|t:|1657588276
|move|p2a: Krookodile|Knock Off|p1a: Majestic AF
|-damage|p1a: Majestic AF|26/100
|-enditem|p1a: Majestic AF|Icy Rock|[from] move: Knock Off|[of] p2a: Krookodile
|move|p1a: Majestic AF|Blizzard|p2a: Krookodile
|-supereffective|p2a: Krookodile
|-damage|p2a: Krookodile|0 fnt
|faint|p2a: Krookodile
|
|-weather|Hail|[upkeep]
|upkeep
|-message|Monsieur Eans forfeited.
|
|win|tocador
|raw|tocador's rating: 1458 &rarr; <strong>1477</strong><br />(+19 for winning)
|raw|Monsieur Eans's rating: 1439 &rarr; <strong>1420</strong><br />(-19 for losing)
|l|☆Monsieur Eans
|c|☆tocador|gg
