|j|☆Kikoobuster
|j|☆Jackmatica
|t:|1661459997
|gametype|singles
|player|p1|Kikoobuster|266|1372
|player|p2|Jackmatica|cynthia|1378
|teamsize|p1|6
|teamsize|p2|6
|gen|8
|tier|[Gen 8] OU
|rated|
|rule|Sleep Clause Mod: Limit one foe put to sleep
|rule|Species Clause: Limit one of each Pokémon
|rule|OHKO Clause: OHKO moves are banned
|rule|Evasion Items Clause: Evasion items are banned
|rule|Evasion Moves Clause: Evasion moves are banned
|rule|Endless Battle Clause: Forcing endless battles is banned
|rule|HP Percentage Mod: HP is shown in percentages
|rule|Dynamax Clause: You cannot dynamax
|clearpoke
|poke|p1|Klefki, F|
|poke|p1|Weavile, F|
|poke|p1|Magnezone|
|poke|p1|Tornadus-Therian, M|
|poke|p1|Urshifu-*, M|
|poke|p1|Kartana|
|poke|p2|Spiritomb, M|
|poke|p2|Roserade, F|
|poke|p2|Togekiss, F|
|poke|p2|Lucario, M|
|poke|p2|Milotic, F|
|poke|p2|Garchomp, F|
|teampreview
|inactive|Battle timer is ON: inactive players will automatically lose when time's up. (requested by Jackmatica)
|
|t:|1661460008
|start
|switch|p1a: Klefki|Klefki, F|100/100
|switch|p2a: Garchomp|Garchomp, F|100/100
|turn|1
|
|t:|1661460020
|move|p2a: Garchomp|Substitute|p2a: Garchomp
|-start|p2a: Garchomp|Substitute
|-damage|p2a: Garchomp|76/100
|move|p1a: Klefki|Dazzling Gleam|p2a: Garchomp
|-supereffective|p2a: Garchomp
|-end|p2a: Garchomp|Substitute
|
|-heal|p2a: Garchomp|82/100|[from] item: Leftovers
|upkeep
|turn|2
|
|t:|1661460047
|switch|p2a: Spiritomb|Spiritomb, M|100/100
|move|p1a: Klefki|Dazzling Gleam|p2a: Spiritomb
|-supereffective|p2a: Spiritomb
|-damage|p2a: Spiritomb|49/100
|
|upkeep
|turn|3
|
|t:|1661460056
|move|p1a: Klefki|Dazzling Gleam|p2a: Spiritomb
|-supereffective|p2a: Spiritomb
|-damage|p2a: Spiritomb|5/100
|move|p2a: Spiritomb|Poltergeist|p1a: Klefki
|-activate|p1a: Klefki|move: Poltergeist|Leftovers
|-damage|p1a: Klefki|62/100
|
|-heal|p1a: Klefki|67/100|[from] item: Leftovers
|upkeep
|turn|4
|
|t:|1661460068
|switch|p2a: Togekiss|Togekiss, F|100/100
|move|p1a: Klefki|Spikes|p2a: Togekiss
|-sidestart|p2: Jackmatica|Spikes
|
|-heal|p1a: Klefki|73/100|[from] item: Leftovers
|upkeep
|turn|5
|
|t:|1661460074
|move|p1a: Klefki|Thunder Wave|p2a: Togekiss
|-status|p2a: Togekiss|par
|cant|p2a: Togekiss|par
|
|-heal|p1a: Klefki|79/100|[from] item: Leftovers
|upkeep
|turn|6
|
|t:|1661460078
|move|p1a: Klefki|Spikes|p2a: Togekiss
|-sidestart|p2: Jackmatica|Spikes
|move|p2a: Togekiss|Thunder Wave|p1a: Klefki
|-status|p1a: Klefki|par
|
|-heal|p1a: Klefki|85/100 par|[from] item: Leftovers
|upkeep
|turn|7
|
|t:|1661460084
|move|p1a: Klefki|Spikes|p2a: Togekiss
|-sidestart|p2: Jackmatica|Spikes
|move|p2a: Togekiss|Defog|p1a: Klefki
|-unboost|p1a: Klefki|evasion|1
|-sideend|p2: Jackmatica|Spikes|[from] move: Defog|[of] p2a: Togekiss
|
|-heal|p1a: Klefki|91/100 par|[from] item: Leftovers
|upkeep
|turn|8
|
|t:|1661460090
|move|p1a: Klefki|Spikes|p2a: Togekiss
|-sidestart|p2: Jackmatica|Spikes
|cant|p2a: Togekiss|par
|
|-heal|p1a: Klefki|97/100 par|[from] item: Leftovers
|upkeep
|turn|9
|
|t:|1661460096
|cant|p2a: Togekiss|par
|move|p1a: Klefki|Dazzling Gleam|p2a: Togekiss
|-damage|p2a: Togekiss|82/100 par
|
|-heal|p1a: Klefki|100/100 par|[from] item: Leftovers
|upkeep
|turn|10
|
|t:|1661460102
|switch|p1a: Magnezone|Magnezone|100/100
|move|p2a: Togekiss|Defog|p1a: Magnezone
|-unboost|p1a: Magnezone|evasion|1
|-sideend|p2: Jackmatica|Spikes|[from] move: Defog|[of] p2a: Togekiss
|
|upkeep
|turn|11
|
|t:|1661460108
|switch|p2a: Milotic|Milotic, F|100/100
|move|p1a: Magnezone|Teleport|p1a: Magnezone
|
|t:|1661460119
|switch|p1a: Klefki|Klefki, F|100/100 par|[from]move: Teleport
|
|upkeep
|turn|12
|
|t:|1661460122
|move|p1a: Klefki|Toxic|p2a: Milotic
|-status|p2a: Milotic|tox
|move|p2a: Milotic|Scald|p1a: Klefki
|-damage|p1a: Klefki|65/100 par
|
|-heal|p1a: Klefki|71/100 par|[from] item: Leftovers
|-damage|p2a: Milotic|94/100 tox|[from] psn
|upkeep
|turn|13
|
|t:|1661460129
|move|p1a: Klefki|Spikes|p2a: Milotic
|-sidestart|p2: Jackmatica|Spikes
|move|p2a: Milotic|Scald|p1a: Klefki
|-damage|p1a: Klefki|35/100 par
|
|-heal|p1a: Klefki|41/100 par|[from] item: Leftovers
|-damage|p2a: Milotic|82/100 tox|[from] psn
|upkeep
|turn|14
|
|t:|1661460136
|move|p1a: Klefki|Spikes|p2a: Milotic
|-sidestart|p2: Jackmatica|Spikes
|move|p2a: Milotic|Scald|p1a: Klefki
|-damage|p1a: Klefki|10/100 par
|
|-heal|p1a: Klefki|16/100 par|[from] item: Leftovers
|-damage|p2a: Milotic|64/100 tox|[from] psn
|upkeep
|turn|15
|
|t:|1661460143
|switch|p2a: Togekiss|Togekiss, F|82/100 par
|move|p1a: Klefki|Spikes|p2a: Togekiss
|-sidestart|p2: Jackmatica|Spikes
|
|-heal|p1a: Klefki|22/100 par|[from] item: Leftovers
|upkeep
|turn|16
|
|t:|1661460151
|switch|p1a: Magnezone|Magnezone|100/100
|cant|p2a: Togekiss|par
|
|upkeep
|turn|17
|
|t:|1661460155
|move|p1a: Magnezone|Thunderbolt|p2a: Togekiss
|-supereffective|p2a: Togekiss
|-damage|p2a: Togekiss|21/100 par
|cant|p2a: Togekiss|par
|
|upkeep
|turn|18
|
|t:|1661460161
|move|p1a: Magnezone|Thunderbolt|p2a: Togekiss
|-supereffective|p2a: Togekiss
|-damage|p2a: Togekiss|0 fnt
|faint|p2a: Togekiss
|
|upkeep
|-message|Jackmatica forfeited.
|
|win|Kikoobuster
|raw|Kikoobuster's rating: 1372 &rarr; <strong>1392</strong><br />(+20 for winning)
|raw|Jackmatica's rating: 1378 &rarr; <strong>1358</strong><br />(-20 for losing)
|l|☆Kikoobuster
|l|☆Jackmatica
||Ladder isn't responding, score probably updated but might not have (Request timeout).
|j|☆Jackmatica
|player|p2|Jackmatica|cynthia
