|j|☆lie flat
|j|☆FvkboyCharmander
|t:|1667974497
|gametype|singles
|player|p1|lie flat|lass-gen4dp|1635
|player|p2|FvkboyCharmander|170|1681
|teamsize|p1|6
|teamsize|p2|6
|gen|8
|tier|[Gen 8] OU
|rated|
|rule|Sleep Clause Mod: Limit one foe put to sleep
|rule|Species Clause: Limit one of each Pokémon
|rule|OHKO Clause: OHKO moves are banned
|rule|Evasion Items Clause: Evasion items are banned
|rule|Evasion Moves Clause: Evasion moves are banned
|rule|Endless Battle Clause: Forcing endless battles is banned
|rule|HP Percentage Mod: HP is shown in percentages
|rule|Dynamax Clause: You cannot dynamax
|clearpoke
|poke|p1|Urshifu-*, F|
|poke|p1|Tapu Lele|
|poke|p1|Kommo-o, F|
|poke|p1|Aegislash, M|
|poke|p1|Tornadus-Therian, M|
|poke|p1|Zeraora|
|poke|p2|Ninetales-Alola, M|
|poke|p2|Blaziken, M|
|poke|p2|Azumarill, F|
|poke|p2|Landorus-Therian, M|
|poke|p2|Rillaboom, M|
|poke|p2|Hawlucha, F|
|teampreview
|
|t:|1667974508
|start
|switch|p1a: Tapu Lele|Tapu Lele|100/100
|switch|p2a: Landorus|Landorus-Therian, M|100/100
|-fieldstart|move: Psychic Terrain|[from] ability: Psychic Surge|[of] p1a: Tapu Lele
|-ability|p2a: Landorus|Intimidate|boost
|-unboost|p1a: Tapu Lele|atk|1
|turn|1
|
|t:|1667974518
|move|p1a: Tapu Lele|Psychic|p2a: Landorus
|-damage|p2a: Landorus|0 fnt
|faint|p2a: Landorus
|
|upkeep
|
|t:|1667974521
|switch|p2a: Ninetales|Ninetales-Alola, M|100/100
|-weather|Hail|[from] ability: Snow Warning|[of] p2a: Ninetales
|turn|2
|
|t:|1667974525
|move|p2a: Ninetales|Aurora Veil|p2a: Ninetales
|-sidestart|p2: FvkboyCharmander|move: Aurora Veil
|move|p1a: Tapu Lele|Psychic|p2a: Ninetales
|-damage|p2a: Ninetales|49/100
|
|-weather|Hail|[upkeep]
|-damage|p1a: Tapu Lele|94/100|[from] Hail
|upkeep
|turn|3
|
|t:|1667974531
|move|p2a: Ninetales|Moonblast|p1a: Tapu Lele
|-damage|p1a: Tapu Lele|57/100
|move|p1a: Tapu Lele|Psychic|p2a: Ninetales
|-damage|p2a: Ninetales|0 fnt
|faint|p2a: Ninetales
|
|-weather|Hail|[upkeep]
|-damage|p1a: Tapu Lele|51/100|[from] Hail
|upkeep
|
|t:|1667974537
|switch|p2a: Azumarill|Azumarill, F|100/100
|turn|4
|
|t:|1667974540
|move|p1a: Tapu Lele|Psychic|p2a: Azumarill
|-damage|p2a: Azumarill|53/100
|-unboost|p2a: Azumarill|spd|1
|move|p2a: Azumarill|Play Rough|p1a: Tapu Lele
|-damage|p1a: Tapu Lele|0 fnt
|faint|p1a: Tapu Lele
|-damage|p2a: Azumarill|44/100|[from] item: Life Orb
|
|-weather|Hail|[upkeep]
|-damage|p2a: Azumarill|37/100|[from] Hail
|upkeep
|
|t:|1667974556
|switch|p1a: Zeraora|Zeraora|100/100
|turn|5
|
|t:|1667974560
|switch|p2a: Rillaboom|Rillaboom, M|100/100
|-fieldstart|move: Grassy Terrain|[from] ability: Grassy Surge|[of] p2a: Rillaboom
|move|p1a: Zeraora|Plasma Fists|p2a: Rillaboom
|-resisted|p2a: Rillaboom
|-damage|p2a: Rillaboom|87/100
|-fieldactivate|move: Ion Deluge
|-hint|Normal-type moves become Electric-type after using Plasma Fists.
|
|-weather|Hail|[upkeep]
|-damage|p1a: Zeraora|95/100|[from] Hail
|-damage|p2a: Rillaboom|81/100|[from] Hail
|-heal|p1a: Zeraora|100/100|[from] Grassy Terrain
|-heal|p2a: Rillaboom|87/100|[from] Grassy Terrain
|upkeep
|turn|6
|j| tSpooky
|
|t:|1667974573
|switch|p1a: Kommo-o|Kommo-o, F|100/100
|move|p2a: Rillaboom|Swords Dance|p2a: Rillaboom
|-boost|p2a: Rillaboom|atk|2
|
|-weather|none
|-heal|p2a: Rillaboom|93/100|[from] Grassy Terrain
|upkeep
|turn|7
|
|t:|1667974581
|switch|p2a: Hawlucha|Hawlucha, F|100/100
|-enditem|p2a: Hawlucha|Grassy Seed
|-boost|p2a: Hawlucha|def|1|[from] item: Grassy Seed
|move|p1a: Kommo-o|Toxic|p2a: Hawlucha
|-status|p2a: Hawlucha|tox
|
|-damage|p2a: Hawlucha|94/100 tox|[from] psn
|upkeep
|turn|8
|
|t:|1667974593
|switch|p1a: Zeraora|Zeraora|100/100
|move|p2a: Hawlucha|Acrobatics|p1a: Zeraora
|-resisted|p1a: Zeraora
|-damage|p1a: Zeraora|68/100
|
|-heal|p1a: Zeraora|74/100|[from] Grassy Terrain
|-damage|p2a: Hawlucha|82/100 tox|[from] psn
|upkeep
|turn|9
|
|t:|1667974604
|switch|p1a: Tornadus|Tornadus-Therian, M|100/100
|move|p2a: Hawlucha|Close Combat|p1a: Tornadus
|-resisted|p1a: Tornadus
|-damage|p1a: Tornadus|71/100
|-unboost|p2a: Hawlucha|def|1
|-unboost|p2a: Hawlucha|spd|1
|
|-damage|p2a: Hawlucha|64/100 tox|[from] psn
|-sideend|p2: FvkboyCharmander|move: Aurora Veil
|-fieldend|move: Grassy Terrain
|upkeep
|turn|10
|
|t:|1667974617
|move|p2a: Hawlucha|Acrobatics|p1a: Tornadus
|-damage|p1a: Tornadus|23/100
|move|p1a: Tornadus|Hurricane|p2a: Hawlucha|[miss]
|-miss|p1a: Tornadus|p2a: Hawlucha
|
|-damage|p2a: Hawlucha|40/100 tox|[from] psn
|upkeep
|turn|11
|-message|FvkboyCharmander forfeited.
|
|win|lie flat
|raw|lie flat's rating: 1635 &rarr; <strong>1658</strong><br />(+23 for winning)
|raw|FvkboyCharmander's rating: 1681 &rarr; <strong>1658</strong><br />(-23 for losing)
|l|☆FvkboyCharmander
