|j|☆MasterJ007
|j|☆Arnaud senju vgc
|player|p1|MasterJ007|240|1850
|player|p2|Arnaud senju vgc|alder|1784
|teamsize|p1|6
|teamsize|p2|6
|gametype|singles
|gen|8
|tier|[Gen 8] OU
|rated|
|clearpoke
|poke|p1|Cinderace, F|
|poke|p1|Cloyster, M|
|poke|p1|Clefable, F|
|poke|p1|Zeraora|
|poke|p1|Polteageist|
|poke|p1|Conkeldurr, F|
|poke|p2|Ribombee, M|
|poke|p2|Togekiss, F|
|poke|p2|Bisharp, M|
|poke|p2|Excadrill, F|
|poke|p2|Cloyster, M|
|poke|p2|Necrozma|
|rule|Sleep Clause Mod: Limit one foe put to sleep
|rule|Species Clause: Limit one of each Pokémon
|rule|OHKO Clause: OHKO moves are banned
|rule|Evasion Moves Clause: Evasion moves are banned
|rule|Endless Battle Clause: Forcing endless battles is banned
|rule|HP Percentage Mod: HP is shown in percentages
|rule|Dynamax Clause: You cannot dynamax
|teampreview
|inactive|Battle timer is ON: inactive players will automatically lose when time's up. (requested by Arnaud senju vgc)
|
|start
|switch|p1a: Cloyster|Cloyster, M, shiny|100/100
|switch|p2a: Ribombee|Ribombee, M|100/100
|turn|1
|
|move|p2a: Ribombee|Moonblast|p1a: Cloyster
|-crit|p1a: Cloyster
|-damage|p1a: Cloyster|0 fnt
|faint|p1a: Cloyster
|
|upkeep
|j| myjava
|
|switch|p1a: Zeraora|Zeraora|100/100
|turn|2
|
|move|p1a: Zeraora|Bulk Up|p1a: Zeraora
|-boost|p1a: Zeraora|atk|1
|-boost|p1a: Zeraora|def|1
|move|p2a: Ribombee|Sticky Web|p1a: Zeraora
|-sidestart|p1: MasterJ007|move: Sticky Web
|
|upkeep
|turn|3
|
|move|p1a: Zeraora|Plasma Fists|p2a: Ribombee
|-enditem|p2a: Ribombee|Focus Sash
|-damage|p2a: Ribombee|1/100
|-fieldactivate|move: Ion Deluge
|-damage|p1a: Zeraora|91/100|[from] item: Life Orb
|move|p2a: Ribombee|Moonblast|p1a: Zeraora
|-damage|p1a: Zeraora|39/100
|
|upkeep
|turn|4
|j| Wardskidoedels
|
|move|p1a: Zeraora|Drain Punch|p2a: Ribombee
|-resisted|p2a: Ribombee
|-damage|p2a: Ribombee|0 fnt
|-heal|p1a: Zeraora|40/100|[from] drain|[of] p2a: Ribombee
|-damage|p1a: Zeraora|30/100|[from] item: Life Orb
|faint|p2a: Ribombee
|
|upkeep
|j| Guslaiu
|
|switch|p2a: Necrozma|Necrozma|100/100
|turn|5
|
|move|p1a: Zeraora|Plasma Fists|p2a: Necrozma
|-damage|p2a: Necrozma|31/100
|-fieldactivate|move: Ion Deluge
|-damage|p1a: Zeraora|20/100|[from] item: Life Orb
|move|p2a: Necrozma|Iron Defense|p2a: Necrozma
|-boost|p2a: Necrozma|def|2
|
|upkeep
|turn|6
|j| bootleg gengar
|
|move|p1a: Zeraora|Plasma Fists|p2a: Necrozma
|-damage|p2a: Necrozma|0 fnt
|-fieldactivate|move: Ion Deluge
|-damage|p1a: Zeraora|10/100|[from] item: Life Orb
|faint|p2a: Necrozma
|
|upkeep
|c| Guslaiu|broken cindy and lame cloyster and meme polteageist vs meme necrozma lame cloyster and broken lame webs
|
|switch|p2a: Cloyster|Cloyster, M|100/100
|turn|7
|c| Guslaiu|this game is like the zeitgeist of Showdown's shame
|j| Coronavirus EUW
|
|move|p2a: Cloyster|Ice Shard|p1a: Zeraora
|-damage|p1a: Zeraora|0 fnt
|faint|p1a: Zeraora
|
|upkeep
|
|switch|p1a: Conkeldurr|Conkeldurr, F, shiny|100/100
|-activate|p1a: Conkeldurr|move: Sticky Web
|-unboost|p1a: Conkeldurr|spe|1
|turn|8
|c| myjava|Guslaiu do u come on this website just to complain
|
|switch|p2a: Togekiss|Togekiss, F|100/100
|move|p1a: Conkeldurr|Drain Punch|p2a: Togekiss
|-resisted|p2a: Togekiss
|-damage|p2a: Togekiss|89/100
|
|-heal|p2a: Togekiss|96/100|[from] item: Leftovers
|-status|p1a: Conkeldurr|brn|[from] item: Flame Orb
|upkeep
|turn|9
|l| Wardskidoedels
|
|switch|p2a: Excadrill|Excadrill, F|100/100
|-ability|p2a: Excadrill|Mold Breaker
|switch|p1a: Clefable|Clefable, F, shiny|100/100
|-activate|p1a: Clefable|move: Sticky Web
|-unboost|p1a: Clefable|spe|1
|
|upkeep
|turn|10
|j| Wardskidoedels
|c| Guslaiu|I come on this website to spectate actual battle between legit teams, which sadly are rare to find
|
|switch|p1a: Polteageist|Polteageist, shiny|100/100
|-activate|p1a: Polteageist|move: Sticky Web
|-unboost|p1a: Polteageist|spe|1
|move|p2a: Excadrill|Swords Dance|p2a: Excadrill
|-boost|p2a: Excadrill|atk|2
|
|upkeep
|turn|11
|j| sadKEK Sadge
|
|move|p2a: Excadrill|Iron Head|p1a: Polteageist
|-enditem|p1a: Polteageist|Focus Sash
|-damage|p1a: Polteageist|1/100
|-ability|p1a: Polteageist|Weak Armor|boost
|-unboost|p1a: Polteageist|def|1
|-boost|p1a: Polteageist|spe|2
|cant|p1a: Polteageist|flinch
|
|upkeep
|turn|12
|c| Wardskidoedels|If you want to backseat go somewhere else please
|l| Coronavirus EUW
|
|move|p1a: Polteageist|Shadow Ball|p2a: Excadrill
|-damage|p2a: Excadrill|35/100
|move|p2a: Excadrill|Iron Head|p1a: Polteageist
|-damage|p1a: Polteageist|0 fnt
|faint|p1a: Polteageist
|
|upkeep
|
|switch|p1a: Cinderace|Cinderace, F|100/100
|turn|13
|c| Guslaiu|I don't think so, I'm staying right here
|
|move|p1a: Cinderace|Pyro Ball|p2a: Excadrill
|-supereffective|p2a: Excadrill
|-damage|p2a: Excadrill|0 fnt
|faint|p2a: Excadrill
|
|upkeep
|
|switch|p2a: Cloyster|Cloyster, M|100/100
|turn|14
|
|move|p1a: Cinderace|Pyro Ball|p2a: Cloyster
|-damage|p2a: Cloyster|60/100
|move|p2a: Cloyster|Rock Blast|p1a: Cinderace
|-supereffective|p1a: Cinderace
|-damage|p1a: Cinderace|84/100
|-supereffective|p1a: Cinderace
|-damage|p1a: Cinderace|64/100
|-supereffective|p1a: Cinderace
|-crit|p1a: Cinderace
|-damage|p1a: Cinderace|35/100
|-supereffective|p1a: Cinderace
|-damage|p1a: Cinderace|15/100
|-supereffective|p1a: Cinderace
|-damage|p1a: Cinderace|0 fnt
|-hitcount|p1a: Cinderace|5
|faint|p1a: Cinderace
|
|upkeep
|l| sadKEK Sadge
|
|switch|p1a: Conkeldurr|Conkeldurr, F, shiny|100/100 brn
|-activate|p1a: Conkeldurr|move: Sticky Web
|-unboost|p1a: Conkeldurr|spe|1
|turn|15
|c| Wardskidoedels|oof that crit costed you
|
|move|p2a: Cloyster|Icicle Spear|p1a: Conkeldurr
|-damage|p1a: Conkeldurr|93/100 brn
|-damage|p1a: Conkeldurr|84/100 brn
|-damage|p1a: Conkeldurr|75/100 brn
|-damage|p1a: Conkeldurr|66/100 brn
|-damage|p1a: Conkeldurr|58/100 brn
|-hitcount|p1a: Conkeldurr|5
|move|p1a: Conkeldurr|Facade|p2a: Cloyster
|-damage|p2a: Cloyster|2/100
|
|-damage|p1a: Conkeldurr|52/100 brn|[from] brn
|upkeep
|turn|16
|
|move|p2a: Cloyster|Ice Shard|p1a: Conkeldurr
|-damage|p1a: Conkeldurr|40/100 brn
|cant|p1a: Conkeldurr|flinch
|
|-damage|p1a: Conkeldurr|34/100 brn|[from] brn
|upkeep
|turn|17
|c| Wardskidoedels|flinch
|c| Wardskidoedels|pog
|
|move|p2a: Cloyster|Ice Shard|p1a: Conkeldurr
|-damage|p1a: Conkeldurr|21/100 brn
|move|p1a: Conkeldurr|Mach Punch|p2a: Cloyster
|-supereffective|p2a: Cloyster
|-damage|p2a: Cloyster|0 fnt
|faint|p2a: Cloyster
|
|-damage|p1a: Conkeldurr|15/100 brn|[from] brn
|upkeep
|c| Guslaiu|tell me that turn was not retarded
|
|switch|p2a: Togekiss|Togekiss, F|96/100
|turn|18
|c| Wardskidoedels|that was kinda retarded yeah
|
|switch|p1a: Clefable|Clefable, F, shiny|100/100
|-activate|p1a: Clefable|move: Sticky Web
|-unboost|p1a: Clefable|spe|1
|move|p2a: Togekiss|Flamethrower|p1a: Clefable
|-damage|p1a: Clefable|73/100
|
|-heal|p2a: Togekiss|100/100|[from] item: Leftovers
|-heal|p1a: Clefable|79/100|[from] item: Leftovers
|upkeep
|turn|19
|
|move|p2a: Togekiss|Substitute|p2a: Togekiss
|-start|p2a: Togekiss|Substitute
|-damage|p2a: Togekiss|75/100
|move|p1a: Clefable|Wish|p1a: Clefable
|
|-heal|p2a: Togekiss|82/100|[from] item: Leftovers
|-heal|p1a: Clefable|86/100|[from] item: Leftovers
|upkeep
|turn|20
|j| hp dragon altaria
|
|move|p2a: Togekiss|Air Slash|p1a: Clefable
|-damage|p1a: Clefable|54/100
|move|p1a: Clefable|Moonblast|p2a: Togekiss
|-end|p2a: Togekiss|Substitute
|
|-heal|p1a: Clefable|100/100|[from] move: Wish|[wisher] Clefable
|-heal|p2a: Togekiss|88/100|[from] item: Leftovers
|upkeep
|turn|21
|
|move|p2a: Togekiss|Air Slash|p1a: Clefable
|-damage|p1a: Clefable|69/100
|move|p1a: Clefable|Moonblast|p2a: Togekiss
|-damage|p2a: Togekiss|59/100
|-unboost|p2a: Togekiss|spa|1
|
|-heal|p2a: Togekiss|65/100|[from] item: Leftovers
|-heal|p1a: Clefable|75/100|[from] item: Leftovers
|upkeep
|turn|22
|c| Wardskidoedels|no flinches
|c| Wardskidoedels|whew
|
|move|p2a: Togekiss|Air Slash|p1a: Clefable
|-damage|p1a: Clefable|45/100
|move|p1a: Clefable|Wish|p1a: Clefable
|
|-heal|p2a: Togekiss|72/100|[from] item: Leftovers
|-heal|p1a: Clefable|51/100|[from] item: Leftovers
|upkeep
|turn|23
|j| cancer02
|
|switch|p2a: Bisharp|Bisharp, M|100/100
|move|p1a: Clefable|Protect||[still]
|-fail|p1a: Clefable
|
|-heal|p1a: Clefable|100/100|[from] move: Wish|[wisher] Clefable
|upkeep
|turn|24
|c| Guslaiu|relying on flinches is just bullshit strat
|
|move|p2a: Bisharp|Iron Head|p1a: Clefable
|-supereffective|p1a: Clefable
|-damage|p1a: Clefable|9/100
|-damage|p2a: Bisharp|91/100|[from] item: Life Orb
|move|p1a: Clefable|Moonblast|p2a: Bisharp
|-damage|p2a: Bisharp|38/100
|
|-heal|p1a: Clefable|15/100|[from] item: Leftovers
|upkeep
|turn|25
|c| Wardskidoedels|pretty reliable if you're running togekiss
|c| Guslaiu|60% isn't reliable
|l| hp dragon altaria
|c|☆Arnaud senju vgc|Gg
|c| Guslaiu|expecially when you're banking on like 4/5 flinches in a row
|inactive|MasterJ007 has 120 seconds left.
|
|move|p1a: Clefable|Protect|p1a: Clefable
|-singleturn|p1a: Clefable|Protect
|move|p2a: Bisharp|Iron Head|p1a: Clefable
|-activate|p1a: Clefable|move: Protect
|
|-heal|p1a: Clefable|21/100|[from] item: Leftovers
|upkeep
|turn|26
|c| Wardskidoedels|yeah
|c| Guslaiu|yeah, no, this was a bg if I ever saw one
|c| Wardskidoedels|happens more often than not
|
|move|p2a: Bisharp|Iron Head|p1a: Clefable
|-supereffective|p1a: Clefable
|-damage|p1a: Clefable|0 fnt
|-damage|p2a: Bisharp|28/100|[from] item: Life Orb
|faint|p1a: Clefable
|
|upkeep
|
|switch|p1a: Conkeldurr|Conkeldurr, F, shiny|15/100 brn
|-activate|p1a: Conkeldurr|move: Sticky Web
|-unboost|p1a: Conkeldurr|spe|1
|turn|27
|c| Guslaiu|literally two unworthy, shameful teams haxing each other to the ground
|c| Wardskidoedels|gus nobody asked for criticism
|c| Wardskidoedels|also they're 1700 elo
|inactive|Arnaud senju vgc has 120 seconds left.
|
|move|p2a: Bisharp|Sucker Punch|p1a: Conkeldurr
|-resisted|p1a: Conkeldurr
|-crit|p1a: Conkeldurr
|-damage|p1a: Conkeldurr|0 fnt
|-damage|p2a: Bisharp|19/100|[from] item: Life Orb
|faint|p1a: Conkeldurr
|
|win|Arnaud senju vgc
|raw|MasterJ007's rating: 1850 &rarr; <strong>1826</strong><br />(-24 for losing)
|raw|Arnaud senju vgc's rating: 1784 &rarr; <strong>1807</strong><br />(+23 for winning)
|c| Wardskidoedels|not sure how that is unworthy
|c| Guslaiu|implying ladder measures anything
