|j|☆cump4
|j|☆bigtestsofbig
|t:|1661113765
|gametype|singles
|player|p1|cump4|pilot|1696
|player|p2|bigtestsofbig|medium|1629
|teamsize|p1|6
|teamsize|p2|6
|gen|8
|tier|[Gen 8] OU
|rated|
|rule|Sleep Clause Mod: Limit one foe put to sleep
|rule|Species Clause: Limit one of each Pokémon
|rule|OHKO Clause: OHKO moves are banned
|rule|Evasion Items Clause: Evasion items are banned
|rule|Evasion Moves Clause: Evasion moves are banned
|rule|Endless Battle Clause: Forcing endless battles is banned
|rule|HP Percentage Mod: HP is shown in percentages
|rule|Dynamax Clause: You cannot dynamax
|clearpoke
|poke|p1|Heatran, M|
|poke|p1|Landorus-Therian, M|
|poke|p1|Magnezone|
|poke|p1|Rillaboom, F|
|poke|p1|Latios, M|
|poke|p1|Dragapult, F|
|poke|p2|Terrakion|
|poke|p2|Tapu Fini|
|poke|p2|Scizor, M|
|poke|p2|Hippowdon, F|
|poke|p2|Skarmory, M|
|poke|p2|Slowking-Galar, M|
|teampreview
|c|☆cump4|hf
|j| Matheus RW
|c|☆bigtestsofbig|u2
|l| Matheus RW
|inactive|Battle timer is ON: inactive players will automatically lose when time's up. (requested by cump4)
|
|t:|1661113785
|start
|switch|p1a: Latios|Latios, M, shiny|100/100
|switch|p2a: cow|Terrakion|100/100
|turn|1
|
|t:|1661113791
|switch|p2a: THE BITE OF 87?!|Slowking-Galar, M|100/100
|move|p1a: Latios|Psyshock|p2a: THE BITE OF 87?!
|-damage|p2a: THE BITE OF 87?!|40/100
|
|upkeep
|turn|2
|
|t:|1661113798
|switch|p1a: Magnezone|Magnezone, shiny|100/100
|move|p2a: THE BITE OF 87?!|Future Sight|p1a: Magnezone
|-start|p2a: THE BITE OF 87?!|move: Future Sight
|
|upkeep
|turn|3
|
|t:|1661113816
|switch|p1a: Latios|Latios, M, shiny|100/100
|switch|p2a: representation|Hippowdon, F|100/100
|-weather|Sandstorm|[from] ability: Sand Stream|[of] p2a: representation
|
|-weather|Sandstorm|[upkeep]
|-damage|p1a: Latios|95/100|[from] Sandstorm
|upkeep
|turn|4
|
|t:|1661113822
|move|p1a: Latios|Draco Meteor|p2a: representation
|-damage|p2a: representation|33/100
|-unboost|p1a: Latios|spa|2
|move|p2a: representation|Slack Off|p2a: representation
|-heal|p2a: representation|83/100
|
|-weather|Sandstorm|[upkeep]
|-damage|p1a: Latios|89/100|[from] Sandstorm
|-end|p1a: Latios|move: Future Sight
|-resisted|p1a: Latios
|-damage|p1a: Latios|63/100
|-heal|p2a: representation|90/100|[from] item: Leftovers
|upkeep
|turn|5
|
|t:|1661113828
|switch|p1a: Landorus|Landorus-Therian, M|100/100
|-ability|p1a: Landorus|Intimidate|boost
|-unboost|p2a: representation|atk|1
|move|p2a: representation|Stealth Rock|p1a: Landorus
|-sidestart|p1: cump4|move: Stealth Rock
|
|-weather|Sandstorm|[upkeep]
|-heal|p2a: representation|96/100|[from] item: Leftovers
|upkeep
|turn|6
|
|t:|1661113832
|move|p1a: Landorus|Defog|p2a: representation
|-unboost|p2a: representation|evasion|1
|-sideend|p1: cump4|Stealth Rock|[from] move: Defog|[of] p1a: Landorus
|move|p2a: representation|Toxic|p1a: Landorus
|-status|p1a: Landorus|tox
|
|-weather|Sandstorm|[upkeep]
|-heal|p2a: representation|100/100|[from] item: Leftovers
|-damage|p1a: Landorus|94/100 tox|[from] psn
|upkeep
|turn|7
|
|t:|1661113838
|switch|p2a: mr krabs|Scizor, M|100/100
|move|p1a: Landorus|U-turn|p2a: mr krabs
|-resisted|p2a: mr krabs
|-damage|p2a: mr krabs|93/100
|
|t:|1661113842
|switch|p1a: Heatran|Heatran, M|100/100|[from]move: U-turn
|
|-weather|none
|-heal|p2a: mr krabs|99/100|[from] item: Leftovers
|upkeep
|turn|8
|
|t:|1661113847
|switch|p2a: representation|Hippowdon, F|100/100
|-weather|Sandstorm|[from] ability: Sand Stream|[of] p2a: representation
|move|p1a: Heatran|Stealth Rock|p2a: representation
|-sidestart|p2: bigtestsofbig|move: Stealth Rock
|
|-weather|Sandstorm|[upkeep]
|upkeep
|turn|9
|
|t:|1661113852
|switch|p1a: Rillaboom|Rillaboom, F|100/100
|-fieldstart|move: Grassy Terrain|[from] ability: Grassy Surge|[of] p1a: Rillaboom
|move|p2a: representation|Stealth Rock|p1a: Rillaboom
|-sidestart|p1: cump4|move: Stealth Rock
|
|-weather|Sandstorm|[upkeep]
|-damage|p1a: Rillaboom|94/100|[from] Sandstorm
|-heal|p1a: Rillaboom|100/100|[from] Grassy Terrain
|upkeep
|turn|10
|
|t:|1661113861
|switch|p2a: mr krabs|Scizor, M|99/100
|-damage|p2a: mr krabs|87/100|[from] Stealth Rock
|move|p1a: Rillaboom|U-turn|p2a: mr krabs
|-resisted|p2a: mr krabs
|-damage|p2a: mr krabs|74/100
|
|t:|1661113863
|switch|p1a: Magnezone|Magnezone, shiny|100/100|[from]move: U-turn
|-damage|p1a: Magnezone|94/100|[from] Stealth Rock
|
|-weather|Sandstorm|[upkeep]
|-heal|p1a: Magnezone|100/100|[from] Grassy Terrain
|-heal|p2a: mr krabs|80/100|[from] Grassy Terrain
|-heal|p2a: mr krabs|86/100|[from] item: Leftovers
|upkeep
|turn|11
|
|t:|1661113872
|move|p1a: Magnezone|Discharge|p2a: mr krabs
|-damage|p2a: mr krabs|47/100
|move|p2a: mr krabs|U-turn|p1a: Magnezone
|-resisted|p1a: Magnezone
|-damage|p1a: Magnezone|90/100
|
|t:|1661113880
|switch|p2a: cow|Terrakion|100/100|[from]move: U-turn
|-damage|p2a: cow|94/100|[from] Stealth Rock
|
|-weather|Sandstorm|[upkeep]
|-heal|p2a: cow|100/100|[from] Grassy Terrain
|-heal|p1a: Magnezone|96/100|[from] Grassy Terrain
|-heal|p1a: Magnezone|100/100|[from] item: Leftovers
|upkeep
|turn|12
|
|t:|1661113888
|switch|p1a: Landorus|Landorus-Therian, M|94/100 tox
|-damage|p1a: Landorus|82/100 tox|[from] Stealth Rock
|-ability|p1a: Landorus|Intimidate|boost
|-unboost|p2a: cow|atk|1
|move|p2a: cow|Stone Edge|p1a: Landorus
|-damage|p1a: Landorus|28/100 tox
|
|-weather|none
|-heal|p1a: Landorus|34/100 tox|[from] item: Leftovers
|-damage|p1a: Landorus|28/100 tox|[from] psn
|upkeep
|turn|13
|
|t:|1661113895
|move|p2a: cow|Stone Edge|p1a: Landorus|[miss]
|-miss|p2a: cow|p1a: Landorus
|move|p1a: Landorus|U-turn|p2a: cow
|-resisted|p2a: cow
|-damage|p2a: cow|89/100
|
|t:|1661113900
|switch|p1a: Latios|Latios, M, shiny|63/100|[from]move: U-turn
|-damage|p1a: Latios|51/100|[from] Stealth Rock
|
|-heal|p2a: cow|95/100|[from] Grassy Terrain
|-fieldend|move: Grassy Terrain
|upkeep
|turn|14
|
|t:|1661113904
|switch|p2a: THE BITE OF 87?!|Slowking-Galar, M|74/100
|-damage|p2a: THE BITE OF 87?!|61/100|[from] Stealth Rock
|move|p1a: Latios|Psyshock|p2a: THE BITE OF 87?!
|-damage|p2a: THE BITE OF 87?!|0 fnt
|faint|p2a: THE BITE OF 87?!
|
|upkeep
|
|t:|1661113912
|switch|p2a: mr krabs|Scizor, M|47/100
|-damage|p2a: mr krabs|35/100|[from] Stealth Rock
|turn|15
|
|t:|1661113917
|switch|p1a: Magnezone|Magnezone, shiny|100/100
|-damage|p1a: Magnezone|94/100|[from] Stealth Rock
|move|p2a: mr krabs|Roost|p2a: mr krabs
|-heal|p2a: mr krabs|85/100
|-singleturn|p2a: mr krabs|move: Roost
|
|-heal|p1a: Magnezone|100/100|[from] item: Leftovers
|-heal|p2a: mr krabs|91/100|[from] item: Leftovers
|upkeep
|turn|16
|
|t:|1661113922
|move|p1a: Magnezone|Discharge|p2a: mr krabs
|-damage|p2a: mr krabs|51/100
|move|p2a: mr krabs|Roost|p2a: mr krabs
|-heal|p2a: mr krabs|100/100
|-singleturn|p2a: mr krabs|move: Roost
|
|upkeep
|turn|17
|
|t:|1661113927
|move|p1a: Magnezone|Discharge|p2a: mr krabs
|-damage|p2a: mr krabs|60/100
|move|p2a: mr krabs|U-turn|p1a: Magnezone
|-resisted|p1a: Magnezone
|-damage|p1a: Magnezone|90/100
|
|t:|1661113933
|switch|p2a: cow|Terrakion|95/100|[from]move: U-turn
|-damage|p2a: cow|89/100|[from] Stealth Rock
|
|-heal|p1a: Magnezone|96/100|[from] item: Leftovers
|upkeep
|turn|18
|
|t:|1661113941
|move|p2a: cow|Earthquake|p1a: Magnezone
|-supereffective|p1a: Magnezone
|-damage|p1a: Magnezone|0 fnt
|faint|p1a: Magnezone
|
|upkeep
|
|t:|1661113944
|switch|p1a: Dragapult|Dragapult, F, shiny|100/100
|-damage|p1a: Dragapult|88/100|[from] Stealth Rock
|turn|19
|
|t:|1661113949
|switch|p2a: representation|Hippowdon, F|100/100
|-damage|p2a: representation|94/100|[from] Stealth Rock
|-weather|Sandstorm|[from] ability: Sand Stream|[of] p2a: representation
|move|p1a: Dragapult|Dragon Darts|p2a: representation
|-damage|p2a: representation|66/100
|-anim|p1a: Dragapult|Dragon Darts|p2a: representation
|-damage|p2a: representation|36/100
|
|-weather|Sandstorm|[upkeep]
|-damage|p1a: Dragapult|82/100|[from] Sandstorm
|-heal|p2a: representation|42/100|[from] item: Leftovers
|upkeep
|turn|20
|
|t:|1661113955
|switch|p1a: Rillaboom|Rillaboom, F|100/100
|-damage|p1a: Rillaboom|88/100|[from] Stealth Rock
|-fieldstart|move: Grassy Terrain|[from] ability: Grassy Surge|[of] p1a: Rillaboom
|move|p2a: representation|Slack Off|p2a: representation
|-heal|p2a: representation|92/100
|
|-weather|Sandstorm|[upkeep]
|-damage|p1a: Rillaboom|82/100|[from] Sandstorm
|-heal|p1a: Rillaboom|88/100|[from] Grassy Terrain
|-heal|p2a: representation|98/100|[from] Grassy Terrain
|-heal|p2a: representation|100/100|[from] item: Leftovers
|upkeep
|turn|21
|
|t:|1661113968
|switch|p2a: spork|Skarmory, M|100/100
|-damage|p2a: spork|88/100|[from] Stealth Rock
|move|p1a: Rillaboom|U-turn|p2a: spork
|-resisted|p2a: spork
|-damage|p2a: spork|83/100
|
|t:|1661113974
|switch|p1a: Heatran|Heatran, M|100/100|[from]move: U-turn
|-damage|p1a: Heatran|88/100|[from] Stealth Rock
|
|-weather|Sandstorm|[upkeep]
|-heal|p1a: Heatran|94/100|[from] Grassy Terrain
|-heal|p1a: Heatran|100/100|[from] item: Leftovers
|-heal|p2a: spork|89/100|[from] item: Leftovers
|upkeep
|turn|22
|
|t:|1661113979
|switch|p2a: cow|Terrakion|89/100
|-damage|p2a: cow|83/100|[from] Stealth Rock
|move|p1a: Heatran|Lava Plume|p2a: cow
|-resisted|p2a: cow
|-damage|p2a: cow|70/100
|
|-weather|Sandstorm|[upkeep]
|-heal|p2a: cow|76/100|[from] Grassy Terrain
|upkeep
|turn|23
|
|t:|1661113984
|switch|p1a: Dragapult|Dragapult, F, shiny|82/100
|-damage|p1a: Dragapult|70/100|[from] Stealth Rock
|move|p2a: cow|Stone Edge|p1a: Dragapult
|-damage|p1a: Dragapult|0 fnt
|faint|p1a: Dragapult
|
|-weather|none
|-heal|p2a: cow|83/100|[from] Grassy Terrain
|upkeep
|
|t:|1661113988
|switch|p1a: Rillaboom|Rillaboom, F|88/100
|-damage|p1a: Rillaboom|76/100|[from] Stealth Rock
|turn|24
|
|t:|1661113994
|switch|p2a: mr krabs|Scizor, M|60/100
|-damage|p2a: mr krabs|48/100|[from] Stealth Rock
|move|p1a: Rillaboom|U-turn|p2a: mr krabs
|-resisted|p2a: mr krabs
|-damage|p2a: mr krabs|34/100
|
|t:|1661113998
|switch|p1a: Heatran|Heatran, M|100/100|[from]move: U-turn
|-damage|p1a: Heatran|88/100|[from] Stealth Rock
|
|-heal|p1a: Heatran|94/100|[from] Grassy Terrain
|-heal|p1a: Heatran|100/100|[from] item: Leftovers
|-heal|p2a: mr krabs|40/100|[from] Grassy Terrain
|-heal|p2a: mr krabs|46/100|[from] item: Leftovers
|-fieldend|move: Grassy Terrain
|upkeep
|turn|25
|
|t:|1661114004
|move|p1a: Heatran|Lava Plume|p2a: mr krabs
|-supereffective|p2a: mr krabs
|-damage|p2a: mr krabs|0 fnt
|faint|p2a: mr krabs
|
|upkeep
|
|t:|1661114017
|switch|p2a: cow|Terrakion|83/100
|-damage|p2a: cow|76/100|[from] Stealth Rock
|turn|26
|
|t:|1661114020
|switch|p1a: Rillaboom|Rillaboom, F|76/100
|-damage|p1a: Rillaboom|64/100|[from] Stealth Rock
|-fieldstart|move: Grassy Terrain|[from] ability: Grassy Surge|[of] p1a: Rillaboom
|move|p2a: cow|Close Combat|p1a: Rillaboom
|-damage|p1a: Rillaboom|0 fnt
|-unboost|p2a: cow|def|1
|-unboost|p2a: cow|spd|1
|faint|p1a: Rillaboom
|
|-heal|p2a: cow|83/100|[from] Grassy Terrain
|upkeep
|-message|cump4 forfeited.
|
|win|bigtestsofbig
|raw|cump4's rating: 1696 &rarr; <strong>1672</strong><br />(-24 for losing)
|raw|bigtestsofbig's rating: 1629 &rarr; <strong>1653</strong><br />(+24 for winning)
|l|☆cump4
|c|☆bigtestsofbig|gg
||Ladder isn't responding, score probably updated but might not have (Request timeout).
