|j|☆broked on bricks
|j|☆knexhawk2
|t:|1668039467
|gametype|singles
|player|p1|broked on bricks|ultraforestkartenvoy|
|player|p2|knexhawk2|benga|
|teamsize|p1|6
|teamsize|p2|6
|gen|8
|tier|[Gen 8] OU
|rule|Sleep Clause Mod: Limit one foe put to sleep
|rule|Species Clause: Limit one of each Pokémon
|rule|OHKO Clause: OHKO moves are banned
|rule|Evasion Items Clause: Evasion items are banned
|rule|Evasion Moves Clause: Evasion moves are banned
|rule|Endless Battle Clause: Forcing endless battles is banned
|rule|HP Percentage Mod: HP is shown in percentages
|rule|Dynamax Clause: You cannot dynamax
|clearpoke
|poke|p1|Pelipper, F|
|poke|p1|Keldeo-Resolute|
|poke|p1|Dragapult, M|
|poke|p1|Tapu Lele|
|poke|p1|Melmetal|
|poke|p1|Landorus-Therian, M|
|poke|p2|Vanilluxe, M|
|poke|p2|Kartana|
|poke|p2|Landorus-Therian, M|
|poke|p2|Slowking, M|
|poke|p2|Zapdos|
|poke|p2|Volcarona, M|
|teampreview
|inactive|Battle timer is ON: inactive players will automatically lose when time's up. (requested by broked on bricks)
|c|☆broked on bricks|oh nah the ice cream cone
|c|☆knexhawk2|:)
|inactive|knexhawk2 has 270 seconds left.
|c|☆knexhawk2|gimme 2 secs i accepted a challenge already lol
|c|☆broked on bricks|I'm not a very good player, I'm peak 1810 so like
|c|☆broked on bricks|don't expect much
|c|☆broked on bricks|oh yeah go ahead like
|c|☆broked on bricks|no rush
|inactive|knexhawk2 has 240 seconds left.
|inactiveoff|Battle timer is now OFF.
|c|☆knexhawk2|ok
|c|☆knexhawk2|sorry
|c|☆knexhawk2|ready
|c|☆broked on bricks|sweet
|
|t:|1668039844
|start
|switch|p1a: Lele Wulong|Tapu Lele|100/100
|switch|p2a: Vanilluxe|Vanilluxe, M|100/100
|-fieldstart|move: Psychic Terrain|[from] ability: Psychic Surge|[of] p1a: Lele Wulong
|-weather|Hail|[from] ability: Snow Warning|[of] p2a: Vanilluxe
|turn|1
|c|☆broked on bricks|wait I forgot why I led this
|
|t:|1668039860
|switch|p1a: PENTADACTYL LIMB|Pelipper, F|100/100
|-weather|RainDance|[from] ability: Drizzle|[of] p1a: PENTADACTYL LIMB
|switch|p2a: Slowking|Slowking, M|100/100
|
|-weather|RainDance|[upkeep]
|upkeep
|turn|2
|c|☆knexhawk2|1810 isnt bad tho
|
|t:|1668039866
|move|p1a: PENTADACTYL LIMB|Hurricane|p2a: Slowking
|-damage|p2a: Slowking|59/100
|move|p2a: Slowking|Teleport|p2a: Slowking
|
|t:|1668039870
|switch|p2a: Zapdos|Zapdos|100/100|[from]move: Teleport
|
|-weather|RainDance|[upkeep]
|upkeep
|turn|3
|
|t:|1668039873
|switch|p1a: SWAG LIKE OHIO|Landorus-Therian, M|100/100
|-ability|p1a: SWAG LIKE OHIO|Intimidate|boost
|-unboost|p2a: Zapdos|atk|1
|move|p2a: Zapdos|Hurricane|p1a: SWAG LIKE OHIO
|-damage|p1a: SWAG LIKE OHIO|62/100
|-enditem|p1a: SWAG LIKE OHIO|Eject Button
|
|t:|1668039875
|switch|p1a: Schmelldeo|Keldeo-Resolute|100/100
|
|-weather|RainDance|[upkeep]
|upkeep
|turn|4
|
|t:|1668039879
|switch|p2a: Slowking|Slowking, M|92/100
|move|p1a: Schmelldeo|Surf|p2a: Slowking
|-resisted|p2a: Slowking
|-damage|p2a: Slowking|64/100
|
|-weather|RainDance|[upkeep]
|upkeep
|turn|5
|
|t:|1668039881
|move|p1a: Schmelldeo|Surf|p2a: Slowking
|-resisted|p2a: Slowking
|-damage|p2a: Slowking|35/100
|move|p2a: Slowking|Teleport|p2a: Slowking
|
|t:|1668039886
|switch|p2a: Kartana|Kartana|100/100|[from]move: Teleport
|
|-weather|none
|-fieldend|move: Psychic Terrain
|upkeep
|turn|6
|
|t:|1668039892
|switch|p1a: These Bolts|Melmetal|100/100
|switch|p2a: Slowking|Slowking, M|68/100
|
|upkeep
|turn|7
|
|t:|1668039898
|switch|p2a: Volcarona|Volcarona, M|100/100
|move|p1a: These Bolts|Toxic|p2a: Volcarona
|-status|p2a: Volcarona|tox
|
|-damage|p2a: Volcarona|94/100 tox|[from] psn
|upkeep
|turn|8
|
|t:|1668039907
|switch|p1a: PENTADACTYL LIMB|Pelipper, F|100/100
|-weather|RainDance|[from] ability: Drizzle|[of] p1a: PENTADACTYL LIMB
|move|p2a: Volcarona|Quiver Dance|p2a: Volcarona
|-boost|p2a: Volcarona|spa|1
|-boost|p2a: Volcarona|spd|1
|-boost|p2a: Volcarona|spe|1
|
|-weather|RainDance|[upkeep]
|-damage|p2a: Volcarona|82/100 tox|[from] psn
|upkeep
|turn|9
|c|☆broked on bricks|if this is giga drain
|c|☆broked on bricks|I am going to have an aneurysm
|
|t:|1668039926
|switch|p2a: Slowking|Slowking, M|100/100
|switch|p1a: SWAG LIKE OHIO|Landorus-Therian, M|62/100
|-ability|p1a: SWAG LIKE OHIO|Intimidate|boost
|-unboost|p2a: Slowking|atk|1
|
|-weather|RainDance|[upkeep]
|upkeep
|turn|10
|
|t:|1668039931
|move|p1a: SWAG LIKE OHIO|Knock Off|p2a: Slowking
|-supereffective|p2a: Slowking
|-damage|p2a: Slowking|38/100
|-enditem|p2a: Slowking|Heavy-Duty Boots|[from] move: Knock Off|[of] p1a: SWAG LIKE OHIO
|move|p2a: Slowking|Scald|p1a: SWAG LIKE OHIO
|-supereffective|p1a: SWAG LIKE OHIO
|-damage|p1a: SWAG LIKE OHIO|0 fnt
|faint|p1a: SWAG LIKE OHIO
|
|-weather|RainDance|[upkeep]
|upkeep
|c|☆knexhawk2|I am not giga drain
|c|☆knexhawk2|Aw fuck
|c|☆knexhawk2|i shouldnt of scalded there
|
|t:|1668039943
|switch|p1a: Dragopult|Dragapult, M|100/100
|turn|11
|
|t:|1668039948
|switch|p2a: Landorus|Landorus-Therian, M|100/100
|-ability|p2a: Landorus|Intimidate|boost
|-unboost|p1a: Dragopult|atk|1
|move|p1a: Dragopult|Shadow Ball|p2a: Landorus
|-damage|p2a: Landorus|59/100
|
|-weather|RainDance|[upkeep]
|-heal|p2a: Landorus|65/100|[from] item: Leftovers
|upkeep
|turn|12
|c|☆broked on bricks|eh I mean in this matchup being up in sacks is important
|
|t:|1668039964
|switch|p1a: These Bolts|Melmetal|100/100
|move|p2a: Landorus|U-turn|p1a: These Bolts
|-resisted|p1a: These Bolts
|-damage|p1a: These Bolts|94/100
|c|☆knexhawk2|no no
|c|☆knexhawk2|you dont know
|c|☆broked on bricks|oh fuck
|
|t:|1668039973
|switch|p2a: Zapdos|Zapdos|100/100|[from]move: U-turn
|
|-weather|none
|-heal|p1a: These Bolts|100/100|[from] item: Leftovers
|upkeep
|turn|13
|c|☆broked on bricks|le unaware
|
|t:|1668039981
|switch|p1a: Dragopult|Dragapult, M|100/100
|move|p2a: Zapdos|Volt Switch|p1a: Dragopult
|-resisted|p1a: Dragopult
|-damage|p1a: Dragopult|81/100
|
|t:|1668039986
|switch|p2a: Vanilluxe|Vanilluxe, M|100/100|[from]move: Volt Switch
|-weather|Hail|[from] ability: Snow Warning|[of] p2a: Vanilluxe
|
|-weather|Hail|[upkeep]
|-damage|p1a: Dragopult|75/100|[from] Hail
|upkeep
|turn|14
|
|t:|1668039991
|move|p1a: Dragopult|Draco Meteor|p2a: Vanilluxe
|-damage|p2a: Vanilluxe|0 fnt
|-unboost|p1a: Dragopult|spa|2
|faint|p2a: Vanilluxe
|
|-weather|Hail|[upkeep]
|-damage|p1a: Dragopult|69/100|[from] Hail
|upkeep
|
|t:|1668039995
|switch|p2a: Kartana|Kartana|100/100
|turn|15
|
|t:|1668040000
|switch|p1a: These Bolts|Melmetal|100/100
|move|p2a: Kartana|Swords Dance|p2a: Kartana
|-boost|p2a: Kartana|atk|2
|
|-weather|Hail|[upkeep]
|-damage|p2a: Kartana|94/100|[from] Hail
|-damage|p1a: These Bolts|94/100|[from] Hail
|-heal|p1a: These Bolts|100/100|[from] item: Leftovers
|upkeep
|turn|16
|
|t:|1668040014
|switch|p1a: Lele Wulong|Tapu Lele|100/100
|-fieldstart|move: Psychic Terrain|[from] ability: Psychic Surge|[of] p1a: Lele Wulong
|move|p2a: Kartana|Knock Off|p1a: Lele Wulong
|-damage|p1a: Lele Wulong|0 fnt
|-enditem|p1a: Lele Wulong|Choice Scarf|[from] move: Knock Off|[of] p2a: Kartana
|faint|p1a: Lele Wulong
|-ability|p2a: Kartana|Beast Boost|boost
|-boost|p2a: Kartana|atk|1
|
|-weather|Hail|[upkeep]
|-damage|p2a: Kartana|88/100|[from] Hail
|upkeep
|c|☆broked on bricks|fuck
|c|☆knexhawk2|i won if i saved ur lando here
|c|☆broked on bricks|haha
|
|t:|1668040021
|switch|p1a: Dragopult|Dragapult, M|69/100
|turn|17
|c|☆knexhawk2|instead ill settle for my 1 kill
|
|t:|1668040029
|switch|p2a: Volcarona|Volcarona, M|82/100 tox
|move|p1a: Dragopult|Shadow Ball|p2a: Volcarona
|-damage|p2a: Volcarona|33/100 tox
|
|-weather|none
|-damage|p2a: Volcarona|27/100 tox|[from] psn
|upkeep
|turn|18
|
|t:|1668040031
|move|p1a: Dragopult|Shadow Ball|p2a: Volcarona
|-damage|p2a: Volcarona|0 fnt
|faint|p2a: Volcarona
|
|upkeep
|
|t:|1668040034
|switch|p2a: Zapdos|Zapdos|100/100
|turn|19
|
|t:|1668040047
|move|p1a: Dragopult|Shadow Ball|p2a: Zapdos
|-damage|p2a: Zapdos|49/100
|move|p2a: Zapdos|Hurricane|p1a: Dragopult
|-damage|p1a: Dragopult|10/100
|
|upkeep
|turn|20
|
|t:|1668040057
|move|p1a: Dragopult|Shadow Ball|p2a: Zapdos
|-damage|p2a: Zapdos|0 fnt
|faint|p2a: Zapdos
|
|-fieldend|move: Psychic Terrain
|upkeep
|
|t:|1668040060
|switch|p2a: Landorus|Landorus-Therian, M|65/100
|-ability|p2a: Landorus|Intimidate|boost
|-unboost|p1a: Dragopult|atk|1
|turn|21
|
|t:|1668040065
|switch|p1a: PENTADACTYL LIMB|Pelipper, F|100/100
|-weather|RainDance|[from] ability: Drizzle|[of] p1a: PENTADACTYL LIMB
|move|p2a: Landorus|Stealth Rock|p1a: PENTADACTYL LIMB
|-sidestart|p1: broked on bricks|move: Stealth Rock
|
|-weather|RainDance|[upkeep]
|-heal|p2a: Landorus|71/100|[from] item: Leftovers
|upkeep
|turn|22
|
|t:|1668040073
|move|p1a: PENTADACTYL LIMB|Hurricane|p2a: Landorus
|-damage|p2a: Landorus|13/100
|move|p2a: Landorus|U-turn|p1a: PENTADACTYL LIMB
|-resisted|p1a: PENTADACTYL LIMB
|-damage|p1a: PENTADACTYL LIMB|87/100
|
|t:|1668040076
|switch|p2a: Kartana|Kartana|88/100|[from]move: U-turn
|
|-weather|RainDance|[upkeep]
|upkeep
|turn|23
|c|☆knexhawk2|on second thought im not sure this dies
|
|t:|1668040088
|move|p2a: Kartana|Leaf Blade|p1a: PENTADACTYL LIMB
|-damage|p1a: PENTADACTYL LIMB|1/100
|move|p1a: PENTADACTYL LIMB|Hurricane|p2a: Kartana
|-damage|p2a: Kartana|0 fnt
|faint|p2a: Kartana
|
|-weather|RainDance|[upkeep]
|upkeep
|c|☆knexhawk2|yep
|
|t:|1668040092
|switch|p2a: Slowking|Slowking, M|71/100
|turn|24
|
|t:|1668040095
|move|p1a: PENTADACTYL LIMB|Hurricane|p2a: Slowking
|-damage|p2a: Slowking|24/100
|move|p2a: Slowking|Slack Off|p2a: Slowking
|-heal|p2a: Slowking|74/100
|
|-weather|RainDance|[upkeep]
|upkeep
|turn|25
|
|t:|1668040099
|move|p1a: PENTADACTYL LIMB|Hurricane|p2a: Slowking
|-damage|p2a: Slowking|26/100
|move|p2a: Slowking|Slack Off|p2a: Slowking
|-heal|p2a: Slowking|76/100
|
|-weather|none
|upkeep
|turn|26
|c|☆broked on bricks|I'm not sure it matters
|
|t:|1668040106
|move|p1a: PENTADACTYL LIMB|Hurricane|p2a: Slowking|[miss]
|-miss|p1a: PENTADACTYL LIMB|p2a: Slowking
|move|p2a: Slowking|Slack Off|p2a: Slowking
|-heal|p2a: Slowking|100/100
|
|upkeep
|turn|27
|c|☆knexhawk2|yeah i think it did
|c|☆knexhawk2|melm is the only thing thatt scares me
|
|t:|1668040120
|move|p1a: PENTADACTYL LIMB|Hurricane|p2a: Slowking
|-damage|p2a: Slowking|52/100
|-start|p2a: Slowking|confusion
|-activate|p2a: Slowking|confusion
|move|p2a: Slowking|Scald|p1a: PENTADACTYL LIMB
|-resisted|p1a: PENTADACTYL LIMB
|-damage|p1a: PENTADACTYL LIMB|0 fnt
|faint|p1a: PENTADACTYL LIMB
|
|upkeep
|c|☆broked on bricks|haha alright
|c|☆knexhawk2|cuz rocks dont let pult in
|c|☆knexhawk2|and i have this blank ur keldeo
|
|t:|1668040132
|switch|p1a: These Bolts|Melmetal|100/100
|-damage|p1a: These Bolts|94/100|[from] Stealth Rock
|turn|28
|
|t:|1668040139
|switch|p2a: Landorus|Landorus-Therian, M|13/100
|-ability|p2a: Landorus|Intimidate|boost
|-unboost|p1a: These Bolts|atk|1
|move|p1a: These Bolts|Double Iron Bash|p2a: Landorus
|-damage|p2a: Landorus|0 fnt
|faint|p2a: Landorus
|-hitcount|p2: Landorus|1
|
|-heal|p1a: These Bolts|100/100|[from] item: Leftovers
|upkeep
|
|t:|1668040141
|switch|p2a: Slowking|Slowking, M|86/100
|turn|29
|
|t:|1668040144
|switch|p1a: Dragopult|Dragapult, M|10/100
|-damage|p1a: Dragopult|0 fnt|[from] Stealth Rock
|faint|p1a: Dragopult
|move|p2a: Slowking|Scald|p1: Dragopult|[notarget]
|-fail|p2a: Slowking
|
|upkeep
|
|t:|1668040147
|switch|p1a: These Bolts|Melmetal|100/100
|-damage|p1a: These Bolts|94/100|[from] Stealth Rock
|turn|30
|
|t:|1668040149
|move|p1a: These Bolts|Toxic|p2a: Slowking
|-status|p2a: Slowking|tox
|move|p2a: Slowking|Scald|p1a: These Bolts
|-damage|p1a: These Bolts|71/100
|-status|p1a: These Bolts|brn
|
|-heal|p1a: These Bolts|77/100 brn|[from] item: Leftovers
|-damage|p2a: Slowking|79/100 tox|[from] psn
|-damage|p1a: These Bolts|71/100 brn|[from] brn
|upkeep
|turn|31
|
|t:|1668040154
|move|p1a: These Bolts|Double Iron Bash|p2a: Slowking
|-resisted|p2a: Slowking
|-damage|p2a: Slowking|67/100 tox
|-resisted|p2a: Slowking
|-damage|p2a: Slowking|55/100 tox
|-hitcount|p2a: Slowking|2
|cant|p2a: Slowking|flinch
|
|-heal|p1a: These Bolts|77/100 brn|[from] item: Leftovers
|-damage|p2a: Slowking|43/100 tox|[from] psn
|-damage|p1a: These Bolts|71/100 brn|[from] brn
|upkeep
|turn|32
|c|☆knexhawk2|gg
|c|☆knexhawk2|!showteam
|c| knexhawk2|/raw <div class="infobox"><details><summary>View team</summary>Vanilluxe @ Heavy-Duty Boots  <br />Ability: Snow Warning  <br />EVs: 4 HP &#x2f; 252 SpA &#x2f; 252 Spe  <br />Modest Nature  <br />IVs: 0 Atk  <br />- Blizzard  <br />- Water Pulse  <br />- Aurora Veil  <br />- Mist  <br /><br />Kartana @ Adrenaline Orb  <br />Ability: Beast Boost  <br />EVs: 4 HP &#x2f; 252 Atk &#x2f; 252 Spe  <br />Adamant Nature  <br />- Leaf Blade  <br />- Swords Dance  <br />- Knock Off  <br />- Aerial Ace  <br /><br />Landorus (Landorus-Therian) (M) @ Leftovers  <br />Ability: Intimidate  <br />EVs: 252 HP &#x2f; 4 SpA &#x2f; 252 SpD  <br />Calm Nature  <br />- Stealth Rock  <br />- Earth Power  <br />- Weather Ball  <br />- U-turn  <br /><br />Slowking @ Heavy-Duty Boots  <br />Ability: Regenerator  <br />EVs: 252 HP &#x2f; 4 SpA &#x2f; 252 SpD  <br />Sassy Nature  <br />IVs: 0 Spe  <br />- Teleport  <br />- Dragon Tail  <br />- Scald  <br />- Slack Off  <br /><br />Zapdos @ Heavy-Duty Boots  <br />Ability: Static  <br />EVs: 248 HP &#x2f; 208 Def &#x2f; 16 SpD &#x2f; 36 Spe  <br />Bold Nature  <br />IVs: 0 Atk  <br />- Volt Switch  <br />- Defog  <br />- Hurricane  <br />- Roost  <br /><br />Volcarona @ Heavy-Duty Boots  <br />Ability: Flame Body  <br />EVs: 228 HP &#x2f; 200 Def &#x2f; 80 Spe  <br />Bold Nature  <br />IVs: 0 Atk  <br />- Safeguard  <br />- Quiver Dance  <br />- Roost  <br />- Fiery Dance  <br /><br /></details></div>
|
|t:|1668040159
|move|p1a: These Bolts|Double Iron Bash|p2a: Slowking
|-resisted|p2a: Slowking
|-damage|p2a: Slowking|32/100 tox
|-resisted|p2a: Slowking
|-damage|p2a: Slowking|21/100 tox
|-hitcount|p2a: Slowking|2
|move|p2a: Slowking|Slack Off|p2a: Slowking
|-heal|p2a: Slowking|71/100 tox
|
|-heal|p1a: These Bolts|77/100 brn|[from] item: Leftovers
|-damage|p2a: Slowking|53/100 tox|[from] psn
|-damage|p1a: These Bolts|71/100 brn|[from] brn
|upkeep
|turn|33
|c|☆broked on bricks|!showteam
|c| broked on bricks|/raw <div class="infobox"><details><summary>View team</summary>PENTADACTYL LIMB (Pelipper) @ Choice Specs  <br />Ability: Drizzle  <br />EVs: 252 SpA &#x2f; 4 SpD &#x2f; 252 Spe  <br />Modest Nature  <br />- Hurricane  <br />- Weather Ball  <br />- U-turn  <br />- Scald  <br /><br />Schmelldeo (Keldeo-Resolute) @ Choice Specs  <br />Ability: Justified  <br />EVs: 252 SpA &#x2f; 4 SpD &#x2f; 252 Spe  <br />Timid Nature  <br />- Hydro Pump  <br />- Secret Sword  <br />- Surf  <br />- Flip Turn  <br /><br />Dragopult (Dragapult) @ Choice Specs  <br />Ability: Infiltrator  <br />EVs: 252 SpA &#x2f; 4 SpD &#x2f; 252 Spe  <br />Modest Nature  <br />- U-turn  <br />- Thunder  <br />- Draco Meteor  <br />- Shadow Ball  <br /><br />Lele Wulong (Tapu Lele) @ Choice Scarf  <br />Ability: Psychic Surge  <br />EVs: 252 SpA &#x2f; 4 SpD &#x2f; 252 Spe  <br />Modest Nature  <br />IVs: 0 Atk  <br />- Psychic  <br />- Focus Blast  <br />- Future Sight  <br />- Moonblast  <br /><br />These Bolts (Melmetal) @ Leftovers  <br />Ability: Iron Fist  <br />EVs: 252 Atk &#x2f; 244 SpD &#x2f; 12 Spe  <br />Adamant Nature  <br />- Protect  <br />- Double Iron Bash  <br />- Earthquake  <br />- Toxic  <br /><br />SWAG LIKE OHIO (Landorus-Therian) (M) @ Eject Button  <br />Ability: Intimidate  <br />EVs: 252 HP &#x2f; 164 SpD &#x2f; 92 Spe  <br />Careful Nature  <br />- Defog  <br />- Earthquake  <br />- U-turn  <br />- Knock Off  <br /><br /></details></div>
|c|☆knexhawk2|thats why i didnt mean to kill ur lando
|c|☆broked on bricks|I stole this from an OLT game
|c|☆broked on bricks|OH WHAT
|c|☆knexhawk2|if i left it alive, i misted with vanilluxe, swords danced with kart
|c|☆knexhawk2|insta win
|c|☆broked on bricks|nah you came with the heat
|
|t:|1668040185
|move|p1a: These Bolts|Double Iron Bash|p2a: Slowking
|-resisted|p2a: Slowking
|-damage|p2a: Slowking|40/100 tox
|-resisted|p2a: Slowking
|-damage|p2a: Slowking|29/100 tox
|-hitcount|p2a: Slowking|2
|move|p2a: Slowking|Scald|p1a: These Bolts
|-damage|p1a: These Bolts|46/100 brn
|
|-heal|p1a: These Bolts|52/100 brn|[from] item: Leftovers
|-damage|p2a: Slowking|4/100 tox|[from] psn
|-damage|p1a: These Bolts|46/100 brn|[from] brn
|upkeep
|turn|34
|c|☆knexhawk2|yeah lol
|
|t:|1668040188
|move|p1a: These Bolts|Double Iron Bash|p2a: Slowking
|-resisted|p2a: Slowking
|-damage|p2a: Slowking|0 fnt
|faint|p2a: Slowking
|-hitcount|p2: Slowking|1
|
|win|broked on bricks
|c|☆broked on bricks|ggs
|c|☆knexhawk2|ggs
|c|☆broked on bricks|I would have
|c|☆broked on bricks|absolutely
|c|☆broked on bricks|been smoked by that
|c|☆knexhawk2|yeah its so funny
|c|☆knexhawk2|idk volc fits tho
|c|☆knexhawk2|i dont know the 6th i should use
|c|☆broked on bricks|what would you run instead
|c|☆knexhawk2|i had a rillaboom
|c|☆broked on bricks|yeah I mean fwg core is cool
|c|☆knexhawk2|to bait torn
|c|☆broked on bricks|ah yeah
|c|☆knexhawk2|i had a blace too but he was useless
|c|☆broked on bricks|Lando kinda does that already tho right
|c|☆knexhawk2|could try a heatran and go full offensive zap
|c|☆knexhawk2|and put rocks on tran and fog on lando
|c|☆broked on bricks|mm or even Balloon heatran
|c|☆knexhawk2|i have never used balloon heatran pretty much
|c|☆knexhawk2|only on pure ho
|c|☆broked on bricks|counters steel type leads fishing for your Vanilluxe
|c|☆knexhawk2|and i never use that
|c|☆broked on bricks|oh really?
|c|☆broked on bricks|I don't like HO either
|c|☆broked on bricks|but I love balloon tran
|c|☆broked on bricks|eruption is insane
|c|☆knexhawk2|the only time ive ever used balloon tran
|c|☆knexhawk2|https://pokepast.es/3f5688bf3139c32e
|c|☆knexhawk2|Was just for opposing heatrans
|c|☆broked on bricks|waoh
|c|☆broked on bricks|terrain extender rilla is interesting
|c|☆knexhawk2|it was really really funny having a gterrain kartana solar blade ohko toxapex or lando
|c|☆broked on bricks|u want some teams I've stolen from high ladder / tour people that have balloon tran? I have some pretty good ones
|c|☆broked on bricks|wait it OHKOs pex?
|c|☆broked on bricks|lmao
|c|☆knexhawk2|its a roll
|c|☆knexhawk2|on max phys def
|c|☆knexhawk2|ohkos all the other ones
|c|☆broked on bricks|this team has some tech like that
|c|☆broked on bricks|pult has thunder for torn-t leads
|c|☆knexhawk2|nice
|c|☆broked on bricks|75% OHKO chance
|c|☆knexhawk2|i cant see myself ever seriously using keldeo
|c|☆knexhawk2|ass mon
|c|☆broked on bricks|cos otherwise torn leads are really bad
|c|☆broked on bricks|nah
|c|☆broked on bricks|it's acc kinda good
|c|☆broked on bricks|I'm a believer now
|c|☆broked on bricks|the only reason for that is scald tho
|c|☆knexhawk2|you couldnt pay me to be a keldeo believer
|c|☆knexhawk2|anyways
|c|☆broked on bricks|outside how broken that move is, it doesn't really have a reason to be used over urshifu
|c|☆knexhawk2|i have class i gtg to
|c|☆knexhawk2|so i must go
|c|☆broked on bricks|ggs man thanks for the game
|c|☆knexhawk2|ggs
|c|☆knexhawk2|was fun
|l|☆knexhawk2
