|j|☆Go b4 it gets dark
|j|☆kazt 5
|inactive|Battle timer is ON: inactive players will automatically lose when time's up.
|t:|1649553727
|gametype|singles
|player|p1|Go b4 it gets dark|gloria|
|player|p2|kazt 5|acetrainersnowf|
|teamsize|p1|6
|teamsize|p2|6
|gen|8
|tier|[Gen 8] OU
|rated|Tournament battle
|rule|Sleep Clause Mod: Limit one foe put to sleep
|rule|Species Clause: Limit one of each Pokémon
|rule|OHKO Clause: OHKO moves are banned
|rule|Evasion Moves Clause: Evasion moves are banned
|rule|Endless Battle Clause: Forcing endless battles is banned
|rule|HP Percentage Mod: HP is shown in percentages
|rule|Dynamax Clause: You cannot dynamax
|clearpoke
|poke|p1|Dragapult, F|
|poke|p1|Melmetal|
|poke|p1|Kartana|
|poke|p1|Urshifu-*, M|
|poke|p1|Zapdos-Galar|
|poke|p1|Landorus-Therian, M|
|poke|p2|Tapu Lele|
|poke|p2|Tyranitar, M|
|poke|p2|Ferrothorn, F|
|poke|p2|Tapu Fini|
|poke|p2|Excadrill, F|
|poke|p2|Zapdos|
|teampreview
|j| scooter4000
|c|☆Go b4 it gets dark|hf
|c|☆kazt 5|hf!
|j| FaeRen S
|
|t:|1649553745
|start
|switch|p1a: Enten|Landorus-Therian, M, shiny|100/100
|switch|p2a: Tapu Fini|Tapu Fini|100/100
|-fieldstart|move: Misty Terrain|[from] ability: Misty Surge|[of] p2a: Tapu Fini
|-ability|p1a: Enten|Intimidate|boost
|-unboost|p2a: Tapu Fini|atk|1
|turn|1
|
|t:|1649553750
|move|p2a: Tapu Fini|Hydro Pump|p1a: Enten|[miss]
|-miss|p2a: Tapu Fini|p1a: Enten
|move|p1a: Enten|U-turn|p2a: Tapu Fini
|-resisted|p2a: Tapu Fini
|-damage|p2a: Tapu Fini|86/100
|c|☆Go b4 it gets dark|sry
|
|t:|1649553756
|switch|p1a: Fate|Melmetal, shiny|100/100|[from]move: U-turn
|
|upkeep
|turn|2
|
|t:|1649553762
|switch|p2a: Ferrothorn|Ferrothorn, F|100/100
|move|p1a: Fate|Double Iron Bash|p2a: Ferrothorn
|-resisted|p2a: Ferrothorn
|-damage|p2a: Ferrothorn|77/100
|-damage|p1a: Fate|88/100|[from] ability: Iron Barbs|[of] p2a: Ferrothorn
|-resisted|p2a: Ferrothorn
|-crit|p2a: Ferrothorn
|-damage|p2a: Ferrothorn|39/100
|-damage|p1a: Fate|76/100|[from] ability: Iron Barbs|[of] p2a: Ferrothorn
|-hitcount|p2a: Ferrothorn|2
|
|-heal|p2a: Ferrothorn|45/100|[from] item: Leftovers
|upkeep
|turn|3
|
|t:|1649553766
|switch|p2a: Zapdos|Zapdos|100/100
|move|p1a: Fate|Double Iron Bash|p2a: Zapdos
|-resisted|p2a: Zapdos
|-damage|p2a: Zapdos|77/100
|-resisted|p2a: Zapdos
|-damage|p2a: Zapdos|56/100
|-hitcount|p2a: Zapdos|2
|
|upkeep
|turn|4
|j| AY YUH ONG
|
|t:|1649553770
|switch|p1a: Enten|Landorus-Therian, M, shiny|100/100
|-ability|p1a: Enten|Intimidate|boost
|-unboost|p2a: Zapdos|atk|1
|move|p2a: Zapdos|Roost|p2a: Zapdos
|-heal|p2a: Zapdos|100/100
|-singleturn|p2a: Zapdos|move: Roost
|
|upkeep
|turn|5
|
|t:|1649553774
|move|p1a: Enten|Stealth Rock|p2a: Zapdos
|-sidestart|p2: kazt 5|move: Stealth Rock
|move|p2a: Zapdos|Toxic|p1a: Enten
|-status|p1a: Enten|tox
|
|-damage|p1a: Enten|94/100 tox|[from] psn
|-fieldend|Misty Terrain
|upkeep
|turn|6
|
|t:|1649553781
|switch|p1a: Leviathan|Dragapult, F, shiny|100/100
|switch|p2a: Ferrothorn|Ferrothorn, F|45/100
|-damage|p2a: Ferrothorn|39/100|[from] Stealth Rock
|
|-heal|p2a: Ferrothorn|45/100|[from] item: Leftovers
|upkeep
|turn|7
|j| jfalljfkalkjf
|
|t:|1649553790
|move|p1a: Leviathan|Flamethrower|p2a: Ferrothorn
|-supereffective|p2a: Ferrothorn
|-damage|p2a: Ferrothorn|0 fnt
|faint|p2a: Ferrothorn
|
|upkeep
|
|t:|1649553796
|switch|p2a: Tapu Lele|Tapu Lele|100/100
|-damage|p2a: Tapu Lele|88/100|[from] Stealth Rock
|-fieldstart|move: Psychic Terrain|[from] ability: Psychic Surge|[of] p2a: Tapu Lele
|turn|8
|j| Flare (Flareon)☯
|
|t:|1649553817
|switch|p1a: Fate|Melmetal, shiny|76/100
|move|p2a: Tapu Lele|Psychic|p1a: Fate
|-resisted|p1a: Fate
|-damage|p1a: Fate|20/100
|
|upkeep
|turn|9
|
|t:|1649553826
|move|p2a: Tapu Lele|Psychic|p1a: Fate
|-resisted|p1a: Fate
|-damage|p1a: Fate|0 fnt
|faint|p1a: Fate
|
|upkeep
|
|t:|1649553828
|switch|p1a: Poseidon-Blade|Urshifu-Rapid-Strike, M|100/100
|turn|10
|
|t:|1649553835
|switch|p2a: Tapu Fini|Tapu Fini|86/100
|-damage|p2a: Tapu Fini|74/100|[from] Stealth Rock
|-fieldstart|move: Misty Terrain|[from] ability: Misty Surge|[of] p2a: Tapu Fini
|move|p1a: Poseidon-Blade|Bulk Up|p1a: Poseidon-Blade
|-boost|p1a: Poseidon-Blade|atk|1
|-boost|p1a: Poseidon-Blade|def|1
|
|upkeep
|turn|11
|
|t:|1649553838
|move|p2a: Tapu Fini|Moonblast|p1a: Poseidon-Blade
|-supereffective|p1a: Poseidon-Blade
|-damage|p1a: Poseidon-Blade|0 fnt
|faint|p1a: Poseidon-Blade
|
|upkeep
|
|t:|1649553842
|switch|p1a: Deathstroke|Kartana, shiny|100/100
|turn|12
|
|t:|1649553845
|switch|p2a: Zapdos|Zapdos|100/100
|move|p1a: Deathstroke|Leaf Blade|p2a: Zapdos
|-resisted|p2a: Zapdos
|-damage|p2a: Zapdos|79/100
|
|upkeep
|turn|13
|
|t:|1649553850
|switch|p1a: Leviathan|Dragapult, F, shiny|100/100
|move|p2a: Zapdos|Roost|p2a: Zapdos
|-heal|p2a: Zapdos|100/100
|-singleturn|p2a: Zapdos|move: Roost
|
|upkeep
|turn|14
|j|+SetsuStsna
|
|t:|1649553860
|switch|p2a: Tyranitar|Tyranitar, M|100/100
|-damage|p2a: Tyranitar|88/100|[from] Stealth Rock
|-weather|Sandstorm|[from] ability: Sand Stream|[of] p2a: Tyranitar
|move|p1a: Leviathan|Shadow Ball|p2a: Tyranitar
|-resisted|p2a: Tyranitar
|-damage|p2a: Tyranitar|70/100
|
|-weather|Sandstorm|[upkeep]
|-damage|p1a: Leviathan|95/100|[from] Sandstorm
|-fieldend|Misty Terrain
|upkeep
|turn|15
|
|t:|1649553864
|switch|p1a: Enten|Landorus-Therian, M, shiny|94/100 tox
|-ability|p1a: Enten|Intimidate|boost
|-unboost|p2a: Tyranitar|atk|1
|move|p2a: Tyranitar|Stone Edge|p1a: Enten
|-damage|p1a: Enten|24/100 tox
|
|-weather|Sandstorm|[upkeep]
|-damage|p1a: Enten|18/100 tox|[from] psn
|upkeep
|turn|16
|
|t:|1649553876
|switch|p2a: Excadrill|Excadrill, F|100/100
|-damage|p2a: Excadrill|97/100|[from] Stealth Rock
|move|p1a: Enten|U-turn|p2a: Excadrill
|-resisted|p2a: Excadrill
|-damage|p2a: Excadrill|79/100
|
|t:|1649553879
|switch|p1a: Roadrunner|Zapdos-Galar, shiny|100/100|[from]move: U-turn
|
|-weather|Sandstorm|[upkeep]
|-damage|p1a: Roadrunner|94/100|[from] Sandstorm
|-heal|p2a: Excadrill|85/100|[from] item: Leftovers
|-heal|p1a: Roadrunner|100/100|[from] item: Leftovers
|upkeep
|turn|17
|
|t:|1649553887
|move|p2a: Excadrill|Iron Head|p1a: Roadrunner
|-damage|p1a: Roadrunner|55/100
|cant|p1a: Roadrunner|flinch
|
|-weather|Sandstorm|[upkeep]
|-damage|p1a: Roadrunner|49/100|[from] Sandstorm
|-heal|p2a: Excadrill|91/100|[from] item: Leftovers
|-heal|p1a: Roadrunner|55/100|[from] item: Leftovers
|upkeep
|turn|18
|l| AY YUH ONG
|
|t:|1649553891
|switch|p2a: Zapdos|Zapdos|100/100
|move|p1a: Roadrunner|Thunderous Kick|p2a: Zapdos
|-resisted|p2a: Zapdos
|-damage|p2a: Zapdos|82/100
|-unboost|p2a: Zapdos|def|1
|
|-weather|none
|-heal|p1a: Roadrunner|61/100|[from] item: Leftovers
|upkeep
|turn|19
|
|t:|1649553895
|move|p1a: Roadrunner|Brave Bird|p2a: Zapdos
|-resisted|p2a: Zapdos
|-damage|p2a: Zapdos|49/100
|-damage|p1a: Roadrunner|48/100|[from] Recoil
|move|p2a: Zapdos|Discharge|p1a: Roadrunner
|-supereffective|p1a: Roadrunner
|-damage|p1a: Roadrunner|0 fnt
|faint|p1a: Roadrunner
|
|upkeep
|
|t:|1649553900
|switch|p1a: Deathstroke|Kartana, shiny|100/100
|turn|20
|
|t:|1649553903
|switch|p2a: Tyranitar|Tyranitar, M|70/100
|-damage|p2a: Tyranitar|58/100|[from] Stealth Rock
|-weather|Sandstorm|[from] ability: Sand Stream|[of] p2a: Tyranitar
|move|p1a: Deathstroke|Knock Off|p2a: Tyranitar
|-resisted|p2a: Tyranitar
|-damage|p2a: Tyranitar|40/100
|-enditem|p2a: Tyranitar|Choice Band|[from] move: Knock Off|[of] p1a: Deathstroke
|
|-weather|Sandstorm|[upkeep]
|upkeep
|turn|21
|
|t:|1649553907
|switch|p1a: Enten|Landorus-Therian, M, shiny|18/100 tox
|-ability|p1a: Enten|Intimidate|boost
|-unboost|p2a: Tyranitar|atk|1
|move|p2a: Tyranitar|Crunch|p1a: Enten
|-damage|p1a: Enten|0 fnt
|faint|p1a: Enten
|
|-weather|Sandstorm|[upkeep]
|upkeep
|
|t:|1649553909
|switch|p1a: Deathstroke|Kartana, shiny|100/100
|turn|22
|
|t:|1649553919
|move|p1a: Deathstroke|Leaf Blade|p2a: Tyranitar
|-supereffective|p2a: Tyranitar
|-damage|p2a: Tyranitar|0 fnt
|faint|p2a: Tyranitar
|-ability|p1a: Deathstroke|Beast Boost|boost
|-boost|p1a: Deathstroke|atk|1
|
|-weather|Sandstorm|[upkeep]
|upkeep
|
|t:|1649553927
|switch|p2a: Zapdos|Zapdos|49/100
|turn|23
|
|t:|1649553928
|move|p1a: Deathstroke|Leaf Blade|p2a: Zapdos
|-resisted|p2a: Zapdos
|-damage|p2a: Zapdos|15/100
|move|p2a: Zapdos|Roost|p2a: Zapdos
|-heal|p2a: Zapdos|66/100
|-singleturn|p2a: Zapdos|move: Roost
|
|-weather|Sandstorm|[upkeep]
|-damage|p2a: Zapdos|60/100|[from] Sandstorm
|upkeep
|turn|24
|
|t:|1649553931
|switch|p1a: Leviathan|Dragapult, F, shiny|95/100
|move|p2a: Zapdos|Roost|p2a: Zapdos
|-heal|p2a: Zapdos|100/100
|-singleturn|p2a: Zapdos|move: Roost
|
|-weather|none
|upkeep
|turn|25
|
|t:|1649553936
|switch|p2a: Tapu Lele|Tapu Lele|88/100
|-damage|p2a: Tapu Lele|76/100|[from] Stealth Rock
|-fieldstart|move: Psychic Terrain|[from] ability: Psychic Surge|[of] p2a: Tapu Lele
|move|p1a: Leviathan|Shadow Ball|p2a: Tapu Lele
|-supereffective|p2a: Tapu Lele
|-damage|p2a: Tapu Lele|0 fnt
|faint|p2a: Tapu Lele
|
|upkeep
|
|t:|1649553943
|switch|p2a: Excadrill|Excadrill, F|91/100
|-damage|p2a: Excadrill|88/100|[from] Stealth Rock
|turn|26
|
|t:|1649553945
|move|p1a: Leviathan|Shadow Ball|p2a: Excadrill
|-damage|p2a: Excadrill|13/100
|move|p2a: Excadrill|Earthquake|p1a: Leviathan
|-damage|p1a: Leviathan|15/100
|
|-heal|p2a: Excadrill|19/100|[from] item: Leftovers
|upkeep
|turn|27
|
|t:|1649553948
|move|p1a: Leviathan|Shadow Ball|p2a: Excadrill
|-damage|p2a: Excadrill|0 fnt
|faint|p2a: Excadrill
|
|upkeep
|
|t:|1649553950
|switch|p2a: Tapu Fini|Tapu Fini|74/100
|-damage|p2a: Tapu Fini|61/100|[from] Stealth Rock
|-fieldstart|move: Misty Terrain|[from] ability: Misty Surge|[of] p2a: Tapu Fini
|turn|28
|
|t:|1649553952
|switch|p1a: Deathstroke|Kartana, shiny|100/100
|move|p2a: Tapu Fini|Moonblast|p1a: Deathstroke
|-resisted|p1a: Deathstroke
|-damage|p1a: Deathstroke|35/100
|
|upkeep
|turn|29
|
|t:|1649553967
|switch|p1a: Leviathan|Dragapult, F, shiny|15/100
|switch|p2a: Zapdos|Zapdos|100/100
|
|upkeep
|turn|30
|
|t:|1649553976
|move|p1a: Leviathan|Draco Meteor|p2a: Zapdos
|-damage|p2a: Zapdos|12/100
|-unboost|p1a: Leviathan|spa|2
|move|p2a: Zapdos|Discharge|p1a: Leviathan
|-resisted|p1a: Leviathan
|-damage|p1a: Leviathan|0 fnt
|faint|p1a: Leviathan
|
|upkeep
|
|t:|1649553979
|switch|p1a: Deathstroke|Kartana, shiny|35/100
|turn|31
|
|t:|1649553982
|move|p1a: Deathstroke|Leaf Blade|p2a: Zapdos
|-resisted|p2a: Zapdos
|-damage|p2a: Zapdos|0 fnt
|faint|p2a: Zapdos
|-ability|p1a: Deathstroke|Beast Boost|boost
|-boost|p1a: Deathstroke|atk|1
|
|upkeep
|c|☆Go b4 it gets dark|gg
|
|t:|1649553983
|switch|p2a: Tapu Fini|Tapu Fini|61/100
|-damage|p2a: Tapu Fini|49/100|[from] Stealth Rock
|turn|32
|
|t:|1649553986
|move|p1a: Deathstroke|Leaf Blade|p2a: Tapu Fini
|-supereffective|p2a: Tapu Fini
|-damage|p2a: Tapu Fini|0 fnt
|faint|p2a: Tapu Fini
|
|win|Go b4 it gets dark
|n|☆Go b4 it gets dark|gob4itgetsdark
|n|☆kazt 5|kazt5
|n| scooter4000|scooter4000
|n| FaeRen S|faerens
|n| jfalljfkalkjf|jfalljfkalkjf
|n| Flare (Flareon)☯|flareflareon
|n| SetsuStsna|setsustsna
|c|☆kazt 5|wp
|l| Flare (Flareon)☯
|l| SetsuStsna
