|j|☆lou dort
|j|☆Femboyspotter
|t:|1658006959
|gametype|singles
|player|p1|lou dort|nate|1494
|player|p2|Femboyspotter|sailor|1560
|teamsize|p1|6
|teamsize|p2|6
|gen|8
|tier|[Gen 8] OU
|rated|
|rule|Sleep Clause Mod: Limit one foe put to sleep
|rule|Species Clause: Limit one of each Pokémon
|rule|OHKO Clause: OHKO moves are banned
|rule|Evasion Moves Clause: Evasion moves are banned
|rule|Endless Battle Clause: Forcing endless battles is banned
|rule|HP Percentage Mod: HP is shown in percentages
|rule|Dynamax Clause: You cannot dynamax
|clearpoke
|poke|p1|Rillaboom, M|
|poke|p1|Hawlucha, M|
|poke|p1|Suicune|
|poke|p1|Volcarona, M|
|poke|p1|Lycanroc-Dusk, M|
|poke|p1|Zeraora|
|poke|p2|Ferrothorn, M|
|poke|p2|Tapu Fini|
|poke|p2|Dragonite, M|
|poke|p2|Landorus-Therian, M|
|poke|p2|Ninetales-Alola, F|
|poke|p2|Blissey, F|
|teampreview
|inactive|Battle timer is ON: inactive players will automatically lose when time's up. (requested by Femboyspotter)
|inactive|lou dort also wants the timer to be on.
|
|t:|1658006976
|start
|switch|p1a: Balto|Lycanroc-Dusk, M|100/100
|switch|p2a: Yubaba|Tapu Fini|100/100
|-fieldstart|move: Misty Terrain|[from] ability: Misty Surge|[of] p2a: Yubaba
|turn|1
|
|t:|1658006981
|switch|p1a: Mothra|Volcarona, M|100/100
|move|p2a: Yubaba|Whirlpool|p1a: Mothra|[miss]
|-miss|p2a: Yubaba|p1a: Mothra
|
|upkeep
|turn|2
|
|t:|1658006987
|switch|p1a: Thundercat|Zeraora|100/100
|move|p2a: Yubaba|Taunt|p1a: Thundercat
|-start|p1a: Thundercat|move: Taunt
|
|upkeep
|turn|3
|
|t:|1658006991
|switch|p2a: Updog|Landorus-Therian, M|100/100
|-ability|p2a: Updog|Intimidate|boost
|-unboost|p1a: Thundercat|atk|1
|move|p1a: Thundercat|Plasma Fists|p2a: Updog
|-immune|p2a: Updog
|
|upkeep
|turn|4
|
|t:|1658007005
|switch|p1a: Panthro|Suicune|100/100
|-ability|p1a: Panthro|Pressure
|move|p2a: Updog|Swords Dance|p2a: Updog
|-boost|p2a: Updog|atk|2
|
|upkeep
|turn|5
|
|t:|1658007012
|move|p2a: Updog|Earthquake|p1a: Panthro
|-damage|p1a: Panthro|6/100
|move|p1a: Panthro|Ice Beam|p2a: Updog
|-supereffective|p2a: Updog
|-damage|p2a: Updog|0 fnt
|faint|p2a: Updog
|
|-heal|p1a: Panthro|12/100|[from] item: Leftovers
|-fieldend|Misty Terrain
|upkeep
|
|t:|1658007018
|switch|p2a: Yubaba|Tapu Fini|100/100
|-fieldstart|move: Misty Terrain|[from] ability: Misty Surge|[of] p2a: Yubaba
|turn|6
|
|t:|1658007026
|move|p1a: Panthro|Scald|p2a: Yubaba
|-resisted|p2a: Yubaba
|-damage|p2a: Yubaba|89/100
|move|p2a: Yubaba|Whirlpool|p1a: Panthro
|-resisted|p1a: Panthro
|-damage|p1a: Panthro|8/100
|-activate|p1a: Panthro|move: Whirlpool|[of] p2a: Yubaba
|
|-heal|p1a: Panthro|14/100|[from] item: Leftovers
|-heal|p2a: Yubaba|96/100|[from] item: Leftovers
|-damage|p1a: Panthro|2/100|[from] move: Whirlpool|[partiallytrapped]
|upkeep
|turn|7
|
|t:|1658007030
|move|p2a: Yubaba|Protect|p2a: Yubaba
|-singleturn|p2a: Yubaba|Protect
|move|p1a: Panthro|Scald|p2a: Yubaba
|-activate|p2a: Yubaba|move: Protect
|
|-heal|p1a: Panthro|8/100|[from] item: Leftovers
|-heal|p2a: Yubaba|100/100|[from] item: Leftovers
|-damage|p1a: Panthro|0 fnt|[from] move: Whirlpool|[partiallytrapped]
|faint|p1a: Panthro
|upkeep
|
|t:|1658007044
|switch|p1a: Thundercat|Zeraora|100/100
|turn|8
|
|t:|1658007055
|switch|p2a: Disco|Ferrothorn, M|100/100
|move|p1a: Thundercat|Plasma Fists|p2a: Disco
|-resisted|p2a: Disco
|-damage|p2a: Disco|84/100
|-fieldactivate|move: Ion Deluge
|-hint|Normal-type moves become Electric-type after using Plasma Fists.
|-damage|p1a: Thundercat|88/100|[from] ability: Iron Barbs|[of] p2a: Disco
|-damage|p1a: Thundercat|72/100|[from] item: Rocky Helmet|[of] p2a: Disco
|
|upkeep
|turn|9
|
|t:|1658007065
|move|p1a: Thundercat|Fire Punch|p2a: Disco
|-supereffective|p2a: Disco
|-damage|p2a: Disco|26/100
|-damage|p1a: Thundercat|59/100|[from] ability: Iron Barbs|[of] p2a: Disco
|-damage|p1a: Thundercat|43/100|[from] item: Rocky Helmet|[of] p2a: Disco
|move|p2a: Disco|Leech Seed|p1a: Thundercat
|-start|p1a: Thundercat|move: Leech Seed
|
|-damage|p1a: Thundercat|31/100|[from] Leech Seed|[of] p2a: Disco
|-heal|p2a: Disco|37/100|[silent]
|upkeep
|turn|10
|
|t:|1658007075
|switch|p1a: Balto|Lycanroc-Dusk, M|100/100
|move|p2a: Disco|Spikes|p1a: Balto
|-sidestart|p1: lou dort|Spikes
|
|-fieldend|Misty Terrain
|upkeep
|turn|11
|
|t:|1658007081
|move|p1a: Balto|Close Combat|p2a: Disco
|-supereffective|p2a: Disco
|-damage|p2a: Disco|0 fnt
|-unboost|p1a: Balto|def|1
|-unboost|p1a: Balto|spd|1
|-damage|p1a: Balto|88/100|[from] ability: Iron Barbs|[of] p2a: Disco
|-damage|p1a: Balto|72/100|[from] item: Rocky Helmet|[of] p2a: Disco
|faint|p2a: Disco
|-damage|p1a: Balto|62/100|[from] item: Life Orb
|
|upkeep
|
|t:|1658007088
|switch|p2a: Yubaba|Tapu Fini|100/100
|-fieldstart|move: Misty Terrain|[from] ability: Misty Surge|[of] p2a: Yubaba
|turn|12
|
|t:|1658007095
|move|p1a: Balto|Psychic Fangs|p2a: Yubaba
|-damage|p2a: Yubaba|62/100
|-damage|p1a: Balto|52/100|[from] item: Life Orb
|move|p2a: Yubaba|Whirlpool|p1a: Balto|[miss]
|-miss|p2a: Yubaba|p1a: Balto
|
|-heal|p2a: Yubaba|68/100|[from] item: Leftovers
|upkeep
|turn|13
|
|t:|1658007099
|move|p1a: Balto|Psychic Fangs|p2a: Yubaba
|-damage|p2a: Yubaba|28/100
|-damage|p1a: Balto|42/100|[from] item: Life Orb
|move|p2a: Yubaba|Whirlpool|p1a: Balto
|-supereffective|p1a: Balto
|-damage|p1a: Balto|0 fnt
|faint|p1a: Balto
|
|-heal|p2a: Yubaba|34/100|[from] item: Leftovers
|upkeep
|
|t:|1658007112
|switch|p1a: Kong|Rillaboom, M|100/100
|-damage|p1a: Kong|88/100|[from] Spikes
|-fieldstart|move: Grassy Terrain|[from] ability: Grassy Surge|[of] p1a: Kong
|-enditem|p1a: Kong|Grassy Seed
|-boost|p1a: Kong|def|1|[from] item: Grassy Seed
|turn|14
|
|t:|1658007119
|switch|p2a: Chonky|Dragonite, M|100/100
|move|p1a: Kong|Swords Dance|p1a: Kong
|-boost|p1a: Kong|atk|2
|
|-heal|p1a: Kong|94/100|[from] Grassy Terrain
|upkeep
|turn|15
|
|t:|1658007122
|move|p1a: Kong|Acrobatics|p2a: Chonky
|-damage|p2a: Chonky|62/100
|move|p2a: Chonky|Dragon Dance|p2a: Chonky
|-boost|p2a: Chonky|atk|1
|-boost|p2a: Chonky|spe|1
|
|-heal|p1a: Kong|100/100|[from] Grassy Terrain
|upkeep
|turn|16
|
|t:|1658007128
|move|p2a: Chonky|Fire Punch|p1a: Kong
|-supereffective|p1a: Kong
|-damage|p1a: Kong|41/100
|-status|p1a: Kong|brn
|move|p1a: Kong|Acrobatics|p2a: Chonky
|-damage|p2a: Chonky|18/100
|
|-heal|p1a: Kong|47/100 brn|[from] Grassy Terrain
|-damage|p1a: Kong|41/100 brn|[from] brn
|upkeep
|turn|17
|
|t:|1658007133
|move|p2a: Chonky|Fire Punch|p1a: Kong
|-supereffective|p1a: Kong
|-damage|p1a: Kong|0 fnt
|faint|p1a: Kong
|
|upkeep
|
|t:|1658007134
|switch|p1a: Jet|Hawlucha, M|100/100
|-enditem|p1a: Jet|Grassy Seed
|-boost|p1a: Jet|def|1|[from] item: Grassy Seed
|turn|18
|
|t:|1658007141
|move|p1a: Jet|Acrobatics|p2a: Chonky
|-crit|p2a: Chonky
|-damage|p2a: Chonky|0 fnt
|faint|p2a: Chonky
|
|-fieldend|move: Grassy Terrain
|upkeep
|
|t:|1658007144
|switch|p2a: Gudrun|Ninetales-Alola, F|100/100
|-weather|Hail|[from] ability: Snow Warning|[of] p2a: Gudrun
|turn|19
|
|t:|1658007153
|move|p1a: Jet|Substitute|p1a: Jet
|-start|p1a: Jet|Substitute
|-damage|p1a: Jet|76/100
|move|p2a: Gudrun|Blizzard|p1a: Jet
|-supereffective|p1a: Jet
|-end|p1a: Jet|Substitute
|
|-weather|Hail|[upkeep]
|-damage|p1a: Jet|70/100|[from] Hail
|upkeep
|turn|20
|
|t:|1658007156
|move|p1a: Jet|Substitute|p1a: Jet
|-start|p1a: Jet|Substitute
|-damage|p1a: Jet|45/100
|move|p2a: Gudrun|Blizzard|p1a: Jet
|-supereffective|p1a: Jet
|-end|p1a: Jet|Substitute
|
|-weather|Hail|[upkeep]
|-damage|p1a: Jet|39/100|[from] Hail
|upkeep
|turn|21
|
|t:|1658007165
|move|p1a: Jet|Substitute|p1a: Jet
|-start|p1a: Jet|Substitute
|-damage|p1a: Jet|14/100
|move|p2a: Gudrun|Blizzard|p1a: Jet
|-supereffective|p1a: Jet
|-crit|p1a: Jet
|-end|p1a: Jet|Substitute
|
|-weather|Hail|[upkeep]
|-damage|p1a: Jet|8/100|[from] Hail
|upkeep
|turn|22
|
|t:|1658007171
|move|p1a: Jet|Reversal|p2a: Gudrun
|-damage|p2a: Gudrun|5/100
|move|p2a: Gudrun|Blizzard|p1a: Jet
|-supereffective|p1a: Jet
|-damage|p1a: Jet|0 fnt
|faint|p1a: Jet
|
|-weather|Hail|[upkeep]
|upkeep
|
|t:|1658007198
|switch|p1a: Mothra|Volcarona, M|100/100
|turn|23
|
|t:|1658007219
|switch|p2a: Bessy|Blissey, F|100/100
|switch|p1a: Thundercat|Zeraora|31/100
|-damage|p1a: Thundercat|18/100|[from] Spikes
|
|-weather|none
|upkeep
|turn|24
|
|t:|1658007227
|move|p1a: Thundercat|Close Combat|p2a: Bessy
|-supereffective|p2a: Bessy
|-damage|p2a: Bessy|0 fnt
|-unboost|p1a: Thundercat|def|1
|-unboost|p1a: Thundercat|spd|1
|faint|p2a: Bessy
|
|upkeep
|
|t:|1658007231
|switch|p2a: Gudrun|Ninetales-Alola, F|5/100
|-weather|Hail|[from] ability: Snow Warning|[of] p2a: Gudrun
|turn|25
|
|t:|1658007237
|switch|p1a: Mothra|Volcarona, M|100/100
|move|p2a: Gudrun|Blizzard|p1a: Mothra
|-resisted|p1a: Mothra
|-damage|p1a: Mothra|79/100
|
|-weather|Hail|[upkeep]
|-damage|p1a: Mothra|73/100|[from] Hail
|upkeep
|turn|26
|
|t:|1658007244
|switch|p2a: Yubaba|Tapu Fini|34/100
|-fieldstart|move: Misty Terrain|[from] ability: Misty Surge|[of] p2a: Yubaba
|move|p1a: Mothra|Quiver Dance|p1a: Mothra
|-boost|p1a: Mothra|spa|1
|-boost|p1a: Mothra|spd|1
|-boost|p1a: Mothra|spe|1
|
|-weather|Hail|[upkeep]
|-damage|p1a: Mothra|67/100|[from] Hail
|-damage|p2a: Yubaba|28/100|[from] Hail
|-heal|p2a: Yubaba|34/100|[from] item: Leftovers
|upkeep
|turn|27
|
|t:|1658007247
|move|p1a: Mothra|Psychic|p2a: Yubaba
|-damage|p2a: Yubaba|5/100
|move|p2a: Yubaba|Whirlpool|p1a: Mothra|[miss]
|-miss|p2a: Yubaba|p1a: Mothra
|
|-weather|Hail|[upkeep]
|-damage|p1a: Mothra|61/100|[from] Hail
|-damage|p2a: Yubaba|0 fnt|[from] Hail
|faint|p2a: Yubaba
|upkeep
|-message|Femboyspotter forfeited.
|
|win|lou dort
|raw|lou dort's rating: 1494 &rarr; <strong>1518</strong><br />(+24 for winning)
|raw|Femboyspotter's rating: 1560 &rarr; <strong>1536</strong><br />(-24 for losing)
|l|☆Femboyspotter
