|html|<div class="broadcast-blue"><strong>[Gen 8] OU is currently suspecting Melmetal! For information on how to participate check out the <a href="https://www.smogon.com/forums/threads/np-ss-ou-suspect-process-round-12-monster-mash.3709234/">suspect thread</a>.</strong></div>
|j|☆i know im horrible
|j|☆famzy
|t:|1666617617
|gametype|singles
|player|p1|i know im horrible|1|1584
|player|p2|famzy|grace|1547
|teamsize|p1|6
|teamsize|p2|6
|gen|8
|tier|[Gen 8] OU
|rated|
|rule|Sleep Clause Mod: Limit one foe put to sleep
|rule|Species Clause: Limit one of each Pokémon
|rule|OHKO Clause: OHKO moves are banned
|rule|Evasion Items Clause: Evasion items are banned
|rule|Evasion Moves Clause: Evasion moves are banned
|rule|Endless Battle Clause: Forcing endless battles is banned
|rule|HP Percentage Mod: HP is shown in percentages
|rule|Dynamax Clause: You cannot dynamax
|clearpoke
|poke|p1|Tapu Koko|
|poke|p1|Regieleki|
|poke|p1|Klefki, F|
|poke|p1|Zeraora|
|poke|p1|Hawlucha, M|
|poke|p1|Dragonite, F|
|poke|p2|Heatran, F|
|poke|p2|Tyranitar, F|
|poke|p2|Tornadus-Therian, M|
|poke|p2|Tapu Bulu|
|poke|p2|Excadrill, M|
|poke|p2|Rotom-Wash|
|teampreview
|
|t:|1666617624
|start
|switch|p1a: Klefki|Klefki, F|100/100
|switch|p2a: Heatran|Heatran, F|100/100
|turn|1
|
|t:|1666617630
|switch|p1a: Dragonite|Dragonite, F|100/100
|move|p2a: Heatran|Taunt|p1a: Dragonite
|-start|p1a: Dragonite|move: Taunt
|
|upkeep
|turn|2
|
|t:|1666617638
|switch|p2a: Rotom|Rotom-Wash|100/100
|switch|p1a: Klefki|Klefki, F|100/100
|
|upkeep
|turn|3
|
|t:|1666617648
|move|p1a: Klefki|Spikes|p2a: Rotom
|-sidestart|p2: famzy|Spikes
|move|p2a: Rotom|Volt Switch|p1a: Klefki
|-damage|p1a: Klefki|69/100
|
|t:|1666617651
|switch|p2a: Heatran|Heatran, F|100/100|[from]move: Volt Switch
|-damage|p2a: Heatran|88/100|[from] Spikes
|
|-heal|p2a: Heatran|94/100|[from] item: Leftovers
|upkeep
|turn|4
|
|t:|1666617655
|switch|p1a: Dragonite|Dragonite, F|100/100
|move|p2a: Heatran|Magma Storm|p1a: Dragonite
|-resisted|p1a: Dragonite
|-damage|p1a: Dragonite|94/100
|-activate|p1a: Dragonite|move: Magma Storm|[of] p2a: Heatran
|
|-heal|p2a: Heatran|100/100|[from] item: Leftovers
|-damage|p1a: Dragonite|82/100|[from] move: Magma Storm|[partiallytrapped]
|upkeep
|turn|5
|
|t:|1666617663
|switch|p2a: Rotom|Rotom-Wash|100/100
|move|p1a: Dragonite|Substitute|p1a: Dragonite
|-start|p1a: Dragonite|Substitute
|-end|p1a: Dragonite|Magma Storm|[partiallytrapped]|[silent]
|-damage|p1a: Dragonite|57/100
|
|upkeep
|turn|6
|
|t:|1666617666
|move|p2a: Rotom|Volt Switch|p1a: Dragonite
|-activate|p1a: Dragonite|move: Substitute|[damage]
|
|t:|1666617679
|switch|p2a: Tornadus|Tornadus-Therian, M|100/100|[from]move: Volt Switch
|move|p1a: Dragonite|Roost|p1a: Dragonite
|-heal|p1a: Dragonite|100/100
|-singleturn|p1a: Dragonite|move: Roost
|
|upkeep
|turn|7
|
|t:|1666617684
|move|p2a: Tornadus|Knock Off|p1a: Dragonite
|-end|p1a: Dragonite|Substitute
|move|p1a: Dragonite|Dual Wingbeat|p2a: Tornadus
|-damage|p2a: Tornadus|83/100
|-damage|p2a: Tornadus|66/100
|-hitcount|p2a: Tornadus|2
|
|upkeep
|turn|8
|
|t:|1666617693
|switch|p1a: Zeraora|Zeraora|100/100
|move|p2a: Tornadus|Knock Off|p1a: Zeraora
|-damage|p1a: Zeraora|69/100
|-enditem|p1a: Zeraora|Heavy-Duty Boots|[from] move: Knock Off|[of] p2a: Tornadus
|
|upkeep
|turn|9
|
|t:|1666617700
|switch|p2a: Tapu Bulu|Tapu Bulu|100/100
|-damage|p2a: Tapu Bulu|88/100|[from] Spikes
|-fieldstart|move: Grassy Terrain|[from] ability: Grassy Surge|[of] p2a: Tapu Bulu
|move|p1a: Zeraora|Plasma Fists|p2a: Tapu Bulu
|-resisted|p2a: Tapu Bulu
|-damage|p2a: Tapu Bulu|71/100
|-fieldactivate|move: Ion Deluge
|-hint|Normal-type moves become Electric-type after using Plasma Fists.
|-damage|p1a: Zeraora|52/100|[from] item: Rocky Helmet|[of] p2a: Tapu Bulu
|
|-heal|p1a: Zeraora|58/100|[from] Grassy Terrain
|-heal|p2a: Tapu Bulu|77/100|[from] Grassy Terrain
|upkeep
|turn|10
|
|t:|1666617711
|switch|p1a: Klefki|Klefki, F|69/100
|switch|p2a: Heatran|Heatran, F|100/100
|-damage|p2a: Heatran|88/100|[from] Spikes
|
|-heal|p2a: Heatran|94/100|[from] Grassy Terrain
|-heal|p2a: Heatran|100/100|[from] item: Leftovers
|-heal|p1a: Klefki|75/100|[from] Grassy Terrain
|upkeep
|turn|11
|
|t:|1666617715
|switch|p1a: Dragonite|Dragonite, F|100/100
|move|p2a: Heatran|Magma Storm|p1a: Dragonite
|-resisted|p1a: Dragonite
|-damage|p1a: Dragonite|94/100
|-activate|p1a: Dragonite|move: Magma Storm|[of] p2a: Heatran
|
|-damage|p1a: Dragonite|81/100|[from] move: Magma Storm|[partiallytrapped]
|upkeep
|turn|12
|
|t:|1666617722
|switch|p2a: Tornadus|Tornadus-Therian, M|99/100
|move|p1a: Dragonite|Dragon Dance|p1a: Dragonite
|-boost|p1a: Dragonite|atk|1
|-boost|p1a: Dragonite|spe|1
|
|-end|p1a: Dragonite|Magma Storm|[partiallytrapped]|[silent]
|upkeep
|turn|13
|
|t:|1666617727
|move|p2a: Tornadus|U-turn|p1a: Dragonite
|-resisted|p1a: Dragonite
|-damage|p1a: Dragonite|74/100
|
|t:|1666617729
|switch|p2a: Rotom|Rotom-Wash|100/100|[from]move: U-turn
|move|p1a: Dragonite|Dragon Dance|p1a: Dragonite
|-boost|p1a: Dragonite|atk|1
|-boost|p1a: Dragonite|spe|1
|
|-fieldend|move: Grassy Terrain
|upkeep
|turn|14
|
|t:|1666617733
|move|p1a: Dragonite|Substitute|p1a: Dragonite
|-start|p1a: Dragonite|Substitute
|-damage|p1a: Dragonite|49/100
|move|p2a: Rotom|Volt Switch|p1a: Dragonite
|-activate|p1a: Dragonite|move: Substitute|[damage]
|
|t:|1666617745
|switch|p2a: Tyranitar|Tyranitar, F|100/100|[from]move: Volt Switch
|-damage|p2a: Tyranitar|88/100|[from] Spikes
|-weather|Sandstorm|[from] ability: Sand Stream|[of] p2a: Tyranitar
|
|-weather|Sandstorm|[upkeep]
|-damage|p1a: Dragonite|43/100|[from] Sandstorm
|upkeep
|turn|15
|
|t:|1666617749
|move|p1a: Dragonite|Roost|p1a: Dragonite
|-heal|p1a: Dragonite|93/100
|-singleturn|p1a: Dragonite|move: Roost
|move|p2a: Tyranitar|Ice Punch|p1a: Dragonite
|-supereffective|p1a: Dragonite
|-end|p1a: Dragonite|Substitute
|
|-weather|Sandstorm|[upkeep]
|-damage|p1a: Dragonite|87/100|[from] Sandstorm
|upkeep
|turn|16
|
|t:|1666617753
|switch|p1a: Klefki|Klefki, F|75/100
|move|p2a: Tyranitar|Ice Punch|p1a: Klefki
|-resisted|p1a: Klefki
|-damage|p1a: Klefki|57/100
|
|-weather|Sandstorm|[upkeep]
|upkeep
|turn|17
|
|t:|1666617759
|switch|p2a: Tornadus|Tornadus-Therian, M|100/100
|move|p1a: Klefki|Spikes|p2a: Tornadus
|-sidestart|p2: famzy|Spikes
|
|-weather|Sandstorm|[upkeep]
|-damage|p2a: Tornadus|94/100|[from] Sandstorm
|upkeep
|turn|18
|
|t:|1666617766
|switch|p1a: Tapu Koko|Tapu Koko|100/100
|-fieldstart|move: Electric Terrain|[from] ability: Electric Surge|[of] p1a: Tapu Koko
|move|p2a: Tornadus|Defog|p1a: Tapu Koko
|-unboost|p1a: Tapu Koko|evasion|1
|-sideend|p2: famzy|Spikes|[from] move: Defog|[of] p2a: Tornadus
|-fieldend|move: Electric Terrain
|
|-weather|none
|upkeep
|turn|19
|
|t:|1666617770
|switch|p1a: Klefki|Klefki, F|57/100
|move|p2a: Tornadus|Knock Off|p1a: Klefki
|-resisted|p1a: Klefki
|-damage|p1a: Klefki|49/100
|-enditem|p1a: Klefki|Ring Target|[from] move: Knock Off|[of] p2a: Tornadus
|
|upkeep
|turn|20
|
|t:|1666617774
|move|p1a: Klefki|Thunder Wave|p2a: Tornadus
|-status|p2a: Tornadus|par
|move|p2a: Tornadus|Hurricane|p1a: Klefki
|-resisted|p1a: Klefki
|-damage|p1a: Klefki|26/100
|
|upkeep
|turn|21
|
|t:|1666617782
|move|p1a: Klefki|Spikes|p2a: Tornadus
|-sidestart|p2: famzy|Spikes
|cant|p2a: Tornadus|par
|
|upkeep
|turn|22
|
|t:|1666617790
|switch|p1a: Tapu Koko|Tapu Koko|100/100
|-fieldstart|move: Electric Terrain|[from] ability: Electric Surge|[of] p1a: Tapu Koko
|cant|p2a: Tornadus|par
|
|upkeep
|turn|23
|
|t:|1666617796
|switch|p2a: Excadrill|Excadrill, M|100/100
|-damage|p2a: Excadrill|88/100|[from] Spikes
|move|p1a: Tapu Koko|Volt Switch|p2a: Excadrill
|-immune|p2a: Excadrill
|
|upkeep
|turn|24
|
|t:|1666617801
|switch|p1a: Hawlucha|Hawlucha, M|100/100
|-enditem|p1a: Hawlucha|Electric Seed
|-boost|p1a: Hawlucha|def|1|[from] item: Electric Seed
|move|p2a: Excadrill|Iron Head|p1a: Hawlucha
|-damage|p1a: Hawlucha|56/100
|-damage|p2a: Excadrill|78/100|[from] item: Life Orb
|
|upkeep
|turn|25
|
|t:|1666617808
|move|p1a: Hawlucha|Swords Dance|p1a: Hawlucha
|-boost|p1a: Hawlucha|atk|2
|move|p2a: Excadrill|Iron Head|p1a: Hawlucha
|-damage|p1a: Hawlucha|8/100
|-damage|p2a: Excadrill|68/100|[from] item: Life Orb
|
|upkeep
|turn|26
|
|t:|1666617814
|switch|p2a: Tapu Bulu|Tapu Bulu|77/100
|-damage|p2a: Tapu Bulu|65/100|[from] Spikes
|-fieldstart|move: Grassy Terrain|[from] ability: Grassy Surge|[of] p2a: Tapu Bulu
|move|p1a: Hawlucha|Acrobatics|p2a: Tapu Bulu
|-supereffective|p2a: Tapu Bulu
|-damage|p2a: Tapu Bulu|0 fnt
|-damage|p1a: Hawlucha|0 fnt|[from] item: Rocky Helmet|[of] p2a: Tapu Bulu
|faint|p2a: Tapu Bulu
|faint|p1a: Hawlucha
|
|upkeep
|
|t:|1666617823
|switch|p1a: Tapu Koko|Tapu Koko|100/100
|switch|p2a: Tyranitar|Tyranitar, F|88/100
|-fieldstart|move: Electric Terrain|[from] ability: Electric Surge|[of] p1a: Tapu Koko
|-damage|p2a: Tyranitar|76/100|[from] Spikes
|-weather|Sandstorm|[from] ability: Sand Stream|[of] p2a: Tyranitar
|turn|27
|
|t:|1666617827
|switch|p2a: Heatran|Heatran, F|100/100
|-damage|p2a: Heatran|88/100|[from] Spikes
|move|p1a: Tapu Koko|Volt Switch|p2a: Heatran
|-damage|p2a: Heatran|58/100
|
|t:|1666617840
|switch|p1a: Dragonite|Dragonite, F|87/100|[from]move: Volt Switch
|
|-weather|Sandstorm|[upkeep]
|-damage|p1a: Dragonite|81/100|[from] Sandstorm
|-heal|p2a: Heatran|64/100|[from] item: Leftovers
|upkeep
|turn|28
|
|t:|1666617844
|move|p2a: Heatran|Taunt|p1a: Dragonite
|-start|p1a: Dragonite|move: Taunt
|cant|p1a: Dragonite|move: Taunt|Substitute
|
|-weather|Sandstorm|[upkeep]
|-damage|p1a: Dragonite|74/100|[from] Sandstorm
|-heal|p2a: Heatran|71/100|[from] item: Leftovers
|upkeep
|turn|29
|
|t:|1666617856
|switch|p1a: Tapu Koko|Tapu Koko|100/100
|move|p2a: Heatran|Stealth Rock|p1a: Tapu Koko
|-sidestart|p1: i know im horrible|move: Stealth Rock
|
|-weather|Sandstorm|[upkeep]
|-damage|p1a: Tapu Koko|94/100|[from] Sandstorm
|-heal|p2a: Heatran|77/100|[from] item: Leftovers
|upkeep
|turn|30
|
|t:|1666617862
|move|p1a: Tapu Koko|Volt Switch|p2a: Heatran
|-damage|p2a: Heatran|42/100
|
|t:|1666617865
|switch|p1a: Dragonite|Dragonite, F|74/100|[from]move: Volt Switch
|move|p2a: Heatran|Magma Storm|p1a: Dragonite
|-resisted|p1a: Dragonite
|-damage|p1a: Dragonite|60/100
|-activate|p1a: Dragonite|move: Magma Storm|[of] p2a: Heatran
|
|-weather|Sandstorm|[upkeep]
|-damage|p1a: Dragonite|54/100|[from] Sandstorm
|-heal|p2a: Heatran|49/100|[from] item: Leftovers
|-damage|p1a: Dragonite|42/100|[from] move: Magma Storm|[partiallytrapped]
|upkeep
|turn|31
|
|t:|1666617871
|move|p2a: Heatran|Taunt|p1a: Dragonite
|-start|p1a: Dragonite|move: Taunt
|move|p1a: Dragonite|Dual Wingbeat|p2a: Heatran
|-resisted|p2a: Heatran
|-damage|p2a: Heatran|43/100
|-status|p1a: Dragonite|brn|[from] ability: Flame Body|[of] p2a: Heatran
|-resisted|p2a: Heatran
|-damage|p2a: Heatran|41/100
|-hitcount|p2a: Heatran|2
|
|-weather|none
|-heal|p2a: Heatran|47/100|[from] item: Leftovers
|-damage|p1a: Dragonite|35/100 brn|[from] brn
|-damage|p1a: Dragonite|23/100 brn|[from] move: Magma Storm|[partiallytrapped]
|-fieldend|move: Electric Terrain
|upkeep
|turn|32
|
|t:|1666617875
|move|p2a: Heatran|Magma Storm|p1a: Dragonite
|-resisted|p1a: Dragonite
|-damage|p1a: Dragonite|9/100 brn
|move|p1a: Dragonite|Dual Wingbeat|p2a: Heatran
|-resisted|p2a: Heatran
|-damage|p2a: Heatran|44/100
|-resisted|p2a: Heatran
|-damage|p2a: Heatran|42/100
|-hitcount|p2a: Heatran|2
|
|-heal|p2a: Heatran|48/100|[from] item: Leftovers
|-damage|p1a: Dragonite|3/100 brn|[from] brn
|-damage|p1a: Dragonite|0 fnt|[from] move: Magma Storm|[partiallytrapped]
|faint|p1a: Dragonite
|upkeep
|
|t:|1666617879
|switch|p1a: Zeraora|Zeraora|58/100
|-damage|p1a: Zeraora|46/100|[from] Stealth Rock
|turn|33
|
|t:|1666617890
|switch|p2a: Tornadus|Tornadus-Therian, M|100/100 par
|move|p1a: Zeraora|Close Combat|p2a: Tornadus
|-resisted|p2a: Tornadus
|-damage|p2a: Tornadus|81/100 par
|-unboost|p1a: Zeraora|def|1
|-unboost|p1a: Zeraora|spd|1
|
|upkeep
|turn|34
|
|t:|1666617895
|move|p1a: Zeraora|Plasma Fists|p2a: Tornadus
|-supereffective|p2a: Tornadus
|-crit|p2a: Tornadus
|-damage|p2a: Tornadus|0 fnt
|-fieldactivate|move: Ion Deluge
|-hint|Normal-type moves become Electric-type after using Plasma Fists.
|faint|p2a: Tornadus
|
|upkeep
|
|t:|1666617897
|switch|p2a: Rotom|Rotom-Wash|100/100
|turn|35
|
|t:|1666617902
|switch|p1a: Tapu Koko|Tapu Koko|94/100
|-fieldstart|move: Electric Terrain|[from] ability: Electric Surge|[of] p1a: Tapu Koko
|move|p2a: Rotom|Hydro Pump|p1a: Tapu Koko
|-damage|p1a: Tapu Koko|30/100
|
|upkeep
|turn|36
|
|t:|1666617909
|move|p1a: Tapu Koko|Roost|p1a: Tapu Koko
|-heal|p1a: Tapu Koko|80/100
|-singleturn|p1a: Tapu Koko|move: Roost
|move|p2a: Rotom|Hydro Pump|p1a: Tapu Koko
|-damage|p1a: Tapu Koko|24/100
|
|upkeep
|turn|37
|
|t:|1666617916
|move|p1a: Tapu Koko|Roost|p1a: Tapu Koko
|-heal|p1a: Tapu Koko|75/100
|-singleturn|p1a: Tapu Koko|move: Roost
|move|p2a: Rotom|Hydro Pump|p1a: Tapu Koko
|-damage|p1a: Tapu Koko|19/100
|
|upkeep
|turn|38
|
|t:|1666617921
|move|p1a: Tapu Koko|Roost|p1a: Tapu Koko
|-heal|p1a: Tapu Koko|69/100
|-singleturn|p1a: Tapu Koko|move: Roost
|move|p2a: Rotom|Hydro Pump|p1a: Tapu Koko
|-damage|p1a: Tapu Koko|3/100
|
|upkeep
|turn|39
|
|t:|1666617925
|move|p1a: Tapu Koko|Roost|p1a: Tapu Koko
|-heal|p1a: Tapu Koko|54/100
|-singleturn|p1a: Tapu Koko|move: Roost
|move|p2a: Rotom|Hydro Pump|p1a: Tapu Koko
|-damage|p1a: Tapu Koko|0 fnt
|faint|p1a: Tapu Koko
|
|-fieldend|move: Electric Terrain
|upkeep
|c|☆i know im horrible|this aim
|
|t:|1666617934
|switch|p1a: Regieleki|Regieleki|100/100
|-damage|p1a: Regieleki|88/100|[from] Stealth Rock
|turn|40
|
|t:|1666617939
|switch|p1a: Zeraora|Zeraora|46/100
|-damage|p1a: Zeraora|34/100|[from] Stealth Rock
|move|p2a: Rotom|Hydro Pump|p1a: Zeraora
|-damage|p1a: Zeraora|0 fnt
|faint|p1a: Zeraora
|
|upkeep
|c|☆famzy|>>>
|-message|i know im horrible forfeited.
|
|win|famzy
|raw|i know im horrible's rating: 1584 &rarr; <strong>1562</strong><br />(-22 for losing)
|raw|famzy's rating: 1547 &rarr; <strong>1569</strong><br />(+22 for winning)
|l|☆i know im horrible
||Ladder isn't responding, score probably updated but might not have (Request timeout).
