|html|<div class="broadcast-blue"><strong>[Gen 8] OU is currently suspecting Melmetal! For information on how to participate check out the <a href="https://www.smogon.com/forums/threads/np-ss-ou-suspect-process-round-12-monster-mash.3709234/">suspect thread</a>.</strong></div>
|j|☆HQSFun
|j|☆Aim on mai wei
|t:|1666267773
|gametype|singles
|player|p1|HQSFun|veteranf|1795
|player|p2|Aim on mai wei|101|1886
|teamsize|p1|6
|teamsize|p2|6
|gen|8
|tier|[Gen 8] OU
|rated|
|rule|Sleep Clause Mod: Limit one foe put to sleep
|rule|Species Clause: Limit one of each Pokémon
|rule|OHKO Clause: OHKO moves are banned
|rule|Evasion Items Clause: Evasion items are banned
|rule|Evasion Moves Clause: Evasion moves are banned
|rule|Endless Battle Clause: Forcing endless battles is banned
|rule|HP Percentage Mod: HP is shown in percentages
|rule|Dynamax Clause: You cannot dynamax
|clearpoke
|poke|p1|Dragapult, F|
|poke|p1|Weavile, M|
|poke|p1|Rillaboom, F|
|poke|p1|Nihilego|
|poke|p1|Garchomp, M|
|poke|p1|Celesteela|
|poke|p2|Gastrodon, M|
|poke|p2|Blissey, F|
|poke|p2|Slowking-Galar, M|
|poke|p2|Toxapex, M|
|poke|p2|Clefable, F|
|poke|p2|Corviknight, M|
|teampreview
|inactive|Battle timer is ON: inactive players will automatically lose when time's up. (requested by Aim on mai wei)
|j| Swag like Ohio
|j| u6ryue54ry5u75e4
|
|t:|1666267792
|start
|switch|p1a: Garchomp|Garchomp, M|100/100
|switch|p2a: Toxapex|Toxapex, M|100/100
|turn|1
|
|t:|1666267799
|move|p1a: Garchomp|Swords Dance|p1a: Garchomp
|-boost|p1a: Garchomp|atk|2
|move|p2a: Toxapex|Toxic|p1a: Garchomp
|-status|p1a: Garchomp|tox
|
|-damage|p1a: Garchomp|94/100 tox|[from] psn
|upkeep
|turn|2
|
|t:|1666267803
|switch|p2a: Clefable|Clefable, F|100/100
|move|p1a: Garchomp|Stealth Rock|p2a: Clefable
|-sidestart|p2: Aim on mai wei|move: Stealth Rock
|
|-heal|p1a: Garchomp|100/100 tox|[from] item: Leftovers
|-damage|p1a: Garchomp|88/100 tox|[from] psn
|upkeep
|turn|3
|
|t:|1666267810
|switch|p1a: Nihilego|Nihilego|100/100
|move|p2a: Clefable|Moonblast|p1a: Nihilego
|-resisted|p1a: Nihilego
|-damage|p1a: Nihilego|89/100
|
|upkeep
|turn|4
|
|t:|1666267818
|switch|p2a: Slowking|Slowking-Galar, M|100/100
|-damage|p2a: Slowking|88/100|[from] Stealth Rock
|move|p1a: Nihilego|Meteor Beam||[still]
|-prepare|p1a: Nihilego|Meteor Beam
|-boost|p1a: Nihilego|spa|1
|-enditem|p1a: Nihilego|Power Herb
|-anim|p1a: Nihilego|Meteor Beam|p2a: Slowking
|-damage|p2a: Slowking|44/100
|
|upkeep
|turn|5
|
|t:|1666267826
|switch|p2a: Blissey|Blissey, F|100/100
|move|p1a: Nihilego|Meteor Beam||[still]
|-prepare|p1a: Nihilego|Meteor Beam
|-boost|p1a: Nihilego|spa|1
|
|upkeep
|turn|6
|
|t:|1666267831
|move|p1a: Nihilego|Meteor Beam|p2a: Blissey|[from]lockedmove
|-damage|p2a: Blissey|59/100
|move|p2a: Blissey|Thunder Wave|p1a: Nihilego|[miss]
|-miss|p2a: Blissey|p1a: Nihilego
|
|upkeep
|turn|7
|
|t:|1666267836
|move|p1a: Nihilego|Meteor Beam||[still]
|-prepare|p1a: Nihilego|Meteor Beam
|-boost|p1a: Nihilego|spa|1
|move|p2a: Blissey|Soft-Boiled|p2a: Blissey
|-heal|p2a: Blissey|100/100
|
|upkeep
|turn|8
|
|t:|1666267839
|move|p1a: Nihilego|Meteor Beam|p2a: Blissey|[from]lockedmove
|-crit|p2a: Blissey
|-damage|p2a: Blissey|17/100
|move|p2a: Blissey|Thunder Wave|p1a: Nihilego
|-status|p1a: Nihilego|par
|
|upkeep
|turn|9
|
|t:|1666267851
|move|p1a: Nihilego|Power Gem|p2a: Blissey
|-damage|p2a: Blissey|0 fnt
|faint|p2a: Blissey
|-ability|p1a: Nihilego|Beast Boost|boost
|-boost|p1a: Nihilego|spe|1
|
|upkeep
|j| nian9
|
|t:|1666267872
|switch|p2a: Gastrodon|Gastrodon, M|100/100
|-damage|p2a: Gastrodon|94/100|[from] Stealth Rock
|turn|10
|
|t:|1666267874
|move|p1a: Nihilego|Grass Knot|p2a: Gastrodon
|-supereffective|p2a: Gastrodon
|-damage|p2a: Gastrodon|0 fnt
|faint|p2a: Gastrodon
|-ability|p1a: Nihilego|Beast Boost|boost
|-boost|p1a: Nihilego|spe|1
|
|upkeep
|inactive|Aim on mai wei has 120 seconds left.
|
|t:|1666267896
|switch|p2a: Clefable|Clefable, F|100/100
|-damage|p2a: Clefable|88/100|[from] Stealth Rock
|turn|11
|
|t:|1666267899
|move|p1a: Nihilego|Sludge Wave|p2a: Clefable
|-supereffective|p2a: Clefable
|-damage|p2a: Clefable|7/100
|move|p2a: Clefable|Soft-Boiled|p2a: Clefable
|-heal|p2a: Clefable|57/100
|
|-heal|p2a: Clefable|63/100|[from] item: Leftovers
|upkeep
|turn|12
|
|t:|1666267903
|move|p1a: Nihilego|Power Gem|p2a: Clefable
|-crit|p2a: Clefable
|-damage|p2a: Clefable|13/100
|move|p2a: Clefable|Moonblast|p1a: Nihilego
|-resisted|p1a: Nihilego
|-damage|p1a: Nihilego|77/100 par
|
|-heal|p2a: Clefable|19/100|[from] item: Leftovers
|upkeep
|turn|13
|
|t:|1666267907
|move|p1a: Nihilego|Power Gem|p2a: Clefable
|-damage|p2a: Clefable|0 fnt
|faint|p2a: Clefable
|-ability|p1a: Nihilego|Beast Boost|boost
|-boost|p1a: Nihilego|spe|1
|
|upkeep
|c|☆Aim on mai wei|Wow
|
|t:|1666267923
|switch|p2a: Slowking|Slowking-Galar, M|78/100
|-damage|p2a: Slowking|65/100|[from] Stealth Rock
|turn|14
|
|t:|1666267928
|move|p1a: Nihilego|Power Gem|p2a: Slowking
|-damage|p2a: Slowking|12/100
|move|p2a: Slowking|Scald|p1a: Nihilego
|-supereffective|p1a: Nihilego
|-damage|p1a: Nihilego|39/100 par
|
|upkeep
|turn|15
|j| MarburgCOVEbola
|
|t:|1666267934
|move|p1a: Nihilego|Power Gem|p2a: Slowking
|-damage|p2a: Slowking|0 fnt
|faint|p2a: Slowking
|-ability|p1a: Nihilego|Beast Boost|boost
|-boost|p1a: Nihilego|spe|1
|
|upkeep
|c| MarburgCOVEbola|ggs
|c|☆Aim on mai wei|not reqlly
|c|☆Aim on mai wei|*really
|inactive|Aim on mai wei has 120 seconds left.
|
|t:|1666267967
|switch|p2a: Corviknight|Corviknight, M|100/100
|-damage|p2a: Corviknight|88/100|[from] Stealth Rock
|-ability|p2a: Corviknight|Pressure
|turn|16
|
|t:|1666267971
|move|p1a: Nihilego|Power Gem|p2a: Corviknight
|-damage|p2a: Corviknight|0 fnt
|faint|p2a: Corviknight
|-ability|p1a: Nihilego|Beast Boost|boost
|-boost|p1a: Nihilego|spe|1
|
|upkeep
|-message|Aim on mai wei forfeited.
|
|win|HQSFun
|raw|HQSFun's rating: 1795 &rarr; <strong>1820</strong><br />(+25 for winning)
|raw|Aim on mai wei's rating: 1886 &rarr; <strong>1861</strong><br />(-25 for losing)
|l|☆Aim on mai wei
|l| u6ryue54ry5u75e4
||Ladder isn't responding, score probably updated but might not have (Request timeout).
