|j|☆Arnaud senju vgc
|j|☆I do ok
|player|p1|Arnaud senju vgc|alder|1798
|player|p2|I do ok|170|1777
|teamsize|p1|6
|teamsize|p2|6
|gametype|singles
|gen|8
|tier|[Gen 8] OU
|rated|
|clearpoke
|poke|p1|Ribombee, M|
|poke|p1|Togekiss, M|
|poke|p1|Excadrill, M|
|poke|p1|Cloyster, M|
|poke|p1|Urshifu-*, M|
|poke|p1|Magearna|
|poke|p2|Pelipper, M|
|poke|p2|Ferrothorn, M|
|poke|p2|Kingdra, M|
|poke|p2|Barraskewda, M|
|poke|p2|Magearna|
|poke|p2|Seismitoad, M|
|rule|Sleep Clause Mod: Limit one foe put to sleep
|rule|Species Clause: Limit one of each Pokémon
|rule|OHKO Clause: OHKO moves are banned
|rule|Evasion Moves Clause: Evasion moves are banned
|rule|Endless Battle Clause: Forcing endless battles is banned
|rule|HP Percentage Mod: HP is shown in percentages
|rule|Dynamax Clause: You cannot dynamax
|teampreview
|
|start
|switch|p1a: Ribombee|Ribombee, M|100/100
|switch|p2a: Pelipper|Pelipper, M|100/100
|-weather|RainDance|[from] ability: Drizzle|[of] p2a: Pelipper
|turn|1
|inactive|Battle timer is ON: inactive players will automatically lose when time's up. (requested by Arnaud senju vgc)
|
|move|p1a: Ribombee|Sticky Web|p2a: Pelipper
|-sidestart|p2: I do ok|move: Sticky Web
|move|p2a: Pelipper|U-turn|p1a: Ribombee
|-resisted|p1a: Ribombee
|-damage|p1a: Ribombee|91/100
|inactive|I do ok has 120 seconds left.
|
|switch|p2a: Barraskewda|Barraskewda, M|100/100|[from]move: U-turn
|-activate|p2a: Barraskewda|move: Sticky Web
|-unboost|p2a: Barraskewda|spe|1
|
|-weather|RainDance|[upkeep]
|upkeep
|turn|2
|
|move|p2a: Barraskewda|Liquidation|p1a: Ribombee
|-damage|p1a: Ribombee|0 fnt
|faint|p1a: Ribombee
|
|-weather|RainDance|[upkeep]
|upkeep
|
|switch|p1a: Cloyster|Cloyster, M|100/100
|turn|3
|
|move|p2a: Barraskewda|Liquidation|p1a: Cloyster
|-resisted|p1a: Cloyster
|-damage|p1a: Cloyster|63/100
|move|p1a: Cloyster|Shell Smash|p1a: Cloyster
|-unboost|p1a: Cloyster|def|1
|-unboost|p1a: Cloyster|spd|1
|-boost|p1a: Cloyster|atk|2
|-boost|p1a: Cloyster|spa|2
|-boost|p1a: Cloyster|spe|2
|
|-weather|RainDance|[upkeep]
|upkeep
|turn|4
|
|move|p1a: Cloyster|Icicle Spear|p2a: Barraskewda
|-resisted|p2a: Barraskewda
|-damage|p2a: Barraskewda|84/100
|-resisted|p2a: Barraskewda
|-damage|p2a: Barraskewda|66/100
|-resisted|p2a: Barraskewda
|-damage|p2a: Barraskewda|46/100
|-resisted|p2a: Barraskewda
|-damage|p2a: Barraskewda|27/100
|-resisted|p2a: Barraskewda
|-damage|p2a: Barraskewda|9/100
|-hitcount|p2a: Barraskewda|5
|move|p2a: Barraskewda|Liquidation|p1a: Cloyster
|-resisted|p1a: Cloyster
|-damage|p1a: Cloyster|2/100
|-unboost|p1a: Cloyster|def|1
|
|-weather|RainDance|[upkeep]
|upkeep
|turn|5
|
|move|p1a: Cloyster|Icicle Spear|p2a: Barraskewda
|-resisted|p2a: Barraskewda
|-damage|p2a: Barraskewda|0 fnt
|-hitcount|p2a: Barraskewda|1
|faint|p2a: Barraskewda
|
|-weather|RainDance|[upkeep]
|upkeep
|
|switch|p2a: Ferrothorn|Ferrothorn, M|100/100
|-activate|p2a: Ferrothorn|move: Sticky Web
|-unboost|p2a: Ferrothorn|spe|1
|turn|6
|
|move|p1a: Cloyster|Icicle Spear|p2a: Ferrothorn
|-damage|p2a: Ferrothorn|87/100
|-damage|p2a: Ferrothorn|75/100
|-damage|p2a: Ferrothorn|63/100
|-damage|p2a: Ferrothorn|50/100
|-damage|p2a: Ferrothorn|37/100
|-hitcount|p2a: Ferrothorn|5
|move|p2a: Ferrothorn|Knock Off|p1a: Cloyster
|-damage|p1a: Cloyster|0 fnt
|-enditem|p1a: Cloyster|King's Rock|[from] move: Knock Off|[of] p2a: Ferrothorn
|faint|p1a: Cloyster
|
|-weather|RainDance|[upkeep]
|upkeep
|
|switch|p1a: Togekiss|Togekiss, M|100/100
|turn|7
|j| NooseMoose
|
|switch|p2a: Kingdra|Kingdra, M|100/100
|-activate|p2a: Kingdra|move: Sticky Web
|-unboost|p2a: Kingdra|spe|1
|move|p1a: Togekiss|Substitute|p1a: Togekiss
|-start|p1a: Togekiss|Substitute
|-damage|p1a: Togekiss|75/100
|
|-weather|RainDance|[upkeep]
|-heal|p1a: Togekiss|82/100|[from] item: Leftovers
|upkeep
|turn|8
|
|move|p2a: Kingdra|Surf|p1a: Togekiss
|-end|p1a: Togekiss|Substitute
|-damage|p2a: Kingdra|91/100|[from] item: Life Orb
|move|p1a: Togekiss|Nasty Plot|p1a: Togekiss
|-boost|p1a: Togekiss|spa|2
|
|-weather|none
|-heal|p1a: Togekiss|88/100|[from] item: Leftovers
|upkeep
|turn|9
|
|switch|p2a: Pelipper|Pelipper, M|100/100
|-weather|RainDance|[from] ability: Drizzle|[of] p2a: Pelipper
|move|p1a: Togekiss|Substitute|p1a: Togekiss
|-start|p1a: Togekiss|Substitute
|-damage|p1a: Togekiss|63/100
|
|-weather|RainDance|[upkeep]
|-heal|p1a: Togekiss|69/100|[from] item: Leftovers
|upkeep
|turn|10
|
|switch|p2a: Ferrothorn|Ferrothorn, M|37/100
|-activate|p2a: Ferrothorn|move: Sticky Web
|-unboost|p2a: Ferrothorn|spe|1
|move|p1a: Togekiss|Air Slash|p2a: Ferrothorn
|-damage|p2a: Ferrothorn|0 fnt
|faint|p2a: Ferrothorn
|
|-weather|RainDance|[upkeep]
|-heal|p1a: Togekiss|75/100|[from] item: Leftovers
|upkeep
|j| Malabar32
|
|switch|p2a: Seismitoad|Seismitoad, M|100/100
|-activate|p2a: Seismitoad|move: Sticky Web
|-unboost|p2a: Seismitoad|spe|1
|turn|11
|
|move|p2a: Seismitoad|Weather Ball|p1a: Togekiss
|-end|p1a: Togekiss|Substitute
|-damage|p2a: Seismitoad|91/100|[from] item: Life Orb
|move|p1a: Togekiss|Substitute|p1a: Togekiss
|-start|p1a: Togekiss|Substitute
|-damage|p1a: Togekiss|50/100
|
|-weather|RainDance|[upkeep]
|-heal|p1a: Togekiss|57/100|[from] item: Leftovers
|upkeep
|turn|12
|
|move|p2a: Seismitoad|Weather Ball|p1a: Togekiss
|-end|p1a: Togekiss|Substitute
|-damage|p2a: Seismitoad|81/100|[from] item: Life Orb
|move|p1a: Togekiss|Substitute|p1a: Togekiss
|-start|p1a: Togekiss|Substitute
|-damage|p1a: Togekiss|32/100
|
|-weather|RainDance|[upkeep]
|-heal|p1a: Togekiss|38/100|[from] item: Leftovers
|upkeep
|turn|13
|l| Malabar32
|
|move|p2a: Seismitoad|Weather Ball|p1a: Togekiss
|-end|p1a: Togekiss|Substitute
|-damage|p2a: Seismitoad|71/100|[from] item: Life Orb
|move|p1a: Togekiss|Substitute|p1a: Togekiss
|-start|p1a: Togekiss|Substitute
|-damage|p1a: Togekiss|13/100
|
|-weather|RainDance|[upkeep]
|-heal|p1a: Togekiss|19/100|[from] item: Leftovers
|upkeep
|turn|14
|
|move|p2a: Seismitoad|Weather Ball|p1a: Togekiss
|-end|p1a: Togekiss|Substitute
|-damage|p2a: Seismitoad|61/100|[from] item: Life Orb
|move|p1a: Togekiss|Air Slash|p2a: Seismitoad
|-damage|p2a: Seismitoad|0 fnt
|faint|p2a: Seismitoad
|
|-weather|RainDance|[upkeep]
|-heal|p1a: Togekiss|25/100|[from] item: Leftovers
|upkeep
|inactive|I do ok has 120 seconds left.
|
|switch|p2a: Kingdra|Kingdra, M|91/100
|-activate|p2a: Kingdra|move: Sticky Web
|-unboost|p2a: Kingdra|spe|1
|turn|15
|
|move|p2a: Kingdra|Surf|p1a: Togekiss
|-damage|p1a: Togekiss|0 fnt
|-damage|p2a: Kingdra|81/100|[from] item: Life Orb
|faint|p1a: Togekiss
|
|-weather|RainDance|[upkeep]
|upkeep
|
|switch|p1a: Urshifu|Urshifu-Rapid-Strike, M|100/100
|turn|16
|inactive|I do ok has 120 seconds left.
|
|move|p2a: Kingdra|Hurricane|p1a: Urshifu
|-supereffective|p1a: Urshifu
|-damage|p1a: Urshifu|0 fnt
|-damage|p2a: Kingdra|71/100|[from] item: Life Orb
|faint|p1a: Urshifu
|
|-weather|none
|upkeep
|
|switch|p1a: Magearna|Magearna|100/100
|turn|17
|inactive|I do ok has 120 seconds left.
|
|move|p2a: Kingdra|Hydro Pump|p1a: Magearna
|-damage|p1a: Magearna|54/100
|-damage|p2a: Kingdra|61/100|[from] item: Life Orb
|move|p1a: Magearna|Calm Mind|p1a: Magearna
|-boost|p1a: Magearna|spa|1
|-boost|p1a: Magearna|spd|1
|
|-heal|p1a: Magearna|60/100|[from] item: Leftovers
|upkeep
|turn|18
|inactive|I do ok has 120 seconds left.
|
|switch|p2a: Magearna|Magearna|100/100
|-activate|p2a: Magearna|move: Sticky Web
|-unboost|p2a: Magearna|spe|1
|move|p1a: Magearna|Draining Kiss|p2a: Magearna
|-resisted|p2a: Magearna
|-damage|p2a: Magearna|87/100
|-heal|p1a: Magearna|71/100|[from] drain|[of] p2a: Magearna
|
|-heal|p1a: Magearna|77/100|[from] item: Leftovers
|upkeep
|turn|19
|
|move|p1a: Magearna|Calm Mind|p1a: Magearna
|-boost|p1a: Magearna|spa|1
|-boost|p1a: Magearna|spd|1
|move|p2a: Magearna|Trick|p1a: Magearna
|-activate|p2a: Magearna|move: Trick|[of] p1a: Magearna
|-item|p1a: Magearna|Choice Specs|[from] move: Trick
|-item|p2a: Magearna|Leftovers|[from] move: Trick
|
|-heal|p2a: Magearna|93/100|[from] item: Leftovers
|upkeep
|turn|20
|
|move|p1a: Magearna|Stored Power|p2a: Magearna
|-resisted|p2a: Magearna
|-damage|p2a: Magearna|58/100
|move|p2a: Magearna|Focus Blast|p1a: Magearna|[miss]
|-miss|p2a: Magearna|p1a: Magearna
|
|-heal|p2a: Magearna|64/100|[from] item: Leftovers
|upkeep
|turn|21
|
|move|p1a: Magearna|Stored Power|p2a: Magearna
|-resisted|p2a: Magearna
|-damage|p2a: Magearna|30/100
|move|p2a: Magearna|Focus Blast|p1a: Magearna
|-damage|p1a: Magearna|61/100
|
|-heal|p2a: Magearna|36/100|[from] item: Leftovers
|upkeep
|turn|22
|
|move|p1a: Magearna|Stored Power|p2a: Magearna
|-resisted|p2a: Magearna
|-damage|p2a: Magearna|0 fnt
|faint|p2a: Magearna
|-ability|p1a: Magearna|Soul-Heart|boost
|-boost|p1a: Magearna|spa|1
|
|upkeep
|
|switch|p2a: Pelipper|Pelipper, M|100/100
|-weather|RainDance|[from] ability: Drizzle|[of] p2a: Pelipper
|turn|23
|c|☆I do ok|Nice hax
|
|move|p1a: Magearna|Stored Power|p2a: Pelipper
|-damage|p2a: Pelipper|0 fnt
|faint|p2a: Pelipper
|-ability|p1a: Magearna|Soul-Heart|boost
|-boost|p1a: Magearna|spa|1
|
|-weather|RainDance|[upkeep]
|upkeep
|
|switch|p2a: Kingdra|Kingdra, M|61/100
|-activate|p2a: Kingdra|move: Sticky Web
|-unboost|p2a: Kingdra|spe|1
|turn|24
|
|move|p2a: Kingdra|Hydro Pump|p1a: Magearna
|-crit|p1a: Magearna
|-damage|p1a: Magearna|0 fnt
|-damage|p2a: Kingdra|51/100|[from] item: Life Orb
|faint|p1a: Magearna
|
|-weather|RainDance|[upkeep]
|upkeep
|
|switch|p1a: Excadrill|Excadrill, M|100/100
|-ability|p1a: Excadrill|Mold Breaker
|turn|25
|
|move|p2a: Kingdra|Surf|p1a: Excadrill
|-supereffective|p1a: Excadrill
|-enditem|p1a: Excadrill|Focus Sash
|-damage|p1a: Excadrill|1/100
|-damage|p2a: Kingdra|41/100|[from] item: Life Orb
|move|p1a: Excadrill|Earthquake|p2a: Kingdra
|-damage|p2a: Kingdra|0 fnt
|faint|p2a: Kingdra
|
|win|Arnaud senju vgc
