|j|☆hadahada
|j|☆RonaldWilsonRaiden
|t:|1652583566
|gametype|singles
|player|p1|hadahada|gentleman-gen4dp|1338
|player|p2|RonaldWilsonRaiden|dawn|1379
|teamsize|p1|6
|teamsize|p2|6
|gen|8
|tier|[Gen 8] OU
|rated|
|rule|Sleep Clause Mod: Limit one foe put to sleep
|rule|Species Clause: Limit one of each Pokémon
|rule|OHKO Clause: OHKO moves are banned
|rule|Evasion Moves Clause: Evasion moves are banned
|rule|Endless Battle Clause: Forcing endless battles is banned
|rule|HP Percentage Mod: HP is shown in percentages
|rule|Dynamax Clause: You cannot dynamax
|clearpoke
|poke|p1|Pelipper, F|
|poke|p1|Barraskewda, M|
|poke|p1|Thundurus-Therian, M|
|poke|p1|Volcanion|
|poke|p1|Azumarill, F|
|poke|p1|Ferrothorn, F|
|poke|p2|Clawitzer, F|
|poke|p2|Tapu Koko|
|poke|p2|Slowking-Galar, M|
|poke|p2|Landorus-Therian, M|
|poke|p2|Buzzwole|
|poke|p2|Heatran, M|
|teampreview
|inactive|Battle timer is ON: inactive players will automatically lose when time's up. (requested by RonaldWilsonRaiden)
|
|t:|1652583577
|start
|switch|p1a: Pelipper|Pelipper, F|100/100
|switch|p2a: Tapu 3hko|Tapu Koko, shiny|100/100
|-fieldstart|move: Electric Terrain|[from] ability: Electric Surge|[of] p2a: Tapu 3hko
|-weather|RainDance|[from] ability: Drizzle|[of] p1a: Pelipper
|turn|1
|
|t:|1652583584
|switch|p1a: Thundurus|Thundurus-Therian, M|100/100
|move|p2a: Tapu 3hko|Dazzling Gleam|p1a: Thundurus
|-crit|p1a: Thundurus
|-damage|p1a: Thundurus|37/100
|
|-weather|RainDance|[upkeep]
|upkeep
|turn|2
|
|t:|1652583592
|move|p2a: Tapu 3hko|Dazzling Gleam|p1a: Thundurus
|-damage|p1a: Thundurus|0 fnt
|faint|p1a: Thundurus
|
|-weather|RainDance|[upkeep]
|upkeep
|
|t:|1652583598
|switch|p1a: Barraskewda|Barraskewda, M|100/100
|turn|3
|
|t:|1652583602
|switch|p2a: Me irl|Buzzwole, shiny|100/100
|move|p1a: Barraskewda|Liquidation|p2a: Me irl
|-damage|p2a: Me irl|33/100
|-damage|p1a: Barraskewda|84/100|[from] item: Rocky Helmet|[of] p2a: Me irl
|
|-weather|RainDance|[upkeep]
|upkeep
|turn|4
|
|t:|1652583629
|move|p1a: Barraskewda|Liquidation|p2a: Me irl
|-damage|p2a: Me irl|0 fnt
|-damage|p1a: Barraskewda|68/100|[from] item: Rocky Helmet|[of] p2a: Me irl
|faint|p2a: Me irl
|
|-weather|RainDance|[upkeep]
|upkeep
|
|t:|1652583632
|switch|p2a: 00 BIG MEATY|Clawitzer, F|100/100
|turn|5
|
|t:|1652583635
|switch|p1a: Volcanion|Volcanion|100/100
|move|p2a: 00 BIG MEATY|Terrain Pulse|p1a: Volcanion
|-supereffective|p1a: Volcanion
|-crit|p1a: Volcanion
|-damage|p1a: Volcanion|0 fnt
|faint|p1a: Volcanion
|
|-weather|RainDance|[upkeep]
|-fieldend|move: Electric Terrain
|upkeep
|
|t:|1652583656
|switch|p1a: Ferrothorn|Ferrothorn, F|100/100
|turn|6
|
|t:|1652583660
|switch|p2a: The storm|Heatran, M|100/100
|move|p1a: Ferrothorn|Leech Seed|p2a: The storm
|-start|p2a: The storm|move: Leech Seed
|
|-weather|RainDance|[upkeep]
|-damage|p2a: The storm|88/100|[from] Leech Seed|[of] p1a: Ferrothorn
|upkeep
|turn|7
|
|t:|1652583665
|switch|p2a: King of 30%|Slowking-Galar, M, shiny|100/100
|switch|p1a: Azumarill|Azumarill, F|100/100
|
|-weather|RainDance|[upkeep]
|upkeep
|turn|8
|
|t:|1652583671
|move|p1a: Azumarill|Knock Off|p2a: King of 30%
|-supereffective|p2a: King of 30%
|-damage|p2a: King of 30%|0 fnt
|-enditem|p2a: King of 30%|Assault Vest|[from] move: Knock Off|[of] p1a: Azumarill
|faint|p2a: King of 30%
|
|-weather|none
|upkeep
|
|t:|1652583675
|switch|p2a: Tapu 3hko|Tapu Koko, shiny|100/100
|-fieldstart|move: Electric Terrain|[from] ability: Electric Surge|[of] p2a: Tapu 3hko
|turn|9
|
|t:|1652583678
|switch|p1a: Ferrothorn|Ferrothorn, F|100/100
|move|p2a: Tapu 3hko|Thunderbolt|p1a: Ferrothorn
|-resisted|p1a: Ferrothorn
|-damage|p1a: Ferrothorn|80/100
|-status|p1a: Ferrothorn|par
|
|-heal|p1a: Ferrothorn|86/100 par|[from] item: Leftovers
|upkeep
|turn|10
|
|t:|1652583685
|move|p2a: Tapu 3hko|U-turn|p1a: Ferrothorn
|-damage|p1a: Ferrothorn|78/100 par
|-damage|p2a: Tapu 3hko|88/100|[from] ability: Iron Barbs|[of] p1a: Ferrothorn
|
|t:|1652583688
|switch|p2a: The storm|Heatran, M|88/100|[from]move: U-turn
|move|p1a: Ferrothorn|Leech Seed|p2a: The storm
|-start|p2a: The storm|move: Leech Seed
|
|-heal|p2a: The storm|94/100|[from] item: Leftovers
|-heal|p1a: Ferrothorn|84/100 par|[from] item: Leftovers
|-damage|p2a: The storm|82/100|[from] Leech Seed|[of] p1a: Ferrothorn
|-heal|p1a: Ferrothorn|98/100 par|[silent]
|upkeep
|turn|11
|
|t:|1652583693
|switch|p2a: Tapu 3hko|Tapu Koko, shiny|88/100
|switch|p1a: Pelipper|Pelipper, F|100/100
|-weather|RainDance|[from] ability: Drizzle|[of] p1a: Pelipper
|
|-weather|RainDance|[upkeep]
|upkeep
|turn|12
|
|t:|1652583697
|switch|p1a: Ferrothorn|Ferrothorn, F|98/100 par
|move|p2a: Tapu 3hko|Thunderbolt|p1a: Ferrothorn
|-resisted|p1a: Ferrothorn
|-damage|p1a: Ferrothorn|77/100 par
|
|-weather|RainDance|[upkeep]
|-heal|p1a: Ferrothorn|83/100 par|[from] item: Leftovers
|upkeep
|turn|13
|
|t:|1652583701
|switch|p1a: Azumarill|Azumarill, F|100/100
|move|p2a: Tapu 3hko|U-turn|p1a: Azumarill
|-resisted|p1a: Azumarill
|-crit|p1a: Azumarill
|-damage|p1a: Azumarill|89/100
|
|t:|1652583709
|switch|p2a: 00 BIG MEATY|Clawitzer, F|100/100|[from]move: U-turn
|
|-weather|RainDance|[upkeep]
|-fieldend|move: Electric Terrain
|upkeep
|turn|14
|
|t:|1652583715
|switch|p1a: Ferrothorn|Ferrothorn, F|83/100 par
|move|p2a: 00 BIG MEATY|Water Pulse|p1a: Ferrothorn
|-resisted|p1a: Ferrothorn
|-damage|p1a: Ferrothorn|37/100 par
|
|-weather|RainDance|[upkeep]
|-heal|p1a: Ferrothorn|43/100 par|[from] item: Leftovers
|upkeep
|turn|15
|
|t:|1652583720
|move|p2a: 00 BIG MEATY|Water Pulse|p1a: Ferrothorn
|-resisted|p1a: Ferrothorn
|-damage|p1a: Ferrothorn|0 fnt
|faint|p1a: Ferrothorn
|
|-weather|RainDance|[upkeep]
|upkeep
|
|t:|1652583723
|switch|p1a: Barraskewda|Barraskewda, M|68/100
|turn|16
|
|t:|1652583726
|move|p1a: Barraskewda|Liquidation|p2a: 00 BIG MEATY
|-resisted|p2a: 00 BIG MEATY
|-damage|p2a: 00 BIG MEATY|24/100
|-unboost|p2a: 00 BIG MEATY|def|1
|move|p2a: 00 BIG MEATY|Water Pulse|p1a: Barraskewda
|-resisted|p1a: Barraskewda
|-damage|p1a: Barraskewda|0 fnt
|faint|p1a: Barraskewda
|
|-weather|RainDance|[upkeep]
|upkeep
|-message|hadahada forfeited.
|
|win|RonaldWilsonRaiden
|raw|hadahada's rating: 1338 &rarr; <strong>1320</strong><br />(-18 for losing)
|raw|RonaldWilsonRaiden's rating: 1379 &rarr; <strong>1397</strong><br />(+18 for winning)
|l|☆hadahada
||Ladder isn't responding, score probably updated but might not have (Request timeout).
