|j|☆GEN 8 JESUS
|j|☆4funaccount
|player|p1|GEN 8 JESUS|baker|1956
|player|p2|4funaccount|hilda-dueldisk|1862
|teamsize|p1|6
|teamsize|p2|6
|gametype|singles
|gen|8
|tier|[Gen 8] OU
|rated|
|clearpoke
|poke|p1|Clefable, F|
|poke|p1|Rotom-Mow|
|poke|p1|Toxapex, F|
|poke|p1|Hydreigon, F|
|poke|p1|Corviknight, F|
|poke|p1|Mew|
|poke|p2|Centiskorch, F|
|poke|p2|Rotom-Wash|
|poke|p2|Dragapult, F|
|poke|p2|Ferrothorn, F|
|poke|p2|Excadrill, M|
|poke|p2|Hydreigon, M|
|rule|Sleep Clause Mod: Limit one foe put to sleep
|rule|Species Clause: Limit one of each Pokémon
|rule|OHKO Clause: OHKO moves are banned
|rule|Evasion Moves Clause: Evasion moves are banned
|rule|Endless Battle Clause: Forcing endless battles is banned
|rule|HP Percentage Mod: HP is shown in percentages
|rule|Dynamax Clause: You cannot dynamax
|teampreview
|j| LionmanXX5
|
|start
|switch|p1a: Hydreigon|Hydreigon, F|100/100
|switch|p2a: gen 8 rotom|Rotom-Wash|100/100
|turn|1
|
|switch|p2a: gen 8 ferrothorn|Ferrothorn, F|100/100
|move|p1a: Hydreigon|Draco Meteor|p2a: gen 8 ferrothorn
|-resisted|p2a: gen 8 ferrothorn
|-damage|p2a: gen 8 ferrothorn|67/100
|-unboost|p1a: Hydreigon|spa|2
|-damage|p1a: Hydreigon|91/100|[from] item: Life Orb
|
|-heal|p2a: gen 8 ferrothorn|74/100|[from] item: Leftovers
|upkeep
|turn|2
|
|switch|p2a: Gen 8 heatran|Centiskorch, F|100/100
|move|p1a: Hydreigon|Flamethrower|p2a: Gen 8 heatran
|-start|p2a: Gen 8 heatran|ability: Flash Fire
|
|upkeep
|turn|3
|
|switch|p1a: Toxapex|Toxapex, F|100/100
|move|p2a: Gen 8 heatran|Knock Off|p1a: Toxapex
|-damage|p1a: Toxapex|81/100
|-enditem|p1a: Toxapex|Black Sludge|[from] move: Knock Off|[of] p2a: Gen 8 heatran
|
|upkeep
|turn|4
|
|-end|p2a: Gen 8 heatran|ability: Flash Fire|[silent]
|switch|p2a: gen 8 rotom|Rotom-Wash|100/100
|switch|p1a: Hydreigon|Hydreigon, F|91/100
|
|upkeep
|turn|5
|
|switch|p2a: gen 8 excadrill|Excadrill, M|100/100
|-ability|p2a: gen 8 excadrill|Mold Breaker
|move|p1a: Hydreigon|Draco Meteor|p2a: gen 8 excadrill
|-resisted|p2a: gen 8 excadrill
|-damage|p2a: gen 8 excadrill|61/100
|-unboost|p1a: Hydreigon|spa|2
|-damage|p1a: Hydreigon|81/100|[from] item: Life Orb
|
|-heal|p2a: gen 8 excadrill|67/100|[from] item: Leftovers
|upkeep
|turn|6
|j| alt of the week
|
|switch|p1a: Corviknight|Corviknight, F|100/100
|-ability|p1a: Corviknight|Pressure
|move|p2a: gen 8 excadrill|Stealth Rock|p1a: Corviknight
|-sidestart|p1: GEN 8 JESUS|move: Stealth Rock
|
|-heal|p2a: gen 8 excadrill|74/100|[from] item: Leftovers
|upkeep
|turn|7
|
|switch|p2a: gen 8 rotom|Rotom-Wash|100/100
|move|p1a: Corviknight|Defog|p2a: gen 8 rotom
|-unboost|p2a: gen 8 rotom|evasion|1
|-sideend|p1: GEN 8 JESUS|Stealth Rock|[from] move: Defog|[of] p1a: Corviknight
|
|upkeep
|turn|8
|
|move|p2a: gen 8 rotom|Will-O-Wisp|p1a: Corviknight
|-status|p1a: Corviknight|brn
|move|p1a: Corviknight|U-turn|p2a: gen 8 rotom
|-damage|p2a: gen 8 rotom|94/100
|
|switch|p1a: Hydreigon|Hydreigon, F|81/100|[from]move: U-turn
|
|upkeep
|turn|9
|
|switch|p2a: gen 8 excadrill|Excadrill, M|74/100
|-ability|p2a: gen 8 excadrill|Mold Breaker
|move|p1a: Hydreigon|Draco Meteor|p2a: gen 8 excadrill|[miss]
|-miss|p1a: Hydreigon|p2a: gen 8 excadrill
|
|-heal|p2a: gen 8 excadrill|80/100|[from] item: Leftovers
|upkeep
|turn|10
|
|switch|p2a: Gen 8 heatran|Centiskorch, F|100/100
|move|p1a: Hydreigon|Nasty Plot|p1a: Hydreigon
|-boost|p1a: Hydreigon|spa|2
|
|upkeep
|turn|11
|
|switch|p2a: gen 8 ferrothorn|Ferrothorn, F|74/100
|move|p1a: Hydreigon|Draco Meteor|p2a: gen 8 ferrothorn
|-resisted|p2a: gen 8 ferrothorn
|-damage|p2a: gen 8 ferrothorn|8/100
|-unboost|p1a: Hydreigon|spa|2
|-damage|p1a: Hydreigon|71/100|[from] item: Life Orb
|
|-heal|p2a: gen 8 ferrothorn|14/100|[from] item: Leftovers
|upkeep
|turn|12
|j| Adicire
|
|switch|p2a: Hydreigon|Hydreigon, M|100/100
|move|p1a: Hydreigon|Flamethrower|p2a: Hydreigon
|-resisted|p2a: Hydreigon
|-damage|p2a: Hydreigon|76/100
|-damage|p1a: Hydreigon|61/100|[from] item: Life Orb
|
|upkeep
|turn|13
|
|switch|p2a: gen 8 ferrothorn|Ferrothorn, F|14/100
|switch|p1a: Clefable|Clefable, F|100/100
|
|-heal|p2a: gen 8 ferrothorn|21/100|[from] item: Leftovers
|upkeep
|turn|14
|
|switch|p1a: Mew|Mew|100/100
|move|p2a: gen 8 ferrothorn|Knock Off|p1a: Mew
|-supereffective|p1a: Mew
|-damage|p1a: Mew|57/100
|-enditem|p1a: Mew|Leftovers|[from] move: Knock Off|[of] p2a: gen 8 ferrothorn
|
|-heal|p2a: gen 8 ferrothorn|27/100|[from] item: Leftovers
|upkeep
|turn|15
|j| GenericAlcremie
|
|switch|p2a: Gen 8 heatran|Centiskorch, F|100/100
|move|p1a: Mew|Dazzling Gleam|p2a: Gen 8 heatran
|-resisted|p2a: Gen 8 heatran
|-damage|p2a: Gen 8 heatran|87/100
|
|upkeep
|turn|16
|
|switch|p1a: Toxapex|Toxapex, F|100/100
|switch|p2a: gen 8 ferrothorn|Ferrothorn, F|27/100
|
|-heal|p2a: gen 8 ferrothorn|33/100|[from] item: Leftovers
|upkeep
|turn|17
|
|move|p1a: Toxapex|Scald|p2a: gen 8 ferrothorn
|-resisted|p2a: gen 8 ferrothorn
|-damage|p2a: gen 8 ferrothorn|27/100
|-status|p2a: gen 8 ferrothorn|brn
|move|p2a: gen 8 ferrothorn|Leech Seed|p1a: Toxapex
|-start|p1a: Toxapex|move: Leech Seed
|
|-heal|p2a: gen 8 ferrothorn|33/100 brn|[from] item: Leftovers
|-damage|p1a: Toxapex|88/100|[from] Leech Seed|[of] p2a: gen 8 ferrothorn
|-heal|p2a: gen 8 ferrothorn|44/100 brn|[silent]
|-damage|p2a: gen 8 ferrothorn|38/100 brn|[from] brn
|upkeep
|turn|18
|j| tapu moxo
|
|switch|p1a: Corviknight|Corviknight, F|100/100 brn
|-ability|p1a: Corviknight|Pressure
|move|p2a: gen 8 ferrothorn|Spikes|p1a: Corviknight
|-sidestart|p1: GEN 8 JESUS|Spikes
|
|-heal|p2a: gen 8 ferrothorn|44/100 brn|[from] item: Leftovers
|-damage|p1a: Corviknight|94/100 brn|[from] brn
|-damage|p2a: gen 8 ferrothorn|38/100 brn|[from] brn
|upkeep
|turn|19
|
|move|p1a: Corviknight|U-turn|p2a: gen 8 ferrothorn
|-damage|p2a: gen 8 ferrothorn|33/100 brn
|-damage|p1a: Corviknight|82/100 brn|[from] ability: Iron Barbs|[of] p2a: gen 8 ferrothorn
|
|switch|p1a: Rotom|Rotom-Mow|100/100|[from]move: U-turn
|move|p2a: gen 8 ferrothorn|Knock Off|p1a: Rotom
|-damage|p1a: Rotom|87/100
|-enditem|p1a: Rotom|Leftovers|[from] move: Knock Off|[of] p2a: gen 8 ferrothorn
|
|-heal|p2a: gen 8 ferrothorn|40/100 brn|[from] item: Leftovers
|-damage|p2a: gen 8 ferrothorn|33/100 brn|[from] brn
|upkeep
|turn|20
|
|switch|p2a: gen 8 excadrill|Excadrill, M|80/100
|-ability|p2a: gen 8 excadrill|Mold Breaker
|move|p1a: Rotom|Discharge|p2a: gen 8 excadrill
|-immune|p2a: gen 8 excadrill
|
|-heal|p2a: gen 8 excadrill|86/100|[from] item: Leftovers
|upkeep
|turn|21
|
|move|p1a: Rotom|Leaf Storm|p2a: gen 8 excadrill
|-damage|p2a: gen 8 excadrill|31/100
|-unboost|p1a: Rotom|spa|2
|move|p2a: gen 8 excadrill|Earthquake|p1a: Rotom
|-damage|p1a: Rotom|31/100
|
|-heal|p2a: gen 8 excadrill|37/100|[from] item: Leftovers
|upkeep
|turn|22
|
|switch|p1a: Corviknight|Corviknight, F|82/100 brn
|-ability|p1a: Corviknight|Pressure
|switch|p2a: Hydreigon|Hydreigon, M|76/100
|
|-heal|p1a: Corviknight|88/100 brn|[from] item: Leftovers
|-damage|p1a: Corviknight|82/100 brn|[from] brn
|upkeep
|turn|23
|
|move|p2a: Hydreigon|Fire Blast|p1a: Corviknight
|-supereffective|p1a: Corviknight
|-damage|p1a: Corviknight|11/100 brn
|-damage|p2a: Hydreigon|66/100|[from] item: Life Orb
|move|p1a: Corviknight|U-turn|p2a: Hydreigon
|-supereffective|p2a: Hydreigon
|-damage|p2a: Hydreigon|50/100
|
|switch|p1a: Clefable|Clefable, F|100/100|[from]move: U-turn
|
|upkeep
|turn|24
|
|switch|p2a: gen 8 excadrill|Excadrill, M|37/100
|-ability|p2a: gen 8 excadrill|Mold Breaker
|move|p1a: Clefable|Aromatherapy|p1a: Clefable
|-activate|p1a: Clefable|move: Aromatherapy
|-curestatus|p1: Corviknight|brn|[msg]
|
|-heal|p2a: gen 8 excadrill|43/100|[from] item: Leftovers
|upkeep
|turn|25
|
|switch|p1a: Toxapex|Toxapex, F|100/100
|-damage|p1a: Toxapex|88/100|[from] Spikes
|move|p2a: gen 8 excadrill|Stealth Rock|p1a: Toxapex
|-sidestart|p1: GEN 8 JESUS|move: Stealth Rock
|
|-heal|p2a: gen 8 excadrill|50/100|[from] item: Leftovers
|upkeep
|turn|26
|
|switch|p2a: gen 8 ferrothorn|Ferrothorn, F|33/100 brn
|move|p1a: Toxapex|Scald|p2a: gen 8 ferrothorn
|-resisted|p2a: gen 8 ferrothorn
|-crit|p2a: gen 8 ferrothorn
|-damage|p2a: gen 8 ferrothorn|23/100 brn
|
|-heal|p2a: gen 8 ferrothorn|29/100 brn|[from] item: Leftovers
|-damage|p2a: gen 8 ferrothorn|23/100 brn|[from] brn
|upkeep
|turn|27
|l| tapu moxo
|
|move|p1a: Toxapex|Baneful Bunker|p1a: Toxapex
|-singleturn|p1a: Toxapex|move: Protect
|move|p2a: gen 8 ferrothorn|Spikes|p1a: Toxapex
|-sidestart|p1: GEN 8 JESUS|Spikes
|
|-heal|p2a: gen 8 ferrothorn|29/100 brn|[from] item: Leftovers
|-damage|p2a: gen 8 ferrothorn|23/100 brn|[from] brn
|upkeep
|turn|28
|
|move|p1a: Toxapex|Scald|p2a: gen 8 ferrothorn
|-resisted|p2a: gen 8 ferrothorn
|-damage|p2a: gen 8 ferrothorn|17/100 brn
|move|p2a: gen 8 ferrothorn|Leech Seed|p1a: Toxapex|[miss]
|-miss|p2a: gen 8 ferrothorn|p1a: Toxapex
|
|-heal|p2a: gen 8 ferrothorn|23/100 brn|[from] item: Leftovers
|-damage|p2a: gen 8 ferrothorn|17/100 brn|[from] brn
|upkeep
|turn|29
|
|move|p1a: Toxapex|Scald|p2a: gen 8 ferrothorn
|-resisted|p2a: gen 8 ferrothorn
|-damage|p2a: gen 8 ferrothorn|10/100 brn
|move|p2a: gen 8 ferrothorn|Leech Seed|p1a: Toxapex
|-start|p1a: Toxapex|move: Leech Seed
|
|-heal|p2a: gen 8 ferrothorn|16/100 brn|[from] item: Leftovers
|-damage|p1a: Toxapex|75/100|[from] Leech Seed|[of] p2a: gen 8 ferrothorn
|-heal|p2a: gen 8 ferrothorn|27/100 brn|[silent]
|-damage|p2a: gen 8 ferrothorn|21/100 brn|[from] brn
|upkeep
|turn|30
|
|switch|p1a: Rotom|Rotom-Mow|31/100
|-damage|p1a: Rotom|19/100|[from] Stealth Rock
|move|p2a: gen 8 ferrothorn|Leech Seed|p1a: Rotom
|-immune|p1a: Rotom
|
|-heal|p2a: gen 8 ferrothorn|27/100 brn|[from] item: Leftovers
|-damage|p2a: gen 8 ferrothorn|21/100 brn|[from] brn
|upkeep
|turn|31
|
|switch|p2a: gen 8 marshadow|Dragapult, F|100/100
|move|p1a: Rotom|Nasty Plot|p1a: Rotom
|-boost|p1a: Rotom|spa|2
|
|upkeep
|turn|32
|
|switch|p1a: Clefable|Clefable, F|100/100
|move|p2a: gen 8 marshadow|Shadow Ball|p1a: Clefable
|-damage|p1a: Clefable|69/100
|
|-heal|p1a: Clefable|75/100|[from] item: Leftovers
|upkeep
|turn|33
|
|switch|p2a: gen 8 excadrill|Excadrill, M|50/100
|-ability|p2a: gen 8 excadrill|Mold Breaker
|move|p1a: Clefable|Wish|p1a: Clefable
|
|-heal|p2a: gen 8 excadrill|56/100|[from] item: Leftovers
|-heal|p1a: Clefable|81/100|[from] item: Leftovers
|upkeep
|turn|34
|
|switch|p1a: Toxapex|Toxapex, F|100/100
|-damage|p1a: Toxapex|84/100|[from] Spikes
|-damage|p1a: Toxapex|72/100|[from] Stealth Rock
|move|p2a: gen 8 excadrill|Earthquake|p1a: Toxapex
|-supereffective|p1a: Toxapex
|-damage|p1a: Toxapex|20/100
|
|-heal|p1a: Toxapex|84/100|[from] move: Wish|[wisher] Clefable
|-heal|p2a: gen 8 excadrill|62/100|[from] item: Leftovers
|upkeep
|turn|35
|
|switch|p2a: gen 8 ferrothorn|Ferrothorn, F|21/100 brn
|move|p1a: Toxapex|Scald|p2a: gen 8 ferrothorn
|-resisted|p2a: gen 8 ferrothorn
|-damage|p2a: gen 8 ferrothorn|14/100 brn
|
|-heal|p2a: gen 8 ferrothorn|21/100 brn|[from] item: Leftovers
|-damage|p2a: gen 8 ferrothorn|14/100 brn|[from] brn
|upkeep
|turn|36
|
|move|p1a: Toxapex|Scald|p2a: gen 8 ferrothorn
|-resisted|p2a: gen 8 ferrothorn
|-damage|p2a: gen 8 ferrothorn|8/100 brn
|move|p2a: gen 8 ferrothorn|Leech Seed|p1a: Toxapex
|-start|p1a: Toxapex|move: Leech Seed
|
|-heal|p2a: gen 8 ferrothorn|14/100 brn|[from] item: Leftovers
|-damage|p1a: Toxapex|72/100|[from] Leech Seed|[of] p2a: gen 8 ferrothorn
|-heal|p2a: gen 8 ferrothorn|25/100 brn|[silent]
|-damage|p2a: gen 8 ferrothorn|18/100 brn|[from] brn
|upkeep
|turn|37
|
|switch|p1a: Clefable|Clefable, F|81/100
|move|p2a: gen 8 ferrothorn|Leech Seed|p1a: Clefable
|-start|p1a: Clefable|move: Leech Seed
|
|-heal|p1a: Clefable|87/100|[from] item: Leftovers
|-heal|p2a: gen 8 ferrothorn|25/100 brn|[from] item: Leftovers
|-damage|p2a: gen 8 ferrothorn|18/100 brn|[from] brn
|upkeep
|turn|38
|j| JKongh
|
|switch|p1a: Toxapex|Toxapex, F|100/100
|-damage|p1a: Toxapex|88/100|[from] Stealth Rock
|-damage|p1a: Toxapex|72/100|[from] Spikes
|move|p2a: gen 8 ferrothorn|Spikes|p1a: Toxapex
|-sidestart|p1: GEN 8 JESUS|Spikes
|
|-heal|p2a: gen 8 ferrothorn|25/100 brn|[from] item: Leftovers
|-damage|p2a: gen 8 ferrothorn|18/100 brn|[from] brn
|upkeep
|turn|39
|
|move|p1a: Toxapex|Baneful Bunker|p1a: Toxapex
|-singleturn|p1a: Toxapex|move: Protect
|move|p2a: gen 8 ferrothorn|Leech Seed|p1a: Toxapex
|-activate|p1a: Toxapex|move: Protect
|
|-heal|p2a: gen 8 ferrothorn|25/100 brn|[from] item: Leftovers
|-damage|p2a: gen 8 ferrothorn|18/100 brn|[from] brn
|upkeep
|turn|40
|
|move|p1a: Toxapex|Scald|p2a: gen 8 ferrothorn
|-resisted|p2a: gen 8 ferrothorn
|-damage|p2a: gen 8 ferrothorn|12/100 brn
|move|p2a: gen 8 ferrothorn|Leech Seed|p1a: Toxapex|[miss]
|-miss|p2a: gen 8 ferrothorn|p1a: Toxapex
|
|-heal|p2a: gen 8 ferrothorn|18/100 brn|[from] item: Leftovers
|-damage|p2a: gen 8 ferrothorn|12/100 brn|[from] brn
|upkeep
|turn|41
|
|move|p1a: Toxapex|Scald|p2a: gen 8 ferrothorn
|-resisted|p2a: gen 8 ferrothorn
|-damage|p2a: gen 8 ferrothorn|5/100 brn
|move|p2a: gen 8 ferrothorn|Leech Seed|p1a: Toxapex
|-start|p1a: Toxapex|move: Leech Seed
|
|-heal|p2a: gen 8 ferrothorn|11/100 brn|[from] item: Leftovers
|-damage|p1a: Toxapex|59/100|[from] Leech Seed|[of] p2a: gen 8 ferrothorn
|-heal|p2a: gen 8 ferrothorn|22/100 brn|[silent]
|-damage|p2a: gen 8 ferrothorn|16/100 brn|[from] brn
|upkeep
|turn|42
|
|switch|p1a: Hydreigon|Hydreigon, F|61/100
|-damage|p1a: Hydreigon|49/100|[from] Stealth Rock
|move|p2a: gen 8 ferrothorn|Knock Off|p1a: Hydreigon
|-resisted|p1a: Hydreigon
|-damage|p1a: Hydreigon|43/100
|-enditem|p1a: Hydreigon|Life Orb|[from] move: Knock Off|[of] p2a: gen 8 ferrothorn
|
|-heal|p2a: gen 8 ferrothorn|22/100 brn|[from] item: Leftovers
|-damage|p2a: gen 8 ferrothorn|16/100 brn|[from] brn
|upkeep
|turn|43
|j| unegaonuage
|
|move|p1a: Hydreigon|Draco Meteor|p2a: gen 8 ferrothorn|[miss]
|-miss|p1a: Hydreigon|p2a: gen 8 ferrothorn
|move|p2a: gen 8 ferrothorn|Leech Seed|p1a: Hydreigon
|-start|p1a: Hydreigon|move: Leech Seed
|
|-heal|p2a: gen 8 ferrothorn|22/100 brn|[from] item: Leftovers
|-damage|p1a: Hydreigon|31/100|[from] Leech Seed|[of] p2a: gen 8 ferrothorn
|-heal|p2a: gen 8 ferrothorn|33/100 brn|[silent]
|-damage|p2a: gen 8 ferrothorn|27/100 brn|[from] brn
|upkeep
|turn|44
|-message|GEN 8 JESUS forfeited.
|
|win|4funaccount
|l|☆GEN 8 JESUS
|l| Adicire
|l| GenericAlcremie
||Ladder (probably) updated, but score could not be retrieved (Response not received).
|l| LionmanXX5
