|j|☆Sp0oNl0rD
|j|☆quixana
|inactive|Battle timer is ON: inactive players will automatically lose when time's up.
|t:|1649027003
|gametype|singles
|player|p1|Sp0oNl0rD|blackbelt-gen4dp|
|player|p2|quixana|scientist-gen3|
|teamsize|p1|6
|teamsize|p2|6
|gen|8
|tier|[Gen 8] OU
|rated|Tournament battle
|rule|Sleep Clause Mod: Limit one foe put to sleep
|rule|Species Clause: Limit one of each Pokémon
|rule|OHKO Clause: OHKO moves are banned
|rule|Evasion Moves Clause: Evasion moves are banned
|rule|Endless Battle Clause: Forcing endless battles is banned
|rule|HP Percentage Mod: HP is shown in percentages
|rule|Dynamax Clause: You cannot dynamax
|clearpoke
|poke|p1|Buzzwole|
|poke|p1|Blissey, F|
|poke|p1|Ferrothorn, F|
|poke|p1|Toxapex, F|
|poke|p1|Landorus-Therian, M|
|poke|p1|Tapu Lele|
|poke|p2|Melmetal|
|poke|p2|Tornadus-Therian, M|
|poke|p2|Tyranitar, F|
|poke|p2|Nidoking, M|
|poke|p2|Slowking, M|
|poke|p2|Buzzwole|
|teampreview
|inactive|Sp0oNl0rD also wants the timer to be on.
|c|☆quixana|glhf
|j| Iliketrains4576
|j| seelbachariot
|inactive|Sp0oNl0rD has 120 seconds left.
|l| Iliketrains4576
|inactive|Sp0oNl0rD has 90 seconds left.
|
|t:|1649027081
|start
|switch|p1a: Toxapex|Toxapex, F|100/100
|switch|p2a: Tornadus|Tornadus-Therian, M, shiny|100/100
|turn|1
|
|t:|1649027099
|move|p2a: Tornadus|Knock Off|p1a: Toxapex
|-damage|p1a: Toxapex|87/100
|-damage|p2a: Tornadus|84/100|[from] item: Rocky Helmet|[of] p1a: Toxapex
|-enditem|p1a: Toxapex|Rocky Helmet|[from] move: Knock Off|[of] p2a: Tornadus
|move|p1a: Toxapex|Knock Off|p2a: Tornadus
|-damage|p2a: Tornadus|71/100
|-enditem|p2a: Tornadus|Heavy-Duty Boots|[from] move: Knock Off|[of] p1a: Toxapex
|
|upkeep
|turn|2
|
|t:|1649027109
|move|p2a: Tornadus|U-turn|p1a: Toxapex
|-resisted|p1a: Toxapex
|-damage|p1a: Toxapex|81/100
|
|t:|1649027118
|switch|p2a: Slowking|Slowking, M|100/100|[from]move: U-turn
|move|p1a: Toxapex|Scald|p2a: Slowking
|-resisted|p2a: Slowking
|-damage|p2a: Slowking|96/100
|-status|p2a: Slowking|brn
|
|-damage|p2a: Slowking|90/100 brn|[from] brn
|upkeep
|turn|3
|
|t:|1649027123
|move|p1a: Toxapex|Knock Off|p2a: Slowking
|-supereffective|p2a: Slowking
|-crit|p2a: Slowking
|-damage|p2a: Slowking|45/100 brn
|-enditem|p2a: Slowking|Heavy-Duty Boots|[from] move: Knock Off|[of] p1a: Toxapex
|move|p2a: Slowking|Future Sight|p1a: Toxapex
|-start|p2a: Slowking|move: Future Sight
|
|-damage|p2a: Slowking|39/100 brn|[from] brn
|upkeep
|turn|4
|
|t:|1649027129
|move|p1a: Toxapex|Knock Off|p2a: Slowking
|-supereffective|p2a: Slowking
|-damage|p2a: Slowking|18/100 brn
|move|p2a: Slowking|Teleport|p2a: Slowking
|
|t:|1649027145
|switch|p2a: Nidoking|Nidoking, M|100/100|[from]move: Teleport
|
|upkeep
|turn|5
|
|t:|1649027159
|switch|p1a: Blissey|Blissey, F|100/100
|move|p2a: Nidoking|Sludge Wave|p1a: Blissey
|-damage|p1a: Blissey|79/100
|
|-end|p1a: Blissey|move: Future Sight
|-damage|p1a: Blissey|63/100
|upkeep
|turn|6
|
|t:|1649027167
|move|p2a: Nidoking|Superpower|p1a: Blissey
|-supereffective|p1a: Blissey
|-damage|p1a: Blissey|8/100
|-unboost|p2a: Nidoking|atk|1
|-unboost|p2a: Nidoking|def|1
|-damage|p2a: Nidoking|91/100|[from] item: Life Orb
|move|p1a: Blissey|Soft-Boiled|p1a: Blissey
|-heal|p1a: Blissey|58/100
|
|upkeep
|turn|7
|
|t:|1649027173
|switch|p2a: Blim|Melmetal|100/100
|move|p1a: Blissey|Soft-Boiled|p1a: Blissey
|-heal|p1a: Blissey|100/100
|
|upkeep
|turn|8
|
|t:|1649027179
|switch|p1a: Buzzwole|Buzzwole|100/100
|switch|p2a: Tornadus|Tornadus-Therian, M, shiny|100/100
|
|upkeep
|turn|9
|
|t:|1649027185
|switch|p1a: Toxapex|Toxapex, F|100/100
|move|p2a: Tornadus|Hurricane|p1a: Toxapex|[miss]
|-miss|p2a: Tornadus|p1a: Toxapex
|
|upkeep
|turn|10
|
|t:|1649027190
|move|p2a: Tornadus|U-turn|p1a: Toxapex
|-resisted|p1a: Toxapex
|-damage|p1a: Toxapex|95/100
|
|t:|1649027192
|switch|p2a: Slowking|Slowking, M|51/100 brn|[from]move: U-turn
|move|p1a: Toxapex|Knock Off|p2a: Slowking
|-supereffective|p2a: Slowking
|-damage|p2a: Slowking|32/100 brn
|
|-damage|p2a: Slowking|26/100 brn|[from] brn
|upkeep
|turn|11
|
|t:|1649027197
|switch|p1a: Tapu Lele|Tapu Lele|100/100
|-fieldstart|move: Psychic Terrain|[from] ability: Psychic Surge|[of] p1a: Tapu Lele
|move|p2a: Slowking|Slack Off|p2a: Slowking
|-heal|p2a: Slowking|76/100 brn
|
|-damage|p2a: Slowking|70/100 brn|[from] brn
|upkeep
|turn|12
|
|t:|1649027209
|switch|p2a: Tyranitar|Tyranitar, F|100/100
|-weather|Sandstorm|[from] ability: Sand Stream|[of] p2a: Tyranitar
|move|p1a: Tapu Lele|Calm Mind|p1a: Tapu Lele
|-boost|p1a: Tapu Lele|spa|1
|-boost|p1a: Tapu Lele|spd|1
|
|-weather|Sandstorm|[upkeep]
|-damage|p1a: Tapu Lele|94/100|[from] Sandstorm
|-heal|p1a: Tapu Lele|100/100|[from] item: Leftovers
|upkeep
|turn|13
|
|t:|1649027218
|switch|p1a: Ferrothorn|Ferrothorn, F|100/100
|move|p2a: Tyranitar|Thunder Wave|p1a: Ferrothorn|[miss]
|-miss|p2a: Tyranitar|p1a: Ferrothorn
|
|-weather|Sandstorm|[upkeep]
|upkeep
|turn|14
|j| amxox
|
|t:|1649027241
|switch|p2a: Tornadus|Tornadus-Therian, M, shiny|100/100
|move|p1a: Ferrothorn|Spikes|p2a: Tornadus
|-sidestart|p2: quixana|Spikes
|
|-weather|Sandstorm|[upkeep]
|-damage|p2a: Tornadus|94/100|[from] Sandstorm
|upkeep
|turn|15
|
|t:|1649027259
|switch|p1a: Blissey|Blissey, F|100/100
|move|p2a: Tornadus|Hurricane|p1a: Blissey|[miss]
|-miss|p2a: Tornadus|p1a: Blissey
|
|-weather|Sandstorm|[upkeep]
|-damage|p2a: Tornadus|88/100|[from] Sandstorm
|-damage|p1a: Blissey|94/100|[from] Sandstorm
|-fieldend|move: Psychic Terrain
|upkeep
|turn|16
|
|t:|1649027267
|move|p2a: Tornadus|U-turn|p1a: Blissey
|-damage|p1a: Blissey|83/100
|
|t:|1649027271
|switch|p2a: Slowking|Slowking, M|100/100 brn|[from]move: U-turn
|-damage|p2a: Slowking|88/100 brn|[from] Spikes
|move|p1a: Blissey|Toxic||[still]
|-fail|p1a: Blissey
|
|-weather|none
|-damage|p2a: Slowking|82/100 brn|[from] brn
|upkeep
|turn|17
|
|t:|1649027276
|move|p1a: Blissey|Teleport|p1a: Blissey
|
|t:|1649027277
|switch|p1a: Buzzwole|Buzzwole|100/100|[from]move: Teleport
|move|p2a: Slowking|Teleport|p2a: Slowking
|
|t:|1649027283
|switch|p2a: Tornadus|Tornadus-Therian, M, shiny|100/100|[from]move: Teleport
|
|upkeep
|turn|18
|
|t:|1649027288
|switch|p1a: Toxapex|Toxapex, F|100/100
|move|p2a: Tornadus|Hurricane|p1a: Toxapex
|-damage|p1a: Toxapex|71/100
|-start|p1a: Toxapex|confusion
|
|upkeep
|turn|19
|
|t:|1649027292
|move|p2a: Tornadus|Defog|p1a: Toxapex
|-unboost|p1a: Toxapex|evasion|1
|-sideend|p2: quixana|Spikes|[from] move: Defog|[of] p2a: Tornadus
|-activate|p1a: Toxapex|confusion
|-damage|p1a: Toxapex|66/100|[from] confusion
|
|upkeep
|turn|20
|
|t:|1649027299
|switch|p1a: Ferrothorn|Ferrothorn, F|100/100
|move|p2a: Tornadus|U-turn|p1a: Ferrothorn
|-damage|p1a: Ferrothorn|92/100
|-damage|p2a: Tornadus|88/100|[from] ability: Iron Barbs|[of] p1a: Ferrothorn
|
|t:|1649027310
|switch|p2a: Buzzwole|Buzzwole, shiny|100/100|[from]move: U-turn
|
|-heal|p1a: Ferrothorn|98/100|[from] item: Leftovers
|upkeep
|turn|21
|j| Conventions2geneve
|
|t:|1649027325
|switch|p1a: Toxapex|Toxapex, F|99/100
|move|p2a: Buzzwole|Close Combat|p1a: Toxapex
|-resisted|p1a: Toxapex
|-damage|p1a: Toxapex|80/100
|-unboost|p2a: Buzzwole|def|1
|-unboost|p2a: Buzzwole|spd|1
|
|upkeep
|turn|22
|
|t:|1649027334
|switch|p2a: Slowking|Slowking, M|100/100 brn
|switch|p1a: Blissey|Blissey, F|83/100
|
|-damage|p2a: Slowking|94/100 brn|[from] brn
|upkeep
|turn|23
|
|t:|1649027343
|move|p2a: Slowking|Future Sight|p1a: Blissey
|-start|p2a: Slowking|move: Future Sight
|move|p1a: Blissey|Teleport|p1a: Blissey
|
|t:|1649027345
|switch|p1a: Buzzwole|Buzzwole|100/100|[from]move: Teleport
|
|-damage|p2a: Slowking|88/100 brn|[from] brn
|upkeep
|turn|24
|j| Seasons In the Sun
|
|t:|1649027355
|switch|p1a: Tapu Lele|Tapu Lele|100/100
|-fieldstart|move: Psychic Terrain|[from] ability: Psychic Surge|[of] p1a: Tapu Lele
|switch|p2a: Buzzwole|Buzzwole, shiny|100/100
|
|upkeep
|turn|25
|
|t:|1649027364
|switch|p2a: Tyranitar|Tyranitar, F|100/100
|-weather|Sandstorm|[from] ability: Sand Stream|[of] p2a: Tyranitar
|move|p1a: Tapu Lele|Moonblast|p2a: Tyranitar
|-supereffective|p2a: Tyranitar
|-damage|p2a: Tyranitar|59/100
|
|-weather|Sandstorm|[upkeep]
|-damage|p1a: Tapu Lele|94/100|[from] Sandstorm
|-end|p1a: Tapu Lele|move: Future Sight
|-resisted|p1a: Tapu Lele
|-damage|p1a: Tapu Lele|63/100
|-heal|p1a: Tapu Lele|69/100|[from] item: Leftovers
|-heal|p2a: Tyranitar|65/100|[from] item: Leftovers
|upkeep
|turn|26
|
|t:|1649027371
|switch|p1a: Landorus|Landorus-Therian, M|100/100
|-ability|p1a: Landorus|Intimidate|boost
|-unboost|p2a: Tyranitar|atk|1
|move|p2a: Tyranitar|Thunder Wave|p1a: Landorus
|-immune|p1a: Landorus
|
|-weather|Sandstorm|[upkeep]
|-heal|p2a: Tyranitar|71/100|[from] item: Leftovers
|upkeep
|turn|27
|
|t:|1649027379
|switch|p2a: Tornadus|Tornadus-Therian, M, shiny|100/100
|move|p1a: Landorus|Toxic|p2a: Tornadus
|-status|p2a: Tornadus|tox
|
|-weather|Sandstorm|[upkeep]
|-damage|p2a: Tornadus|94/100 tox|[from] Sandstorm
|-damage|p2a: Tornadus|88/100 tox|[from] psn
|upkeep
|turn|28
|j| edrala
|l| seelbachariot
|
|t:|1649027390
|move|p2a: Tornadus|U-turn|p1a: Landorus
|-resisted|p1a: Landorus
|-damage|p1a: Landorus|94/100
|
|t:|1649027396
|switch|p2a: Slowking|Slowking, M|100/100 brn|[from]move: U-turn
|move|p1a: Landorus|U-turn|p2a: Slowking
|-supereffective|p2a: Slowking
|-damage|p2a: Slowking|51/100 brn
|
|t:|1649027400
|switch|p1a: Buzzwole|Buzzwole|100/100|[from]move: U-turn
|
|-weather|Sandstorm|[upkeep]
|-damage|p1a: Buzzwole|94/100|[from] Sandstorm
|-damage|p2a: Slowking|45/100 brn|[from] Sandstorm
|-damage|p2a: Slowking|39/100 brn|[from] brn
|-fieldend|move: Psychic Terrain
|upkeep
|turn|29
|
|t:|1649027410
|switch|p2a: Tornadus|Tornadus-Therian, M, shiny|100/100 tox
|move|p1a: Buzzwole|Leech Life|p2a: Tornadus
|-resisted|p2a: Tornadus
|-crit|p2a: Tornadus
|-damage|p2a: Tornadus|64/100 tox
|-heal|p1a: Buzzwole|100/100|[from] drain|[of] p2a: Tornadus
|
|-weather|none
|-damage|p2a: Tornadus|58/100 tox|[from] psn
|upkeep
|turn|30
|
|t:|1649027418
|switch|p1a: Toxapex|Toxapex, F|100/100
|move|p2a: Tornadus|Knock Off|p1a: Toxapex
|-damage|p1a: Toxapex|90/100
|
|-damage|p2a: Tornadus|46/100 tox|[from] psn
|upkeep
|turn|31
|j| Iliketrains4576
|
|t:|1649027426
|switch|p2a: Slowking|Slowking, M|72/100 brn
|switch|p1a: Landorus|Landorus-Therian, M|94/100
|-ability|p1a: Landorus|Intimidate|boost
|-unboost|p2a: Slowking|atk|1
|
|-heal|p1a: Landorus|99/100|[from] item: Leftovers
|-damage|p2a: Slowking|66/100 brn|[from] brn
|upkeep
|turn|32
|
|t:|1649027432
|move|p1a: Landorus|U-turn|p2a: Slowking
|-supereffective|p2a: Slowking
|-damage|p2a: Slowking|22/100 brn
|
|t:|1649027434
|switch|p1a: Tapu Lele|Tapu Lele|69/100|[from]move: U-turn
|-fieldstart|move: Psychic Terrain|[from] ability: Psychic Surge|[of] p1a: Tapu Lele
|move|p2a: Slowking|Scald|p1a: Tapu Lele
|-damage|p1a: Tapu Lele|41/100
|
|-heal|p1a: Tapu Lele|47/100|[from] item: Leftovers
|-damage|p2a: Slowking|15/100 brn|[from] brn
|upkeep
|turn|33
|
|t:|1649027443
|switch|p2a: Tyranitar|Tyranitar, F|71/100
|-weather|Sandstorm|[from] ability: Sand Stream|[of] p2a: Tyranitar
|move|p1a: Tapu Lele|Moonblast|p2a: Tyranitar
|-supereffective|p2a: Tyranitar
|-damage|p2a: Tyranitar|31/100
|
|-weather|Sandstorm|[upkeep]
|-damage|p1a: Tapu Lele|41/100|[from] Sandstorm
|-heal|p1a: Tapu Lele|47/100|[from] item: Leftovers
|-heal|p2a: Tyranitar|37/100|[from] item: Leftovers
|upkeep
|turn|34
|
|t:|1649027452
|switch|p2a: Tornadus|Tornadus-Therian, M, shiny|79/100 tox
|move|p1a: Tapu Lele|Moonblast|p2a: Tornadus
|-damage|p2a: Tornadus|30/100 tox
|-unboost|p2a: Tornadus|spa|1
|
|-weather|Sandstorm|[upkeep]
|-damage|p2a: Tornadus|24/100 tox|[from] Sandstorm
|-damage|p1a: Tapu Lele|41/100|[from] Sandstorm
|-heal|p1a: Tapu Lele|47/100|[from] item: Leftovers
|-damage|p2a: Tornadus|18/100 tox|[from] psn
|upkeep
|turn|35
|
|t:|1649027467
|switch|p2a: Slowking|Slowking, M|49/100 brn
|move|p1a: Tapu Lele|Thunderbolt|p2a: Slowking
|-supereffective|p2a: Slowking
|-damage|p2a: Slowking|11/100 brn
|
|-weather|Sandstorm|[upkeep]
|-damage|p1a: Tapu Lele|41/100|[from] Sandstorm
|-damage|p2a: Slowking|5/100 brn|[from] Sandstorm
|-heal|p1a: Tapu Lele|47/100|[from] item: Leftovers
|-damage|p2a: Slowking|0 fnt|[from] brn
|faint|p2a: Slowking
|upkeep
|
|t:|1649027472
|switch|p2a: Nidoking|Nidoking, M|91/100
|turn|36
|
|t:|1649027480
|switch|p2a: Tornadus|Tornadus-Therian, M, shiny|51/100 tox
|move|p1a: Tapu Lele|Psyshock|p2a: Tornadus
|-damage|p2a: Tornadus|0 fnt
|faint|p2a: Tornadus
|
|-weather|Sandstorm|[upkeep]
|-damage|p1a: Tapu Lele|41/100|[from] Sandstorm
|-heal|p1a: Tapu Lele|47/100|[from] item: Leftovers
|-fieldend|move: Psychic Terrain
|upkeep
|-message|quixana forfeited.
|
|win|Sp0oNl0rD
|n|☆Sp0oNl0rD|sp0onl0rd
|n|☆quixana|quixana
|n| amxox|amxox
|n| Conventions2geneve|conventions2geneve
|n| Seasons In the Sun|seasonsinthesun
|n| edrala|edrala
|n| Iliketrains4576|iliketrains4576
|l|☆Sp0oNl0rD
|l| Iliketrains4576
