|j|☆ThedebatableReaper
|j|☆prorick
|t:|1606875617
|player|p1|ThedebatableReaper|169|1875
|player|p2|prorick|iris-gen5bw2|1792
|teamsize|p1|6
|teamsize|p2|6
|gametype|singles
|gen|8
|tier|[Gen 8] OU
|rated|
|clearpoke
|poke|p1|Spectrier|
|poke|p1|Dragonite, M|
|poke|p1|Heatran, F|
|poke|p1|Tapu Fini|
|poke|p1|Zapdos-Galar|
|poke|p1|Nidoking, M|
|poke|p2|Pelipper, F|
|poke|p2|Aegislash, M|
|poke|p2|Zapdos|
|poke|p2|Urshifu-*, M|
|poke|p2|Garchomp, M|
|poke|p2|Porygon2|
|rule|Sleep Clause Mod: Limit one foe put to sleep
|rule|Species Clause: Limit one of each Pokémon
|rule|OHKO Clause: OHKO moves are banned
|rule|Evasion Moves Clause: Evasion moves are banned
|rule|Endless Battle Clause: Forcing endless battles is banned
|rule|HP Percentage Mod: HP is shown in percentages
|rule|Dynamax Clause: You cannot dynamax
|teampreview
|j| a1012
|j| vepp
|
|t:|1606875663
|start
|switch|p1a: Tapu Fini|Tapu Fini|100/100
|switch|p2a: Pelipper|Pelipper, F|100/100
|-fieldstart|move: Misty Terrain|[from] ability: Misty Surge|[of] p1a: Tapu Fini
|-weather|RainDance|[from] ability: Drizzle|[of] p2a: Pelipper
|turn|1
|
|t:|1606875670
|move|p1a: Tapu Fini|Scald|p2a: Pelipper
|-resisted|p2a: Pelipper
|-damage|p2a: Pelipper|73/100
|move|p2a: Pelipper|U-turn|p1a: Tapu Fini
|-resisted|p1a: Tapu Fini
|-damage|p1a: Tapu Fini|98/100
|
|t:|1606875675
|switch|p2a: Zapdos|Zapdos|100/100|[from]move: U-turn
|
|-weather|RainDance|[upkeep]
|-heal|p1a: Tapu Fini|100/100|[from] item: Leftovers
|upkeep
|turn|2
|
|t:|1606875681
|switch|p1a: Heatran|Heatran, F|100/100
|move|p2a: Zapdos|Weather Ball|p1a: Heatran
|-supereffective|p1a: Heatran
|-damage|p1a: Heatran|31/100
|
|-weather|RainDance|[upkeep]
|-heal|p1a: Heatran|37/100|[from] item: Leftovers
|upkeep
|turn|3
|
|t:|1606875691
|move|p2a: Zapdos|Thunder|p1a: Heatran
|-damage|p1a: Heatran|0 fnt
|faint|p1a: Heatran
|
|-weather|RainDance|[upkeep]
|upkeep
|
|t:|1606875697
|switch|p1a: Spectrier|Spectrier|100/100
|turn|4
|j| Fart Stinky
|
|t:|1606875706
|switch|p1a: Zapdos|Zapdos-Galar|100/100
|switch|p2a: Porygon2|Porygon2|100/100
|
|-weather|RainDance|[upkeep]
|upkeep
|turn|5
|
|t:|1606875720
|switch|p2a: Aegislash|Aegislash, M|100/100
|move|p1a: Zapdos|U-turn|p2a: Aegislash
|-resisted|p2a: Aegislash
|-damage|p2a: Aegislash|96/100
|
|t:|1606875727
|switch|p1a: Nidoking|Nidoking, M|100/100|[from]move: U-turn
|
|-weather|RainDance|[upkeep]
|-fieldend|Misty Terrain
|upkeep
|turn|6
|
|t:|1606875734
|move|p2a: Aegislash|King's Shield|p2a: Aegislash
|-singleturn|p2a: Aegislash|Protect
|move|p1a: Nidoking|Earth Power|p2a: Aegislash
|-activate|p2a: Aegislash|move: Protect
|
|-weather|RainDance|[upkeep]
|upkeep
|turn|7
|j| Qiyaxu
|
|t:|1606875748
|move|p1a: Nidoking|Ice Beam|p2a: Aegislash
|-resisted|p2a: Aegislash
|-damage|p2a: Aegislash|79/100
|-formechange|p2a: Aegislash|Aegislash-Blade||[from] ability: Stance Change
|move|p2a: Aegislash|Shadow Ball|p1a: Nidoking
|-damage|p1a: Nidoking|13/100
|
|-weather|RainDance|[upkeep]
|upkeep
|turn|8
|
|t:|1606875757
|move|p2a: Aegislash|Shadow Sneak|p1a: Nidoking
|-damage|p1a: Nidoking|0 fnt
|faint|p1a: Nidoking
|
|-weather|none
|upkeep
|c|☆prorick|;)
|
|t:|1606875762
|switch|p1a: Dragonite|Dragonite, M|100/100
|turn|9
|
|t:|1606875765
|move|p1a: Dragonite|Dragon Dance|p1a: Dragonite
|-boost|p1a: Dragonite|atk|1
|-boost|p1a: Dragonite|spe|1
|move|p2a: Aegislash|Shadow Ball|p1a: Dragonite
|-damage|p1a: Dragonite|71/100
|
|upkeep
|turn|10
|
|t:|1606875772
|-formechange|p2a: Aegislash|Aegislash||[from] ability: Stance Change
|move|p2a: Aegislash|King's Shield|p2a: Aegislash
|-singleturn|p2a: Aegislash|Protect
|move|p1a: Dragonite|Earthquake|p2a: Aegislash
|-activate|p2a: Aegislash|move: Protect
|
|upkeep
|turn|11
|
|t:|1606875779
|move|p1a: Dragonite|Earthquake|p2a: Aegislash
|-supereffective|p2a: Aegislash
|-damage|p2a: Aegislash|0 fnt
|faint|p2a: Aegislash
|
|upkeep
|
|t:|1606875790
|switch|p2a: Porygon2|Porygon2|100/100
|turn|12
|
|t:|1606875795
|switch|p1a: Tapu Fini|Tapu Fini|100/100
|-fieldstart|move: Misty Terrain|[from] ability: Misty Surge|[of] p1a: Tapu Fini
|move|p2a: Porygon2|Ice Beam|p1a: Tapu Fini
|-resisted|p1a: Tapu Fini
|-damage|p1a: Tapu Fini|84/100
|
|-heal|p1a: Tapu Fini|91/100|[from] item: Leftovers
|upkeep
|turn|13
|
|t:|1606875804
|switch|p2a: Pelipper|Pelipper, F|73/100
|-weather|RainDance|[from] ability: Drizzle|[of] p2a: Pelipper
|move|p1a: Tapu Fini|Moonblast|p2a: Pelipper
|-damage|p2a: Pelipper|26/100
|-unboost|p2a: Pelipper|spa|1
|
|-weather|RainDance|[upkeep]
|-heal|p1a: Tapu Fini|97/100|[from] item: Leftovers
|upkeep
|turn|14
|
|t:|1606875813
|move|p1a: Tapu Fini|Scald|p2a: Pelipper
|-resisted|p2a: Pelipper
|-damage|p2a: Pelipper|0 fnt
|faint|p2a: Pelipper
|
|-weather|RainDance|[upkeep]
|-heal|p1a: Tapu Fini|100/100|[from] item: Leftovers
|upkeep
|
|t:|1606875817
|switch|p2a: Zapdos|Zapdos|100/100
|turn|15
|
|t:|1606875826
|switch|p1a: Dragonite|Dragonite, M|71/100
|move|p2a: Zapdos|Thunder|p1a: Dragonite
|-damage|p1a: Dragonite|4/100
|
|-weather|RainDance|[upkeep]
|upkeep
|turn|16
|
|t:|1606875832
|move|p1a: Dragonite|Extreme Speed|p2a: Zapdos
|-damage|p2a: Zapdos|69/100
|move|p2a: Zapdos|Hurricane|p1a: Dragonite
|-damage|p1a: Dragonite|0 fnt
|faint|p1a: Dragonite
|
|-weather|RainDance|[upkeep]
|-fieldend|Misty Terrain
|upkeep
|
|t:|1606875840
|switch|p1a: Spectrier|Spectrier|100/100
|turn|17
|
|t:|1606875843
|switch|p2a: Porygon2|Porygon2|100/100
|move|p1a: Spectrier|Shadow Ball|p2a: Porygon2
|-immune|p2a: Porygon2
|
|-weather|RainDance|[upkeep]
|upkeep
|turn|18
|j| Vessev
|
|t:|1606875851
|move|p1a: Spectrier|Shadow Ball|p2a: Porygon2
|-immune|p2a: Porygon2
|move|p2a: Porygon2|Tri Attack|p1a: Spectrier
|-immune|p1a: Spectrier
|
|-weather|RainDance|[upkeep]
|upkeep
|turn|19
|
|t:|1606875872
|switch|p1a: Tapu Fini|Tapu Fini|100/100
|-fieldstart|move: Misty Terrain|[from] ability: Misty Surge|[of] p1a: Tapu Fini
|move|p2a: Porygon2|Shadow Ball|p1a: Tapu Fini
|-damage|p1a: Tapu Fini|73/100
|
|-weather|RainDance|[upkeep]
|-heal|p1a: Tapu Fini|79/100|[from] item: Leftovers
|upkeep
|turn|20
|
|t:|1606875882
|move|p1a: Tapu Fini|Moonblast|p2a: Porygon2
|-damage|p2a: Porygon2|80/100
|-unboost|p2a: Porygon2|spa|1
|move|p2a: Porygon2|Tri Attack|p1a: Tapu Fini
|-damage|p1a: Tapu Fini|50/100
|
|-weather|none
|-heal|p1a: Tapu Fini|56/100|[from] item: Leftovers
|upkeep
|turn|21
|
|t:|1606875891
|switch|p2a: Zapdos|Zapdos|69/100
|move|p1a: Tapu Fini|Moonblast|p2a: Zapdos
|-crit|p2a: Zapdos
|-damage|p2a: Zapdos|28/100
|-unboost|p2a: Zapdos|spa|1
|
|-heal|p1a: Tapu Fini|62/100|[from] item: Leftovers
|upkeep
|turn|22
|
|t:|1606875900
|switch|p1a: Spectrier|Spectrier|100/100
|move|p2a: Zapdos|Thunder|p1a: Spectrier|[miss]
|-miss|p2a: Zapdos|p1a: Spectrier
|
|upkeep
|turn|23
|
|t:|1606875909
|switch|p1a: Zapdos|Zapdos-Galar|100/100
|switch|p2a: Porygon2|Porygon2|80/100
|
|-fieldend|Misty Terrain
|upkeep
|turn|24
|
|t:|1606875919
|switch|p2a: Garchomp|Garchomp, M|100/100
|move|p1a: Zapdos|Close Combat|p2a: Garchomp
|-damage|p2a: Garchomp|36/100
|-unboost|p1a: Zapdos|def|1
|-unboost|p1a: Zapdos|spd|1
|-damage|p1a: Zapdos|88/100|[from] ability: Rough Skin|[of] p2a: Garchomp
|-damage|p1a: Zapdos|72/100|[from] item: Rocky Helmet|[of] p2a: Garchomp
|
|upkeep
|turn|25
|
|t:|1606875928
|move|p1a: Zapdos|Close Combat|p2a: Garchomp
|-damage|p2a: Garchomp|0 fnt
|-unboost|p1a: Zapdos|def|1
|-unboost|p1a: Zapdos|spd|1
|-damage|p1a: Zapdos|59/100|[from] ability: Rough Skin|[of] p2a: Garchomp
|-damage|p1a: Zapdos|43/100|[from] item: Rocky Helmet|[of] p2a: Garchomp
|faint|p2a: Garchomp
|
|upkeep
|
|t:|1606875933
|switch|p2a: Urshifu|Urshifu-Rapid-Strike, M|100/100
|turn|26
|
|t:|1606875943
|switch|p1a: Spectrier|Spectrier|100/100
|move|p2a: Urshifu|U-turn|p1a: Spectrier
|-resisted|p1a: Spectrier
|-damage|p1a: Spectrier|83/100
|
|t:|1606875945
|switch|p2a: Porygon2|Porygon2|80/100|[from]move: U-turn
|
|upkeep
|turn|27
|l| Qiyaxu
|
|t:|1606875952
|move|p1a: Spectrier|Will-O-Wisp|p2a: Porygon2
|-status|p2a: Porygon2|brn
|move|p2a: Porygon2|Tri Attack|p1a: Spectrier
|-immune|p1a: Spectrier
|
|-damage|p2a: Porygon2|74/100 brn|[from] brn
|upkeep
|turn|28
|
|t:|1606875960
|switch|p1a: Tapu Fini|Tapu Fini|62/100
|-fieldstart|move: Misty Terrain|[from] ability: Misty Surge|[of] p1a: Tapu Fini
|move|p2a: Porygon2|Shadow Ball|p1a: Tapu Fini
|-damage|p1a: Tapu Fini|37/100
|-unboost|p1a: Tapu Fini|spd|1
|
|-heal|p1a: Tapu Fini|43/100|[from] item: Leftovers
|-damage|p2a: Porygon2|68/100 brn|[from] brn
|upkeep
|turn|29
|
|t:|1606875971
|switch|p1a: Spectrier|Spectrier|83/100
|move|p2a: Porygon2|Tri Attack|p1a: Spectrier
|-immune|p1a: Spectrier
|
|-damage|p2a: Porygon2|61/100 brn|[from] brn
|upkeep
|turn|30
|
|t:|1606875979
|switch|p1a: Tapu Fini|Tapu Fini|43/100
|move|p2a: Porygon2|Recover|p2a: Porygon2
|-heal|p2a: Porygon2|100/100 brn
|
|-heal|p1a: Tapu Fini|49/100|[from] item: Leftovers
|-damage|p2a: Porygon2|94/100 brn|[from] brn
|upkeep
|turn|31
|
|t:|1606875989
|move|p1a: Tapu Fini|Moonblast|p2a: Porygon2
|-damage|p2a: Porygon2|73/100 brn
|move|p2a: Porygon2|Tri Attack|p1a: Tapu Fini
|-damage|p1a: Tapu Fini|10/100
|
|-heal|p1a: Tapu Fini|17/100|[from] item: Leftovers
|-damage|p2a: Porygon2|67/100 brn|[from] brn
|upkeep
|turn|32
|
|t:|1606875998
|move|p1a: Tapu Fini|Moonblast|p2a: Porygon2
|-damage|p2a: Porygon2|48/100 brn
|move|p2a: Porygon2|Tri Attack|p1a: Tapu Fini
|-damage|p1a: Tapu Fini|0 fnt
|faint|p1a: Tapu Fini
|
|-damage|p2a: Porygon2|42/100 brn|[from] brn
|-fieldend|Misty Terrain
|upkeep
|
|t:|1606876007
|switch|p1a: Zapdos|Zapdos-Galar|43/100
|turn|33
|
|t:|1606876011
|switch|p2a: Zapdos|Zapdos|28/100
|move|p1a: Zapdos|Brave Bird|p2a: Zapdos
|-resisted|p2a: Zapdos
|-damage|p2a: Zapdos|0 fnt
|-status|p1a: Zapdos|par|[from] ability: Static|[of] p2a: Zapdos
|-damage|p1a: Zapdos|32/100 par|[from] Recoil
|faint|p2a: Zapdos
|
|upkeep
|
|t:|1606876016
|switch|p2a: Urshifu|Urshifu-Rapid-Strike, M|100/100
|turn|34
|c|☆prorick|nice
|
|t:|1606876022
|move|p2a: Urshifu|Surging Strikes|p1a: Zapdos
|-crit|p1a: Zapdos
|-damage|p1a: Zapdos|10/100 par
|-crit|p1a: Zapdos
|-damage|p1a: Zapdos|0 fnt
|-hitcount|p1a: Zapdos|2
|faint|p1a: Zapdos
|
|upkeep
|c|☆prorick|gg
|
|t:|1606876028
|switch|p1a: Spectrier|Spectrier|83/100
|turn|35
|
|t:|1606876032
|move|p2a: Urshifu|Surging Strikes|p1a: Spectrier
|-crit|p1a: Spectrier
|-damage|p1a: Spectrier|52/100
|-crit|p1a: Spectrier
|-damage|p1a: Spectrier|23/100
|-crit|p1a: Spectrier
|-damage|p1a: Spectrier|0 fnt
|-hitcount|p1a: Spectrier|3
|faint|p1a: Spectrier
|
|win|prorick
|c|☆prorick|;)
|l|☆ThedebatableReaper
|j|☆ThedebatableReaper
|player|p1|ThedebatableReaper|169
|l| a1012
|l| Vessev
|l|☆ThedebatableReaper
|player|p1|
|raw|ThedebatableReaper's rating: 1893 &rarr; <strong>1867</strong><br />(-26 for losing)
|raw|prorick's rating: 1793 &rarr; <strong>1819</strong><br />(+26 for winning)
