|j|☆ChanseysChoiceBand
|j|☆2222mm
|player|p1|ChanseysChoiceBand|70|1407
|player|p2|2222mm|wallace|1471
|teamsize|p1|6
|teamsize|p2|6
|gametype|singles
|gen|8
|tier|[Gen 8] OU
|rated|
|html|<div class="broadcast-blue"><strong>OU is currently suspecting Dracovish! For information on how to participate check out the <a href="https://www.smogon.com/forums/threads/3664521/">suspect thread</a>.</strong></div>
|clearpoke
|poke|p1|Clefable, F|
|poke|p1|Hydreigon, M|
|poke|p1|Dragapult, F|
|poke|p1|Corviknight, M|
|poke|p1|Seismitoad, F|
|poke|p1|Rotom-Heat|
|poke|p2|Torkoal, M|
|poke|p2|Cinderace, M|
|poke|p2|Charizard, M|
|poke|p2|Mandibuzz, F|
|poke|p2|Hatterene, F|
|poke|p2|Gastrodon, F|
|rule|Sleep Clause Mod: Limit one foe put to sleep
|rule|Species Clause: Limit one of each Pokémon
|rule|OHKO Clause: OHKO moves are banned
|rule|Evasion Moves Clause: Evasion moves are banned
|rule|Endless Battle Clause: Forcing endless battles is banned
|rule|HP Percentage Mod: HP is shown in percentages
|rule|Dynamax Clause: You cannot dynamax
|teampreview
|inactive|Battle timer is ON: inactive players will automatically lose when time's up. (requested by 2222mm)
|
|start
|switch|p1a: Rotom|Rotom-Heat|100/100
|switch|p2a: Torkoal|Torkoal, M|100/100
|-weather|SunnyDay|[from] ability: Drought|[of] p2a: Torkoal
|turn|1
|
|move|p1a: Rotom|Toxic|p2a: Torkoal
|-status|p2a: Torkoal|tox
|move|p2a: Torkoal|Yawn|p1a: Rotom
|-start|p1a: Rotom|move: Yawn|[of] p2a: Torkoal
|
|-weather|SunnyDay|[upkeep]
|-damage|p2a: Torkoal|94/100 tox|[from] psn
|upkeep
|turn|2
|
|switch|p1a: Clefable|Clefable, F|100/100
|move|p2a: Torkoal|Stealth Rock|p1a: Clefable
|-sidestart|p1: ChanseysChoiceBand|move: Stealth Rock
|
|-weather|SunnyDay|[upkeep]
|-damage|p2a: Torkoal|82/100 tox|[from] psn
|upkeep
|turn|3
|
|switch|p2a: Charizard|Charizard, M|100/100
|move|p1a: Clefable|Teleport|p1a: Clefable
|
|switch|p1a: Rotom|Rotom-Heat|100/100|[from]move: Teleport
|
|-weather|SunnyDay|[upkeep]
|-damage|p2a: Charizard|88/100|[from] ability: Solar Power|[of] p2a: Charizard
|upkeep
|turn|4
|
|move|p2a: Charizard|Overheat|p1a: Rotom
|-resisted|p1a: Rotom
|-damage|p1a: Rotom|0 fnt
|-unboost|p2a: Charizard|spa|2
|faint|p1a: Rotom
|
|-weather|SunnyDay|[upkeep]
|-damage|p2a: Charizard|76/100|[from] ability: Solar Power|[of] p2a: Charizard
|upkeep
|
|switch|p1a: Seismitoad|Seismitoad, F|100/100
|-damage|p1a: Seismitoad|94/100|[from] Stealth Rock
|turn|5
|
|switch|p2a: Hatterene|Hatterene, F|100/100
|move|p1a: Seismitoad|Stealth Rock|p2a: Hatterene
|move|p2a: Hatterene|Stealth Rock||[from]Magic Bounce|[still]
|-fail|p2a: Hatterene
|
|-weather|SunnyDay|[upkeep]
|-heal|p1a: Seismitoad|100/100|[from] item: Leftovers
|upkeep
|turn|6
|
|move|p1a: Seismitoad|Knock Off|p2a: Hatterene
|-damage|p2a: Hatterene|84/100
|-enditem|p2a: Hatterene|Leftovers|[from] move: Knock Off|[of] p1a: Seismitoad
|move|p2a: Hatterene|Future Sight|p1a: Seismitoad
|-start|p2a: Hatterene|move: Future Sight
|
|-weather|SunnyDay|[upkeep]
|upkeep
|turn|7
|
|switch|p2a: Charizard|Charizard, M|76/100
|move|p1a: Seismitoad|Earthquake|p2a: Charizard
|-immune|p2a: Charizard
|
|-weather|SunnyDay|[upkeep]
|-damage|p2a: Charizard|63/100|[from] ability: Solar Power|[of] p2a: Charizard
|upkeep
|turn|8
|
|switch|p1a: Corviknight|Corviknight, M|100/100
|-damage|p1a: Corviknight|88/100|[from] Stealth Rock
|-ability|p1a: Corviknight|Pressure
|move|p2a: Charizard|Fire Blast|p1a: Corviknight
|-supereffective|p1a: Corviknight
|-damage|p1a: Corviknight|0 fnt
|faint|p1a: Corviknight
|
|-weather|none
|-hint|Future Sight did not hit because the target is the user.
|upkeep
|-message|ChanseysChoiceBand forfeited.
|
|win|2222mm
|l|☆ChanseysChoiceBand
||Ladder (probably) updated, but score could not be retrieved (Response not received).
