|j|☆Geenobe
|j|☆samohi0
|t:|1664658134
|gametype|singles
|player|p1|Geenobe|2|1530
|player|p2|samohi0|102|1530
|teamsize|p1|6
|teamsize|p2|6
|gen|8
|tier|[Gen 8] OU
|rated|
|rule|Sleep Clause Mod: Limit one foe put to sleep
|rule|Species Clause: Limit one of each Pokémon
|rule|OHKO Clause: OHKO moves are banned
|rule|Evasion Items Clause: Evasion items are banned
|rule|Evasion Moves Clause: Evasion moves are banned
|rule|Endless Battle Clause: Forcing endless battles is banned
|rule|HP Percentage Mod: HP is shown in percentages
|rule|Dynamax Clause: You cannot dynamax
|clearpoke
|poke|p1|Magnezone|
|poke|p1|Kartana|
|poke|p1|Tapu Lele|
|poke|p1|Toxapex, F|
|poke|p1|Landorus-Therian, M|
|poke|p1|Tornadus-Therian, M|
|poke|p2|Hippowdon, M|
|poke|p2|Tyranitar, M|
|poke|p2|Excadrill, M|
|poke|p2|Dracozolt|
|poke|p2|Buzzwole|
|poke|p2|Zapdos|
|teampreview
|
|t:|1664658145
|start
|switch|p1a: Magnezone|Magnezone|100/100
|switch|p2a: black thought|Tyranitar, M|100/100
|-item|p1a: Magnezone|Air Balloon
|-weather|Sandstorm|[from] ability: Sand Stream|[of] p2a: black thought
|turn|1
|
|t:|1664658148
|move|p1a: Magnezone|Body Press|p2a: black thought
|-supereffective|p2a: black thought
|-damage|p2a: black thought|32/100
|move|p2a: black thought|Fire Blast|p1a: Magnezone
|-supereffective|p1a: Magnezone
|-damage|p1a: Magnezone|22/100
|-status|p1a: Magnezone|brn
|-enditem|p1a: Magnezone|Air Balloon
|
|-weather|Sandstorm|[upkeep]
|-damage|p1a: Magnezone|16/100 brn|[from] brn
|upkeep
|turn|2
|
|t:|1664658155
|switch|p2a: 50 cent|Buzzwole|100/100
|move|p1a: Magnezone|Body Press|p2a: 50 cent
|-resisted|p2a: 50 cent
|-damage|p2a: 50 cent|97/100
|-damage|p1a: Magnezone|0 fnt|[from] item: Rocky Helmet|[of] p2a: 50 cent
|faint|p1a: Magnezone
|
|-weather|Sandstorm|[upkeep]
|-damage|p2a: 50 cent|90/100|[from] Sandstorm
|upkeep
|
|t:|1664658164
|switch|p1a: Tapu Lele|Tapu Lele|100/100
|-fieldstart|move: Psychic Terrain|[from] ability: Psychic Surge|[of] p1a: Tapu Lele
|turn|3
|
|t:|1664658167
|switch|p2a: black thought|Tyranitar, M|32/100
|move|p1a: Tapu Lele|Future Sight|p2a: black thought
|-start|p1a: Tapu Lele|move: Future Sight
|
|-weather|Sandstorm|[upkeep]
|-damage|p1a: Tapu Lele|94/100|[from] Sandstorm
|upkeep
|turn|4
|
|t:|1664658173
|switch|p1a: Toxapex|Toxapex, F|100/100
|move|p2a: black thought|Ice Beam|p1a: Toxapex
|-resisted|p1a: Toxapex
|-damage|p1a: Toxapex|90/100
|-status|p1a: Toxapex|frz
|-enditem|p1a: Toxapex|Eject Button
|
|t:|1664658180
|switch|p1a: Kartana|Kartana|100/100
|
|-weather|Sandstorm|[upkeep]
|upkeep
|turn|5
|
|t:|1664658195
|move|p1a: Kartana|Leaf Blade|p2a: black thought
|-supereffective|p2a: black thought
|-damage|p2a: black thought|0 fnt
|faint|p2a: black thought
|-ability|p1a: Kartana|Beast Boost|boost
|-boost|p1a: Kartana|atk|1
|
|-weather|none
|-hint|Future Sight did not hit because the target is fainted.
|upkeep
|
|t:|1664658198
|switch|p2a: nate dogg|Zapdos|100/100
|turn|6
|
|t:|1664658205
|switch|p1a: Toxapex|Toxapex, F|100/100 frz
|move|p2a: nate dogg|Heat Wave|p1a: Toxapex
|-resisted|p1a: Toxapex
|-damage|p1a: Toxapex|87/100 frz
|-curestatus|p1a: Toxapex|frz|[msg]
|
|upkeep
|turn|7
|
|t:|1664658211
|switch|p1a: Landorus|Landorus-Therian, M|100/100
|-ability|p1a: Landorus|Intimidate|boost
|-unboost|p2a: nate dogg|atk|1
|move|p2a: nate dogg|Volt Switch|p1a: Landorus
|-immune|p1a: Landorus
|
|-fieldend|move: Psychic Terrain
|upkeep
|turn|8
|
|t:|1664658217
|move|p2a: nate dogg|Hurricane|p1a: Landorus
|-damage|p1a: Landorus|54/100
|-start|p1a: Landorus|confusion
|-activate|p1a: Landorus|confusion
|move|p1a: Landorus|Toxic|p2a: nate dogg
|-status|p2a: nate dogg|tox
|
|-heal|p1a: Landorus|60/100|[from] item: Leftovers
|-damage|p2a: nate dogg|94/100 tox|[from] psn
|upkeep
|turn|9
|
|t:|1664658227
|switch|p1a: Toxapex|Toxapex, F|100/100
|move|p2a: nate dogg|Hurricane|p1a: Toxapex
|-damage|p1a: Toxapex|46/100
|
|-damage|p2a: nate dogg|82/100 tox|[from] psn
|upkeep
|turn|10
|
|t:|1664658254
|switch|p1a: Tapu Lele|Tapu Lele|94/100
|-fieldstart|move: Psychic Terrain|[from] ability: Psychic Surge|[of] p1a: Tapu Lele
|move|p2a: nate dogg|Hurricane|p1a: Tapu Lele
|-damage|p1a: Tapu Lele|28/100
|
|-damage|p2a: nate dogg|64/100 tox|[from] psn
|upkeep
|turn|11
|
|t:|1664658271
|move|p1a: Tapu Lele|Psyshock|p2a: nate dogg
|-damage|p2a: nate dogg|9/100 tox
|move|p2a: nate dogg|Volt Switch|p1a: Tapu Lele
|-damage|p1a: Tapu Lele|0 fnt
|faint|p1a: Tapu Lele
|
|t:|1664658273
|switch|p2a: big pun|Hippowdon, M|100/100|[from]move: Volt Switch
|-weather|Sandstorm|[from] ability: Sand Stream|[of] p2a: big pun
|
|-weather|Sandstorm|[upkeep]
|upkeep
|
|t:|1664658292
|switch|p1a: Landorus|Landorus-Therian, M|60/100
|-ability|p1a: Landorus|Intimidate|boost
|-unboost|p2a: big pun|atk|1
|turn|12
|
|t:|1664658295
|move|p1a: Landorus|Stealth Rock|p2a: big pun
|-sidestart|p2: samohi0|move: Stealth Rock
|move|p2a: big pun|Stealth Rock|p1a: Landorus
|-sidestart|p1: Geenobe|move: Stealth Rock
|
|-weather|Sandstorm|[upkeep]
|-heal|p1a: Landorus|66/100|[from] item: Leftovers
|upkeep
|turn|13
|
|t:|1664658300
|move|p1a: Landorus|Toxic|p2a: big pun
|-status|p2a: big pun|tox
|move|p2a: big pun|Toxic|p1a: Landorus|[miss]
|-miss|p2a: big pun|p1a: Landorus
|
|-weather|Sandstorm|[upkeep]
|-heal|p1a: Landorus|72/100|[from] item: Leftovers
|-damage|p2a: big pun|94/100 tox|[from] psn
|upkeep
|turn|14
|
|t:|1664658305
|switch|p2a: 50 cent|Buzzwole|90/100
|-damage|p2a: 50 cent|78/100|[from] Stealth Rock
|move|p1a: Landorus|U-turn|p2a: 50 cent
|-resisted|p2a: 50 cent
|-damage|p2a: 50 cent|71/100
|-damage|p1a: Landorus|55/100|[from] item: Rocky Helmet|[of] p2a: 50 cent
|
|t:|1664658309
|switch|p1a: Tornadus|Tornadus-Therian, M|100/100|[from]move: U-turn
|
|-weather|Sandstorm|[upkeep]
|-damage|p1a: Tornadus|94/100|[from] Sandstorm
|-damage|p2a: 50 cent|65/100|[from] Sandstorm
|-fieldend|move: Psychic Terrain
|upkeep
|turn|15
|
|t:|1664658316
|switch|p2a: nate dogg|Zapdos|9/100 tox
|move|p1a: Tornadus|Knock Off|p2a: nate dogg
|-damage|p2a: nate dogg|0 fnt
|-status|p1a: Tornadus|par|[from] ability: Static|[of] p2a: nate dogg
|-enditem|p2a: nate dogg|Heavy-Duty Boots|[from] move: Knock Off|[of] p1a: Tornadus
|faint|p2a: nate dogg
|
|-weather|Sandstorm|[upkeep]
|-damage|p1a: Tornadus|88/100 par|[from] Sandstorm
|upkeep
|inactive|Battle timer is ON: inactive players will automatically lose when time's up. (requested by Geenobe)
|inactive|samohi0 has 120 seconds left.
|j| Kyurem
|
|t:|1664658431
|switch|p2a: po and dangerous|Dracozolt|100/100
|-damage|p2a: po and dangerous|88/100|[from] Stealth Rock
|turn|16
|
|t:|1664658446
|move|p2a: po and dangerous|Draco Meteor|p1a: Tornadus
|-damage|p1a: Tornadus|27/100 par
|-unboost|p2a: po and dangerous|spa|2
|-damage|p2a: po and dangerous|78/100|[from] item: Life Orb
|move|p1a: Tornadus|Defog|p2a: po and dangerous
|-unboost|p2a: po and dangerous|evasion|1
|-sideend|p2: samohi0|Stealth Rock|[from] move: Defog|[of] p1a: Tornadus
|-sideend|p1: Geenobe|Stealth Rock|[from] move: Defog|[of] p1a: Tornadus
|
|-weather|Sandstorm|[upkeep]
|-damage|p1a: Tornadus|21/100 par|[from] Sandstorm
|upkeep
|turn|17
|
|t:|1664658457
|switch|p1a: Landorus|Landorus-Therian, M|55/100
|-ability|p1a: Landorus|Intimidate|boost
|-unboost|p2a: po and dangerous|atk|1
|move|p2a: po and dangerous|Draco Meteor|p1a: Landorus
|-damage|p1a: Landorus|30/100
|-unboost|p2a: po and dangerous|spa|2
|-damage|p2a: po and dangerous|68/100|[from] item: Life Orb
|
|-weather|Sandstorm|[upkeep]
|-heal|p1a: Landorus|36/100|[from] item: Leftovers
|upkeep
|turn|18
|
|t:|1664658469
|switch|p2a: 50 cent|Buzzwole|65/100
|move|p1a: Landorus|Stealth Rock|p2a: 50 cent
|-sidestart|p2: samohi0|move: Stealth Rock
|
|-weather|none
|-heal|p1a: Landorus|42/100|[from] item: Leftovers
|upkeep
|turn|19
|
|t:|1664658478
|switch|p2a: big pun|Hippowdon, M|94/100 tox
|-damage|p2a: big pun|88/100 tox|[from] Stealth Rock
|-weather|Sandstorm|[from] ability: Sand Stream|[of] p2a: big pun
|move|p1a: Landorus|Toxic|p2a: big pun
|-fail|p2a: big pun|tox
|
|-weather|Sandstorm|[upkeep]
|-heal|p1a: Landorus|48/100|[from] item: Leftovers
|-damage|p2a: big pun|82/100 tox|[from] psn
|upkeep
|turn|20
|
|t:|1664658485
|switch|p1a: Kartana|Kartana|100/100
|move|p2a: big pun|Stealth Rock|p1a: Kartana
|-sidestart|p1: Geenobe|move: Stealth Rock
|
|-weather|Sandstorm|[upkeep]
|-damage|p2a: big pun|70/100 tox|[from] psn
|upkeep
|turn|21
|
|t:|1664658491
|switch|p2a: 50 cent|Buzzwole|65/100
|-damage|p2a: 50 cent|53/100|[from] Stealth Rock
|move|p1a: Kartana|Smart Strike|p2a: 50 cent
|-damage|p2a: 50 cent|14/100
|-damage|p1a: Kartana|84/100|[from] item: Rocky Helmet|[of] p2a: 50 cent
|
|-weather|Sandstorm|[upkeep]
|-damage|p2a: 50 cent|8/100|[from] Sandstorm
|upkeep
|turn|22
|
|t:|1664658500
|move|p1a: Kartana|Smart Strike|p2a: 50 cent
|-damage|p2a: 50 cent|0 fnt
|-damage|p1a: Kartana|67/100|[from] item: Rocky Helmet|[of] p2a: 50 cent
|faint|p2a: 50 cent
|-ability|p1a: Kartana|Beast Boost|boost
|-boost|p1a: Kartana|atk|1
|
|-weather|Sandstorm|[upkeep]
|upkeep
|
|t:|1664658502
|switch|p2a: mos def|Excadrill, M|100/100
|-damage|p2a: mos def|97/100|[from] Stealth Rock
|turn|23
|
|t:|1664658514
|switch|p1a: Tornadus|Tornadus-Therian, M|54/100 par
|move|p2a: mos def|Swords Dance|p2a: mos def
|-boost|p2a: mos def|atk|2
|
|-weather|Sandstorm|[upkeep]
|-damage|p1a: Tornadus|48/100 par|[from] Sandstorm
|upkeep
|turn|24
|
|t:|1664658522
|switch|p1a: Toxapex|Toxapex, F|79/100
|-damage|p1a: Toxapex|67/100|[from] Stealth Rock
|move|p2a: mos def|Iron Head|p1a: Toxapex
|-resisted|p1a: Toxapex
|-damage|p1a: Toxapex|34/100
|-damage|p2a: mos def|87/100|[from] item: Life Orb
|
|-weather|Sandstorm|[upkeep]
|-damage|p1a: Toxapex|27/100|[from] Sandstorm
|upkeep
|turn|25
|
|t:|1664658536
|switch|p1a: Landorus|Landorus-Therian, M|48/100
|-damage|p1a: Landorus|36/100|[from] Stealth Rock
|-ability|p1a: Landorus|Intimidate|boost
|-unboost|p2a: mos def|atk|1
|move|p2a: mos def|Iron Head|p1a: Landorus
|-damage|p1a: Landorus|0 fnt
|faint|p1a: Landorus
|-damage|p2a: mos def|78/100|[from] item: Life Orb
|
|-weather|Sandstorm|[upkeep]
|upkeep
|
|t:|1664658553
|switch|p1a: Toxapex|Toxapex, F|61/100
|-damage|p1a: Toxapex|48/100|[from] Stealth Rock
|turn|26
|
|t:|1664658558
|move|p2a: mos def|Earthquake|p1a: Toxapex
|-supereffective|p1a: Toxapex
|-damage|p1a: Toxapex|0 fnt
|faint|p1a: Toxapex
|-damage|p2a: mos def|68/100|[from] item: Life Orb
|
|-weather|none
|upkeep
|
|t:|1664658561
|switch|p1a: Kartana|Kartana|67/100
|-damage|p1a: Kartana|61/100|[from] Stealth Rock
|turn|27
|
|t:|1664658567
|switch|p2a: big pun|Hippowdon, M|70/100 tox
|-damage|p2a: big pun|63/100 tox|[from] Stealth Rock
|-weather|Sandstorm|[from] ability: Sand Stream|[of] p2a: big pun
|move|p1a: Kartana|Leaf Blade|p2a: big pun
|-supereffective|p2a: big pun
|-damage|p2a: big pun|0 fnt
|faint|p2a: big pun
|-ability|p1a: Kartana|Beast Boost|boost
|-boost|p1a: Kartana|atk|1
|
|-weather|Sandstorm|[upkeep]
|upkeep
|
|t:|1664658583
|switch|p2a: mos def|Excadrill, M|68/100
|-damage|p2a: mos def|64/100|[from] Stealth Rock
|turn|28
|
|t:|1664658589
|move|p2a: mos def|Earthquake|p1a: Kartana
|-damage|p1a: Kartana|0 fnt
|faint|p1a: Kartana
|-damage|p2a: mos def|55/100|[from] item: Life Orb
|
|-weather|Sandstorm|[upkeep]
|upkeep
|
|t:|1664658593
|switch|p1a: Tornadus|Tornadus-Therian, M|81/100 par
|turn|29
|
|t:|1664658596
|move|p2a: mos def|Iron Head|p1a: Tornadus
|-damage|p1a: Tornadus|21/100 par
|-damage|p2a: mos def|45/100|[from] item: Life Orb
|cant|p1a: Tornadus|par
|
|-weather|Sandstorm|[upkeep]
|-damage|p1a: Tornadus|15/100 par|[from] Sandstorm
|upkeep
|turn|30
|
|t:|1664658598
|move|p2a: mos def|Iron Head|p1a: Tornadus
|-damage|p1a: Tornadus|0 fnt
|faint|p1a: Tornadus
|-damage|p2a: mos def|35/100|[from] item: Life Orb
|
|win|samohi0
|raw|Geenobe's rating: 1530 &rarr; <strong>1510</strong><br />(-20 for losing)
|raw|samohi0's rating: 1530 &rarr; <strong>1550</strong><br />(+20 for winning)
|l|☆Geenobe
|l|☆samohi0
||Ladder isn't responding, score probably updated but might not have (Request timeout).
