|j|☆LT94JEwhyaddicted
|j|☆bramitoboy
|t:|1661085882
|gametype|singles
|player|p1|LT94JEwhyaddicted|1|1703
|player|p2|bramitoboy|1|1946
|teamsize|p1|6
|teamsize|p2|6
|gen|8
|tier|[Gen 8] OU
|rated|
|rule|Sleep Clause Mod: Limit one foe put to sleep
|rule|Species Clause: Limit one of each Pokémon
|rule|OHKO Clause: OHKO moves are banned
|rule|Evasion Items Clause: Evasion items are banned
|rule|Evasion Moves Clause: Evasion moves are banned
|rule|Endless Battle Clause: Forcing endless battles is banned
|rule|HP Percentage Mod: HP is shown in percentages
|rule|Dynamax Clause: You cannot dynamax
|clearpoke
|poke|p1|Landorus-Therian, M|
|poke|p1|Weavile, M|
|poke|p1|Ferrothorn, M|
|poke|p1|Zapdos|
|poke|p1|Urshifu-*, M|
|poke|p1|Dragapult, M|
|poke|p2|Zarude-Dada|
|poke|p2|Keldeo-Resolute|
|poke|p2|Tapu Lele|
|poke|p2|Tapu Koko|
|poke|p2|Heatran, F|
|poke|p2|Landorus-Therian, M|
|teampreview
|j| ShaqFromBasketball
|inactive|Battle timer is ON: inactive players will automatically lose when time's up. (requested by bramitoboy)
|
|t:|1661085903
|start
|switch|p1a: Byakko|Zapdos, shiny|100/100
|switch|p2a: Tapu Koko|Tapu Koko|100/100
|-fieldstart|move: Electric Terrain|[from] ability: Electric Surge|[of] p2a: Tapu Koko
|turn|1
|
|t:|1661085910
|switch|p1a: Enten|Landorus-Therian, M, shiny|100/100
|-ability|p1a: Enten|Intimidate|boost
|-unboost|p2a: Tapu Koko|atk|1
|move|p2a: Tapu Koko|Toxic|p1a: Enten
|-status|p1a: Enten|tox
|
|-damage|p1a: Enten|94/100 tox|[from] psn
|upkeep
|turn|2
|
|t:|1661085920
|switch|p2a: Landorus|Landorus-Therian, M|100/100
|-ability|p2a: Landorus|Intimidate|boost
|-unboost|p1a: Enten|atk|1
|move|p1a: Enten|U-turn|p2a: Landorus
|-resisted|p2a: Landorus
|-damage|p2a: Landorus|95/100
|-damage|p1a: Enten|78/100 tox|[from] item: Rocky Helmet|[of] p2a: Landorus
|
|t:|1661085932
|switch|p1a: Bandit|Weavile, M, shiny|100/100|[from]move: U-turn
|-ability|p1a: Bandit|Pressure
|
|upkeep
|turn|3
|
|t:|1661085940
|switch|p2a: Keldeo|Keldeo-Resolute|100/100
|move|p1a: Bandit|Triple Axel|p2a: Keldeo
|-resisted|p2a: Keldeo
|-damage|p2a: Keldeo|91/100
|-resisted|p2a: Keldeo
|-damage|p2a: Keldeo|74/100
|-resisted|p2a: Keldeo
|-damage|p2a: Keldeo|47/100
|-hitcount|p2a: Keldeo|3
|
|-heal|p2a: Keldeo|53/100|[from] item: Leftovers
|upkeep
|turn|4
|j| Lance=No Bitches
|l| Lance=No Bitches
|j| Matheus RW
|
|t:|1661085953
|switch|p1a: Leviathan|Dragapult, M, shiny|100/100
|switch|p2a: Heatran|Heatran, F|100/100
|-item|p2a: Heatran|Air Balloon
|
|upkeep
|turn|5
|
|t:|1661085957
|move|p1a: Leviathan|Hydro Pump|p2a: Heatran
|-supereffective|p2a: Heatran
|-damage|p2a: Heatran|12/100
|-enditem|p2a: Heatran|Air Balloon
|move|p2a: Heatran|Stealth Rock|p1a: Leviathan
|-sidestart|p1: LT94JEwhyaddicted|move: Stealth Rock
|
|-fieldend|move: Electric Terrain
|upkeep
|turn|6
|
|t:|1661085973
|switch|p1a: Enten|Landorus-Therian, M, shiny|78/100 tox
|-damage|p1a: Enten|66/100 tox|[from] Stealth Rock
|-ability|p1a: Enten|Intimidate|boost
|-unboost|p2a: Heatran|atk|1
|switch|p2a: Zarude|Zarude-Dada|100/100
|
|-heal|p1a: Enten|72/100 tox|[from] item: Leftovers
|-damage|p1a: Enten|66/100 tox|[from] psn
|upkeep
|turn|7
|
|t:|1661085985
|move|p2a: Zarude|Power Whip|p1a: Enten
|-damage|p1a: Enten|0 fnt
|faint|p1a: Enten
|-damage|p2a: Zarude|91/100|[from] item: Life Orb
|
|upkeep
|j| ReverseHaxgod
|
|t:|1661085993
|switch|p1a: Temple|Ferrothorn, M, shiny|100/100
|-damage|p1a: Temple|95/100|[from] Stealth Rock
|turn|8
|
|t:|1661085998
|move|p2a: Zarude|Bulk Up|p2a: Zarude
|-boost|p2a: Zarude|atk|1
|-boost|p2a: Zarude|def|1
|move|p1a: Temple|Stealth Rock|p2a: Zarude
|-sidestart|p2: bramitoboy|move: Stealth Rock
|
|-heal|p1a: Temple|100/100|[from] item: Leftovers
|upkeep
|turn|9
|
|t:|1661086003
|move|p2a: Zarude|Darkest Lariat|p1a: Temple
|-damage|p1a: Temple|49/100
|-damage|p2a: Zarude|78/100|[from] ability: Iron Barbs|[of] p1a: Temple
|-damage|p2a: Zarude|68/100|[from] item: Life Orb
|move|p1a: Temple|Iron Defense|p1a: Temple
|-boost|p1a: Temple|def|2
|
|-heal|p1a: Temple|55/100|[from] item: Leftovers
|upkeep
|turn|10
|
|t:|1661086026
|move|p2a: Zarude|Darkest Lariat|p1a: Temple
|-damage|p1a: Temple|11/100
|-damage|p2a: Zarude|56/100|[from] ability: Iron Barbs|[of] p1a: Temple
|-damage|p2a: Zarude|46/100|[from] item: Life Orb
|move|p1a: Temple|Body Press|p2a: Zarude
|-supereffective|p2a: Zarude
|-damage|p2a: Zarude|0 fnt
|faint|p2a: Zarude
|
|-heal|p1a: Temple|17/100|[from] item: Leftovers
|upkeep
|inactive|bramitoboy has 120 seconds left.
|
|t:|1661086043
|switch|p2a: Keldeo|Keldeo-Resolute|53/100
|-damage|p2a: Keldeo|47/100|[from] Stealth Rock
|turn|11
|
|t:|1661086045
|switch|p1a: Leviathan|Dragapult, M, shiny|100/100
|-damage|p1a: Leviathan|88/100|[from] Stealth Rock
|move|p2a: Keldeo|Secret Sword|p1a: Leviathan
|-immune|p1a: Leviathan
|
|-heal|p2a: Keldeo|53/100|[from] item: Leftovers
|upkeep
|turn|12
|
|t:|1661086052
|switch|p2a: Heatran|Heatran, F|12/100
|-damage|p2a: Heatran|0 fnt|[from] Stealth Rock
|faint|p2a: Heatran
|move|p1a: Leviathan|Shadow Ball|p2: Heatran|[notarget]
|-fail|p1a: Leviathan
|
|upkeep
|
|t:|1661086059
|switch|p2a: Tapu Lele|Tapu Lele|100/100
|-damage|p2a: Tapu Lele|88/100|[from] Stealth Rock
|-fieldstart|move: Psychic Terrain|[from] ability: Psychic Surge|[of] p2a: Tapu Lele
|turn|13
|
|t:|1661086065
|switch|p1a: Temple|Ferrothorn, M, shiny|17/100
|-damage|p1a: Temple|11/100|[from] Stealth Rock
|move|p2a: Tapu Lele|Moonblast|p1a: Temple
|-resisted|p1a: Temple
|-damage|p1a: Temple|0 fnt
|faint|p1a: Temple
|
|upkeep
|
|t:|1661086086
|switch|p1a: Poseidon-Blade|Urshifu-Rapid-Strike, M|100/100
|-damage|p1a: Poseidon-Blade|94/100|[from] Stealth Rock
|turn|14
|
|t:|1661086110
|switch|p2a: Landorus|Landorus-Therian, M|95/100
|-damage|p2a: Landorus|82/100|[from] Stealth Rock
|-ability|p2a: Landorus|Intimidate|boost
|-unboost|p1a: Poseidon-Blade|atk|1
|move|p1a: Poseidon-Blade|Surging Strikes|p2a: Landorus
|-supereffective|p2a: Landorus
|-crit|p2a: Landorus
|-damage|p2a: Landorus|53/100
|-damage|p1a: Poseidon-Blade|78/100|[from] item: Rocky Helmet|[of] p2a: Landorus
|-supereffective|p2a: Landorus
|-crit|p2a: Landorus
|-damage|p2a: Landorus|19/100
|-damage|p1a: Poseidon-Blade|61/100|[from] item: Rocky Helmet|[of] p2a: Landorus
|-supereffective|p2a: Landorus
|-crit|p2a: Landorus
|-damage|p2a: Landorus|0 fnt
|-damage|p1a: Poseidon-Blade|44/100|[from] item: Rocky Helmet|[of] p2a: Landorus
|faint|p2a: Landorus
|-hitcount|p2: Landorus|3
|
|upkeep
|
|t:|1661086113
|switch|p2a: Tapu Koko|Tapu Koko|100/100
|-damage|p2a: Tapu Koko|88/100|[from] Stealth Rock
|-fieldstart|move: Electric Terrain|[from] ability: Electric Surge|[of] p2a: Tapu Koko
|turn|15
|
|t:|1661086130
|switch|p1a: Byakko|Zapdos, shiny|100/100
|-damage|p1a: Byakko|76/100|[from] Stealth Rock
|move|p2a: Tapu Koko|Dazzling Gleam|p1a: Byakko
|-damage|p1a: Byakko|32/100
|
|upkeep
|turn|16
|
|t:|1661086143
|move|p2a: Tapu Koko|Dazzling Gleam|p1a: Byakko
|-damage|p1a: Byakko|0 fnt
|faint|p1a: Byakko
|
|upkeep
|j| Arcanine1929
|inactive|LT94JEwhyaddicted has 120 seconds left.
|c|☆bramitoboy|gg
|
|t:|1661086167
|switch|p1a: Bandit|Weavile, M, shiny|100/100
|-damage|p1a: Bandit|76/100|[from] Stealth Rock
|-ability|p1a: Bandit|Pressure
|turn|17
|
|t:|1661086174
|move|p1a: Bandit|Ice Shard|p2a: Tapu Koko
|-damage|p2a: Tapu Koko|44/100
|move|p2a: Tapu Koko|Dazzling Gleam|p1a: Bandit
|-supereffective|p1a: Bandit
|-damage|p1a: Bandit|0 fnt
|faint|p1a: Bandit
|
|upkeep
|j| Swamp_Fox88
|
|t:|1661086177
|switch|p1a: Poseidon-Blade|Urshifu-Rapid-Strike, M|44/100
|-damage|p1a: Poseidon-Blade|38/100|[from] Stealth Rock
|turn|18
|l| Arcanine1929
|
|t:|1661086186
|switch|p2a: Keldeo|Keldeo-Resolute|53/100
|-damage|p2a: Keldeo|47/100|[from] Stealth Rock
|move|p1a: Poseidon-Blade|Surging Strikes|p2a: Keldeo
|-resisted|p2a: Keldeo
|-crit|p2a: Keldeo
|-damage|p2a: Keldeo|35/100
|-resisted|p2a: Keldeo
|-crit|p2a: Keldeo
|-damage|p2a: Keldeo|23/100
|-resisted|p2a: Keldeo
|-crit|p2a: Keldeo
|-damage|p2a: Keldeo|12/100
|-hitcount|p2a: Keldeo|3
|
|-heal|p2a: Keldeo|18/100|[from] item: Leftovers
|upkeep
|turn|19
|j| lt94je Johan
|l|lt94jejohan
|
|t:|1661086194
|move|p1a: Poseidon-Blade|Surging Strikes|p2a: Keldeo
|-resisted|p2a: Keldeo
|-crit|p2a: Keldeo
|-damage|p2a: Keldeo|7/100
|-resisted|p2a: Keldeo
|-crit|p2a: Keldeo
|-damage|p2a: Keldeo|0 fnt
|faint|p2a: Keldeo
|-hitcount|p2: Keldeo|2
|
|-fieldend|move: Electric Terrain
|upkeep
|
|t:|1661086197
|switch|p2a: Tapu Koko|Tapu Koko|44/100
|-damage|p2a: Tapu Koko|32/100|[from] Stealth Rock
|-fieldstart|move: Electric Terrain|[from] ability: Electric Surge|[of] p2a: Tapu Koko
|turn|20
|
|t:|1661086199
|move|p2a: Tapu Koko|Dazzling Gleam|p1a: Poseidon-Blade
|-supereffective|p1a: Poseidon-Blade
|-damage|p1a: Poseidon-Blade|0 fnt
|faint|p1a: Poseidon-Blade
|
|upkeep
|c|☆LT94JEwhyaddicted|gg
|-message|LT94JEwhyaddicted forfeited.
|
|win|bramitoboy
|raw|LT94JEwhyaddicted's rating: 1703 &rarr; <strong>1695</strong><br />(-8 for losing)
|raw|bramitoboy's rating: 1946 &rarr; <strong>1954</strong><br />(+8 for winning)
|l|☆bramitoboy
|l| ReverseHaxgod
|j| Stoutberg
||Ladder isn't responding, score probably updated but might not have (Request timeout).
|l| Stoutberg
|l| Matheus RW
|l| Swamp_Fox88
|l|☆LT94JEwhyaddicted
|j| Rubyblood
|l| Rubyblood
