|j|☆paquet2tresor
|j|☆SkipTheDripBayless
|t:|1663832843
|gametype|singles
|player|p1|paquet2tresor|dawn-gen4pt|1848
|player|p2|SkipTheDripBayless|#roaladder|1913
|teamsize|p1|6
|teamsize|p2|6
|gen|8
|tier|[Gen 8] OU
|rated|
|rule|Sleep Clause Mod: Limit one foe put to sleep
|rule|Species Clause: Limit one of each Pokémon
|rule|OHKO Clause: OHKO moves are banned
|rule|Evasion Items Clause: Evasion items are banned
|rule|Evasion Moves Clause: Evasion moves are banned
|rule|Endless Battle Clause: Forcing endless battles is banned
|rule|HP Percentage Mod: HP is shown in percentages
|rule|Dynamax Clause: You cannot dynamax
|clearpoke
|poke|p1|Melmetal|
|poke|p1|Heatran, M|
|poke|p1|Dragapult, M|
|poke|p1|Landorus-Therian, M|
|poke|p1|Zapdos-Galar|
|poke|p1|Rillaboom, F|
|poke|p2|Tapu Lele|
|poke|p2|Corviknight, F|
|poke|p2|Chansey, F|
|poke|p2|Mew|
|poke|p2|Garchomp, M|
|poke|p2|Buzzwole|
|teampreview
|inactive|Battle timer is ON: inactive players will automatically lose when time's up. (requested by SkipTheDripBayless)
|inactive|paquet2tresor has 120 seconds left.
|
|t:|1663832879
|start
|switch|p1a: Dragapult|Dragapult, M|100/100
|switch|p2a: Tapu Lele|Tapu Lele|100/100
|-fieldstart|move: Psychic Terrain|[from] ability: Psychic Surge|[of] p2a: Tapu Lele
|turn|1
|
|t:|1663832887
|switch|p1a: Heatran|Heatran, M|100/100
|move|p2a: Tapu Lele|Focus Blast|p1a: Heatran
|-supereffective|p1a: Heatran
|-damage|p1a: Heatran|9/100
|
|-heal|p1a: Heatran|15/100|[from] item: Leftovers
|upkeep
|turn|2
|
|t:|1663832896
|switch|p1a: Dragapult|Dragapult, M|100/100
|move|p2a: Tapu Lele|Focus Blast|p1a: Dragapult
|-immune|p1a: Dragapult
|
|upkeep
|turn|3
|
|t:|1663832900
|switch|p1a: Heatran|Heatran, M|15/100
|move|p2a: Tapu Lele|Focus Blast|p1a: Heatran
|-supereffective|p1a: Heatran
|-damage|p1a: Heatran|0 fnt
|faint|p1a: Heatran
|
|upkeep
|j| jly8
|
|t:|1663832911
|switch|p1a: Rillaboom|Rillaboom, F|100/100
|-fieldstart|move: Grassy Terrain|[from] ability: Grassy Surge|[of] p1a: Rillaboom
|turn|4
|
|t:|1663832921
|switch|p2a: Garchomp|Garchomp, M|100/100
|move|p1a: Rillaboom|Knock Off|p2a: Garchomp
|-damage|p2a: Garchomp|75/100
|-damage|p1a: Rillaboom|88/100|[from] ability: Rough Skin|[of] p2a: Garchomp
|-damage|p1a: Rillaboom|72/100|[from] item: Rocky Helmet|[of] p2a: Garchomp
|-enditem|p2a: Garchomp|Rocky Helmet|[from] move: Knock Off|[of] p1a: Rillaboom
|
|-heal|p2a: Garchomp|81/100|[from] Grassy Terrain
|-heal|p1a: Rillaboom|78/100|[from] Grassy Terrain
|upkeep
|turn|5
|
|t:|1663832927
|move|p2a: Garchomp|Stealth Rock|p1a: Rillaboom
|-sidestart|p1: paquet2tresor|move: Stealth Rock
|move|p1a: Rillaboom|Wood Hammer|p2a: Garchomp
|-damage|p2a: Garchomp|11/100
|-damage|p1a: Rillaboom|66/100|[from] ability: Rough Skin|[of] p2a: Garchomp
|-damage|p1a: Rillaboom|40/100|[from] Recoil
|
|-heal|p2a: Garchomp|17/100|[from] Grassy Terrain
|-heal|p1a: Rillaboom|46/100|[from] Grassy Terrain
|upkeep
|turn|6
|
|t:|1663832934
|move|p1a: Rillaboom|Grassy Glide|p2a: Garchomp
|-damage|p2a: Garchomp|0 fnt
|-damage|p1a: Rillaboom|34/100|[from] ability: Rough Skin|[of] p2a: Garchomp
|faint|p2a: Garchomp
|
|-heal|p1a: Rillaboom|40/100|[from] Grassy Terrain
|upkeep
|
|t:|1663832941
|switch|p2a: Buzzwole|Buzzwole|100/100
|turn|7
|
|t:|1663832944
|move|p2a: Buzzwole|Ice Punch|p1a: Rillaboom
|-supereffective|p1a: Rillaboom
|-damage|p1a: Rillaboom|0 fnt
|faint|p1a: Rillaboom
|-ability|p2a: Buzzwole|Beast Boost|boost
|-boost|p2a: Buzzwole|atk|1
|
|upkeep
|
|t:|1663832953
|switch|p1a: Dragapult|Dragapult, M|100/100
|-damage|p1a: Dragapult|88/100|[from] Stealth Rock
|turn|8
|
|t:|1663832962
|move|p2a: Buzzwole|Ice Punch|p1a: Dragapult
|-supereffective|p1a: Dragapult
|-damage|p1a: Dragapult|0 fnt
|faint|p1a: Dragapult
|-ability|p2a: Buzzwole|Beast Boost|boost
|-boost|p2a: Buzzwole|atk|1
|
|-fieldend|move: Grassy Terrain
|upkeep
|
|t:|1663832966
|switch|p1a: Melmetal|Melmetal|100/100
|-damage|p1a: Melmetal|94/100|[from] Stealth Rock
|turn|9
|
|t:|1663832972
|switch|p2a: Chansey|Chansey, F|100/100
|move|p1a: Melmetal|Thunder Punch|p2a: Chansey
|-damage|p2a: Chansey|77/100
|
|-heal|p1a: Melmetal|100/100|[from] item: Leftovers
|upkeep
|turn|10
|
|t:|1663832976
|move|p1a: Melmetal|Double Iron Bash|p2a: Chansey
|-damage|p2a: Chansey|47/100
|-damage|p2a: Chansey|17/100
|-hitcount|p2a: Chansey|2
|move|p2a: Chansey|Counter|p1a: Melmetal
|-damage|p1a: Melmetal|5/100
|
|-heal|p1a: Melmetal|11/100|[from] item: Leftovers
|upkeep
|turn|11
|
|t:|1663832982
|move|p2a: Chansey|Seismic Toss|p1a: Melmetal
|-damage|p1a: Melmetal|0 fnt
|faint|p1a: Melmetal
|
|upkeep
|
|t:|1663832987
|switch|p1a: Landorus|Landorus-Therian, M|100/100
|-damage|p1a: Landorus|88/100|[from] Stealth Rock
|-ability|p1a: Landorus|Intimidate|boost
|-unboost|p2a: Chansey|atk|1
|turn|12
|
|t:|1663832990
|move|p1a: Landorus|Swords Dance|p1a: Landorus
|-boost|p1a: Landorus|atk|2
|move|p2a: Chansey|Seismic Toss|p1a: Landorus
|-damage|p1a: Landorus|61/100
|
|-heal|p1a: Landorus|67/100|[from] item: Leftovers
|upkeep
|turn|13
|
|t:|1663832994
|move|p1a: Landorus|Rock Polish|p1a: Landorus
|-boost|p1a: Landorus|spe|2
|move|p2a: Chansey|Seismic Toss|p1a: Landorus
|-damage|p1a: Landorus|39/100
|
|-heal|p1a: Landorus|45/100|[from] item: Leftovers
|upkeep
|turn|14
|
|t:|1663832997
|move|p1a: Landorus|Swords Dance|p1a: Landorus
|-boost|p1a: Landorus|atk|2
|move|p2a: Chansey|Seismic Toss|p1a: Landorus
|-damage|p1a: Landorus|18/100
|
|-heal|p1a: Landorus|24/100|[from] item: Leftovers
|upkeep
|turn|15
|
|t:|1663833001
|move|p1a: Landorus|Earthquake|p2a: Chansey
|-damage|p2a: Chansey|0 fnt
|faint|p2a: Chansey
|
|-heal|p1a: Landorus|30/100|[from] item: Leftovers
|upkeep
|
|t:|1663833003
|switch|p2a: Buzzwole|Buzzwole|100/100
|turn|16
|
|t:|1663833005
|move|p1a: Landorus|Stone Edge|p2a: Buzzwole
|-damage|p2a: Buzzwole|16/100
|move|p2a: Buzzwole|Ice Punch|p1a: Landorus
|-supereffective|p1a: Landorus
|-damage|p1a: Landorus|0 fnt
|faint|p1a: Landorus
|-ability|p2a: Buzzwole|Beast Boost|boost
|-boost|p2a: Buzzwole|atk|1
|
|upkeep
|
|t:|1663833010
|switch|p1a: Zapdos|Zapdos-Galar|100/100
|-damage|p1a: Zapdos|88/100|[from] Stealth Rock
|turn|17
|j| Vickyris
|
|t:|1663833012
|move|p1a: Zapdos|Brave Bird|p2a: Buzzwole
|-supereffective|p2a: Buzzwole
|-damage|p2a: Buzzwole|0 fnt
|faint|p2a: Buzzwole
|-damage|p1a: Zapdos|82/100|[from] Recoil
|
|upkeep
|
|t:|1663833014
|switch|p2a: Corviknight|Corviknight, F|100/100
|-ability|p2a: Corviknight|Pressure
|turn|18
|
|t:|1663833018
|move|p1a: Zapdos|Brave Bird|p2a: Corviknight
|-resisted|p2a: Corviknight
|-damage|p2a: Corviknight|74/100
|-damage|p1a: Zapdos|72/100|[from] Recoil
|move|p2a: Corviknight|Bulk Up|p2a: Corviknight
|-boost|p2a: Corviknight|atk|1
|-boost|p2a: Corviknight|def|1
|
|-heal|p2a: Corviknight|81/100|[from] item: Leftovers
|upkeep
|turn|19
|-message|paquet2tresor forfeited.
|
|win|SkipTheDripBayless
|raw|paquet2tresor's rating: 1848 &rarr; <strong>1832</strong><br />(-16 for losing)
|raw|SkipTheDripBayless's rating: 1913 &rarr; <strong>1929</strong><br />(+16 for winning)
|l|☆paquet2tresor
