|j|☆early_human
|j|☆PKS Trump2020
|t:|1596391875
|player|p1|early_human|2|1592
|player|p2|PKS Trump2020|170|1615
|teamsize|p1|6
|teamsize|p2|6
|gametype|singles
|gen|8
|tier|[Gen 8] OU
|rated|
|html|<div class="broadcast-blue"><strong>OU is currently suspecting Magearna! For information on how to participate check out the <a href="https://www.smogon.com/forums/threads/3667669/">suspect thread</a>.</strong></div>
|clearpoke
|poke|p1|Pelipper, M|
|poke|p1|Vikavolt, M|
|poke|p1|Kingdra, F|
|poke|p1|Urshifu-*, M|
|poke|p1|Seismitoad, F|
|poke|p1|Mandibuzz, F|
|poke|p2|Azumarill, M|
|poke|p2|Magearna-Original|
|poke|p2|Volcarona, F|
|poke|p2|Dragapult, F|
|poke|p2|Kommo-o, F|
|poke|p2|Hippowdon, F|
|rule|Sleep Clause Mod: Limit one foe put to sleep
|rule|Species Clause: Limit one of each Pokémon
|rule|OHKO Clause: OHKO moves are banned
|rule|Evasion Moves Clause: Evasion moves are banned
|rule|Endless Battle Clause: Forcing endless battles is banned
|rule|HP Percentage Mod: HP is shown in percentages
|rule|Dynamax Clause: You cannot dynamax
|teampreview
|
|t:|1596391882
|start
|switch|p1a: Vikavolt|Vikavolt, M|100/100
|switch|p2a: Hippowdon|Hippowdon, F|100/100
|-weather|Sandstorm|[from] ability: Sand Stream|[of] p2a: Hippowdon
|turn|1
|
|t:|1596391888
|move|p1a: Vikavolt|Bug Buzz|p2a: Hippowdon
|-damage|p2a: Hippowdon|41/100
|-unboost|p2a: Hippowdon|spd|1
|move|p2a: Hippowdon|Stealth Rock|p1a: Vikavolt
|-sidestart|p1: early_human|move: Stealth Rock
|
|-weather|Sandstorm|[upkeep]
|-damage|p1a: Vikavolt|94/100|[from] Sandstorm
|upkeep
|turn|2
|j| 2planes2towers
|
|t:|1596391898
|switch|p2a: Volcarona|Volcarona, F|100/100
|move|p1a: Vikavolt|Volt Switch|p2a: Volcarona
|-damage|p2a: Volcarona|55/100
|
|t:|1596391905
|switch|p1a: Pelipper|Pelipper, M|100/100|[from]move: Volt Switch
|-damage|p1a: Pelipper|76/100|[from] Stealth Rock
|-weather|RainDance|[from] ability: Drizzle|[of] p1a: Pelipper
|
|-weather|RainDance|[upkeep]
|upkeep
|turn|3
|
|t:|1596391912
|switch|p2a: Azumarill|Azumarill, M|100/100
|move|p1a: Pelipper|Scald|p2a: Azumarill
|-resisted|p2a: Azumarill
|-damage|p2a: Azumarill|87/100
|-status|p2a: Azumarill|brn
|
|-weather|RainDance|[upkeep]
|-heal|p2a: Azumarill|93/100 brn|[from] item: Leftovers
|-damage|p2a: Azumarill|87/100 brn|[from] brn
|upkeep
|turn|4
|
|t:|1596391932
|move|p1a: Pelipper|U-turn|p2a: Azumarill
|-resisted|p2a: Azumarill
|-damage|p2a: Azumarill|83/100 brn
|
|t:|1596391937
|switch|p1a: Mandibuzz|Mandibuzz, F|100/100|[from]move: U-turn
|move|p2a: Azumarill|Whirlpool|p1a: Mandibuzz|[miss]
|-miss|p2a: Azumarill|p1a: Mandibuzz
|
|-weather|RainDance|[upkeep]
|-heal|p2a: Azumarill|89/100 brn|[from] item: Leftovers
|-damage|p2a: Azumarill|83/100 brn|[from] brn
|upkeep
|turn|5
|
|t:|1596391949
|switch|p2a: Kommo-o|Kommo-o, F|100/100
|move|p1a: Mandibuzz|Defog|p2a: Kommo-o
|-unboost|p2a: Kommo-o|evasion|1
|-sideend|p1: early_human|Stealth Rock|[from] move: Defog|[of] p1a: Mandibuzz
|
|-weather|RainDance|[upkeep]
|upkeep
|turn|6
|inactive|Battle timer is ON: inactive players will automatically lose when time's up. (requested by PKS Trump2020)
|
|t:|1596391962
|move|p2a: Kommo-o|Substitute|p2a: Kommo-o
|-start|p2a: Kommo-o|Substitute
|-damage|p2a: Kommo-o|75/100
|move|p1a: Mandibuzz|U-turn|p2a: Kommo-o
|-resisted|p2a: Kommo-o
|-activate|p2a: Kommo-o|move: Substitute|[damage]
|
|t:|1596391968
|switch|p1a: Kingdra|Kingdra, F|100/100|[from]move: U-turn
|
|-weather|RainDance|[upkeep]
|upkeep
|turn|7
|
|t:|1596391976
|move|p1a: Kingdra|Hurricane|p2a: Kommo-o
|-supereffective|p2a: Kommo-o
|-end|p2a: Kommo-o|Substitute
|move|p2a: Kommo-o|Drain Punch|p1a: Kingdra
|-damage|p1a: Kingdra|50/100
|-heal|p2a: Kommo-o|100/100|[from] drain|[of] p1a: Kingdra
|
|-weather|RainDance|[upkeep]
|upkeep
|turn|8
|j| zzs is my goddess
|
|t:|1596391983
|switch|p1a: Seismitoad|Seismitoad, F|100/100
|switch|p2a: Hippowdon|Hippowdon, F|41/100
|-weather|Sandstorm|[from] ability: Sand Stream|[of] p2a: Hippowdon
|
|-weather|Sandstorm|[upkeep]
|upkeep
|turn|9
|
|t:|1596391992
|move|p1a: Seismitoad|Scald|p2a: Hippowdon
|-supereffective|p2a: Hippowdon
|-damage|p2a: Hippowdon|0 fnt
|faint|p2a: Hippowdon
|
|-weather|Sandstorm|[upkeep]
|upkeep
|
|t:|1596392004
|switch|p2a: Kommo-o|Kommo-o, F|100/100
|turn|10
|
|t:|1596392007
|switch|p1a: Pelipper|Pelipper, M|76/100
|-weather|RainDance|[from] ability: Drizzle|[of] p1a: Pelipper
|move|p2a: Kommo-o|Substitute|p2a: Kommo-o
|-start|p2a: Kommo-o|Substitute
|-damage|p2a: Kommo-o|75/100
|
|-weather|RainDance|[upkeep]
|upkeep
|turn|11
|
|t:|1596392012
|move|p2a: Kommo-o|Belly Drum|p2a: Kommo-o
|-damage|p2a: Kommo-o|25/100
|-setboost|p2a: Kommo-o|atk|6|[from] move: Belly Drum
|-enditem|p2a: Kommo-o|Salac Berry|[eat]
|-boost|p2a: Kommo-o|spe|1|[from] item: Salac Berry
|move|p1a: Pelipper|Hurricane|p2a: Kommo-o
|-supereffective|p2a: Kommo-o
|-end|p2a: Kommo-o|Substitute
|
|-weather|RainDance|[upkeep]
|upkeep
|turn|12
|j| 233545jjj
|
|t:|1596392024
|switch|p1a: Vikavolt|Vikavolt, M|94/100
|move|p2a: Kommo-o|Thunder Punch|p1a: Vikavolt
|-resisted|p1a: Vikavolt
|-damage|p1a: Vikavolt|45/100
|
|-weather|RainDance|[upkeep]
|upkeep
|turn|13
|
|t:|1596392032
|move|p2a: Kommo-o|Drain Punch|p1a: Vikavolt
|-resisted|p1a: Vikavolt
|-damage|p1a: Vikavolt|0 fnt
|-heal|p2a: Kommo-o|50/100|[from] drain|[of] p1a: Vikavolt
|faint|p1a: Vikavolt
|
|-weather|RainDance|[upkeep]
|upkeep
|
|t:|1596392037
|switch|p1a: Kingdra|Kingdra, F|50/100
|turn|14
|
|t:|1596392046
|move|p1a: Kingdra|Hydro Pump|p2a: Kommo-o
|-resisted|p2a: Kommo-o
|-damage|p2a: Kommo-o|0 fnt
|faint|p2a: Kommo-o
|
|-weather|RainDance|[upkeep]
|upkeep
|
|t:|1596392054
|switch|p2a: Azumarill|Azumarill, M|83/100 brn
|turn|15
|
|t:|1596392059
|switch|p1a: Seismitoad|Seismitoad, F|100/100
|switch|p2a: Get Whopped|Magearna-Original|100/100
|
|-weather|RainDance|[upkeep]
|upkeep
|turn|16
|
|t:|1596392064
|move|p2a: Get Whopped|Shift Gear|p2a: Get Whopped
|-boost|p2a: Get Whopped|spe|2
|-boost|p2a: Get Whopped|atk|1
|move|p1a: Seismitoad|Earth Power|p2a: Get Whopped
|-supereffective|p2a: Get Whopped
|-damage|p2a: Get Whopped|45/100
|-enditem|p2a: Get Whopped|Weakness Policy
|-boost|p2a: Get Whopped|atk|2|[from] item: Weakness Policy
|-boost|p2a: Get Whopped|spa|2|[from] item: Weakness Policy
|
|-weather|RainDance|[upkeep]
|upkeep
|turn|17
|
|t:|1596392070
|move|p2a: Get Whopped|Draining Kiss|p1a: Seismitoad
|-damage|p1a: Seismitoad|50/100
|-heal|p2a: Get Whopped|92/100|[from] drain|[of] p1a: Seismitoad
|move|p1a: Seismitoad|Earth Power|p2a: Get Whopped
|-supereffective|p2a: Get Whopped
|-damage|p2a: Get Whopped|40/100
|
|-weather|none
|-heal|p1a: Seismitoad|56/100|[from] item: Leftovers
|upkeep
|turn|18
|
|t:|1596392078
|move|p2a: Get Whopped|Stored Power|p1a: Seismitoad
|-damage|p1a: Seismitoad|0 fnt
|faint|p1a: Seismitoad
|-ability|p2a: Get Whopped|Soul-Heart|boost
|-boost|p2a: Get Whopped|spa|1
|
|upkeep
|
|t:|1596392080
|switch|p1a: Pelipper|Pelipper, M|76/100
|-weather|RainDance|[from] ability: Drizzle|[of] p1a: Pelipper
|turn|19
|
|t:|1596392103
|move|p2a: Get Whopped|Shift Gear|p2a: Get Whopped
|-boost|p2a: Get Whopped|spe|2
|-boost|p2a: Get Whopped|atk|1
|move|p1a: Pelipper|Scald|p2a: Get Whopped
|-damage|p2a: Get Whopped|2/100
|
|-weather|RainDance|[upkeep]
|upkeep
|turn|20
|
|t:|1596392109
|move|p2a: Get Whopped|Stored Power|p1a: Pelipper
|-damage|p1a: Pelipper|0 fnt
|faint|p1a: Pelipper
|-ability|p2a: Get Whopped|Soul-Heart|boost
|-boost|p2a: Get Whopped|spa|1
|
|-weather|RainDance|[upkeep]
|upkeep
|
|t:|1596392112
|switch|p1a: Urshifu|Urshifu-Rapid-Strike, M|100/100
|turn|21
|l| zzs is my goddess
|
|t:|1596392119
|move|p1a: Urshifu|Aqua Jet|p2a: Get Whopped
|-damage|p2a: Get Whopped|0 fnt
|faint|p2a: Get Whopped
|
|-weather|RainDance|[upkeep]
|upkeep
|
|t:|1596392123
|switch|p2a: Azumarill|Azumarill, M|83/100 brn
|turn|22
|
|t:|1596392126
|move|p1a: Urshifu|Aqua Jet|p2a: Azumarill
|-resisted|p2a: Azumarill
|-damage|p2a: Azumarill|60/100 brn
|move|p2a: Azumarill|Whirlpool|p1a: Urshifu
|-resisted|p1a: Urshifu
|-damage|p1a: Urshifu|92/100
|-activate|p1a: Urshifu|move: Whirlpool|[of] p2a: Azumarill
|
|-weather|RainDance|[upkeep]
|-heal|p2a: Azumarill|66/100 brn|[from] item: Leftovers
|-damage|p2a: Azumarill|60/100 brn|[from] brn
|-damage|p1a: Urshifu|79/100|[from] move: Whirlpool|[partiallytrapped]
|upkeep
|turn|23
|c|☆early_human|woops
|-message|early_human forfeited.
|
|win|PKS Trump2020
|l|☆early_human
|j| zzs is my goddess
|l| 2planes2towers
|raw|early_human's rating: 1605 &rarr; <strong>1584</strong><br />(-21 for losing)
|raw|PKS Trump2020's rating: 1593 &rarr; <strong>1614</strong><br />(+21 for winning)
