|j|☆mamaw31180
|j|☆flygonisdragon
|t:|1613685191
|player|p1|mamaw31180|170|1725
|player|p2|flygonisdragon|ninjaboy|1707
|teamsize|p1|6
|teamsize|p2|6
|gametype|singles
|gen|8
|tier|[Gen 8] OU
|rated|
|clearpoke
|poke|p1|Hawlucha, M|
|poke|p1|Tapu Koko|
|poke|p1|Ferrothorn, F|
|poke|p1|Cinderace, F|
|poke|p1|Landorus-Therian, M|
|poke|p1|Urshifu-*, M|
|poke|p2|Ferrothorn, M|
|poke|p2|Cinderace, F|
|poke|p2|Golurk|
|poke|p2|Toxapex, M|
|poke|p2|Zapdos|
|poke|p2|Kyurem|
|rule|Sleep Clause Mod: Limit one foe put to sleep
|rule|Species Clause: Limit one of each Pokémon
|rule|OHKO Clause: OHKO moves are banned
|rule|Evasion Moves Clause: Evasion moves are banned
|rule|Endless Battle Clause: Forcing endless battles is banned
|rule|HP Percentage Mod: HP is shown in percentages
|rule|Dynamax Clause: You cannot dynamax
|teampreview
|inactive|Battle timer is ON: inactive players will automatically lose when time's up. (requested by mamaw31180)
|
|t:|1613685220
|start
|switch|p1a: Cinderace|Cinderace, F|100/100
|switch|p2a: Golurk|Golurk, shiny|100/100
|turn|1
|j| Yugizx
|
|t:|1613685238
|move|p1a: Cinderace|U-turn|p2a: Golurk
|-start|p1a: Cinderace|typechange|Bug|[from] ability: Libero
|-resisted|p2a: Golurk
|-damage|p2a: Golurk|83/100
|
|t:|1613685241
|switch|p1a: Landorus|Landorus-Therian, M|100/100|[from]move: U-turn
|-ability|p1a: Landorus|Intimidate|boost
|-unboost|p2a: Golurk|atk|1
|move|p2a: Golurk|Poltergeist|p1a: Landorus
|-activate|p1a: Landorus|move: Poltergeist|Leftovers
|-damage|p1a: Landorus|49/100
|
|-heal|p1a: Landorus|55/100|[from] item: Leftovers
|upkeep
|turn|2
|
|t:|1613685247
|switch|p2a: Toxapex|Toxapex, M|100/100
|move|p1a: Landorus|Stealth Rock|p2a: Toxapex
|-sidestart|p2: flygonisdragon|move: Stealth Rock
|
|-heal|p1a: Landorus|61/100|[from] item: Leftovers
|upkeep
|turn|3
|
|t:|1613685250
|switch|p1a: Ferrothorn|Ferrothorn, F|100/100
|move|p2a: Toxapex|Scald|p1a: Ferrothorn
|-resisted|p1a: Ferrothorn
|-damage|p1a: Ferrothorn|95/100
|
|-heal|p1a: Ferrothorn|100/100|[from] item: Leftovers
|upkeep
|turn|4
|
|t:|1613685254
|switch|p2a: Cinderace|Cinderace, F|100/100
|move|p1a: Ferrothorn|Knock Off|p2a: Cinderace
|-damage|p2a: Cinderace|69/100
|-enditem|p2a: Cinderace|Heavy-Duty Boots|[from] move: Knock Off|[of] p1a: Ferrothorn
|
|upkeep
|turn|5
|
|t:|1613685262
|switch|p1a: Landorus|Landorus-Therian, M|61/100
|-ability|p1a: Landorus|Intimidate|boost
|-unboost|p2a: Cinderace|atk|1
|move|p2a: Cinderace|U-turn|p1a: Landorus
|-start|p2a: Cinderace|typechange|Bug|[from] ability: Libero
|-resisted|p1a: Landorus
|-damage|p1a: Landorus|52/100
|
|t:|1613685265
|switch|p2a: Golurk|Golurk, shiny|83/100|[from]move: U-turn
|-damage|p2a: Golurk|77/100|[from] Stealth Rock
|
|-heal|p1a: Landorus|58/100|[from] item: Leftovers
|upkeep
|turn|6
|
|t:|1613685268
|move|p1a: Landorus|Knock Off|p2a: Golurk
|-supereffective|p2a: Golurk
|-damage|p2a: Golurk|10/100
|-enditem|p2a: Golurk|Choice Band|[from] move: Knock Off|[of] p1a: Landorus
|move|p2a: Golurk|Poltergeist|p1a: Landorus
|-activate|p1a: Landorus|move: Poltergeist|Leftovers
|-damage|p1a: Landorus|8/100
|
|-heal|p1a: Landorus|14/100|[from] item: Leftovers
|upkeep
|turn|7
|
|t:|1613685279
|move|p1a: Landorus|Knock Off|p2a: Golurk
|-supereffective|p2a: Golurk
|-damage|p2a: Golurk|0 fnt
|faint|p2a: Golurk
|
|-heal|p1a: Landorus|20/100|[from] item: Leftovers
|upkeep
|
|t:|1613685282
|switch|p2a: Cinderace|Cinderace, F|69/100
|-damage|p2a: Cinderace|44/100|[from] Stealth Rock
|turn|8
|
|t:|1613685292
|switch|p1a: Urshifu|Urshifu-Rapid-Strike, M|100/100
|move|p2a: Cinderace|Pyro Ball|p1a: Urshifu
|-resisted|p1a: Urshifu
|-damage|p1a: Urshifu|72/100
|
|upkeep
|turn|9
|
|t:|1613685298
|move|p2a: Cinderace|High Jump Kick|p1a: Urshifu
|-start|p2a: Cinderace|typechange|Fighting|[from] ability: Libero
|-damage|p1a: Urshifu|6/100
|move|p1a: Urshifu|Close Combat|p2a: Cinderace
|-damage|p2a: Cinderace|0 fnt
|-unboost|p1a: Urshifu|def|1
|-unboost|p1a: Urshifu|spd|1
|faint|p2a: Cinderace
|
|upkeep
|
|t:|1613685304
|switch|p2a: Zapdos|Zapdos|100/100
|turn|10
|
|t:|1613685309
|move|p1a: Urshifu|Close Combat|p2a: Zapdos
|-resisted|p2a: Zapdos
|-damage|p2a: Zapdos|60/100
|-unboost|p1a: Urshifu|def|1
|-unboost|p1a: Urshifu|spd|1
|-status|p1a: Urshifu|par|[from] ability: Static|[of] p2a: Zapdos
|move|p2a: Zapdos|Defog|p1a: Urshifu
|-unboost|p1a: Urshifu|evasion|1
|-sideend|p2: flygonisdragon|Stealth Rock|[from] move: Defog|[of] p2a: Zapdos
|
|upkeep
|turn|11
|
|t:|1613685312
|move|p2a: Zapdos|Roost|p2a: Zapdos
|-heal|p2a: Zapdos|100/100
|-singleturn|p2a: Zapdos|move: Roost
|move|p1a: Urshifu|Close Combat|p2a: Zapdos
|-damage|p2a: Zapdos|24/100
|-unboost|p1a: Urshifu|def|1
|-unboost|p1a: Urshifu|spd|1
|
|upkeep
|turn|12
|j| hypervortexreturns
|
|t:|1613685317
|move|p2a: Zapdos|Discharge|p1a: Urshifu
|-supereffective|p1a: Urshifu
|-damage|p1a: Urshifu|0 fnt
|faint|p1a: Urshifu
|
|upkeep
|j| tdyjmmfcm
|
|t:|1613685329
|switch|p1a: Tapu Koko|Tapu Koko|100/100
|-fieldstart|move: Electric Terrain|[from] ability: Electric Surge|[of] p1a: Tapu Koko
|turn|13
|
|t:|1613685333
|move|p1a: Tapu Koko|U-turn|p2a: Zapdos
|-resisted|p2a: Zapdos
|-damage|p2a: Zapdos|17/100
|
|t:|1613685337
|switch|p1a: Cinderace|Cinderace, F|100/100|[from]move: U-turn
|move|p2a: Zapdos|U-turn|p1a: Cinderace
|-resisted|p1a: Cinderace
|-damage|p1a: Cinderace|91/100
|
|t:|1613685340
|switch|p2a: Toxapex|Toxapex, M|100/100|[from]move: U-turn
|
|upkeep
|turn|14
|
|t:|1613685344
|move|p1a: Cinderace|U-turn|p2a: Toxapex
|-start|p1a: Cinderace|typechange|Bug|[from] ability: Libero
|-resisted|p2a: Toxapex
|-damage|p2a: Toxapex|90/100
|-damage|p1a: Cinderace|75/100|[from] item: Rocky Helmet|[of] p2a: Toxapex
|
|t:|1613685354
|switch|p1a: Landorus|Landorus-Therian, M|20/100|[from]move: U-turn
|-ability|p1a: Landorus|Intimidate|boost
|-unboost|p2a: Toxapex|atk|1
|move|p2a: Toxapex|Scald|p1a: Landorus
|-supereffective|p1a: Landorus
|-damage|p1a: Landorus|0 fnt
|faint|p1a: Landorus
|
|upkeep
|
|t:|1613685358
|switch|p1a: Tapu Koko|Tapu Koko|100/100
|turn|15
|
|t:|1613685361
|switch|p2a: Zapdos|Zapdos|17/100
|move|p1a: Tapu Koko|U-turn|p2a: Zapdos
|-resisted|p2a: Zapdos
|-damage|p2a: Zapdos|10/100
|
|t:|1613685366
|switch|p1a: Hawlucha|Hawlucha, M|100/100|[from]move: U-turn
|-enditem|p1a: Hawlucha|Electric Seed
|-boost|p1a: Hawlucha|def|1|[from] item: Electric Seed
|
|upkeep
|turn|16
|
|t:|1613685370
|move|p1a: Hawlucha|Acrobatics|p2a: Zapdos
|-resisted|p2a: Zapdos
|-damage|p2a: Zapdos|0 fnt
|faint|p2a: Zapdos
|
|upkeep
|
|t:|1613685379
|switch|p2a: Toxapex|Toxapex, M|100/100
|turn|17
|
|t:|1613685382
|move|p1a: Hawlucha|Taunt|p2a: Toxapex
|-start|p2a: Toxapex|move: Taunt
|move|p2a: Toxapex|Scald|p1a: Hawlucha
|-crit|p1a: Hawlucha
|-damage|p1a: Hawlucha|57/100
|
|-fieldend|move: Electric Terrain
|upkeep
|turn|18
|
|t:|1613685389
|move|p1a: Hawlucha|Swords Dance|p1a: Hawlucha
|-boost|p1a: Hawlucha|atk|2
|move|p2a: Toxapex|Scald|p1a: Hawlucha
|-damage|p1a: Hawlucha|28/100
|
|upkeep
|turn|19
|
|t:|1613685393
|switch|p2a: Ferrothorn|Ferrothorn, M|100/100
|move|p1a: Hawlucha|Acrobatics|p2a: Ferrothorn
|-damage|p2a: Ferrothorn|46/100
|-damage|p1a: Hawlucha|15/100|[from] ability: Iron Barbs|[of] p2a: Ferrothorn
|-damage|p1a: Hawlucha|0 fnt|[from] item: Rocky Helmet|[of] p2a: Ferrothorn
|faint|p1a: Hawlucha
|
|upkeep
|
|t:|1613685398
|switch|p1a: Cinderace|Cinderace, F|75/100
|turn|20
|
|t:|1613685406
|switch|p2a: Toxapex|Toxapex, M|100/100
|move|p1a: Cinderace|Pyro Ball|p2a: Toxapex
|-resisted|p2a: Toxapex
|-damage|p2a: Toxapex|83/100
|
|upkeep
|turn|21
|
|t:|1613685409
|move|p1a: Cinderace|U-turn|p2a: Toxapex
|-start|p1a: Cinderace|typechange|Bug|[from] ability: Libero
|-resisted|p2a: Toxapex
|-damage|p2a: Toxapex|72/100
|-damage|p1a: Cinderace|58/100|[from] item: Rocky Helmet|[of] p2a: Toxapex
|
|t:|1613685411
|switch|p1a: Ferrothorn|Ferrothorn, F|100/100|[from]move: U-turn
|move|p2a: Toxapex|Scald|p1a: Ferrothorn
|-resisted|p1a: Ferrothorn
|-damage|p1a: Ferrothorn|95/100
|
|-heal|p1a: Ferrothorn|100/100|[from] item: Leftovers
|upkeep
|turn|22
|
|t:|1613685416
|switch|p2a: Ferrothorn|Ferrothorn, M|46/100
|move|p1a: Ferrothorn|Thunder Wave|p2a: Ferrothorn
|-status|p2a: Ferrothorn|par
|
|upkeep
|turn|23
|
|t:|1613685423
|move|p1a: Ferrothorn|Knock Off|p2a: Ferrothorn
|-damage|p2a: Ferrothorn|34/100 par
|-damage|p1a: Ferrothorn|88/100|[from] ability: Iron Barbs|[of] p2a: Ferrothorn
|-damage|p1a: Ferrothorn|72/100|[from] item: Rocky Helmet|[of] p2a: Ferrothorn
|-enditem|p2a: Ferrothorn|Rocky Helmet|[from] move: Knock Off|[of] p1a: Ferrothorn
|cant|p2a: Ferrothorn|par
|
|-heal|p1a: Ferrothorn|78/100|[from] item: Leftovers
|upkeep
|turn|24
|
|t:|1613685426
|move|p1a: Ferrothorn|Spikes|p2a: Ferrothorn
|-sidestart|p2: flygonisdragon|Spikes
|move|p2a: Ferrothorn|Spikes|p1a: Ferrothorn
|-sidestart|p1: mamaw31180|Spikes
|
|-heal|p1a: Ferrothorn|84/100|[from] item: Leftovers
|upkeep
|turn|25
|
|t:|1613685429
|switch|p2a: Kyurem|Kyurem|100/100
|-damage|p2a: Kyurem|88/100|[from] Spikes
|-ability|p2a: Kyurem|Pressure
|move|p1a: Ferrothorn|Spikes|p2a: Kyurem
|-sidestart|p2: flygonisdragon|Spikes
|
|-heal|p2a: Kyurem|94/100|[from] item: Leftovers
|-heal|p1a: Ferrothorn|90/100|[from] item: Leftovers
|upkeep
|turn|26
|
|t:|1613685434
|move|p2a: Kyurem|Substitute|p2a: Kyurem
|-start|p2a: Kyurem|Substitute
|-damage|p2a: Kyurem|70/100
|move|p1a: Ferrothorn|Knock Off|p2a: Kyurem
|-activate|p2a: Kyurem|move: Substitute|[damage]
|
|-heal|p2a: Kyurem|76/100|[from] item: Leftovers
|-heal|p1a: Ferrothorn|97/100|[from] item: Leftovers
|upkeep
|turn|27
|
|t:|1613685437
|move|p2a: Kyurem|Dragon Dance|p2a: Kyurem
|-boost|p2a: Kyurem|atk|1
|-boost|p2a: Kyurem|spe|1
|move|p1a: Ferrothorn|Knock Off|p2a: Kyurem
|-end|p2a: Kyurem|Substitute
|
|-heal|p2a: Kyurem|82/100|[from] item: Leftovers
|-heal|p1a: Ferrothorn|100/100|[from] item: Leftovers
|upkeep
|turn|28
|j| Little Sn
|l| Little Sn
|inactive|mamaw31180 has 120 seconds left.
|
|t:|1613685493
|switch|p1a: Cinderace|Cinderace, F|58/100
|move|p2a: Kyurem|Substitute|p2a: Kyurem
|-start|p2a: Kyurem|Substitute
|-damage|p2a: Kyurem|57/100
|
|-heal|p2a: Kyurem|63/100|[from] item: Leftovers
|upkeep
|turn|29
|
|t:|1613685497
|move|p2a: Kyurem|Icicle Spear|p1a: Cinderace
|-resisted|p1a: Cinderace
|-damage|p1a: Cinderace|43/100
|-resisted|p1a: Cinderace
|-damage|p1a: Cinderace|28/100
|-resisted|p1a: Cinderace
|-damage|p1a: Cinderace|12/100
|-hitcount|p1a: Cinderace|3
|move|p1a: Cinderace|Pyro Ball|p2a: Kyurem
|-end|p2a: Kyurem|Substitute
|
|-heal|p2a: Kyurem|69/100|[from] item: Leftovers
|upkeep
|turn|30
|l| tdyjmmfcm
|
|t:|1613685514
|move|p2a: Kyurem|Icicle Spear|p1a: Cinderace
|-resisted|p1a: Cinderace
|-damage|p1a: Cinderace|0 fnt
|-hitcount|p1a: Cinderace|1
|faint|p1a: Cinderace
|
|-heal|p2a: Kyurem|75/100|[from] item: Leftovers
|upkeep
|
|t:|1613685516
|switch|p1a: Tapu Koko|Tapu Koko|100/100
|-fieldstart|move: Electric Terrain|[from] ability: Electric Surge|[of] p1a: Tapu Koko
|turn|31
|
|t:|1613685521
|move|p2a: Kyurem|Icicle Spear|p1a: Tapu Koko
|-damage|p1a: Tapu Koko|68/100
|-damage|p1a: Tapu Koko|38/100
|-damage|p1a: Tapu Koko|7/100
|-hitcount|p1a: Tapu Koko|3
|move|p1a: Tapu Koko|Dazzling Gleam|p2a: Kyurem
|-supereffective|p2a: Kyurem
|-damage|p2a: Kyurem|14/100
|
|-heal|p2a: Kyurem|20/100|[from] item: Leftovers
|upkeep
|turn|32
|inactive|mamaw31180 has 120 seconds left.
|
|t:|1613685538
|switch|p1a: Ferrothorn|Ferrothorn, F|100/100
|-damage|p1a: Ferrothorn|88/100|[from] Spikes
|move|p2a: Kyurem|Icicle Spear|p1a: Ferrothorn
|-damage|p1a: Ferrothorn|73/100
|-damage|p1a: Ferrothorn|56/100
|-damage|p1a: Ferrothorn|39/100
|-hitcount|p1a: Ferrothorn|3
|
|-heal|p2a: Kyurem|26/100|[from] item: Leftovers
|-heal|p1a: Ferrothorn|46/100|[from] item: Leftovers
|upkeep
|turn|33
|
|t:|1613685546
|move|p2a: Kyurem|Substitute|p2a: Kyurem
|-start|p2a: Kyurem|Substitute
|-damage|p2a: Kyurem|2/100
|move|p1a: Ferrothorn|Knock Off|p2a: Kyurem
|-activate|p2a: Kyurem|move: Substitute|[damage]
|
|-heal|p2a: Kyurem|8/100|[from] item: Leftovers
|-heal|p1a: Ferrothorn|52/100|[from] item: Leftovers
|upkeep
|turn|34
|
|t:|1613685549
|move|p2a: Kyurem|Roost|p2a: Kyurem
|-heal|p2a: Kyurem|58/100
|-singleturn|p2a: Kyurem|move: Roost
|move|p1a: Ferrothorn|Knock Off|p2a: Kyurem
|-end|p2a: Kyurem|Substitute
|
|-heal|p2a: Kyurem|64/100|[from] item: Leftovers
|-heal|p1a: Ferrothorn|58/100|[from] item: Leftovers
|upkeep
|turn|35
|-message|mamaw31180 forfeited.
|
|win|flygonisdragon
|l|☆mamaw31180
|l|☆flygonisdragon
|l| Yugizx
||Ladder (probably) updated, but score could not be retrieved (Request timeout).
