|j|☆NotPepinillo
|j|☆friedfreak
|t:|1616347058
|player|p1|NotPepinillo|1|1798
|player|p2|friedfreak|102|1867
|teamsize|p1|6
|teamsize|p2|6
|gametype|singles
|gen|8
|tier|[Gen 8] OU
|rated|
|clearpoke
|poke|p1|Dragapult, F|
|poke|p1|Jirachi|
|poke|p1|Toxapex, F|
|poke|p1|Skarmory, M|
|poke|p1|Mamoswine, F|
|poke|p1|Rotom-Heat|
|poke|p2|Urshifu-*, M|
|poke|p2|Slowking, F|
|poke|p2|Dragapult, M|
|poke|p2|Mandibuzz, F|
|poke|p2|Ferrothorn, M|
|poke|p2|Nidoking, M|
|rule|Sleep Clause Mod: Limit one foe put to sleep
|rule|Species Clause: Limit one of each Pokémon
|rule|OHKO Clause: OHKO moves are banned
|rule|Evasion Moves Clause: Evasion moves are banned
|rule|Endless Battle Clause: Forcing endless battles is banned
|rule|HP Percentage Mod: HP is shown in percentages
|rule|Dynamax Clause: You cannot dynamax
|teampreview
|
|t:|1616347073
|start
|switch|p1a: Dragapult|Dragapult, F, shiny|100/100
|switch|p2a: Slowking|Slowking, F|100/100
|turn|1
|j| magicgirl_rere
|inactive|Battle timer is ON: inactive players will automatically lose when time's up. (requested by friedfreak)
|
|t:|1616347096
|move|p1a: Dragapult|U-turn|p2a: Slowking
|-supereffective|p2a: Slowking
|-damage|p2a: Slowking|55/100
|inactive|NotPepinillo also wants the timer to be on.
|
|t:|1616347104
|switch|p1a: Toxapex|Toxapex, F, shiny|100/100|[from]move: U-turn
|move|p2a: Slowking|Future Sight|p1a: Toxapex
|-start|p2a: Slowking|move: Future Sight
|
|upkeep
|turn|2
|
|t:|1616347116
|switch|p2a: Ferrothorn|Ferrothorn, M|100/100
|move|p1a: Toxapex|Knock Off|p2a: Ferrothorn
|-damage|p2a: Ferrothorn|92/100
|-damage|p1a: Toxapex|88/100|[from] ability: Iron Barbs|[of] p2a: Ferrothorn
|-enditem|p2a: Ferrothorn|Leftovers|[from] move: Knock Off|[of] p1a: Toxapex
|
|-heal|p1a: Toxapex|94/100|[from] item: Black Sludge
|upkeep
|turn|3
|j| LucarioOverrated
|
|t:|1616347128
|switch|p1a: Jirachi|Jirachi|100/100
|move|p2a: Ferrothorn|Knock Off|p1a: Jirachi
|-supereffective|p1a: Jirachi
|-damage|p1a: Jirachi|65/100
|-enditem|p1a: Jirachi|Leftovers|[from] move: Knock Off|[of] p2a: Ferrothorn
|
|-end|p1a: Jirachi|move: Future Sight
|-resisted|p1a: Jirachi
|-damage|p1a: Jirachi|59/100
|upkeep
|turn|4
|j| huihiihiuhiuhihuia
|
|t:|1616347140
|move|p1a: Jirachi|Stealth Rock|p2a: Ferrothorn
|-sidestart|p2: friedfreak|move: Stealth Rock
|move|p2a: Ferrothorn|Spikes|p1a: Jirachi
|-sidestart|p1: NotPepinillo|Spikes
|
|upkeep
|turn|5
|
|t:|1616347149
|switch|p1a: Rotom|Rotom-Heat, shiny|100/100
|move|p2a: Ferrothorn|Spikes|p1a: Rotom
|-sidestart|p1: NotPepinillo|Spikes
|
|upkeep
|turn|6
|
|t:|1616347156
|switch|p2a: Slowking|Slowking, F|89/100
|move|p1a: Rotom|Toxic|p2a: Slowking
|-status|p2a: Slowking|tox
|
|-damage|p2a: Slowking|82/100 tox|[from] psn
|upkeep
|turn|7
|
|t:|1616347163
|move|p1a: Rotom|Volt Switch|p2a: Slowking
|-supereffective|p2a: Slowking
|-damage|p2a: Slowking|53/100 tox
|
|t:|1616347168
|switch|p1a: Dragapult|Dragapult, F, shiny|100/100|[from]move: Volt Switch
|move|p2a: Slowking|Scald|p1a: Dragapult
|-resisted|p1a: Dragapult
|-damage|p1a: Dragapult|80/100
|
|-damage|p2a: Slowking|41/100 tox|[from] psn
|upkeep
|turn|8
|j| Kbvhvvhh
|
|t:|1616347178
|switch|p2a: Mandibuzz|Mandibuzz, F|100/100
|move|p1a: Dragapult|U-turn|p2a: Mandibuzz
|-damage|p2a: Mandibuzz|87/100
|
|t:|1616347181
|switch|p1a: Mamoswine|Mamoswine, F|100/100|[from]move: U-turn
|
|upkeep
|turn|9
|j| ItsTurns
|
|t:|1616347199
|switch|p2a: Ferrothorn|Ferrothorn, M|92/100
|-damage|p2a: Ferrothorn|86/100|[from] Stealth Rock
|move|p1a: Mamoswine|Icicle Crash|p2a: Ferrothorn
|-damage|p2a: Ferrothorn|58/100
|
|upkeep
|turn|10
|
|t:|1616347220
|switch|p1a: Rotom|Rotom-Heat, shiny|100/100
|move|p2a: Ferrothorn|Knock Off|p1a: Rotom
|-damage|p1a: Rotom|76/100
|-enditem|p1a: Rotom|Heavy-Duty Boots|[from] move: Knock Off|[of] p2a: Ferrothorn
|
|upkeep
|turn|11
|
|t:|1616347234
|move|p1a: Rotom|Volt Switch|p2a: Ferrothorn
|-resisted|p2a: Ferrothorn
|-damage|p2a: Ferrothorn|47/100
|
|t:|1616347240
|switch|p1a: Skarmory|Skarmory, M|100/100|[from]move: Volt Switch
|move|p2a: Ferrothorn|Leech Seed|p1a: Skarmory
|-start|p1a: Skarmory|move: Leech Seed
|
|-damage|p1a: Skarmory|88/100|[from] Leech Seed|[of] p2a: Ferrothorn
|-heal|p2a: Ferrothorn|59/100|[silent]
|upkeep
|turn|12
|l| huihiihiuhiuhihuia
|j| xorkira
|inactive|friedfreak has 120 seconds left.
|
|t:|1616347262
|move|p1a: Skarmory|Spikes|p2a: Ferrothorn
|-sidestart|p2: friedfreak|Spikes
|move|p2a: Ferrothorn|Spikes|p1a: Skarmory
|-sidestart|p1: NotPepinillo|Spikes
|
|-damage|p1a: Skarmory|76/100|[from] Leech Seed|[of] p2a: Ferrothorn
|-heal|p2a: Ferrothorn|71/100|[silent]
|upkeep
|turn|13
|
|t:|1616347270
|switch|p1a: Rotom|Rotom-Heat, shiny|76/100
|move|p2a: Ferrothorn|Knock Off|p1a: Rotom
|-damage|p1a: Rotom|62/100
|
|upkeep
|turn|14
|
|t:|1616347278
|switch|p2a: Slowking|Slowking, F|74/100 tox
|move|p1a: Rotom|Volt Switch|p2a: Slowking
|-supereffective|p2a: Slowking
|-damage|p2a: Slowking|45/100 tox
|
|t:|1616347282
|switch|p1a: Dragapult|Dragapult, F, shiny|80/100|[from]move: Volt Switch
|
|-damage|p2a: Slowking|39/100 tox|[from] psn
|upkeep
|turn|15
|
|t:|1616347295
|switch|p2a: Mandibuzz|Mandibuzz, F|87/100
|move|p1a: Dragapult|Hex|p2a: Mandibuzz
|-resisted|p2a: Mandibuzz
|-damage|p2a: Mandibuzz|74/100
|
|upkeep
|turn|16
|
|t:|1616347313
|move|p1a: Dragapult|U-turn|p2a: Mandibuzz
|-damage|p2a: Mandibuzz|61/100
|
|t:|1616347316
|switch|p1a: Skarmory|Skarmory, M|76/100|[from]move: U-turn
|move|p2a: Mandibuzz|Toxic|p1a: Skarmory
|-immune|p1a: Skarmory
|
|upkeep
|turn|17
|
|t:|1616347326
|move|p2a: Mandibuzz|Roost|p2a: Mandibuzz
|-heal|p2a: Mandibuzz|100/100
|-singleturn|p2a: Mandibuzz|move: Roost
|move|p1a: Skarmory|Toxic|p2a: Mandibuzz
|-status|p2a: Mandibuzz|tox
|
|-damage|p2a: Mandibuzz|94/100 tox|[from] psn
|upkeep
|turn|18
|
|t:|1616347334
|switch|p2a: Nidoking|Nidoking, M|100/100
|-damage|p2a: Nidoking|88/100|[from] Spikes
|-damage|p2a: Nidoking|82/100|[from] Stealth Rock
|move|p1a: Skarmory|Spikes|p2a: Nidoking
|-sidestart|p2: friedfreak|Spikes
|
|upkeep
|turn|19
|
|t:|1616347350
|move|p2a: Nidoking|Stealth Rock|p1a: Skarmory
|-sidestart|p1: NotPepinillo|move: Stealth Rock
|move|p1a: Skarmory|Whirlwind|p2a: Nidoking
|drag|p2a: Urshifu|Urshifu-Rapid-Strike, M|100/100
|-damage|p2a: Urshifu|84/100|[from] Spikes
|-damage|p2a: Urshifu|78/100|[from] Stealth Rock
|
|upkeep
|turn|20
|
|t:|1616347362
|switch|p2a: Slowking|Slowking, F|72/100 tox
|move|p1a: Skarmory|Roost|p1a: Skarmory
|-heal|p1a: Skarmory|100/100
|-singleturn|p1a: Skarmory|move: Roost
|
|-damage|p2a: Slowking|66/100 tox|[from] psn
|upkeep
|turn|21
|
|t:|1616347382
|switch|p1a: Dragapult|Dragapult, F, shiny|80/100
|move|p2a: Slowking|Scald|p1a: Dragapult
|-resisted|p1a: Dragapult
|-damage|p1a: Dragapult|57/100
|-status|p1a: Dragapult|brn
|
|-damage|p1a: Dragapult|51/100 brn|[from] brn
|-damage|p2a: Slowking|54/100 tox|[from] psn
|upkeep
|turn|22
|j| CptSavant
|
|t:|1616347390
|switch|p2a: Mandibuzz|Mandibuzz, F|94/100 tox
|move|p1a: Dragapult|Hex|p2a: Mandibuzz
|-resisted|p2a: Mandibuzz
|-damage|p2a: Mandibuzz|73/100 tox
|
|-damage|p1a: Dragapult|45/100 brn|[from] brn
|-damage|p2a: Mandibuzz|67/100 tox|[from] psn
|upkeep
|turn|23
|
|t:|1616347402
|move|p1a: Dragapult|U-turn|p2a: Mandibuzz
|-damage|p2a: Mandibuzz|60/100 tox
|
|t:|1616347406
|switch|p1a: Mamoswine|Mamoswine, F|100/100|[from]move: U-turn
|move|p2a: Mandibuzz|Roost|p2a: Mandibuzz
|-heal|p2a: Mandibuzz|100/100 tox
|-singleturn|p2a: Mandibuzz|move: Roost
|
|-damage|p2a: Mandibuzz|88/100 tox|[from] psn
|upkeep
|turn|24
|
|t:|1616347418
|move|p1a: Mamoswine|Icicle Crash|p2a: Mandibuzz
|-supereffective|p2a: Mandibuzz
|-damage|p2a: Mandibuzz|27/100 tox
|move|p2a: Mandibuzz|Knock Off|p1a: Mamoswine
|-damage|p1a: Mamoswine|73/100
|-enditem|p1a: Mamoswine|Heavy-Duty Boots|[from] move: Knock Off|[of] p2a: Mandibuzz
|
|-damage|p2a: Mandibuzz|9/100 tox|[from] psn
|upkeep
|turn|25
|
|t:|1616347427
|move|p1a: Mamoswine|Ice Shard|p2a: Mandibuzz
|-supereffective|p2a: Mandibuzz
|-damage|p2a: Mandibuzz|0 fnt
|faint|p2a: Mandibuzz
|
|upkeep
|
|t:|1616347438
|switch|p2a: Urshifu|Urshifu-Rapid-Strike, M|78/100
|-damage|p2a: Urshifu|61/100|[from] Spikes
|-damage|p2a: Urshifu|55/100|[from] Stealth Rock
|turn|26
|j|+emre mor 9
|
|t:|1616347446
|switch|p1a: Skarmory|Skarmory, M|100/100
|-damage|p1a: Skarmory|88/100|[from] Stealth Rock
|move|p2a: Urshifu|Close Combat|p1a: Skarmory
|-damage|p1a: Skarmory|33/100
|-unboost|p2a: Urshifu|def|1
|-unboost|p2a: Urshifu|spd|1
|-damage|p2a: Urshifu|39/100|[from] item: Rocky Helmet|[of] p1a: Skarmory
|
|upkeep
|turn|27
|
|t:|1616347459
|move|p2a: Urshifu|Close Combat|p1a: Skarmory
|-damage|p1a: Skarmory|0 fnt
|-unboost|p2a: Urshifu|def|1
|-unboost|p2a: Urshifu|spd|1
|-damage|p2a: Urshifu|22/100|[from] item: Rocky Helmet|[of] p1a: Skarmory
|faint|p1a: Skarmory
|
|upkeep
|
|t:|1616347464
|switch|p1a: Dragapult|Dragapult, F, shiny|45/100 brn
|turn|28
|j| VannAccessible
|inactive|friedfreak has 120 seconds left.
|
|t:|1616347499
|move|p1a: Dragapult|Hex|p2a: Urshifu
|-damage|p2a: Urshifu|0 fnt
|faint|p2a: Urshifu
|
|-damage|p1a: Dragapult|39/100 brn|[from] brn
|upkeep
|inactive|friedfreak has 120 seconds left.
|j| FunInDaSun
|inactive|friedfreak has 90 seconds left.
|
|t:|1616347537
|switch|p2a: Nidoking|Nidoking, M|82/100
|-damage|p2a: Nidoking|76/100|[from] Stealth Rock
|-damage|p2a: Nidoking|60/100|[from] Spikes
|turn|29
|inactive|friedfreak has 90 seconds left.
|
|t:|1616347561
|switch|p1a: Rotom|Rotom-Heat, shiny|62/100
|-damage|p1a: Rotom|37/100|[from] Stealth Rock
|move|p2a: Nidoking|Earth Power|p1a: Rotom
|-immune|p1a: Rotom|[from] ability: Levitate
|
|upkeep
|turn|30
|
|t:|1616347575
|move|p2a: Nidoking|Sludge Wave|p1a: Rotom
|-damage|p1a: Rotom|0 fnt
|faint|p1a: Rotom
|
|upkeep
|
|t:|1616347582
|switch|p1a: Mamoswine|Mamoswine, F|73/100
|-damage|p1a: Mamoswine|48/100|[from] Spikes
|-damage|p1a: Mamoswine|35/100|[from] Stealth Rock
|turn|31
|
|t:|1616347596
|switch|p2a: Slowking|Slowking, F|87/100 tox
|move|p1a: Mamoswine|Ice Shard|p2a: Slowking
|-resisted|p2a: Slowking
|-damage|p2a: Slowking|75/100 tox
|
|-damage|p2a: Slowking|69/100 tox|[from] psn
|upkeep
|turn|32
|
|t:|1616347601
|move|p1a: Mamoswine|Knock Off|p2a: Slowking
|-supereffective|p2a: Slowking
|-damage|p2a: Slowking|0 fnt
|-enditem|p2a: Slowking|Heavy-Duty Boots|[from] move: Knock Off|[of] p1a: Mamoswine
|faint|p2a: Slowking
|
|upkeep
|
|t:|1616347610
|switch|p2a: Ferrothorn|Ferrothorn, M|71/100
|-damage|p2a: Ferrothorn|54/100|[from] Spikes
|-damage|p2a: Ferrothorn|48/100|[from] Stealth Rock
|turn|33
|
|t:|1616347619
|switch|p1a: Toxapex|Toxapex, F, shiny|100/100
|-damage|p1a: Toxapex|88/100|[from] Stealth Rock
|-damage|p1a: Toxapex|64/100|[from] Spikes
|move|p2a: Ferrothorn|Body Press|p1a: Toxapex
|-resisted|p1a: Toxapex
|-damage|p1a: Toxapex|54/100
|
|-heal|p1a: Toxapex|60/100|[from] item: Black Sludge
|upkeep
|turn|34
|
|t:|1616347628
|switch|p1a: Jirachi|Jirachi|59/100
|-damage|p1a: Jirachi|53/100|[from] Stealth Rock
|-damage|p1a: Jirachi|28/100|[from] Spikes
|move|p2a: Ferrothorn|Leech Seed|p1a: Jirachi
|-start|p1a: Jirachi|move: Leech Seed
|
|-damage|p1a: Jirachi|15/100|[from] Leech Seed|[of] p2a: Ferrothorn
|-heal|p2a: Ferrothorn|62/100|[silent]
|upkeep
|turn|35
|inactive|friedfreak has 120 seconds left.
|
|t:|1616347648
|move|p1a: Jirachi|Healing Wish|p1a: Jirachi
|faint|p1a: Jirachi
|move|p2a: Ferrothorn|Leech Seed|p1: Jirachi|[notarget]
|-fail|p2a: Ferrothorn
|
|upkeep
|j| RudolphMcOrganetto
|
|t:|1616347653
|switch|p1a: Mamoswine|Mamoswine, F|35/100
|-heal|p1a: Mamoswine|100/100|[from] move: Healing Wish
|-damage|p1a: Mamoswine|76/100|[from] Spikes
|-damage|p1a: Mamoswine|63/100|[from] Stealth Rock
|turn|36
|inactive|friedfreak has 120 seconds left.
|
|t:|1616347668
|move|p1a: Mamoswine|Icicle Crash|p2a: Ferrothorn
|-damage|p2a: Ferrothorn|32/100
|move|p2a: Ferrothorn|Body Press|p1a: Mamoswine
|-supereffective|p1a: Mamoswine
|-damage|p1a: Mamoswine|0 fnt
|faint|p1a: Mamoswine
|
|upkeep
|
|t:|1616347675
|switch|p1a: Dragapult|Dragapult, F, shiny|39/100 brn
|turn|37
|
|t:|1616347679
|move|p1a: Dragapult|Hex|p2a: Ferrothorn
|-damage|p2a: Ferrothorn|8/100
|move|p2a: Ferrothorn|Knock Off|p1a: Dragapult
|-supereffective|p1a: Dragapult
|-damage|p1a: Dragapult|0 fnt
|-enditem|p1a: Dragapult|Heavy-Duty Boots|[from] move: Knock Off|[of] p2a: Ferrothorn
|faint|p1a: Dragapult
|
|upkeep
|
|t:|1616347682
|switch|p1a: Toxapex|Toxapex, F, shiny|93/100
|-damage|p1a: Toxapex|81/100|[from] Stealth Rock
|-damage|p1a: Toxapex|56/100|[from] Spikes
|turn|38
|l|+emre mor 9
|
|t:|1616347688
|move|p1a: Toxapex|Scald|p2a: Ferrothorn
|-resisted|p2a: Ferrothorn
|-damage|p2a: Ferrothorn|1/100
|-status|p2a: Ferrothorn|brn
|move|p2a: Ferrothorn|Leech Seed|p1a: Toxapex|[miss]
|-miss|p2a: Ferrothorn|p1a: Toxapex
|
|-heal|p1a: Toxapex|62/100|[from] item: Black Sludge
|-damage|p2a: Ferrothorn|0 fnt|[from] brn
|faint|p2a: Ferrothorn
|upkeep
|
|t:|1616347692
|switch|p2a: Nidoking|Nidoking, M|60/100
|-damage|p2a: Nidoking|54/100|[from] Stealth Rock
|-damage|p2a: Nidoking|37/100|[from] Spikes
|turn|39
|
|t:|1616347696
|move|p2a: Nidoking|Earth Power|p1a: Toxapex
|-supereffective|p1a: Toxapex
|-damage|p1a: Toxapex|0 fnt
|faint|p1a: Toxapex
|
|win|friedfreak
|j| trolllordee
|raw|NotPepinillo's rating: 1798 &rarr; <strong>1782</strong><br />(-16 for losing)
|raw|friedfreak's rating: 1867 &rarr; <strong>1883</strong><br />(+16 for winning)
|l|☆NotPepinillo
|l|☆friedfreak
|l| FunInDaSun
|l| RudolphMcOrganetto
|l| CptSavant
||Ladder isn't responding, score probably updated but might not have (Request timeout).
|l| Kbvhvvhh
|l| LucarioOverrated
|l| ItsTurns
|l| trolllordee
|l| xorkira
