|j|☆minimax_ai
|j|☆I0SIS
|t:|1663696045
|gametype|singles
|player|p1|minimax_ai|lusamine-nihilego|1524
|player|p2|I0SIS|170|1587
|teamsize|p1|6
|teamsize|p2|6
|gen|8
|tier|[Gen 8] OU
|rated|
|rule|Sleep Clause Mod: Limit one foe put to sleep
|rule|Species Clause: Limit one of each Pokémon
|rule|OHKO Clause: OHKO moves are banned
|rule|Evasion Items Clause: Evasion items are banned
|rule|Evasion Moves Clause: Evasion moves are banned
|rule|Endless Battle Clause: Forcing endless battles is banned
|rule|HP Percentage Mod: HP is shown in percentages
|rule|Dynamax Clause: You cannot dynamax
|clearpoke
|poke|p1|Rotom-Wash|
|poke|p1|Weavile, M|
|poke|p1|Landorus-Therian, M|
|poke|p1|Heatran, M|
|poke|p1|Tangrowth, F|
|poke|p1|Melmetal|
|poke|p2|Ferrothorn, M|
|poke|p2|Rotom-Wash|
|poke|p2|Umbreon, F|
|poke|p2|Pelipper, F|
|poke|p2|Crobat, M|
|poke|p2|Mamoswine, M|
|teampreview
|c|☆minimax_ai|hf
|inactive|Battle timer is ON: inactive players will automatically lose when time's up. (requested by minimax_ai)
|
|t:|1663696053
|start
|switch|p1a: Heatran|Heatran, M|100/100
|switch|p2a: Mamoswine|Mamoswine, M|100/100
|-item|p1a: Heatran|Air Balloon
|turn|1
|
|t:|1663696058
|switch|p2a: Rotom|Rotom-Wash, shiny|100/100
|move|p1a: Heatran|Eruption|p2a: Rotom
|-resisted|p2a: Rotom
|-damage|p2a: Rotom|59/100
|
|upkeep
|turn|2
|
|t:|1663696061
|move|p1a: Heatran|Magma Storm|p2a: Rotom|[miss]
|-miss|p1a: Heatran|p2a: Rotom
|move|p2a: Rotom|Pain Split|p1a: Heatran
|-sethp|p1a: Heatran|78/100|[from] move: Pain Split|[silent]
|-sethp|p2a: Rotom|83/100|[from] move: Pain Split
|
|upkeep
|turn|3
|
|t:|1663696062
|switch|p1a: rotomwash|Rotom-Wash|100/100
|move|p2a: Rotom|Volt Switch|p1a: rotomwash
|-damage|p1a: rotomwash|74/100
|
|t:|1663696065
|switch|p2a: Ferrothorn|Ferrothorn, M|100/100|[from]move: Volt Switch
|
|-heal|p1a: rotomwash|80/100|[from] item: Leftovers
|upkeep
|turn|4
|
|t:|1663696069
|switch|p1a: landorustherian|Landorus-Therian, M|100/100
|-ability|p1a: landorustherian|Intimidate|boost
|-unboost|p2a: Ferrothorn|atk|1
|move|p2a: Ferrothorn|Knock Off|p1a: landorustherian
|-damage|p1a: landorustherian|87/100
|-enditem|p1a: landorustherian|Leftovers|[from] move: Knock Off|[of] p2a: Ferrothorn
|
|upkeep
|turn|5
|
|t:|1663696071
|move|p1a: landorustherian|U-turn|p2a: Ferrothorn
|-damage|p2a: Ferrothorn|85/100
|-damage|p1a: landorustherian|75/100|[from] ability: Iron Barbs|[of] p2a: Ferrothorn
|
|t:|1663696071
|switch|p1a: Heatran|Heatran, M|78/100|[from]move: U-turn
|-item|p1a: Heatran|Air Balloon
|move|p2a: Ferrothorn|Leech Seed|p1a: Heatran
|-start|p1a: Heatran|move: Leech Seed
|
|-heal|p2a: Ferrothorn|91/100|[from] item: Leftovers
|-damage|p1a: Heatran|66/100|[from] Leech Seed|[of] p2a: Ferrothorn
|-heal|p2a: Ferrothorn|100/100|[silent]
|upkeep
|turn|6
|
|t:|1663696074
|switch|p2a: Rotom|Rotom-Wash, shiny|83/100
|move|p1a: Heatran|Stealth Rock|p2a: Rotom
|-sidestart|p2: I0SIS|move: Stealth Rock
|
|-damage|p1a: Heatran|53/100|[from] Leech Seed|[of] p2a: Rotom
|-heal|p2a: Rotom|96/100|[silent]
|upkeep
|turn|7
|
|t:|1663696075
|switch|p1a: rotomwash|Rotom-Wash|80/100
|move|p2a: Rotom|Defog|p1a: rotomwash
|-unboost|p1a: rotomwash|evasion|1
|-sideend|p2: I0SIS|Stealth Rock|[from] move: Defog|[of] p2a: Rotom
|
|-heal|p1a: rotomwash|86/100|[from] item: Leftovers
|upkeep
|turn|8
|
|t:|1663696077
|move|p1a: rotomwash|Thunderbolt|p2a: Rotom
|-damage|p2a: Rotom|59/100
|move|p2a: Rotom|Volt Switch|p1a: rotomwash
|-damage|p1a: rotomwash|59/100
|
|t:|1663696082
|switch|p2a: Ferrothorn|Ferrothorn, M|100/100|[from]move: Volt Switch
|
|-heal|p1a: rotomwash|66/100|[from] item: Leftovers
|upkeep
|turn|9
|
|t:|1663696084
|switch|p1a: landorustherian|Landorus-Therian, M|75/100
|-ability|p1a: landorustherian|Intimidate|boost
|-unboost|p2a: Ferrothorn|atk|1
|move|p2a: Ferrothorn|Leech Seed|p1a: landorustherian
|-start|p1a: landorustherian|move: Leech Seed
|
|-damage|p1a: landorustherian|62/100|[from] Leech Seed|[of] p2a: Ferrothorn
|upkeep
|turn|10
|
|t:|1663696087
|move|p1a: landorustherian|U-turn|p2a: Ferrothorn
|-damage|p2a: Ferrothorn|83/100
|-damage|p1a: landorustherian|50/100|[from] ability: Iron Barbs|[of] p2a: Ferrothorn
|
|t:|1663696087
|switch|p1a: Tangrowth|Tangrowth, F|100/100|[from]move: U-turn
|move|p2a: Ferrothorn|Stealth Rock|p1a: Tangrowth
|-sidestart|p1: minimax_ai|move: Stealth Rock
|
|-heal|p2a: Ferrothorn|89/100|[from] item: Leftovers
|upkeep
|turn|11
|
|t:|1663696091
|move|p1a: Tangrowth|Sleep Powder|p2a: Ferrothorn
|-immune|p2a: Ferrothorn
|move|p2a: Ferrothorn|Knock Off|p1a: Tangrowth
|-damage|p1a: Tangrowth|94/100
|-damage|p2a: Ferrothorn|73/100|[from] item: Rocky Helmet|[of] p1a: Tangrowth
|-enditem|p1a: Tangrowth|Rocky Helmet|[from] move: Knock Off|[of] p2a: Ferrothorn
|
|-heal|p2a: Ferrothorn|79/100|[from] item: Leftovers
|upkeep
|turn|12
|
|t:|1663696100
|switch|p2a: Crobat|Crobat, M|100/100
|move|p1a: Tangrowth|Giga Drain|p2a: Crobat
|-resisted|p2a: Crobat
|-damage|p2a: Crobat|91/100
|-heal|p1a: Tangrowth|98/100|[from] drain|[of] p2a: Crobat
|
|upkeep
|turn|13
|
|t:|1663696105
|switch|p1a: Melmetal|Melmetal|100/100
|-damage|p1a: Melmetal|94/100|[from] Stealth Rock
|move|p2a: Crobat|Sludge Bomb|p1a: Melmetal
|-immune|p1a: Melmetal
|
|upkeep
|turn|14
|
|t:|1663696107
|switch|p2a: Rotom|Rotom-Wash, shiny|59/100
|move|p1a: Melmetal|Thunder Punch|p2a: Rotom
|-damage|p2a: Rotom|33/100
|-damage|p1a: Melmetal|78/100|[from] item: Rocky Helmet|[of] p2a: Rotom
|
|upkeep
|turn|15
|
|t:|1663696109
|move|p2a: Rotom|Pain Split|p1a: Melmetal
|-sethp|p1a: Melmetal|50/100|[from] move: Pain Split|[silent]
|-sethp|p2a: Rotom|73/100|[from] move: Pain Split
|move|p1a: Melmetal|Ice Punch|p2a: Rotom
|-resisted|p2a: Rotom
|-damage|p2a: Rotom|60/100
|-damage|p1a: Melmetal|34/100|[from] item: Rocky Helmet|[of] p2a: Rotom
|
|upkeep
|turn|16
|
|t:|1663696112
|move|p2a: Rotom|Hydro Pump|p1a: Melmetal
|-damage|p1a: Melmetal|13/100
|move|p1a: Melmetal|Ice Punch|p2a: Rotom
|-resisted|p2a: Rotom
|-damage|p2a: Rotom|47/100
|-damage|p1a: Melmetal|0 fnt|[from] item: Rocky Helmet|[of] p2a: Rotom
|faint|p1a: Melmetal
|
|upkeep
|
|t:|1663696112
|switch|p1a: Weavile|Weavile, M|100/100
|-damage|p1a: Weavile|76/100|[from] Stealth Rock
|-ability|p1a: Weavile|Pressure
|turn|17
|
|t:|1663696121
|switch|p2a: Umbreon|Umbreon, F, shiny|100/100
|move|p1a: Weavile|Knock Off|p2a: Umbreon
|-resisted|p2a: Umbreon
|-damage|p2a: Umbreon|81/100
|-enditem|p2a: Umbreon|Leftovers|[from] move: Knock Off|[of] p1a: Weavile
|
|upkeep
|turn|18
|
|t:|1663696123
|switch|p1a: rotomwash|Rotom-Wash|66/100
|-damage|p1a: rotomwash|53/100|[from] Stealth Rock
|move|p2a: Umbreon|Wish|p2a: Umbreon
|
|-heal|p1a: rotomwash|59/100|[from] item: Leftovers
|upkeep
|turn|19
|
|t:|1663696125
|switch|p2a: Ferrothorn|Ferrothorn, M|79/100
|move|p1a: rotomwash|Nasty Plot|p1a: rotomwash
|-boost|p1a: rotomwash|spa|2
|
|-heal|p2a: Ferrothorn|100/100|[from] move: Wish|[wisher] Umbreon
|-heal|p1a: rotomwash|66/100|[from] item: Leftovers
|upkeep
|turn|20
|
|t:|1663696128
|switch|p1a: Tangrowth|Tangrowth, F|100/100
|-damage|p1a: Tangrowth|88/100|[from] Stealth Rock
|move|p2a: Ferrothorn|Leech Seed|p1a: Tangrowth
|-immune|p1a: Tangrowth
|
|upkeep
|turn|21
|
|t:|1663696132
|switch|p2a: Umbreon|Umbreon, F, shiny|81/100
|move|p1a: Tangrowth|Giga Drain|p2a: Umbreon
|-damage|p2a: Umbreon|63/100
|-heal|p1a: Tangrowth|97/100|[from] drain|[of] p2a: Umbreon
|
|upkeep
|turn|22
|
|t:|1663696133
|move|p2a: Umbreon|Wish|p2a: Umbreon
|move|p1a: Tangrowth|Sleep Powder|p2a: Umbreon
|-status|p2a: Umbreon|slp|[from] move: Sleep Powder
|
|upkeep
|turn|23
|
|t:|1663696136
|switch|p2a: Rotom|Rotom-Wash, shiny|47/100
|move|p1a: Tangrowth|Giga Drain|p2a: Rotom
|-supereffective|p2a: Rotom
|-damage|p2a: Rotom|0 fnt
|-heal|p1a: Tangrowth|100/100|[from] drain|[of] p2a: Rotom
|faint|p2a: Rotom
|
|upkeep
|
|t:|1663696140
|switch|p2a: Crobat|Crobat, M|91/100
|turn|24
|
|t:|1663696143
|switch|p1a: Heatran|Heatran, M|53/100
|-damage|p1a: Heatran|41/100|[from] Stealth Rock
|-item|p1a: Heatran|Air Balloon
|move|p2a: Crobat|Hurricane|p1a: Heatran
|-resisted|p1a: Heatran
|-damage|p1a: Heatran|14/100
|-enditem|p1a: Heatran|Air Balloon
|-damage|p2a: Crobat|81/100|[from] item: Life Orb
|
|upkeep
|turn|25
|
|t:|1663696150
|switch|p2a: Pelipper|Pelipper, F, shiny|100/100
|-weather|RainDance|[from] ability: Drizzle|[of] p2a: Pelipper
|move|p1a: Heatran|Magma Storm|p2a: Pelipper|[miss]
|-miss|p1a: Heatran|p2a: Pelipper
|
|-weather|RainDance|[upkeep]
|upkeep
|turn|26
|
|t:|1663696154
|switch|p1a: rotomwash|Rotom-Wash|66/100
|-damage|p1a: rotomwash|53/100|[from] Stealth Rock
|move|p2a: Pelipper|Weather Ball|p1a: rotomwash
|-resisted|p1a: rotomwash
|-damage|p1a: rotomwash|0 fnt
|faint|p1a: rotomwash
|
|-weather|RainDance|[upkeep]
|upkeep
|
|t:|1663696154
|switch|p1a: Tangrowth|Tangrowth, F|100/100
|-damage|p1a: Tangrowth|88/100|[from] Stealth Rock
|turn|27
|
|t:|1663696157
|switch|p1a: Heatran|Heatran, M|14/100
|-damage|p1a: Heatran|2/100|[from] Stealth Rock
|move|p2a: Pelipper|Weather Ball|p1a: Heatran
|-supereffective|p1a: Heatran
|-damage|p1a: Heatran|0 fnt
|faint|p1a: Heatran
|
|-weather|RainDance|[upkeep]
|upkeep
|
|t:|1663696157
|switch|p1a: Tangrowth|Tangrowth, F|100/100
|-damage|p1a: Tangrowth|88/100|[from] Stealth Rock
|turn|28
|
|t:|1663696162
|switch|p2a: Crobat|Crobat, M|81/100
|move|p1a: Tangrowth|Giga Drain|p2a: Crobat
|-resisted|p2a: Crobat
|-damage|p2a: Crobat|72/100
|-heal|p1a: Tangrowth|92/100|[from] drain|[of] p2a: Crobat
|
|-weather|RainDance|[upkeep]
|upkeep
|turn|29
|
|t:|1663696163
|switch|p1a: Weavile|Weavile, M|76/100
|-damage|p1a: Weavile|51/100|[from] Stealth Rock
|-ability|p1a: Weavile|Pressure
|move|p2a: Crobat|Hurricane|p1a: Weavile
|-damage|p1a: Weavile|0 fnt
|faint|p1a: Weavile
|-damage|p2a: Crobat|62/100|[from] item: Life Orb
|
|-weather|none
|upkeep
|
|t:|1663696164
|switch|p1a: landorustherian|Landorus-Therian, M|50/100
|-damage|p1a: landorustherian|38/100|[from] Stealth Rock
|-ability|p1a: landorustherian|Intimidate|boost
|-unboost|p2a: Crobat|atk|1
|turn|30
|
|t:|1663696172
|switch|p2a: Umbreon|Umbreon, F, shiny|63/100 slp
|move|p1a: landorustherian|Toxic||[still]
|-fail|p1a: landorustherian
|
|upkeep
|turn|31
|
|t:|1663696176
|move|p1a: landorustherian|Toxic||[still]
|-fail|p1a: landorustherian
|cant|p2a: Umbreon|slp
|
|upkeep
|turn|32
|
|t:|1663696177
|move|p1a: landorustherian|Toxic||[still]
|-fail|p1a: landorustherian
|cant|p2a: Umbreon|slp
|
|upkeep
|turn|33
|
|t:|1663696180
|move|p1a: landorustherian|Toxic||[still]
|-fail|p1a: landorustherian
|cant|p2a: Umbreon|slp
|
|upkeep
|turn|34
|
|t:|1663696182
|move|p1a: landorustherian|Toxic||[still]
|-fail|p1a: landorustherian
|-curestatus|p2a: Umbreon|slp|[msg]
|move|p2a: Umbreon|Wish|p2a: Umbreon
|
|upkeep
|turn|35
|
|t:|1663696184
|switch|p2a: Crobat|Crobat, M|62/100
|move|p1a: landorustherian|U-turn|p2a: Crobat
|-resisted|p2a: Crobat
|-damage|p2a: Crobat|55/100
|
|t:|1663696184
|switch|p1a: Tangrowth|Tangrowth, F|100/100|[from]move: U-turn
|-damage|p1a: Tangrowth|88/100|[from] Stealth Rock
|
|-heal|p2a: Crobat|100/100|[from] move: Wish|[wisher] Umbreon
|upkeep
|turn|36
|
|t:|1663696187
|switch|p2a: Pelipper|Pelipper, F, shiny|100/100
|-weather|RainDance|[from] ability: Drizzle|[of] p2a: Pelipper
|move|p1a: Tangrowth|Knock Off|p2a: Pelipper
|-damage|p2a: Pelipper|70/100
|-enditem|p2a: Pelipper|Choice Specs|[from] move: Knock Off|[of] p1a: Tangrowth
|
|-weather|RainDance|[upkeep]
|upkeep
|turn|37
|
|t:|1663696189
|switch|p1a: landorustherian|Landorus-Therian, M|38/100
|-damage|p1a: landorustherian|25/100|[from] Stealth Rock
|-ability|p1a: landorustherian|Intimidate|boost
|-unboost|p2a: Pelipper|atk|1
|move|p2a: Pelipper|Hurricane|p1a: landorustherian
|-damage|p1a: landorustherian|0 fnt
|faint|p1a: landorustherian
|
|-weather|RainDance|[upkeep]
|upkeep
|
|t:|1663696189
|switch|p1a: Tangrowth|Tangrowth, F|100/100
|-damage|p1a: Tangrowth|88/100|[from] Stealth Rock
|turn|38
|
|t:|1663696191
|move|p2a: Pelipper|Hurricane|p1a: Tangrowth
|-supereffective|p1a: Tangrowth
|-damage|p1a: Tangrowth|0 fnt
|faint|p1a: Tangrowth
|
|win|I0SIS
|raw|minimax_ai's rating: 1524 &rarr; <strong>1508</strong><br />(-16 for losing)
|raw|I0SIS's rating: 1587 &rarr; <strong>1603</strong><br />(+16 for winning)
|c|☆minimax_ai|gg
