|j|☆wsdfg
|j|☆Galarian Stampede
|t:|1606782378
|player|p1|wsdfg|burglar|1793
|player|p2|Galarian Stampede|265|1848
|teamsize|p1|6
|teamsize|p2|6
|gametype|singles
|gen|8
|tier|[Gen 8] OU
|rated|
|clearpoke
|poke|p1|Pheromosa|
|poke|p1|Slowbro, F|
|poke|p1|Garchomp, F|
|poke|p1|Clefable, M|
|poke|p1|Magnezone|
|poke|p1|Mandibuzz, F|
|poke|p2|Spectrier|
|poke|p2|Toxapex, F|
|poke|p2|Landorus-Therian, M|
|poke|p2|Tyranitar, F|
|poke|p2|Urshifu-*, M|
|poke|p2|Celesteela|
|rule|Sleep Clause Mod: Limit one foe put to sleep
|rule|Species Clause: Limit one of each Pokémon
|rule|OHKO Clause: OHKO moves are banned
|rule|Evasion Moves Clause: Evasion moves are banned
|rule|Endless Battle Clause: Forcing endless battles is banned
|rule|HP Percentage Mod: HP is shown in percentages
|rule|Dynamax Clause: You cannot dynamax
|teampreview
|j| AtMidnight
|j| DrPingasPotencia
|
|t:|1606782402
|start
|switch|p1a: Slowbro|Slowbro, F|100/100
|switch|p2a: Toxapex|Toxapex, F|100/100
|turn|1
|
|t:|1606782407
|move|p2a: Toxapex|Toxic Spikes|p1a: Slowbro
|-sidestart|p1: wsdfg|move: Toxic Spikes
|move|p1a: Slowbro|Future Sight|p2a: Toxapex
|-start|p1a: Slowbro|move: Future Sight
|
|upkeep
|turn|2
|j| Vessev
|
|t:|1606782414
|switch|p2a: Tyranitar|Tyranitar, F|100/100
|-weather|Sandstorm|[from] ability: Sand Stream|[of] p2a: Tyranitar
|move|p1a: Slowbro|Teleport|p1a: Slowbro
|
|t:|1606782419
|switch|p1a: Magnezone|Magnezone|100/100|[from]move: Teleport
|
|-weather|Sandstorm|[upkeep]
|upkeep
|turn|3
|
|t:|1606782425
|move|p1a: Magnezone|Flash Cannon|p2a: Tyranitar
|-supereffective|p2a: Tyranitar
|-damage|p2a: Tyranitar|18/100
|move|p2a: Tyranitar|Stealth Rock|p1a: Magnezone
|-sidestart|p1: wsdfg|move: Stealth Rock
|
|-weather|Sandstorm|[upkeep]
|-end|p2a: Tyranitar|move: Future Sight
|-immune|p2a: Tyranitar
|-heal|p2a: Tyranitar|25/100|[from] item: Leftovers
|upkeep
|turn|4
|
|t:|1606782432
|switch|p1a: Mandibuzz|Mandibuzz, F|100/100
|switch|p2a: Celesteela|Celesteela|100/100
|
|-weather|Sandstorm|[upkeep]
|upkeep
|turn|5
|
|t:|1606782438
|move|p1a: Mandibuzz|Defog|p2a: Celesteela
|-unboost|p2a: Celesteela|evasion|1
|-sideend|p1: wsdfg|Toxic Spikes|[from] move: Defog|[of] p1a: Mandibuzz
|-sideend|p1: wsdfg|Stealth Rock|[from] move: Defog|[of] p1a: Mandibuzz
|move|p2a: Celesteela|Leech Seed|p1a: Mandibuzz
|-start|p1a: Mandibuzz|move: Leech Seed
|
|-weather|Sandstorm|[upkeep]
|-damage|p1a: Mandibuzz|88/100|[from] Leech Seed|[of] p2a: Celesteela
|upkeep
|turn|6
|
|t:|1606782441
|move|p1a: Mandibuzz|Knock Off|p2a: Celesteela
|-damage|p2a: Celesteela|83/100
|-enditem|p2a: Celesteela|Leftovers|[from] move: Knock Off|[of] p1a: Mandibuzz
|move|p2a: Celesteela|Leech Seed||[still]
|-fail|p2a: Celesteela
|
|-weather|none
|-damage|p1a: Mandibuzz|76/100|[from] Leech Seed|[of] p2a: Celesteela
|-heal|p2a: Celesteela|96/100|[silent]
|upkeep
|turn|7
|
|t:|1606782445
|move|p1a: Mandibuzz|U-turn|p2a: Celesteela
|-resisted|p2a: Celesteela
|-damage|p2a: Celesteela|93/100
|
|t:|1606782447
|switch|p1a: Magnezone|Magnezone|100/100|[from]move: U-turn
|move|p2a: Celesteela|Leech Seed|p1a: Magnezone|[miss]
|-miss|p2a: Celesteela|p1a: Magnezone
|
|upkeep
|turn|8
|
|t:|1606782451
|move|p2a: Celesteela|Protect|p2a: Celesteela
|-singleturn|p2a: Celesteela|Protect
|move|p1a: Magnezone|Thunderbolt|p2a: Celesteela
|-activate|p2a: Celesteela|move: Protect
|
|upkeep
|turn|9
|
|t:|1606782453
|move|p1a: Magnezone|Thunderbolt|p2a: Celesteela
|-supereffective|p2a: Celesteela
|-damage|p2a: Celesteela|0 fnt
|faint|p2a: Celesteela
|
|upkeep
|
|t:|1606782457
|switch|p2a: Landorus|Landorus-Therian, M|100/100
|-ability|p2a: Landorus|Intimidate|boost
|-unboost|p1a: Magnezone|atk|1
|turn|10
|
|t:|1606782460
|switch|p1a: Slowbro|Slowbro, F|100/100
|move|p2a: Landorus|U-turn|p1a: Slowbro
|-supereffective|p1a: Slowbro
|-damage|p1a: Slowbro|74/100
|
|t:|1606782464
|switch|p2a: Spectrier|Spectrier|100/100|[from]move: U-turn
|
|upkeep
|turn|11
|
|t:|1606782467
|switch|p1a: Mandibuzz|Mandibuzz, F|76/100
|move|p2a: Spectrier|Will-O-Wisp|p1a: Mandibuzz
|-status|p1a: Mandibuzz|brn
|
|-damage|p1a: Mandibuzz|70/100 brn|[from] brn
|upkeep
|turn|12
|
|t:|1606782470
|switch|p2a: Tyranitar|Tyranitar, F|25/100
|-weather|Sandstorm|[from] ability: Sand Stream|[of] p2a: Tyranitar
|move|p1a: Mandibuzz|U-turn|p2a: Tyranitar
|-supereffective|p2a: Tyranitar
|-damage|p2a: Tyranitar|16/100
|
|t:|1606782479
|switch|p1a: Magnezone|Magnezone|100/100|[from]move: U-turn
|
|-weather|Sandstorm|[upkeep]
|-heal|p2a: Tyranitar|22/100|[from] item: Leftovers
|upkeep
|turn|13
|
|t:|1606782484
|switch|p2a: Landorus|Landorus-Therian, M|100/100
|-ability|p2a: Landorus|Intimidate|boost
|-unboost|p1a: Magnezone|atk|1
|move|p1a: Magnezone|Flash Cannon|p2a: Landorus
|-damage|p2a: Landorus|61/100
|
|-weather|Sandstorm|[upkeep]
|upkeep
|turn|14
|j| hailarctozolt
|
|t:|1606782495
|switch|p1a: Slowbro|Slowbro, F|100/100
|move|p2a: Landorus|U-turn|p1a: Slowbro
|-supereffective|p1a: Slowbro
|-damage|p1a: Slowbro|75/100
|
|t:|1606782497
|switch|p2a: Spectrier|Spectrier|100/100|[from]move: U-turn
|
|-weather|Sandstorm|[upkeep]
|-damage|p2a: Spectrier|94/100|[from] Sandstorm
|-damage|p1a: Slowbro|69/100|[from] Sandstorm
|upkeep
|turn|15
|
|t:|1606782500
|switch|p1a: Mandibuzz|Mandibuzz, F|70/100 brn
|move|p2a: Spectrier|Hex|p1a: Mandibuzz
|-resisted|p1a: Mandibuzz
|-damage|p1a: Mandibuzz|33/100 brn
|
|-weather|Sandstorm|[upkeep]
|-damage|p2a: Spectrier|88/100|[from] Sandstorm
|-damage|p1a: Mandibuzz|27/100 brn|[from] brn
|upkeep
|turn|16
|
|t:|1606782504
|move|p2a: Spectrier|Hex|p1a: Mandibuzz
|-resisted|p1a: Mandibuzz
|-damage|p1a: Mandibuzz|0 fnt
|faint|p1a: Mandibuzz
|-ability|p2a: Spectrier|Grim Neigh|boost
|-boost|p2a: Spectrier|spa|1
|
|-weather|none
|upkeep
|
|t:|1606782513
|switch|p1a: Garchomp|Garchomp, F|100/100
|turn|17
|
|t:|1606782528
|move|p2a: Spectrier|Hex|p1a: Garchomp
|-crit|p1a: Garchomp
|-damage|p1a: Garchomp|0 fnt
|faint|p1a: Garchomp
|-ability|p2a: Spectrier|Grim Neigh|boost
|-boost|p2a: Spectrier|spa|1
|
|upkeep
|
|t:|1606782534
|switch|p1a: Clefable|Clefable, M|100/100
|turn|18
|
|t:|1606782537
|move|p2a: Spectrier|Hex|p1a: Clefable
|-damage|p1a: Clefable|22/100
|move|p1a: Clefable|Moonblast|p2a: Spectrier
|-damage|p2a: Spectrier|53/100
|-unboost|p2a: Spectrier|spa|1
|
|-heal|p1a: Clefable|28/100|[from] item: Leftovers
|upkeep
|turn|19
|
|t:|1606782545
|move|p2a: Spectrier|Hex|p1a: Clefable
|-damage|p1a: Clefable|0 fnt
|faint|p1a: Clefable
|-ability|p2a: Spectrier|Grim Neigh|boost
|-boost|p2a: Spectrier|spa|1
|
|upkeep
|
|t:|1606782547
|switch|p1a: Magnezone|Magnezone|100/100
|turn|20
|
|t:|1606782552
|move|p2a: Spectrier|Hex|p1a: Magnezone
|-damage|p1a: Magnezone|0 fnt
|faint|p1a: Magnezone
|-ability|p2a: Spectrier|Grim Neigh|boost
|-boost|p2a: Spectrier|spa|1
|
|upkeep
|-message|wsdfg forfeited.
|
|win|Galarian Stampede
|l|☆wsdfg
|l| hailarctozolt
|l|☆Galarian Stampede
|l| DrPingasPotencia
||Ladder (probably) updated, but score could not be retrieved (Request timeout).
|l| AtMidnight
