|j|☆HikozaruGG
|j|☆Heika
|t:|1657467690
|gametype|singles
|player|p1|HikozaruGG|ash|
|player|p2|Heika|#stt4toxicboys|
|teamsize|p1|6
|teamsize|p2|6
|gen|8
|tier|[Gen 8] OU
|rated|Tournament battle
|rule|Sleep Clause Mod: Limit one foe put to sleep
|rule|Species Clause: Limit one of each Pokémon
|rule|OHKO Clause: OHKO moves are banned
|rule|Evasion Moves Clause: Evasion moves are banned
|rule|Endless Battle Clause: Forcing endless battles is banned
|rule|HP Percentage Mod: HP is shown in percentages
|rule|Dynamax Clause: You cannot dynamax
|clearpoke
|poke|p1|Tyranitar, M|
|poke|p1|Slowking, M|
|poke|p1|Landorus-Therian, M|
|poke|p1|Tapu Koko|
|poke|p1|Melmetal|
|poke|p1|Tornadus-Therian, M|
|poke|p2|Victini|
|poke|p2|Garchomp, F|
|poke|p2|Rotom-Wash|
|poke|p2|Heatran, F|
|poke|p2|Tornadus-Therian, M|
|poke|p2|Zeraora|
|teampreview
|inactive|Battle timer is ON: inactive players will automatically lose when time's up. (requested by HikozaruGG)
|c|☆Heika|hf
|c|☆HikozaruGG|hf
|j| Les2BG
|j| Kaidesauce
|l| Les2BG
|c| Kaidesauce|Heika le bosssssss!
|inactive|HikozaruGG has 120 seconds left.
|
|t:|1657467720
|start
|switch|p1a: Joey|Slowking, M, shiny|100/100
|switch|p2a: Victini|Victini|100/100
|turn|1
|
|t:|1657467727
|move|p2a: Victini|Bolt Strike|p1a: Joey
|-supereffective|p1a: Joey
|-damage|p1a: Joey|28/100
|move|p1a: Joey|Teleport|p1a: Joey
|
|t:|1657467729
|switch|p1a: Bob|Tyranitar, M|100/100|[from]move: Teleport
|-weather|Sandstorm|[from] ability: Sand Stream|[of] p1a: Bob
|
|-weather|Sandstorm|[upkeep]
|-damage|p2a: Victini|94/100|[from] Sandstorm
|upkeep
|turn|2
|
|t:|1657467745
|move|p2a: Victini|U-turn|p1a: Bob
|-supereffective|p1a: Bob
|-damage|p1a: Bob|65/100
|
|t:|1657467757
|switch|p2a: Garchomp|Garchomp, F|100/100|[from]move: U-turn
|move|p1a: Bob|Crunch|p2a: Garchomp
|-damage|p2a: Garchomp|26/100
|-damage|p1a: Bob|52/100|[from] ability: Rough Skin|[of] p2a: Garchomp
|
|-weather|Sandstorm|[upkeep]
|-heal|p2a: Garchomp|32/100|[from] item: Leftovers
|upkeep
|turn|3
|
|t:|1657467768
|switch|p1a: Marky|Tornadus-Therian, M|100/100
|move|p2a: Garchomp|Swords Dance|p2a: Garchomp
|-boost|p2a: Garchomp|atk|2
|
|-weather|Sandstorm|[upkeep]
|-damage|p1a: Marky|94/100|[from] Sandstorm
|-heal|p2a: Garchomp|39/100|[from] item: Leftovers
|upkeep
|turn|4
|j|@Givra no bi ☯
|
|t:|1657467792
|switch|p2a: Heatran|Heatran, F|100/100
|move|p1a: Marky|U-turn|p2a: Heatran
|-resisted|p2a: Heatran
|-crit|p2a: Heatran
|-damage|p2a: Heatran|96/100
|
|t:|1657467795
|switch|p1a: Oggy|Landorus-Therian, M, shiny|100/100|[from]move: U-turn
|-ability|p1a: Oggy|Intimidate|boost
|-unboost|p2a: Heatran|atk|1
|
|-weather|Sandstorm|[upkeep]
|-heal|p2a: Heatran|100/100|[from] item: Leftovers
|upkeep
|turn|5
|j| NUUL anna
|
|t:|1657467804
|move|p1a: Oggy|Earthquake|p2a: Heatran
|-supereffective|p2a: Heatran
|-damage|p2a: Heatran|0 fnt
|faint|p2a: Heatran
|
|-weather|none
|upkeep
|
|t:|1657467809
|switch|p2a: Garchomp|Garchomp, F|39/100
|turn|6
|c|☆Heika|allo le jeu
|j|+Minogod94
|l|☆Heika
|inactive|Heika disconnected and has a minute to reconnect!
|player|p2|
|j|☆Heika
|inactive|Heika reconnected and has 125 seconds left.
|player|p2|Heika|#stt4toxicboys
|inactive|Heika has 120 seconds left.
|
|t:|1657467852
|move|p2a: Garchomp|Aqua Tail|p1a: Oggy
|-supereffective|p1a: Oggy
|-damage|p1a: Oggy|42/100
|move|p1a: Oggy|Earthquake|p2a: Garchomp
|-crit|p2a: Garchomp
|-damage|p2a: Garchomp|0 fnt
|faint|p2a: Garchomp
|
|-heal|p1a: Oggy|48/100|[from] item: Leftovers
|upkeep
|l|☆Heika
|inactive|Heika disconnected and has a minute to reconnect!
|player|p2|
|j|☆Heika
|inactive|Heika reconnected and has 105 seconds left.
|player|p2|Heika|#stt4toxicboys
|
|t:|1657467875
|switch|p2a: Victini|Victini|94/100
|turn|7
|
|t:|1657467888
|switch|p1a: Joey|Slowking, M, shiny|62/100
|move|p2a: Victini|Glaciate|p1a: Joey
|-resisted|p1a: Joey
|-damage|p1a: Joey|57/100
|-unboost|p1a: Joey|spe|1
|
|upkeep
|turn|8
|
|t:|1657467905
|switch|p1a: Marky|Tornadus-Therian, M|100/100
|move|p2a: Victini|Bolt Strike|p1a: Marky
|-supereffective|p1a: Marky
|-damage|p1a: Marky|30/100
|
|upkeep
|turn|9
|l| NUUL anna
|inactive|Heika has 120 seconds left.
|
|t:|1657467910
|move|p1a: Marky|Knock Off|p2a: Victini
|-supereffective|p2a: Victini
|-damage|p2a: Victini|54/100
|-enditem|p2a: Victini|Heavy-Duty Boots|[from] move: Knock Off|[of] p1a: Marky
|move|p2a: Victini|U-turn|p1a: Marky
|-resisted|p1a: Marky
|-damage|p1a: Marky|18/100
|
|t:|1657467913
|switch|p2a: Zeraora|Zeraora|100/100|[from]move: U-turn
|
|upkeep
|turn|10
|
|t:|1657467921
|switch|p1a: Deedee|Melmetal, shiny|100/100
|move|p2a: Zeraora|Knock Off|p1a: Deedee
|-crit|p1a: Deedee
|-damage|p1a: Deedee|77/100
|-enditem|p1a: Deedee|Leftovers|[from] move: Knock Off|[of] p2a: Zeraora
|
|upkeep
|turn|11
|
|t:|1657467929
|switch|p2a: Rotom|Rotom-Wash|100/100
|move|p1a: Deedee|Toxic|p2a: Rotom
|-status|p2a: Rotom|tox
|
|-damage|p2a: Rotom|94/100 tox|[from] psn
|upkeep
|turn|12
|
|t:|1657467937
|move|p1a: Deedee|Protect|p1a: Deedee
|-singleturn|p1a: Deedee|Protect
|move|p2a: Rotom|Hydro Pump|p1a: Deedee
|-activate|p1a: Deedee|move: Protect
|
|-heal|p2a: Rotom|100/100 tox|[from] item: Leftovers
|-damage|p2a: Rotom|88/100 tox|[from] psn
|upkeep
|turn|13
|
|t:|1657467941
|switch|p1a: Joey|Slowking, M, shiny|90/100
|move|p2a: Rotom|Volt Switch|p1a: Joey
|-supereffective|p1a: Joey
|-damage|p1a: Joey|57/100
|
|t:|1657467950
|switch|p2a: Victini|Victini|54/100|[from]move: Volt Switch
|
|upkeep
|turn|14
|
|t:|1657467964
|switch|p1a: Marky|Tornadus-Therian, M|52/100
|move|p2a: Victini|Bolt Strike|p1a: Marky
|-supereffective|p1a: Marky
|-crit|p1a: Marky
|-damage|p1a: Marky|0 fnt
|faint|p1a: Marky
|
|upkeep
|
|t:|1657467977
|switch|p1a: Bob|Tyranitar, M|52/100
|-weather|Sandstorm|[from] ability: Sand Stream|[of] p1a: Bob
|turn|15
|
|t:|1657467984
|move|p2a: Victini|U-turn|p1a: Bob
|-supereffective|p1a: Bob
|-damage|p1a: Bob|13/100
|
|t:|1657467991
|switch|p2a: Tornadus|Tornadus-Therian, M|100/100|[from]move: U-turn
|move|p1a: Bob|Stone Edge|p2a: Tornadus
|-supereffective|p2a: Tornadus
|-damage|p2a: Tornadus|0 fnt
|faint|p2a: Tornadus
|
|-weather|Sandstorm|[upkeep]
|upkeep
|
|t:|1657468001
|switch|p2a: Victini|Victini|54/100
|turn|16
|
|t:|1657468005
|move|p2a: Victini|Bolt Strike|p1a: Bob
|-damage|p1a: Bob|0 fnt
|faint|p1a: Bob
|
|-weather|Sandstorm|[upkeep]
|-damage|p2a: Victini|48/100|[from] Sandstorm
|upkeep
|
|t:|1657468012
|switch|p1a: Jack|Tapu Koko|100/100
|-fieldstart|move: Electric Terrain|[from] ability: Electric Surge|[of] p1a: Jack
|turn|17
|
|t:|1657468037
|move|p1a: Jack|Volt Switch|p2a: Victini
|-damage|p2a: Victini|0 fnt
|faint|p2a: Victini
|
|t:|1657468045
|switch|p1a: Deedee|Melmetal, shiny|77/100|[from]move: Volt Switch
|
|-weather|Sandstorm|[upkeep]
|upkeep
|
|t:|1657468049
|switch|p2a: Rotom|Rotom-Wash|88/100 tox
|turn|18
|
|t:|1657468056
|move|p1a: Deedee|Protect|p1a: Deedee
|-singleturn|p1a: Deedee|Protect
|move|p2a: Rotom|Hydro Pump|p1a: Deedee
|-activate|p1a: Deedee|move: Protect
|
|-weather|Sandstorm|[upkeep]
|-damage|p2a: Rotom|82/100 tox|[from] Sandstorm
|-heal|p2a: Rotom|88/100 tox|[from] item: Leftovers
|-damage|p2a: Rotom|82/100 tox|[from] psn
|upkeep
|turn|19
|l| Kaidesauce
|
|t:|1657468063
|switch|p1a: Joey|Slowking, M, shiny|90/100
|move|p2a: Rotom|Hydro Pump|p1a: Joey
|-resisted|p1a: Joey
|-damage|p1a: Joey|77/100
|
|-weather|none
|-heal|p2a: Rotom|88/100 tox|[from] item: Leftovers
|-damage|p2a: Rotom|75/100 tox|[from] psn
|upkeep
|turn|20
|
|t:|1657468071
|move|p2a: Rotom|Toxic|p1a: Joey
|-status|p1a: Joey|tox
|move|p1a: Joey|Teleport|p1a: Joey
|
|t:|1657468078
|switch|p1a: Jack|Tapu Koko|100/100|[from]move: Teleport
|
|-heal|p2a: Rotom|82/100 tox|[from] item: Leftovers
|-damage|p2a: Rotom|63/100 tox|[from] psn
|upkeep
|turn|21
|j| Les2BG
|l| Les2BG
|
|t:|1657468084
|move|p1a: Jack|Dazzling Gleam|p2a: Rotom
|-damage|p2a: Rotom|20/100 tox
|move|p2a: Rotom|Pain Split|p1a: Jack
|-sethp|p1a: Jack|61/100|[from] move: Pain Split|[silent]
|-sethp|p2a: Rotom|56/100 tox|[from] move: Pain Split
|
|-heal|p2a: Rotom|62/100 tox|[from] item: Leftovers
|-damage|p2a: Rotom|37/100 tox|[from] psn
|-fieldend|move: Electric Terrain
|upkeep
|turn|22
|
|t:|1657468088
|switch|p2a: Zeraora|Zeraora|100/100
|move|p1a: Jack|Dazzling Gleam|p2a: Zeraora
|-damage|p2a: Zeraora|34/100
|
|upkeep
|turn|23
|
|t:|1657468093
|switch|p1a: Oggy|Landorus-Therian, M, shiny|48/100
|-ability|p1a: Oggy|Intimidate|boost
|-unboost|p2a: Zeraora|atk|1
|move|p2a: Zeraora|Plasma Fists|p1a: Oggy
|-immune|p1a: Oggy
|
|-heal|p1a: Oggy|54/100|[from] item: Leftovers
|upkeep
|turn|24
|
|t:|1657468099
|move|p2a: Zeraora|Knock Off|p1a: Oggy
|-damage|p1a: Oggy|36/100
|-enditem|p1a: Oggy|Leftovers|[from] move: Knock Off|[of] p2a: Zeraora
|move|p1a: Oggy|U-turn|p2a: Zeraora
|-crit|p2a: Zeraora
|-damage|p2a: Zeraora|0 fnt
|faint|p2a: Zeraora
|
|t:|1657468107
|switch|p1a: Jack|Tapu Koko|61/100|[from]move: U-turn
|-fieldstart|move: Electric Terrain|[from] ability: Electric Surge|[of] p1a: Jack
|
|upkeep
|c|☆HikozaruGG|gg
|c|☆Heika|gg
|
|t:|1657468113
|switch|p2a: Rotom|Rotom-Wash|37/100 tox
|turn|25
|
|t:|1657468114
|move|p1a: Jack|Thunderbolt|p2a: Rotom
|-damage|p2a: Rotom|0 fnt
|faint|p2a: Rotom
|
|win|HikozaruGG
|n|☆HikozaruGG|hikozarugg
|n| Givra no bi ☯|givranobi
|n| Minogod94|minogod94
|n|☆Heika|heika
