|j|☆SetsuStsna
|j|☆asfsfg
|inactive|Battle timer is ON: inactive players will automatically lose when time's up.
|t:|1650904171
|gametype|singles
|player|p1|SetsuStsna|dawn-gen4pt|
|player|p2|asfsfg|102|
|teamsize|p1|6
|teamsize|p2|6
|gen|8
|tier|[Gen 8] OU
|rated|Tournament battle
|rule|Sleep Clause Mod: Limit one foe put to sleep
|rule|Species Clause: Limit one of each Pokémon
|rule|OHKO Clause: OHKO moves are banned
|rule|Evasion Moves Clause: Evasion moves are banned
|rule|Endless Battle Clause: Forcing endless battles is banned
|rule|HP Percentage Mod: HP is shown in percentages
|rule|Dynamax Clause: You cannot dynamax
|clearpoke
|poke|p1|Mew|
|poke|p1|Ninetales-Alola, M|
|poke|p1|Barbaracle, M|
|poke|p1|Kommo-o, M|
|poke|p1|Polteageist|
|poke|p1|Slowbro-Galar, M|
|poke|p2|Toxtricity, M|
|poke|p2|Gastrodon, M|
|poke|p2|Clefable, M|
|poke|p2|Ferrothorn, M|
|poke|p2|Kartana|
|poke|p2|Dragonite, M|
|teampreview
|j| Spookry
|j| innova + mania
|c|☆asfsfg|hf
|inactive|SetsuStsna has 120 seconds left.
|c| Spookry|Setsu what is that team?
|c|☆SetsuStsna|stole it
|
|t:|1650904226
|start
|switch|p1a: Mew|Mew|100/100
|switch|p2a: Kartana|Kartana|100/100
|turn|1
|j| fRuItY iS cOoL 423
|c|☆SetsuStsna|why do i get 6-0 by kartana? idk
|c| innova + mania|slowbro galar
|c| innova + mania|good mon
|
|t:|1650904254
|move|p2a: Kartana|Knock Off|p1a: Mew
|-supereffective|p1a: Mew
|-enditem|p1a: Mew|Colbur Berry|[eat]
|-enditem|p1a: Mew|Colbur Berry|[weaken]
|-damage|p1a: Mew|47/100
|-damage|p2a: Kartana|91/100|[from] item: Life Orb
|move|p1a: Mew|Close Combat|p2a: Kartana
|-supereffective|p2a: Kartana
|-damage|p2a: Kartana|26/100
|-unboost|p1a: Mew|def|1
|-unboost|p1a: Mew|spd|1
|
|upkeep
|turn|2
|c| innova + mania|you dont hello
|c| Spookry|Ho be like
|c| innova + mania|is it not quick draw
|c| innova + mania|bro
|
|t:|1650904267
|move|p2a: Kartana|Leaf Blade|p1a: Mew
|-crit|p1a: Mew
|-damage|p1a: Mew|0 fnt
|faint|p1a: Mew
|-ability|p2a: Kartana|Beast Boost|boost
|-boost|p2a: Kartana|atk|1
|-damage|p2a: Kartana|16/100|[from] item: Life Orb
|
|upkeep
|c|☆SetsuStsna|great now what do i do
|
|t:|1650904277
|switch|p1a: Ninetales|Ninetales-Alola, M|100/100
|-weather|Hail|[from] ability: Snow Warning|[of] p1a: Ninetales
|turn|3
|c| fRuItY iS cOoL 423|u dont get 6-0ed by kart
|c| fRuItY iS cOoL 423|u got kommo o right there
|j| sound of the wind
|
|t:|1650904289
|move|p1a: Ninetales|Aurora Veil|p1a: Ninetales
|-sidestart|p1: SetsuStsna|move: Aurora Veil
|move|p2a: Kartana|Leaf Blade|p1a: Ninetales
|-damage|p1a: Ninetales|25/100
|-damage|p2a: Kartana|7/100|[from] item: Life Orb
|
|-weather|Hail|[upkeep]
|-damage|p2a: Kartana|0 fnt|[from] Hail
|faint|p2a: Kartana
|upkeep
|c|☆SetsuStsna|goat
|
|t:|1650904297
|switch|p2a: Toxtricity|Toxtricity, M|100/100
|turn|4
|c| innova + mania|speed tie
|c| innova + mania|won
|c|☆SetsuStsna|bro idk if kart has
|c|☆SetsuStsna|aerial ace
|c| fRuItY iS cOoL 423|he doesnt
|c| Spookry|Nah it doesn't
|c| fRuItY iS cOoL 423|he is tryhard
|
|t:|1650904314
|move|p1a: Ninetales|Freeze-Dry|p2a: Toxtricity
|-damage|p2a: Toxtricity|65/100
|-status|p2a: Toxtricity|frz
|cant|p2a: Toxtricity|frz
|
|-weather|Hail|[upkeep]
|-damage|p2a: Toxtricity|59/100 frz|[from] Hail
|upkeep
|turn|5
|c| Spookry|Yo
|c| fRuItY iS cOoL 423|oh
|
|t:|1650904321
|switch|p2a: Ferrothorn|Ferrothorn, M|100/100
|move|p1a: Ninetales|Freeze-Dry|p2a: Ferrothorn
|-damage|p2a: Ferrothorn|84/100
|-status|p2a: Ferrothorn|frz
|
|-weather|Hail|[upkeep]
|-damage|p2a: Ferrothorn|78/100 frz|[from] Hail
|-heal|p2a: Ferrothorn|84/100 frz|[from] item: Leftovers
|upkeep
|turn|6
|c|☆SetsuStsna|im so good
|c|☆asfsfg|ok
|c|☆SetsuStsna|W
|c| fRuItY iS cOoL 423|OHH
|c| innova + mania|WOW
|
|t:|1650904330
|switch|p1a: Barbaracle|Barbaracle, M|100/100
|switch|p2a: Clefable|Clefable, M|100/100
|
|-weather|Hail|[upkeep]
|-damage|p1a: Barbaracle|95/100|[from] Hail
|upkeep
|turn|7
|c| Spookry|Mod benefits?
|
|t:|1650904336
|switch|p2a: Gastrodon|Gastrodon, M|100/100
|move|p1a: Barbaracle|Shell Smash|p1a: Barbaracle
|-unboost|p1a: Barbaracle|def|1
|-unboost|p1a: Barbaracle|spd|1
|-boost|p1a: Barbaracle|atk|2
|-boost|p1a: Barbaracle|spa|2
|-boost|p1a: Barbaracle|spe|2
|
|-weather|none
|upkeep
|turn|8
|
|t:|1650904340
|move|p1a: Barbaracle|Cross Chop|p2a: Gastrodon
|-damage|p2a: Gastrodon|58/100
|-damage|p1a: Barbaracle|78/100|[from] item: Rocky Helmet|[of] p2a: Gastrodon
|move|p2a: Gastrodon|Earth Power|p1a: Barbaracle
|-supereffective|p1a: Barbaracle
|-crit|p1a: Barbaracle
|-damage|p1a: Barbaracle|0 fnt
|faint|p1a: Barbaracle
|
|upkeep
|c| fRuItY iS cOoL 423|he is voice
|c|☆SetsuStsna|?
|c| fRuItY iS cOoL 423|not close to mod
|c|☆SetsuStsna|that's it?
|c|☆SetsuStsna|42?
|c| fRuItY iS cOoL 423|she*
|c| innova + mania|42
|c|☆asfsfg|mhm
|c|☆SetsuStsna|fruity
|c| innova + mania|LMAO
|c|☆SetsuStsna|this is the 100040984948408th time
|c|☆SetsuStsna|i tell you im a girl
|c| fRuItY iS cOoL 423|i will not repeat the mistake
|c| fRuItY iS cOoL 423|sorry
|c|☆asfsfg|good to know
|inactive|SetsuStsna has 120 seconds left.
|
|t:|1650904378
|switch|p1a: Slowbro|Slowbro-Galar, M|100/100
|turn|9
|
|t:|1650904383
|move|p2a: Gastrodon|Scald|p1a: Slowbro
|-damage|p1a: Slowbro|86/100
|move|p1a: Slowbro|Belly Drum|p1a: Slowbro
|-damage|p1a: Slowbro|36/100
|-setboost|p1a: Slowbro|atk|6|[from] move: Belly Drum
|
|upkeep
|turn|10
|c| Spookry|Nah I think you're secretly a genderless starfish
|-activate|p1a: Slowbro|ability: Quick Draw
|
|t:|1650904388
|move|p1a: Slowbro|Drain Punch|p2a: Gastrodon
|-damage|p2a: Gastrodon|0 fnt
|-heal|p1a: Slowbro|68/100|[from] drain|[of] p2a: Gastrodon
|-damage|p1a: Slowbro|51/100|[from] item: Rocky Helmet|[of] p2a: Gastrodon
|faint|p2a: Gastrodon
|
|-sideend|p1: SetsuStsna|move: Aurora Veil
|upkeep
|c| fRuItY iS cOoL 423|fuck em up
|c| innova + mania|IN
|c| fRuItY iS cOoL 423|gg
|
|t:|1650904396
|switch|p2a: Dragonite|Dragonite, M|100/100
|turn|11
|
|t:|1650904399
|move|p2a: Dragonite|Heal Bell|p2a: Dragonite
|-activate|p2a: Dragonite|move: Heal Bell
|-curestatus|p2: Ferrothorn|frz|[msg]
|-curestatus|p2: Toxtricity|frz|[msg]
|move|p1a: Slowbro|Shell Side Arm|p2a: Dragonite|[anim] Shell Side Arm Physical
|-damage|p2a: Dragonite|18/100
|-hint|Physical Shell Side Arm
|
|upkeep
|turn|12
|-activate|p1a: Slowbro|ability: Quick Draw
|
|t:|1650904402
|move|p1a: Slowbro|Drain Punch|p2a: Dragonite
|-resisted|p2a: Dragonite
|-damage|p2a: Dragonite|0 fnt
|-heal|p1a: Slowbro|60/100|[from] drain|[of] p2a: Dragonite
|faint|p2a: Dragonite
|
|upkeep
|
|t:|1650904408
|switch|p2a: Toxtricity|Toxtricity, M|59/100
|turn|13
|c| fRuItY iS cOoL 423|nice heal bell btw
|c|☆SetsuStsna|okay but
|c|☆asfsfg|ty
|c| fRuItY iS cOoL 423|one more?
|c|☆SetsuStsna|can we talk about
|c|☆SetsuStsna|shell side not killing?
|
|t:|1650904424
|move|p2a: Toxtricity|Boomburst|p1a: Slowbro
|-damage|p1a: Slowbro|0 fnt
|faint|p1a: Slowbro
|-damage|p2a: Toxtricity|49/100|[from] item: Life Orb
|
|upkeep
|c| Spookry|Multiscale
|c| Spookry|Defensive dnite
|c| fRuItY iS cOoL 423|not defensive
|c|☆asfsfg|yup
|c| fRuItY iS cOoL 423|oh
|c| fRuItY iS cOoL 423|its defensive
|inactive|SetsuStsna has 120 seconds left.
|c|☆asfsfg|tis defensive lol
|
|t:|1650904445
|switch|p1a: Ninetales|Ninetales-Alola, M|25/100
|-weather|Hail|[from] ability: Snow Warning|[of] p1a: Ninetales
|turn|14
|c| innova + mania|id assume its defensive with heal bell
|c|☆asfsfg|heatran/ferra check
|c|☆SetsuStsna|no that's just
|c|☆SetsuStsna|gbro being bad
|
|t:|1650904462
|switch|p2a: Ferrothorn|Ferrothorn, M|84/100
|move|p1a: Ninetales|Freeze-Dry|p2a: Ferrothorn
|-damage|p2a: Ferrothorn|68/100
|
|-weather|Hail|[upkeep]
|-damage|p2a: Ferrothorn|62/100|[from] Hail
|-heal|p2a: Ferrothorn|68/100|[from] item: Leftovers
|upkeep
|turn|15
|c|☆SetsuStsna|also why did gastrodon take 30? lmao
|c| innova + mania|you need to use
|
|t:|1650904474
|switch|p1a: Kommo-o|Kommo-o, M|100/100
|move|p2a: Ferrothorn|Leech Seed|p1a: Kommo-o
|-start|p1a: Kommo-o|move: Leech Seed
|
|-weather|Hail|[upkeep]
|-damage|p1a: Kommo-o|94/100|[from] Hail
|-damage|p2a: Ferrothorn|62/100|[from] Hail
|-heal|p2a: Ferrothorn|68/100|[from] item: Leftovers
|-damage|p1a: Kommo-o|82/100|[from] Leech Seed|[of] p2a: Ferrothorn
|-heal|p2a: Ferrothorn|78/100|[silent]
|upkeep
|turn|16
|c| innova + mania|the nasty plot set sestsu
|c|☆asfsfg|its bulky af
|c| innova + mania|not the bad belly drum
|
|t:|1650904482
|switch|p2a: Clefable|Clefable, M|100/100
|move|p1a: Kommo-o|Belly Drum|p1a: Kommo-o
|-damage|p1a: Kommo-o|32/100
|-setboost|p1a: Kommo-o|atk|6|[from] move: Belly Drum
|-enditem|p1a: Kommo-o|Sitrus Berry|[eat]
|-heal|p1a: Kommo-o|57/100|[from] item: Sitrus Berry
|
|-weather|Hail|[upkeep]
|-damage|p1a: Kommo-o|51/100|[from] Hail
|-damage|p1a: Kommo-o|39/100|[from] Leech Seed|[of] p2a: Clefable
|upkeep
|turn|17
|
|t:|1650904485
|move|p1a: Kommo-o|Poison Jab|p2a: Clefable
|-supereffective|p2a: Clefable
|-damage|p2a: Clefable|0 fnt
|faint|p2a: Clefable
|
|-weather|Hail|[upkeep]
|-damage|p1a: Kommo-o|32/100|[from] Hail
|upkeep
|c| fRuItY iS cOoL 423|bd is good
|
|t:|1650904489
|switch|p2a: Toxtricity|Toxtricity, M|49/100
|turn|18
|c| innova + mania|nah
|
|t:|1650904492
|move|p1a: Kommo-o|Drain Punch|p2a: Toxtricity
|-resisted|p2a: Toxtricity
|-damage|p2a: Toxtricity|0 fnt
|-heal|p1a: Kommo-o|57/100|[from] drain|[of] p2a: Toxtricity
|faint|p2a: Toxtricity
|
|-weather|none
|upkeep
|c| innova + mania|nasty plot better
|
|t:|1650904495
|switch|p2a: Ferrothorn|Ferrothorn, M|78/100
|turn|19
|c|☆asfsfg|gg
|
|t:|1650904499
|move|p1a: Kommo-o|Drain Punch|p2a: Ferrothorn
|-supereffective|p2a: Ferrothorn
|-damage|p2a: Ferrothorn|0 fnt
|-heal|p1a: Kommo-o|100/100|[from] drain|[of] p2a: Ferrothorn
|-damage|p1a: Kommo-o|88/100|[from] ability: Iron Barbs|[of] p2a: Ferrothorn
|faint|p2a: Ferrothorn
|
|win|SetsuStsna
|n|☆SetsuStsna|setsustsna
|n|☆asfsfg|asfsfg
|n| Spookry|spookry
|n| innova + mania|innovamania
|n| fRuItY iS cOoL 423|fruityiscool423
|n| sound of the wind|soundofthewind
|l| sound of the wind
|c|☆SetsuStsna|sorry bro
|l|☆asfsfg
|c| fRuItY iS cOoL 423|bd isnt walled by anything but
|c|☆SetsuStsna|that was
|c|☆SetsuStsna|a very bg
|c|☆SetsuStsna|lmao
