|j|☆Death Silhouette
|j|☆Mel2345
|t:|1645009735
|gametype|singles
|player|p1|Death Silhouette|petrel|1489
|player|p2|Mel2345|cheren-gen5bw2|1523
|teamsize|p1|6
|teamsize|p2|6
|gen|8
|tier|[Gen 8] OU
|rated|
|rule|Sleep Clause Mod: Limit one foe put to sleep
|rule|Species Clause: Limit one of each Pokémon
|rule|OHKO Clause: OHKO moves are banned
|rule|Evasion Moves Clause: Evasion moves are banned
|rule|Endless Battle Clause: Forcing endless battles is banned
|rule|HP Percentage Mod: HP is shown in percentages
|rule|Dynamax Clause: You cannot dynamax
|clearpoke
|poke|p1|Tyranitar, F|
|poke|p1|Weezing-Galar, M|
|poke|p1|Magnezone|
|poke|p1|Latias, F|
|poke|p1|Tapu Lele|
|poke|p1|Garchomp, M|
|poke|p2|Gengar, F|
|poke|p2|Urshifu-*, M|
|poke|p2|Blissey, F|
|poke|p2|Corviknight, M|
|poke|p2|Landorus-Therian, M|
|poke|p2|Dragapult, F|
|teampreview
|inactive|Battle timer is ON: inactive players will automatically lose when time's up. (requested by Mel2345)
|
|t:|1645009746
|start
|switch|p1a: Weezing|Weezing-Galar, M|100/100
|switch|p2a: Gengar|Gengar, F|100/100
|turn|1
|
|t:|1645009760
|switch|p1a: Tapu Lele|Tapu Lele|100/100
|-fieldstart|move: Psychic Terrain|[from] ability: Psychic Surge|[of] p1a: Tapu Lele
|move|p2a: Gengar|Substitute|p2a: Gengar
|-start|p2a: Gengar|Substitute
|-damage|p2a: Gengar|76/100
|
|-heal|p2a: Gengar|82/100|[from] item: Black Sludge
|upkeep
|turn|2
|
|t:|1645009771
|switch|p1a: Garchomp|Garchomp, M|100/100
|move|p2a: Gengar|Shadow Ball|p1a: Garchomp
|-damage|p1a: Garchomp|64/100
|
|-heal|p2a: Gengar|88/100|[from] item: Black Sludge
|upkeep
|turn|3
|
|t:|1645009776
|move|p2a: Gengar|Shadow Ball|p1a: Garchomp
|-damage|p1a: Garchomp|27/100
|move|p1a: Garchomp|Earthquake|p2a: Gengar
|-supereffective|p2a: Gengar
|-end|p2a: Gengar|Substitute
|
|-heal|p2a: Gengar|94/100|[from] item: Black Sludge
|upkeep
|turn|4
|
|t:|1645009783
|switch|p1a: Tyranitar|Tyranitar, F|100/100
|-weather|Sandstorm|[from] ability: Sand Stream|[of] p1a: Tyranitar
|move|p2a: Gengar|Substitute|p2a: Gengar
|-start|p2a: Gengar|Substitute
|-damage|p2a: Gengar|69/100
|
|-weather|Sandstorm|[upkeep]
|-damage|p2a: Gengar|63/100|[from] Sandstorm
|-heal|p2a: Gengar|69/100|[from] item: Black Sludge
|upkeep
|turn|5
|
|t:|1645009786
|move|p2a: Gengar|Focus Blast|p1a: Tyranitar
|-supereffective|p1a: Tyranitar
|-damage|p1a: Tyranitar|0 fnt
|faint|p1a: Tyranitar
|
|-weather|Sandstorm|[upkeep]
|-damage|p2a: Gengar|63/100|[from] Sandstorm
|-heal|p2a: Gengar|69/100|[from] item: Black Sludge
|-fieldend|move: Psychic Terrain
|upkeep
|
|t:|1645009792
|switch|p1a: Latias|Latias, F|100/100
|turn|6
|
|t:|1645009797
|move|p1a: Latias|Calm Mind|p1a: Latias
|-boost|p1a: Latias|spa|1
|-boost|p1a: Latias|spd|1
|move|p2a: Gengar|Shadow Ball|p1a: Latias
|-supereffective|p1a: Latias
|-damage|p1a: Latias|54/100
|-unboost|p1a: Latias|spd|1
|
|-weather|Sandstorm|[upkeep]
|-damage|p2a: Gengar|63/100|[from] Sandstorm
|-damage|p1a: Latias|48/100|[from] Sandstorm
|-heal|p2a: Gengar|69/100|[from] item: Black Sludge
|upkeep
|turn|7
|
|t:|1645009803
|move|p2a: Gengar|Shadow Ball|p1a: Latias
|-supereffective|p1a: Latias
|-damage|p1a: Latias|0 fnt
|faint|p1a: Latias
|
|-weather|Sandstorm|[upkeep]
|-damage|p2a: Gengar|63/100|[from] Sandstorm
|-heal|p2a: Gengar|69/100|[from] item: Black Sludge
|upkeep
|
|t:|1645009809
|switch|p1a: Tapu Lele|Tapu Lele|100/100
|-fieldstart|move: Psychic Terrain|[from] ability: Psychic Surge|[of] p1a: Tapu Lele
|turn|8
|
|t:|1645009813
|move|p1a: Tapu Lele|Psyshock|p2a: Gengar
|-supereffective|p2a: Gengar
|-end|p2a: Gengar|Substitute
|move|p2a: Gengar|Shadow Ball|p1a: Tapu Lele
|-supereffective|p1a: Tapu Lele
|-damage|p1a: Tapu Lele|4/100
|
|-weather|none
|-heal|p2a: Gengar|75/100|[from] item: Black Sludge
|upkeep
|turn|9
|
|t:|1645009834
|switch|p2a: Corviknight|Corviknight, M|100/100
|-ability|p2a: Corviknight|Pressure
|move|p1a: Tapu Lele|Psyshock|p2a: Corviknight
|-resisted|p2a: Corviknight
|-damage|p2a: Corviknight|83/100
|
|upkeep
|turn|10
|c|☆Death Silhouette|Sub genegar is really good
|
|t:|1645009847
|switch|p1a: Magnezone|Magnezone|100/100
|move|p2a: Corviknight|U-turn|p1a: Magnezone
|-resisted|p1a: Magnezone
|-damage|p1a: Magnezone|93/100
|c|☆Mel2345|yes
|c|☆Mel2345|it's a formidable wallbreaker
|
|t:|1645009867
|switch|p2a: Urshifu|Urshifu-Rapid-Strike, M|100/100|[from]move: U-turn
|
|-heal|p1a: Magnezone|99/100|[from] item: Leftovers
|upkeep
|turn|11
|c|☆Death Silhouette|Is that move sludge wave?
|
|t:|1645009882
|switch|p1a: Garchomp|Garchomp, M|27/100
|move|p2a: Urshifu|Close Combat|p1a: Garchomp
|-damage|p1a: Garchomp|0 fnt
|-unboost|p2a: Urshifu|def|1
|-unboost|p2a: Urshifu|spd|1
|-damage|p2a: Urshifu|88/100|[from] ability: Rough Skin|[of] p1a: Garchomp
|-damage|p2a: Urshifu|72/100|[from] item: Rocky Helmet|[of] p1a: Garchomp
|faint|p1a: Garchomp
|
|upkeep
|
|t:|1645009891
|switch|p1a: Tapu Lele|Tapu Lele|4/100
|turn|12
|c|☆Mel2345|!showset 1
|c| Mel2345|/raw <div class="infobox">Gengar @ Black Sludge  <br />Ability: Cursed Body  <br />EVs: 252 SpA &#x2f; 4 SpD &#x2f; 252 Spe  <br />Timid Nature  <br />- Substitute  <br />- Nasty Plot  <br />- Shadow Ball  <br />- Focus Blast  <br /><br /></div>
|
|t:|1645009897
|switch|p2a: Corviknight|Corviknight, M|83/100
|-ability|p2a: Corviknight|Pressure
|move|p1a: Tapu Lele|Thunderbolt|p2a: Corviknight
|-supereffective|p2a: Corviknight
|-damage|p2a: Corviknight|24/100
|
|-fieldend|move: Psychic Terrain
|upkeep
|turn|13
|
|t:|1645009900
|switch|p2a: Landorus|Landorus-Therian, M|100/100
|-ability|p2a: Landorus|Intimidate|boost
|-unboost|p1a: Tapu Lele|atk|1
|move|p1a: Tapu Lele|Thunderbolt|p2a: Landorus
|-immune|p2a: Landorus
|
|upkeep
|turn|14
|
|t:|1645009904
|switch|p1a: Weezing|Weezing-Galar, M|100/100
|move|p2a: Landorus|Stealth Rock|p1a: Weezing
|-sidestart|p1: Death Silhouette|move: Stealth Rock
|
|upkeep
|turn|15
|c|☆Death Silhouette|That's nasty
|c|☆Death Silhouette|Gg
|c|☆Mel2345|gg
|c|☆Death Silhouette|Think Amma make a team around it
|inactive|Death Silhouette has 120 seconds left.
|
|t:|1645009937
|move|p2a: Landorus|U-turn|p1a: Weezing
|-resisted|p1a: Weezing
|-damage|p1a: Weezing|97/100
|
|t:|1645009941
|switch|p2a: Gengar|Gengar, F|75/100|[from]move: U-turn
|move|p1a: Weezing|Defog|p2a: Gengar
|-unboost|p2a: Gengar|evasion|1
|-sideend|p1: Death Silhouette|Stealth Rock|[from] move: Defog|[of] p1a: Weezing
|
|-heal|p2a: Gengar|81/100|[from] item: Black Sludge
|-heal|p1a: Weezing|100/100|[from] item: Black Sludge
|upkeep
|turn|16
|
|t:|1645009946
|switch|p1a: Tapu Lele|Tapu Lele|4/100
|-fieldstart|move: Psychic Terrain|[from] ability: Psychic Surge|[of] p1a: Tapu Lele
|move|p2a: Gengar|Substitute|p2a: Gengar
|-start|p2a: Gengar|Substitute
|-damage|p2a: Gengar|56/100
|
|-heal|p2a: Gengar|63/100|[from] item: Black Sludge
|upkeep
|turn|17
|
|t:|1645009950
|move|p1a: Tapu Lele|Psyshock|p2a: Gengar
|-supereffective|p2a: Gengar
|-end|p2a: Gengar|Substitute
|move|p2a: Gengar|Shadow Ball|p1a: Tapu Lele
|-supereffective|p1a: Tapu Lele
|-damage|p1a: Tapu Lele|0 fnt
|faint|p1a: Tapu Lele
|
|-heal|p2a: Gengar|69/100|[from] item: Black Sludge
|upkeep
|
|t:|1645009953
|switch|p1a: Magnezone|Magnezone|99/100
|turn|18
|
|t:|1645009957
|move|p2a: Gengar|Focus Blast|p1a: Magnezone
|-supereffective|p1a: Magnezone
|-damage|p1a: Magnezone|0 fnt
|faint|p1a: Magnezone
|
|-heal|p2a: Gengar|75/100|[from] item: Black Sludge
|upkeep
|
|t:|1645009961
|switch|p1a: Weezing|Weezing-Galar, M|100/100
|turn|19
|-message|Death Silhouette forfeited.
|
|win|Mel2345
|raw|Death Silhouette's rating: 1489 &rarr; <strong>1471</strong><br />(-18 for losing)
|raw|Mel2345's rating: 1523 &rarr; <strong>1541</strong><br />(+18 for winning)
|l|☆Death Silhouette
