|j|☆someidiot19
|j|☆Zxkdon
|t:|1664858987
|gametype|singles
|player|p1|someidiot19|teacher-gen2|1540
|player|p2|Zxkdon|dawn|1537
|teamsize|p1|6
|teamsize|p2|6
|gen|8
|tier|[Gen 8] OU
|rated|
|rule|Sleep Clause Mod: Limit one foe put to sleep
|rule|Species Clause: Limit one of each Pokémon
|rule|OHKO Clause: OHKO moves are banned
|rule|Evasion Items Clause: Evasion items are banned
|rule|Evasion Moves Clause: Evasion moves are banned
|rule|Endless Battle Clause: Forcing endless battles is banned
|rule|HP Percentage Mod: HP is shown in percentages
|rule|Dynamax Clause: You cannot dynamax
|clearpoke
|poke|p1|Kommo-o, F|
|poke|p1|Urshifu-*, M|
|poke|p1|Cobalion|
|poke|p1|Conkeldurr, M|
|poke|p1|Zapdos-Galar|
|poke|p1|Lucario, F|
|poke|p2|Garchomp, M|
|poke|p2|Tapu Fini|
|poke|p2|Ferrothorn, F|
|poke|p2|Heatran, M|
|poke|p2|Zapdos|
|poke|p2|Weavile, M|
|teampreview
|inactive|Battle timer is ON: inactive players will automatically lose when time's up. (requested by someidiot19)
|
|t:|1664859015
|start
|switch|p1a: Lele check|Cobalion|100/100
|switch|p2a: Zapdos|Zapdos|100/100
|turn|1
|
|t:|1664859021
|move|p2a: Zapdos|Hurricane|p1a: Lele check
|-damage|p1a: Lele check|58/100
|move|p1a: Lele check|Stealth Rock|p2a: Zapdos
|-sidestart|p2: Zxkdon|move: Stealth Rock
|
|-heal|p1a: Lele check|64/100|[from] item: Leftovers
|upkeep
|turn|2
|
|t:|1664859027
|move|p2a: Zapdos|Hurricane|p1a: Lele check
|-damage|p1a: Lele check|25/100
|move|p1a: Lele check|Volt Switch|p2a: Zapdos
|-damage|p2a: Zapdos|86/100
|
|t:|1664859037
|switch|p1a: Lucario|Lucario, F|100/100|[from]move: Volt Switch
|
|upkeep
|turn|3
|
|t:|1664859044
|move|p1a: Lucario|Nasty Plot|p1a: Lucario
|-boost|p1a: Lucario|spa|2
|move|p2a: Zapdos|Roost|p2a: Zapdos
|-heal|p2a: Zapdos|100/100
|-singleturn|p2a: Zapdos|move: Roost
|
|upkeep
|turn|4
|
|t:|1664859052
|move|p1a: Lucario|Dark Pulse|p2a: Zapdos
|-damage|p2a: Zapdos|29/100
|-damage|p1a: Lucario|91/100|[from] item: Life Orb
|move|p2a: Zapdos|Defog|p1a: Lucario
|-unboost|p1a: Lucario|evasion|1
|-sideend|p2: Zxkdon|Stealth Rock|[from] move: Defog|[of] p2a: Zapdos
|
|upkeep
|turn|5
|
|t:|1664859060
|move|p1a: Lucario|Flash Cannon|p2a: Zapdos
|-resisted|p2a: Zapdos
|-damage|p2a: Zapdos|0 fnt
|faint|p2a: Zapdos
|-damage|p1a: Lucario|81/100|[from] item: Life Orb
|
|upkeep
|
|t:|1664859070
|switch|p2a: Tapu Fini|Tapu Fini|100/100
|-fieldstart|move: Misty Terrain|[from] ability: Misty Surge|[of] p2a: Tapu Fini
|turn|6
|
|t:|1664859085
|move|p1a: Lucario|Flash Cannon|p2a: Tapu Fini
|-damage|p2a: Tapu Fini|20/100
|-damage|p1a: Lucario|71/100|[from] item: Life Orb
|move|p2a: Tapu Fini|Scald|p1a: Lucario
|-damage|p1a: Lucario|21/100
|
|-heal|p2a: Tapu Fini|26/100|[from] item: Leftovers
|upkeep
|turn|7
|
|t:|1664859092
|move|p1a: Lucario|Flash Cannon|p2a: Tapu Fini
|-damage|p2a: Tapu Fini|0 fnt
|faint|p2a: Tapu Fini
|-damage|p1a: Lucario|12/100|[from] item: Life Orb
|
|upkeep
|
|t:|1664859097
|switch|p2a: Weavile|Weavile, M|100/100
|-ability|p2a: Weavile|Pressure
|turn|8
|
|t:|1664859101
|move|p2a: Weavile|Knock Off|p1a: Lucario
|-resisted|p1a: Lucario
|-damage|p1a: Lucario|0 fnt
|-enditem|p1a: Lucario|Life Orb|[from] move: Knock Off|[of] p2a: Weavile
|faint|p1a: Lucario
|
|upkeep
|
|t:|1664859103
|switch|p1a: Urshifu|Urshifu-Rapid-Strike, M|100/100
|turn|9
|
|t:|1664859110
|switch|p2a: Ferrothorn|Ferrothorn, F|100/100
|move|p1a: Urshifu|Close Combat|p2a: Ferrothorn
|-supereffective|p2a: Ferrothorn
|-damage|p2a: Ferrothorn|18/100
|-unboost|p1a: Urshifu|def|1
|-unboost|p1a: Urshifu|spd|1
|-activate|p2a: Ferrothorn|ability: Iron Barbs
|-activate|p1a: Urshifu|item: Protective Pads
|
|upkeep
|turn|10
|
|t:|1664859113
|move|p1a: Urshifu|Close Combat|p2a: Ferrothorn
|-supereffective|p2a: Ferrothorn
|-damage|p2a: Ferrothorn|0 fnt
|-unboost|p1a: Urshifu|def|1
|-unboost|p1a: Urshifu|spd|1
|-activate|p2a: Ferrothorn|ability: Iron Barbs
|-activate|p1a: Urshifu|item: Protective Pads
|faint|p2a: Ferrothorn
|
|-fieldend|Misty Terrain
|upkeep
|
|t:|1664859120
|switch|p2a: Garchomp|Garchomp, M|100/100
|turn|11
|
|t:|1664859126
|switch|p1a: Zapdos|Zapdos-Galar|100/100
|move|p2a: Garchomp|Earthquake|p1a: Zapdos
|-immune|p1a: Zapdos
|
|upkeep
|turn|12
|
|t:|1664859131
|move|p1a: Zapdos|Close Combat|p2a: Garchomp
|-damage|p2a: Garchomp|41/100
|-unboost|p1a: Zapdos|def|1
|-unboost|p1a: Zapdos|spd|1
|-damage|p1a: Zapdos|88/100|[from] ability: Rough Skin|[of] p2a: Garchomp
|move|p2a: Garchomp|Swords Dance|p2a: Garchomp
|-boost|p2a: Garchomp|atk|2
|
|upkeep
|turn|13
|
|t:|1664859134
|move|p1a: Zapdos|Close Combat|p2a: Garchomp
|-damage|p2a: Garchomp|0 fnt
|-unboost|p1a: Zapdos|def|1
|-unboost|p1a: Zapdos|spd|1
|-damage|p1a: Zapdos|76/100|[from] ability: Rough Skin|[of] p2a: Garchomp
|faint|p2a: Garchomp
|
|upkeep
|
|t:|1664859145
|switch|p2a: Weavile|Weavile, M|100/100
|-ability|p2a: Weavile|Pressure
|turn|14
|
|t:|1664859147
|move|p1a: Zapdos|Close Combat|p2a: Weavile
|-supereffective|p2a: Weavile
|-enditem|p2a: Weavile|Focus Sash
|-damage|p2a: Weavile|1/100
|-unboost|p1a: Zapdos|def|1
|-unboost|p1a: Zapdos|spd|1
|move|p2a: Weavile|Swords Dance|p2a: Weavile
|-boost|p2a: Weavile|atk|2
|
|upkeep
|turn|15
|
|t:|1664859150
|move|p2a: Weavile|Ice Shard|p1a: Zapdos
|-supereffective|p1a: Zapdos
|-damage|p1a: Zapdos|0 fnt
|faint|p1a: Zapdos
|
|upkeep
|
|t:|1664859152
|switch|p1a: Conkeldurr|Conkeldurr, M|100/100
|turn|16
|
|t:|1664859154
|move|p1a: Conkeldurr|Mach Punch|p2a: Weavile
|-supereffective|p2a: Weavile
|-damage|p2a: Weavile|0 fnt
|faint|p2a: Weavile
|
|-status|p1a: Conkeldurr|brn|[from] item: Flame Orb
|upkeep
|
|t:|1664859157
|switch|p2a: Heatran|Heatran, M|100/100
|-item|p2a: Heatran|Air Balloon
|turn|17
|
|t:|1664859159
|move|p1a: Conkeldurr|Mach Punch|p2a: Heatran
|-supereffective|p2a: Heatran
|-damage|p2a: Heatran|26/100
|-enditem|p2a: Heatran|Air Balloon
|move|p2a: Heatran|Eruption|p1a: Conkeldurr
|-crit|p1a: Conkeldurr
|-damage|p1a: Conkeldurr|59/100 brn
|
|-damage|p1a: Conkeldurr|53/100 brn|[from] brn
|upkeep
|turn|18
|
|t:|1664859161
|move|p1a: Conkeldurr|Mach Punch|p2a: Heatran
|-supereffective|p2a: Heatran
|-damage|p2a: Heatran|0 fnt
|faint|p2a: Heatran
|
|win|someidiot19
|raw|someidiot19's rating: 1540 &rarr; <strong>1560</strong><br />(+20 for winning)
|raw|Zxkdon's rating: 1537 &rarr; <strong>1517</strong><br />(-20 for losing)
