|j|‽yortbruz
|j|☆TESLA ROADSTER
|inactive|Battle timer is ON: inactive players will automatically lose when time's up.
|t:|1616137367
|player|p1|yortbruz|burglar-gen1|
|player|p2|TESLA ROADSTER|265|
|teamsize|p1|6
|teamsize|p2|6
|gametype|singles
|gen|8
|tier|[Gen 8] OU
|rated|Tournament battle
|clearpoke
|poke|p1|Dragapult, F|
|poke|p1|Slowking, M|
|poke|p1|Rillaboom, M|
|poke|p1|Landorus-Therian, M|
|poke|p1|Ferrothorn, M|
|poke|p1|Regieleki|
|poke|p2|Gigalith, M|
|poke|p2|Excadrill, F|
|poke|p2|Ferrothorn, F|
|poke|p2|Clefable, M|
|poke|p2|Landorus-Therian, M|
|poke|p2|Tornadus-Therian, M|
|rule|Sleep Clause Mod: Limit one foe put to sleep
|rule|Species Clause: Limit one of each Pokémon
|rule|OHKO Clause: OHKO moves are banned
|rule|Evasion Moves Clause: Evasion moves are banned
|rule|Endless Battle Clause: Forcing endless battles is banned
|rule|HP Percentage Mod: HP is shown in percentages
|rule|Dynamax Clause: You cannot dynamax
|teampreview
|j| Nesnot
|inactive|TESLA ROADSTER has 120 seconds left.
|
|t:|1616137402
|start
|switch|p1a: Landorus|Landorus-Therian, M|100/100
|switch|p2a: ROLEX|Ferrothorn, F|100/100
|-ability|p1a: Landorus|Intimidate|boost
|-unboost|p2a: ROLEX|atk|1
|turn|1
|
|t:|1616137409
|move|p1a: Landorus|Knock Off|p2a: ROLEX
|-damage|p2a: ROLEX|80/100
|-damage|p1a: Landorus|88/100|[from] ability: Iron Barbs|[of] p2a: ROLEX
|-enditem|p2a: ROLEX|Leftovers|[from] move: Knock Off|[of] p1a: Landorus
|move|p2a: ROLEX|Spikes|p1a: Landorus
|-sidestart|p1: yortbruz|Spikes
|
|-heal|p1a: Landorus|94/100|[from] item: Leftovers
|upkeep
|turn|2
|
|t:|1616137413
|move|p1a: Landorus|Stealth Rock|p2a: ROLEX
|-sidestart|p2: TESLA ROADSTER|move: Stealth Rock
|move|p2a: ROLEX|Knock Off|p1a: Landorus
|-damage|p1a: Landorus|83/100
|-enditem|p1a: Landorus|Leftovers|[from] move: Knock Off|[of] p2a: ROLEX
|
|upkeep
|turn|3
|
|t:|1616137418
|switch|p2a: PATEK PHILIPPE|Landorus-Therian, M|100/100
|-damage|p2a: PATEK PHILIPPE|88/100|[from] Stealth Rock
|-ability|p2a: PATEK PHILIPPE|Intimidate|boost
|-unboost|p1a: Landorus|atk|1
|move|p1a: Landorus|U-turn|p2a: PATEK PHILIPPE
|-resisted|p2a: PATEK PHILIPPE
|-damage|p2a: PATEK PHILIPPE|83/100
|
|t:|1616137422
|switch|p1a: Ferrothorn|Ferrothorn, M|100/100|[from]move: U-turn
|-damage|p1a: Ferrothorn|88/100|[from] Spikes
|
|-heal|p2a: PATEK PHILIPPE|90/100|[from] item: Leftovers
|-heal|p1a: Ferrothorn|94/100|[from] item: Leftovers
|upkeep
|turn|4
|
|t:|1616137439
|move|p2a: PATEK PHILIPPE|Knock Off|p1a: Ferrothorn
|-damage|p1a: Ferrothorn|73/100
|-damage|p2a: PATEK PHILIPPE|77/100|[from] ability: Iron Barbs|[of] p1a: Ferrothorn
|-enditem|p1a: Ferrothorn|Leftovers|[from] move: Knock Off|[of] p2a: PATEK PHILIPPE
|move|p1a: Ferrothorn|Knock Off|p2a: PATEK PHILIPPE
|-damage|p2a: PATEK PHILIPPE|63/100
|-enditem|p2a: PATEK PHILIPPE|Leftovers|[from] move: Knock Off|[of] p1a: Ferrothorn
|
|upkeep
|turn|5
|
|t:|1616137444
|move|p2a: PATEK PHILIPPE|Gravity|p2a: PATEK PHILIPPE
|-fieldstart|move: Gravity
|move|p1a: Ferrothorn|Leech Seed|p2a: PATEK PHILIPPE
|-start|p2a: PATEK PHILIPPE|move: Leech Seed
|
|-damage|p2a: PATEK PHILIPPE|50/100|[from] Leech Seed|[of] p1a: Ferrothorn
|-heal|p1a: Ferrothorn|86/100|[silent]
|upkeep
|turn|6
|
|t:|1616137454
|switch|p2a: AUDEMARS PIGUET|Tornadus-Therian, M|100/100
|move|p1a: Ferrothorn|Spikes|p2a: AUDEMARS PIGUET
|-sidestart|p2: TESLA ROADSTER|Spikes
|
|upkeep
|turn|7
|
|t:|1616137456
|switch|p1a: Slowking|Slowking, M|100/100
|move|p2a: AUDEMARS PIGUET|Nasty Plot|p2a: AUDEMARS PIGUET
|-boost|p2a: AUDEMARS PIGUET|spa|2
|
|upkeep
|turn|8
|
|t:|1616137461
|move|p2a: AUDEMARS PIGUET|Hurricane|p1a: Slowking
|-damage|p1a: Slowking|40/100
|move|p1a: Slowking|Slack Off|p1a: Slowking
|-heal|p1a: Slowking|90/100
|
|upkeep
|turn|9
|
|t:|1616137467
|move|p2a: AUDEMARS PIGUET|Hurricane|p1a: Slowking
|-damage|p1a: Slowking|25/100
|move|p1a: Slowking|Scald|p2a: AUDEMARS PIGUET
|-damage|p2a: AUDEMARS PIGUET|66/100
|-status|p2a: AUDEMARS PIGUET|brn
|
|-damage|p2a: AUDEMARS PIGUET|60/100 brn|[from] brn
|-fieldend|move: Gravity
|upkeep
|turn|10
|j| Kraymar
|
|t:|1616137477
|switch|p1a: Landorus|Landorus-Therian, M|83/100
|-ability|p1a: Landorus|Intimidate|boost
|-unboost|p2a: AUDEMARS PIGUET|atk|1
|move|p2a: AUDEMARS PIGUET|Focus Blast|p1a: Landorus
|-resisted|p1a: Landorus
|-damage|p1a: Landorus|46/100
|-unboost|p1a: Landorus|spd|1
|
|-damage|p2a: AUDEMARS PIGUET|54/100 brn|[from] brn
|upkeep
|turn|11
|
|t:|1616137482
|move|p2a: AUDEMARS PIGUET|Hurricane|p1a: Landorus|[miss]
|-miss|p2a: AUDEMARS PIGUET|p1a: Landorus
|move|p1a: Landorus|U-turn|p2a: AUDEMARS PIGUET
|-resisted|p2a: AUDEMARS PIGUET
|-damage|p2a: AUDEMARS PIGUET|40/100 brn
|
|t:|1616137487
|switch|p1a: Dragapult|Dragapult, F|100/100|[from]move: U-turn
|-damage|p1a: Dragapult|88/100|[from] Spikes
|
|-heal|p1a: Dragapult|94/100|[from] item: Leftovers
|-damage|p2a: AUDEMARS PIGUET|34/100 brn|[from] brn
|upkeep
|turn|12
|
|t:|1616137492
|switch|p2a: TAG HEUER|Clefable, M|100/100
|move|p1a: Dragapult|Substitute|p1a: Dragapult
|-start|p1a: Dragapult|Substitute
|-damage|p1a: Dragapult|69/100
|
|-heal|p1a: Dragapult|75/100|[from] item: Leftovers
|upkeep
|turn|13
|
|t:|1616137500
|move|p1a: Dragapult|Phantom Force||[still]
|-prepare|p1a: Dragapult|Phantom Force
|move|p2a: TAG HEUER|Moonblast|p1a: Dragapult|[miss]
|-miss|p2a: TAG HEUER|p1a: Dragapult
|
|-heal|p1a: Dragapult|81/100|[from] item: Leftovers
|upkeep
|turn|14
|
|t:|1616137502
|move|p1a: Dragapult|Phantom Force|p2a: TAG HEUER|[from]lockedmove
|-damage|p2a: TAG HEUER|61/100
|move|p2a: TAG HEUER|Moonblast|p1a: Dragapult
|-supereffective|p1a: Dragapult
|-end|p1a: Dragapult|Substitute
|
|-heal|p1a: Dragapult|87/100|[from] item: Leftovers
|-heal|p2a: TAG HEUER|67/100|[from] item: Leftovers
|upkeep
|turn|15
|
|t:|1616137512
|switch|p1a: Slowking|Slowking, M|58/100
|move|p2a: TAG HEUER|Wish|p2a: TAG HEUER
|
|-heal|p2a: TAG HEUER|73/100|[from] item: Leftovers
|upkeep
|turn|16
|
|t:|1616137524
|move|p1a: Slowking|Scald|p2a: TAG HEUER
|-damage|p2a: TAG HEUER|52/100
|move|p2a: TAG HEUER|Teleport|p2a: TAG HEUER
|
|t:|1616137529
|switch|p2a: PATEK PHILIPPE|Landorus-Therian, M|50/100|[from]move: Teleport
|-damage|p2a: PATEK PHILIPPE|38/100|[from] Stealth Rock
|-ability|p2a: PATEK PHILIPPE|Intimidate|boost
|-unboost|p1a: Slowking|atk|1
|
|-heal|p2a: PATEK PHILIPPE|90/100|[from] move: Wish|[wisher] TAG HEUER
|upkeep
|turn|17
|
|t:|1616137532
|switch|p1a: Landorus|Landorus-Therian, M|46/100
|-ability|p1a: Landorus|Intimidate|boost
|-unboost|p2a: PATEK PHILIPPE|atk|1
|move|p2a: PATEK PHILIPPE|U-turn|p1a: Landorus
|-resisted|p1a: Landorus
|-damage|p1a: Landorus|40/100
|
|t:|1616137540
|switch|p2a: AUDEMARS PIGUET|Tornadus-Therian, M|67/100 brn|[from]move: U-turn
|
|-damage|p2a: AUDEMARS PIGUET|61/100 brn|[from] brn
|upkeep
|turn|18
|
|t:|1616137555
|switch|p2a: ROLEX|Ferrothorn, F|80/100
|-damage|p2a: ROLEX|74/100|[from] Stealth Rock
|-damage|p2a: ROLEX|61/100|[from] Spikes
|switch|p1a: Slowking|Slowking, M|92/100
|
|upkeep
|turn|19
|
|t:|1616137560
|switch|p1a: Ferrothorn|Ferrothorn, M|86/100
|-damage|p1a: Ferrothorn|74/100|[from] Spikes
|move|p2a: ROLEX|Spikes|p1a: Ferrothorn
|-sidestart|p1: yortbruz|Spikes
|
|upkeep
|turn|20
|
|t:|1616137572
|switch|p2a: TAG HEUER|Clefable, M|52/100
|move|p1a: Ferrothorn|Spikes|p2a: TAG HEUER
|-sidestart|p2: TESLA ROADSTER|Spikes
|
|-heal|p2a: TAG HEUER|58/100|[from] item: Leftovers
|upkeep
|turn|21
|
|t:|1616137574
|move|p2a: TAG HEUER|Wish|p2a: TAG HEUER
|move|p1a: Ferrothorn|Knock Off|p2a: TAG HEUER
|-resisted|p2a: TAG HEUER
|-damage|p2a: TAG HEUER|49/100
|-enditem|p2a: TAG HEUER|Leftovers|[from] move: Knock Off|[of] p1a: Ferrothorn
|
|upkeep
|turn|22
|
|t:|1616137582
|move|p2a: TAG HEUER|Moonblast|p1a: Ferrothorn
|-resisted|p1a: Ferrothorn
|-damage|p1a: Ferrothorn|63/100
|move|p1a: Ferrothorn|Gyro Ball|p2a: TAG HEUER
|-supereffective|p2a: TAG HEUER
|-damage|p2a: TAG HEUER|0 fnt
|faint|p2a: TAG HEUER
|
|upkeep
|
|t:|1616137596
|switch|p2a: CARTIER|Excadrill, F|100/100
|-damage|p2a: CARTIER|84/100|[from] Spikes
|-damage|p2a: CARTIER|81/100|[from] Stealth Rock
|turn|23
|
|t:|1616137600
|switch|p1a: Landorus|Landorus-Therian, M|40/100
|-ability|p1a: Landorus|Intimidate|boost
|-unboost|p2a: CARTIER|atk|1
|move|p2a: CARTIER|Rapid Spin|p1a: Landorus
|-damage|p1a: Landorus|25/100
|-boost|p2a: CARTIER|spe|1
|-sideend|p2: TESLA ROADSTER|Spikes|[from] move: Rapid Spin|[of] p2a: CARTIER
|-sideend|p2: TESLA ROADSTER|Stealth Rock|[from] move: Rapid Spin|[of] p2a: CARTIER
|
|upkeep
|turn|24
|
|t:|1616137608
|switch|p2a: MONTBLANC|Gigalith, M|100/100
|-weather|Sandstorm|[from] ability: Sand Stream|[of] p2a: MONTBLANC
|move|p1a: Landorus|Stealth Rock|p2a: MONTBLANC
|-sidestart|p2: TESLA ROADSTER|move: Stealth Rock
|
|-weather|Sandstorm|[upkeep]
|upkeep
|turn|25
|
|t:|1616137612
|switch|p2a: PATEK PHILIPPE|Landorus-Therian, M|90/100
|-damage|p2a: PATEK PHILIPPE|77/100|[from] Stealth Rock
|-ability|p2a: PATEK PHILIPPE|Intimidate|boost
|-unboost|p1a: Landorus|atk|1
|move|p1a: Landorus|Earthquake|p2a: PATEK PHILIPPE
|-immune|p2a: PATEK PHILIPPE
|
|-weather|Sandstorm|[upkeep]
|upkeep
|turn|26
|
|t:|1616137617
|move|p1a: Landorus|U-turn|p2a: PATEK PHILIPPE
|-resisted|p2a: PATEK PHILIPPE
|-damage|p2a: PATEK PHILIPPE|72/100
|
|t:|1616137619
|switch|p1a: Ferrothorn|Ferrothorn, M|63/100|[from]move: U-turn
|-damage|p1a: Ferrothorn|46/100|[from] Spikes
|move|p2a: PATEK PHILIPPE|Gravity|p2a: PATEK PHILIPPE
|-fieldstart|move: Gravity
|
|-weather|Sandstorm|[upkeep]
|upkeep
|turn|27
|
|t:|1616137638
|move|p2a: PATEK PHILIPPE|U-turn|p1a: Ferrothorn
|-damage|p1a: Ferrothorn|31/100
|-damage|p2a: PATEK PHILIPPE|60/100|[from] ability: Iron Barbs|[of] p1a: Ferrothorn
|
|t:|1616137640
|switch|p2a: CARTIER|Excadrill, F|81/100|[from]move: U-turn
|-damage|p2a: CARTIER|78/100|[from] Stealth Rock
|move|p1a: Ferrothorn|Leech Seed|p2a: CARTIER
|-start|p2a: CARTIER|move: Leech Seed
|
|-weather|Sandstorm|[upkeep]
|-damage|p2a: CARTIER|65/100|[from] Leech Seed|[of] p1a: Ferrothorn
|-heal|p1a: Ferrothorn|44/100|[silent]
|upkeep
|turn|28
|
|t:|1616137643
|switch|p1a: Landorus|Landorus-Therian, M|25/100
|-damage|p1a: Landorus|9/100|[from] Spikes
|-ability|p1a: Landorus|Intimidate|boost
|-unboost|p2a: CARTIER|atk|1
|move|p2a: CARTIER|High Horsepower|p1a: Landorus
|-damage|p1a: Landorus|0 fnt
|faint|p1a: Landorus
|
|-weather|Sandstorm|[upkeep]
|upkeep
|j| cTEAming
|
|t:|1616137656
|switch|p1a: Rillaboom|Rillaboom, M|100/100
|-damage|p1a: Rillaboom|84/100|[from] Spikes
|-fieldstart|move: Grassy Terrain|[from] ability: Grassy Surge|[of] p1a: Rillaboom
|turn|29
|
|t:|1616137676
|switch|p2a: ROLEX|Ferrothorn, F|61/100
|-damage|p2a: ROLEX|55/100|[from] Stealth Rock
|move|p1a: Rillaboom|U-turn|p2a: ROLEX
|-damage|p2a: ROLEX|27/100
|-damage|p1a: Rillaboom|72/100|[from] ability: Iron Barbs|[of] p2a: ROLEX
|
|t:|1616137678
|switch|p1a: Ferrothorn|Ferrothorn, M|44/100|[from]move: U-turn
|-damage|p1a: Ferrothorn|27/100|[from] Spikes
|
|-weather|Sandstorm|[upkeep]
|-heal|p2a: ROLEX|33/100|[from] Grassy Terrain
|-heal|p1a: Ferrothorn|33/100|[from] Grassy Terrain
|upkeep
|turn|30
|
|t:|1616137685
|switch|p2a: CARTIER|Excadrill, F|65/100
|-damage|p2a: CARTIER|62/100|[from] Stealth Rock
|move|p1a: Ferrothorn|Spikes|p2a: CARTIER
|-sidestart|p2: TESLA ROADSTER|Spikes
|
|-weather|Sandstorm|[upkeep]
|-heal|p2a: CARTIER|68/100|[from] Grassy Terrain
|-heal|p1a: Ferrothorn|39/100|[from] Grassy Terrain
|-fieldend|move: Gravity
|upkeep
|turn|31
|
|t:|1616137692
|move|p2a: CARTIER|High Horsepower|p1a: Ferrothorn
|-damage|p1a: Ferrothorn|0 fnt
|-damage|p2a: CARTIER|56/100|[from] ability: Iron Barbs|[of] p1a: Ferrothorn
|faint|p1a: Ferrothorn
|
|-weather|none
|-heal|p2a: CARTIER|62/100|[from] Grassy Terrain
|upkeep
|
|t:|1616137695
|switch|p1a: Rillaboom|Rillaboom, M|72/100
|-damage|p1a: Rillaboom|55/100|[from] Spikes
|turn|32
|
|t:|1616137701
|switch|p2a: ROLEX|Ferrothorn, F|33/100
|-damage|p2a: ROLEX|27/100|[from] Stealth Rock
|-damage|p2a: ROLEX|15/100|[from] Spikes
|move|p1a: Rillaboom|U-turn|p2a: ROLEX
|-damage|p2a: ROLEX|0 fnt
|-damage|p1a: Rillaboom|43/100|[from] ability: Iron Barbs|[of] p2a: ROLEX
|faint|p2a: ROLEX
|
|t:|1616137705
|switch|p1a: Dragapult|Dragapult, F|87/100|[from]move: U-turn
|-damage|p1a: Dragapult|71/100|[from] Spikes
|
|-heal|p1a: Dragapult|77/100|[from] Grassy Terrain
|-heal|p1a: Dragapult|83/100|[from] item: Leftovers
|upkeep
|
|t:|1616137711
|switch|p2a: MONTBLANC|Gigalith, M|100/100
|-damage|p2a: MONTBLANC|88/100|[from] Spikes
|-damage|p2a: MONTBLANC|76/100|[from] Stealth Rock
|-weather|Sandstorm|[from] ability: Sand Stream|[of] p2a: MONTBLANC
|turn|33
|
|t:|1616137715
|switch|p1a: Slowking|Slowking, M|100/100
|move|p2a: MONTBLANC|Rock Blast|p1a: Slowking|[miss]
|-miss|p2a: MONTBLANC|p1a: Slowking
|
|-weather|Sandstorm|[upkeep]
|-damage|p1a: Slowking|94/100|[from] Sandstorm
|-heal|p2a: MONTBLANC|82/100|[from] Grassy Terrain
|-heal|p1a: Slowking|100/100|[from] Grassy Terrain
|-fieldend|move: Grassy Terrain
|upkeep
|turn|34
|
|t:|1616137739
|switch|p2a: PATEK PHILIPPE|Landorus-Therian, M|60/100
|-damage|p2a: PATEK PHILIPPE|48/100|[from] Stealth Rock
|-ability|p2a: PATEK PHILIPPE|Intimidate|boost
|-unboost|p1a: Slowking|atk|1
|move|p1a: Slowking|Scald|p2a: PATEK PHILIPPE
|-supereffective|p2a: PATEK PHILIPPE
|-damage|p2a: PATEK PHILIPPE|0 fnt
|faint|p2a: PATEK PHILIPPE
|
|-weather|Sandstorm|[upkeep]
|-damage|p1a: Slowking|94/100|[from] Sandstorm
|upkeep
|
|t:|1616137742
|switch|p2a: CARTIER|Excadrill, F|62/100
|-damage|p2a: CARTIER|59/100|[from] Stealth Rock
|-damage|p2a: CARTIER|46/100|[from] Spikes
|turn|35
|
|t:|1616137745
|move|p2a: CARTIER|Earthquake|p1a: Slowking
|-damage|p1a: Slowking|15/100
|move|p1a: Slowking|Scald|p2a: CARTIER
|-supereffective|p2a: CARTIER
|-damage|p2a: CARTIER|0 fnt
|faint|p2a: CARTIER
|
|-weather|Sandstorm|[upkeep]
|-damage|p1a: Slowking|9/100|[from] Sandstorm
|upkeep
|
|t:|1616137748
|switch|p2a: AUDEMARS PIGUET|Tornadus-Therian, M|94/100 brn
|turn|36
|
|t:|1616137752
|move|p2a: AUDEMARS PIGUET|Weather Ball|p1a: Slowking
|-damage|p1a: Slowking|0 fnt
|faint|p1a: Slowking
|
|-weather|Sandstorm|[upkeep]
|-damage|p2a: AUDEMARS PIGUET|88/100 brn|[from] Sandstorm
|-damage|p2a: AUDEMARS PIGUET|82/100 brn|[from] brn
|upkeep
|
|t:|1616137754
|switch|p1a: Regieleki|Regieleki|100/100
|turn|37
|
|t:|1616137758
|switch|p2a: MONTBLANC|Gigalith, M|82/100
|-damage|p2a: MONTBLANC|70/100|[from] Stealth Rock
|-damage|p2a: MONTBLANC|57/100|[from] Spikes
|move|p1a: Regieleki|Volt Switch|p2a: MONTBLANC
|-damage|p2a: MONTBLANC|34/100
|
|t:|1616137761
|switch|p1a: Rillaboom|Rillaboom, M|43/100|[from]move: Volt Switch
|-damage|p1a: Rillaboom|27/100|[from] Spikes
|-fieldstart|move: Grassy Terrain|[from] ability: Grassy Surge|[of] p1a: Rillaboom
|
|-weather|Sandstorm|[upkeep]
|-damage|p1a: Rillaboom|20/100|[from] Sandstorm
|-heal|p1a: Rillaboom|27/100|[from] Grassy Terrain
|-heal|p2a: MONTBLANC|40/100|[from] Grassy Terrain
|upkeep
|turn|38
|
|t:|1616137767
|switch|p2a: AUDEMARS PIGUET|Tornadus-Therian, M|100/100 brn
|move|p1a: Rillaboom|Grassy Glide|p2a: AUDEMARS PIGUET
|-resisted|p2a: AUDEMARS PIGUET
|-damage|p2a: AUDEMARS PIGUET|47/100 brn
|
|-weather|Sandstorm|[upkeep]
|-damage|p2a: AUDEMARS PIGUET|41/100 brn|[from] Sandstorm
|-damage|p1a: Rillaboom|20/100|[from] Sandstorm
|-heal|p1a: Rillaboom|27/100|[from] Grassy Terrain
|-damage|p2a: AUDEMARS PIGUET|35/100 brn|[from] brn
|upkeep
|turn|39
|
|t:|1616137771
|move|p1a: Rillaboom|Grassy Glide|p2a: AUDEMARS PIGUET
|-resisted|p2a: AUDEMARS PIGUET
|-damage|p2a: AUDEMARS PIGUET|0 fnt
|faint|p2a: AUDEMARS PIGUET
|
|-weather|Sandstorm|[upkeep]
|-damage|p1a: Rillaboom|20/100|[from] Sandstorm
|-heal|p1a: Rillaboom|27/100|[from] Grassy Terrain
|upkeep
|l| cTEAming
|-message|TESLA ROADSTER forfeited.
|
|win|yortbruz
|n|‽yortbruz|yortbruz
|n|☆TESLA ROADSTER|teslaroadster
|n| Nesnot|nesnot
|n| Kraymar|kraymar
|l|☆TESLA ROADSTER
