|j|☆cump3
|j|☆LT91BB YDFWK
|t:|1659103757
|gametype|singles
|player|p1|cump3|266|1545
|player|p2|LT91BB YDFWK|265|1516
|teamsize|p1|6
|teamsize|p2|6
|gen|8
|tier|[Gen 8] OU
|rated|
|rule|Sleep Clause Mod: Limit one foe put to sleep
|rule|Species Clause: Limit one of each Pokémon
|rule|OHKO Clause: OHKO moves are banned
|rule|Evasion Moves Clause: Evasion moves are banned
|rule|Endless Battle Clause: Forcing endless battles is banned
|rule|HP Percentage Mod: HP is shown in percentages
|rule|Dynamax Clause: You cannot dynamax
|clearpoke
|poke|p1|Ferrothorn, F|
|poke|p1|Pelipper, F|
|poke|p1|Seismitoad, M|
|poke|p1|Zapdos|
|poke|p1|Metagross|
|poke|p1|Barraskewda, M|
|poke|p2|Tapu Lele|
|poke|p2|Magnezone|
|poke|p2|Dragonite, F|
|poke|p2|Corviknight, M|
|poke|p2|Swampert, F|
|poke|p2|Blissey, F|
|teampreview
|
|t:|1659103780
|start
|switch|p1a: Pelipper|Pelipper, F, shiny|100/100
|switch|p2a: Tapu Lele|Tapu Lele|100/100
|-fieldstart|move: Psychic Terrain|[from] ability: Psychic Surge|[of] p2a: Tapu Lele
|-weather|RainDance|[from] ability: Drizzle|[of] p1a: Pelipper
|turn|1
|
|t:|1659103787
|switch|p1a: Metagross|Metagross, shiny|100/100
|move|p2a: Tapu Lele|Psychic|p1a: Metagross
|-resisted|p1a: Metagross
|-damage|p1a: Metagross|83/100
|
|-weather|RainDance|[upkeep]
|upkeep
|turn|2
|
|t:|1659103793
|switch|p2a: Corviknight|Corviknight, M|100/100
|-ability|p2a: Corviknight|Pressure
|move|p1a: Metagross|Agility|p1a: Metagross
|-boost|p1a: Metagross|spe|2
|
|-weather|RainDance|[upkeep]
|upkeep
|turn|3
|
|t:|1659103795
|move|p1a: Metagross|Agility|p1a: Metagross
|-boost|p1a: Metagross|spe|2
|move|p2a: Corviknight|U-turn|p1a: Metagross
|-damage|p1a: Metagross|72/100
|
|t:|1659103810
|switch|p2a: Magnezone|Magnezone|100/100|[from]move: U-turn
|
|-weather|RainDance|[upkeep]
|upkeep
|turn|4
|j| epileptic shrub
|
|t:|1659103814
|switch|p2a: Corviknight|Corviknight, M|100/100
|-ability|p2a: Corviknight|Pressure
|move|p1a: Metagross|Earthquake|p2a: Corviknight
|-immune|p2a: Corviknight
|
|-weather|RainDance|[upkeep]
|upkeep
|turn|5
|
|t:|1659103818
|move|p1a: Metagross|Meteor Mash|p2a: Corviknight
|-resisted|p2a: Corviknight
|-damage|p2a: Corviknight|84/100
|-damage|p1a: Metagross|55/100|[from] item: Rocky Helmet|[of] p2a: Corviknight
|move|p2a: Corviknight|U-turn|p1a: Metagross
|-damage|p1a: Metagross|44/100
|
|t:|1659103821
|switch|p2a: Magnezone|Magnezone|100/100|[from]move: U-turn
|
|-weather|RainDance|[upkeep]
|-fieldend|move: Psychic Terrain
|upkeep
|turn|6
|
|t:|1659103824
|switch|p2a: Corviknight|Corviknight, M|84/100
|-ability|p2a: Corviknight|Pressure
|move|p1a: Metagross|Meteor Mash|p2a: Corviknight
|-resisted|p2a: Corviknight
|-damage|p2a: Corviknight|69/100
|-damage|p1a: Metagross|27/100|[from] item: Rocky Helmet|[of] p2a: Corviknight
|
|-weather|RainDance|[upkeep]
|upkeep
|turn|7
|
|t:|1659103830
|move|p1a: Metagross|Earthquake|p2a: Corviknight
|-immune|p2a: Corviknight
|move|p2a: Corviknight|U-turn|p1a: Metagross
|-damage|p1a: Metagross|18/100
|
|t:|1659103845
|switch|p2a: Magnezone|Magnezone|100/100|[from]move: U-turn
|
|-weather|RainDance|[upkeep]
|upkeep
|turn|8
|c|☆LT91BB YDFWK|Yikes
|
|t:|1659103861
|switch|p2a: Corviknight|Corviknight, M|69/100
|-ability|p2a: Corviknight|Pressure
|move|p1a: Metagross|Earthquake|p2a: Corviknight
|-immune|p2a: Corviknight
|
|-weather|none
|upkeep
|turn|9
|
|t:|1659103866
|move|p1a: Metagross|Meteor Mash|p2a: Corviknight
|-resisted|p2a: Corviknight
|-damage|p2a: Corviknight|55/100
|-damage|p1a: Metagross|1/100|[from] item: Rocky Helmet|[of] p2a: Corviknight
|move|p2a: Corviknight|Roost|p2a: Corviknight
|-heal|p2a: Corviknight|100/100
|-singleturn|p2a: Corviknight|move: Roost
|
|upkeep
|turn|10
|
|t:|1659103871
|switch|p1a: Ferrothorn|Ferrothorn, F|100/100
|move|p2a: Corviknight|Roost||[still]
|-fail|p2a: Corviknight|heal
|
|upkeep
|turn|11
|
|t:|1659103877
|switch|p2a: Magnezone|Magnezone|100/100
|switch|p1a: Seismitoad|Seismitoad, M|100/100
|
|upkeep
|turn|12
|inactive|Battle timer is ON: inactive players will automatically lose when time's up. (requested by cump3)
|
|t:|1659103924
|switch|p1a: Barraskewda|Barraskewda, M, shiny|100/100
|switch|p2a: Corviknight|Corviknight, M|100/100
|-ability|p2a: Corviknight|Pressure
|
|upkeep
|turn|13
|
|t:|1659103931
|switch|p1a: Pelipper|Pelipper, F, shiny|100/100
|-weather|RainDance|[from] ability: Drizzle|[of] p1a: Pelipper
|move|p2a: Corviknight|U-turn|p1a: Pelipper
|-resisted|p1a: Pelipper
|-damage|p1a: Pelipper|94/100
|
|t:|1659103934
|switch|p2a: Tapu Lele|Tapu Lele|100/100|[from]move: U-turn
|-fieldstart|move: Psychic Terrain|[from] ability: Psychic Surge|[of] p2a: Tapu Lele
|
|-weather|RainDance|[upkeep]
|upkeep
|turn|14
|
|t:|1659103937
|switch|p1a: Metagross|Metagross, shiny|1/100
|move|p2a: Tapu Lele|Psychic|p1a: Metagross
|-resisted|p1a: Metagross
|-damage|p1a: Metagross|0 fnt
|faint|p1a: Metagross
|
|-weather|RainDance|[upkeep]
|upkeep
|
|t:|1659103940
|switch|p1a: Barraskewda|Barraskewda, M, shiny|100/100
|turn|15
|
|t:|1659103943
|switch|p2a: Corviknight|Corviknight, M|100/100
|-ability|p2a: Corviknight|Pressure
|move|p1a: Barraskewda|Liquidation|p2a: Corviknight
|-damage|p2a: Corviknight|30/100
|-damage|p1a: Barraskewda|84/100|[from] item: Rocky Helmet|[of] p2a: Corviknight
|
|-weather|RainDance|[upkeep]
|upkeep
|turn|16
|
|t:|1659103955
|switch|p2a: Dragonite|Dragonite, F|100/100
|move|p1a: Barraskewda|Liquidation|p2a: Dragonite
|-resisted|p2a: Dragonite
|-damage|p2a: Dragonite|82/100
|
|-weather|RainDance|[upkeep]
|upkeep
|turn|17
|
|t:|1659103961
|switch|p1a: Zapdos|Zapdos|100/100
|move|p2a: Dragonite|Roost|p2a: Dragonite
|-heal|p2a: Dragonite|100/100
|-singleturn|p2a: Dragonite|move: Roost
|
|-weather|RainDance|[upkeep]
|-fieldend|move: Psychic Terrain
|upkeep
|turn|18
|
|t:|1659103967
|switch|p1a: Barraskewda|Barraskewda, M, shiny|84/100
|switch|p2a: Swampert|Swampert, F|100/100
|
|-weather|RainDance|[upkeep]
|upkeep
|turn|19
|
|t:|1659103970
|switch|p2a: Dragonite|Dragonite, F|100/100
|move|p1a: Barraskewda|Flip Turn|p2a: Dragonite
|-resisted|p2a: Dragonite
|-damage|p2a: Dragonite|89/100
|
|t:|1659103973
|switch|p1a: Ferrothorn|Ferrothorn, F|100/100|[from]move: Flip Turn
|
|-weather|RainDance|[upkeep]
|upkeep
|turn|20
|
|t:|1659103977
|switch|p2a: Magnezone|Magnezone|100/100
|move|p1a: Ferrothorn|Leech Seed|p2a: Magnezone
|-start|p2a: Magnezone|move: Leech Seed
|
|-weather|none
|-damage|p2a: Magnezone|88/100|[from] Leech Seed|[of] p1a: Ferrothorn
|upkeep
|turn|21
|
|t:|1659103980
|move|p2a: Magnezone|Iron Defense|p2a: Magnezone
|-boost|p2a: Magnezone|def|2
|move|p1a: Ferrothorn|Stealth Rock|p2a: Magnezone
|-sidestart|p2: LT91BB YDFWK|move: Stealth Rock
|
|-heal|p2a: Magnezone|94/100|[from] item: Leftovers
|-damage|p2a: Magnezone|82/100|[from] Leech Seed|[of] p1a: Ferrothorn
|upkeep
|turn|22
|
|t:|1659103982
|move|p2a: Magnezone|Iron Defense|p2a: Magnezone
|-boost|p2a: Magnezone|def|2
|move|p1a: Ferrothorn|Body Press|p2a: Magnezone
|-supereffective|p2a: Magnezone
|-damage|p2a: Magnezone|68/100
|
|-heal|p2a: Magnezone|74/100|[from] item: Leftovers
|-damage|p2a: Magnezone|62/100|[from] Leech Seed|[of] p1a: Ferrothorn
|upkeep
|turn|23
|
|t:|1659103984
|move|p2a: Magnezone|Body Press|p1a: Ferrothorn
|-supereffective|p1a: Ferrothorn
|-damage|p1a: Ferrothorn|11/100
|-damage|p2a: Magnezone|50/100|[from] ability: Iron Barbs|[of] p1a: Ferrothorn
|move|p1a: Ferrothorn|Knock Off|p2a: Magnezone
|-damage|p2a: Magnezone|45/100
|-enditem|p2a: Magnezone|Leftovers|[from] move: Knock Off|[of] p1a: Ferrothorn
|
|-heal|p1a: Ferrothorn|17/100|[from] item: Leftovers
|-damage|p2a: Magnezone|33/100|[from] Leech Seed|[of] p1a: Ferrothorn
|-heal|p1a: Ferrothorn|28/100|[silent]
|upkeep
|turn|24
|
|t:|1659103994
|move|p2a: Magnezone|Body Press|p1a: Ferrothorn
|-supereffective|p1a: Ferrothorn
|-damage|p1a: Ferrothorn|0 fnt
|-damage|p2a: Magnezone|20/100|[from] ability: Iron Barbs|[of] p1a: Ferrothorn
|faint|p1a: Ferrothorn
|
|upkeep
|
|t:|1659104002
|switch|p1a: Seismitoad|Seismitoad, M|100/100
|turn|25
|inactive|LT91BB YDFWK has 120 seconds left.
|
|t:|1659104036
|switch|p2a: Dragonite|Dragonite, F|89/100
|move|p1a: Seismitoad|Earth Power|p2a: Dragonite
|-immune|p2a: Dragonite
|
|upkeep
|turn|26
|
|t:|1659104044
|switch|p1a: Pelipper|Pelipper, F, shiny|94/100
|-weather|RainDance|[from] ability: Drizzle|[of] p1a: Pelipper
|move|p2a: Dragonite|Ice Beam|p1a: Pelipper
|-damage|p1a: Pelipper|73/100
|
|-weather|RainDance|[upkeep]
|upkeep
|turn|27
|
|t:|1659104054
|move|p2a: Dragonite|Ice Beam|p1a: Pelipper
|-damage|p1a: Pelipper|53/100
|move|p1a: Pelipper|U-turn|p2a: Dragonite
|-resisted|p2a: Dragonite
|-damage|p2a: Dragonite|86/100
|
|t:|1659104057
|switch|p1a: Zapdos|Zapdos|100/100|[from]move: U-turn
|
|-weather|RainDance|[upkeep]
|upkeep
|turn|28
|
|t:|1659104061
|switch|p2a: Magnezone|Magnezone|20/100
|-damage|p2a: Magnezone|14/100|[from] Stealth Rock
|move|p1a: Zapdos|Hurricane|p2a: Magnezone
|-resisted|p2a: Magnezone
|-damage|p2a: Magnezone|0 fnt
|faint|p2a: Magnezone
|
|-weather|RainDance|[upkeep]
|upkeep
|
|t:|1659104070
|switch|p2a: Blissey|Blissey, F|100/100
|turn|29
|inactive|cump3 has 120 seconds left.
|inactive|cump3 has 90 seconds left.
|
|t:|1659104151
|switch|p2a: Swampert|Swampert, F|100/100
|-damage|p2a: Swampert|94/100|[from] Stealth Rock
|move|p1a: Zapdos|Hurricane|p2a: Swampert
|-damage|p2a: Swampert|58/100
|
|-weather|RainDance|[upkeep]
|-heal|p2a: Swampert|64/100|[from] item: Leftovers
|upkeep
|turn|30
|
|t:|1659104161
|move|p1a: Zapdos|Hurricane|p2a: Swampert
|-damage|p2a: Swampert|28/100
|move|p2a: Swampert|Toxic|p1a: Zapdos
|-status|p1a: Zapdos|tox
|
|-weather|RainDance|[upkeep]
|-heal|p2a: Swampert|34/100|[from] item: Leftovers
|-damage|p1a: Zapdos|94/100 tox|[from] psn
|upkeep
|turn|31
|inactive|cump3 has 60 seconds left.
|
|t:|1659104194
|switch|p2a: Blissey|Blissey, F|100/100
|move|p1a: Zapdos|Hurricane|p2a: Blissey
|-damage|p2a: Blissey|80/100
|
|-weather|RainDance|[upkeep]
|-damage|p1a: Zapdos|82/100 tox|[from] psn
|upkeep
|turn|32
|inactive|cump3 has 60 seconds left.
|
|t:|1659104204
|switch|p1a: Seismitoad|Seismitoad, M|100/100
|move|p2a: Blissey|Teleport|p2a: Blissey
|-message|cump3 forfeited.
|
|win|LT91BB YDFWK
|raw|cump3's rating: 1545 &rarr; <strong>1522</strong><br />(-23 for losing)
|raw|LT91BB YDFWK's rating: 1499 &rarr; <strong>1522</strong><br />(+23 for winning)
|l|☆cump3
