|j|☆lou dort
|j|☆PompadourDiamond
|t:|1658103944
|gametype|singles
|player|p1|lou dort|169|1569
|player|p2|PompadourDiamond|cyclistf|1605
|teamsize|p1|6
|teamsize|p2|6
|gen|8
|tier|[Gen 8] OU
|rated|
|rule|Sleep Clause Mod: Limit one foe put to sleep
|rule|Species Clause: Limit one of each Pokémon
|rule|OHKO Clause: OHKO moves are banned
|rule|Evasion Moves Clause: Evasion moves are banned
|rule|Endless Battle Clause: Forcing endless battles is banned
|rule|HP Percentage Mod: HP is shown in percentages
|rule|Dynamax Clause: You cannot dynamax
|clearpoke
|poke|p1|Mamoswine, M|
|poke|p1|Zapdos|
|poke|p1|Ninetales-Alola, M|
|poke|p1|Arctozolt|
|poke|p1|Volcanion|
|poke|p1|Corviknight, F|
|poke|p2|Torkoal, F|
|poke|p2|Venusaur, F|
|poke|p2|Heatran, M|
|poke|p2|Landorus-Therian, M|
|poke|p2|Entei|
|poke|p2|Shiftry, M|
|teampreview
|inactive|Battle timer is ON: inactive players will automatically lose when time's up. (requested by lou dort)
|inactive|lou dort has 120 seconds left.
|
|t:|1658103977
|start
|switch|p1a: Volcanion|Volcanion|100/100
|switch|p2a: Torkoal|Torkoal, F|100/100
|-weather|SunnyDay|[from] ability: Drought|[of] p2a: Torkoal
|turn|1
|
|t:|1658103982
|switch|p2a: Landorus|Landorus-Therian, M|100/100
|-ability|p2a: Landorus|Intimidate|boost
|-unboost|p1a: Volcanion|atk|1
|move|p1a: Volcanion|Steam Eruption|p2a: Landorus
|-supereffective|p2a: Landorus
|-damage|p2a: Landorus|56/100
|
|-weather|SunnyDay|[upkeep]
|-heal|p2a: Landorus|62/100|[from] item: Leftovers
|upkeep
|turn|2
|
|t:|1658103987
|switch|p1a: Zapdos|Zapdos|100/100
|move|p2a: Landorus|U-turn|p1a: Zapdos
|-resisted|p1a: Zapdos
|-damage|p1a: Zapdos|87/100
|
|t:|1658103992
|switch|p2a: Entei|Entei|100/100|[from]move: U-turn
|
|-weather|SunnyDay|[upkeep]
|upkeep
|turn|3
|
|t:|1658103994
|move|p1a: Zapdos|Hurricane|p2a: Entei
|-damage|p2a: Entei|4/100
|move|p2a: Entei|Stone Edge|p1a: Zapdos|[miss]
|-miss|p2a: Entei|p1a: Zapdos
|
|-weather|SunnyDay|[upkeep]
|upkeep
|turn|4
|
|t:|1658104004
|switch|p1a: Corviknight|Corviknight, F|100/100
|-ability|p1a: Corviknight|Pressure
|move|p2a: Entei|Stone Edge|p1a: Corviknight|[miss]
|-miss|p2a: Entei|p1a: Corviknight
|
|-weather|SunnyDay|[upkeep]
|upkeep
|turn|5
|
|t:|1658104022
|switch|p2a: Torkoal|Torkoal, F|100/100
|move|p1a: Corviknight|U-turn|p2a: Torkoal
|-resisted|p2a: Torkoal
|-damage|p2a: Torkoal|97/100
|
|t:|1658104029
|switch|p1a: Volcanion|Volcanion|100/100|[from]move: U-turn
|
|-weather|SunnyDay|[upkeep]
|upkeep
|turn|6
|
|t:|1658104034
|move|p1a: Volcanion|Earth Power|p2a: Torkoal
|-supereffective|p2a: Torkoal
|-damage|p2a: Torkoal|13/100
|move|p2a: Torkoal|Stealth Rock|p1a: Volcanion
|-sidestart|p1: lou dort|move: Stealth Rock
|
|-weather|SunnyDay|[upkeep]
|upkeep
|turn|7
|
|t:|1658104041
|switch|p2a: Landorus|Landorus-Therian, M|62/100
|-ability|p2a: Landorus|Intimidate|boost
|-unboost|p1a: Volcanion|atk|1
|move|p1a: Volcanion|Flamethrower|p2a: Landorus
|-damage|p2a: Landorus|9/100
|
|-weather|SunnyDay|[upkeep]
|-heal|p2a: Landorus|15/100|[from] item: Leftovers
|upkeep
|turn|8
|
|t:|1658104043
|move|p1a: Volcanion|Flamethrower|p2a: Landorus
|-damage|p2a: Landorus|0 fnt
|faint|p2a: Landorus
|
|-weather|none
|upkeep
|
|t:|1658104046
|switch|p2a: Torkoal|Torkoal, F|13/100
|-weather|SunnyDay|[from] ability: Drought|[of] p2a: Torkoal
|turn|9
|
|t:|1658104048
|switch|p2a: Shiftry|Shiftry, M|100/100
|move|p1a: Volcanion|Flamethrower|p2a: Shiftry
|-supereffective|p2a: Shiftry
|-damage|p2a: Shiftry|0 fnt
|faint|p2a: Shiftry
|
|-weather|SunnyDay|[upkeep]
|upkeep
|
|t:|1658104049
|switch|p2a: Heatran|Heatran, M|100/100
|turn|10
|
|t:|1658104054
|move|p2a: Heatran|Eruption|p1a: Volcanion
|-resisted|p1a: Volcanion
|-damage|p1a: Volcanion|50/100
|move|p1a: Volcanion|Earth Power|p2a: Heatran
|-supereffective|p2a: Heatran
|-damage|p2a: Heatran|0 fnt
|faint|p2a: Heatran
|
|-weather|SunnyDay|[upkeep]
|upkeep
|-message|PompadourDiamond forfeited.
|
|win|lou dort
|raw|lou dort's rating: 1569 &rarr; <strong>1591</strong><br />(+22 for winning)
|raw|PompadourDiamond's rating: 1605 &rarr; <strong>1583</strong><br />(-22 for losing)
|l|☆PompadourDiamond
