|raw|<div class="broadcast-blue"><strong>This battle is required to be public due to a player having a name starting with 'lt92pf'.</div>
|j|☆Coach Jones 6fifth
|j|☆LT92PF rej
|t:|1659713820
|gametype|singles
|player|p1|Coach Jones 6fifth|lusamine-nihilego|1721
|player|p2|LT92PF rej|pokefanf-gen4|1674
|teamsize|p1|6
|teamsize|p2|6
|gen|8
|tier|[Gen 8] OU
|rated|
|rule|Sleep Clause Mod: Limit one foe put to sleep
|rule|Species Clause: Limit one of each Pokémon
|rule|OHKO Clause: OHKO moves are banned
|rule|Evasion Items Clause: Evasion items are banned
|rule|Evasion Moves Clause: Evasion moves are banned
|rule|Endless Battle Clause: Forcing endless battles is banned
|rule|HP Percentage Mod: HP is shown in percentages
|rule|Dynamax Clause: You cannot dynamax
|clearpoke
|poke|p1|Heatran, F|
|poke|p1|Rillaboom, F|
|poke|p1|Landorus-Therian, M|
|poke|p1|Tapu Fini|
|poke|p1|Zapdos|
|poke|p1|Ferrothorn, F|
|poke|p2|Ferrothorn, F|
|poke|p2|Pelipper, M|
|poke|p2|Barraskewda, M|
|poke|p2|Nidoking, M|
|poke|p2|Tapu Lele|
|poke|p2|Zapdos|
|teampreview
|inactive|Battle timer is ON: inactive players will automatically lose when time's up. (requested by LT92PF rej)
|inactive|Coach Jones 6fifth has 120 seconds left.
|
|t:|1659713851
|start
|switch|p1a: Zapdos|Zapdos|100/100
|switch|p2a: Nidoking|Nidoking, M|100/100
|turn|1
|j| LT92PF 420
|
|t:|1659713859
|switch|p1a: Tapu Fini|Tapu Fini|100/100
|-fieldstart|move: Misty Terrain|[from] ability: Misty Surge|[of] p1a: Tapu Fini
|move|p2a: Nidoking|Ice Beam|p1a: Tapu Fini
|-resisted|p1a: Tapu Fini
|-damage|p1a: Tapu Fini|83/100
|
|upkeep
|turn|2
|
|t:|1659713876
|move|p1a: Tapu Fini|Trick|p2a: Nidoking
|-activate|p1a: Tapu Fini|move: Trick|[of] p2a: Nidoking
|-item|p2a: Nidoking|Choice Scarf|[from] move: Trick
|-item|p1a: Tapu Fini|Life Orb|[from] move: Trick
|move|p2a: Nidoking|Sludge Wave|p1a: Tapu Fini
|-supereffective|p1a: Tapu Fini
|-damage|p1a: Tapu Fini|1/100
|
|upkeep
|turn|3
|
|t:|1659713884
|switch|p2a: Zapdos|Zapdos|100/100
|move|p1a: Tapu Fini|Trick|p2a: Zapdos
|-activate|p1a: Tapu Fini|move: Trick|[of] p2a: Zapdos
|-item|p2a: Zapdos|Life Orb|[from] move: Trick
|-item|p1a: Tapu Fini|Heavy-Duty Boots|[from] move: Trick
|
|upkeep
|turn|4
|l| LT92PF 420
|
|t:|1659713889
|switch|p1a: Landorus|Landorus-Therian, M|100/100
|-ability|p1a: Landorus|Intimidate|boost
|-unboost|p2a: Zapdos|atk|1
|move|p2a: Zapdos|Hurricane|p1a: Landorus
|-damage|p1a: Landorus|49/100
|-damage|p2a: Zapdos|91/100|[from] item: Life Orb
|
|upkeep
|turn|5
|
|t:|1659713893
|move|p2a: Zapdos|Hurricane|p1a: Landorus
|-damage|p1a: Landorus|0 fnt
|faint|p1a: Landorus
|-damage|p2a: Zapdos|81/100|[from] item: Life Orb
|
|-fieldend|Misty Terrain
|upkeep
|
|t:|1659713898
|switch|p1a: Zapdos|Zapdos|100/100
|turn|6
|
|t:|1659713901
|move|p2a: Zapdos|Volt Switch|p1a: Zapdos
|-damage|p1a: Zapdos|54/100
|-damage|p2a: Zapdos|71/100|[from] item: Life Orb
|
|t:|1659713903
|switch|p2a: Nidoking|Nidoking, M|100/100|[from]move: Volt Switch
|move|p1a: Zapdos|Roost|p1a: Zapdos
|-heal|p1a: Zapdos|100/100
|-singleturn|p1a: Zapdos|move: Roost
|
|upkeep
|turn|7
|
|t:|1659713907
|move|p2a: Nidoking|Ice Beam|p1a: Zapdos
|-supereffective|p1a: Zapdos
|-damage|p1a: Zapdos|43/100
|move|p1a: Zapdos|Hurricane|p2a: Nidoking|[miss]
|-miss|p1a: Zapdos|p2a: Nidoking
|
|upkeep
|turn|8
|
|t:|1659713914
|switch|p2a: Barraskewda|Barraskewda, M|100/100
|switch|p1a: Heatran|Heatran, F, shiny|100/100
|
|upkeep
|turn|9
|
|t:|1659713923
|switch|p1a: Tapu Fini|Tapu Fini|1/100
|-fieldstart|move: Misty Terrain|[from] ability: Misty Surge|[of] p1a: Tapu Fini
|move|p2a: Barraskewda|Liquidation|p1a: Tapu Fini
|-resisted|p1a: Tapu Fini
|-damage|p1a: Tapu Fini|0 fnt
|faint|p1a: Tapu Fini
|
|upkeep
|
|t:|1659713925
|switch|p1a: Rillaboom|Rillaboom, F|100/100
|-fieldstart|move: Grassy Terrain|[from] ability: Grassy Surge|[of] p1a: Rillaboom
|turn|10
|
|t:|1659713930
|switch|p2a: Ferrothorn|Ferrothorn, F|100/100
|move|p1a: Rillaboom|Swords Dance|p1a: Rillaboom
|-boost|p1a: Rillaboom|atk|2
|
|upkeep
|turn|11
|
|t:|1659713937
|move|p1a: Rillaboom|Grassy Glide|p2a: Ferrothorn
|-resisted|p2a: Ferrothorn
|-damage|p2a: Ferrothorn|81/100
|-damage|p1a: Rillaboom|88/100|[from] ability: Iron Barbs|[of] p2a: Ferrothorn
|-damage|p1a: Rillaboom|72/100|[from] item: Rocky Helmet|[of] p2a: Ferrothorn
|-damage|p1a: Rillaboom|62/100|[from] item: Life Orb
|move|p2a: Ferrothorn|Body Press|p1a: Rillaboom
|-damage|p1a: Rillaboom|25/100
|
|-heal|p1a: Rillaboom|31/100|[from] Grassy Terrain
|-heal|p2a: Ferrothorn|87/100|[from] Grassy Terrain
|upkeep
|turn|12
|-message|Coach Jones 6fifth forfeited.
|
|win|LT92PF rej
|raw|Coach Jones 6fifth's rating: 1721 &rarr; <strong>1698</strong><br />(-23 for losing)
|raw|LT92PF rej's rating: 1674 &rarr; <strong>1697</strong><br />(+23 for winning)
|l|☆Coach Jones 6fifth
|j| Lorenz
|j| irgendwasmitmeeem
|l| Lorenz
||Ladder isn't responding, score probably updated but might not have (Request timeout).
