|html|<div class="broadcast-blue"><strong>[Gen 8] OU is currently suspecting Melmetal! For information on how to participate check out the <a href="https://www.smogon.com/forums/threads/np-ss-ou-suspect-process-round-12-monster-mash.3709234/">suspect thread</a>.</strong></div>
|j|☆lzhlzhlzh
|j|☆HQSNonsense
|t:|1666507236
|gametype|singles
|player|p1|lzhlzhlzh|bugcatcher-gen4dp|1622
|player|p2|HQSNonsense|veteranf|1713
|teamsize|p1|6
|teamsize|p2|6
|gen|8
|tier|[Gen 8] OU
|rated|
|rule|Sleep Clause Mod: Limit one foe put to sleep
|rule|Species Clause: Limit one of each Pokémon
|rule|OHKO Clause: OHKO moves are banned
|rule|Evasion Items Clause: Evasion items are banned
|rule|Evasion Moves Clause: Evasion moves are banned
|rule|Endless Battle Clause: Forcing endless battles is banned
|rule|HP Percentage Mod: HP is shown in percentages
|rule|Dynamax Clause: You cannot dynamax
|clearpoke
|poke|p1|Melmetal|
|poke|p1|Weavile, M|
|poke|p1|Zapdos|
|poke|p1|Landorus-Therian, M|
|poke|p1|Volcanion|
|poke|p1|Kartana|
|poke|p2|Melmetal|
|poke|p2|Urshifu-*, F|
|poke|p2|Tapu Lele|
|poke|p2|Landorus-Therian, M|
|poke|p2|Zapdos|
|poke|p2|Volcanion|
|teampreview
|inactive|Battle timer is ON: inactive players will automatically lose when time's up. (requested by lzhlzhlzh)
|
|t:|1666507246
|start
|switch|p1a: Zapdos|Zapdos|100/100
|switch|p2a: Volcanion|Volcanion|100/100
|turn|1
|
|t:|1666507251
|move|p1a: Zapdos|Hurricane|p2a: Volcanion|[miss]
|-miss|p1a: Zapdos|p2a: Volcanion
|move|p2a: Volcanion|Steam Eruption|p1a: Zapdos
|-damage|p1a: Zapdos|39/100
|-status|p1a: Zapdos|brn
|
|-damage|p1a: Zapdos|33/100 brn|[from] brn
|upkeep
|turn|2
|
|t:|1666507258
|switch|p2a: Landorus|Landorus-Therian, M|100/100
|-ability|p2a: Landorus|Intimidate|boost
|-unboost|p1a: Zapdos|atk|1
|move|p1a: Zapdos|Thunderbolt|p2a: Landorus
|-immune|p2a: Landorus
|
|-damage|p1a: Zapdos|27/100 brn|[from] brn
|upkeep
|turn|3
|
|t:|1666507264
|move|p1a: Zapdos|Hurricane|p2a: Landorus|[miss]
|-miss|p1a: Zapdos|p2a: Landorus
|move|p2a: Landorus|Stealth Rock|p1a: Zapdos
|-sidestart|p1: lzhlzhlzh|move: Stealth Rock
|
|-damage|p1a: Zapdos|21/100 brn|[from] brn
|upkeep
|turn|4
|
|t:|1666507268
|move|p1a: Zapdos|Roost|p1a: Zapdos
|-heal|p1a: Zapdos|71/100 brn
|-singleturn|p1a: Zapdos|move: Roost
|move|p2a: Landorus|Knock Off|p1a: Zapdos
|-damage|p1a: Zapdos|35/100 brn
|-enditem|p1a: Zapdos|Heavy-Duty Boots|[from] move: Knock Off|[of] p2a: Landorus
|
|-damage|p1a: Zapdos|29/100 brn|[from] brn
|upkeep
|turn|5
|
|t:|1666507276
|switch|p2a: Tapu Lele|Tapu Lele|100/100
|-fieldstart|move: Psychic Terrain|[from] ability: Psychic Surge|[of] p2a: Tapu Lele
|move|p1a: Zapdos|Hurricane|p2a: Tapu Lele|[miss]
|-miss|p1a: Zapdos|p2a: Tapu Lele
|
|-damage|p1a: Zapdos|23/100 brn|[from] brn
|upkeep
|turn|6
|
|t:|1666507287
|move|p2a: Tapu Lele|Moonblast|p1a: Zapdos
|-damage|p1a: Zapdos|0 fnt
|faint|p1a: Zapdos
|
|upkeep
|
|t:|1666507290
|switch|p1a: Melmetal|Melmetal|100/100
|-damage|p1a: Melmetal|94/100|[from] Stealth Rock
|turn|7
|
|t:|1666507296
|switch|p2a: Zapdos|Zapdos|100/100
|move|p1a: Melmetal|Double Iron Bash|p2a: Zapdos
|-resisted|p2a: Zapdos
|-damage|p2a: Zapdos|74/100
|-resisted|p2a: Zapdos
|-damage|p2a: Zapdos|49/100
|-hitcount|p2a: Zapdos|2
|
|upkeep
|turn|8
|
|t:|1666507305
|move|p2a: Zapdos|Roost|p2a: Zapdos
|-heal|p2a: Zapdos|99/100
|-singleturn|p2a: Zapdos|move: Roost
|move|p1a: Melmetal|Double Iron Bash|p2a: Zapdos
|-resisted|p2a: Zapdos
|-damage|p2a: Zapdos|74/100
|-resisted|p2a: Zapdos
|-damage|p2a: Zapdos|52/100
|-hitcount|p2a: Zapdos|2
|
|upkeep
|turn|9
|
|t:|1666507315
|switch|p1a: Weavile|Weavile, M|100/100
|-damage|p1a: Weavile|76/100|[from] Stealth Rock
|-ability|p1a: Weavile|Pressure
|move|p2a: Zapdos|Roost|p2a: Zapdos
|-heal|p2a: Zapdos|100/100
|-singleturn|p2a: Zapdos|move: Roost
|
|-fieldend|move: Psychic Terrain
|upkeep
|turn|10
|
|t:|1666507319
|switch|p2a: Urshifu|Urshifu-Rapid-Strike, F|100/100
|move|p1a: Weavile|Knock Off|p2a: Urshifu
|-resisted|p2a: Urshifu
|-damage|p2a: Urshifu|65/100
|-enditem|p2a: Urshifu|Choice Band|[from] move: Knock Off|[of] p1a: Weavile
|
|upkeep
|turn|11
|
|t:|1666507327
|switch|p1a: Volcanion|Volcanion|100/100
|-damage|p1a: Volcanion|75/100|[from] Stealth Rock
|move|p2a: Urshifu|Close Combat|p1a: Volcanion
|-damage|p1a: Volcanion|21/100
|-unboost|p2a: Urshifu|def|1
|-unboost|p2a: Urshifu|spd|1
|
|upkeep
|turn|12
|-message|lzhlzhlzh forfeited.
|
|win|HQSNonsense
|raw|lzhlzhlzh's rating: 1622 &rarr; <strong>1607</strong><br />(-15 for losing)
|raw|HQSNonsense's rating: 1713 &rarr; <strong>1728</strong><br />(+15 for winning)
|l|☆lzhlzhlzh
