|raw|<div class="broadcast-blue"><strong>This battle is required to be public due to a player having a name starting with 'lt94je'.</div>
|j|☆Redemption
|j|☆LT94JE Lio
|t:|1661459954
|gametype|singles
|player|p1|Redemption|#redemption|1711
|player|p2|LT94JE Lio|1|1830
|teamsize|p1|6
|teamsize|p2|6
|gen|8
|tier|[Gen 8] OU
|rated|
|rule|Sleep Clause Mod: Limit one foe put to sleep
|rule|Species Clause: Limit one of each Pokémon
|rule|OHKO Clause: OHKO moves are banned
|rule|Evasion Items Clause: Evasion items are banned
|rule|Evasion Moves Clause: Evasion moves are banned
|rule|Endless Battle Clause: Forcing endless battles is banned
|rule|HP Percentage Mod: HP is shown in percentages
|rule|Dynamax Clause: You cannot dynamax
|clearpoke
|poke|p1|Raichu-Alola, M|
|poke|p1|Tapu Koko|
|poke|p1|Landorus-Therian, M|
|poke|p1|Urshifu-*, F|
|poke|p1|Melmetal|
|poke|p1|Hydreigon, M|
|poke|p2|Pelipper, F|
|poke|p2|Landorus-Therian, M|
|poke|p2|Ferrothorn, F|
|poke|p2|Barraskewda, M|
|poke|p2|Tapu Lele|
|poke|p2|Weavile, M|
|teampreview
|j| Principal Prickly
|j| LuckyBombVoyage
|inactive|Battle timer is ON: inactive players will automatically lose when time's up. (requested by LT94JE Lio)
|
|t:|1661460008
|start
|switch|p1a: Survivor|Urshifu-Rapid-Strike, F|100/100
|switch|p2a: Pelipper|Pelipper, F|100/100
|-weather|RainDance|[from] ability: Drizzle|[of] p2a: Pelipper
|turn|1
|j| LT94JE Genesis
|j| sauceguy499
|
|t:|1661460016
|switch|p2a: Ferrothorn|Ferrothorn, F|100/100
|move|p1a: Survivor|Surging Strikes|p2a: Ferrothorn
|-resisted|p2a: Ferrothorn
|-crit|p2a: Ferrothorn
|-damage|p2a: Ferrothorn|92/100
|-activate|p2a: Ferrothorn|ability: Iron Barbs
|-activate|p1a: Survivor|item: Protective Pads
|-resisted|p2a: Ferrothorn
|-crit|p2a: Ferrothorn
|-damage|p2a: Ferrothorn|83/100
|-activate|p2a: Ferrothorn|ability: Iron Barbs
|-activate|p1a: Survivor|item: Protective Pads
|-resisted|p2a: Ferrothorn
|-crit|p2a: Ferrothorn
|-damage|p2a: Ferrothorn|74/100
|-activate|p2a: Ferrothorn|ability: Iron Barbs
|-activate|p1a: Survivor|item: Protective Pads
|-hitcount|p2a: Ferrothorn|3
|-enditem|p2a: Ferrothorn|Eject Button
|j| Giove09
|c| Principal Prickly|Good luck Lio for your game!!
|
|t:|1661460037
|switch|p2a: Barraskewda|Barraskewda, M|100/100
|
|-weather|RainDance|[upkeep]
|upkeep
|turn|2
|j|+Sacri'
|
|t:|1661460051
|move|p2a: Barraskewda|Psychic Fangs|p1a: Survivor
|-supereffective|p1a: Survivor
|-damage|p1a: Survivor|1/100
|move|p1a: Survivor|Surging Strikes|p2a: Barraskewda
|-resisted|p2a: Barraskewda
|-crit|p2a: Barraskewda
|-damage|p2a: Barraskewda|72/100
|-resisted|p2a: Barraskewda
|-crit|p2a: Barraskewda
|-damage|p2a: Barraskewda|42/100
|-resisted|p2a: Barraskewda
|-crit|p2a: Barraskewda
|-damage|p2a: Barraskewda|12/100
|-hitcount|p2a: Barraskewda|3
|
|-weather|RainDance|[upkeep]
|upkeep
|turn|3
|j| hump
|j| wish kisser
|c| Principal Prickly|bring victory bro
|
|t:|1661460071
|switch|p2a: Landorus|Landorus-Therian, M|100/100
|-ability|p2a: Landorus|Intimidate|boost
|-unboost|p1a: Survivor|atk|1
|move|p1a: Survivor|Aqua Jet|p2a: Landorus
|-supereffective|p2a: Landorus
|-damage|p2a: Landorus|71/100
|
|-weather|RainDance|[upkeep]
|-heal|p2a: Landorus|77/100|[from] item: Leftovers
|upkeep
|turn|4
|j| ilcavalierebianco
|j| Massk0
|
|t:|1661460078
|switch|p2a: Ferrothorn|Ferrothorn, F|74/100
|move|p1a: Survivor|Surging Strikes|p2a: Ferrothorn
|-resisted|p2a: Ferrothorn
|-crit|p2a: Ferrothorn
|-damage|p2a: Ferrothorn|65/100
|-activate|p2a: Ferrothorn|ability: Iron Barbs
|-activate|p1a: Survivor|item: Protective Pads
|-resisted|p2a: Ferrothorn
|-crit|p2a: Ferrothorn
|-damage|p2a: Ferrothorn|57/100
|-activate|p2a: Ferrothorn|ability: Iron Barbs
|-activate|p1a: Survivor|item: Protective Pads
|-resisted|p2a: Ferrothorn
|-crit|p2a: Ferrothorn
|-damage|p2a: Ferrothorn|48/100
|-activate|p2a: Ferrothorn|ability: Iron Barbs
|-activate|p1a: Survivor|item: Protective Pads
|-hitcount|p2a: Ferrothorn|3
|
|-weather|RainDance|[upkeep]
|upkeep
|turn|5
|j| Astreau
|l| LT94JE Genesis
|
|t:|1661460094
|switch|p2a: Tapu Lele|Tapu Lele|100/100
|-fieldstart|move: Psychic Terrain|[from] ability: Psychic Surge|[of] p2a: Tapu Lele
|move|p1a: Survivor|Close Combat|p2a: Tapu Lele
|-resisted|p2a: Tapu Lele
|-damage|p2a: Tapu Lele|84/100
|-unboost|p1a: Survivor|def|1
|-unboost|p1a: Survivor|spd|1
|
|-weather|none
|upkeep
|turn|6
|j| Cute Ambre
|j| wertsd26
|j| usernonace
|l| Astreau
|l| Massk0
|inactive|Redemption has 120 seconds left.
|j| Wnn
|j| Boulicrok
|l| sauceguy499
|
|t:|1661460132
|switch|p1a: Iron Maiden|Melmetal|100/100
|move|p2a: Tapu Lele|Moonblast|p1a: Iron Maiden
|-resisted|p1a: Iron Maiden
|-damage|p1a: Iron Maiden|89/100
|-unboost|p1a: Iron Maiden|spa|1
|
|upkeep
|turn|7
|l| Principal Prickly
|j| Principal Prickly
|
|t:|1661460145
|switch|p2a: Pelipper|Pelipper, F|100/100
|-weather|RainDance|[from] ability: Drizzle|[of] p2a: Pelipper
|move|p1a: Iron Maiden|Double Iron Bash|p2a: Pelipper
|-resisted|p2a: Pelipper
|-damage|p2a: Pelipper|77/100
|-resisted|p2a: Pelipper
|-damage|p2a: Pelipper|55/100
|-hitcount|p2a: Pelipper|2
|
|-weather|RainDance|[upkeep]
|upkeep
|turn|8
|c| Principal Prickly|bear power bwahah
|j| a rabbit
|inactive|Redemption has 90 seconds left.
|l| a rabbit
|
|t:|1661460188
|move|p2a: Pelipper|Weather Ball|p1a: Iron Maiden
|-damage|p1a: Iron Maiden|38/100
|move|p1a: Iron Maiden|Double Iron Bash|p2a: Pelipper
|-resisted|p2a: Pelipper
|-damage|p2a: Pelipper|30/100
|-resisted|p2a: Pelipper
|-damage|p2a: Pelipper|7/100
|-hitcount|p2a: Pelipper|2
|
|-weather|RainDance|[upkeep]
|upkeep
|turn|9
|
|t:|1661460197
|switch|p1a: Tryo|Hydreigon, M|100/100
|move|p2a: Pelipper|Weather Ball|p1a: Tryo
|-resisted|p1a: Tryo
|-damage|p1a: Tryo|44/100
|
|-weather|RainDance|[upkeep]
|-heal|p1a: Tryo|51/100|[from] item: Leftovers
|-fieldend|move: Psychic Terrain
|upkeep
|turn|10
|c| Principal Prickly|Lio are u american ?
|inactive|Redemption has 90 seconds left.
|
|t:|1661460206
|switch|p2a: Weavile|Weavile, M|100/100
|-ability|p2a: Weavile|Pressure
|move|p1a: Tryo|Dark Pulse|p2a: Weavile
|-resisted|p2a: Weavile
|-damage|p2a: Weavile|71/100
|
|-weather|RainDance|[upkeep]
|-heal|p1a: Tryo|57/100|[from] item: Leftovers
|upkeep
|turn|11
|j| throh-a-way sawks
|c|☆LT94JE Lio|austrian
|inactive|Redemption has 90 seconds left.
|j| WildWave
|
|t:|1661460226
|move|p2a: Weavile|Icicle Crash|p1a: Tryo
|-supereffective|p1a: Tryo
|-damage|p1a: Tryo|0 fnt
|faint|p1a: Tryo
|
|-weather|none
|upkeep
|
|t:|1661460229
|switch|p1a: Daft Punk|Tapu Koko|100/100
|-fieldstart|move: Electric Terrain|[from] ability: Electric Surge|[of] p1a: Daft Punk
|turn|12
|
|t:|1661460233
|switch|p2a: Tapu Lele|Tapu Lele|84/100
|-fieldstart|move: Psychic Terrain|[from] ability: Psychic Surge|[of] p2a: Tapu Lele
|move|p1a: Daft Punk|Dazzling Gleam|p2a: Tapu Lele
|-crit|p2a: Tapu Lele
|-damage|p2a: Tapu Lele|31/100
|
|upkeep
|turn|13
|l| LuckyBombVoyage
|j| lt94jeqw
|j| LT94JE patlop2307
|l| Boulicrok
|j| Gwaaarn
|l| Wnn
|inactive|Redemption has 90 seconds left.
|c| Principal Prickly|ok, i see
|c| Principal Prickly|Nice !
|j| filon
|j| KFC Chizza
|inactive|LT94JE Lio has 120 seconds left.
|inactive|LT94JE Lio has 90 seconds left.
|
|t:|1661460300
|switch|p1a: Ed|Landorus-Therian, M|100/100
|-ability|p1a: Ed|Intimidate|boost
|-unboost|p2a: Tapu Lele|atk|1
|move|p2a: Tapu Lele|Psychic|p1a: Ed
|-damage|p1a: Ed|57/100
|
|-heal|p1a: Ed|63/100|[from] item: Leftovers
|upkeep
|turn|14
|j| EL BAMZUKA
|
|t:|1661460310
|switch|p2a: Landorus|Landorus-Therian, M|77/100
|-ability|p2a: Landorus|Intimidate|boost
|-unboost|p1a: Ed|atk|1
|move|p1a: Ed|Stealth Rock|p2a: Landorus
|-sidestart|p2: LT94JE Lio|move: Stealth Rock
|
|-heal|p2a: Landorus|83/100|[from] item: Leftovers
|-heal|p1a: Ed|69/100|[from] item: Leftovers
|upkeep
|turn|15
|
|t:|1661460313
|move|p2a: Landorus|Defog|p1a: Ed
|-unboost|p1a: Ed|evasion|1
|-sideend|p2: LT94JE Lio|Stealth Rock|[from] move: Defog|[of] p2a: Landorus
|-fieldend|move: Psychic Terrain
|move|p1a: Ed|U-turn|p2a: Landorus
|-resisted|p2a: Landorus
|-damage|p2a: Landorus|78/100
|
|t:|1661460315
|switch|p1a: Survivor|Urshifu-Rapid-Strike, F|1/100|[from]move: U-turn
|
|-heal|p2a: Landorus|84/100|[from] item: Leftovers
|upkeep
|turn|16
|inactive|LT94JE Lio has 120 seconds left.
|l| WildWave
|inactive|LT94JE Lio has 90 seconds left.
|
|t:|1661460350
|switch|p2a: Ferrothorn|Ferrothorn, F|48/100
|move|p1a: Survivor|Surging Strikes|p2a: Ferrothorn
|-resisted|p2a: Ferrothorn
|-crit|p2a: Ferrothorn
|-damage|p2a: Ferrothorn|43/100
|-activate|p2a: Ferrothorn|ability: Iron Barbs
|-activate|p1a: Survivor|item: Protective Pads
|-resisted|p2a: Ferrothorn
|-crit|p2a: Ferrothorn
|-damage|p2a: Ferrothorn|37/100
|-activate|p2a: Ferrothorn|ability: Iron Barbs
|-activate|p1a: Survivor|item: Protective Pads
|-resisted|p2a: Ferrothorn
|-crit|p2a: Ferrothorn
|-damage|p2a: Ferrothorn|32/100
|-activate|p2a: Ferrothorn|ability: Iron Barbs
|-activate|p1a: Survivor|item: Protective Pads
|-hitcount|p2a: Ferrothorn|3
|
|upkeep
|turn|17
|
|t:|1661460357
|move|p1a: Survivor|Close Combat|p2a: Ferrothorn
|-supereffective|p2a: Ferrothorn
|-damage|p2a: Ferrothorn|0 fnt
|-unboost|p1a: Survivor|def|1
|-unboost|p1a: Survivor|spd|1
|-activate|p2a: Ferrothorn|ability: Iron Barbs
|-activate|p1a: Survivor|item: Protective Pads
|faint|p2a: Ferrothorn
|
|upkeep
|
|t:|1661460359
|switch|p2a: Tapu Lele|Tapu Lele|31/100
|-fieldstart|move: Psychic Terrain|[from] ability: Psychic Surge|[of] p2a: Tapu Lele
|turn|18
|c| Principal Prickly|"Redemption" is French, i guess
|l| hump
|c| LT94JE patlop2307|we know mr redemption
|inactive|Redemption has 120 seconds left.
|c| LT94JE patlop2307|hes the french pokeaim
|j| Mimilucha
|inactive|Redemption has 90 seconds left.
|j| Squash
|inactive|Redemption has 60 seconds left.
|
|t:|1661460457
|switch|p1a: Beach Boys|Raichu-Alola, M|100/100
|move|p2a: Tapu Lele|Psychic|p1a: Beach Boys
|-resisted|p1a: Beach Boys
|-damage|p1a: Beach Boys|57/100
|
|upkeep
|turn|19
|j| LeG14
|j| LT94JE PalletHero
|j| LT94JE Flo
|
|t:|1661460466
|switch|p2a: Weavile|Weavile, M|71/100
|-ability|p2a: Weavile|Pressure
|move|p1a: Beach Boys|Psyshock|p2a: Weavile
|-immune|p2a: Weavile
|
|upkeep
|turn|20
|l| Squash
|inactive|LT94JE Lio has 90 seconds left.
|c| Principal Prickly|fascinating...
|
|t:|1661460512
|switch|p1a: Daft Punk|Tapu Koko|100/100
|-fieldstart|move: Electric Terrain|[from] ability: Electric Surge|[of] p1a: Daft Punk
|move|p2a: Weavile|Icicle Crash|p1a: Daft Punk|[miss]
|-miss|p2a: Weavile|p1a: Daft Punk
|
|upkeep
|turn|21
|j| mitanachi suisei
|
|t:|1661460526
|switch|p2a: Pelipper|Pelipper, F|7/100
|-weather|RainDance|[from] ability: Drizzle|[of] p2a: Pelipper
|move|p1a: Daft Punk|U-turn|p2a: Pelipper
|-resisted|p2a: Pelipper
|-damage|p2a: Pelipper|0 fnt
|faint|p2a: Pelipper
|j| Fleeting Lullaby
|l| mitanachi suisei
|inactive|Redemption has 30 seconds left.
|
|t:|1661460549
|switch|p1a: Survivor|Urshifu-Rapid-Strike, F|1/100|[from]move: U-turn
|
|-weather|RainDance|[upkeep]
|upkeep
|
|t:|1661460556
|switch|p2a: Tapu Lele|Tapu Lele|31/100
|-fieldstart|move: Psychic Terrain|[from] ability: Psychic Surge|[of] p2a: Tapu Lele
|turn|22
|
|t:|1661460570
|switch|p1a: Beach Boys|Raichu-Alola, M|57/100
|move|p2a: Tapu Lele|Psychic|p1a: Beach Boys
|-resisted|p1a: Beach Boys
|-damage|p1a: Beach Boys|8/100
|
|-weather|RainDance|[upkeep]
|upkeep
|turn|23
|
|t:|1661460577
|move|p2a: Tapu Lele|Psychic|p1a: Beach Boys
|-resisted|p1a: Beach Boys
|-damage|p1a: Beach Boys|0 fnt
|faint|p1a: Beach Boys
|
|-weather|RainDance|[upkeep]
|upkeep
|
|t:|1661460579
|switch|p1a: Daft Punk|Tapu Koko|100/100
|-fieldstart|move: Electric Terrain|[from] ability: Electric Surge|[of] p1a: Daft Punk
|turn|24
|inactive|LT94JE Lio has 90 seconds left.
|l| LeG14
|inactive|Redemption has 30 seconds left.
|inactive|Redemption has 20 seconds left.
|
|t:|1661460615
|move|p2a: Tapu Lele|Psychic|p1a: Daft Punk
|-damage|p1a: Daft Punk|32/100
|move|p1a: Daft Punk|U-turn|p2a: Tapu Lele
|-damage|p2a: Tapu Lele|7/100
|inactive|Redemption has 25 seconds left this turn.
|inactive|Redemption has 20 seconds left.
|
|t:|1661460623
|switch|p1a: Ed|Landorus-Therian, M|69/100|[from]move: U-turn
|-ability|p1a: Ed|Intimidate|boost
|-unboost|p2a: Tapu Lele|atk|1
|
|-weather|RainDance|[upkeep]
|-heal|p1a: Ed|75/100|[from] item: Leftovers
|upkeep
|turn|25
|inactive|Redemption has 30 seconds left this turn.
|c| Principal Prickly|XD
|
|t:|1661460630
|switch|p2a: Landorus|Landorus-Therian, M|84/100
|-ability|p2a: Landorus|Intimidate|boost
|-unboost|p1a: Ed|atk|1
|move|p1a: Ed|U-turn|p2a: Landorus
|-resisted|p2a: Landorus
|-damage|p2a: Landorus|79/100
|inactive|Redemption has 30 seconds left this turn.
|
|t:|1661460634
|switch|p1a: Survivor|Urshifu-Rapid-Strike, F|1/100|[from]move: U-turn
|
|-weather|none
|-heal|p2a: Landorus|85/100|[from] item: Leftovers
|upkeep
|turn|26
|inactive|LT94JE Lio has 90 seconds left.
|inactive|LT94JE Lio has 60 seconds left.
|inactive|LT94JE Lio has 30 seconds left.
|inactive|LT94JE Lio has 20 seconds left.
|
|t:|1661460711
|move|p1a: Survivor|Surging Strikes|p2a: Landorus
|-supereffective|p2a: Landorus
|-crit|p2a: Landorus
|-damage|p2a: Landorus|60/100
|-supereffective|p2a: Landorus
|-crit|p2a: Landorus
|-damage|p2a: Landorus|34/100
|-supereffective|p2a: Landorus
|-crit|p2a: Landorus
|-damage|p2a: Landorus|5/100
|-hitcount|p2a: Landorus|3
|move|p2a: Landorus|U-turn|p1a: Survivor
|-resisted|p1a: Survivor
|-damage|p1a: Survivor|0 fnt
|faint|p1a: Survivor
|inactive|LT94JE Lio has 25 seconds left this turn.
|c| Principal Prickly|Hold on ! Lio !
|inactive|LT94JE Lio has 20 seconds left.
|inactive|LT94JE Lio has 15 seconds left.
|
|t:|1661460721
|switch|p2a: Weavile|Weavile, M|71/100|[from]move: U-turn
|-ability|p2a: Weavile|Pressure
|
|upkeep
|inactive|LT94JE Lio has 20 seconds left this turn.
|inactive|Redemption has 30 seconds left.
|inactive|Redemption has 20 seconds left.
|inactive|Redemption has 15 seconds left.
|
|t:|1661460756
|switch|p1a: Daft Punk|Tapu Koko|32/100
|turn|27
|inactive|Redemption has 25 seconds left this turn.
|inactive|LT94JE Lio has 30 seconds left this turn.
|inactive|LT94JE Lio has 20 seconds left.
|
|t:|1661460771
|move|p2a: Weavile|Ice Shard|p1a: Daft Punk
|-damage|p1a: Daft Punk|0 fnt
|faint|p1a: Daft Punk
|
|upkeep
|inactive|Redemption has 30 seconds left this turn.
|inactive|LT94JE Lio has 25 seconds left this turn.
|-message|Redemption forfeited.
|
|win|LT94JE Lio
|inactive|LT94JE Lio has 30 seconds left this turn.
|raw|Redemption's rating: 1711 &rarr; <strong>1698</strong><br />(-13 for losing)
|raw|LT94JE Lio's rating: 1830 &rarr; <strong>1843</strong><br />(+13 for winning)
|c| Giove09|gg
|l|☆Redemption
|l| LT94JE patlop2307
|l| EL BAMZUKA
|c| Principal Prickly|Well played
|j| LT94JE patlop2307
|l| wertsd26
|l| LT94JE patlop2307
|l| Principal Prickly
|l| Giove09
|l| filon
|l| Cute Ambre
|l| lt94jeqw
|l| Gwaaarn
|l| KFC Chizza
||Ladder isn't responding, score probably updated but might not have (Request timeout).
