|j|☆Steelix Fusion
|j|☆Folabi69
|t:|1667730997
|gametype|singles
|player|p1|Steelix Fusion|marshal|1647
|player|p2|Folabi69|lucas|1691
|teamsize|p1|6
|teamsize|p2|6
|gen|8
|tier|[Gen 8] OU
|rated|
|rule|Sleep Clause Mod: Limit one foe put to sleep
|rule|Species Clause: Limit one of each Pokémon
|rule|OHKO Clause: OHKO moves are banned
|rule|Evasion Items Clause: Evasion items are banned
|rule|Evasion Moves Clause: Evasion moves are banned
|rule|Endless Battle Clause: Forcing endless battles is banned
|rule|HP Percentage Mod: HP is shown in percentages
|rule|Dynamax Clause: You cannot dynamax
|clearpoke
|poke|p1|Obstagoon, M|
|poke|p1|Scolipede, M|
|poke|p1|Ninetales-Alola, F|
|poke|p1|Klefki, M|
|poke|p1|Volcarona, F|
|poke|p1|Blacephalon|
|poke|p2|Pelipper, M|
|poke|p2|Barraskewda, F|
|poke|p2|Porygon-Z|
|poke|p2|Ferrothorn, M|
|poke|p2|Tapu Lele|
|poke|p2|Seismitoad, M|
|teampreview
|j| 13643894176b
|inactive|Battle timer is ON: inactive players will automatically lose when time's up. (requested by Steelix Fusion)
|
|t:|1667731020
|start
|switch|p1a: Blacephalon|Blacephalon|100/100
|switch|p2a: Ferrothorn|Ferrothorn, M|100/100
|turn|1
|
|t:|1667731025
|switch|p2a: Pelipper|Pelipper, M|100/100
|-weather|RainDance|[from] ability: Drizzle|[of] p2a: Pelipper
|move|p1a: Blacephalon|Shadow Ball|p2a: Pelipper
|-damage|p2a: Pelipper|32/100
|
|-weather|RainDance|[upkeep]
|upkeep
|turn|2
|
|t:|1667731032
|switch|p1a: Ninetales|Ninetales-Alola, F|100/100
|-weather|Hail|[from] ability: Snow Warning|[of] p1a: Ninetales
|switch|p2a: Porygon-Z|Porygon-Z|100/100
|-ability|p2a: Porygon-Z|Download|boost
|-boost|p2a: Porygon-Z|spa|1
|
|-weather|Hail|[upkeep]
|-damage|p2a: Porygon-Z|94/100|[from] Hail
|upkeep
|turn|3
|
|t:|1667731041
|move|p1a: Ninetales|Aurora Veil|p1a: Ninetales
|-sidestart|p1: Steelix Fusion|move: Aurora Veil
|move|p2a: Porygon-Z|Tri Attack|p1a: Ninetales
|-damage|p1a: Ninetales|43/100
|
|-weather|Hail|[upkeep]
|-damage|p2a: Porygon-Z|88/100|[from] Hail
|upkeep
|turn|4
|
|t:|1667731048
|switch|p1a: Blacephalon|Blacephalon|100/100
|move|p2a: Porygon-Z|Tri Attack|p1a: Blacephalon
|-immune|p1a: Blacephalon
|
|-weather|Hail|[upkeep]
|-damage|p1a: Blacephalon|94/100|[from] Hail
|-damage|p2a: Porygon-Z|82/100|[from] Hail
|upkeep
|turn|5
|
|t:|1667731056
|switch|p2a: Pelipper|Pelipper, M|32/100
|-weather|RainDance|[from] ability: Drizzle|[of] p2a: Pelipper
|move|p1a: Blacephalon|Shadow Ball|p2a: Pelipper
|-damage|p2a: Pelipper|0 fnt
|faint|p2a: Pelipper
|-ability|p1a: Blacephalon|Beast Boost|boost
|-boost|p1a: Blacephalon|spa|1
|
|-weather|RainDance|[upkeep]
|upkeep
|
|t:|1667731060
|switch|p2a: Barraskewda|Barraskewda, F|100/100
|turn|6
|
|t:|1667731067
|switch|p1a: Ninetales|Ninetales-Alola, F|43/100
|-weather|Hail|[from] ability: Snow Warning|[of] p1a: Ninetales
|move|p2a: Barraskewda|Liquidation|p1a: Ninetales
|-damage|p1a: Ninetales|1/100
|-unboost|p1a: Ninetales|def|1
|
|-weather|Hail|[upkeep]
|-damage|p2a: Barraskewda|94/100|[from] Hail
|upkeep
|turn|7
|
|t:|1667731079
|move|p2a: Barraskewda|Liquidation|p1a: Ninetales
|-damage|p1a: Ninetales|0 fnt
|faint|p1a: Ninetales
|
|-weather|Hail|[upkeep]
|-damage|p2a: Barraskewda|88/100|[from] Hail
|upkeep
|
|t:|1667731085
|switch|p1a: Scolipede|Scolipede, M|100/100
|turn|8
|
|t:|1667731090
|move|p2a: Barraskewda|Liquidation|p1a: Scolipede
|-damage|p1a: Scolipede|60/100
|-unboost|p1a: Scolipede|def|1
|move|p1a: Scolipede|Swords Dance|p1a: Scolipede
|-boost|p1a: Scolipede|atk|2
|
|-weather|Hail|[upkeep]
|-damage|p2a: Barraskewda|82/100|[from] Hail
|-damage|p1a: Scolipede|53/100|[from] Hail
|-ability|p1a: Scolipede|Speed Boost|boost
|-boost|p1a: Scolipede|spe|1
|upkeep
|turn|9
|
|t:|1667731099
|move|p1a: Scolipede|Earthquake|p2a: Barraskewda
|-damage|p2a: Barraskewda|0 fnt
|faint|p2a: Barraskewda
|-damage|p1a: Scolipede|43/100|[from] item: Life Orb
|
|-weather|Hail|[upkeep]
|-damage|p1a: Scolipede|37/100|[from] Hail
|-ability|p1a: Scolipede|Speed Boost|boost
|-boost|p1a: Scolipede|spe|1
|upkeep
|
|t:|1667731103
|switch|p2a: Ferrothorn|Ferrothorn, M|100/100
|turn|10
|
|t:|1667731112
|move|p1a: Scolipede|Earthquake|p2a: Ferrothorn
|-damage|p2a: Ferrothorn|51/100
|-damage|p1a: Scolipede|27/100|[from] item: Life Orb
|move|p2a: Ferrothorn|Stealth Rock|p1a: Scolipede
|-sidestart|p1: Steelix Fusion|move: Stealth Rock
|
|-weather|none
|-sideend|p1: Steelix Fusion|move: Aurora Veil
|-ability|p1a: Scolipede|Speed Boost|boost
|-boost|p1a: Scolipede|spe|1
|upkeep
|turn|11
|
|t:|1667731120
|move|p1a: Scolipede|Earthquake|p2a: Ferrothorn
|-damage|p2a: Ferrothorn|2/100
|-damage|p1a: Scolipede|17/100|[from] item: Life Orb
|move|p2a: Ferrothorn|Knock Off|p1a: Scolipede
|-damage|p1a: Scolipede|0 fnt
|-enditem|p1a: Scolipede|Life Orb|[from] move: Knock Off|[of] p2a: Ferrothorn
|faint|p1a: Scolipede
|
|upkeep
|
|t:|1667731136
|switch|p1a: Volcarona|Volcarona, F|100/100
|turn|12
|
|t:|1667731143
|switch|p2a: Tapu Lele|Tapu Lele|100/100
|-fieldstart|move: Psychic Terrain|[from] ability: Psychic Surge|[of] p2a: Tapu Lele
|move|p1a: Volcarona|Quiver Dance|p1a: Volcarona
|-boost|p1a: Volcarona|spa|1
|-boost|p1a: Volcarona|spd|1
|-boost|p1a: Volcarona|spe|1
|
|upkeep
|turn|13
|
|t:|1667731150
|move|p2a: Tapu Lele|Psyshock|p1a: Volcarona
|-damage|p1a: Volcarona|26/100
|move|p1a: Volcarona|Fiery Dance|p2a: Tapu Lele
|-damage|p2a: Tapu Lele|30/100
|-boost|p1a: Volcarona|spa|1
|
|upkeep
|turn|14
|
|t:|1667731157
|switch|p1a: Obstagoon|Obstagoon, M|100/100
|-damage|p1a: Obstagoon|88/100|[from] Stealth Rock
|move|p2a: Tapu Lele|Psyshock|p1a: Obstagoon
|-immune|p1a: Obstagoon
|
|-status|p1a: Obstagoon|brn|[from] item: Flame Orb
|upkeep
|turn|15
|
|t:|1667731165
|switch|p2a: Ferrothorn|Ferrothorn, M|2/100
|move|p1a: Obstagoon|Knock Off|p2a: Ferrothorn
|-damage|p2a: Ferrothorn|0 fnt
|-damage|p1a: Obstagoon|76/100 brn|[from] ability: Iron Barbs|[of] p2a: Ferrothorn
|-damage|p1a: Obstagoon|60/100 brn|[from] item: Rocky Helmet|[of] p2a: Ferrothorn
|-enditem|p2a: Ferrothorn|Rocky Helmet|[from] move: Knock Off|[of] p1a: Obstagoon
|faint|p2a: Ferrothorn
|
|-damage|p1a: Obstagoon|53/100 brn|[from] brn
|upkeep
|
|t:|1667731175
|switch|p2a: Tapu Lele|Tapu Lele|30/100
|turn|16
|
|t:|1667731179
|switch|p1a: Klefki|Klefki, M|100/100
|-damage|p1a: Klefki|94/100|[from] Stealth Rock
|move|p2a: Tapu Lele|Moonblast|p1a: Klefki
|-resisted|p1a: Klefki
|-damage|p1a: Klefki|64/100
|-unboost|p1a: Klefki|spa|1
|
|-fieldend|move: Psychic Terrain
|upkeep
|turn|17
|
|t:|1667731187
|switch|p2a: Seismitoad|Seismitoad, M|100/100
|move|p1a: Klefki|Defog|p2a: Seismitoad
|-unboost|p2a: Seismitoad|evasion|1
|-sideend|p1: Steelix Fusion|Stealth Rock|[from] move: Defog|[of] p1a: Klefki
|
|upkeep
|turn|18
|
|t:|1667731192
|move|p1a: Klefki|Light Screen|p1a: Klefki
|-sidestart|p1: Steelix Fusion|move: Light Screen
|move|p2a: Seismitoad|Earth Power|p1a: Klefki
|-supereffective|p1a: Klefki
|-damage|p1a: Klefki|1/100
|
|upkeep
|turn|19
|
|t:|1667731197
|switch|p2a: Porygon-Z|Porygon-Z|82/100
|-ability|p2a: Porygon-Z|Download|boost
|-boost|p2a: Porygon-Z|spa|1
|move|p1a: Klefki|Reflect|p1a: Klefki
|-sidestart|p1: Steelix Fusion|Reflect
|
|upkeep
|turn|20
|
|t:|1667731203
|switch|p2a: Seismitoad|Seismitoad, M|100/100
|move|p1a: Klefki|Thunder Wave|p2a: Seismitoad
|-immune|p2a: Seismitoad
|
|upkeep
|turn|21
|
|t:|1667731213
|switch|p2a: Porygon-Z|Porygon-Z|82/100
|-ability|p2a: Porygon-Z|Download|boost
|-boost|p2a: Porygon-Z|spa|1
|move|p1a: Klefki|Defog|p2a: Porygon-Z
|-unboost|p2a: Porygon-Z|evasion|1
|
|upkeep
|turn|22
|
|t:|1667731219
|switch|p2a: Seismitoad|Seismitoad, M|100/100
|switch|p1a: Blacephalon|Blacephalon|94/100
|
|upkeep
|turn|23
|
|t:|1667731225
|move|p1a: Blacephalon|Shadow Ball|p2a: Seismitoad
|-damage|p2a: Seismitoad|4/100
|move|p2a: Seismitoad|Earth Power|p1a: Blacephalon
|-supereffective|p1a: Blacephalon
|-damage|p1a: Blacephalon|11/100
|
|upkeep
|turn|24
|
|t:|1667731232
|switch|p1a: Obstagoon|Obstagoon, M|53/100 brn
|move|p2a: Seismitoad|Earth Power|p1a: Obstagoon
|-damage|p1a: Obstagoon|20/100 brn
|
|-damage|p1a: Obstagoon|14/100 brn|[from] brn
|upkeep
|turn|25
|
|t:|1667731238
|move|p1a: Obstagoon|Knock Off|p2a: Seismitoad
|-damage|p2a: Seismitoad|0 fnt
|-enditem|p2a: Seismitoad|Choice Specs|[from] move: Knock Off|[of] p1a: Obstagoon
|faint|p2a: Seismitoad
|
|-damage|p1a: Obstagoon|8/100 brn|[from] brn
|-sideend|p1: Steelix Fusion|move: Light Screen
|upkeep
|
|t:|1667731242
|switch|p2a: Tapu Lele|Tapu Lele|30/100
|-fieldstart|move: Psychic Terrain|[from] ability: Psychic Surge|[of] p2a: Tapu Lele
|turn|26
|
|t:|1667731260
|switch|p1a: Volcarona|Volcarona, F|26/100
|move|p2a: Tapu Lele|Moonblast|p1a: Volcarona
|-resisted|p1a: Volcarona
|-damage|p1a: Volcarona|0 fnt
|faint|p1a: Volcarona
|
|-sideend|p1: Steelix Fusion|Reflect
|upkeep
|
|t:|1667731267
|switch|p1a: Klefki|Klefki, M|1/100
|turn|27
|
|t:|1667731269
|switch|p2a: Porygon-Z|Porygon-Z|82/100
|-ability|p2a: Porygon-Z|Download|boost
|-boost|p2a: Porygon-Z|spa|1
|move|p1a: Klefki|Light Screen|p1a: Klefki
|-sidestart|p1: Steelix Fusion|move: Light Screen
|
|upkeep
|turn|28
|
|t:|1667731280
|move|p1a: Klefki|Reflect|p1a: Klefki
|-sidestart|p1: Steelix Fusion|Reflect
|move|p2a: Porygon-Z|Ice Beam|p1a: Klefki
|-resisted|p1a: Klefki
|-damage|p1a: Klefki|0 fnt
|faint|p1a: Klefki
|
|upkeep
|
|t:|1667731289
|switch|p1a: Blacephalon|Blacephalon|11/100
|turn|29
|
|t:|1667731294
|move|p1a: Blacephalon|Psyshock|p2a: Porygon-Z
|-damage|p2a: Porygon-Z|0 fnt
|faint|p2a: Porygon-Z
|-ability|p1a: Blacephalon|Beast Boost|boost
|-boost|p1a: Blacephalon|spa|1
|
|upkeep
|
|t:|1667731298
|switch|p2a: Tapu Lele|Tapu Lele|30/100
|turn|30
|
|t:|1667731301
|move|p2a: Tapu Lele|Moonblast|p1a: Blacephalon
|-resisted|p1a: Blacephalon
|-damage|p1a: Blacephalon|0 fnt
|faint|p1a: Blacephalon
|
|-fieldend|move: Psychic Terrain
|upkeep
|
|t:|1667731306
|switch|p1a: Obstagoon|Obstagoon, M|8/100 brn
|turn|31
|
|t:|1667731309
|move|p2a: Tapu Lele|Moonblast|p1a: Obstagoon
|-supereffective|p1a: Obstagoon
|-damage|p1a: Obstagoon|0 fnt
|faint|p1a: Obstagoon
|
|win|Folabi69
|raw|Steelix Fusion's rating: 1647 &rarr; <strong>1630</strong><br />(-17 for losing)
|raw|Folabi69's rating: 1691 &rarr; <strong>1708</strong><br />(+17 for winning)
|c|☆Folabi69|Gg
|l|☆Folabi69
|c|☆Steelix Fusion|using a noob team
|c|☆Steelix Fusion|and he struiggled
|c| 13643894176b|yep
|c| 13643894176b|bye
|c| 13643894176b|good game
|l|☆Steelix Fusion
