|j|☆ezwz
|j|☆sht tester
|t:|1603576351
|player|p1|ezwz|youngster-gen4|1884
|player|p2|sht tester|oak-gen1|1889
|teamsize|p1|6
|teamsize|p2|6
|gametype|singles
|gen|8
|tier|[Gen 8] OU
|rated|
|clearpoke
|poke|p1|Landorus-Therian, M|
|poke|p1|Heatran, M|
|poke|p1|Tapu Bulu|
|poke|p1|Tapu Fini|
|poke|p1|Urshifu-*, M|
|poke|p1|Zapdos|
|poke|p2|Thundurus-Therian, M|
|poke|p2|Pelipper, F|
|poke|p2|Barraskewda, M|
|poke|p2|Volcanion|
|poke|p2|Ferrothorn, F|
|poke|p2|Genesect-Douse|
|rule|Sleep Clause Mod: Limit one foe put to sleep
|rule|Species Clause: Limit one of each Pokémon
|rule|OHKO Clause: OHKO moves are banned
|rule|Evasion Moves Clause: Evasion moves are banned
|rule|Endless Battle Clause: Forcing endless battles is banned
|rule|HP Percentage Mod: HP is shown in percentages
|rule|Dynamax Clause: You cannot dynamax
|teampreview
|j| aasdfasdhjksdg
|j| DekuShootStyle25
|
|t:|1603576359
|start
|switch|p1a: Heatran|Heatran, M|100/100
|switch|p2a: Pelipper|Pelipper, F|100/100
|-weather|RainDance|[from] ability: Drizzle|[of] p2a: Pelipper
|turn|1
|j| BrothaOptions
|
|t:|1603576364
|switch|p2a: Volcanion|Volcanion|100/100
|move|p1a: Heatran|Stealth Rock|p2a: Volcanion
|-sidestart|p2: sht tester|move: Stealth Rock
|
|-weather|RainDance|[upkeep]
|upkeep
|turn|2
|
|t:|1603576381
|switch|p1a: Landorus|Landorus-Therian, M|100/100
|-ability|p1a: Landorus|Intimidate|boost
|-unboost|p2a: Volcanion|atk|1
|move|p2a: Volcanion|Steam Eruption|p1a: Landorus
|-supereffective|p1a: Landorus
|-damage|p1a: Landorus|0 fnt
|faint|p1a: Landorus
|
|-weather|RainDance|[upkeep]
|upkeep
|j| oreokek
|l| oreokek
|j| DYWY❀
|
|t:|1603576401
|switch|p1a: Tapu Bulu|Tapu Bulu|100/100
|-fieldstart|move: Grassy Terrain|[from] ability: Grassy Surge|[of] p1a: Tapu Bulu
|turn|3
|j| tapu moxo
|
|t:|1603576406
|move|p2a: Volcanion|Steam Eruption|p1a: Tapu Bulu|[miss]
|-miss|p2a: Volcanion|p1a: Tapu Bulu
|move|p1a: Tapu Bulu|Horn Leech|p2a: Volcanion
|-damage|p2a: Volcanion|60/100
|
|-weather|RainDance|[upkeep]
|-heal|p2a: Volcanion|66/100|[from] Grassy Terrain
|upkeep
|turn|4
|
|t:|1603576411
|move|p2a: Volcanion|Steam Eruption|p1a: Tapu Bulu
|-resisted|p1a: Tapu Bulu
|-damage|p1a: Tapu Bulu|46/100
|move|p1a: Tapu Bulu|Horn Leech|p2a: Volcanion
|-damage|p2a: Volcanion|25/100
|-heal|p1a: Tapu Bulu|64/100|[from] drain|[of] p2a: Volcanion
|
|-weather|RainDance|[upkeep]
|-heal|p2a: Volcanion|31/100|[from] Grassy Terrain
|-heal|p1a: Tapu Bulu|70/100|[from] item: Leftovers
|-heal|p1a: Tapu Bulu|76/100|[from] Grassy Terrain
|upkeep
|turn|5
|
|t:|1603576415
|move|p2a: Volcanion|Steam Eruption|p1a: Tapu Bulu
|-resisted|p1a: Tapu Bulu
|-damage|p1a: Tapu Bulu|26/100
|move|p1a: Tapu Bulu|Superpower|p2a: Volcanion
|-damage|p2a: Volcanion|0 fnt
|-unboost|p1a: Tapu Bulu|atk|1
|-unboost|p1a: Tapu Bulu|def|1
|faint|p2a: Volcanion
|
|-weather|RainDance|[upkeep]
|-heal|p1a: Tapu Bulu|32/100|[from] item: Leftovers
|-heal|p1a: Tapu Bulu|39/100|[from] Grassy Terrain
|upkeep
|
|t:|1603576419
|switch|p2a: Barraskewda|Barraskewda, M|100/100
|-damage|p2a: Barraskewda|88/100|[from] Stealth Rock
|turn|6
|j| drivance
|
|t:|1603576431
|move|p2a: Barraskewda|Liquidation|p1a: Tapu Bulu
|-resisted|p1a: Tapu Bulu
|-damage|p1a: Tapu Bulu|0 fnt
|faint|p1a: Tapu Bulu
|
|-weather|RainDance|[upkeep]
|-heal|p2a: Barraskewda|94/100|[from] Grassy Terrain
|upkeep
|j| sorah01
|
|t:|1603576462
|switch|p1a: Urshifu|Urshifu, M|100/100
|turn|7
|
|t:|1603576464
|switch|p2a: Ferrothorn|Ferrothorn, F|100/100
|-damage|p2a: Ferrothorn|94/100|[from] Stealth Rock
|move|p1a: Urshifu|Sucker Punch||[still]
|-fail|p1a: Urshifu
|
|-weather|RainDance|[upkeep]
|-heal|p2a: Ferrothorn|100/100|[from] Grassy Terrain
|-fieldend|move: Grassy Terrain
|upkeep
|turn|8
|
|t:|1603576468
|move|p1a: Urshifu|Close Combat|p2a: Ferrothorn
|-supereffective|p2a: Ferrothorn
|-enditem|p2a: Ferrothorn|Chople Berry|[eat]
|-enditem|p2a: Ferrothorn|Chople Berry|[weaken]
|-damage|p2a: Ferrothorn|37/100
|-unboost|p1a: Urshifu|def|1
|-unboost|p1a: Urshifu|spd|1
|-damage|p1a: Urshifu|88/100|[from] ability: Iron Barbs|[of] p2a: Ferrothorn
|-damage|p1a: Urshifu|78/100|[from] item: Life Orb
|move|p2a: Ferrothorn|Stealth Rock|p1a: Urshifu
|-sidestart|p1: ezwz|move: Stealth Rock
|
|-weather|none
|upkeep
|turn|9
|
|t:|1603576480
|move|p1a: Urshifu|Close Combat|p2a: Ferrothorn
|-supereffective|p2a: Ferrothorn
|-damage|p2a: Ferrothorn|0 fnt
|-unboost|p1a: Urshifu|def|1
|-unboost|p1a: Urshifu|spd|1
|-damage|p1a: Urshifu|66/100|[from] ability: Iron Barbs|[of] p2a: Ferrothorn
|-damage|p1a: Urshifu|56/100|[from] item: Life Orb
|faint|p2a: Ferrothorn
|
|upkeep
|
|t:|1603576489
|switch|p2a: Barraskewda|Barraskewda, M|94/100
|-damage|p2a: Barraskewda|82/100|[from] Stealth Rock
|turn|10
|
|t:|1603576493
|switch|p1a: Zapdos|Zapdos|100/100
|move|p2a: Barraskewda|Aqua Jet|p1a: Zapdos
|-damage|p1a: Zapdos|78/100
|-status|p2a: Barraskewda|par|[from] ability: Static|[of] p1a: Zapdos
|
|upkeep
|turn|11
|
|t:|1603576501
|switch|p2a: Pelipper|Pelipper, F|100/100
|-damage|p2a: Pelipper|76/100|[from] Stealth Rock
|-weather|RainDance|[from] ability: Drizzle|[of] p2a: Pelipper
|move|p1a: Zapdos|Heat Wave|p2a: Pelipper
|-resisted|p2a: Pelipper
|-damage|p2a: Pelipper|68/100
|
|-weather|RainDance|[upkeep]
|upkeep
|turn|12
|
|t:|1603576504
|switch|p2a: Thundurus|Thundurus-Therian, M|100/100
|move|p1a: Zapdos|Toxic|p2a: Thundurus
|-status|p2a: Thundurus|tox
|
|-weather|RainDance|[upkeep]
|-damage|p2a: Thundurus|94/100 tox|[from] psn
|upkeep
|turn|13
|
|t:|1603576509
|move|p2a: Thundurus|Thunder|p1a: Zapdos
|-damage|p1a: Zapdos|20/100
|move|p1a: Zapdos|Roost|p1a: Zapdos
|-heal|p1a: Zapdos|70/100
|-singleturn|p1a: Zapdos|move: Roost
|
|-weather|RainDance|[upkeep]
|-damage|p2a: Thundurus|82/100 tox|[from] psn
|upkeep
|turn|14
|
|t:|1603576520
|move|p2a: Thundurus|Nasty Plot|p2a: Thundurus
|-boost|p2a: Thundurus|spa|2
|move|p1a: Zapdos|Roost|p1a: Zapdos
|-heal|p1a: Zapdos|100/100
|-singleturn|p1a: Zapdos|move: Roost
|
|-weather|RainDance|[upkeep]
|-damage|p2a: Thundurus|64/100 tox|[from] psn
|upkeep
|turn|15
|
|t:|1603576533
|switch|p1a: Heatran|Heatran, M|100/100
|-damage|p1a: Heatran|88/100|[from] Stealth Rock
|move|p2a: Thundurus|Thunder|p1a: Heatran
|-damage|p1a: Heatran|11/100
|
|-weather|RainDance|[upkeep]
|-heal|p1a: Heatran|17/100|[from] item: Leftovers
|-damage|p2a: Thundurus|40/100 tox|[from] psn
|upkeep
|turn|16
|
|t:|1603576536
|move|p2a: Thundurus|Thunder|p1a: Heatran
|-crit|p1a: Heatran
|-damage|p1a: Heatran|0 fnt
|faint|p1a: Heatran
|
|-weather|RainDance|[upkeep]
|-damage|p2a: Thundurus|10/100 tox|[from] psn
|upkeep
|
|t:|1603576539
|switch|p1a: Urshifu|Urshifu, M|56/100
|-damage|p1a: Urshifu|50/100|[from] Stealth Rock
|turn|17
|
|t:|1603576541
|move|p1a: Urshifu|Sucker Punch|p2a: Thundurus
|-damage|p2a: Thundurus|0 fnt
|-damage|p1a: Urshifu|40/100|[from] item: Life Orb
|faint|p2a: Thundurus
|
|-weather|RainDance|[upkeep]
|upkeep
|
|t:|1603576544
|switch|p2a: Barraskewda|Barraskewda, M|82/100 par
|-damage|p2a: Barraskewda|70/100 par|[from] Stealth Rock
|turn|18
|
|t:|1603576549
|move|p2a: Barraskewda|Aqua Jet|p1a: Urshifu
|-damage|p1a: Urshifu|0 fnt
|faint|p1a: Urshifu
|
|-weather|none
|upkeep
|
|t:|1603576552
|switch|p1a: Tapu Fini|Tapu Fini|100/100
|-damage|p1a: Tapu Fini|88/100|[from] Stealth Rock
|-fieldstart|move: Misty Terrain|[from] ability: Misty Surge|[of] p1a: Tapu Fini
|turn|19
|
|t:|1603576554
|switch|p2a: Pelipper|Pelipper, F|68/100
|-damage|p2a: Pelipper|44/100|[from] Stealth Rock
|-weather|RainDance|[from] ability: Drizzle|[of] p2a: Pelipper
|move|p1a: Tapu Fini|Calm Mind|p1a: Tapu Fini
|-boost|p1a: Tapu Fini|spa|1
|-boost|p1a: Tapu Fini|spd|1
|
|-weather|RainDance|[upkeep]
|-heal|p1a: Tapu Fini|94/100|[from] item: Leftovers
|upkeep
|turn|20
|
|t:|1603576556
|move|p1a: Tapu Fini|Substitute|p1a: Tapu Fini
|-start|p1a: Tapu Fini|Substitute
|-damage|p1a: Tapu Fini|69/100
|move|p2a: Pelipper|U-turn|p1a: Tapu Fini
|-resisted|p1a: Tapu Fini
|-activate|p1a: Tapu Fini|move: Substitute|[damage]
|
|t:|1603576558
|switch|p2a: Barraskewda|Barraskewda, M|70/100 par|[from]move: U-turn
|-damage|p2a: Barraskewda|58/100 par|[from] Stealth Rock
|
|-weather|RainDance|[upkeep]
|-heal|p1a: Tapu Fini|75/100|[from] item: Leftovers
|upkeep
|turn|21
|
|t:|1603576562
|move|p2a: Barraskewda|Liquidation|p1a: Tapu Fini
|-resisted|p1a: Tapu Fini
|-end|p1a: Tapu Fini|Substitute
|move|p1a: Tapu Fini|Draining Kiss|p2a: Barraskewda
|-damage|p2a: Barraskewda|0 fnt
|-heal|p1a: Tapu Fini|100/100|[from] drain|[of] p2a: Barraskewda
|faint|p2a: Barraskewda
|
|-weather|RainDance|[upkeep]
|upkeep
|
|t:|1603576565
|switch|p2a: Genesect|Genesect-Douse, shiny|100/100
|-damage|p2a: Genesect|88/100|[from] Stealth Rock
|-ability|p2a: Genesect|Download|boost
|-boost|p2a: Genesect|atk|1
|turn|22
|l| tapu moxo
|
|t:|1603576571
|move|p2a: Genesect|Thunder|p1a: Tapu Fini
|-supereffective|p1a: Tapu Fini
|-damage|p1a: Tapu Fini|60/100
|move|p1a: Tapu Fini|Scald|p2a: Genesect
|-damage|p2a: Genesect|0 fnt
|faint|p2a: Genesect
|
|-weather|RainDance|[upkeep]
|-heal|p1a: Tapu Fini|66/100|[from] item: Leftovers
|upkeep
|
|t:|1603576573
|switch|p2a: Pelipper|Pelipper, F|44/100
|-damage|p2a: Pelipper|19/100|[from] Stealth Rock
|turn|23
|
|t:|1603576577
|move|p1a: Tapu Fini|Draining Kiss|p2a: Pelipper
|-damage|p2a: Pelipper|0 fnt
|-heal|p1a: Tapu Fini|79/100|[from] drain|[of] p2a: Pelipper
|faint|p2a: Pelipper
|
|win|ezwz
|c|☆sht tester|gg
|c|☆ezwz|gg
