|j|☆tanishq1
|j|☆HageverMelech
|t:|1653148063
|gametype|singles
|player|p1|tanishq1|1|1714
|player|p2|HageverMelech|cynthia|1651
|teamsize|p1|6
|teamsize|p2|6
|gen|8
|tier|[Gen 8] OU
|rated|
|rule|Sleep Clause Mod: Limit one foe put to sleep
|rule|Species Clause: Limit one of each Pokémon
|rule|OHKO Clause: OHKO moves are banned
|rule|Evasion Moves Clause: Evasion moves are banned
|rule|Endless Battle Clause: Forcing endless battles is banned
|rule|HP Percentage Mod: HP is shown in percentages
|rule|Dynamax Clause: You cannot dynamax
|clearpoke
|poke|p1|Slowbro, F|
|poke|p1|Pangoro, F|
|poke|p1|Tapu Koko|
|poke|p1|Landorus-Therian, M|
|poke|p1|Heatran, M|
|poke|p1|Melmetal|
|poke|p2|Tyranitar, F|
|poke|p2|Dragapult, M|
|poke|p2|Ferrothorn, M|
|poke|p2|Tapu Fini|
|poke|p2|Landorus-Therian, M|
|poke|p2|Corviknight, F|
|teampreview
|inactive|Battle timer is ON: inactive players will automatically lose when time's up. (requested by HageverMelech)
|
|t:|1653148078
|start
|switch|p1a: Joker|Pangoro, F, shiny|100/100
|switch|p2a: Marwa|Tapu Fini|100/100
|-fieldstart|move: Misty Terrain|[from] ability: Misty Surge|[of] p2a: Marwa
|turn|1
|j| Ifuckwithaditto
|
|t:|1653148083
|switch|p1a: Inca|Slowbro, F|100/100
|move|p2a: Marwa|Whirlpool|p1a: Inca
|-resisted|p1a: Inca
|-damage|p1a: Inca|95/100
|-activate|p1a: Inca|move: Whirlpool|[of] p2a: Marwa
|
|-damage|p1a: Inca|82/100|[from] move: Whirlpool|[partiallytrapped]
|upkeep
|turn|2
|
|t:|1653148088
|move|p2a: Marwa|Taunt|p1a: Inca
|-start|p1a: Inca|move: Taunt
|move|p1a: Inca|Future Sight|p2a: Marwa
|-start|p1a: Inca|move: Future Sight
|
|-damage|p1a: Inca|70/100|[from] move: Whirlpool|[partiallytrapped]
|upkeep
|turn|3
|
|t:|1653148090
|move|p2a: Marwa|Nature's Madness|p1a: Inca
|-damage|p1a: Inca|35/100
|move|p1a: Inca|Body Press|p2a: Marwa
|-resisted|p2a: Marwa
|-damage|p2a: Marwa|90/100
|
|-heal|p2a: Marwa|96/100|[from] item: Leftovers
|-damage|p1a: Inca|23/100|[from] move: Whirlpool|[partiallytrapped]
|upkeep
|turn|4
|
|t:|1653148093
|move|p2a: Marwa|Moonblast|p1a: Inca
|-damage|p1a: Inca|0 fnt
|faint|p1a: Inca
|
|-end|p2a: Marwa|move: Future Sight
|-damage|p2a: Marwa|70/100
|-heal|p2a: Marwa|76/100|[from] item: Leftovers
|upkeep
|
|t:|1653148096
|switch|p1a: Huamea|Tapu Koko|100/100
|-fieldstart|move: Electric Terrain|[from] ability: Electric Surge|[of] p1a: Huamea
|turn|5
|
|t:|1653148100
|switch|p2a: Nidaal|Ferrothorn, M|100/100
|move|p1a: Huamea|U-turn|p2a: Nidaal
|-damage|p2a: Nidaal|91/100
|-damage|p1a: Huamea|88/100|[from] ability: Iron Barbs|[of] p2a: Nidaal
|-damage|p1a: Huamea|72/100|[from] item: Rocky Helmet|[of] p2a: Nidaal
|
|t:|1653148104
|switch|p1a: Joker|Pangoro, F, shiny|100/100|[from]move: U-turn
|
|upkeep
|turn|6
|j| CatDaddy90
|
|t:|1653148107
|move|p2a: Nidaal|Protect|p2a: Nidaal
|-singleturn|p2a: Nidaal|Protect
|move|p1a: Joker|Knock Off|p2a: Nidaal
|-activate|p2a: Nidaal|move: Protect
|
|upkeep
|turn|7
|
|t:|1653148110
|move|p1a: Joker|Knock Off|p2a: Nidaal
|-damage|p2a: Nidaal|50/100
|-damage|p1a: Joker|88/100|[from] ability: Iron Barbs|[of] p2a: Nidaal
|-damage|p1a: Joker|71/100|[from] item: Rocky Helmet|[of] p2a: Nidaal
|-enditem|p2a: Nidaal|Rocky Helmet|[from] move: Knock Off|[of] p1a: Joker
|move|p2a: Nidaal|Body Press|p1a: Joker
|-supereffective|p1a: Joker
|-damage|p1a: Joker|0 fnt
|faint|p1a: Joker
|
|upkeep
|
|t:|1653148112
|switch|p1a: Huamea|Tapu Koko|72/100
|turn|8
|
|t:|1653148114
|move|p2a: Nidaal|Protect|p2a: Nidaal
|-singleturn|p2a: Nidaal|Protect
|move|p1a: Huamea|Thunderbolt|p2a: Nidaal
|-activate|p2a: Nidaal|move: Protect
|
|upkeep
|turn|9
|
|t:|1653148116
|move|p1a: Huamea|Thunderbolt|p2a: Nidaal
|-resisted|p2a: Nidaal
|-damage|p2a: Nidaal|30/100
|move|p2a: Nidaal|Leech Seed|p1a: Huamea
|-start|p1a: Huamea|move: Leech Seed
|
|-damage|p1a: Huamea|59/100|[from] Leech Seed|[of] p2a: Nidaal
|-heal|p2a: Nidaal|40/100|[silent]
|-fieldend|move: Electric Terrain
|upkeep
|turn|10
|
|t:|1653148120
|switch|p1a: Charon|Heatran, M|100/100
|-item|p1a: Charon|Air Balloon
|move|p2a: Nidaal|Leech Seed|p1a: Charon
|-start|p1a: Charon|move: Leech Seed
|
|-damage|p1a: Charon|88/100|[from] Leech Seed|[of] p2a: Nidaal
|-heal|p2a: Nidaal|51/100|[silent]
|upkeep
|turn|11
|
|t:|1653148122
|move|p2a: Nidaal|Protect|p2a: Nidaal
|-singleturn|p2a: Nidaal|Protect
|move|p1a: Charon|Stealth Rock|p2a: Nidaal
|-sidestart|p2: HageverMelech|move: Stealth Rock
|
|-damage|p1a: Charon|76/100|[from] Leech Seed|[of] p2a: Nidaal
|-heal|p2a: Nidaal|63/100|[silent]
|upkeep
|turn|12
|
|t:|1653148125
|switch|p1a: Huamea|Tapu Koko|59/100
|-fieldstart|move: Electric Terrain|[from] ability: Electric Surge|[of] p1a: Huamea
|move|p2a: Nidaal|Body Press|p1a: Huamea
|-resisted|p1a: Huamea
|-damage|p1a: Huamea|38/100
|
|upkeep
|turn|13
|
|t:|1653148128
|move|p1a: Huamea|U-turn|p2a: Nidaal
|-damage|p2a: Nidaal|53/100
|-damage|p1a: Huamea|26/100|[from] ability: Iron Barbs|[of] p2a: Nidaal
|
|t:|1653148130
|switch|p1a: Burns|Landorus-Therian, M|100/100|[from]move: U-turn
|-ability|p1a: Burns|Intimidate|boost
|-unboost|p2a: Nidaal|atk|1
|move|p2a: Nidaal|Leech Seed|p1a: Burns
|-start|p1a: Burns|move: Leech Seed
|
|-damage|p1a: Burns|88/100|[from] Leech Seed|[of] p2a: Nidaal
|-heal|p2a: Nidaal|66/100|[silent]
|upkeep
|turn|14
|
|t:|1653148133
|switch|p1a: Charon|Heatran, M|76/100
|-item|p1a: Charon|Air Balloon
|move|p2a: Nidaal|Body Press|p1a: Charon
|-supereffective|p1a: Charon
|-damage|p1a: Charon|12/100
|-enditem|p1a: Charon|Air Balloon
|
|upkeep
|turn|15
|c|☆HageverMelech|ferro is a strong pokemon
|
|t:|1653148152
|move|p2a: Nidaal|Protect|p2a: Nidaal
|-singleturn|p2a: Nidaal|Protect
|move|p1a: Charon|Flash Cannon|p2a: Nidaal
|-activate|p2a: Nidaal|move: Protect
|
|upkeep
|turn|16
|
|t:|1653148155
|switch|p2a: Marwa|Tapu Fini|76/100
|-damage|p2a: Marwa|64/100|[from] Stealth Rock
|-fieldstart|move: Misty Terrain|[from] ability: Misty Surge|[of] p2a: Marwa
|move|p1a: Charon|Magma Storm|p2a: Marwa|[miss]
|-miss|p1a: Charon|p2a: Marwa
|
|-heal|p2a: Marwa|70/100|[from] item: Leftovers
|upkeep
|turn|17
|
|t:|1653148159
|move|p1a: Charon|Magma Storm|p2a: Marwa
|-resisted|p2a: Marwa
|-damage|p2a: Marwa|52/100
|-activate|p2a: Marwa|move: Magma Storm|[of] p1a: Charon
|move|p2a: Marwa|Whirlpool|p1a: Charon
|-supereffective|p1a: Charon
|-damage|p1a: Charon|0 fnt
|faint|p1a: Charon
|
|-heal|p2a: Marwa|58/100|[from] item: Leftovers
|-end|p2a: Marwa|Magma Storm|[partiallytrapped]|[silent]
|upkeep
|-message|tanishq1 forfeited.
|
|win|HageverMelech
|raw|tanishq1's rating: 1714 &rarr; <strong>1690</strong><br />(-24 for losing)
|raw|HageverMelech's rating: 1651 &rarr; <strong>1675</strong><br />(+24 for winning)
|l|☆tanishq1
|l| Ifuckwithaditto
||Ladder isn't responding, score probably updated but might not have (Request timeout).
