|j|☆grasssoul
|j|☆LT94JE Allistair
|t:|1667918490
|gametype|singles
|player|p1|grasssoul|266|1665
|player|p2|LT94JE Allistair|265|1710
|teamsize|p1|6
|teamsize|p2|6
|gen|8
|tier|[Gen 8] OU
|rated|
|rule|Sleep Clause Mod: Limit one foe put to sleep
|rule|Species Clause: Limit one of each Pokémon
|rule|OHKO Clause: OHKO moves are banned
|rule|Evasion Items Clause: Evasion items are banned
|rule|Evasion Moves Clause: Evasion moves are banned
|rule|Endless Battle Clause: Forcing endless battles is banned
|rule|HP Percentage Mod: HP is shown in percentages
|rule|Dynamax Clause: You cannot dynamax
|clearpoke
|poke|p1|Heatran, F|
|poke|p1|Slowking-Galar, M|
|poke|p1|Tapu Lele|
|poke|p1|Landorus-Therian, M|
|poke|p1|Dragapult, M|
|poke|p1|Zapdos|
|poke|p2|Mew|
|poke|p2|Slurpuff, F|
|poke|p2|Vanilluxe, M|
|poke|p2|Jirachi|
|poke|p2|Buzzwole|
|poke|p2|Bisharp, F|
|teampreview
|j| Vivsi
|l| Vivsi
|inactive|Battle timer is ON: inactive players will automatically lose when time's up. (requested by grasssoul)
|inactive|LT94JE Allistair has 120 seconds left.
|
|t:|1667918557
|start
|switch|p1a: Dragapult|Dragapult, M|100/100
|switch|p2a: Slurpuff|Slurpuff, F|100/100
|turn|1
|
|t:|1667918566
|move|p1a: Dragapult|U-turn|p2a: Slurpuff
|-resisted|p2a: Slurpuff
|-damage|p2a: Slurpuff|83/100
|
|t:|1667918571
|switch|p1a: Slowking|Slowking-Galar, M|100/100|[from]move: U-turn
|move|p2a: Slurpuff|Sticky Web|p1a: Slowking
|-sidestart|p1: grasssoul|move: Sticky Web
|
|upkeep
|turn|2
|
|t:|1667918577
|move|p2a: Slurpuff|Yawn|p1a: Slowking
|-start|p1a: Slowking|move: Yawn|[of] p2a: Slurpuff
|move|p1a: Slowking|Sludge Bomb|p2a: Slurpuff
|-supereffective|p2a: Slurpuff
|-damage|p2a: Slurpuff|0 fnt
|faint|p2a: Slurpuff
|
|upkeep
|j| hajand
|
|t:|1667918586
|switch|p2a: Vanilluxe|Vanilluxe, M|100/100
|-weather|Hail|[from] ability: Snow Warning|[of] p2a: Vanilluxe
|turn|3
|
|t:|1667918591
|switch|p1a: Heatran|Heatran, F|100/100
|-activate|p1a: Heatran|move: Sticky Web
|-unboost|p1a: Heatran|spe|1
|move|p2a: Vanilluxe|Aurora Veil|p2a: Vanilluxe
|-sidestart|p2: LT94JE Allistair|move: Aurora Veil
|
|-weather|Hail|[upkeep]
|-damage|p1a: Heatran|94/100|[from] Hail
|-heal|p1a: Heatran|100/100|[from] item: Leftovers
|upkeep
|turn|4
|
|t:|1667918615
|move|p2a: Vanilluxe|Taunt|p1a: Heatran
|-start|p1a: Heatran|move: Taunt
|move|p1a: Heatran|Magma Storm|p2a: Vanilluxe
|-supereffective|p2a: Vanilluxe
|-damage|p2a: Vanilluxe|47/100
|-activate|p2a: Vanilluxe|move: Magma Storm|[of] p1a: Heatran
|
|-weather|Hail|[upkeep]
|-damage|p1a: Heatran|94/100|[from] Hail
|-heal|p1a: Heatran|100/100|[from] item: Leftovers
|-damage|p2a: Vanilluxe|35/100|[from] move: Magma Storm|[partiallytrapped]
|upkeep
|turn|5
|
|t:|1667918624
|move|p2a: Vanilluxe|Explosion|p1a: Heatran
|-resisted|p1a: Heatran
|-damage|p1a: Heatran|69/100
|faint|p2a: Vanilluxe
|move|p1a: Heatran|Earth Power|p2: Vanilluxe|[notarget]
|-fail|p1a: Heatran
|
|-weather|Hail|[upkeep]
|-damage|p1a: Heatran|63/100|[from] Hail
|-heal|p1a: Heatran|69/100|[from] item: Leftovers
|upkeep
|
|t:|1667918631
|switch|p2a: Mew|Mew|100/100
|turn|6
|
|t:|1667918637
|switch|p1a: Zapdos|Zapdos|100/100
|move|p2a: Mew|Cosmic Power|p2a: Mew
|-boost|p2a: Mew|def|1
|-boost|p2a: Mew|spd|1
|
|-weather|Hail|[upkeep]
|-damage|p2a: Mew|94/100|[from] Hail
|-damage|p1a: Zapdos|94/100|[from] Hail
|upkeep
|turn|7
|
|t:|1667918643
|move|p2a: Mew|Taunt|p1a: Zapdos
|-start|p1a: Zapdos|move: Taunt
|cant|p1a: Zapdos|move: Taunt|Defog
|
|-weather|none
|upkeep
|turn|8
|
|t:|1667918648
|move|p2a: Mew|Cosmic Power|p2a: Mew
|-boost|p2a: Mew|def|1
|-boost|p2a: Mew|spd|1
|move|p1a: Zapdos|Volt Switch|p2a: Mew
|-damage|p2a: Mew|87/100
|
|t:|1667918656
|switch|p1a: Heatran|Heatran, F|69/100|[from]move: Volt Switch
|-activate|p1a: Heatran|move: Sticky Web
|-unboost|p1a: Heatran|spe|1
|
|-heal|p1a: Heatran|75/100|[from] item: Leftovers
|upkeep
|turn|9
|inactive|LT94JE Allistair has 120 seconds left.
|inactive|LT94JE Allistair has 90 seconds left.
|
|t:|1667918728
|move|p2a: Mew|Taunt|p1a: Heatran
|-start|p1a: Heatran|move: Taunt
|move|p1a: Heatran|Magma Storm|p2a: Mew
|-damage|p2a: Mew|78/100
|-activate|p2a: Mew|move: Magma Storm|[of] p1a: Heatran
|
|-heal|p1a: Heatran|82/100|[from] item: Leftovers
|-damage|p2a: Mew|65/100|[from] move: Magma Storm|[partiallytrapped]
|upkeep
|turn|10
|
|t:|1667918747
|move|p2a: Mew|Cosmic Power|p2a: Mew
|-boost|p2a: Mew|def|1
|-boost|p2a: Mew|spd|1
|move|p1a: Heatran|Earth Power|p2a: Mew
|-damage|p2a: Mew|61/100
|
|-heal|p1a: Heatran|88/100|[from] item: Leftovers
|-damage|p2a: Mew|48/100|[from] move: Magma Storm|[partiallytrapped]
|-sideend|p2: LT94JE Allistair|move: Aurora Veil
|upkeep
|turn|11
|inactive|LT94JE Allistair has 90 seconds left.
|
|t:|1667918760
|move|p2a: Mew|Roost|p2a: Mew
|-heal|p2a: Mew|98/100
|-singleturn|p2a: Mew|move: Roost
|move|p1a: Heatran|Magma Storm|p2a: Mew
|-damage|p2a: Mew|82/100
|
|-heal|p1a: Heatran|94/100|[from] item: Leftovers
|-damage|p2a: Mew|69/100|[from] move: Magma Storm|[partiallytrapped]
|-end|p1a: Heatran|move: Taunt
|upkeep
|turn|12
|
|t:|1667918768
|move|p2a: Mew|Taunt|p1a: Heatran
|-start|p1a: Heatran|move: Taunt
|cant|p1a: Heatran|move: Taunt|Toxic
|
|-heal|p1a: Heatran|99/100|[from] item: Leftovers
|-damage|p2a: Mew|57/100|[from] move: Magma Storm|[partiallytrapped]
|upkeep
|turn|13
|inactive|LT94JE Allistair has 90 seconds left.
|
|t:|1667918797
|switch|p1a: Dragapult|Dragapult, M|100/100
|-activate|p1a: Dragapult|move: Sticky Web
|-fail|p1a: Dragapult|unboost|[from] ability: Clear Body|[of] p1a: Dragapult
|move|p2a: Mew|Roost|p2a: Mew
|-heal|p2a: Mew|100/100
|-singleturn|p2a: Mew|move: Roost
|
|-end|p2a: Mew|Magma Storm|[partiallytrapped]|[silent]
|upkeep
|turn|14
|
|t:|1667918804
|move|p1a: Dragapult|Phantom Force||[still]
|-prepare|p1a: Dragapult|Phantom Force
|move|p2a: Mew|Stored Power|p1a: Dragapult|[miss]
|-miss|p2a: Mew|p1a: Dragapult
|
|upkeep
|turn|15
|
|t:|1667918815
|move|p1a: Dragapult|Phantom Force|p2a: Mew|[from]lockedmove
|-supereffective|p2a: Mew
|-crit|p2a: Mew
|-damage|p2a: Mew|0 fnt
|faint|p2a: Mew
|
|upkeep
|inactive|LT94JE Allistair has 90 seconds left.
|
|t:|1667918833
|switch|p2a: Jirachi|Jirachi|100/100
|turn|16
|
|t:|1667918839
|move|p1a: Dragapult|Phantom Force||[still]
|-prepare|p1a: Dragapult|Phantom Force
|move|p2a: Jirachi|Cosmic Power|p2a: Jirachi
|-boost|p2a: Jirachi|def|1
|-boost|p2a: Jirachi|spd|1
|
|upkeep
|turn|17
|inactive|LT94JE Allistair has 90 seconds left.
|
|t:|1667918880
|move|p1a: Dragapult|Phantom Force|p2a: Jirachi|[from]lockedmove
|-supereffective|p2a: Jirachi
|-damage|p2a: Jirachi|19/100
|-enditem|p2a: Jirachi|Weakness Policy
|-boost|p2a: Jirachi|atk|2|[from] item: Weakness Policy
|-boost|p2a: Jirachi|spa|2|[from] item: Weakness Policy
|move|p2a: Jirachi|Stored Power|p1a: Dragapult
|-damage|p1a: Dragapult|0 fnt
|faint|p1a: Dragapult
|
|upkeep
|
|t:|1667918893
|switch|p1a: Heatran|Heatran, F|99/100
|-activate|p1a: Heatran|move: Sticky Web
|-unboost|p1a: Heatran|spe|1
|turn|18
|inactive|LT94JE Allistair has 60 seconds left.
|
|t:|1667918937
|move|p2a: Jirachi|Aura Sphere|p1a: Heatran
|-supereffective|p1a: Heatran
|-damage|p1a: Heatran|57/100
|move|p1a: Heatran|Earth Power|p2a: Jirachi
|-supereffective|p2a: Jirachi
|-damage|p2a: Jirachi|0 fnt
|faint|p2a: Jirachi
|
|-heal|p1a: Heatran|63/100|[from] item: Leftovers
|upkeep
|
|t:|1667918941
|switch|p2a: Buzzwole|Buzzwole|100/100
|turn|19
|
|t:|1667918952
|move|p2a: Buzzwole|Ice Punch|p1a: Heatran
|-resisted|p1a: Heatran
|-damage|p1a: Heatran|57/100
|move|p1a: Heatran|Magma Storm|p2a: Buzzwole
|-supereffective|p2a: Buzzwole
|-damage|p2a: Buzzwole|0 fnt
|faint|p2a: Buzzwole
|
|-heal|p1a: Heatran|63/100|[from] item: Leftovers
|upkeep
|l| hajand
|
|t:|1667918961
|switch|p2a: Bisharp|Bisharp, F|100/100
|turn|20
|
|t:|1667918968
|move|p2a: Bisharp|Swords Dance|p2a: Bisharp
|-boost|p2a: Bisharp|atk|2
|move|p1a: Heatran|Earth Power|p2a: Bisharp
|-supereffective|p2a: Bisharp
|-damage|p2a: Bisharp|18/100
|
|-heal|p1a: Heatran|69/100|[from] item: Leftovers
|upkeep
|turn|21
|inactive|LT94JE Allistair has 60 seconds left.
|
|t:|1667919013
|move|p2a: Bisharp|Knock Off|p1a: Heatran
|-damage|p1a: Heatran|0 fnt
|-enditem|p1a: Heatran|Leftovers|[from] move: Knock Off|[of] p2a: Bisharp
|faint|p1a: Heatran
|
|upkeep
|
|t:|1667919028
|switch|p1a: Tapu Lele|Tapu Lele|100/100
|-activate|p1a: Tapu Lele|move: Sticky Web
|-unboost|p1a: Tapu Lele|spe|1
|-fieldstart|move: Psychic Terrain|[from] ability: Psychic Surge|[of] p1a: Tapu Lele
|turn|22
|inactive|LT94JE Allistair has 30 seconds left.
|inactive|LT94JE Allistair has 20 seconds left.
|
|t:|1667919061
|move|p1a: Tapu Lele|Moonblast|p2a: Bisharp
|-damage|p2a: Bisharp|0 fnt
|faint|p2a: Bisharp
|
|win|grasssoul
|inactive|LT94JE Allistair has 25 seconds left this turn.
|raw|grasssoul's rating: 1665 &rarr; <strong>1686</strong><br />(+21 for winning)
|raw|LT94JE Allistair's rating: 1690 &rarr; <strong>1669</strong><br />(-21 for losing)
|l|☆LT94JE Allistair
||Ladder isn't responding, score probably updated but might not have (Request timeout).
