|j|☆iospix
|j|☆2222mm
|player|p1|iospix|2|1479
|player|p2|2222mm|wallace|1413
|teamsize|p1|6
|teamsize|p2|6
|gametype|singles
|gen|8
|tier|[Gen 8] OU
|rated|
|clearpoke
|poke|p1|Cinderace, F|
|poke|p1|Dragapult, M|
|poke|p1|Kyurem|
|poke|p1|Clefable, M|
|poke|p1|Excadrill, M|
|poke|p1|Mandibuzz, F|
|poke|p2|Excadrill, M|
|poke|p2|Clefable, F|
|poke|p2|Zeraora|
|poke|p2|Hydreigon, M|
|poke|p2|Cinderace, M|
|poke|p2|Dragapult, M|
|rule|Sleep Clause Mod: Limit one foe put to sleep
|rule|Species Clause: Limit one of each Pokémon
|rule|OHKO Clause: OHKO moves are banned
|rule|Evasion Moves Clause: Evasion moves are banned
|rule|Endless Battle Clause: Forcing endless battles is banned
|rule|HP Percentage Mod: HP is shown in percentages
|rule|Dynamax Clause: You cannot dynamax
|teampreview
|
|start
|switch|p1a: Excadrill|Excadrill, M|100/100
|switch|p2a: Excadrill|Excadrill, M|100/100
|-ability|p1a: Excadrill|Mold Breaker
|-ability|p2a: Excadrill|Mold Breaker
|turn|1
|
|switch|p1a: Mandibuzz|Mandibuzz, F|100/100
|move|p2a: Excadrill|Stealth Rock|p1a: Mandibuzz
|-sidestart|p1: iospix|move: Stealth Rock
|
|upkeep
|turn|2
|
|switch|p2a: Zeraora|Zeraora|100/100
|move|p1a: Mandibuzz|Defog|p2a: Zeraora
|-unboost|p2a: Zeraora|evasion|1
|-sideend|p1: iospix|Stealth Rock|[from] move: Defog|[of] p1a: Mandibuzz
|
|upkeep
|turn|3
|
|switch|p1a: Excadrill|Excadrill, M|100/100
|-ability|p1a: Excadrill|Mold Breaker
|move|p2a: Zeraora|Knock Off|p1a: Excadrill
|-damage|p1a: Excadrill|42/100
|-enditem|p1a: Excadrill|Leftovers|[from] move: Knock Off|[of] p2a: Zeraora
|-damage|p2a: Zeraora|91/100|[from] item: Life Orb
|
|upkeep
|turn|4
|
|switch|p1a: Mandibuzz|Mandibuzz, F|100/100
|move|p2a: Zeraora|Close Combat|p1a: Mandibuzz
|-damage|p1a: Mandibuzz|72/100
|-unboost|p2a: Zeraora|def|1
|-unboost|p2a: Zeraora|spd|1
|-damage|p2a: Zeraora|81/100|[from] item: Life Orb
|
|upkeep
|turn|5
|
|switch|p2a: Clefable|Clefable, F|100/100
|move|p1a: Mandibuzz|Foul Play|p2a: Clefable
|-resisted|p2a: Clefable
|-damage|p2a: Clefable|94/100
|
|-heal|p2a: Clefable|99/100|[from] item: Leftovers
|upkeep
|turn|6
|
|move|p1a: Mandibuzz|U-turn|p2a: Clefable
|-resisted|p2a: Clefable
|-damage|p2a: Clefable|95/100
|inactive|Battle timer is ON: inactive players will automatically lose when time's up. (requested by 2222mm)
|
|switch|p1a: Excadrill|Excadrill, M|42/100|[from]move: U-turn
|-ability|p1a: Excadrill|Mold Breaker
|move|p2a: Clefable|Teleport|p2a: Clefable
|
|switch|p2a: Hydreigon|Hydreigon, M|100/100|[from]move: Teleport
|
|upkeep
|turn|7
|
|switch|p1a: Clefable|Clefable, M|100/100
|move|p2a: Hydreigon|Dark Pulse|p1a: Clefable
|-resisted|p1a: Clefable
|-damage|p1a: Clefable|83/100
|-damage|p2a: Hydreigon|91/100|[from] item: Life Orb
|
|-heal|p1a: Clefable|89/100|[from] item: Leftovers
|upkeep
|turn|8
|
|switch|p2a: Excadrill|Excadrill, M|100/100
|-ability|p2a: Excadrill|Mold Breaker
|move|p1a: Clefable|Teleport|p1a: Clefable
|
|switch|p1a: Cinderace|Cinderace, F|100/100|[from]move: Teleport
|
|upkeep
|turn|9
|
|move|p1a: Cinderace|Pyro Ball|p2a: Excadrill
|-supereffective|p2a: Excadrill
|-enditem|p2a: Excadrill|Focus Sash
|-damage|p2a: Excadrill|1/100
|move|p2a: Excadrill|Earthquake|p1a: Cinderace
|-supereffective|p1a: Cinderace
|-damage|p1a: Cinderace|0 fnt
|faint|p1a: Cinderace
|
|upkeep
|-message|iospix forfeited.
|
|win|2222mm
|l|☆iospix
|raw|iospix's rating: 1479 &rarr; <strong>1456</strong><br />(-23 for losing)
|raw|2222mm's rating: 1413 &rarr; <strong>1437</strong><br />(+24 for winning)
