|j|☆Capitaine Itsu
|j|☆cute pink team
|t:|1656935238
|gametype|singles
|player|p1|Capitaine Itsu|alder|1607
|player|p2|cute pink team|misty-gen1|1748
|teamsize|p1|6
|teamsize|p2|6
|gen|8
|tier|[Gen 8] OU
|rated|
|rule|Sleep Clause Mod: Limit one foe put to sleep
|rule|Species Clause: Limit one of each Pokémon
|rule|OHKO Clause: OHKO moves are banned
|rule|Evasion Moves Clause: Evasion moves are banned
|rule|Endless Battle Clause: Forcing endless battles is banned
|rule|HP Percentage Mod: HP is shown in percentages
|rule|Dynamax Clause: You cannot dynamax
|clearpoke
|poke|p1|Kommo-o, F|
|poke|p1|Volcanion|
|poke|p1|Zapdos-Galar|
|poke|p1|Ninetales-Alola, F|
|poke|p1|Tapu Koko|
|poke|p1|Landorus-Therian, M|
|poke|p2|Mamoswine, M|
|poke|p2|Ditto|
|poke|p2|Corviknight, F|
|poke|p2|Volcanion|
|poke|p2|Zapdos|
|poke|p2|Victini|
|teampreview
|
|t:|1656935246
|start
|switch|p1a: Ninetales|Ninetales-Alola, F|100/100
|switch|p2a: Victini|Victini|100/100
|-weather|Hail|[from] ability: Snow Warning|[of] p1a: Ninetales
|turn|1
|inactive|Battle timer is ON: inactive players will automatically lose when time's up. (requested by Capitaine Itsu)
|
|t:|1656935268
|switch|p1a: Landorus|Landorus-Therian, M|100/100
|-ability|p1a: Landorus|Intimidate|boost
|-unboost|p2a: Victini|atk|1
|move|p2a: Victini|Final Gambit|p1a: Landorus
|-damage|p1a: Landorus|0 fnt
|faint|p2a: Victini
|faint|p1a: Landorus
|
|-weather|Hail|[upkeep]
|upkeep
|
|t:|1656935276
|switch|p2a: Zapdos|Zapdos|100/100
|switch|p1a: Ninetales|Ninetales-Alola, F|100/100
|turn|2
|
|t:|1656935284
|move|p1a: Ninetales|Aurora Veil|p1a: Ninetales
|-sidestart|p1: Capitaine Itsu|move: Aurora Veil
|move|p2a: Zapdos|Heat Wave|p1a: Ninetales
|-supereffective|p1a: Ninetales
|-damage|p1a: Ninetales|51/100
|
|-weather|Hail|[upkeep]
|-damage|p2a: Zapdos|94/100|[from] Hail
|upkeep
|turn|3
|
|t:|1656935291
|switch|p2a: Ditto|Ditto|100/100
|-transform|p2a: Ditto|p1a: Ninetales|[from] ability: Imposter
|move|p1a: Ninetales|Freeze-Dry|p2a: Ditto
|-resisted|p2a: Ditto
|-damage|p2a: Ditto|88/100
|
|-weather|Hail|[upkeep]
|upkeep
|turn|4
|
|t:|1656935298
|switch|p1a: Volcanion|Volcanion|100/100
|move|p2a: Ditto|Aurora Veil|p2a: Ditto
|-sidestart|p2: cute pink team|move: Aurora Veil
|
|-weather|Hail|[upkeep]
|-damage|p1a: Volcanion|94/100|[from] Hail
|upkeep
|turn|5
|
|t:|1656935304
|switch|p2a: Volcanion|Volcanion|100/100
|move|p1a: Volcanion|Steam Eruption|p2a: Volcanion
|-immune|p2a: Volcanion|[from] ability: Water Absorb
|
|-weather|none
|upkeep
|turn|6
|
|t:|1656935313
|switch|p1a: Tapu Koko|Tapu Koko|100/100
|-fieldstart|move: Electric Terrain|[from] ability: Electric Surge|[of] p1a: Tapu Koko
|move|p2a: Volcanion|Sludge Wave|p1a: Tapu Koko
|-supereffective|p1a: Tapu Koko
|-damage|p1a: Tapu Koko|13/100
|
|upkeep
|turn|7
|
|t:|1656935321
|switch|p2a: Mamoswine|Mamoswine, M|100/100
|move|p1a: Tapu Koko|Thunderbolt|p2a: Mamoswine
|-immune|p2a: Mamoswine
|
|upkeep
|turn|8
|
|t:|1656935327
|switch|p1a: Ninetales|Ninetales-Alola, F|51/100
|-weather|Hail|[from] ability: Snow Warning|[of] p1a: Ninetales
|move|p2a: Mamoswine|Icicle Crash|p1a: Ninetales
|-resisted|p1a: Ninetales
|-damage|p1a: Ninetales|36/100
|
|-weather|Hail|[upkeep]
|-sideend|p2: cute pink team|move: Aurora Veil
|upkeep
|turn|9
|
|t:|1656935338
|move|p1a: Ninetales|Encore|p2a: Mamoswine
|-start|p2a: Mamoswine|Encore
|move|p2a: Mamoswine|Icicle Crash|p1a: Ninetales
|-resisted|p1a: Ninetales
|-damage|p1a: Ninetales|21/100
|
|-weather|Hail|[upkeep]
|-sideend|p1: Capitaine Itsu|move: Aurora Veil
|upkeep
|turn|10
|
|t:|1656935351
|switch|p2a: Corviknight|Corviknight, F|100/100
|-ability|p2a: Corviknight|Pressure
|move|p1a: Ninetales|Aurora Veil|p1a: Ninetales
|-sidestart|p1: Capitaine Itsu|move: Aurora Veil
|
|-weather|Hail|[upkeep]
|-damage|p2a: Corviknight|94/100|[from] Hail
|-heal|p2a: Corviknight|100/100|[from] item: Leftovers
|-fieldend|move: Electric Terrain
|upkeep
|turn|11
|
|t:|1656935360
|switch|p1a: Zapdos|Zapdos-Galar|100/100
|move|p2a: Corviknight|U-turn|p1a: Zapdos
|-resisted|p1a: Zapdos
|-damage|p1a: Zapdos|98/100
|
|t:|1656935362
|switch|p2a: Zapdos|Zapdos|94/100|[from]move: U-turn
|
|-weather|Hail|[upkeep]
|-damage|p2a: Zapdos|88/100|[from] Hail
|-damage|p1a: Zapdos|92/100|[from] Hail
|upkeep
|turn|12
|
|t:|1656935377
|switch|p1a: Tapu Koko|Tapu Koko|13/100
|-fieldstart|move: Electric Terrain|[from] ability: Electric Surge|[of] p1a: Tapu Koko
|move|p2a: Zapdos|Volt Switch|p1a: Tapu Koko
|-resisted|p1a: Tapu Koko
|-damage|p1a: Tapu Koko|0 fnt
|faint|p1a: Tapu Koko
|
|t:|1656935383
|switch|p2a: Corviknight|Corviknight, F|100/100|[from]move: Volt Switch
|-ability|p2a: Corviknight|Pressure
|
|-weather|none
|upkeep
|
|t:|1656935390
|switch|p1a: Kommo-o|Kommo-o, F|100/100
|turn|13
|j| Bloody alfa
|
|t:|1656935394
|move|p1a: Kommo-o|Clangorous Soul|p1a: Kommo-o
|-boost|p1a: Kommo-o|atk|1
|-boost|p1a: Kommo-o|def|1
|-boost|p1a: Kommo-o|spa|1
|-boost|p1a: Kommo-o|spd|1
|-boost|p1a: Kommo-o|spe|1
|-damage|p1a: Kommo-o|68/100
|-enditem|p1a: Kommo-o|Throat Spray
|-boost|p1a: Kommo-o|spa|1|[from] item: Throat Spray
|move|p2a: Corviknight|Brave Bird|p1a: Kommo-o
|-supereffective|p1a: Kommo-o
|-damage|p1a: Kommo-o|42/100
|-damage|p2a: Corviknight|94/100|[from] Recoil
|
|-heal|p2a: Corviknight|100/100|[from] item: Leftovers
|upkeep
|turn|14
|
|t:|1656935409
|move|p1a: Kommo-o|Boomburst|p2a: Corviknight
|-resisted|p2a: Corviknight
|-damage|p2a: Corviknight|75/100
|move|p2a: Corviknight|U-turn|p1a: Kommo-o
|-resisted|p1a: Kommo-o
|-damage|p1a: Kommo-o|40/100
|
|t:|1656935411
|switch|p2a: Ditto|Ditto|88/100|[from]move: U-turn
|-transform|p2a: Ditto|p1a: Kommo-o|[from] ability: Imposter
|
|upkeep
|turn|15
|
|t:|1656935423
|move|p2a: Ditto|Clanging Scales|p1a: Kommo-o
|-supereffective|p1a: Kommo-o
|-damage|p1a: Kommo-o|0 fnt
|faint|p1a: Kommo-o
|-unboost|p2a: Ditto|def|1
|
|upkeep
|
|t:|1656935425
|switch|p1a: Ninetales|Ninetales-Alola, F|21/100
|-weather|Hail|[from] ability: Snow Warning|[of] p1a: Ninetales
|turn|16
|
|t:|1656935432
|switch|p2a: Mamoswine|Mamoswine, M|100/100
|move|p1a: Ninetales|Freeze-Dry|p2a: Mamoswine
|-damage|p2a: Mamoswine|94/100
|
|-weather|Hail|[upkeep]
|-fieldend|move: Electric Terrain
|upkeep
|turn|17
|-message|Capitaine Itsu forfeited.
|
|win|cute pink team
|raw|Capitaine Itsu's rating: 1607 &rarr; <strong>1595</strong><br />(-12 for losing)
|raw|cute pink team's rating: 1748 &rarr; <strong>1760</strong><br />(+12 for winning)
|l|☆Capitaine Itsu
