|j|☆Thedebatablereaper
|j|☆mowlawner-bot
|t:|1665280199
|gametype|singles
|player|p1|Thedebatablereaper|170|1415
|player|p2|mowlawner-bot|1|1390
|teamsize|p1|6
|teamsize|p2|6
|gen|8
|tier|[Gen 8] OU
|rated|
|rule|Sleep Clause Mod: Limit one foe put to sleep
|rule|Species Clause: Limit one of each Pokémon
|rule|OHKO Clause: OHKO moves are banned
|rule|Evasion Items Clause: Evasion items are banned
|rule|Evasion Moves Clause: Evasion moves are banned
|rule|Endless Battle Clause: Forcing endless battles is banned
|rule|HP Percentage Mod: HP is shown in percentages
|rule|Dynamax Clause: You cannot dynamax
|clearpoke
|poke|p1|Tapu Lele|
|poke|p1|Volcarona, F|
|poke|p1|Sharpedo, M|
|poke|p1|Slowking-Galar, M|
|poke|p1|Landorus-Therian, M|
|poke|p1|Kartana|
|poke|p2|Urshifu-*, F|
|poke|p2|Heatran, F|
|poke|p2|Rotom-Wash|
|poke|p2|Landorus-Therian, M|
|poke|p2|Tapu Lele|
|poke|p2|Kartana|
|teampreview
|
|t:|1665280214
|start
|switch|p1a: Tapu Lele|Tapu Lele|100/100
|switch|p2a: Da Bulks|Landorus-Therian, M|100/100
|-fieldstart|move: Psychic Terrain|[from] ability: Psychic Surge|[of] p1a: Tapu Lele
|-ability|p2a: Da Bulks|Intimidate|boost
|-unboost|p1a: Tapu Lele|atk|1
|turn|1
|c|☆mowlawner-bot|Hello! I am a bot created to test my creator's coding ability. I may do some strange things during this battle. I cannot respond to your messages. Good luck and have fun!
|inactive|Battle timer is ON: inactive players will automatically lose when time's up. (requested by mowlawner-bot)
|
|t:|1665280222
|move|p1a: Tapu Lele|Psychic|p2a: Da Bulks
|-damage|p2a: Da Bulks|30/100
|move|p2a: Da Bulks|U-turn|p1a: Tapu Lele
|-damage|p1a: Tapu Lele|66/100
|
|t:|1665280222
|switch|p2a: Da Bears|Urshifu-Rapid-Strike, F|100/100|[from]move: U-turn
|
|upkeep
|turn|2
|
|t:|1665280235
|switch|p1a: Sharpedo|Sharpedo, M|100/100
|move|p2a: Da Bears|U-turn|p1a: Sharpedo
|-supereffective|p1a: Sharpedo
|-damage|p1a: Sharpedo|0 fnt
|faint|p1a: Sharpedo
|
|t:|1665280235
|switch|p2a: Da Bulks|Landorus-Therian, M|30/100|[from]move: U-turn
|
|-heal|p2a: Da Bulks|36/100|[from] item: Leftovers
|upkeep
|
|t:|1665280246
|switch|p1a: Kartana|Kartana|100/100
|turn|3
|
|t:|1665280251
|move|p1a: Kartana|Knock Off|p2a: Da Bulks
|-damage|p2a: Da Bulks|0 fnt
|-enditem|p2a: Da Bulks|Leftovers|[from] move: Knock Off|[of] p1a: Kartana
|faint|p2a: Da Bulks
|-ability|p1a: Kartana|Beast Boost|boost
|-boost|p1a: Kartana|atk|1
|
|upkeep
|
|t:|1665280251
|switch|p2a: Da Boils|Heatran, F|100/100
|-item|p2a: Da Boils|Air Balloon
|turn|4
|
|t:|1665280260
|move|p1a: Kartana|Knock Off|p2a: Da Boils
|-damage|p2a: Da Boils|8/100
|-enditem|p2a: Da Boils|Air Balloon
|move|p2a: Da Boils|Magma Storm|p1a: Kartana|[miss]
|-miss|p2a: Da Boils|p1a: Kartana
|
|upkeep
|turn|5
|
|t:|1665280266
|switch|p2a: Da Bears|Urshifu-Rapid-Strike, F|100/100
|move|p1a: Kartana|Knock Off|p2a: Da Bears
|-resisted|p2a: Da Bears
|-damage|p2a: Da Bears|54/100
|-enditem|p2a: Da Bears|Choice Band|[from] move: Knock Off|[of] p1a: Kartana
|
|-fieldend|move: Psychic Terrain
|upkeep
|turn|6
|
|t:|1665280273
|switch|p1a: Volcarona|Volcarona, F|100/100
|move|p2a: Da Bears|Close Combat|p1a: Volcarona
|-resisted|p1a: Volcarona
|-damage|p1a: Volcarona|74/100
|-unboost|p2a: Da Bears|def|1
|-unboost|p2a: Da Bears|spd|1
|
|upkeep
|turn|7
|
|t:|1665280281
|switch|p2a: Da Beauts|Tapu Lele|100/100
|-fieldstart|move: Psychic Terrain|[from] ability: Psychic Surge|[of] p2a: Da Beauts
|move|p1a: Volcarona|Psychic|p2a: Da Beauts
|-resisted|p2a: Da Beauts
|-damage|p2a: Da Beauts|83/100
|
|upkeep
|turn|8
|
|t:|1665280289
|move|p2a: Da Beauts|Psyshock|p1a: Volcarona
|-damage|p1a: Volcarona|25/100
|move|p1a: Volcarona|Quiver Dance|p1a: Volcarona
|-boost|p1a: Volcarona|spa|1
|-boost|p1a: Volcarona|spd|1
|-boost|p1a: Volcarona|spe|1
|
|upkeep
|turn|9
|
|t:|1665280295
|move|p2a: Da Beauts|Psyshock|p1a: Volcarona
|-damage|p1a: Volcarona|0 fnt
|faint|p1a: Volcarona
|
|upkeep
|
|t:|1665280301
|switch|p1a: Kartana|Kartana|100/100
|turn|10
|
|t:|1665280312
|switch|p2a: Da Boils|Heatran, F|8/100
|move|p1a: Kartana|Leaf Blade|p2a: Da Boils
|-resisted|p2a: Da Boils
|-damage|p2a: Da Boils|0 fnt
|faint|p2a: Da Boils
|-ability|p1a: Kartana|Beast Boost|boost
|-boost|p1a: Kartana|atk|1
|
|upkeep
|
|t:|1665280312
|switch|p2a: Da Beauts|Tapu Lele|83/100
|turn|11
|
|t:|1665280322
|switch|p2a: Da Blades|Kartana|100/100
|switch|p1a: Slowking|Slowking-Galar, M|100/100
|
|-fieldend|move: Psychic Terrain
|upkeep
|turn|12
|
|t:|1665280329
|switch|p1a: Landorus|Landorus-Therian, M|100/100
|-ability|p1a: Landorus|Intimidate|boost
|-unboost|p2a: Da Blades|atk|1
|move|p2a: Da Blades|Knock Off|p1a: Landorus
|-damage|p1a: Landorus|77/100
|-enditem|p1a: Landorus|Leftovers|[from] move: Knock Off|[of] p2a: Da Blades
|
|upkeep
|turn|13
|
|t:|1665280336
|switch|p2a: Da Bears|Urshifu-Rapid-Strike, F|54/100
|move|p1a: Landorus|U-turn|p2a: Da Bears
|-resisted|p2a: Da Bears
|-damage|p2a: Da Bears|43/100
|
|t:|1665280342
|switch|p1a: Kartana|Kartana|100/100|[from]move: U-turn
|
|upkeep
|turn|14
|
|t:|1665280347
|move|p2a: Da Bears|Aqua Jet|p1a: Kartana
|-resisted|p1a: Kartana
|-damage|p1a: Kartana|90/100
|move|p1a: Kartana|Leaf Blade|p2a: Da Bears
|-supereffective|p2a: Da Bears
|-damage|p2a: Da Bears|0 fnt
|faint|p2a: Da Bears
|-ability|p1a: Kartana|Beast Boost|boost
|-boost|p1a: Kartana|atk|1
|
|upkeep
|
|t:|1665280347
|switch|p2a: Da Blades|Kartana|100/100
|turn|15
|
|t:|1665280357
|switch|p1a: Landorus|Landorus-Therian, M|77/100
|-ability|p1a: Landorus|Intimidate|boost
|-unboost|p2a: Da Blades|atk|1
|move|p2a: Da Blades|Swords Dance|p2a: Da Blades
|-boost|p2a: Da Blades|atk|2
|
|upkeep
|turn|16
|
|t:|1665280367
|switch|p2a: Da Beauts|Tapu Lele|83/100
|-fieldstart|move: Psychic Terrain|[from] ability: Psychic Surge|[of] p2a: Da Beauts
|move|p1a: Landorus|Earthquake|p2a: Da Beauts
|-damage|p2a: Da Beauts|9/100
|
|upkeep
|turn|17
|
|t:|1665280374
|switch|p1a: Slowking|Slowking-Galar, M|100/100
|move|p2a: Da Beauts|Moonblast|p1a: Slowking
|-resisted|p1a: Slowking
|-damage|p1a: Slowking|91/100
|
|upkeep
|turn|18
|
|t:|1665280383
|move|p2a: Da Beauts|Moonblast|p1a: Slowking
|-resisted|p1a: Slowking
|-damage|p1a: Slowking|80/100
|move|p1a: Slowking|Future Sight|p2a: Da Beauts
|-start|p1a: Slowking|move: Future Sight
|
|upkeep
|turn|19
|
|t:|1665280393
|move|p2a: Da Beauts|Moonblast|p1a: Slowking
|-resisted|p1a: Slowking
|-damage|p1a: Slowking|69/100
|move|p1a: Slowking|Flamethrower|p2a: Da Beauts
|-damage|p2a: Da Beauts|0 fnt
|faint|p2a: Da Beauts
|
|upkeep
|
|t:|1665280393
|switch|p2a: Da Bleaches|Rotom-Wash|100/100
|turn|20
|
|t:|1665280404
|move|p2a: Da Bleaches|Thunder Wave|p1a: Slowking
|-status|p1a: Slowking|par
|cant|p1a: Slowking|par
|
|-end|p2a: Da Bleaches|move: Future Sight
|-damage|p2a: Da Bleaches|49/100
|-heal|p2a: Da Bleaches|55/100|[from] item: Leftovers
|-fieldend|move: Psychic Terrain
|upkeep
|turn|21
|
|t:|1665280412
|move|p2a: Da Bleaches|Thunder Wave|p1a: Slowking
|-fail|p1a: Slowking|par
|move|p1a: Slowking|Future Sight|p2a: Da Bleaches
|-start|p1a: Slowking|move: Future Sight
|
|-heal|p2a: Da Bleaches|61/100|[from] item: Leftovers
|upkeep
|turn|22
|
|t:|1665280420
|switch|p1a: Tapu Lele|Tapu Lele|66/100
|-fieldstart|move: Psychic Terrain|[from] ability: Psychic Surge|[of] p1a: Tapu Lele
|move|p2a: Da Bleaches|Hydro Pump|p1a: Tapu Lele
|-damage|p1a: Tapu Lele|23/100
|
|-heal|p2a: Da Bleaches|68/100|[from] item: Leftovers
|upkeep
|turn|23
|
|t:|1665280429
|move|p1a: Tapu Lele|Psychic|p2a: Da Bleaches
|-damage|p2a: Da Bleaches|1/100
|move|p2a: Da Bleaches|Thunder Wave|p1a: Tapu Lele
|-status|p1a: Tapu Lele|par
|
|-end|p2a: Da Bleaches|move: Future Sight
|-damage|p2a: Da Bleaches|0 fnt
|faint|p2a: Da Bleaches
|upkeep
|
|t:|1665280429
|switch|p2a: Da Blades|Kartana|100/100
|turn|24
|
|t:|1665280439
|move|p2a: Da Blades|Knock Off|p1a: Tapu Lele
|-damage|p1a: Tapu Lele|0 fnt
|-enditem|p1a: Tapu Lele|Choice Specs|[from] move: Knock Off|[of] p2a: Da Blades
|faint|p1a: Tapu Lele
|-ability|p2a: Da Blades|Beast Boost|boost
|-boost|p2a: Da Blades|atk|1
|
|upkeep
|
|t:|1665280446
|switch|p1a: Landorus|Landorus-Therian, M|77/100
|-ability|p1a: Landorus|Intimidate|boost
|-unboost|p2a: Da Blades|atk|1
|turn|25
|
|t:|1665280451
|move|p2a: Da Blades|Knock Off|p1a: Landorus
|-damage|p1a: Landorus|55/100
|move|p1a: Landorus|Earthquake|p2a: Da Blades
|-damage|p2a: Da Blades|55/100
|
|upkeep
|turn|26
|
|t:|1665280456
|move|p2a: Da Blades|Leaf Blade|p1a: Landorus
|-damage|p1a: Landorus|7/100
|move|p1a: Landorus|Earthquake|p2a: Da Blades
|-damage|p2a: Da Blades|3/100
|
|-fieldend|move: Psychic Terrain
|upkeep
|turn|27
|
|t:|1665280463
|move|p2a: Da Blades|Sacred Sword|p1a: Landorus
|-resisted|p1a: Landorus
|-damage|p1a: Landorus|0 fnt
|faint|p1a: Landorus
|-ability|p2a: Da Blades|Beast Boost|boost
|-boost|p2a: Da Blades|atk|1
|
|upkeep
|
|t:|1665280470
|switch|p1a: Kartana|Kartana|90/100
|turn|28
|
|t:|1665280474
|move|p2a: Da Blades|Swords Dance|p2a: Da Blades
|-boost|p2a: Da Blades|atk|2
|move|p1a: Kartana|Knock Off|p2a: Da Blades
|-damage|p2a: Da Blades|0 fnt
|-enditem|p2a: Da Blades|Protective Pads|[from] move: Knock Off|[of] p1a: Kartana
|faint|p2a: Da Blades
|
|win|Thedebatablereaper
|raw|Thedebatablereaper's rating: 1415 &rarr; <strong>1434</strong><br />(+19 for winning)
|raw|mowlawner-bot's rating: 1390 &rarr; <strong>1371</strong><br />(-19 for losing)
|c|☆mowlawner-bot|Thanks for playing against me!
