|j|☆LT94JE IcicleCrash
|j|☆bramitoboy
|t:|1661163817
|gametype|singles
|player|p1|LT94JE IcicleCrash|marley|1734
|player|p2|bramitoboy|265|1951
|teamsize|p1|6
|teamsize|p2|6
|gen|8
|tier|[Gen 8] OU
|rated|
|rule|Sleep Clause Mod: Limit one foe put to sleep
|rule|Species Clause: Limit one of each Pokémon
|rule|OHKO Clause: OHKO moves are banned
|rule|Evasion Items Clause: Evasion items are banned
|rule|Evasion Moves Clause: Evasion moves are banned
|rule|Endless Battle Clause: Forcing endless battles is banned
|rule|HP Percentage Mod: HP is shown in percentages
|rule|Dynamax Clause: You cannot dynamax
|clearpoke
|poke|p1|Tapu Lele|
|poke|p1|Volcanion|
|poke|p1|Porygon2|
|poke|p1|Corviknight, F|
|poke|p1|Dragapult, M|
|poke|p1|Zeraora|
|poke|p2|Zarude-Dada|
|poke|p2|Keldeo-Resolute|
|poke|p2|Tapu Lele|
|poke|p2|Tapu Koko|
|poke|p2|Heatran, F|
|poke|p2|Landorus-Therian, M|
|teampreview
|c|☆LT94JE IcicleCrash|glhf
|inactive|Battle timer is ON: inactive players will automatically lose when time's up. (requested by LT94JE IcicleCrash)
|j| Yuipo
|j| lt94je ACII
|j| pianotheory
|c| Yuipo|yooo nice climb lgi
|j| XXXfantasy
|c| pianotheory|Icicle crash where the mamo?
|inactive|bramitoboy has 120 seconds left.
|c|☆LT94JE IcicleCrash|shh
|c| pianotheory|lol
|c|☆bramitoboy|good luck
|c|☆LT94JE IcicleCrash|the mamo is coming out after i qualify
|l| lt94je ACII
|c| pianotheory|yeaaaa!
|
|t:|1661163879
|start
|switch|p1a: Volcanion|Volcanion|100/100
|switch|p2a: Tapu Lele|Tapu Lele|100/100
|-fieldstart|move: Psychic Terrain|[from] ability: Psychic Surge|[of] p2a: Tapu Lele
|turn|1
|
|t:|1661163887
|switch|p1a: Corviknight|Corviknight, F|100/100
|-ability|p1a: Corviknight|Pressure
|move|p2a: Tapu Lele|Thunderbolt|p1a: Corviknight
|-supereffective|p1a: Corviknight
|-damage|p1a: Corviknight|38/100
|-status|p1a: Corviknight|par
|
|upkeep
|turn|2
|c|☆LT94JE IcicleCrash|wp
|j| whyad
|c|☆bramitoboy|thanks
|
|t:|1661163898
|move|p2a: Tapu Lele|Focus Blast|p1a: Corviknight
|-damage|p1a: Corviknight|0 fnt
|faint|p1a: Corviknight
|
|upkeep
|
|t:|1661163906
|switch|p1a: Dragapult|Dragapult, M|100/100
|turn|3
|
|t:|1661163910
|move|p1a: Dragapult|U-turn|p2a: Tapu Lele
|-damage|p2a: Tapu Lele|76/100
|c| pianotheory|how did u guys get so high on the ladder
|c| pianotheory|can i have some tips
|
|t:|1661163915
|switch|p1a: Porygon2|Porygon2|100/100|[from]move: U-turn
|-ability|p1a: Porygon2|Psychic Surge|[from] ability: Trace|[of] p2a: Tapu Lele
|move|p2a: Tapu Lele|Moonblast|p1a: Porygon2
|-damage|p1a: Porygon2|75/100
|
|upkeep
|turn|4
|c|☆LT94JE IcicleCrash|click buttons
|c|☆bramitoboy|enter in the mind of your opponent
|j| xlmqzy
|c|☆bramitoboy|play aggressive with many predicts
|c| pianotheory|ok thanks
|c|☆bramitoboy|and click buttons
|inactive|bramitoboy has 120 seconds left.
|c| pianotheory|sounds ...
|c| pianotheory|good
|
|t:|1661163954
|switch|p2a: Heatran|Heatran, F|100/100
|-item|p2a: Heatran|Air Balloon
|move|p1a: Porygon2|Thunder Wave|p2a: Heatran
|-status|p2a: Heatran|par
|
|upkeep
|turn|5
|inactive|bramitoboy has 120 seconds left.
|
|t:|1661163960
|switch|p1a: Volcanion|Volcanion|100/100
|move|p2a: Heatran|Earth Power|p1a: Volcanion
|-supereffective|p1a: Volcanion
|-damage|p1a: Volcanion|28/100
|
|-fieldend|move: Psychic Terrain
|upkeep
|turn|6
|c|☆LT94JE IcicleCrash|you demon
|inactive|bramitoboy has 120 seconds left.
|c|☆bramitoboy|ahahah
|
|t:|1661163977
|switch|p2a: Keldeo|Keldeo-Resolute|100/100
|move|p1a: Volcanion|Steam Eruption|p2a: Keldeo
|-resisted|p2a: Keldeo
|-damage|p2a: Keldeo|47/100
|
|-heal|p2a: Keldeo|53/100|[from] item: Leftovers
|upkeep
|turn|7
|inactive|bramitoboy has 120 seconds left.
|
|t:|1661163987
|switch|p1a: Dragapult|Dragapult, M|100/100
|move|p2a: Keldeo|Secret Sword|p1a: Dragapult
|-immune|p1a: Dragapult
|
|-heal|p2a: Keldeo|59/100|[from] item: Leftovers
|upkeep
|turn|8
|inactive|bramitoboy has 120 seconds left.
|j| Iamextremelyboring
|j| Spitfire arcanine
|
|t:|1661164008
|switch|p2a: Heatran|Heatran, F|100/100 par
|-item|p2a: Heatran|Air Balloon
|move|p1a: Dragapult|Fire Blast|p2a: Heatran
|-start|p2a: Heatran|ability: Flash Fire
|
|upkeep
|turn|9
|c|☆LT94JE IcicleCrash|ruh ro
|c|☆LT94JE IcicleCrash|h
|
|t:|1661164017
|switch|p1a: Porygon2|Porygon2|75/100
|-ability|p1a: Porygon2|Flash Fire|[from] ability: Trace|[of] p2a: Heatran
|move|p2a: Heatran|Stealth Rock|p1a: Porygon2
|-sidestart|p1: LT94JE IcicleCrash|move: Stealth Rock
|
|upkeep
|turn|10
|n| LT94 Jester|yuipo
|
|t:|1661164031
|-end|p2a: Heatran|ability: Flash Fire|[silent]
|switch|p2a: Landorus|Landorus-Therian, M|100/100
|-ability|p2a: Landorus|Intimidate|boost
|-unboost|p1a: Porygon2|atk|1
|move|p1a: Porygon2|Ice Beam|p2a: Landorus
|-supereffective|p2a: Landorus
|-crit|p2a: Landorus
|-damage|p2a: Landorus|0 fnt
|faint|p2a: Landorus
|
|upkeep
|c|☆LT94JE IcicleCrash|mb
|c|☆bramitoboy|this was good
|n| is this even good|lt94jester
|
|t:|1661164045
|switch|p2a: Tapu Koko|Tapu Koko|100/100
|-fieldstart|move: Electric Terrain|[from] ability: Electric Surge|[of] p2a: Tapu Koko
|turn|11
|
|t:|1661164051
|move|p2a: Tapu Koko|Toxic|p1a: Porygon2
|-status|p1a: Porygon2|tox
|move|p1a: Porygon2|Recover|p1a: Porygon2
|-heal|p1a: Porygon2|100/100 tox
|
|-damage|p1a: Porygon2|94/100 tox|[from] psn
|upkeep
|turn|12
|inactive|bramitoboy has 120 seconds left.
|
|t:|1661164058
|switch|p2a: Heatran|Heatran, F|100/100 par
|-item|p2a: Heatran|Air Balloon
|move|p1a: Porygon2|Ice Beam|p2a: Heatran
|-resisted|p2a: Heatran
|-damage|p2a: Heatran|96/100 par
|-enditem|p2a: Heatran|Air Balloon
|
|-damage|p1a: Porygon2|82/100 tox|[from] psn
|upkeep
|turn|13
|
|t:|1661164068
|move|p2a: Heatran|Earth Power|p1a: Porygon2
|-damage|p1a: Porygon2|66/100 tox
|move|p1a: Porygon2|Teleport|p1a: Porygon2
|
|t:|1661164072
|switch|p1a: Volcanion|Volcanion|28/100|[from]move: Teleport
|-damage|p1a: Volcanion|3/100|[from] Stealth Rock
|
|upkeep
|turn|14
|
|t:|1661164090
|switch|p2a: Keldeo|Keldeo-Resolute|59/100
|move|p1a: Volcanion|Steam Eruption|p2a: Keldeo
|-resisted|p2a: Keldeo
|-damage|p2a: Keldeo|1/100
|-status|p2a: Keldeo|brn
|
|-heal|p2a: Keldeo|7/100 brn|[from] item: Leftovers
|-damage|p2a: Keldeo|1/100 brn|[from] brn
|upkeep
|turn|15
|
|t:|1661164098
|move|p2a: Keldeo|Secret Sword|p1a: Volcanion
|-damage|p1a: Volcanion|0 fnt
|faint|p1a: Volcanion
|
|-heal|p2a: Keldeo|7/100 brn|[from] item: Leftovers
|-damage|p2a: Keldeo|1/100 brn|[from] brn
|-fieldend|move: Electric Terrain
|upkeep
|
|t:|1661164104
|switch|p1a: Dragapult|Dragapult, M|100/100
|-damage|p1a: Dragapult|88/100|[from] Stealth Rock
|turn|16
|
|t:|1661164110
|move|p1a: Dragapult|U-turn|p2a: Keldeo
|-resisted|p2a: Keldeo
|-damage|p2a: Keldeo|0 fnt
|faint|p2a: Keldeo
|j| Hxjdhdhdh
|
|t:|1661164129
|switch|p1a: Porygon2|Porygon2|66/100 tox|[from]move: U-turn
|-damage|p1a: Porygon2|54/100 tox|[from] Stealth Rock
|
|-damage|p1a: Porygon2|48/100 tox|[from] psn
|upkeep
|
|t:|1661164136
|switch|p2a: Heatran|Heatran, F|96/100 par
|-ability|p1a: Porygon2|Flash Fire|[from] ability: Trace|[of] p2a: Heatran
|turn|17
|
|t:|1661164139
|move|p2a: Heatran|Taunt|p1a: Porygon2
|-start|p1a: Porygon2|move: Taunt
|cant|p1a: Porygon2|move: Taunt|Teleport
|
|-damage|p1a: Porygon2|36/100 tox|[from] psn
|upkeep
|turn|18
|
|t:|1661164146
|move|p1a: Porygon2|Ice Beam|p2a: Heatran
|-resisted|p2a: Heatran
|-damage|p2a: Heatran|91/100 par
|cant|p2a: Heatran|par
|
|-damage|p1a: Porygon2|17/100 tox|[from] psn
|upkeep
|turn|19
|n| lt94je whyaddicted|whyad
|
|t:|1661164156
|move|p1a: Porygon2|Ice Beam|p2a: Heatran
|-resisted|p2a: Heatran
|-damage|p2a: Heatran|87/100 par
|cant|p2a: Heatran|par
|
|-damage|p1a: Porygon2|0 fnt|[from] psn
|faint|p1a: Porygon2
|upkeep
|
|t:|1661164160
|switch|p1a: Dragapult|Dragapult, M|88/100
|-damage|p1a: Dragapult|76/100|[from] Stealth Rock
|turn|20
|
|t:|1661164163
|switch|p2a: Zarude|Zarude-Dada|100/100
|move|p1a: Dragapult|Shadow Ball|p2a: Zarude
|-resisted|p2a: Zarude
|-damage|p2a: Zarude|74/100
|-unboost|p2a: Zarude|spd|1
|
|upkeep
|turn|21
|j| The art of
|c|☆LT94JE IcicleCrash|oh so now you switch into it
|
|t:|1661164172
|move|p1a: Dragapult|Shadow Ball|p2a: Zarude
|-resisted|p2a: Zarude
|-damage|p2a: Zarude|34/100
|move|p2a: Zarude|Darkest Lariat|p1a: Dragapult
|-supereffective|p1a: Dragapult
|-damage|p1a: Dragapult|0 fnt
|faint|p1a: Dragapult
|-damage|p2a: Zarude|24/100|[from] item: Life Orb
|
|upkeep
|
|t:|1661164179
|switch|p1a: Zeraora|Zeraora|100/100
|-damage|p1a: Zeraora|88/100|[from] Stealth Rock
|turn|22
|
|t:|1661164186
|move|p1a: Zeraora|Plasma Fists|p2a: Zarude
|-resisted|p2a: Zarude
|-damage|p2a: Zarude|0 fnt
|-fieldactivate|move: Ion Deluge
|-hint|Normal-type moves become Electric-type after using Plasma Fists.
|faint|p2a: Zarude
|
|upkeep
|
|t:|1661164192
|switch|p2a: Tapu Koko|Tapu Koko|100/100
|-fieldstart|move: Electric Terrain|[from] ability: Electric Surge|[of] p2a: Tapu Koko
|turn|23
|
|t:|1661164200
|move|p2a: Tapu Koko|Dazzling Gleam|p1a: Zeraora
|-damage|p1a: Zeraora|42/100
|move|p1a: Zeraora|Plasma Fists|p2a: Tapu Koko
|-resisted|p2a: Tapu Koko
|-damage|p2a: Tapu Koko|37/100
|-fieldactivate|move: Ion Deluge
|-hint|Normal-type moves become Electric-type after using Plasma Fists.
|
|upkeep
|turn|24
|c|☆LT94JE IcicleCrash|no way
|
|t:|1661164209
|switch|p1a: Tapu Lele|Tapu Lele|100/100
|-damage|p1a: Tapu Lele|88/100|[from] Stealth Rock
|-fieldstart|move: Psychic Terrain|[from] ability: Psychic Surge|[of] p1a: Tapu Lele
|move|p2a: Tapu Koko|Dazzling Gleam|p1a: Tapu Lele
|-damage|p1a: Tapu Lele|49/100
|
|upkeep
|turn|25
|c|☆LT94JE IcicleCrash|scarf koko
|c| pianotheory|scarf koko lollll
|c|☆bramitoboy|it works in this type of team
|
|t:|1661164224
|switch|p2a: Heatran|Heatran, F|87/100 par
|switch|p1a: Zeraora|Zeraora|42/100
|-damage|p1a: Zeraora|29/100|[from] Stealth Rock
|
|upkeep
|turn|26
|c| pianotheory|i mean its cool
|c| pianotheory|for chomp maybe??
|c|☆LT94JE IcicleCrash|no it wins the game
|
|t:|1661164234
|move|p1a: Zeraora|Plasma Fists|p2a: Heatran
|-damage|p2a: Heatran|26/100 par
|-fieldactivate|move: Ion Deluge
|-hint|Normal-type moves become Electric-type after using Plasma Fists.
|move|p2a: Heatran|Earth Power|p1a: Zeraora
|-supereffective|p1a: Zeraora
|-damage|p1a: Zeraora|0 fnt
|faint|p1a: Zeraora
|
|upkeep
|c|☆LT94JE IcicleCrash|i lose the game against scarf koko
|
|t:|1661164239
|switch|p1a: Tapu Lele|Tapu Lele|49/100
|-damage|p1a: Tapu Lele|37/100|[from] Stealth Rock
|turn|27
|c|☆LT94JE IcicleCrash|any koko set that isnt scarf loses this game
|c|☆LT94JE IcicleCrash|gg sir.
|c|☆bramitoboy|no it gives me speed control against dragon types like dragonite or kartana
|c|☆bramitoboy|gg man
|c|☆LT94JE IcicleCrash|and it beats zeraora -_-
|inactive|bramitoboy has 120 seconds left.
|-message|LT94JE IcicleCrash forfeited.
|
|win|bramitoboy
|raw|LT94JE IcicleCrash's rating: 1734 &rarr; <strong>1725</strong><br />(-9 for losing)
|raw|bramitoboy's rating: 1951 &rarr; <strong>1960</strong><br />(+9 for winning)
|l|☆LT94JE IcicleCrash
|c|☆bramitoboy|yes, exactly. Anything was planned to use it late game
|l| XXXfantasy
|j| XXXfantasy
|c| XXXfantasy|he must not play gen7
|c| XXXfantasy|if he thinks scarf koko is dumbest thing on the planet lol
|c|☆bramitoboy|yes ahaha
|c|☆bramitoboy|it is very underrated
|l| XXXfantasy
