|j|☆HateRice6
|j|☆Stunfisk2140
|t:|1645171243
|gametype|singles
|player|p1|HateRice6|266|1459
|player|p2|Stunfisk2140|170|1548
|teamsize|p1|6
|teamsize|p2|6
|gen|8
|tier|[Gen 8] OU
|rated|
|rule|Sleep Clause Mod: Limit one foe put to sleep
|rule|Species Clause: Limit one of each Pokémon
|rule|OHKO Clause: OHKO moves are banned
|rule|Evasion Moves Clause: Evasion moves are banned
|rule|Endless Battle Clause: Forcing endless battles is banned
|rule|HP Percentage Mod: HP is shown in percentages
|rule|Dynamax Clause: You cannot dynamax
|clearpoke
|poke|p1|Suicune|
|poke|p1|Tyranitar, M|
|poke|p1|Excadrill, M|
|poke|p1|Zapdos|
|poke|p1|Slowbro, F|
|poke|p1|Dragapult, M|
|poke|p2|Sirfetch’d, M|
|poke|p2|Landorus-Therian, M|
|poke|p2|Slowking-Galar, F|
|poke|p2|Zeraora|
|poke|p2|Mandibuzz, F|
|poke|p2|Ferrothorn, F|
|teampreview
|inactive|Battle timer is ON: inactive players will automatically lose when time's up. (requested by Stunfisk2140)
|inactive|HateRice6 has 120 seconds left.
|
|t:|1645171284
|start
|switch|p1a: Wypipo Dreadz|Zapdos|100/100
|switch|p2a: Napoleon Birb|Sirfetch’d, M|100/100
|turn|1
|
|t:|1645171291
|switch|p2a: Big Brain boov|Slowking-Galar, F|100/100
|move|p1a: Wypipo Dreadz|Hurricane|p2a: Big Brain boov|[miss]
|-miss|p1a: Wypipo Dreadz|p2a: Big Brain boov
|
|upkeep
|turn|2
|
|t:|1645171306
|switch|p1a: Reptar|Tyranitar, M|100/100
|-weather|Sandstorm|[from] ability: Sand Stream|[of] p1a: Reptar
|switch|p2a: Napoleon Birb|Sirfetch’d, M|100/100
|
|-weather|Sandstorm|[upkeep]
|-damage|p2a: Napoleon Birb|94/100|[from] Sandstorm
|upkeep
|turn|3
|
|t:|1645171323
|switch|p1a: Gina|Slowbro, F|100/100
|move|p2a: Napoleon Birb|Knock Off|p1a: Gina
|-supereffective|p1a: Gina
|-damage|p1a: Gina|37/100
|-enditem|p1a: Gina|Heavy-Duty Boots|[from] move: Knock Off|[of] p2a: Napoleon Birb
|
|-weather|Sandstorm|[upkeep]
|-damage|p2a: Napoleon Birb|88/100|[from] Sandstorm
|-damage|p1a: Gina|31/100|[from] Sandstorm
|upkeep
|turn|4
|
|t:|1645171343
|switch|p1a: Reptar|Tyranitar, M|100/100
|move|p2a: Napoleon Birb|Knock Off|p1a: Reptar
|-resisted|p1a: Reptar
|-damage|p1a: Reptar|85/100
|-enditem|p1a: Reptar|Leftovers|[from] move: Knock Off|[of] p2a: Napoleon Birb
|
|-weather|Sandstorm|[upkeep]
|-damage|p2a: Napoleon Birb|82/100|[from] Sandstorm
|upkeep
|turn|5
|
|t:|1645171354
|switch|p2a: Orlando Bloom|Landorus-Therian, M|100/100
|-ability|p2a: Orlando Bloom|Intimidate|boost
|-unboost|p1a: Reptar|atk|1
|move|p1a: Reptar|Stealth Rock|p2a: Orlando Bloom
|-sidestart|p2: Stunfisk2140|move: Stealth Rock
|
|-weather|Sandstorm|[upkeep]
|upkeep
|turn|6
|
|t:|1645171364
|switch|p1a: Gina|Slowbro, F|65/100
|move|p2a: Orlando Bloom|Stealth Rock|p1a: Gina
|-sidestart|p1: HateRice6|move: Stealth Rock
|
|-weather|none
|upkeep
|turn|7
|
|t:|1645171370
|move|p2a: Orlando Bloom|U-turn|p1a: Gina
|-supereffective|p1a: Gina
|-damage|p1a: Gina|37/100
|
|t:|1645171376
|switch|p2a: I Am Sped|Zeraora, shiny|100/100|[from]move: U-turn
|move|p1a: Gina|Future Sight|p2a: I Am Sped
|-start|p1a: Gina|move: Future Sight
|
|upkeep
|turn|8
|inactive|HateRice6 has 120 seconds left.
|
|t:|1645171424
|switch|p1a: Wypipo Dreadz|Zapdos|100/100
|-damage|p1a: Wypipo Dreadz|76/100|[from] Stealth Rock
|move|p2a: I Am Sped|Plasma Fists|p1a: Wypipo Dreadz
|-damage|p1a: Wypipo Dreadz|22/100
|-fieldactivate|move: Ion Deluge
|-hint|Normal-type moves become Electric-type after using Plasma Fists.
|
|upkeep
|turn|9
|inactive|Stunfisk2140 has 120 seconds left.
|
|t:|1645171457
|move|p2a: I Am Sped|Knock Off|p1a: Wypipo Dreadz
|-damage|p1a: Wypipo Dreadz|0 fnt
|-enditem|p1a: Wypipo Dreadz|Choice Specs|[from] move: Knock Off|[of] p2a: I Am Sped
|faint|p1a: Wypipo Dreadz
|
|-end|p2a: I Am Sped|move: Future Sight
|-damage|p2a: I Am Sped|48/100
|upkeep
|
|t:|1645171472
|switch|p1a: Gina|Slowbro, F|70/100
|-damage|p1a: Gina|58/100|[from] Stealth Rock
|turn|10
|
|t:|1645171477
|switch|p1a: Reptar|Tyranitar, M|85/100
|-damage|p1a: Reptar|72/100|[from] Stealth Rock
|-weather|Sandstorm|[from] ability: Sand Stream|[of] p1a: Reptar
|move|p2a: I Am Sped|Plasma Fists|p1a: Reptar
|-damage|p1a: Reptar|39/100
|-fieldactivate|move: Ion Deluge
|-hint|Normal-type moves become Electric-type after using Plasma Fists.
|
|-weather|Sandstorm|[upkeep]
|-damage|p2a: I Am Sped|42/100|[from] Sandstorm
|upkeep
|turn|11
|inactive|HateRice6 has 120 seconds left.
|
|t:|1645171494
|move|p2a: I Am Sped|Close Combat|p1a: Reptar
|-supereffective|p1a: Reptar
|-damage|p1a: Reptar|0 fnt
|-unboost|p2a: I Am Sped|def|1
|-unboost|p2a: I Am Sped|spd|1
|faint|p1a: Reptar
|
|-weather|Sandstorm|[upkeep]
|-damage|p2a: I Am Sped|36/100|[from] Sandstorm
|upkeep
|
|t:|1645171497
|switch|p1a: UGK|Excadrill, M|100/100
|-damage|p1a: UGK|97/100|[from] Stealth Rock
|-item|p1a: UGK|Air Balloon
|turn|12
|inactive|HateRice6 has 120 seconds left.
|
|t:|1645171505
|switch|p2a: Orlando Bloom|Landorus-Therian, M|100/100
|-damage|p2a: Orlando Bloom|88/100|[from] Stealth Rock
|-ability|p2a: Orlando Bloom|Intimidate|boost
|-unboost|p1a: UGK|atk|1
|move|p1a: UGK|Rapid Spin|p2a: Orlando Bloom
|-crit|p2a: Orlando Bloom
|-damage|p2a: Orlando Bloom|62/100
|-boost|p1a: UGK|spe|1
|-sideend|p1: HateRice6|Stealth Rock|[from] move: Rapid Spin|[of] p1a: UGK
|
|-weather|Sandstorm|[upkeep]
|-heal|p2a: Orlando Bloom|68/100|[from] item: Leftovers
|upkeep
|turn|13
|
|t:|1645171517
|move|p1a: UGK|Swords Dance|p1a: UGK
|-boost|p1a: UGK|atk|2
|move|p2a: Orlando Bloom|U-turn|p1a: UGK
|-resisted|p1a: UGK
|-damage|p1a: UGK|82/100
|-enditem|p1a: UGK|Air Balloon
|
|t:|1645171523
|switch|p2a: Pain|Ferrothorn, F|100/100|[from]move: U-turn
|-damage|p2a: Pain|95/100|[from] Stealth Rock
|
|-weather|Sandstorm|[upkeep]
|-heal|p2a: Pain|100/100|[from] item: Leftovers
|upkeep
|turn|14
|
|t:|1645171531
|move|p1a: UGK|Earthquake|p2a: Pain
|-damage|p2a: Pain|53/100
|move|p2a: Pain|Body Press|p1a: UGK
|-supereffective|p1a: UGK
|-damage|p1a: UGK|0 fnt
|faint|p1a: UGK
|
|-weather|none
|-heal|p2a: Pain|59/100|[from] item: Leftovers
|upkeep
|
|t:|1645171534
|switch|p1a: Lucina|Suicune|100/100
|-ability|p1a: Lucina|Pressure
|turn|15
|
|t:|1645171544
|switch|p2a: I Am Sped|Zeraora, shiny|36/100
|move|p1a: Lucina|Substitute|p1a: Lucina
|-start|p1a: Lucina|Substitute
|-damage|p1a: Lucina|75/100
|
|-heal|p1a: Lucina|82/100|[from] item: Leftovers
|upkeep
|turn|16
|
|t:|1645171554
|move|p1a: Lucina|Protect|p1a: Lucina
|-singleturn|p1a: Lucina|Protect
|move|p2a: I Am Sped|Plasma Fists|p1a: Lucina
|-activate|p1a: Lucina|move: Protect
|
|-heal|p1a: Lucina|88/100|[from] item: Leftovers
|upkeep
|turn|17
|
|t:|1645171567
|move|p2a: I Am Sped|Plasma Fists|p1a: Lucina
|-supereffective|p1a: Lucina
|-end|p1a: Lucina|Substitute
|move|p1a: Lucina|Scald|p2a: I Am Sped
|-damage|p2a: I Am Sped|2/100
|
|-heal|p1a: Lucina|94/100|[from] item: Leftovers
|upkeep
|turn|18
|
|t:|1645171582
|move|p1a: Lucina|Protect|p1a: Lucina
|-singleturn|p1a: Lucina|Protect
|move|p2a: I Am Sped|Plasma Fists|p1a: Lucina
|-activate|p1a: Lucina|move: Protect
|
|-heal|p1a: Lucina|99/100|[from] item: Leftovers
|upkeep
|turn|19
|
|t:|1645171605
|switch|p1a: Gina|Slowbro, F|91/100
|move|p2a: I Am Sped|Plasma Fists|p1a: Gina
|-supereffective|p1a: Gina
|-damage|p1a: Gina|31/100
|-fieldactivate|move: Ion Deluge
|-hint|Normal-type moves become Electric-type after using Plasma Fists.
|
|upkeep
|turn|20
|
|t:|1645171613
|move|p2a: I Am Sped|Plasma Fists|p1a: Gina
|-supereffective|p1a: Gina
|-damage|p1a: Gina|0 fnt
|-fieldactivate|move: Ion Deluge
|-hint|Normal-type moves become Electric-type after using Plasma Fists.
|faint|p1a: Gina
|
|upkeep
|
|t:|1645171623
|switch|p1a: Lucina|Suicune|99/100
|-ability|p1a: Lucina|Pressure
|turn|21
|
|t:|1645171627
|move|p2a: I Am Sped|Plasma Fists|p1a: Lucina
|-supereffective|p1a: Lucina
|-damage|p1a: Lucina|33/100
|-fieldactivate|move: Ion Deluge
|-hint|Normal-type moves become Electric-type after using Plasma Fists.
|move|p1a: Lucina|Scald|p2a: I Am Sped
|-crit|p2a: I Am Sped
|-damage|p2a: I Am Sped|0 fnt
|faint|p2a: I Am Sped
|
|-heal|p1a: Lucina|40/100|[from] item: Leftovers
|upkeep
|
|t:|1645171638
|switch|p2a: Napoleon Birb|Sirfetch’d, M|82/100
|-damage|p2a: Napoleon Birb|76/100|[from] Stealth Rock
|turn|22
|
|t:|1645171643
|move|p1a: Lucina|Protect|p1a: Lucina
|-singleturn|p1a: Lucina|Protect
|move|p2a: Napoleon Birb|Close Combat|p1a: Lucina
|-activate|p1a: Lucina|move: Protect
|
|-heal|p1a: Lucina|46/100|[from] item: Leftovers
|upkeep
|turn|23
|
|t:|1645171653
|switch|p1a: Big Draco II|Dragapult, M|100/100
|move|p2a: Napoleon Birb|Close Combat|p1a: Big Draco II
|-damage|p1a: Big Draco II|0 fnt
|-unboost|p2a: Napoleon Birb|def|1
|-unboost|p2a: Napoleon Birb|spd|1
|faint|p1a: Big Draco II
|
|upkeep
|
|t:|1645171659
|switch|p1a: Lucina|Suicune|46/100
|-ability|p1a: Lucina|Pressure
|turn|24
|
|t:|1645171665
|move|p1a: Lucina|Protect|p1a: Lucina
|-singleturn|p1a: Lucina|Protect
|move|p2a: Napoleon Birb|Close Combat|p1a: Lucina
|-activate|p1a: Lucina|move: Protect
|
|-heal|p1a: Lucina|52/100|[from] item: Leftovers
|upkeep
|turn|25
|
|t:|1645171675
|move|p1a: Lucina|Scald|p2a: Napoleon Birb
|-damage|p2a: Napoleon Birb|22/100
|-status|p2a: Napoleon Birb|brn
|move|p2a: Napoleon Birb|Close Combat|p1a: Lucina
|-damage|p1a: Lucina|16/100
|-unboost|p2a: Napoleon Birb|def|1
|-unboost|p2a: Napoleon Birb|spd|1
|
|-heal|p1a: Lucina|22/100|[from] item: Leftovers
|-damage|p2a: Napoleon Birb|16/100 brn|[from] brn
|upkeep
|turn|26
|
|t:|1645171691
|switch|p2a: Pain|Ferrothorn, F|59/100
|-damage|p2a: Pain|53/100|[from] Stealth Rock
|move|p1a: Lucina|Scald|p2a: Pain
|-resisted|p2a: Pain
|-damage|p2a: Pain|43/100
|
|-heal|p1a: Lucina|28/100|[from] item: Leftovers
|-heal|p2a: Pain|49/100|[from] item: Leftovers
|upkeep
|turn|27
|
|t:|1645171701
|move|p1a: Lucina|Protect|p1a: Lucina
|-singleturn|p1a: Lucina|Protect
|move|p2a: Pain|Leech Seed|p1a: Lucina
|-activate|p1a: Lucina|move: Protect
|
|-heal|p1a: Lucina|34/100|[from] item: Leftovers
|-heal|p2a: Pain|55/100|[from] item: Leftovers
|upkeep
|turn|28
|
|t:|1645171708
|move|p1a: Lucina|Substitute|p1a: Lucina
|-start|p1a: Lucina|Substitute
|-damage|p1a: Lucina|9/100
|move|p2a: Pain|Leech Seed||[still]
|-fail|p2a: Pain
|
|-heal|p1a: Lucina|15/100|[from] item: Leftovers
|-heal|p2a: Pain|61/100|[from] item: Leftovers
|upkeep
|turn|29
|
|t:|1645171718
|move|p1a: Lucina|Protect|p1a: Lucina
|-singleturn|p1a: Lucina|Protect
|move|p2a: Pain|Body Press|p1a: Lucina
|-activate|p1a: Lucina|move: Protect
|
|-heal|p1a: Lucina|22/100|[from] item: Leftovers
|-heal|p2a: Pain|67/100|[from] item: Leftovers
|upkeep
|turn|30
|
|t:|1645171727
|move|p1a: Lucina|Calm Mind|p1a: Lucina
|-boost|p1a: Lucina|spa|1
|-boost|p1a: Lucina|spd|1
|move|p2a: Pain|Body Press|p1a: Lucina
|-activate|p1a: Lucina|move: Substitute|[damage]
|
|-heal|p1a: Lucina|28/100|[from] item: Leftovers
|-heal|p2a: Pain|73/100|[from] item: Leftovers
|upkeep
|turn|31
|
|t:|1645171740
|switch|p2a: Big Brain boov|Slowking-Galar, F|100/100
|-damage|p2a: Big Brain boov|88/100|[from] Stealth Rock
|move|p1a: Lucina|Protect||[still]
|-fail|p1a: Lucina
|
|-heal|p1a: Lucina|34/100|[from] item: Leftovers
|upkeep
|turn|32
|
|t:|1645171761
|move|p1a: Lucina|Calm Mind|p1a: Lucina
|-boost|p1a: Lucina|spa|1
|-boost|p1a: Lucina|spd|1
|move|p2a: Big Brain boov|Future Sight|p1a: Lucina
|-start|p2a: Big Brain boov|move: Future Sight
|
|-heal|p1a: Lucina|40/100|[from] item: Leftovers
|upkeep
|turn|33
|inactive|HateRice6 has 120 seconds left.
|c|☆Stunfisk2140|suicune is cancer
|c|☆Stunfisk2140|this is why we need taunt fini
|c|☆Stunfisk2140|to shut cancer
|c|☆HateRice6|Agreed
|
|t:|1645171807
|switch|p2a: Pain|Ferrothorn, F|73/100
|-damage|p2a: Pain|67/100|[from] Stealth Rock
|move|p1a: Lucina|Calm Mind|p1a: Lucina
|-boost|p1a: Lucina|spa|1
|-boost|p1a: Lucina|spd|1
|
|-heal|p1a: Lucina|46/100|[from] item: Leftovers
|-heal|p2a: Pain|73/100|[from] item: Leftovers
|upkeep
|turn|34
|c|☆Stunfisk2140|albeit
|c|☆Stunfisk2140|people who use cancer
|c|☆Stunfisk2140|deserve cancer
|-message|Stunfisk2140 forfeited.
|
|win|HateRice6
|raw|HateRice6's rating: 1459 &rarr; <strong>1484</strong><br />(+25 for winning)
|raw|Stunfisk2140's rating: 1548 &rarr; <strong>1523</strong><br />(-25 for losing)
|l|☆Stunfisk2140
