|j|☆madness10
|j|☆Bibimbap bopbopbop
|player|p1|madness10|265|1369
|player|p2|Bibimbap bopbopbop|swimmer-gen4dp|1312
|teamsize|p1|6
|teamsize|p2|6
|gametype|singles
|gen|8
|tier|[Gen 8] OU
|rated|
|clearpoke
|poke|p1|Dragapult, F|
|poke|p1|Gengar, M|
|poke|p1|Conkeldurr, F|
|poke|p1|Excadrill, M|
|poke|p1|Togekiss, M|
|poke|p1|Toxapex, M|
|poke|p2|Rotom-Heat|
|poke|p2|Grimmsnarl, M|
|poke|p2|Conkeldurr, F|
|poke|p2|Excadrill, F|
|poke|p2|Dusclops, F|
|poke|p2|Gyarados, M|
|rule|Sleep Clause Mod: Limit one foe put to sleep
|rule|Species Clause: Limit one of each Pokémon
|rule|OHKO Clause: OHKO moves are banned
|rule|Evasion Moves Clause: Evasion moves are banned
|rule|Endless Battle Clause: Forcing endless battles is banned
|rule|HP Percentage Mod: HP is shown in percentages
|rule|Dynamax Clause: You cannot dynamax
|teampreview
|inactive|Battle timer is ON: inactive players will automatically lose when time's up. (requested by Bibimbap bopbopbop)
|
|start
|switch|p1a: Excadrill|Excadrill, M|100/100
|switch|p2a: Gyarados|Gyarados, M|100/100
|-ability|p1a: Excadrill|Mold Breaker
|-ability|p2a: Gyarados|Intimidate|boost
|-unboost|p1a: Excadrill|atk|1
|turn|1
|
|switch|p1a: Toxapex|Toxapex, M|100/100
|move|p2a: Gyarados|Waterfall|p1a: Toxapex
|-resisted|p1a: Toxapex
|-damage|p1a: Toxapex|90/100
|
|-heal|p1a: Toxapex|96/100|[from] item: Black Sludge
|upkeep
|turn|2
|
|move|p2a: Gyarados|Taunt|p1a: Toxapex
|-start|p1a: Toxapex|move: Taunt
|move|p1a: Toxapex|Scald|p2a: Gyarados
|-resisted|p2a: Gyarados
|-damage|p2a: Gyarados|93/100
|
|-heal|p2a: Gyarados|99/100|[from] item: Leftovers
|-heal|p1a: Toxapex|100/100|[from] item: Black Sludge
|upkeep
|turn|3
|
|switch|p2a: Conkeldurr|Conkeldurr, F|100/100
|move|p1a: Toxapex|Scald|p2a: Conkeldurr
|-damage|p2a: Conkeldurr|87/100
|
|upkeep
|turn|4
|inactive|madness10 has 120 seconds left.
|
|switch|p1a: Dragapult|Dragapult, F|100/100
|move|p2a: Conkeldurr|Payback|p1a: Dragapult
|-supereffective|p1a: Dragapult
|-damage|p1a: Dragapult|56/100
|
|-heal|p1a: Dragapult|63/100|[from] item: Leftovers
|upkeep
|turn|5
|inactive|madness10 has 120 seconds left.
|
|move|p1a: Dragapult|Will-O-Wisp|p2a: Conkeldurr|[miss]
|-miss|p1a: Dragapult|p2a: Conkeldurr
|move|p2a: Conkeldurr|Earthquake|p1a: Dragapult
|-damage|p1a: Dragapult|16/100
|
|-heal|p1a: Dragapult|22/100|[from] item: Leftovers
|upkeep
|turn|6
|
|switch|p1a: Togekiss|Togekiss, M|100/100
|move|p2a: Conkeldurr|Payback|p1a: Togekiss
|-resisted|p1a: Togekiss
|-damage|p1a: Togekiss|90/100
|
|upkeep
|turn|7
|
|switch|p1a: Excadrill|Excadrill, M|100/100
|-ability|p1a: Excadrill|Mold Breaker
|switch|p2a: Rotom|Rotom-Heat|100/100
|
|upkeep
|turn|8
|
|switch|p2a: Gyarados|Gyarados, M|99/100
|-ability|p2a: Gyarados|Intimidate|boost
|-unboost|p1a: Excadrill|atk|1
|move|p1a: Excadrill|Stealth Rock|p2a: Gyarados
|-sidestart|p2: Bibimbap bopbopbop|move: Stealth Rock
|
|-heal|p2a: Gyarados|100/100|[from] item: Leftovers
|upkeep
|turn|9
|
|switch|p1a: Toxapex|Toxapex, M|100/100
|move|p2a: Gyarados|Dragon Dance|p2a: Gyarados
|-boost|p2a: Gyarados|atk|1
|-boost|p2a: Gyarados|spe|1
|
|upkeep
|turn|10
|
|move|p2a: Gyarados|Taunt|p1a: Toxapex
|-start|p1a: Toxapex|move: Taunt
|move|p1a: Toxapex|Scald|p2a: Gyarados
|-resisted|p2a: Gyarados
|-damage|p2a: Gyarados|93/100
|
|-heal|p2a: Gyarados|99/100|[from] item: Leftovers
|upkeep
|turn|11
|
|move|p2a: Gyarados|Dragon Dance|p2a: Gyarados
|-boost|p2a: Gyarados|atk|1
|-boost|p2a: Gyarados|spe|1
|move|p1a: Toxapex|Scald|p2a: Gyarados
|-resisted|p2a: Gyarados
|-damage|p2a: Gyarados|91/100
|
|-heal|p2a: Gyarados|97/100|[from] item: Leftovers
|upkeep
|turn|12
|
|move|p2a: Gyarados|Power Whip|p1a: Toxapex
|-crit|p1a: Toxapex
|-damage|p1a: Toxapex|35/100
|move|p1a: Toxapex|Scald|p2a: Gyarados
|-resisted|p2a: Gyarados
|-damage|p2a: Gyarados|90/100
|
|-heal|p2a: Gyarados|96/100|[from] item: Leftovers
|-heal|p1a: Toxapex|42/100|[from] item: Black Sludge
|-end|p1a: Toxapex|move: Taunt
|upkeep
|turn|13
|
|move|p2a: Gyarados|Taunt|p1a: Toxapex
|-start|p1a: Toxapex|move: Taunt
|move|p1a: Toxapex|Scald|p2a: Gyarados
|-resisted|p2a: Gyarados
|-damage|p2a: Gyarados|88/100
|
|-heal|p2a: Gyarados|95/100|[from] item: Leftovers
|-heal|p1a: Toxapex|48/100|[from] item: Black Sludge
|upkeep
|turn|14
|inactive|madness10 has 120 seconds left.
|
|switch|p1a: Dragapult|Dragapult, F|22/100
|move|p2a: Gyarados|Power Whip|p1a: Dragapult
|-resisted|p1a: Dragapult
|-damage|p1a: Dragapult|0 fnt
|-start|p2a: Gyarados|Disable|Power Whip|[from] ability: Cursed Body|[of] p1a: Dragapult
|faint|p1a: Dragapult
|
|-heal|p2a: Gyarados|100/100|[from] item: Leftovers
|upkeep
|
|switch|p1a: Toxapex|Toxapex, M|81/100
|turn|15
|
|move|p2a: Gyarados|Taunt|p1a: Toxapex
|-start|p1a: Toxapex|move: Taunt
|cant|p1a: Toxapex|move: Taunt|Toxic Spikes
|
|-heal|p1a: Toxapex|87/100|[from] item: Black Sludge
|upkeep
|turn|16
|
|move|p2a: Gyarados|Waterfall|p1a: Toxapex
|-resisted|p1a: Toxapex
|-damage|p1a: Toxapex|68/100
|cant|p1a: Toxapex|flinch
|
|-heal|p1a: Toxapex|74/100|[from] item: Black Sludge
|upkeep
|turn|17
|
|move|p2a: Gyarados|Dragon Dance|p2a: Gyarados
|-boost|p2a: Gyarados|atk|1
|-boost|p2a: Gyarados|spe|1
|move|p1a: Toxapex|Scald|p2a: Gyarados
|-resisted|p2a: Gyarados
|-damage|p2a: Gyarados|93/100
|
|-heal|p2a: Gyarados|99/100|[from] item: Leftovers
|-heal|p1a: Toxapex|80/100|[from] item: Black Sludge
|-end|p1a: Toxapex|move: Taunt
|-end|p2a: Gyarados|Disable
|upkeep
|turn|18
|
|move|p2a: Gyarados|Taunt|p1a: Toxapex
|-start|p1a: Toxapex|move: Taunt
|move|p1a: Toxapex|Scald|p2a: Gyarados
|-resisted|p2a: Gyarados
|-damage|p2a: Gyarados|91/100
|
|-heal|p2a: Gyarados|97/100|[from] item: Leftovers
|-heal|p1a: Toxapex|87/100|[from] item: Black Sludge
|upkeep
|turn|19
|
|move|p2a: Gyarados|Power Whip|p1a: Toxapex
|-damage|p1a: Toxapex|33/100
|move|p1a: Toxapex|Scald|p2a: Gyarados
|-resisted|p2a: Gyarados
|-damage|p2a: Gyarados|90/100
|
|-heal|p2a: Gyarados|96/100|[from] item: Leftovers
|-heal|p1a: Toxapex|40/100|[from] item: Black Sludge
|upkeep
|turn|20
|
|move|p2a: Gyarados|Power Whip|p1a: Toxapex
|-damage|p1a: Toxapex|0 fnt
|faint|p1a: Toxapex
|
|-heal|p2a: Gyarados|100/100|[from] item: Leftovers
|upkeep
|-message|madness10 forfeited.
|
|win|Bibimbap bopbopbop
|l|☆madness10
