|html|<div class="broadcast-blue"><strong>[Gen 8] OU is currently suspecting Melmetal! For information on how to participate check out the <a href="https://www.smogon.com/forums/threads/np-ss-ou-suspect-process-round-12-monster-mash.3709234/">suspect thread</a>.</strong></div>
|j|☆MadMat_Tattoo
|j|☆HQSNonsense
|t:|1666339671
|gametype|singles
|player|p1|MadMat_Tattoo|biker-gen4|1505
|player|p2|HQSNonsense|veteranf|1516
|teamsize|p1|6
|teamsize|p2|6
|gen|8
|tier|[Gen 8] OU
|rated|
|rule|Sleep Clause Mod: Limit one foe put to sleep
|rule|Species Clause: Limit one of each Pokémon
|rule|OHKO Clause: OHKO moves are banned
|rule|Evasion Items Clause: Evasion items are banned
|rule|Evasion Moves Clause: Evasion moves are banned
|rule|Endless Battle Clause: Forcing endless battles is banned
|rule|HP Percentage Mod: HP is shown in percentages
|rule|Dynamax Clause: You cannot dynamax
|clearpoke
|poke|p1|Hawlucha, M|
|poke|p1|Garchomp, M|
|poke|p1|Aegislash, F|
|poke|p1|Kartana|
|poke|p1|Weavile, M|
|poke|p1|Tapu Koko|
|poke|p2|Scizor, F|
|poke|p2|Rillaboom, F|
|poke|p2|Landorus-Therian, M|
|poke|p2|Urshifu-*, F|
|poke|p2|Weavile, F|
|poke|p2|Dragonite, M|
|teampreview
|inactive|Battle timer is ON: inactive players will automatically lose when time's up. (requested by HQSNonsense)
|
|t:|1666339704
|start
|switch|p1a: Garchomp|Garchomp, M|100/100
|switch|p2a: Urshifu|Urshifu-Rapid-Strike, F|100/100
|turn|1
|
|t:|1666339709
|move|p1a: Garchomp|Swords Dance|p1a: Garchomp
|-boost|p1a: Garchomp|atk|2
|move|p2a: Urshifu|Taunt|p1a: Garchomp
|-start|p1a: Garchomp|move: Taunt
|
|upkeep
|turn|2
|
|t:|1666339717
|move|p1a: Garchomp|Scale Shot|p2a: Urshifu
|-damage|p2a: Urshifu|76/100
|-damage|p2a: Urshifu|48/100
|-hitcount|p2a: Urshifu|2
|-unboost|p1a: Garchomp|def|1
|-boost|p1a: Garchomp|spe|1
|move|p2a: Urshifu|Counter|p1a: Garchomp
|-damage|p1a: Garchomp|48/100
|-damage|p2a: Urshifu|36/100|[from] ability: Rough Skin|[of] p1a: Garchomp
|-damage|p2a: Urshifu|19/100|[from] item: Rocky Helmet|[of] p1a: Garchomp
|
|upkeep
|turn|3
|
|t:|1666339731
|move|p1a: Garchomp|Poison Jab|p2a: Urshifu
|-damage|p2a: Urshifu|0 fnt
|faint|p2a: Urshifu
|
|upkeep
|
|t:|1666339736
|switch|p2a: Weavile|Weavile, F|100/100
|-ability|p2a: Weavile|Pressure
|turn|4
|
|t:|1666339742
|switch|p1a: Kartana|Kartana|100/100
|move|p2a: Weavile|Ice Shard|p1a: Kartana
|-damage|p1a: Kartana|75/100
|-damage|p2a: Weavile|91/100|[from] item: Life Orb
|
|upkeep
|turn|5
|
|t:|1666339747
|move|p1a: Kartana|Knock Off|p2a: Weavile
|-resisted|p2a: Weavile
|-damage|p2a: Weavile|46/100
|-enditem|p2a: Weavile|Life Orb|[from] move: Knock Off|[of] p1a: Kartana
|move|p2a: Weavile|Knock Off|p1a: Kartana
|-damage|p1a: Kartana|22/100
|-enditem|p1a: Kartana|Choice Scarf|[from] move: Knock Off|[of] p2a: Weavile
|
|upkeep
|turn|6
|
|t:|1666339758
|move|p2a: Weavile|Knock Off|p1a: Kartana
|-damage|p1a: Kartana|0 fnt
|faint|p1a: Kartana
|
|upkeep
|
|t:|1666339765
|switch|p1a: Tapu Koko|Tapu Koko|100/100
|-fieldstart|move: Electric Terrain|[from] ability: Electric Surge|[of] p1a: Tapu Koko
|turn|7
|
|t:|1666339773
|move|p1a: Tapu Koko|Dazzling Gleam|p2a: Weavile
|-supereffective|p2a: Weavile
|-damage|p2a: Weavile|0 fnt
|faint|p2a: Weavile
|
|upkeep
|
|t:|1666339777
|switch|p2a: Landorus|Landorus-Therian, M|100/100
|-ability|p2a: Landorus|Intimidate|boost
|-unboost|p1a: Tapu Koko|atk|1
|turn|8
|
|t:|1666339780
|move|p1a: Tapu Koko|Dazzling Gleam|p2a: Landorus
|-damage|p2a: Landorus|33/100
|move|p2a: Landorus|Stealth Rock|p1a: Tapu Koko
|-sidestart|p1: MadMat_Tattoo|move: Stealth Rock
|
|-heal|p2a: Landorus|39/100|[from] item: Leftovers
|upkeep
|turn|9
|
|t:|1666339786
|move|p1a: Tapu Koko|Dazzling Gleam|p2a: Landorus
|-damage|p2a: Landorus|0 fnt
|faint|p2a: Landorus
|
|upkeep
|
|t:|1666339791
|switch|p2a: Scizor|Scizor, F|100/100
|turn|10
|
|t:|1666339795
|switch|p1a: Hawlucha|Hawlucha, M|100/100
|-damage|p1a: Hawlucha|88/100|[from] Stealth Rock
|-enditem|p1a: Hawlucha|Electric Seed
|-boost|p1a: Hawlucha|def|1|[from] item: Electric Seed
|move|p2a: Scizor|Swords Dance|p2a: Scizor
|-boost|p2a: Scizor|atk|2
|
|upkeep
|turn|11
|
|t:|1666339801
|move|p1a: Hawlucha|Swords Dance|p1a: Hawlucha
|-boost|p1a: Hawlucha|atk|2
|move|p2a: Scizor|Swords Dance|p2a: Scizor
|-boost|p2a: Scizor|atk|2
|
|-fieldend|move: Electric Terrain
|upkeep
|turn|12
|
|t:|1666339805
|move|p2a: Scizor|Bullet Punch|p1a: Hawlucha
|-damage|p1a: Hawlucha|0 fnt
|faint|p1a: Hawlucha
|-damage|p2a: Scizor|91/100|[from] item: Life Orb
|
|upkeep
|
|t:|1666339809
|switch|p1a: Aegislash|Aegislash, F|100/100
|-damage|p1a: Aegislash|94/100|[from] Stealth Rock
|turn|13
|
|t:|1666339813
|move|p1a: Aegislash|King's Shield|p1a: Aegislash
|-singleturn|p1a: Aegislash|Protect
|move|p2a: Scizor|Bullet Punch|p1a: Aegislash
|-activate|p1a: Aegislash|move: Protect
|-unboost|p2a: Scizor|atk|1
|
|-heal|p1a: Aegislash|100/100|[from] item: Leftovers
|upkeep
|turn|14
|
|t:|1666339817
|move|p2a: Scizor|Bullet Punch|p1a: Aegislash
|-resisted|p1a: Aegislash
|-damage|p1a: Aegislash|46/100
|-damage|p2a: Scizor|81/100|[from] item: Life Orb
|-formechange|p1a: Aegislash|Aegislash-Blade||[from] ability: Stance Change
|move|p1a: Aegislash|Shadow Ball|p2a: Scizor
|-damage|p2a: Scizor|12/100
|
|-heal|p1a: Aegislash|52/100|[from] item: Leftovers
|upkeep
|turn|15
|
|t:|1666339824
|-formechange|p1a: Aegislash|Aegislash||[from] ability: Stance Change
|move|p1a: Aegislash|King's Shield|p1a: Aegislash
|-singleturn|p1a: Aegislash|Protect
|move|p2a: Scizor|Swords Dance|p2a: Scizor
|-boost|p2a: Scizor|atk|2
|
|-heal|p1a: Aegislash|58/100|[from] item: Leftovers
|upkeep
|turn|16
|
|t:|1666339831
|move|p2a: Scizor|Bullet Punch|p1a: Aegislash
|-resisted|p1a: Aegislash
|-damage|p1a: Aegislash|0 fnt
|faint|p1a: Aegislash
|-damage|p2a: Scizor|2/100|[from] item: Life Orb
|
|upkeep
|
|t:|1666339834
|switch|p1a: Weavile|Weavile, M|100/100
|-damage|p1a: Weavile|76/100|[from] Stealth Rock
|-ability|p1a: Weavile|Pressure
|turn|17
|
|t:|1666339838
|move|p1a: Weavile|Ice Shard|p2a: Scizor
|-resisted|p2a: Scizor
|-damage|p2a: Scizor|0 fnt
|faint|p2a: Scizor
|
|upkeep
|
|t:|1666339842
|switch|p2a: Rillaboom|Rillaboom, F|100/100
|-fieldstart|move: Grassy Terrain|[from] ability: Grassy Surge|[of] p2a: Rillaboom
|turn|18
|
|t:|1666339849
|switch|p1a: Garchomp|Garchomp, M|48/100
|-damage|p1a: Garchomp|42/100|[from] Stealth Rock
|move|p2a: Rillaboom|Grassy Glide|p1a: Garchomp
|-damage|p1a: Garchomp|0 fnt
|-damage|p2a: Rillaboom|88/100|[from] ability: Rough Skin|[of] p1a: Garchomp
|-damage|p2a: Rillaboom|72/100|[from] item: Rocky Helmet|[of] p1a: Garchomp
|faint|p1a: Garchomp
|-damage|p2a: Rillaboom|62/100|[from] item: Life Orb
|
|-heal|p2a: Rillaboom|68/100|[from] Grassy Terrain
|upkeep
|
|t:|1666339853
|switch|p1a: Tapu Koko|Tapu Koko|100/100
|-damage|p1a: Tapu Koko|88/100|[from] Stealth Rock
|-fieldstart|move: Electric Terrain|[from] ability: Electric Surge|[of] p1a: Tapu Koko
|turn|19
|
|t:|1666339862
|move|p1a: Tapu Koko|Dazzling Gleam|p2a: Rillaboom
|-damage|p2a: Rillaboom|3/100
|move|p2a: Rillaboom|Grassy Glide|p1a: Tapu Koko
|-damage|p1a: Tapu Koko|26/100
|-damage|p2a: Rillaboom|0 fnt|[from] item: Life Orb
|faint|p2a: Rillaboom
|
|upkeep
|
|t:|1666339865
|switch|p2a: Dragonite|Dragonite, M|100/100
|turn|20
|
|t:|1666339867
|move|p1a: Tapu Koko|Dazzling Gleam|p2a: Dragonite
|-supereffective|p2a: Dragonite
|-damage|p2a: Dragonite|49/100
|move|p2a: Dragonite|Dragon Dance|p2a: Dragonite
|-boost|p2a: Dragonite|atk|1
|-boost|p2a: Dragonite|spe|1
|
|upkeep
|turn|21
|
|t:|1666339875
|move|p2a: Dragonite|Extreme Speed|p1a: Tapu Koko
|-damage|p1a: Tapu Koko|0 fnt
|faint|p1a: Tapu Koko
|
|upkeep
|
|t:|1666339878
|switch|p1a: Weavile|Weavile, M|76/100
|-damage|p1a: Weavile|51/100|[from] Stealth Rock
|-ability|p1a: Weavile|Pressure
|turn|22
|
|t:|1666339881
|move|p2a: Dragonite|Extreme Speed|p1a: Weavile
|-damage|p1a: Weavile|0 fnt
|faint|p1a: Weavile
|
|win|HQSNonsense
|raw|MadMat_Tattoo's rating: 1505 &rarr; <strong>1486</strong><br />(-19 for losing)
|raw|HQSNonsense's rating: 1516 &rarr; <strong>1535</strong><br />(+19 for winning)
|l|☆MadMat_Tattoo
