|html|<div class="broadcast-blue"><strong>[Gen 8] OU is currently suspecting Melmetal! For information on how to participate check out the <a href="https://www.smogon.com/forums/threads/np-ss-ou-suspect-process-round-12-monster-mash.3709234/">suspect thread</a>.</strong></div>
|j|☆NeoNaruto®++
|j|☆Hex rizzo
|inactive|Battle timer is ON: inactive players will automatically lose when time's up.
|t:|1666574307
|gametype|singles
|player|p1|NeoNaruto®++|burglar-gen1rb|
|player|p2|Hex rizzo|veteran|
|teamsize|p1|6
|teamsize|p2|6
|gen|8
|tier|[Gen 8] OU
|rated|Tournament battle
|rule|Sleep Clause Mod: Limit one foe put to sleep
|rule|Species Clause: Limit one of each Pokémon
|rule|OHKO Clause: OHKO moves are banned
|rule|Evasion Items Clause: Evasion items are banned
|rule|Evasion Moves Clause: Evasion moves are banned
|rule|Endless Battle Clause: Forcing endless battles is banned
|rule|HP Percentage Mod: HP is shown in percentages
|rule|Dynamax Clause: You cannot dynamax
|clearpoke
|poke|p1|Landorus-Therian, M|
|poke|p1|Ferrothorn, F|
|poke|p1|Tapu Koko|
|poke|p1|Dragonite, M|
|poke|p1|Darmanitan, F|
|poke|p1|Tyranitar, M|
|poke|p2|Garchomp, M|
|poke|p2|Rillaboom, M|
|poke|p2|Tornadus-Therian, M|
|poke|p2|Hawlucha, F|
|poke|p2|Melmetal|
|poke|p2|Slowking-Galar, F|
|teampreview
|inactive|NeoNaruto®++ also wants the timer to be on.
|c|☆Hex rizzo|Hi
|
|t:|1666574328
|start
|switch|p1a: VODECi|Tapu Koko|100/100
|switch|p2a: Tornadus|Tornadus-Therian, M, shiny|100/100
|-fieldstart|move: Electric Terrain|[from] ability: Electric Surge|[of] p1a: VODECi
|turn|1
|j| JoeDirtt
|
|t:|1666574340
|switch|p2a: Slowking|Slowking-Galar, F|100/100
|move|p1a: VODECi|Volt Switch|p2a: Slowking
|-damage|p2a: Slowking|73/100
|
|t:|1666574342
|switch|p1a: PURRP FOR SALE|Darmanitan, F|100/100|[from]move: Volt Switch
|
|upkeep
|turn|2
|
|t:|1666574351
|switch|p2a: Garchomp|Garchomp, M|100/100
|move|p1a: PURRP FOR SALE|Flare Blitz|p2a: Garchomp
|-resisted|p2a: Garchomp
|-damage|p2a: Garchomp|38/100
|-damage|p1a: PURRP FOR SALE|88/100|[from] ability: Rough Skin|[of] p2a: Garchomp
|-damage|p1a: PURRP FOR SALE|64/100|[from] Recoil
|
|-heal|p2a: Garchomp|44/100|[from] item: Leftovers
|upkeep
|turn|3
|
|t:|1666574363
|switch|p1a: Bernie Landers|Landorus-Therian, M|100/100
|-ability|p1a: Bernie Landers|Intimidate|boost
|-unboost|p2a: Garchomp|atk|1
|move|p2a: Garchomp|Protect||[still]
|-fail|p2a: Garchomp
|
|-heal|p2a: Garchomp|50/100|[from] item: Leftovers
|upkeep
|turn|4
|
|t:|1666574377
|switch|p2a: Tornadus|Tornadus-Therian, M, shiny|100/100
|move|p1a: Bernie Landers|Stealth Rock|p2a: Tornadus
|-sidestart|p2: Hex rizzo|move: Stealth Rock
|
|upkeep
|turn|5
|
|t:|1666574385
|switch|p1a: DA LAST REX(3005)|Tyranitar, M|100/100
|-weather|Sandstorm|[from] ability: Sand Stream|[of] p1a: DA LAST REX(3005)
|move|p2a: Tornadus|Knock Off|p1a: DA LAST REX(3005)
|-resisted|p1a: DA LAST REX(3005)
|-damage|p1a: DA LAST REX(3005)|92/100
|-enditem|p1a: DA LAST REX(3005)|Assault Vest|[from] move: Knock Off|[of] p2a: Tornadus
|
|-weather|Sandstorm|[upkeep]
|-damage|p2a: Tornadus|94/100|[from] Sandstorm
|-fieldend|move: Electric Terrain
|upkeep
|turn|6
|
|t:|1666574397
|move|p2a: Tornadus|U-turn|p1a: DA LAST REX(3005)
|-supereffective|p1a: DA LAST REX(3005)
|-damage|p1a: DA LAST REX(3005)|68/100
|
|t:|1666574401
|switch|p2a: Melmetal|Melmetal|100/100|[from]move: U-turn
|-damage|p2a: Melmetal|94/100|[from] Stealth Rock
|move|p1a: DA LAST REX(3005)|Fire Blast|p2a: Melmetal
|-supereffective|p2a: Melmetal
|-damage|p2a: Melmetal|50/100
|
|-weather|Sandstorm|[upkeep]
|-heal|p2a: Melmetal|56/100|[from] item: Leftovers
|upkeep
|turn|7
|
|t:|1666574415
|switch|p1a: Bernie Landers|Landorus-Therian, M|100/100
|-ability|p1a: Bernie Landers|Intimidate|boost
|-unboost|p2a: Melmetal|atk|1
|move|p2a: Melmetal|Superpower|p1a: Bernie Landers
|-resisted|p1a: Bernie Landers
|-damage|p1a: Bernie Landers|88/100
|-unboost|p2a: Melmetal|atk|1
|-unboost|p2a: Melmetal|def|1
|-damage|p2a: Melmetal|39/100|[from] item: Rocky Helmet|[of] p1a: Bernie Landers
|
|-weather|Sandstorm|[upkeep]
|-heal|p2a: Melmetal|45/100|[from] item: Leftovers
|upkeep
|turn|8
|j| HuangXi
|
|t:|1666574434
|switch|p2a: Rillaboom|Rillaboom, M, shiny|100/100
|-damage|p2a: Rillaboom|88/100|[from] Stealth Rock
|-fieldstart|move: Grassy Terrain|[from] ability: Grassy Surge|[of] p2a: Rillaboom
|move|p1a: Bernie Landers|Knock Off|p2a: Rillaboom
|-damage|p2a: Rillaboom|57/100
|-enditem|p2a: Rillaboom|Leftovers|[from] move: Knock Off|[of] p1a: Bernie Landers
|
|-weather|Sandstorm|[upkeep]
|-damage|p2a: Rillaboom|51/100|[from] Sandstorm
|-heal|p2a: Rillaboom|57/100|[from] Grassy Terrain
|upkeep
|turn|9
|
|t:|1666574450
|switch|p2a: Garchomp|Garchomp, M|50/100
|-damage|p2a: Garchomp|44/100|[from] Stealth Rock
|move|p1a: Bernie Landers|U-turn|p2a: Garchomp
|-damage|p2a: Garchomp|25/100
|-damage|p1a: Bernie Landers|76/100|[from] ability: Rough Skin|[of] p2a: Garchomp
|
|t:|1666574455
|switch|p1a: VODECi|Tapu Koko|100/100|[from]move: U-turn
|-fieldstart|move: Electric Terrain|[from] ability: Electric Surge|[of] p1a: VODECi
|
|-weather|none
|-heal|p2a: Garchomp|32/100|[from] item: Leftovers
|upkeep
|turn|10
|
|t:|1666574476
|move|p1a: VODECi|Dazzling Gleam|p2a: Garchomp
|-supereffective|p2a: Garchomp
|-damage|p2a: Garchomp|0 fnt
|faint|p2a: Garchomp
|
|upkeep
|inactive|Hex rizzo has 120 seconds left.
|
|t:|1666574492
|switch|p2a: Rillaboom|Rillaboom, M, shiny|57/100
|-damage|p2a: Rillaboom|45/100|[from] Stealth Rock
|-fieldstart|move: Grassy Terrain|[from] ability: Grassy Surge|[of] p2a: Rillaboom
|turn|11
|inactive|Hex rizzo has 120 seconds left.
|
|t:|1666574499
|switch|p1a: Bernie Landers|Landorus-Therian, M|76/100
|-ability|p1a: Bernie Landers|Intimidate|boost
|-unboost|p2a: Rillaboom|atk|1
|move|p2a: Rillaboom|U-turn|p1a: Bernie Landers
|-resisted|p1a: Bernie Landers
|-damage|p1a: Bernie Landers|71/100
|-damage|p2a: Rillaboom|29/100|[from] item: Rocky Helmet|[of] p1a: Bernie Landers
|inactive|Hex rizzo has 120 seconds left.
|
|t:|1666574508
|switch|p2a: Hawlucha|Hawlucha, F|100/100|[from]move: U-turn
|-damage|p2a: Hawlucha|88/100|[from] Stealth Rock
|-enditem|p2a: Hawlucha|Grassy Seed
|-boost|p2a: Hawlucha|def|1|[from] item: Grassy Seed
|
|upkeep
|turn|12
|
|t:|1666574517
|move|p2a: Hawlucha|Substitute|p2a: Hawlucha
|-start|p2a: Hawlucha|Substitute
|-damage|p2a: Hawlucha|63/100
|move|p1a: Bernie Landers|Toxic||[still]
|-fail|p1a: Bernie Landers
|
|upkeep
|turn|13
|c|☆Hex rizzo|:_:
|
|t:|1666574526
|move|p2a: Hawlucha|Swords Dance|p2a: Hawlucha
|-boost|p2a: Hawlucha|atk|2
|move|p1a: Bernie Landers|U-turn|p2a: Hawlucha
|-resisted|p2a: Hawlucha
|-activate|p2a: Hawlucha|move: Substitute|[damage]
|
|t:|1666574528
|switch|p1a: Fat Charizard|Dragonite, M, shiny|100/100|[from]move: U-turn
|
|upkeep
|turn|14
|
|t:|1666574538
|move|p2a: Hawlucha|Acrobatics|p1a: Fat Charizard
|-damage|p1a: Fat Charizard|45/100
|move|p1a: Fat Charizard|Dual Wingbeat|p2a: Hawlucha|[miss]
|-miss|p1a: Fat Charizard|p2a: Hawlucha
|
|upkeep
|turn|15
|-message|NeoNaruto®++ forfeited.
|
|win|Hex rizzo
|n|☆NeoNaruto®++|neonaruto
|n|☆Hex rizzo|hexrizzo
|n| JoeDirtt|joedirtt
|n| HuangXi|huangxi
|l|☆NeoNaruto®++
|c|☆Hex rizzo|:_:
|c|☆Hex rizzo|danm
|c|☆Hex rizzo|you're so good
|c|☆Hex rizzo|I was lucky
