|j|☆8balljacketguy
|j|☆Diamond778
|t:|1653717378
|gametype|singles
|player|p1|8balljacketguy|red|1448
|player|p2|Diamond778|swimmerf|1449
|teamsize|p1|6
|teamsize|p2|6
|gen|8
|tier|[Gen 8] OU
|rated|
|rule|Sleep Clause Mod: Limit one foe put to sleep
|rule|Species Clause: Limit one of each Pokémon
|rule|OHKO Clause: OHKO moves are banned
|rule|Evasion Moves Clause: Evasion moves are banned
|rule|Endless Battle Clause: Forcing endless battles is banned
|rule|HP Percentage Mod: HP is shown in percentages
|rule|Dynamax Clause: You cannot dynamax
|clearpoke
|poke|p1|Tyranitar, M|
|poke|p1|Nidoking, M|
|poke|p1|Tangrowth, F|
|poke|p1|Tapu Fini|
|poke|p1|Corviknight, F|
|poke|p1|Slowking-Galar, M|
|poke|p2|Torkoal, M|
|poke|p2|Hydreigon, F|
|poke|p2|Venusaur, F|
|poke|p2|Landorus-Therian, M|
|poke|p2|Victini|
|poke|p2|Heatran, M|
|teampreview
|inactive|Battle timer is ON: inactive players will automatically lose when time's up. (requested by 8balljacketguy)
|
|t:|1653717393
|start
|switch|p1a: Brazingo|Nidoking, M|100/100
|switch|p2a: Torkoal|Torkoal, M|100/100
|-weather|SunnyDay|[from] ability: Drought|[of] p2a: Torkoal
|turn|1
|
|t:|1653717403
|switch|p2a: Venusaur|Venusaur, F|100/100
|move|p1a: Brazingo|Ice Beam|p2a: Venusaur
|-supereffective|p2a: Venusaur
|-damage|p2a: Venusaur|15/100
|
|-weather|SunnyDay|[upkeep]
|upkeep
|turn|2
|
|t:|1653717417
|switch|p1a: Thinking|Slowking-Galar, M|100/100
|move|p2a: Venusaur|Earth Power|p1a: Thinking
|-supereffective|p1a: Thinking
|-damage|p1a: Thinking|71/100
|-damage|p2a: Venusaur|5/100|[from] item: Life Orb
|
|-weather|SunnyDay|[upkeep]
|upkeep
|turn|3
|
|t:|1653717439
|switch|p2a: Hydreigon|Hydreigon, F|100/100
|move|p1a: Thinking|Future Sight|p2a: Hydreigon
|-start|p1a: Thinking|move: Future Sight
|
|-weather|SunnyDay|[upkeep]
|upkeep
|turn|4
|
|t:|1653717445
|switch|p1a: Tequila|Tyranitar, M|100/100
|-weather|Sandstorm|[from] ability: Sand Stream|[of] p1a: Tequila
|move|p2a: Hydreigon|Dark Pulse|p1a: Tequila
|-resisted|p1a: Tequila
|-damage|p1a: Tequila|87/100
|
|-weather|Sandstorm|[upkeep]
|-damage|p2a: Hydreigon|94/100|[from] Sandstorm
|upkeep
|turn|5
|
|t:|1653717453
|switch|p2a: Landorus|Landorus-Therian, M|100/100
|-ability|p2a: Landorus|Intimidate|boost
|-unboost|p1a: Tequila|atk|1
|move|p1a: Tequila|Stone Edge|p2a: Landorus
|-damage|p2a: Landorus|42/100
|
|-weather|Sandstorm|[upkeep]
|-end|p2a: Landorus|move: Future Sight
|-damage|p2a: Landorus|7/100
|-heal|p2a: Landorus|13/100|[from] item: Leftovers
|upkeep
|turn|6
|
|t:|1653717463
|switch|p1a: Bird|Corviknight, F|100/100
|-ability|p1a: Bird|Pressure
|move|p2a: Landorus|Toxic|p1a: Bird
|-immune|p1a: Bird
|
|-weather|Sandstorm|[upkeep]
|-heal|p2a: Landorus|19/100|[from] item: Leftovers
|upkeep
|turn|7
|inactive|Diamond778 has 120 seconds left.
|
|t:|1653717493
|switch|p2a: Torkoal|Torkoal, M|100/100
|-weather|SunnyDay|[from] ability: Drought|[of] p2a: Torkoal
|move|p1a: Bird|U-turn|p2a: Torkoal
|-resisted|p2a: Torkoal
|-damage|p2a: Torkoal|96/100
|
|t:|1653717497
|switch|p1a: Brazingo|Nidoking, M|100/100|[from]move: U-turn
|
|-weather|SunnyDay|[upkeep]
|upkeep
|turn|8
|inactive|Diamond778 has 120 seconds left.
|
|t:|1653717513
|switch|p2a: Landorus|Landorus-Therian, M|19/100
|-ability|p2a: Landorus|Intimidate|boost
|-unboost|p1a: Brazingo|atk|1
|move|p1a: Brazingo|Sludge Wave|p2a: Landorus
|-resisted|p2a: Landorus
|-damage|p2a: Landorus|0 fnt
|faint|p2a: Landorus
|
|-weather|SunnyDay|[upkeep]
|upkeep
|inactive|Diamond778 has 120 seconds left.
|
|t:|1653717521
|switch|p2a: Venusaur|Venusaur, F|5/100
|turn|9
|inactive|Diamond778 has 120 seconds left.
|
|t:|1653717537
|switch|p2a: Victini|Victini|100/100
|switch|p1a: Thinking|Slowking-Galar, M|100/100
|
|-weather|SunnyDay|[upkeep]
|upkeep
|turn|10
|inactive|Diamond778 has 120 seconds left.
|
|t:|1653717550
|switch|p1a: Swamp Thing|Tangrowth, F|100/100
|move|p2a: Victini|Bolt Strike|p1a: Swamp Thing
|-resisted|p1a: Swamp Thing
|-damage|p1a: Swamp Thing|87/100
|
|-weather|SunnyDay|[upkeep]
|upkeep
|turn|11
|inactive|Diamond778 has 120 seconds left.
|
|t:|1653717556
|switch|p2a: Torkoal|Torkoal, M|96/100
|move|p1a: Swamp Thing|Knock Off|p2a: Torkoal
|-damage|p2a: Torkoal|83/100
|-enditem|p2a: Torkoal|Heat Rock|[from] move: Knock Off|[of] p1a: Swamp Thing
|
|-weather|SunnyDay|[upkeep]
|upkeep
|turn|12
|
|t:|1653717564
|switch|p2a: Victini|Victini|100/100
|move|p1a: Swamp Thing|Knock Off|p2a: Victini
|-supereffective|p2a: Victini
|-damage|p2a: Victini|59/100
|-enditem|p2a: Victini|Choice Band|[from] move: Knock Off|[of] p1a: Swamp Thing
|
|-weather|SunnyDay|[upkeep]
|upkeep
|turn|13
|
|t:|1653717574
|switch|p1a: Tequila|Tyranitar, M|87/100
|-weather|Sandstorm|[from] ability: Sand Stream|[of] p1a: Tequila
|move|p2a: Victini|Bolt Strike|p1a: Tequila
|-damage|p1a: Tequila|51/100
|
|-weather|Sandstorm|[upkeep]
|-damage|p2a: Victini|53/100|[from] Sandstorm
|upkeep
|turn|14
|
|t:|1653717582
|switch|p1a: Swamp Thing|Tangrowth, F|100/100
|move|p2a: Victini|U-turn|p1a: Swamp Thing
|-supereffective|p1a: Swamp Thing
|-damage|p1a: Swamp Thing|79/100
|
|t:|1653717586
|switch|p2a: Hydreigon|Hydreigon, F|94/100|[from]move: U-turn
|
|-weather|Sandstorm|[upkeep]
|-damage|p2a: Hydreigon|88/100|[from] Sandstorm
|-damage|p1a: Swamp Thing|73/100|[from] Sandstorm
|upkeep
|turn|15
|
|t:|1653717591
|move|p2a: Hydreigon|Flamethrower|p1a: Swamp Thing
|-supereffective|p1a: Swamp Thing
|-damage|p1a: Swamp Thing|0 fnt
|faint|p1a: Swamp Thing
|
|-weather|Sandstorm|[upkeep]
|-damage|p2a: Hydreigon|82/100|[from] Sandstorm
|upkeep
|
|t:|1653717595
|switch|p1a: Thinking|Slowking-Galar, M|100/100
|turn|16
|
|t:|1653717608
|switch|p2a: Torkoal|Torkoal, M|83/100
|-weather|SunnyDay|[from] ability: Drought|[of] p2a: Torkoal
|move|p1a: Thinking|Sludge Bomb|p2a: Torkoal
|-damage|p2a: Torkoal|35/100
|
|-weather|SunnyDay|[upkeep]
|upkeep
|turn|17
|
|t:|1653717616
|move|p1a: Thinking|Future Sight|p2a: Torkoal
|-start|p1a: Thinking|move: Future Sight
|move|p2a: Torkoal|Stealth Rock|p1a: Thinking
|-sidestart|p1: 8balljacketguy|move: Stealth Rock
|
|-weather|SunnyDay|[upkeep]
|upkeep
|turn|18
|
|t:|1653717631
|switch|p2a: Hydreigon|Hydreigon, F|82/100
|move|p1a: Thinking|Sludge Bomb|p2a: Hydreigon
|-damage|p2a: Hydreigon|45/100
|-status|p2a: Hydreigon|psn
|
|-weather|SunnyDay|[upkeep]
|-damage|p2a: Hydreigon|33/100 psn|[from] psn
|upkeep
|turn|19
|
|t:|1653717651
|move|p2a: Hydreigon|Dark Pulse|p1a: Thinking
|-supereffective|p1a: Thinking
|-damage|p1a: Thinking|71/100
|move|p1a: Thinking|Sludge Bomb|p2a: Hydreigon
|-damage|p2a: Hydreigon|0 fnt
|faint|p2a: Hydreigon
|
|-weather|SunnyDay|[upkeep]
|-hint|Future Sight did not hit because the target is fainted.
|upkeep
|
|t:|1653717661
|switch|p2a: Victini|Victini|53/100
|turn|20
|
|t:|1653717667
|switch|p1a: Tequila|Tyranitar, M|51/100
|-damage|p1a: Tequila|39/100|[from] Stealth Rock
|-weather|Sandstorm|[from] ability: Sand Stream|[of] p1a: Tequila
|move|p2a: Victini|V-create|p1a: Tequila
|-resisted|p1a: Tequila
|-damage|p1a: Tequila|4/100
|-unboost|p2a: Victini|spe|1
|-unboost|p2a: Victini|def|1
|-unboost|p2a: Victini|spd|1
|
|-weather|Sandstorm|[upkeep]
|-damage|p2a: Victini|47/100|[from] Sandstorm
|upkeep
|turn|21
|
|t:|1653717676
|move|p1a: Tequila|Crunch|p2a: Victini
|-supereffective|p2a: Victini
|-damage|p2a: Victini|0 fnt
|faint|p2a: Victini
|
|-weather|Sandstorm|[upkeep]
|upkeep
|
|t:|1653717697
|switch|p2a: Venusaur|Venusaur, F|5/100
|turn|22
|
|t:|1653717701
|switch|p1a: Bird|Corviknight, F|100/100
|-damage|p1a: Bird|88/100|[from] Stealth Rock
|-ability|p1a: Bird|Pressure
|move|p2a: Venusaur|Giga Drain|p1a: Bird
|-resisted|p1a: Bird
|-damage|p1a: Bird|77/100
|-heal|p2a: Venusaur|12/100|[from] drain|[of] p1a: Bird
|-damage|p2a: Venusaur|2/100|[from] item: Life Orb
|
|-weather|Sandstorm|[upkeep]
|-damage|p2a: Venusaur|0 fnt|[from] Sandstorm
|faint|p2a: Venusaur
|upkeep
|
|t:|1653717708
|switch|p2a: Heatran|Heatran, M|100/100
|turn|23
|
|t:|1653717713
|move|p2a: Heatran|Eruption|p1a: Bird
|-supereffective|p1a: Bird
|-damage|p1a: Bird|0 fnt
|faint|p1a: Bird
|
|-weather|Sandstorm|[upkeep]
|upkeep
|
|t:|1653717718
|switch|p1a: Thinking|Slowking-Galar, M|100/100
|-damage|p1a: Thinking|88/100|[from] Stealth Rock
|turn|24
|
|t:|1653717722
|move|p2a: Heatran|Eruption|p1a: Thinking
|-damage|p1a: Thinking|39/100
|move|p1a: Thinking|Earthquake|p2a: Heatran
|-supereffective|p2a: Heatran
|-damage|p2a: Heatran|37/100
|
|-weather|none
|upkeep
|turn|25
|
|t:|1653717729
|switch|p2a: Torkoal|Torkoal, M|35/100
|-weather|SunnyDay|[from] ability: Drought|[of] p2a: Torkoal
|switch|p1a: Cleo|Tapu Fini|100/100
|-damage|p1a: Cleo|88/100|[from] Stealth Rock
|-fieldstart|move: Misty Terrain|[from] ability: Misty Surge|[of] p1a: Cleo
|
|-weather|SunnyDay|[upkeep]
|upkeep
|turn|26
|
|t:|1653717740
|move|p1a: Cleo|Surf|p2a: Torkoal
|-supereffective|p2a: Torkoal
|-damage|p2a: Torkoal|0 fnt
|faint|p2a: Torkoal
|
|-weather|SunnyDay|[upkeep]
|upkeep
|
|t:|1653717742
|switch|p2a: Heatran|Heatran, M|37/100
|turn|27
|
|t:|1653717747
|move|p1a: Cleo|Surf|p2a: Heatran
|-supereffective|p2a: Heatran
|-damage|p2a: Heatran|0 fnt
|faint|p2a: Heatran
|
|win|8balljacketguy
|raw|8balljacketguy's rating: 1448 &rarr; <strong>1468</strong><br />(+20 for winning)
|raw|Diamond778's rating: 1449 &rarr; <strong>1429</strong><br />(-20 for losing)
|c|☆Diamond778|gg
|c|☆8balljacketguy|Gg
