|raw|<div class="broadcast-blue"><strong>This battle is required to be public due to a player having a name starting with 'lt94je'.</div>
|j|☆LT94JE At
|j|☆Sp0onl0rd
|t:|1661291214
|gametype|singles
|player|p1|LT94JE At|unknown|1839
|player|p2|Sp0onl0rd|teamrocket|1707
|teamsize|p1|6
|teamsize|p2|6
|gen|8
|tier|[Gen 8] OU
|rated|
|rule|Sleep Clause Mod: Limit one foe put to sleep
|rule|Species Clause: Limit one of each Pokémon
|rule|OHKO Clause: OHKO moves are banned
|rule|Evasion Items Clause: Evasion items are banned
|rule|Evasion Moves Clause: Evasion moves are banned
|rule|Endless Battle Clause: Forcing endless battles is banned
|rule|HP Percentage Mod: HP is shown in percentages
|rule|Dynamax Clause: You cannot dynamax
|clearpoke
|poke|p1|Slowking-Galar, F|
|poke|p1|Toxapex, M|
|poke|p1|Garchomp, F|
|poke|p1|Skarmory, F|
|poke|p1|Rillaboom, F|
|poke|p1|Tapu Fini|
|poke|p2|Tapu Fini|
|poke|p2|Bisharp, F|
|poke|p2|Garchomp, M|
|poke|p2|Dragapult, M|
|poke|p2|Celesteela|
|poke|p2|Mew|
|teampreview
|inactive|Battle timer is ON: inactive players will automatically lose when time's up. (requested by Sp0onl0rd)
|
|t:|1661291234
|start
|switch|p1a: Rillaboom|Rillaboom, F|100/100
|switch|p2a: Mew|Mew|100/100
|-fieldstart|move: Grassy Terrain|[from] ability: Grassy Surge|[of] p1a: Rillaboom
|turn|1
|
|t:|1661291238
|move|p2a: Mew|Stealth Rock|p1a: Rillaboom
|-sidestart|p1: LT94JE At|move: Stealth Rock
|move|p1a: Rillaboom|Swords Dance|p1a: Rillaboom
|-boost|p1a: Rillaboom|atk|2
|
|upkeep
|turn|2
|j| AtomicVaporizer
|
|t:|1661291246
|move|p1a: Rillaboom|Grassy Glide|p2a: Mew
|-damage|p2a: Mew|0 fnt
|faint|p2a: Mew
|-damage|p1a: Rillaboom|91/100|[from] item: Life Orb
|
|-heal|p1a: Rillaboom|97/100|[from] Grassy Terrain
|upkeep
|j| LT94JE Fuse
|
|t:|1661291254
|switch|p2a: Celesteela|Celesteela|100/100
|turn|3
|
|t:|1661291258
|move|p1a: Rillaboom|Knock Off|p2a: Celesteela
|-damage|p2a: Celesteela|3/100
|-enditem|p2a: Celesteela|Power Herb|[from] move: Knock Off|[of] p1a: Rillaboom
|-damage|p1a: Rillaboom|87/100|[from] item: Life Orb
|move|p2a: Celesteela|Air Slash|p1a: Rillaboom
|-supereffective|p1a: Rillaboom
|-damage|p1a: Rillaboom|0 fnt
|faint|p1a: Rillaboom
|-ability|p2a: Celesteela|Beast Boost|boost
|-boost|p2a: Celesteela|spa|1
|
|upkeep
|n| Fusien|lt94jefuse
|
|t:|1661291268
|switch|p1a: Slowking|Slowking-Galar, F|100/100
|-damage|p1a: Slowking|88/100|[from] Stealth Rock
|turn|4
|
|t:|1661291273
|move|p2a: Celesteela|Air Slash|p1a: Slowking
|-damage|p1a: Slowking|64/100
|move|p1a: Slowking|Flamethrower|p2a: Celesteela
|-supereffective|p2a: Celesteela
|-damage|p2a: Celesteela|0 fnt
|faint|p2a: Celesteela
|
|-heal|p1a: Slowking|70/100|[from] Grassy Terrain
|upkeep
|
|t:|1661291276
|switch|p2a: Bisharp|Bisharp, F|100/100
|turn|5
|
|t:|1661291281
|switch|p1a: Skarmory|Skarmory, F|100/100
|-damage|p1a: Skarmory|88/100|[from] Stealth Rock
|move|p2a: Bisharp|Swords Dance|p2a: Bisharp
|-boost|p2a: Bisharp|atk|2
|
|-fieldend|move: Grassy Terrain
|upkeep
|turn|6
|
|t:|1661291283
|move|p2a: Bisharp|Knock Off|p1a: Skarmory
|-damage|p1a: Skarmory|9/100
|-enditem|p1a: Skarmory|Shed Shell|[from] move: Knock Off|[of] p2a: Bisharp
|-damage|p2a: Bisharp|91/100|[from] item: Life Orb
|move|p1a: Skarmory|Body Press|p2a: Bisharp
|-supereffective|p2a: Bisharp
|-damage|p2a: Bisharp|0 fnt
|faint|p2a: Bisharp
|
|upkeep
|
|t:|1661291287
|switch|p2a: Dragapult|Dragapult, M|100/100
|turn|7
|
|t:|1661291295
|switch|p1a: Tapu Fini|Tapu Fini|100/100
|-damage|p1a: Tapu Fini|88/100|[from] Stealth Rock
|-fieldstart|move: Misty Terrain|[from] ability: Misty Surge|[of] p1a: Tapu Fini
|move|p2a: Dragapult|Dragon Dance|p2a: Dragapult
|-boost|p2a: Dragapult|atk|1
|-boost|p2a: Dragapult|spe|1
|
|-heal|p1a: Tapu Fini|94/100|[from] item: Leftovers
|upkeep
|turn|8
|
|t:|1661291299
|move|p2a: Dragapult|Dragon Dance|p2a: Dragapult
|-boost|p2a: Dragapult|atk|1
|-boost|p2a: Dragapult|spe|1
|move|p1a: Tapu Fini|Calm Mind|p1a: Tapu Fini
|-boost|p1a: Tapu Fini|spa|1
|-boost|p1a: Tapu Fini|spd|1
|
|-heal|p1a: Tapu Fini|99/100|[from] item: Leftovers
|upkeep
|turn|9
|
|t:|1661291303
|move|p2a: Dragapult|Phantom Force||[still]
|-prepare|p2a: Dragapult|Phantom Force
|move|p1a: Tapu Fini|Draining Kiss|p2a: Dragapult|[miss]
|-miss|p1a: Tapu Fini|p2a: Dragapult
|
|-heal|p1a: Tapu Fini|100/100|[from] item: Leftovers
|upkeep
|turn|10
|
|t:|1661291305
|move|p2a: Dragapult|Phantom Force|p1a: Tapu Fini|[from]lockedmove
|-damage|p1a: Tapu Fini|0 fnt
|faint|p1a: Tapu Fini
|-damage|p2a: Dragapult|91/100|[from] item: Life Orb
|
|upkeep
|
|t:|1661291310
|switch|p1a: Toxapex|Toxapex, M|100/100
|-damage|p1a: Toxapex|88/100|[from] Stealth Rock
|turn|11
|-message|LT94JE At forfeited.
|
|win|Sp0onl0rd
|raw|LT94JE At's rating: 1839 &rarr; <strong>1812</strong><br />(-27 for losing)
|raw|Sp0onl0rd's rating: 1707 &rarr; <strong>1734</strong><br />(+27 for winning)
|l|☆LT94JE At
|l|☆Sp0onl0rd
|j| Baeckeoffe
|l| Baeckeoffe
