|j|☆Stads
|j|☆rocky012
|t:|1662492719
|gametype|singles
|player|p1|Stads|266|1774
|player|p2|rocky012|169|1772
|teamsize|p1|6
|teamsize|p2|6
|gen|8
|tier|[Gen 8] OU
|rated|
|rule|Sleep Clause Mod: Limit one foe put to sleep
|rule|Species Clause: Limit one of each Pokémon
|rule|OHKO Clause: OHKO moves are banned
|rule|Evasion Items Clause: Evasion items are banned
|rule|Evasion Moves Clause: Evasion moves are banned
|rule|Endless Battle Clause: Forcing endless battles is banned
|rule|HP Percentage Mod: HP is shown in percentages
|rule|Dynamax Clause: You cannot dynamax
|clearpoke
|poke|p1|Landorus-Therian, M|
|poke|p1|Ferrothorn, M|
|poke|p1|Urshifu-*, F|
|poke|p1|Tornadus-Therian, M|
|poke|p1|Dragapult, F|
|poke|p1|Tapu Lele|
|poke|p2|Blacephalon|
|poke|p2|Landorus-Therian, M|
|poke|p2|Dragapult, F|
|poke|p2|Zapdos|
|poke|p2|Melmetal|
|poke|p2|Toxapex, M|
|teampreview
|inactive|Battle timer is ON: inactive players will automatically lose when time's up. (requested by rocky012)
|j| Pokemon Hates Me
|
|t:|1662492735
|start
|switch|p1a: Tapu Lele|Tapu Lele|100/100
|switch|p2a: Landorus|Landorus-Therian, M|100/100
|-fieldstart|move: Psychic Terrain|[from] ability: Psychic Surge|[of] p1a: Tapu Lele
|-ability|p2a: Landorus|Intimidate|boost
|-unboost|p1a: Tapu Lele|atk|1
|turn|1
|
|t:|1662492742
|move|p1a: Tapu Lele|Future Sight|p2a: Landorus
|-start|p1a: Tapu Lele|move: Future Sight
|move|p2a: Landorus|Earthquake|p1a: Tapu Lele
|-damage|p1a: Tapu Lele|31/100
|
|upkeep
|turn|2
|
|t:|1662492749
|switch|p1a: Urshifu|Urshifu-Rapid-Strike, F|100/100
|move|p2a: Landorus|Stealth Rock|p1a: Urshifu
|-sidestart|p1: Stads|move: Stealth Rock
|
|upkeep
|turn|3
|
|t:|1662492755
|switch|p2a: Zapdos|Zapdos|100/100
|move|p1a: Urshifu|Surging Strikes|p2a: Zapdos
|-crit|p2a: Zapdos
|-damage|p2a: Zapdos|84/100
|-crit|p2a: Zapdos
|-damage|p2a: Zapdos|65/100
|-crit|p2a: Zapdos
|-damage|p2a: Zapdos|47/100
|-hitcount|p2a: Zapdos|3
|
|-end|p2a: Zapdos|move: Future Sight
|-damage|p2a: Zapdos|0 fnt
|faint|p2a: Zapdos
|upkeep
|
|t:|1662492761
|switch|p2a: Dragapult|Dragapult, F|100/100
|turn|4
|j| Tactical_Foul
|
|t:|1662492764
|switch|p1a: Landorus|Landorus-Therian, M|100/100
|-damage|p1a: Landorus|88/100|[from] Stealth Rock
|-ability|p1a: Landorus|Intimidate|boost
|-unboost|p2a: Dragapult|atk|1
|move|p2a: Dragapult|Thunder Wave|p1a: Landorus
|-immune|p1a: Landorus
|
|-heal|p1a: Landorus|94/100|[from] item: Leftovers
|upkeep
|turn|5
|
|t:|1662492768
|switch|p2a: Landorus|Landorus-Therian, M|100/100
|-ability|p2a: Landorus|Intimidate|boost
|-unboost|p1a: Landorus|atk|1
|move|p1a: Landorus|Defog|p2a: Landorus
|-unboost|p2a: Landorus|evasion|1
|-sideend|p1: Stads|Stealth Rock|[from] move: Defog|[of] p1a: Landorus
|-fieldend|move: Psychic Terrain
|
|-heal|p1a: Landorus|99/100|[from] item: Leftovers
|upkeep
|turn|6
|
|t:|1662492773
|move|p1a: Landorus|Toxic|p2a: Landorus
|-status|p2a: Landorus|tox
|move|p2a: Landorus|Stealth Rock|p1a: Landorus
|-sidestart|p1: Stads|move: Stealth Rock
|
|-heal|p1a: Landorus|100/100|[from] item: Leftovers
|-damage|p2a: Landorus|94/100 tox|[from] psn
|upkeep
|turn|7
|j| Jongruenwald
|
|t:|1662492776
|move|p1a: Landorus|Defog|p2a: Landorus
|-unboost|p2a: Landorus|evasion|1
|-sideend|p1: Stads|Stealth Rock|[from] move: Defog|[of] p1a: Landorus
|move|p2a: Landorus|Toxic|p1a: Landorus
|-status|p1a: Landorus|tox
|
|-heal|p2a: Landorus|100/100 tox|[from] item: Leftovers
|-damage|p1a: Landorus|94/100 tox|[from] psn
|-damage|p2a: Landorus|88/100 tox|[from] psn
|upkeep
|turn|8
|
|t:|1662492783
|switch|p1a: Ferrothorn|Ferrothorn, M|100/100
|move|p2a: Landorus|Stealth Rock|p1a: Ferrothorn
|-sidestart|p1: Stads|move: Stealth Rock
|
|-heal|p2a: Landorus|94/100 tox|[from] item: Leftovers
|-damage|p2a: Landorus|76/100 tox|[from] psn
|upkeep
|turn|9
|
|t:|1662492787
|switch|p2a: Toxapex|Toxapex, M|100/100
|move|p1a: Ferrothorn|Stealth Rock|p2a: Toxapex
|-sidestart|p2: rocky012|move: Stealth Rock
|
|upkeep
|turn|10
|
|t:|1662492790
|move|p2a: Toxapex|Knock Off|p1a: Ferrothorn
|-damage|p1a: Ferrothorn|92/100
|-damage|p2a: Toxapex|88/100|[from] ability: Iron Barbs|[of] p1a: Ferrothorn
|-damage|p2a: Toxapex|72/100|[from] item: Rocky Helmet|[of] p1a: Ferrothorn
|-enditem|p1a: Ferrothorn|Rocky Helmet|[from] move: Knock Off|[of] p2a: Toxapex
|move|p1a: Ferrothorn|Leech Seed|p2a: Toxapex
|-start|p2a: Toxapex|move: Leech Seed
|
|-damage|p2a: Toxapex|60/100|[from] Leech Seed|[of] p1a: Ferrothorn
|-heal|p1a: Ferrothorn|100/100|[silent]
|upkeep
|turn|11
|
|t:|1662492792
|move|p2a: Toxapex|Toxic Spikes|p1a: Ferrothorn
|-sidestart|p1: Stads|move: Toxic Spikes
|move|p1a: Ferrothorn|Knock Off|p2a: Toxapex
|-damage|p2a: Toxapex|47/100
|-enditem|p2a: Toxapex|Shed Shell|[from] move: Knock Off|[of] p1a: Ferrothorn
|
|-damage|p2a: Toxapex|34/100|[from] Leech Seed|[of] p1a: Ferrothorn
|upkeep
|turn|12
|
|t:|1662492800
|switch|p2a: Melmetal|Melmetal|100/100
|-damage|p2a: Melmetal|94/100|[from] Stealth Rock
|switch|p1a: Dragapult|Dragapult, F|100/100
|-damage|p1a: Dragapult|88/100|[from] Stealth Rock
|-status|p1a: Dragapult|psn
|
|-heal|p2a: Melmetal|100/100|[from] item: Leftovers
|-damage|p1a: Dragapult|76/100 psn|[from] psn
|upkeep
|turn|13
|
|t:|1662492806
|move|p1a: Dragapult|Flamethrower|p2a: Melmetal
|-supereffective|p2a: Melmetal
|-damage|p2a: Melmetal|38/100
|move|p2a: Melmetal|Earthquake|p1a: Dragapult
|-crit|p1a: Dragapult
|-damage|p1a: Dragapult|0 fnt
|faint|p1a: Dragapult
|
|-heal|p2a: Melmetal|44/100|[from] item: Leftovers
|upkeep
|
|t:|1662492813
|switch|p1a: Landorus|Landorus-Therian, M|94/100 tox
|-damage|p1a: Landorus|82/100 tox|[from] Stealth Rock
|-ability|p1a: Landorus|Intimidate|boost
|-unboost|p2a: Melmetal|atk|1
|turn|14
|j|+Dragonillis
|
|t:|1662492816
|move|p2a: Melmetal|Protect|p2a: Melmetal
|-singleturn|p2a: Melmetal|Protect
|move|p1a: Landorus|Earthquake|p2a: Melmetal
|-activate|p2a: Melmetal|move: Protect
|
|-heal|p1a: Landorus|88/100 tox|[from] item: Leftovers
|-heal|p2a: Melmetal|50/100|[from] item: Leftovers
|-damage|p1a: Landorus|82/100 tox|[from] psn
|upkeep
|turn|15
|
|t:|1662492821
|switch|p2a: Landorus|Landorus-Therian, M|76/100 tox
|-damage|p2a: Landorus|64/100 tox|[from] Stealth Rock
|-ability|p2a: Landorus|Intimidate|boost
|-unboost|p1a: Landorus|atk|1
|move|p1a: Landorus|Defog|p2a: Landorus
|-unboost|p2a: Landorus|evasion|1
|-sideend|p2: rocky012|Stealth Rock|[from] move: Defog|[of] p1a: Landorus
|-sideend|p1: Stads|Toxic Spikes|[from] move: Defog|[of] p1a: Landorus
|-sideend|p1: Stads|Stealth Rock|[from] move: Defog|[of] p1a: Landorus
|
|-heal|p1a: Landorus|88/100 tox|[from] item: Leftovers
|-heal|p2a: Landorus|70/100 tox|[from] item: Leftovers
|-damage|p1a: Landorus|76/100 tox|[from] psn
|-damage|p2a: Landorus|64/100 tox|[from] psn
|upkeep
|turn|16
|
|t:|1662492827
|switch|p1a: Tornadus|Tornadus-Therian, M|100/100
|move|p2a: Landorus|U-turn|p1a: Tornadus
|-resisted|p1a: Tornadus
|-damage|p1a: Tornadus|88/100
|
|t:|1662492830
|switch|p2a: Dragapult|Dragapult, F|100/100|[from]move: U-turn
|
|upkeep
|turn|17
|
|t:|1662492833
|move|p2a: Dragapult|U-turn|p1a: Tornadus
|-resisted|p1a: Tornadus
|-damage|p1a: Tornadus|80/100
|
|t:|1662492836
|switch|p2a: Toxapex|Toxapex, M|68/100|[from]move: U-turn
|move|p1a: Tornadus|Knock Off|p2a: Toxapex
|-damage|p2a: Toxapex|60/100
|
|upkeep
|turn|18
|
|t:|1662492840
|move|p1a: Tornadus|U-turn|p2a: Toxapex
|-resisted|p2a: Toxapex
|-damage|p2a: Toxapex|55/100
|
|t:|1662492841
|switch|p1a: Tapu Lele|Tapu Lele|31/100|[from]move: U-turn
|-fieldstart|move: Psychic Terrain|[from] ability: Psychic Surge|[of] p1a: Tapu Lele
|move|p2a: Toxapex|Toxic Spikes|p1a: Tapu Lele
|-sidestart|p1: Stads|move: Toxic Spikes
|
|upkeep
|turn|19
|
|t:|1662492846
|switch|p2a: Melmetal|Melmetal|50/100
|move|p1a: Tapu Lele|Future Sight|p2a: Melmetal
|-start|p1a: Tapu Lele|move: Future Sight
|
|-heal|p2a: Melmetal|56/100|[from] item: Leftovers
|upkeep
|turn|20
|
|t:|1662492851
|switch|p1a: Ferrothorn|Ferrothorn, M|100/100
|move|p2a: Melmetal|Earthquake|p1a: Ferrothorn
|-damage|p1a: Ferrothorn|75/100
|
|-heal|p2a: Melmetal|62/100|[from] item: Leftovers
|upkeep
|turn|21
|
|t:|1662492856
|move|p2a: Melmetal|Protect|p2a: Melmetal
|-singleturn|p2a: Melmetal|Protect
|move|p1a: Ferrothorn|Stealth Rock|p2a: Melmetal
|-sidestart|p2: rocky012|move: Stealth Rock
|
|-end|p2a: Melmetal|move: Future Sight
|-resisted|p2a: Melmetal
|-damage|p2a: Melmetal|22/100
|-heal|p2a: Melmetal|28/100|[from] item: Leftovers
|upkeep
|turn|22
|
|t:|1662492864
|move|p2a: Melmetal|Earthquake|p1a: Ferrothorn
|-damage|p1a: Ferrothorn|52/100
|move|p1a: Ferrothorn|Knock Off|p2a: Melmetal
|-damage|p2a: Melmetal|15/100
|-enditem|p2a: Melmetal|Leftovers|[from] move: Knock Off|[of] p1a: Ferrothorn
|
|-fieldend|move: Psychic Terrain
|upkeep
|turn|23
|
|t:|1662492868
|switch|p1a: Tornadus|Tornadus-Therian, M|100/100
|move|p2a: Melmetal|Earthquake|p1a: Tornadus
|-immune|p1a: Tornadus
|
|upkeep
|turn|24
|
|t:|1662492872
|move|p2a: Melmetal|Protect|p2a: Melmetal
|-singleturn|p2a: Melmetal|Protect
|move|p1a: Tornadus|Hurricane|p2a: Melmetal
|-activate|p2a: Melmetal|move: Protect
|
|upkeep
|turn|25
|
|t:|1662492875
|move|p1a: Tornadus|Hurricane|p2a: Melmetal
|-resisted|p2a: Melmetal
|-damage|p2a: Melmetal|0 fnt
|faint|p2a: Melmetal
|
|upkeep
|
|t:|1662492879
|switch|p2a: Dragapult|Dragapult, F|100/100
|turn|26
|
|t:|1662492887
|move|p2a: Dragapult|Thunder Wave|p1a: Tornadus
|-status|p1a: Tornadus|par
|cant|p1a: Tornadus|par
|
|upkeep
|turn|27
|
|t:|1662492891
|move|p2a: Dragapult|Hex|p1a: Tornadus
|-damage|p1a: Tornadus|63/100 par
|move|p1a: Tornadus|Knock Off|p2a: Dragapult
|-supereffective|p2a: Dragapult
|-damage|p2a: Dragapult|49/100
|-enditem|p2a: Dragapult|Heavy-Duty Boots|[from] move: Knock Off|[of] p1a: Tornadus
|
|upkeep
|turn|28
|l| Jongruenwald
|
|t:|1662492896
|move|p2a: Dragapult|Hex|p1a: Tornadus
|-damage|p1a: Tornadus|23/100 par
|move|p1a: Tornadus|Icy Wind|p2a: Dragapult
|-supereffective|p2a: Dragapult
|-damage|p2a: Dragapult|14/100
|-unboost|p2a: Dragapult|spe|1
|
|upkeep
|turn|29
|c| Tactical_Foul|blace sweep incoming
|
|t:|1662492903
|switch|p1a: Ferrothorn|Ferrothorn, M|52/100
|move|p2a: Dragapult|Hex|p1a: Ferrothorn
|-damage|p1a: Ferrothorn|28/100
|
|upkeep
|turn|30
|
|t:|1662492915
|move|p2a: Dragapult|Thunder Wave|p1a: Ferrothorn
|-status|p1a: Ferrothorn|par
|cant|p1a: Ferrothorn|par
|
|upkeep
|turn|31
|
|t:|1662492920
|move|p2a: Dragapult|Hex|p1a: Ferrothorn
|-damage|p1a: Ferrothorn|0 fnt
|faint|p1a: Ferrothorn
|
|upkeep
|
|t:|1662492921
|switch|p1a: Tornadus|Tornadus-Therian, M|56/100 par
|turn|32
|
|t:|1662492927
|switch|p2a: Landorus|Landorus-Therian, M|64/100 tox
|-damage|p2a: Landorus|52/100 tox|[from] Stealth Rock
|-ability|p2a: Landorus|Intimidate|boost
|-unboost|p1a: Tornadus|atk|1
|cant|p1a: Tornadus|par
|
|-heal|p2a: Landorus|58/100 tox|[from] item: Leftovers
|-damage|p2a: Landorus|52/100 tox|[from] psn
|upkeep
|turn|33
|
|t:|1662492930
|move|p2a: Landorus|Stealth Rock|p1a: Tornadus
|-sidestart|p1: Stads|move: Stealth Rock
|move|p1a: Tornadus|Icy Wind|p2a: Landorus
|-supereffective|p2a: Landorus
|-damage|p2a: Landorus|14/100 tox
|-unboost|p2a: Landorus|spe|1
|
|-heal|p2a: Landorus|20/100 tox|[from] item: Leftovers
|-damage|p2a: Landorus|8/100 tox|[from] psn
|upkeep
|turn|34
|
|t:|1662492934
|cant|p1a: Tornadus|par
|move|p2a: Landorus|U-turn|p1a: Tornadus
|-resisted|p1a: Tornadus
|-damage|p1a: Tornadus|45/100 par
|
|t:|1662492942
|switch|p2a: Blacephalon|Blacephalon|100/100|[from]move: U-turn
|-damage|p2a: Blacephalon|76/100|[from] Stealth Rock
|
|upkeep
|turn|35
|
|t:|1662492945
|move|p2a: Blacephalon|Shadow Ball|p1a: Tornadus
|-damage|p1a: Tornadus|0 fnt
|faint|p1a: Tornadus
|-ability|p2a: Blacephalon|Beast Boost|boost
|-boost|p2a: Blacephalon|spa|1
|
|upkeep
|
|t:|1662492947
|switch|p1a: Urshifu|Urshifu-Rapid-Strike, F|100/100
|-status|p1a: Urshifu|psn
|-damage|p1a: Urshifu|94/100 psn|[from] Stealth Rock
|turn|36
|
|t:|1662492950
|switch|p2a: Toxapex|Toxapex, M|88/100
|-damage|p2a: Toxapex|76/100|[from] Stealth Rock
|move|p1a: Urshifu|Aqua Jet|p2a: Toxapex
|-resisted|p2a: Toxapex
|-damage|p2a: Toxapex|69/100
|
|-damage|p1a: Urshifu|82/100 psn|[from] psn
|upkeep
|turn|37
|
|t:|1662492957
|switch|p1a: Landorus|Landorus-Therian, M|76/100 tox
|-damage|p1a: Landorus|64/100 tox|[from] Stealth Rock
|-ability|p1a: Landorus|Intimidate|boost
|-unboost|p2a: Toxapex|atk|1
|move|p2a: Toxapex|Knock Off|p1a: Landorus
|-damage|p1a: Landorus|54/100 tox
|-enditem|p1a: Landorus|Leftovers|[from] move: Knock Off|[of] p2a: Toxapex
|
|-damage|p1a: Landorus|48/100 tox|[from] psn
|upkeep
|turn|38
|
|t:|1662492972
|switch|p2a: Dragapult|Dragapult, F|14/100
|-damage|p2a: Dragapult|2/100|[from] Stealth Rock
|move|p1a: Landorus|Defog|p2a: Dragapult
|-unboost|p2a: Dragapult|evasion|1
|-sideend|p2: rocky012|Stealth Rock|[from] move: Defog|[of] p1a: Landorus
|-sideend|p1: Stads|Toxic Spikes|[from] move: Defog|[of] p1a: Landorus
|-sideend|p1: Stads|Stealth Rock|[from] move: Defog|[of] p1a: Landorus
|
|-damage|p1a: Landorus|36/100 tox|[from] psn
|upkeep
|turn|39
|
|t:|1662492978
|move|p2a: Dragapult|Hex|p1a: Landorus
|-damage|p1a: Landorus|0 fnt
|faint|p1a: Landorus
|
|upkeep
|
|t:|1662492981
|switch|p1a: Tapu Lele|Tapu Lele|31/100
|-fieldstart|move: Psychic Terrain|[from] ability: Psychic Surge|[of] p1a: Tapu Lele
|turn|40
|
|t:|1662492987
|switch|p2a: Landorus|Landorus-Therian, M|8/100 tox
|-ability|p2a: Landorus|Intimidate|boost
|-unboost|p1a: Tapu Lele|atk|1
|move|p1a: Tapu Lele|Psyshock|p2a: Landorus
|-damage|p2a: Landorus|0 fnt
|faint|p2a: Landorus
|
|upkeep
|
|t:|1662493010
|switch|p2a: Toxapex|Toxapex, M|100/100
|turn|41
|
|t:|1662493013
|move|p1a: Tapu Lele|Psyshock|p2a: Toxapex
|-supereffective|p2a: Toxapex
|-damage|p2a: Toxapex|23/100
|move|p2a: Toxapex|Knock Off|p1a: Tapu Lele
|-damage|p1a: Tapu Lele|7/100
|-enditem|p1a: Tapu Lele|Choice Scarf|[from] move: Knock Off|[of] p2a: Toxapex
|
|upkeep
|turn|42
|
|t:|1662493030
|switch|p2a: Dragapult|Dragapult, F|2/100
|move|p1a: Tapu Lele|Future Sight|p2a: Dragapult
|-start|p1a: Tapu Lele|move: Future Sight
|
|upkeep
|turn|43
|
|t:|1662493039
|move|p2a: Dragapult|Hex|p1a: Tapu Lele
|-supereffective|p1a: Tapu Lele
|-damage|p1a: Tapu Lele|0 fnt
|faint|p1a: Tapu Lele
|
|upkeep
|
|t:|1662493040
|switch|p1a: Urshifu|Urshifu-Rapid-Strike, F|82/100 psn
|turn|44
|
|t:|1662493048
|move|p2a: Dragapult|Hex|p1a: Urshifu
|-damage|p1a: Urshifu|3/100 psn
|move|p1a: Urshifu|U-turn|p2a: Dragapult
|-resisted|p2a: Dragapult
|-damage|p2a: Dragapult|0 fnt
|faint|p2a: Dragapult
|
|-hint|Future Sight did not hit because the target is fainted.
|-damage|p1a: Urshifu|0 fnt|[from] psn
|faint|p1a: Urshifu
|
|win|rocky012
|upkeep
|raw|Stads's rating: 1774 &rarr; <strong>1754</strong><br />(-20 for losing)
|raw|rocky012's rating: 1772 &rarr; <strong>1792</strong><br />(+20 for winning)
|l|☆Stads
|l|☆rocky012
|l| Tactical_Foul
||Ladder isn't responding, score probably updated but might not have (Request timeout).
|l| Pokemon Hates Me
|j| Chandluk
|l| Chandluk
