|raw|<div class="broadcast-blue"><strong>This battle is required to be public due to a player having a name prefixed by 'LT71LX'.</div>
|j|☆Q114
|j|☆LT71LX Cena
|t:|1596694561
|player|p1|Q114|266|1701
|player|p2|LT71LX Cena|102|1716
|teamsize|p1|6
|teamsize|p2|6
|gametype|singles
|gen|8
|tier|[Gen 8] OU
|rated|
|clearpoke
|poke|p1|Chansey, F|
|poke|p1|Toxapex, M|
|poke|p1|Clefable, F|
|poke|p1|Skarmory, F|
|poke|p1|Zeraora|
|poke|p1|Mandibuzz, F|
|poke|p2|Dragapult, F|
|poke|p2|Urshifu-*, M|
|poke|p2|Zeraora|
|poke|p2|Blissey, F|
|poke|p2|Amoonguss, M|
|poke|p2|Mandibuzz, F|
|rule|Sleep Clause Mod: Limit one foe put to sleep
|rule|Species Clause: Limit one of each Pokémon
|rule|OHKO Clause: OHKO moves are banned
|rule|Evasion Moves Clause: Evasion moves are banned
|rule|Endless Battle Clause: Forcing endless battles is banned
|rule|HP Percentage Mod: HP is shown in percentages
|rule|Dynamax Clause: You cannot dynamax
|teampreview
|
|t:|1596694578
|start
|switch|p1a: Toxapex|Toxapex, M, shiny|100/100
|switch|p2a: Zeraora|Zeraora|100/100
|turn|1
|
|t:|1596694583
|move|p2a: Zeraora|Volt Switch|p1a: Toxapex
|-supereffective|p1a: Toxapex
|-damage|p1a: Toxapex|65/100
|
|t:|1596694590
|switch|p2a: Amoonguss|Amoonguss, M|100/100|[from]move: Volt Switch
|move|p1a: Toxapex|Scald|p2a: Amoonguss
|-resisted|p2a: Amoonguss
|-damage|p2a: Amoonguss|94/100
|
|-heal|p2a: Amoonguss|99/100|[from] item: Black Sludge
|-heal|p1a: Toxapex|71/100|[from] item: Black Sludge
|upkeep
|turn|2
|j| mekane
|j| bbears_poke
|
|t:|1596694593
|move|p2a: Amoonguss|Spore|p1a: Toxapex
|-status|p1a: Toxapex|slp|[from] move: Spore
|cant|p1a: Toxapex|slp
|
|-heal|p2a: Amoonguss|100/100|[from] item: Black Sludge
|-heal|p1a: Toxapex|77/100 slp|[from] item: Black Sludge
|upkeep
|turn|3
|
|t:|1596694596
|switch|p2a: Zeraora|Zeraora|100/100
|-curestatus|p1a: Toxapex|slp|[msg]
|move|p1a: Toxapex|Knock Off|p2a: Zeraora
|-damage|p2a: Zeraora|80/100
|-enditem|p2a: Zeraora|Heavy-Duty Boots|[from] move: Knock Off|[of] p1a: Toxapex
|
|-heal|p1a: Toxapex|83/100|[from] item: Black Sludge
|upkeep
|turn|4
|
|t:|1596694602
|move|p2a: Zeraora|Knock Off|p1a: Toxapex
|-damage|p1a: Toxapex|63/100
|-enditem|p1a: Toxapex|Black Sludge|[from] move: Knock Off|[of] p2a: Zeraora
|move|p1a: Toxapex|Recover|p1a: Toxapex
|-heal|p1a: Toxapex|100/100
|
|upkeep
|turn|5
|
|t:|1596694607
|move|p2a: Zeraora|Volt Switch|p1a: Toxapex
|-supereffective|p1a: Toxapex
|-damage|p1a: Toxapex|65/100
|
|t:|1596694611
|switch|p2a: Amoonguss|Amoonguss, M|100/100|[from]move: Volt Switch
|move|p1a: Toxapex|Scald|p2a: Amoonguss
|-resisted|p2a: Amoonguss
|-damage|p2a: Amoonguss|94/100
|
|-heal|p2a: Amoonguss|99/100|[from] item: Black Sludge
|upkeep
|turn|6
|
|t:|1596694617
|switch|p1a: Skarmory|Skarmory, F|100/100
|move|p2a: Amoonguss|Spore|p1a: Skarmory
|-status|p1a: Skarmory|slp|[from] move: Spore
|
|-heal|p2a: Amoonguss|100/100|[from] item: Black Sludge
|upkeep
|turn|7
|
|t:|1596694621
|switch|p1a: Toxapex|Toxapex, M, shiny|98/100
|switch|p2a: Zeraora|Zeraora|80/100
|
|upkeep
|turn|8
|
|t:|1596694624
|move|p2a: Zeraora|Volt Switch|p1a: Toxapex
|-supereffective|p1a: Toxapex
|-damage|p1a: Toxapex|61/100
|
|t:|1596694630
|switch|p2a: Blissey|Blissey, F|100/100|[from]move: Volt Switch
|move|p1a: Toxapex|Recover|p1a: Toxapex
|-heal|p1a: Toxapex|100/100
|
|upkeep
|turn|9
|
|t:|1596694637
|move|p2a: Blissey|Stealth Rock|p1a: Toxapex
|-sidestart|p1: Q114|move: Stealth Rock
|move|p1a: Toxapex|Toxic Spikes|p2a: Blissey
|-sidestart|p2: LT71LX Cena|move: Toxic Spikes
|
|upkeep
|turn|10
|
|t:|1596694641
|switch|p2a: Amoonguss|Amoonguss, M|100/100
|-sideend|p2: LT71LX Cena|move: Toxic Spikes|[of] p2a: Amoonguss
|move|p1a: Toxapex|Knock Off|p2a: Amoonguss
|-damage|p2a: Amoonguss|88/100
|-enditem|p2a: Amoonguss|Black Sludge|[from] move: Knock Off|[of] p1a: Toxapex
|
|upkeep
|turn|11
|
|t:|1596694645
|move|p2a: Amoonguss|Giga Drain|p1a: Toxapex
|-damage|p1a: Toxapex|81/100
|-heal|p2a: Amoonguss|95/100|[from] drain|[of] p1a: Toxapex
|move|p1a: Toxapex|Toxic Spikes|p2a: Amoonguss
|-sidestart|p2: LT71LX Cena|move: Toxic Spikes
|
|upkeep
|turn|12
|
|t:|1596694648
|switch|p2a: Blissey|Blissey, F|100/100
|move|p1a: Toxapex|Scald|p2a: Blissey
|-damage|p2a: Blissey|94/100
|-status|p2a: Blissey|brn
|
|-damage|p2a: Blissey|88/100 brn|[from] brn
|upkeep
|turn|13
|
|t:|1596694653
|move|p1a: Toxapex|Toxic Spikes|p2a: Blissey
|-sidestart|p2: LT71LX Cena|move: Toxic Spikes
|move|p2a: Blissey|Teleport|p2a: Blissey
|
|t:|1596694655
|switch|p2a: Amoonguss|Amoonguss, M|100/100|[from]move: Teleport
|-sideend|p2: LT71LX Cena|move: Toxic Spikes|[of] p2a: Amoonguss
|
|upkeep
|turn|14
|
|t:|1596694658
|switch|p2a: Zeraora|Zeraora|80/100
|move|p1a: Toxapex|Scald|p2a: Zeraora
|-damage|p2a: Zeraora|59/100
|
|upkeep
|turn|15
|
|t:|1596694660
|move|p2a: Zeraora|Plasma Fists|p1a: Toxapex
|-supereffective|p1a: Toxapex
|-damage|p1a: Toxapex|27/100
|-fieldactivate|move: Ion Deluge
|move|p1a: Toxapex|Recover|p1a: Toxapex
|-heal|p1a: Toxapex|77/100
|
|upkeep
|turn|16
|
|t:|1596694675
|move|p2a: Zeraora|Plasma Fists|p1a: Toxapex
|-supereffective|p1a: Toxapex
|-damage|p1a: Toxapex|19/100
|-fieldactivate|move: Ion Deluge
|move|p1a: Toxapex|Scald|p2a: Zeraora
|-damage|p2a: Zeraora|36/100
|
|upkeep
|turn|17
|
|t:|1596694682
|switch|p1a: Clefable|Clefable, F|100/100
|-damage|p1a: Clefable|88/100|[from] Stealth Rock
|move|p2a: Zeraora|Knock Off|p1a: Clefable
|-resisted|p1a: Clefable
|-damage|p1a: Clefable|76/100
|-enditem|p1a: Clefable|Leftovers|[from] move: Knock Off|[of] p2a: Zeraora
|
|upkeep
|turn|18
|
|t:|1596694685
|move|p2a: Zeraora|Volt Switch|p1a: Clefable
|-damage|p1a: Clefable|54/100
|
|t:|1596694688
|switch|p2a: Amoonguss|Amoonguss, M|100/100|[from]move: Volt Switch
|move|p1a: Clefable|Wish|p1a: Clefable
|
|upkeep
|turn|19
|
|t:|1596694699
|move|p1a: Clefable|Protect|p1a: Clefable
|-singleturn|p1a: Clefable|Protect
|move|p2a: Amoonguss|Sludge Bomb|p1a: Clefable
|-activate|p1a: Clefable|move: Protect
|
|-heal|p1a: Clefable|100/100|[from] move: Wish|[wisher] Clefable
|upkeep
|turn|20
|
|t:|1596694702
|move|p1a: Clefable|Wish|p1a: Clefable
|move|p2a: Amoonguss|Giga Drain|p1a: Clefable
|-damage|p1a: Clefable|81/100
|
|upkeep
|turn|21
|
|t:|1596694732
|switch|p1a: Toxapex|Toxapex, M, shiny|53/100
|-damage|p1a: Toxapex|40/100|[from] Stealth Rock
|switch|p2a: Blissey|Blissey, F|88/100
|
|-heal|p1a: Toxapex|100/100|[from] move: Wish|[wisher] Clefable
|upkeep
|turn|22
|inactive|Battle timer is ON: inactive players will automatically lose when time's up. (requested by Q114)
|
|t:|1596694740
|move|p2a: Blissey|Seismic Toss|p1a: Toxapex
|-damage|p1a: Toxapex|67/100
|move|p1a: Toxapex|Knock Off|p2a: Blissey
|-damage|p2a: Blissey|74/100
|-enditem|p2a: Blissey|Heavy-Duty Boots|[from] move: Knock Off|[of] p1a: Toxapex
|
|upkeep
|turn|23
|
|t:|1596694747
|move|p2a: Blissey|Seismic Toss|p1a: Toxapex
|-damage|p1a: Toxapex|34/100
|move|p1a: Toxapex|Toxic Spikes|p2a: Blissey
|-sidestart|p2: LT71LX Cena|move: Toxic Spikes
|
|upkeep
|turn|24
|
|t:|1596694751
|move|p2a: Blissey|Seismic Toss|p1a: Toxapex
|-damage|p1a: Toxapex|1/100
|move|p1a: Toxapex|Recover|p1a: Toxapex
|-heal|p1a: Toxapex|52/100
|
|upkeep
|turn|25
|
|t:|1596694755
|move|p2a: Blissey|Seismic Toss|p1a: Toxapex
|-damage|p1a: Toxapex|19/100
|move|p1a: Toxapex|Recover|p1a: Toxapex
|-heal|p1a: Toxapex|69/100
|
|upkeep
|turn|26
|
|t:|1596694768
|switch|p1a: Chansey|Chansey, F|100/100
|-damage|p1a: Chansey|88/100|[from] Stealth Rock
|move|p2a: Blissey|Seismic Toss|p1a: Chansey
|-damage|p1a: Chansey|74/100
|
|upkeep
|turn|27
|
|t:|1596694773
|switch|p2a: Amoonguss|Amoonguss, M|100/100
|-sideend|p2: LT71LX Cena|move: Toxic Spikes|[of] p2a: Amoonguss
|move|p1a: Chansey|Stealth Rock|p2a: Amoonguss
|-sidestart|p2: LT71LX Cena|move: Stealth Rock
|
|upkeep
|turn|28
|
|t:|1596694783
|move|p1a: Chansey|Seismic Toss|p2a: Amoonguss
|-damage|p2a: Amoonguss|77/100
|move|p2a: Amoonguss|Toxic|p1a: Chansey
|-status|p1a: Chansey|tox
|
|-damage|p1a: Chansey|68/100 tox|[from] psn
|upkeep
|turn|29
|
|t:|1596694787
|switch|p2a: Blissey|Blissey, F|74/100
|-damage|p2a: Blissey|62/100|[from] Stealth Rock
|move|p1a: Chansey|Soft-Boiled|p1a: Chansey
|-heal|p1a: Chansey|100/100 tox
|
|-damage|p1a: Chansey|88/100 tox|[from] psn
|upkeep
|turn|30
|
|t:|1596694796
|switch|p1a: Toxapex|Toxapex, M, shiny|100/100
|-damage|p1a: Toxapex|88/100|[from] Stealth Rock
|move|p2a: Blissey|Soft-Boiled|p2a: Blissey
|-heal|p2a: Blissey|100/100
|
|upkeep
|turn|31
|l|☆LT71LX Cena
|inactive|LT71LX Cena disconnected and has a minute to reconnect!
|player|p2|
|inactive|LT71LX Cena has 30 seconds to reconnect!
|j|☆LT71LX Cena
|inactive|LT71LX Cena reconnected and has 95 seconds left.
|player|p2|LT71LX Cena|102
|inactive|LT71LX Cena has 90 seconds left.
|
|t:|1596694860
|move|p2a: Blissey|Seismic Toss|p1a: Toxapex
|-damage|p1a: Toxapex|55/100
|move|p1a: Toxapex|Toxic Spikes|p2a: Blissey
|-sidestart|p2: LT71LX Cena|move: Toxic Spikes
|
|upkeep
|turn|32
|
|t:|1596694866
|move|p2a: Blissey|Seismic Toss|p1a: Toxapex
|-damage|p1a: Toxapex|22/100
|move|p1a: Toxapex|Recover|p1a: Toxapex
|-heal|p1a: Toxapex|72/100
|
|upkeep
|turn|33
|inactive|Q114 has 120 seconds left.
|
|t:|1596694897
|move|p2a: Blissey|Seismic Toss|p1a: Toxapex
|-damage|p1a: Toxapex|39/100
|move|p1a: Toxapex|Knock Off|p2a: Blissey
|-damage|p2a: Blissey|91/100
|
|upkeep
|turn|34
|
|t:|1596694902
|switch|p2a: Amoonguss|Amoonguss, M|100/100
|-damage|p2a: Amoonguss|88/100|[from] Stealth Rock
|-sideend|p2: LT71LX Cena|move: Toxic Spikes|[of] p2a: Amoonguss
|move|p1a: Toxapex|Recover|p1a: Toxapex
|-heal|p1a: Toxapex|90/100
|
|upkeep
|turn|35
|inactive|LT71LX Cena has 120 seconds left.
|
|t:|1596694916
|move|p2a: Amoonguss|Giga Drain|p1a: Toxapex
|-damage|p1a: Toxapex|70/100
|-heal|p2a: Amoonguss|95/100|[from] drain|[of] p1a: Toxapex
|move|p1a: Toxapex|Scald|p2a: Amoonguss
|-resisted|p2a: Amoonguss
|-damage|p2a: Amoonguss|88/100
|
|upkeep
|turn|36
|
|t:|1596694919
|move|p2a: Amoonguss|Giga Drain|p1a: Toxapex
|-damage|p1a: Toxapex|50/100
|-heal|p2a: Amoonguss|95/100|[from] drain|[of] p1a: Toxapex
|move|p1a: Toxapex|Scald|p2a: Amoonguss
|-resisted|p2a: Amoonguss
|-damage|p2a: Amoonguss|88/100
|
|upkeep
|turn|37
|
|t:|1596694923
|switch|p2a: Blissey|Blissey, F|91/100
|-damage|p2a: Blissey|78/100|[from] Stealth Rock
|move|p1a: Toxapex|Recover|p1a: Toxapex
|-heal|p1a: Toxapex|100/100
|
|upkeep
|turn|38
|
|t:|1596694926
|move|p2a: Blissey|Seismic Toss|p1a: Toxapex
|-damage|p1a: Toxapex|67/100
|move|p1a: Toxapex|Toxic Spikes|p2a: Blissey
|-sidestart|p2: LT71LX Cena|move: Toxic Spikes
|
|upkeep
|turn|39
|
|t:|1596694938
|switch|p1a: Clefable|Clefable, F|81/100
|-damage|p1a: Clefable|69/100|[from] Stealth Rock
|move|p2a: Blissey|Seismic Toss|p1a: Clefable
|-damage|p1a: Clefable|43/100
|
|upkeep
|turn|40
|
|t:|1596694942
|move|p1a: Clefable|Wish|p1a: Clefable
|move|p2a: Blissey|Teleport|p2a: Blissey
|
|t:|1596694945
|switch|p2a: Amoonguss|Amoonguss, M|100/100|[from]move: Teleport
|-sideend|p2: LT71LX Cena|move: Toxic Spikes|[of] p2a: Amoonguss
|-damage|p2a: Amoonguss|88/100|[from] Stealth Rock
|
|upkeep
|turn|41
|
|t:|1596694949
|move|p1a: Clefable|Protect|p1a: Clefable
|-singleturn|p1a: Clefable|Protect
|move|p2a: Amoonguss|Sludge Bomb|p1a: Clefable
|-activate|p1a: Clefable|move: Protect
|
|-heal|p1a: Clefable|93/100|[from] move: Wish|[wisher] Clefable
|upkeep
|turn|42
|
|t:|1596694956
|switch|p1a: Toxapex|Toxapex, M, shiny|100/100
|-damage|p1a: Toxapex|88/100|[from] Stealth Rock
|move|p2a: Amoonguss|Sludge Bomb|p1a: Toxapex
|-resisted|p1a: Toxapex
|-damage|p1a: Toxapex|77/100
|
|upkeep
|turn|43
|
|t:|1596694962
|switch|p2a: Blissey|Blissey, F|78/100
|-damage|p2a: Blissey|66/100|[from] Stealth Rock
|move|p1a: Toxapex|Scald|p2a: Blissey
|-damage|p2a: Blissey|60/100
|-status|p2a: Blissey|brn
|
|-damage|p2a: Blissey|54/100 brn|[from] brn
|upkeep
|turn|44
|
|t:|1596694967
|move|p2a: Blissey|Soft-Boiled|p2a: Blissey
|-heal|p2a: Blissey|100/100 brn
|move|p1a: Toxapex|Toxic Spikes|p2a: Blissey
|-sidestart|p2: LT71LX Cena|move: Toxic Spikes
|
|-damage|p2a: Blissey|94/100 brn|[from] brn
|upkeep
|turn|45
|
|t:|1596694969
|move|p1a: Toxapex|Knock Off|p2a: Blissey
|-damage|p2a: Blissey|85/100 brn
|move|p2a: Blissey|Teleport|p2a: Blissey
|
|t:|1596694972
|-curestatus|p2a: Blissey|brn|[from] ability: Natural Cure
|switch|p2a: Amoonguss|Amoonguss, M|100/100|[from]move: Teleport
|-damage|p2a: Amoonguss|88/100|[from] Stealth Rock
|-sideend|p2: LT71LX Cena|move: Toxic Spikes|[of] p2a: Amoonguss
|
|upkeep
|turn|46
|
|t:|1596694977
|move|p2a: Amoonguss|Giga Drain|p1a: Toxapex
|-damage|p1a: Toxapex|57/100
|-heal|p2a: Amoonguss|95/100|[from] drain|[of] p1a: Toxapex
|move|p1a: Toxapex|Scald|p2a: Amoonguss
|-resisted|p2a: Amoonguss
|-damage|p2a: Amoonguss|88/100
|
|upkeep
|turn|47
|
|t:|1596694980
|move|p2a: Amoonguss|Giga Drain|p1a: Toxapex
|-damage|p1a: Toxapex|37/100
|-heal|p2a: Amoonguss|95/100|[from] drain|[of] p1a: Toxapex
|move|p1a: Toxapex|Scald|p2a: Amoonguss
|-resisted|p2a: Amoonguss
|-damage|p2a: Amoonguss|88/100
|
|upkeep
|turn|48
|
|t:|1596694987
|switch|p2a: Zeraora|Zeraora|36/100
|-damage|p2a: Zeraora|24/100|[from] Stealth Rock
|move|p1a: Toxapex|Recover|p1a: Toxapex
|-heal|p1a: Toxapex|88/100
|
|upkeep
|turn|49
|
|t:|1596694995
|switch|p1a: Zeraora|Zeraora|100/100
|-damage|p1a: Zeraora|88/100|[from] Stealth Rock
|move|p2a: Zeraora|Volt Switch|p1a: Zeraora
|-heal|p1a: Zeraora|100/100|[from] ability: Volt Absorb|[of] p2a: Zeraora
|
|upkeep
|turn|50
|
|t:|1596695001
|switch|p2a: Amoonguss|Amoonguss, M|100/100
|-damage|p2a: Amoonguss|88/100|[from] Stealth Rock
|move|p1a: Zeraora|Drain Punch|p2a: Amoonguss
|-resisted|p2a: Amoonguss
|-damage|p2a: Amoonguss|81/100
|
|upkeep
|turn|51
|
|t:|1596695008
|switch|p1a: Toxapex|Toxapex, M, shiny|100/100
|-damage|p1a: Toxapex|88/100|[from] Stealth Rock
|move|p2a: Amoonguss|Toxic|p1a: Toxapex
|-immune|p1a: Toxapex
|
|upkeep
|turn|52
|
|t:|1596695013
|switch|p2a: Blissey|Blissey, F|85/100
|-damage|p2a: Blissey|73/100|[from] Stealth Rock
|move|p1a: Toxapex|Scald|p2a: Blissey
|-damage|p2a: Blissey|67/100
|
|upkeep
|turn|53
|
|t:|1596695017
|move|p2a: Blissey|Seismic Toss|p1a: Toxapex
|-damage|p1a: Toxapex|55/100
|move|p1a: Toxapex|Knock Off|p2a: Blissey
|-crit|p2a: Blissey
|-damage|p2a: Blissey|54/100
|
|upkeep
|turn|54
|
|t:|1596695020
|switch|p1a: Chansey|Chansey, F|88/100
|-damage|p1a: Chansey|76/100|[from] Stealth Rock
|move|p2a: Blissey|Seismic Toss|p1a: Chansey
|-damage|p1a: Chansey|62/100
|
|upkeep
|turn|55
|j| infinitygoat
|
|t:|1596695028
|move|p2a: Blissey|Soft-Boiled|p2a: Blissey
|-heal|p2a: Blissey|100/100
|move|p1a: Chansey|Toxic|p2a: Blissey
|-status|p2a: Blissey|tox
|
|-damage|p2a: Blissey|94/100 tox|[from] psn
|upkeep
|turn|56
|
|t:|1596695046
|move|p1a: Chansey|Seismic Toss|p2a: Blissey
|-damage|p2a: Blissey|80/100 tox
|move|p2a: Blissey|Teleport|p2a: Blissey
|l| infinitygoat
|
|t:|1596695054
|-curestatus|p2a: Blissey|tox|[from] ability: Natural Cure
|switch|p2a: Urshifu|Urshifu, M|100/100|[from]move: Teleport
|-damage|p2a: Urshifu|94/100|[from] Stealth Rock
|
|upkeep
|turn|57
|
|t:|1596695057
|switch|p1a: Mandibuzz|Mandibuzz, F, shiny|100/100
|move|p2a: Urshifu|Wicked Blow|p1a: Mandibuzz
|-resisted|p1a: Mandibuzz
|-crit|p1a: Mandibuzz
|-damage|p1a: Mandibuzz|72/100
|
|upkeep
|turn|58
|
|t:|1596695084
|switch|p2a: Mandibuzz|Mandibuzz, F|100/100
|move|p1a: Mandibuzz|Roost|p1a: Mandibuzz
|-heal|p1a: Mandibuzz|100/100
|-singleturn|p1a: Mandibuzz|move: Roost
|
|upkeep
|turn|59
|
|t:|1596695089
|switch|p1a: Toxapex|Toxapex, M, shiny|89/100
|-damage|p1a: Toxapex|76/100|[from] Stealth Rock
|move|p2a: Mandibuzz|Defog|p1a: Toxapex
|-unboost|p1a: Toxapex|evasion|1
|-sideend|p1: Q114|Stealth Rock|[from] move: Defog|[of] p2a: Mandibuzz
|-sideend|p2: LT71LX Cena|Stealth Rock|[from] move: Defog|[of] p2a: Mandibuzz
|
|upkeep
|turn|60
|
|t:|1596695097
|move|p2a: Mandibuzz|U-turn|p1a: Toxapex
|-resisted|p1a: Toxapex
|-damage|p1a: Toxapex|73/100
|
|t:|1596695107
|switch|p2a: Blissey|Blissey, F|80/100|[from]move: U-turn
|move|p1a: Toxapex|Toxic Spikes|p2a: Blissey
|-sidestart|p2: LT71LX Cena|move: Toxic Spikes
|
|upkeep
|turn|61
|
|t:|1596695109
|switch|p1a: Chansey|Chansey, F|62/100
|move|p2a: Blissey|Stealth Rock|p1a: Chansey
|-sidestart|p1: Q114|move: Stealth Rock
|
|upkeep
|turn|62
|
|t:|1596695114
|switch|p2a: Amoonguss|Amoonguss, M|100/100
|-sideend|p2: LT71LX Cena|move: Toxic Spikes|[of] p2a: Amoonguss
|move|p1a: Chansey|Stealth Rock|p2a: Amoonguss
|-sidestart|p2: LT71LX Cena|move: Stealth Rock
|
|upkeep
|turn|63
|
|t:|1596695119
|switch|p2a: Urshifu|Urshifu, M|94/100
|-damage|p2a: Urshifu|88/100|[from] Stealth Rock
|move|p1a: Chansey|Soft-Boiled|p1a: Chansey
|-heal|p1a: Chansey|100/100
|
|upkeep
|turn|64
|
|t:|1596695125
|switch|p1a: Toxapex|Toxapex, M, shiny|100/100
|-damage|p1a: Toxapex|88/100|[from] Stealth Rock
|move|p2a: Urshifu|Close Combat|p1a: Toxapex
|-resisted|p1a: Toxapex
|-damage|p1a: Toxapex|59/100
|-unboost|p2a: Urshifu|def|1
|-unboost|p2a: Urshifu|spd|1
|
|upkeep
|turn|65
|
|t:|1596695132
|switch|p2a: Blissey|Blissey, F|80/100
|-damage|p2a: Blissey|68/100|[from] Stealth Rock
|move|p1a: Toxapex|Toxic Spikes|p2a: Blissey
|-sidestart|p2: LT71LX Cena|move: Toxic Spikes
|
|upkeep
|turn|66
|
|t:|1596695137
|move|p2a: Blissey|Seismic Toss|p1a: Toxapex
|-damage|p1a: Toxapex|26/100
|move|p1a: Toxapex|Scald|p2a: Blissey
|-damage|p2a: Blissey|61/100
|-status|p2a: Blissey|brn
|
|-damage|p2a: Blissey|55/100 brn|[from] brn
|upkeep
|turn|67
|
|t:|1596695149
|switch|p1a: Chansey|Chansey, F|100/100
|-damage|p1a: Chansey|88/100|[from] Stealth Rock
|move|p2a: Blissey|Soft-Boiled|p2a: Blissey
|-heal|p2a: Blissey|100/100 brn
|
|-damage|p2a: Blissey|94/100 brn|[from] brn
|upkeep
|turn|68
|
|t:|1596695154
|switch|p1a: Toxapex|Toxapex, M, shiny|59/100
|-damage|p1a: Toxapex|47/100|[from] Stealth Rock
|move|p2a: Blissey|Teleport|p2a: Blissey
|
|t:|1596695157
|-curestatus|p2a: Blissey|brn|[from] ability: Natural Cure
|switch|p2a: Amoonguss|Amoonguss, M|100/100|[from]move: Teleport
|-damage|p2a: Amoonguss|88/100|[from] Stealth Rock
|-sideend|p2: LT71LX Cena|move: Toxic Spikes|[of] p2a: Amoonguss
|
|upkeep
|turn|69
|
|t:|1596695161
|move|p2a: Amoonguss|Giga Drain|p1a: Toxapex
|-damage|p1a: Toxapex|28/100
|-heal|p2a: Amoonguss|95/100|[from] drain|[of] p1a: Toxapex
|move|p1a: Toxapex|Toxic Spikes|p2a: Amoonguss
|-sidestart|p2: LT71LX Cena|move: Toxic Spikes
|
|upkeep
|turn|70
|
|t:|1596695165
|switch|p2a: Blissey|Blissey, F|94/100
|-status|p2a: Blissey|psn
|-damage|p2a: Blissey|82/100 psn|[from] Stealth Rock
|move|p1a: Toxapex|Recover|p1a: Toxapex
|-heal|p1a: Toxapex|78/100
|
|-damage|p2a: Blissey|70/100 psn|[from] psn
|upkeep
|turn|71
|
|t:|1596695170
|move|p1a: Toxapex|Knock Off|p2a: Blissey
|-damage|p2a: Blissey|61/100 psn
|move|p2a: Blissey|Teleport|p2a: Blissey
|
|t:|1596695173
|-curestatus|p2a: Blissey|psn|[from] ability: Natural Cure
|switch|p2a: Amoonguss|Amoonguss, M|100/100|[from]move: Teleport
|-damage|p2a: Amoonguss|88/100|[from] Stealth Rock
|-sideend|p2: LT71LX Cena|move: Toxic Spikes|[of] p2a: Amoonguss
|
|upkeep
|turn|72
|
|t:|1596695182
|switch|p2a: Blissey|Blissey, F|61/100
|-damage|p2a: Blissey|48/100|[from] Stealth Rock
|move|p1a: Toxapex|Toxic Spikes|p2a: Blissey
|-sidestart|p2: LT71LX Cena|move: Toxic Spikes
|
|upkeep
|turn|73
|
|t:|1596695188
|move|p2a: Blissey|Soft-Boiled|p2a: Blissey
|-heal|p2a: Blissey|99/100
|move|p1a: Toxapex|Knock Off|p2a: Blissey
|-damage|p2a: Blissey|89/100
|
|upkeep
|turn|74
|
|t:|1596695194
|switch|p1a: Chansey|Chansey, F|88/100
|-damage|p1a: Chansey|76/100|[from] Stealth Rock
|move|p2a: Blissey|Seismic Toss|p1a: Chansey
|-damage|p1a: Chansey|62/100
|
|upkeep
|turn|75
|
|t:|1596695203
|switch|p2a: Amoonguss|Amoonguss, M|100/100
|-sideend|p2: LT71LX Cena|move: Toxic Spikes|[of] p2a: Amoonguss
|-damage|p2a: Amoonguss|88/100|[from] Stealth Rock
|move|p1a: Chansey|Soft-Boiled|p1a: Chansey
|-heal|p1a: Chansey|100/100
|
|upkeep
|turn|76
|
|t:|1596695207
|move|p1a: Chansey|Seismic Toss|p2a: Amoonguss
|-damage|p2a: Amoonguss|65/100
|move|p2a: Amoonguss|Spore|p1a: Chansey
|-message|Sleep Clause Mod activated.
|
|upkeep
|turn|77
|
|t:|1596695215
|switch|p1a: Toxapex|Toxapex, M, shiny|100/100
|-damage|p1a: Toxapex|88/100|[from] Stealth Rock
|move|p2a: Amoonguss|Toxic|p1a: Toxapex
|-immune|p1a: Toxapex
|
|upkeep
|turn|78
|
|t:|1596695223
|switch|p2a: Blissey|Blissey, F|89/100
|-damage|p2a: Blissey|77/100|[from] Stealth Rock
|move|p1a: Toxapex|Toxic Spikes|p2a: Blissey
|-sidestart|p2: LT71LX Cena|move: Toxic Spikes
|
|upkeep
|turn|79
|
|t:|1596695226
|move|p2a: Blissey|Seismic Toss|p1a: Toxapex
|-damage|p1a: Toxapex|55/100
|move|p1a: Toxapex|Knock Off|p2a: Blissey
|-damage|p2a: Blissey|69/100
|
|upkeep
|turn|80
|
|t:|1596695228
|switch|p1a: Chansey|Chansey, F|100/100
|-damage|p1a: Chansey|88/100|[from] Stealth Rock
|move|p2a: Blissey|Seismic Toss|p1a: Chansey
|-damage|p1a: Chansey|74/100
|
|upkeep
|turn|81
|
|t:|1596695232
|move|p1a: Chansey|Seismic Toss|p2a: Blissey
|-damage|p2a: Blissey|54/100
|move|p2a: Blissey|Teleport|p2a: Blissey
|
|t:|1596695234
|switch|p2a: Amoonguss|Amoonguss, M|98/100|[from]move: Teleport
|-sideend|p2: LT71LX Cena|move: Toxic Spikes|[of] p2a: Amoonguss
|-damage|p2a: Amoonguss|86/100|[from] Stealth Rock
|
|upkeep
|turn|82
|
|t:|1596695238
|switch|p1a: Toxapex|Toxapex, M, shiny|89/100
|-damage|p1a: Toxapex|76/100|[from] Stealth Rock
|move|p2a: Amoonguss|Sludge Bomb|p1a: Toxapex
|-resisted|p1a: Toxapex
|-damage|p1a: Toxapex|66/100
|
|upkeep
|turn|83
|
|t:|1596695242
|switch|p2a: Blissey|Blissey, F|54/100
|-damage|p2a: Blissey|42/100|[from] Stealth Rock
|move|p1a: Toxapex|Toxic Spikes|p2a: Blissey
|-sidestart|p2: LT71LX Cena|move: Toxic Spikes
|
|upkeep
|turn|84
|
|t:|1596695245
|move|p2a: Blissey|Soft-Boiled|p2a: Blissey
|-heal|p2a: Blissey|92/100
|move|p1a: Toxapex|Knock Off|p2a: Blissey
|-damage|p2a: Blissey|83/100
|
|upkeep
|turn|85
|
|t:|1596695250
|move|p2a: Blissey|Seismic Toss|p1a: Toxapex
|-damage|p1a: Toxapex|33/100
|move|p1a: Toxapex|Recover|p1a: Toxapex
|-heal|p1a: Toxapex|83/100
|
|upkeep
|turn|86
|
|t:|1596695257
|move|p1a: Toxapex|Knock Off|p2a: Blissey
|-damage|p2a: Blissey|74/100
|move|p2a: Blissey|Teleport|p2a: Blissey
|
|t:|1596695259
|switch|p2a: Amoonguss|Amoonguss, M|100/100|[from]move: Teleport
|-damage|p2a: Amoonguss|88/100|[from] Stealth Rock
|-sideend|p2: LT71LX Cena|move: Toxic Spikes|[of] p2a: Amoonguss
|
|upkeep
|turn|87
|
|t:|1596695265
|switch|p2a: Urshifu|Urshifu, M|88/100
|-damage|p2a: Urshifu|82/100|[from] Stealth Rock
|move|p1a: Toxapex|Toxic Spikes|p2a: Urshifu
|-sidestart|p2: LT71LX Cena|move: Toxic Spikes
|
|upkeep
|turn|88
|
|t:|1596695278
|switch|p2a: Amoonguss|Amoonguss, M|100/100
|-sideend|p2: LT71LX Cena|move: Toxic Spikes|[of] p2a: Amoonguss
|-damage|p2a: Amoonguss|88/100|[from] Stealth Rock
|move|p1a: Toxapex|Scald|p2a: Amoonguss
|-resisted|p2a: Amoonguss
|-damage|p2a: Amoonguss|81/100
|
|upkeep
|turn|89
|
|t:|1596695286
|switch|p2a: Blissey|Blissey, F|74/100
|-damage|p2a: Blissey|62/100|[from] Stealth Rock
|move|p1a: Toxapex|Toxic Spikes|p2a: Blissey
|-sidestart|p2: LT71LX Cena|move: Toxic Spikes
|
|upkeep
|turn|90
|
|t:|1596695290
|move|p2a: Blissey|Seismic Toss|p1a: Toxapex
|-damage|p1a: Toxapex|50/100
|move|p1a: Toxapex|Knock Off|p2a: Blissey
|-damage|p2a: Blissey|52/100
|
|upkeep
|turn|91
|
|t:|1596695294
|switch|p1a: Chansey|Chansey, F|74/100
|-damage|p1a: Chansey|62/100|[from] Stealth Rock
|move|p2a: Blissey|Seismic Toss|p1a: Chansey
|-damage|p1a: Chansey|47/100
|
|upkeep
|turn|92
|
|t:|1596695298
|move|p2a: Blissey|Soft-Boiled|p2a: Blissey
|-heal|p2a: Blissey|100/100
|move|p1a: Chansey|Soft-Boiled|p1a: Chansey
|-heal|p1a: Chansey|97/100
|
|upkeep
|turn|93
|
|t:|1596695300
|switch|p2a: Amoonguss|Amoonguss, M|100/100
|-sideend|p2: LT71LX Cena|move: Toxic Spikes|[of] p2a: Amoonguss
|-damage|p2a: Amoonguss|88/100|[from] Stealth Rock
|move|p1a: Chansey|Seismic Toss|p2a: Amoonguss
|-damage|p2a: Amoonguss|65/100
|
|upkeep
|turn|94
|
|t:|1596695304
|switch|p1a: Toxapex|Toxapex, M, shiny|83/100
|-damage|p1a: Toxapex|71/100|[from] Stealth Rock
|move|p2a: Amoonguss|Toxic|p1a: Toxapex
|-immune|p1a: Toxapex
|
|upkeep
|turn|95
|
|t:|1596695307
|move|p2a: Amoonguss|Giga Drain|p1a: Toxapex
|-damage|p1a: Toxapex|51/100
|-heal|p2a: Amoonguss|72/100|[from] drain|[of] p1a: Toxapex
|move|p1a: Toxapex|Toxic Spikes|p2a: Amoonguss
|-sidestart|p2: LT71LX Cena|move: Toxic Spikes
|
|upkeep
|turn|96
|
|t:|1596695318
|switch|p2a: Blissey|Blissey, F|100/100
|-damage|p2a: Blissey|88/100|[from] Stealth Rock
|-status|p2a: Blissey|psn
|switch|p1a: Mandibuzz|Mandibuzz, F, shiny|100/100
|
|-damage|p2a: Blissey|76/100 psn|[from] psn
|upkeep
|turn|97
|
|t:|1596695324
|switch|p1a: Toxapex|Toxapex, M, shiny|84/100
|-damage|p1a: Toxapex|72/100|[from] Stealth Rock
|move|p2a: Blissey|Teleport|p2a: Blissey
|
|t:|1596695326
|-curestatus|p2a: Blissey|psn|[from] ability: Natural Cure
|switch|p2a: Amoonguss|Amoonguss, M|100/100|[from]move: Teleport
|-damage|p2a: Amoonguss|88/100|[from] Stealth Rock
|-sideend|p2: LT71LX Cena|move: Toxic Spikes|[of] p2a: Amoonguss
|
|upkeep
|turn|98
|
|t:|1596695333
|switch|p2a: Blissey|Blissey, F|76/100
|-damage|p2a: Blissey|63/100|[from] Stealth Rock
|move|p1a: Toxapex|Toxic Spikes|p2a: Blissey
|-sidestart|p2: LT71LX Cena|move: Toxic Spikes
|
|upkeep
|turn|99
|
|t:|1596695341
|move|p2a: Blissey|Seismic Toss|p1a: Toxapex
|-damage|p1a: Toxapex|39/100
|move|p1a: Toxapex|Knock Off|p2a: Blissey
|-damage|p2a: Blissey|55/100
|
|upkeep
|turn|100
|
|t:|1596695345
|switch|p1a: Chansey|Chansey, F|97/100
|-damage|p1a: Chansey|85/100|[from] Stealth Rock
|move|p2a: Blissey|Seismic Toss|p1a: Chansey
|-damage|p1a: Chansey|71/100
|
|upkeep
|turn|101
|
|t:|1596695351
|switch|p1a: Toxapex|Toxapex, M, shiny|72/100
|-damage|p1a: Toxapex|60/100|[from] Stealth Rock
|move|p2a: Blissey|Soft-Boiled|p2a: Blissey
|-heal|p2a: Blissey|100/100
|
|upkeep
|turn|102
|
|t:|1596695355
|switch|p1a: Chansey|Chansey, F|71/100
|-damage|p1a: Chansey|58/100|[from] Stealth Rock
|move|p2a: Blissey|Seismic Toss|p1a: Chansey
|-damage|p1a: Chansey|44/100
|
|upkeep
|turn|103
|
|t:|1596695358
|move|p1a: Chansey|Soft-Boiled|p1a: Chansey
|-heal|p1a: Chansey|94/100
|move|p2a: Blissey|Teleport|p2a: Blissey
|
|t:|1596695361
|switch|p2a: Amoonguss|Amoonguss, M|100/100|[from]move: Teleport
|-damage|p2a: Amoonguss|88/100|[from] Stealth Rock
|-sideend|p2: LT71LX Cena|move: Toxic Spikes|[of] p2a: Amoonguss
|
|upkeep
|turn|104
|
|t:|1596695363
|switch|p1a: Toxapex|Toxapex, M, shiny|94/100
|-damage|p1a: Toxapex|81/100|[from] Stealth Rock
|move|p2a: Amoonguss|Toxic|p1a: Toxapex
|-immune|p1a: Toxapex
|
|upkeep
|turn|105
|
|t:|1596695367
|switch|p2a: Mandibuzz|Mandibuzz, F|100/100
|move|p1a: Toxapex|Toxic Spikes|p2a: Mandibuzz
|-sidestart|p2: LT71LX Cena|move: Toxic Spikes
|
|upkeep
|turn|106
|
|t:|1596695369
|move|p2a: Mandibuzz|Defog|p1a: Toxapex
|-unboost|p1a: Toxapex|evasion|1
|-sideend|p1: Q114|Stealth Rock|[from] move: Defog|[of] p2a: Mandibuzz
|-sideend|p2: LT71LX Cena|Toxic Spikes|[from] move: Defog|[of] p2a: Mandibuzz
|-sideend|p2: LT71LX Cena|Stealth Rock|[from] move: Defog|[of] p2a: Mandibuzz
|move|p1a: Toxapex|Knock Off|p2a: Mandibuzz
|-resisted|p2a: Mandibuzz
|-damage|p2a: Mandibuzz|96/100
|-enditem|p2a: Mandibuzz|Heavy-Duty Boots|[from] move: Knock Off|[of] p1a: Toxapex
|
|upkeep
|turn|107
|
|t:|1596695381
|switch|p1a: Skarmory|Skarmory, F|100/100 slp
|move|p2a: Mandibuzz|U-turn|p1a: Skarmory
|-resisted|p1a: Skarmory
|-damage|p1a: Skarmory|99/100 slp
|-damage|p2a: Mandibuzz|79/100|[from] item: Rocky Helmet|[of] p1a: Skarmory
|
|t:|1596695385
|switch|p2a: Zeraora|Zeraora|24/100|[from]move: U-turn
|
|upkeep
|turn|108
|
|t:|1596695395
|switch|p1a: Toxapex|Toxapex, M, shiny|100/100
|move|p2a: Zeraora|Volt Switch|p1a: Toxapex
|-supereffective|p1a: Toxapex
|-damage|p1a: Toxapex|62/100
|
|t:|1596695403
|switch|p2a: Dragapult|Dragapult, F|100/100|[from]move: Volt Switch
|
|upkeep
|turn|109
|
|t:|1596695409
|switch|p1a: Clefable|Clefable, F|93/100
|move|p2a: Dragapult|U-turn|p1a: Clefable
|-resisted|p1a: Clefable
|-damage|p1a: Clefable|87/100
|
|t:|1596695413
|switch|p2a: Amoonguss|Amoonguss, M|100/100|[from]move: U-turn
|
|upkeep
|turn|110
|
|t:|1596695423
|switch|p1a: Chansey|Chansey, F|94/100
|move|p2a: Amoonguss|Sludge Bomb|p1a: Chansey
|-damage|p1a: Chansey|86/100
|
|upkeep
|turn|111
|
|t:|1596695426
|switch|p2a: Blissey|Blissey, F|100/100
|move|p1a: Chansey|Stealth Rock|p2a: Blissey
|-sidestart|p2: LT71LX Cena|move: Stealth Rock
|
|upkeep
|turn|112
|
|t:|1596695431
|move|p2a: Blissey|Stealth Rock|p1a: Chansey
|-sidestart|p1: Q114|move: Stealth Rock
|move|p1a: Chansey|Toxic|p2a: Blissey
|-status|p2a: Blissey|tox
|
|-damage|p2a: Blissey|94/100 tox|[from] psn
|upkeep
|turn|113
|
|t:|1596695435
|switch|p1a: Toxapex|Toxapex, M, shiny|96/100
|-damage|p1a: Toxapex|83/100|[from] Stealth Rock
|move|p2a: Blissey|Teleport|p2a: Blissey
|
|t:|1596695439
|-curestatus|p2a: Blissey|tox|[from] ability: Natural Cure
|switch|p2a: Mandibuzz|Mandibuzz, F|79/100|[from]move: Teleport
|-damage|p2a: Mandibuzz|54/100|[from] Stealth Rock
|
|upkeep
|turn|114
|
|t:|1596695451
|switch|p1a: Mandibuzz|Mandibuzz, F, shiny|100/100
|move|p2a: Mandibuzz|Roost|p2a: Mandibuzz
|-heal|p2a: Mandibuzz|100/100
|-singleturn|p2a: Mandibuzz|move: Roost
|
|upkeep
|turn|115
|
|t:|1596695455
|move|p1a: Mandibuzz|Toxic|p2a: Mandibuzz
|-status|p2a: Mandibuzz|tox
|move|p2a: Mandibuzz|Defog|p1a: Mandibuzz
|-unboost|p1a: Mandibuzz|evasion|1
|-sideend|p1: Q114|Stealth Rock|[from] move: Defog|[of] p2a: Mandibuzz
|-sideend|p2: LT71LX Cena|Stealth Rock|[from] move: Defog|[of] p2a: Mandibuzz
|
|-damage|p2a: Mandibuzz|94/100 tox|[from] psn
|upkeep
|turn|116
|
|t:|1596695460
|switch|p1a: Skarmory|Skarmory, F|99/100 slp
|move|p2a: Mandibuzz|U-turn|p1a: Skarmory
|-resisted|p1a: Skarmory
|-damage|p1a: Skarmory|97/100 slp
|-damage|p2a: Mandibuzz|78/100 tox|[from] item: Rocky Helmet|[of] p1a: Skarmory
|j| pureheart2803
|
|t:|1596695464
|switch|p2a: Zeraora|Zeraora|24/100|[from]move: U-turn
|
|upkeep
|turn|117
|
|t:|1596695474
|switch|p1a: Toxapex|Toxapex, M, shiny|100/100
|move|p2a: Zeraora|Plasma Fists|p1a: Toxapex
|-supereffective|p1a: Toxapex
|-damage|p1a: Toxapex|43/100
|-fieldactivate|move: Ion Deluge
|
|upkeep
|turn|118
|
|t:|1596695484
|switch|p1a: Zeraora|Zeraora|100/100
|move|p2a: Zeraora|Knock Off|p1a: Zeraora
|-damage|p1a: Zeraora|68/100
|-enditem|p1a: Zeraora|Assault Vest|[from] move: Knock Off|[of] p2a: Zeraora
|
|upkeep
|turn|119
|
|t:|1596695491
|switch|p2a: Amoonguss|Amoonguss, M|100/100
|move|p1a: Zeraora|Drain Punch|p2a: Amoonguss
|-resisted|p2a: Amoonguss
|-damage|p2a: Amoonguss|94/100
|-heal|p1a: Zeraora|72/100|[from] drain|[of] p2a: Amoonguss
|
|upkeep
|turn|120
|
|t:|1596695496
|switch|p1a: Toxapex|Toxapex, M, shiny|76/100
|switch|p2a: Urshifu|Urshifu, M|82/100
|
|upkeep
|turn|121
|
|t:|1596695503
|switch|p1a: Mandibuzz|Mandibuzz, F, shiny|100/100
|move|p2a: Urshifu|Close Combat|p1a: Mandibuzz
|-damage|p1a: Mandibuzz|45/100
|-unboost|p2a: Urshifu|def|1
|-unboost|p2a: Urshifu|spd|1
|
|upkeep
|turn|122
|
|t:|1596695508
|switch|p1a: Toxapex|Toxapex, M, shiny|100/100
|move|p2a: Urshifu|Close Combat|p1a: Toxapex
|-resisted|p1a: Toxapex
|-damage|p1a: Toxapex|73/100
|-unboost|p2a: Urshifu|def|1
|-unboost|p2a: Urshifu|spd|1
|
|upkeep
|turn|123
|
|t:|1596695515
|switch|p2a: Blissey|Blissey, F|94/100
|move|p1a: Toxapex|Toxic Spikes|p2a: Blissey
|-sidestart|p2: LT71LX Cena|move: Toxic Spikes
|
|upkeep
|turn|124
|
|t:|1596695518
|switch|p2a: Amoonguss|Amoonguss, M|100/100
|-sideend|p2: LT71LX Cena|move: Toxic Spikes|[of] p2a: Amoonguss
|switch|p1a: Mandibuzz|Mandibuzz, F, shiny|45/100
|
|upkeep
|turn|125
|
|t:|1596695522
|move|p1a: Mandibuzz|Roost|p1a: Mandibuzz
|-heal|p1a: Mandibuzz|95/100
|-singleturn|p1a: Mandibuzz|move: Roost
|move|p2a: Amoonguss|Toxic|p1a: Mandibuzz
|-status|p1a: Mandibuzz|tox
|
|-damage|p1a: Mandibuzz|89/100 tox|[from] psn
|upkeep
|turn|126
|
|t:|1596695530
|switch|p1a: Chansey|Chansey, F|86/100
|move|p2a: Amoonguss|Sludge Bomb|p1a: Chansey
|-damage|p1a: Chansey|78/100
|
|upkeep
|turn|127
|
|t:|1596695536
|switch|p2a: Urshifu|Urshifu, M|82/100
|move|p1a: Chansey|Stealth Rock|p2a: Urshifu
|-sidestart|p2: LT71LX Cena|move: Stealth Rock
|
|upkeep
|turn|128
|
|t:|1596695540
|switch|p1a: Toxapex|Toxapex, M, shiny|100/100
|move|p2a: Urshifu|Wicked Blow|p1a: Toxapex
|-crit|p1a: Toxapex
|-damage|p1a: Toxapex|44/100
|
|upkeep
|turn|129
|
|t:|1596695548
|switch|p2a: Blissey|Blissey, F|94/100
|-damage|p2a: Blissey|82/100|[from] Stealth Rock
|switch|p1a: Skarmory|Skarmory, F|97/100 slp
|
|upkeep
|turn|130
|
|t:|1596695554
|switch|p1a: Clefable|Clefable, F|87/100
|move|p2a: Blissey|Stealth Rock|p1a: Clefable
|-sidestart|p1: Q114|move: Stealth Rock
|
|upkeep
|turn|131
|
|t:|1596695558
|move|p1a: Clefable|Aromatherapy|p1a: Clefable
|-activate|p1a: Clefable|move: Aromatherapy
|-curestatus|p1: Mandibuzz|tox|[msg]
|-curestatus|p1: Skarmory|slp|[msg]
|move|p2a: Blissey|Teleport|p2a: Blissey
|
|t:|1596695562
|switch|p2a: Amoonguss|Amoonguss, M|100/100|[from]move: Teleport
|-damage|p2a: Amoonguss|88/100|[from] Stealth Rock
|
|upkeep
|turn|132
|
|t:|1596695585
|switch|p1a: Skarmory|Skarmory, F|97/100
|-damage|p1a: Skarmory|85/100|[from] Stealth Rock
|move|p2a: Amoonguss|Spore|p1a: Skarmory
|-status|p1a: Skarmory|slp|[from] move: Spore
|
|upkeep
|turn|133
|
|t:|1596695590
|switch|p1a: Toxapex|Toxapex, M, shiny|77/100
|-damage|p1a: Toxapex|65/100|[from] Stealth Rock
|switch|p2a: Mandibuzz|Mandibuzz, F|78/100 tox
|-damage|p2a: Mandibuzz|53/100 tox|[from] Stealth Rock
|
|-damage|p2a: Mandibuzz|47/100 tox|[from] psn
|upkeep
|turn|134
|
|t:|1596695601
|switch|p1a: Mandibuzz|Mandibuzz, F, shiny|89/100
|move|p2a: Mandibuzz|Roost|p2a: Mandibuzz
|-heal|p2a: Mandibuzz|97/100 tox
|-singleturn|p2a: Mandibuzz|move: Roost
|
|-damage|p2a: Mandibuzz|85/100 tox|[from] psn
|upkeep
|turn|135
|
|t:|1596695607
|move|p1a: Mandibuzz|Knock Off|p2a: Mandibuzz
|-resisted|p2a: Mandibuzz
|-damage|p2a: Mandibuzz|80/100 tox
|move|p2a: Mandibuzz|Defog|p1a: Mandibuzz
|-unboost|p1a: Mandibuzz|evasion|1
|-sideend|p1: Q114|Stealth Rock|[from] move: Defog|[of] p2a: Mandibuzz
|-sideend|p2: LT71LX Cena|Stealth Rock|[from] move: Defog|[of] p2a: Mandibuzz
|
|-damage|p2a: Mandibuzz|62/100 tox|[from] psn
|upkeep
|turn|136
|
|t:|1596695612
|move|p1a: Mandibuzz|Roost|p1a: Mandibuzz
|-heal|p1a: Mandibuzz|100/100
|-singleturn|p1a: Mandibuzz|move: Roost
|move|p2a: Mandibuzz|U-turn|p1a: Mandibuzz
|-supereffective|p1a: Mandibuzz
|-damage|p1a: Mandibuzz|88/100
|
|t:|1596695617
|switch|p2a: Zeraora|Zeraora|24/100|[from]move: U-turn
|
|upkeep
|turn|137
|
|t:|1596695627
|switch|p1a: Zeraora|Zeraora|72/100
|move|p2a: Zeraora|Volt Switch|p1a: Zeraora
|-heal|p1a: Zeraora|97/100|[from] ability: Volt Absorb|[of] p2a: Zeraora
|
|upkeep
|turn|138
|
|t:|1596695633
|switch|p2a: Amoonguss|Amoonguss, M|100/100
|move|p1a: Zeraora|Drain Punch|p2a: Amoonguss
|-resisted|p2a: Amoonguss
|-damage|p2a: Amoonguss|94/100
|-heal|p1a: Zeraora|100/100|[from] drain|[of] p2a: Amoonguss
|
|upkeep
|turn|139
|
|t:|1596695637
|switch|p1a: Toxapex|Toxapex, M, shiny|99/100
|switch|p2a: Zeraora|Zeraora|24/100
|
|upkeep
|turn|140
|
|t:|1596695643
|move|p2a: Zeraora|Volt Switch|p1a: Toxapex
|-supereffective|p1a: Toxapex
|-damage|p1a: Toxapex|61/100
|
|t:|1596695649
|switch|p2a: Blissey|Blissey, F|82/100|[from]move: Volt Switch
|move|p1a: Toxapex|Scald|p2a: Blissey
|-damage|p2a: Blissey|76/100
|
|upkeep
|turn|141
|
|t:|1596695653
|move|p2a: Blissey|Stealth Rock|p1a: Toxapex
|-sidestart|p1: Q114|move: Stealth Rock
|move|p1a: Toxapex|Toxic Spikes|p2a: Blissey
|-sidestart|p2: LT71LX Cena|move: Toxic Spikes
|
|upkeep
|turn|142
|
|t:|1596695659
|move|p1a: Toxapex|Scald|p2a: Blissey
|-damage|p2a: Blissey|69/100
|move|p2a: Blissey|Teleport|p2a: Blissey
|
|t:|1596695662
|switch|p2a: Amoonguss|Amoonguss, M|100/100|[from]move: Teleport
|-sideend|p2: LT71LX Cena|move: Toxic Spikes|[of] p2a: Amoonguss
|
|upkeep
|turn|143
|
|t:|1596695668
|switch|p2a: Zeraora|Zeraora|24/100
|move|p1a: Toxapex|Toxic Spikes|p2a: Zeraora
|-sidestart|p2: LT71LX Cena|move: Toxic Spikes
|
|upkeep
|turn|144
|
|t:|1596695679
|switch|p1a: Zeraora|Zeraora|100/100
|-damage|p1a: Zeraora|88/100|[from] Stealth Rock
|move|p2a: Zeraora|Close Combat|p1a: Zeraora
|-damage|p1a: Zeraora|45/100
|-unboost|p2a: Zeraora|def|1
|-unboost|p2a: Zeraora|spd|1
|
|upkeep
|turn|145
|
|t:|1596695684
|switch|p2a: Amoonguss|Amoonguss, M|100/100
|-sideend|p2: LT71LX Cena|move: Toxic Spikes|[of] p2a: Amoonguss
|move|p1a: Zeraora|Drain Punch|p2a: Amoonguss
|-resisted|p2a: Amoonguss
|-damage|p2a: Amoonguss|94/100
|-heal|p1a: Zeraora|49/100|[from] drain|[of] p2a: Amoonguss
|
|upkeep
|turn|146
|
|t:|1596695696
|switch|p1a: Chansey|Chansey, F|78/100
|-damage|p1a: Chansey|66/100|[from] Stealth Rock
|switch|p2a: Blissey|Blissey, F|69/100
|
|upkeep
|turn|147
|
|t:|1596695699
|switch|p2a: Zeraora|Zeraora|24/100
|move|p1a: Chansey|Stealth Rock|p2a: Zeraora
|-sidestart|p2: LT71LX Cena|move: Stealth Rock
|
|upkeep
|turn|148
|
|t:|1596695705
|switch|p1a: Toxapex|Toxapex, M, shiny|94/100
|-damage|p1a: Toxapex|82/100|[from] Stealth Rock
|move|p2a: Zeraora|Knock Off|p1a: Toxapex
|-damage|p1a: Toxapex|70/100
|
|upkeep
|turn|149
|
|t:|1596695711
|move|p2a: Zeraora|Volt Switch|p1a: Toxapex
|-supereffective|p1a: Toxapex
|-damage|p1a: Toxapex|31/100
|
|t:|1596695714
|switch|p2a: Mandibuzz|Mandibuzz, F|62/100 tox|[from]move: Volt Switch
|-damage|p2a: Mandibuzz|37/100 tox|[from] Stealth Rock
|move|p1a: Toxapex|Scald|p2a: Mandibuzz
|-damage|p2a: Mandibuzz|24/100 tox
|
|-damage|p2a: Mandibuzz|18/100 tox|[from] psn
|upkeep
|turn|150
|
|t:|1596695719
|move|p2a: Mandibuzz|Roost|p2a: Mandibuzz
|-heal|p2a: Mandibuzz|68/100 tox
|-singleturn|p2a: Mandibuzz|move: Roost
|move|p1a: Toxapex|Scald|p2a: Mandibuzz
|-damage|p2a: Mandibuzz|55/100 tox
|
|-damage|p2a: Mandibuzz|42/100 tox|[from] psn
|upkeep
|turn|151
|
|t:|1596695725
|move|p2a: Mandibuzz|Roost|p2a: Mandibuzz
|-heal|p2a: Mandibuzz|92/100 tox
|-singleturn|p2a: Mandibuzz|move: Roost
|move|p1a: Toxapex|Scald|p2a: Mandibuzz
|-damage|p2a: Mandibuzz|79/100 tox
|
|-damage|p2a: Mandibuzz|61/100 tox|[from] psn
|upkeep
|turn|152
|
|t:|1596695728
|move|p2a: Mandibuzz|Defog|p1a: Toxapex
|-unboost|p1a: Toxapex|evasion|1
|-sideend|p1: Q114|Stealth Rock|[from] move: Defog|[of] p2a: Mandibuzz
|-sideend|p2: LT71LX Cena|Stealth Rock|[from] move: Defog|[of] p2a: Mandibuzz
|move|p1a: Toxapex|Recover|p1a: Toxapex
|-heal|p1a: Toxapex|81/100
|
|-damage|p2a: Mandibuzz|36/100 tox|[from] psn
|upkeep
|turn|153
|
|t:|1596695735
|switch|p2a: Blissey|Blissey, F|69/100
|switch|p1a: Skarmory|Skarmory, F|85/100 slp
|
|upkeep
|turn|154
|
|t:|1596695739
|switch|p1a: Chansey|Chansey, F|66/100
|switch|p2a: Zeraora|Zeraora|24/100
|
|upkeep
|turn|155
|
|t:|1596695747
|switch|p1a: Clefable|Clefable, F|87/100
|move|p2a: Zeraora|Volt Switch|p1a: Clefable
|-damage|p1a: Clefable|67/100
|
|t:|1596695760
|switch|p2a: Amoonguss|Amoonguss, M|100/100|[from]move: Volt Switch
|
|upkeep
|turn|156
|
|t:|1596695762
|move|p1a: Clefable|Wish|p1a: Clefable
|move|p2a: Amoonguss|Sludge Bomb|p1a: Clefable
|-supereffective|p1a: Clefable
|-damage|p1a: Clefable|13/100
|
|upkeep
|turn|157
|
|t:|1596695769
|move|p1a: Clefable|Protect|p1a: Clefable
|-singleturn|p1a: Clefable|Protect
|move|p2a: Amoonguss|Sludge Bomb|p1a: Clefable
|-activate|p1a: Clefable|move: Protect
|
|-heal|p1a: Clefable|63/100|[from] move: Wish|[wisher] Clefable
|upkeep
|turn|158
|
|t:|1596695773
|switch|p1a: Chansey|Chansey, F|66/100
|move|p2a: Amoonguss|Sludge Bomb|p1a: Chansey
|-damage|p1a: Chansey|57/100
|
|upkeep
|turn|159
|
|t:|1596695776
|switch|p2a: Blissey|Blissey, F|69/100
|move|p1a: Chansey|Soft-Boiled|p1a: Chansey
|-heal|p1a: Chansey|100/100
|
|upkeep
|turn|160
|
|t:|1596695781
|switch|p2a: Mandibuzz|Mandibuzz, F|36/100 tox
|move|p1a: Chansey|Stealth Rock|p2a: Mandibuzz
|-sidestart|p2: LT71LX Cena|move: Stealth Rock
|
|-damage|p2a: Mandibuzz|30/100 tox|[from] psn
|upkeep
|turn|161
|j| csrsdf
|
|t:|1596695785
|switch|p1a: Clefable|Clefable, F|63/100
|move|p2a: Mandibuzz|Roost|p2a: Mandibuzz
|-heal|p2a: Mandibuzz|80/100 tox
|-singleturn|p2a: Mandibuzz|move: Roost
|
|-damage|p2a: Mandibuzz|68/100 tox|[from] psn
|upkeep
|turn|162
|
|t:|1596695790
|move|p2a: Mandibuzz|U-turn|p1a: Clefable
|-resisted|p1a: Clefable
|-damage|p1a: Clefable|58/100
|
|t:|1596695795
|switch|p2a: Blissey|Blissey, F|69/100|[from]move: U-turn
|-damage|p2a: Blissey|57/100|[from] Stealth Rock
|move|p1a: Clefable|Wish|p1a: Clefable
|
|upkeep
|turn|163
|c| csrsdf|turn 163
|c|☆LT71LX Cena|ikr
|
|t:|1596695808
|switch|p1a: Zeraora|Zeraora|49/100
|move|p2a: Blissey|Soft-Boiled|p2a: Blissey
|-heal|p2a: Blissey|100/100
|
|-heal|p1a: Zeraora|100/100|[from] move: Wish|[wisher] Clefable
|upkeep
|turn|164
|c|☆LT71LX Cena|breh
|c| csrsdf|no mon has died
|c|☆LT71LX Cena|im just clicking buttons at this point
|c| csrsdf|these mons have most usage
|
|t:|1596695826
|switch|p2a: Amoonguss|Amoonguss, M|100/100
|-damage|p2a: Amoonguss|88/100|[from] Stealth Rock
|move|p1a: Zeraora|Drain Punch|p2a: Amoonguss
|-resisted|p2a: Amoonguss
|-damage|p2a: Amoonguss|82/100
|
|upkeep
|turn|165
|l| pureheart2803
|
|t:|1596695830
|switch|p1a: Chansey|Chansey, F|100/100
|move|p2a: Amoonguss|Spore|p1a: Chansey
|-message|Sleep Clause Mod activated.
|
|upkeep
|turn|166
|
|t:|1596695835
|move|p1a: Chansey|Seismic Toss|p2a: Amoonguss
|-damage|p2a: Amoonguss|59/100
|move|p2a: Amoonguss|Toxic|p1a: Chansey
|-status|p1a: Chansey|tox
|
|-damage|p1a: Chansey|94/100 tox|[from] psn
|upkeep
|turn|167
|c| bbears_poke|no need to be impatient
|c| csrsdf|they force you to make ur team beat stall
|c| bbears_poke|something will happen XD
|j| pureheart2803
|c| csrsdf|force you to use moves just for stall
|
|t:|1596695852
|-curestatus|p1a: Chansey|tox|[from] ability: Natural Cure
|switch|p1a: Toxapex|Toxapex, M, shiny|100/100
|switch|p2a: Urshifu|Urshifu, M|82/100
|-damage|p2a: Urshifu|76/100|[from] Stealth Rock
|
|upkeep
|turn|168
|
|t:|1596695857
|move|p2a: Urshifu|Wicked Blow|p1a: Toxapex
|-crit|p1a: Toxapex
|-damage|p1a: Toxapex|44/100
|move|p1a: Toxapex|Toxic Spikes|p2a: Urshifu
|-sidestart|p2: LT71LX Cena|move: Toxic Spikes
|
|upkeep
|turn|169
|
|t:|1596695863
|switch|p2a: Mandibuzz|Mandibuzz, F|68/100 tox
|-damage|p2a: Mandibuzz|43/100 tox|[from] Stealth Rock
|switch|p1a: Mandibuzz|Mandibuzz, F, shiny|88/100
|
|-damage|p2a: Mandibuzz|37/100 tox|[from] psn
|upkeep
|turn|170
|
|t:|1596695866
|switch|p1a: Clefable|Clefable, F|58/100
|move|p2a: Mandibuzz|Roost|p2a: Mandibuzz
|-heal|p2a: Mandibuzz|87/100 tox
|-singleturn|p2a: Mandibuzz|move: Roost
|
|-damage|p2a: Mandibuzz|74/100 tox|[from] psn
|upkeep
|turn|171
|c| csrsdf|bbut stall will never hget banned or even looked at
|
|t:|1596695870
|move|p2a: Mandibuzz|Defog|p1a: Clefable
|-unboost|p1a: Clefable|evasion|1
|-sideend|p2: LT71LX Cena|Toxic Spikes|[from] move: Defog|[of] p2a: Mandibuzz
|-sideend|p2: LT71LX Cena|Stealth Rock|[from] move: Defog|[of] p2a: Mandibuzz
|move|p1a: Clefable|Wish|p1a: Clefable
|
|-damage|p2a: Mandibuzz|56/100 tox|[from] psn
|upkeep
|turn|172
|
|t:|1596695875
|switch|p2a: Amoonguss|Amoonguss, M|92/100
|move|p1a: Clefable|Protect||[still]
|-fail|p1a: Clefable
|
|-heal|p1a: Clefable|100/100|[from] move: Wish|[wisher] Clefable
|upkeep
|turn|173
|
|t:|1596695882
|switch|p1a: Chansey|Chansey, F|94/100
|switch|p2a: Zeraora|Zeraora|24/100
|
|upkeep
|turn|174
|
|t:|1596695893
|switch|p1a: Clefable|Clefable, F|100/100
|move|p2a: Zeraora|Plasma Fists|p1a: Clefable
|-damage|p1a: Clefable|66/100
|-fieldactivate|move: Ion Deluge
|
|upkeep
|turn|175
|
|t:|1596695900
|move|p2a: Zeraora|Volt Switch|p1a: Clefable
|-damage|p1a: Clefable|46/100
|
|t:|1596695910
|switch|p2a: Amoonguss|Amoonguss, M|100/100|[from]move: Volt Switch
|move|p1a: Clefable|Wish|p1a: Clefable
|
|upkeep
|turn|176
|c| csrsdf|stall is a fair and healthy play style
|
|t:|1596695917
|switch|p2a: Mandibuzz|Mandibuzz, F|56/100 tox
|move|p1a: Clefable|Protect||[still]
|-fail|p1a: Clefable
|
|-heal|p1a: Clefable|96/100|[from] move: Wish|[wisher] Clefable
|-damage|p2a: Mandibuzz|50/100 tox|[from] psn
|upkeep
|turn|177
|
|t:|1596695921
|switch|p2a: Amoonguss|Amoonguss, M|100/100
|move|p1a: Clefable|Moonblast|p2a: Amoonguss
|-resisted|p2a: Amoonguss
|-damage|p2a: Amoonguss|86/100
|-unboost|p2a: Amoonguss|spa|1
|
|upkeep
|turn|178
|c| csrsdf|just look at this game
|
|t:|1596695927
|switch|p1a: Toxapex|Toxapex, M, shiny|77/100
|switch|p2a: Blissey|Blissey, F|100/100
|
|upkeep
|turn|179
|c| csrsdf|turm 177
|c| csrsdf|so healthy
|
|t:|1596695933
|move|p2a: Blissey|Seismic Toss|p1a: Toxapex
|-damage|p1a: Toxapex|44/100
|move|p1a: Toxapex|Toxic Spikes|p2a: Blissey
|-sidestart|p2: LT71LX Cena|move: Toxic Spikes
|
|upkeep
|turn|180
|
|t:|1596695938
|switch|p2a: Amoonguss|Amoonguss, M|100/100
|-sideend|p2: LT71LX Cena|move: Toxic Spikes|[of] p2a: Amoonguss
|switch|p1a: Chansey|Chansey, F|94/100
|
|upkeep
|turn|181
|
|t:|1596695942
|switch|p2a: Mandibuzz|Mandibuzz, F|50/100 tox
|move|p1a: Chansey|Stealth Rock|p2a: Mandibuzz
|-sidestart|p2: LT71LX Cena|move: Stealth Rock
|
|-damage|p2a: Mandibuzz|44/100 tox|[from] psn
|upkeep
|turn|182
|
|t:|1596695944
|move|p2a: Mandibuzz|Roost|p2a: Mandibuzz
|-heal|p2a: Mandibuzz|94/100 tox
|-singleturn|p2a: Mandibuzz|move: Roost
|move|p1a: Chansey|Seismic Toss|p2a: Mandibuzz
|-damage|p2a: Mandibuzz|70/100 tox
|
|-damage|p2a: Mandibuzz|58/100 tox|[from] psn
|upkeep
|turn|183
|
|t:|1596695949
|move|p2a: Mandibuzz|U-turn|p1a: Chansey
|-damage|p1a: Chansey|87/100
|
|t:|1596695955
|switch|p2a: Blissey|Blissey, F|100/100|[from]move: U-turn
|-damage|p2a: Blissey|88/100|[from] Stealth Rock
|move|p1a: Chansey|Seismic Toss|p2a: Blissey
|-damage|p2a: Blissey|74/100
|
|upkeep
|turn|184
|c| csrsdf|swith out endlessy with no drawback and heal with regen
|
|t:|1596695959
|move|p1a: Chansey|Toxic|p2a: Blissey
|-status|p2a: Blissey|tox
|move|p2a: Blissey|Teleport|p2a: Blissey
|
|t:|1596695963
|-curestatus|p2a: Blissey|tox|[from] ability: Natural Cure
|switch|p2a: Mandibuzz|Mandibuzz, F|58/100 tox|[from]move: Teleport
|-damage|p2a: Mandibuzz|33/100 tox|[from] Stealth Rock
|
|-damage|p2a: Mandibuzz|27/100 tox|[from] psn
|upkeep
|turn|185
|
|t:|1596695967
|move|p2a: Mandibuzz|Roost|p2a: Mandibuzz
|-heal|p2a: Mandibuzz|77/100 tox
|-singleturn|p2a: Mandibuzz|move: Roost
|move|p1a: Chansey|Seismic Toss|p2a: Mandibuzz
|-damage|p2a: Mandibuzz|53/100 tox
|
|-damage|p2a: Mandibuzz|41/100 tox|[from] psn
|upkeep
|turn|186
|c| csrsdf|yeah thats fair
|
|t:|1596695969
|move|p2a: Mandibuzz|U-turn|p1a: Chansey
|-damage|p1a: Chansey|80/100
|
|t:|1596695972
|switch|p2a: Blissey|Blissey, F|74/100|[from]move: U-turn
|-damage|p2a: Blissey|61/100|[from] Stealth Rock
|move|p1a: Chansey|Seismic Toss|p2a: Blissey
|-damage|p2a: Blissey|47/100
|
|upkeep
|turn|187
|
|t:|1596695977
|move|p2a: Blissey|Soft-Boiled|p2a: Blissey
|-heal|p2a: Blissey|97/100
|move|p1a: Chansey|Toxic|p2a: Blissey
|-status|p2a: Blissey|tox
|
|-damage|p2a: Blissey|91/100 tox|[from] psn
|upkeep
|turn|188
|c| csrsdf|this game is a complete joke
|
|t:|1596695990
|switch|p1a: Toxapex|Toxapex, M, shiny|77/100
|move|p2a: Blissey|Teleport|p2a: Blissey
|
|t:|1596695994
|-curestatus|p2a: Blissey|tox|[from] ability: Natural Cure
|switch|p2a: Mandibuzz|Mandibuzz, F|41/100 tox|[from]move: Teleport
|-damage|p2a: Mandibuzz|16/100 tox|[from] Stealth Rock
|
|-damage|p2a: Mandibuzz|10/100 tox|[from] psn
|upkeep
|turn|189
|j| infinitygoat
|
|t:|1596696008
|switch|p1a: Mandibuzz|Mandibuzz, F, shiny|88/100
|move|p2a: Mandibuzz|Roost|p2a: Mandibuzz
|-heal|p2a: Mandibuzz|60/100 tox
|-singleturn|p2a: Mandibuzz|move: Roost
|
|-damage|p2a: Mandibuzz|48/100 tox|[from] psn
|upkeep
|turn|190
|
|t:|1596696013
|switch|p1a: Skarmory|Skarmory, F|85/100 slp
|move|p2a: Mandibuzz|Roost|p2a: Mandibuzz
|-heal|p2a: Mandibuzz|98/100 tox
|-singleturn|p2a: Mandibuzz|move: Roost
|
|-damage|p2a: Mandibuzz|80/100 tox|[from] psn
|upkeep
|turn|191
|
|t:|1596696021
|switch|p1a: Toxapex|Toxapex, M, shiny|100/100
|move|p2a: Mandibuzz|Defog|p1a: Toxapex
|-unboost|p1a: Toxapex|evasion|1
|-sideend|p2: LT71LX Cena|Stealth Rock|[from] move: Defog|[of] p2a: Mandibuzz
|
|-damage|p2a: Mandibuzz|55/100 tox|[from] psn
|upkeep
|turn|192
|
|t:|1596696027
|switch|p1a: Chansey|Chansey, F|80/100
|move|p2a: Mandibuzz|U-turn|p1a: Chansey
|-damage|p1a: Chansey|72/100
|
|t:|1596696032
|switch|p2a: Urshifu|Urshifu, M|76/100|[from]move: U-turn
|
|upkeep
|turn|193
|
|t:|1596696045
|switch|p1a: Toxapex|Toxapex, M, shiny|100/100
|move|p2a: Urshifu|Wicked Blow|p1a: Toxapex
|-crit|p1a: Toxapex
|-damage|p1a: Toxapex|41/100
|
|upkeep
|turn|194
|c| csrsdf|click recover health and switch out for regenerator = true skill and the best thing u can do in this game
|l| pureheart2803
|
|t:|1596696060
|switch|p2a: Amoonguss|Amoonguss, M|100/100
|switch|p1a: Mandibuzz|Mandibuzz, F, shiny|88/100
|
|upkeep
|turn|195
|
|t:|1596696064
|switch|p1a: Toxapex|Toxapex, M, shiny|74/100
|move|p2a: Amoonguss|Toxic|p1a: Toxapex
|-immune|p1a: Toxapex
|
|upkeep
|turn|196
|
|t:|1596696070
|switch|p2a: Blissey|Blissey, F|91/100
|move|p1a: Toxapex|Toxic Spikes|p2a: Blissey
|-sidestart|p2: LT71LX Cena|move: Toxic Spikes
|
|upkeep
|turn|197
|
|t:|1596696074
|switch|p2a: Amoonguss|Amoonguss, M|100/100
|-sideend|p2: LT71LX Cena|move: Toxic Spikes|[of] p2a: Amoonguss
|switch|p1a: Chansey|Chansey, F|72/100
|
|upkeep
|turn|198
|
|t:|1596696081
|switch|p2a: Urshifu|Urshifu, M|76/100
|move|p1a: Chansey|Seismic Toss|p2a: Urshifu
|-damage|p2a: Urshifu|47/100
|
|upkeep
|turn|199
|
|t:|1596696085
|switch|p1a: Toxapex|Toxapex, M, shiny|100/100
|move|p2a: Urshifu|Close Combat|p1a: Toxapex
|-resisted|p1a: Toxapex
|-damage|p1a: Toxapex|70/100
|-unboost|p2a: Urshifu|def|1
|-unboost|p2a: Urshifu|spd|1
|
|upkeep
|turn|200
|
|t:|1596696092
|switch|p2a: Mandibuzz|Mandibuzz, F|55/100 tox
|move|p1a: Toxapex|Toxic Spikes|p2a: Mandibuzz
|-sidestart|p2: LT71LX Cena|move: Toxic Spikes
|
|-damage|p2a: Mandibuzz|49/100 tox|[from] psn
|upkeep
|turn|201
|
|t:|1596696094
|switch|p1a: Chansey|Chansey, F|72/100
|move|p2a: Mandibuzz|Roost|p2a: Mandibuzz
|-heal|p2a: Mandibuzz|99/100 tox
|-singleturn|p2a: Mandibuzz|move: Roost
|
|-damage|p2a: Mandibuzz|87/100 tox|[from] psn
|upkeep
|turn|202
|c| csrsdf|soo urshifu and zerora will be banned
|
|t:|1596696100
|move|p2a: Mandibuzz|U-turn|p1a: Chansey
|-damage|p1a: Chansey|64/100
|
|t:|1596696103
|switch|p2a: Amoonguss|Amoonguss, M|100/100|[from]move: U-turn
|-sideend|p2: LT71LX Cena|move: Toxic Spikes|[of] p2a: Amoonguss
|move|p1a: Chansey|Stealth Rock|p2a: Amoonguss
|-sidestart|p2: LT71LX Cena|move: Stealth Rock
|
|upkeep
|turn|203
|
|t:|1596696108
|move|p1a: Chansey|Soft-Boiled|p1a: Chansey
|-heal|p1a: Chansey|100/100
|move|p2a: Amoonguss|Toxic|p1a: Chansey
|-status|p1a: Chansey|tox
|
|-damage|p1a: Chansey|94/100 tox|[from] psn
|upkeep
|turn|204
|c| csrsdf|just to alow this stall disease to be even more broken
|
|t:|1596696116
|-curestatus|p1a: Chansey|tox|[from] ability: Natural Cure
|switch|p1a: Toxapex|Toxapex, M, shiny|100/100
|move|p2a: Amoonguss|Giga Drain|p1a: Toxapex
|-damage|p1a: Toxapex|81/100
|
|upkeep
|turn|205
|
|t:|1596696123
|move|p2a: Amoonguss|Giga Drain|p1a: Toxapex
|-damage|p1a: Toxapex|61/100
|move|p1a: Toxapex|Toxic Spikes|p2a: Amoonguss
|-sidestart|p2: LT71LX Cena|move: Toxic Spikes
|
|upkeep
|turn|206
|
|t:|1596696135
|switch|p2a: Blissey|Blissey, F|91/100
|-damage|p2a: Blissey|79/100|[from] Stealth Rock
|-status|p2a: Blissey|psn
|switch|p1a: Chansey|Chansey, F|94/100
|
|-damage|p2a: Blissey|66/100 psn|[from] psn
|upkeep
|turn|207
|
|t:|1596696141
|-curestatus|p2a: Blissey|psn|[from] ability: Natural Cure
|switch|p2a: Amoonguss|Amoonguss, M|100/100
|-damage|p2a: Amoonguss|88/100|[from] Stealth Rock
|-sideend|p2: LT71LX Cena|move: Toxic Spikes|[of] p2a: Amoonguss
|switch|p1a: Toxapex|Toxapex, M, shiny|95/100
|
|upkeep
|turn|208
|
|t:|1596696144
|switch|p2a: Blissey|Blissey, F|66/100
|-damage|p2a: Blissey|54/100|[from] Stealth Rock
|move|p1a: Toxapex|Toxic Spikes|p2a: Blissey
|-sidestart|p2: LT71LX Cena|move: Toxic Spikes
|
|upkeep
|turn|209
|
|t:|1596696149
|move|p2a: Blissey|Soft-Boiled|p2a: Blissey
|-heal|p2a: Blissey|100/100
|move|p1a: Toxapex|Knock Off|p2a: Blissey
|-damage|p2a: Blissey|91/100
|
|upkeep
|turn|210
|
|t:|1596696154
|move|p2a: Blissey|Seismic Toss|p1a: Toxapex
|-damage|p1a: Toxapex|62/100
|move|p1a: Toxapex|Knock Off|p2a: Blissey
|-damage|p2a: Blissey|83/100
|
|upkeep
|turn|211
|
|t:|1596696160
|switch|p1a: Chansey|Chansey, F|94/100
|move|p2a: Blissey|Teleport|p2a: Blissey
|
|t:|1596696163
|switch|p2a: Amoonguss|Amoonguss, M|100/100|[from]move: Teleport
|-damage|p2a: Amoonguss|88/100|[from] Stealth Rock
|-sideend|p2: LT71LX Cena|move: Toxic Spikes|[of] p2a: Amoonguss
|
|upkeep
|turn|212
|
|t:|1596696166
|switch|p1a: Toxapex|Toxapex, M, shiny|95/100
|switch|p2a: Blissey|Blissey, F|83/100
|-damage|p2a: Blissey|70/100|[from] Stealth Rock
|
|upkeep
|turn|213
|
|t:|1596696169
|move|p2a: Blissey|Stealth Rock|p1a: Toxapex
|-sidestart|p1: Q114|move: Stealth Rock
|move|p1a: Toxapex|Toxic Spikes|p2a: Blissey
|-sidestart|p2: LT71LX Cena|move: Toxic Spikes
|
|upkeep
|turn|214
|
|t:|1596696172
|move|p2a: Blissey|Seismic Toss|p1a: Toxapex
|-damage|p1a: Toxapex|62/100
|move|p1a: Toxapex|Knock Off|p2a: Blissey
|-damage|p2a: Blissey|61/100
|
|upkeep
|turn|215
|
|t:|1596696177
|move|p1a: Toxapex|Knock Off|p2a: Blissey
|-damage|p2a: Blissey|52/100
|move|p2a: Blissey|Teleport|p2a: Blissey
|
|t:|1596696181
|switch|p2a: Amoonguss|Amoonguss, M|100/100|[from]move: Teleport
|-sideend|p2: LT71LX Cena|move: Toxic Spikes|[of] p2a: Amoonguss
|-damage|p2a: Amoonguss|88/100|[from] Stealth Rock
|
|upkeep
|turn|216
|
|t:|1596696185
|switch|p2a: Urshifu|Urshifu, M|47/100
|-damage|p2a: Urshifu|40/100|[from] Stealth Rock
|move|p1a: Toxapex|Scald|p2a: Urshifu
|-damage|p2a: Urshifu|14/100
|
|upkeep
|turn|217
|
|t:|1596696198
|move|p2a: Urshifu|Close Combat|p1a: Toxapex
|-resisted|p1a: Toxapex
|-damage|p1a: Toxapex|35/100
|-unboost|p2a: Urshifu|def|1
|-unboost|p2a: Urshifu|spd|1
|move|p1a: Toxapex|Recover|p1a: Toxapex
|-heal|p1a: Toxapex|85/100
|
|upkeep
|turn|218
|
|t:|1596696206
|switch|p2a: Blissey|Blissey, F|52/100
|-damage|p2a: Blissey|39/100|[from] Stealth Rock
|move|p1a: Toxapex|Toxic Spikes|p2a: Blissey
|-sidestart|p2: LT71LX Cena|move: Toxic Spikes
|
|upkeep
|turn|219
|
|t:|1596696211
|move|p2a: Blissey|Soft-Boiled|p2a: Blissey
|-heal|p2a: Blissey|89/100
|move|p1a: Toxapex|Knock Off|p2a: Blissey
|-damage|p2a: Blissey|80/100
|
|upkeep
|turn|220
|l| infinitygoat
|
|t:|1596696229
|move|p1a: Toxapex|Knock Off|p2a: Blissey
|-damage|p2a: Blissey|70/100
|move|p2a: Blissey|Teleport|p2a: Blissey
|
|t:|1596696232
|switch|p2a: Amoonguss|Amoonguss, M|100/100|[from]move: Teleport
|-sideend|p2: LT71LX Cena|move: Toxic Spikes|[of] p2a: Amoonguss
|-damage|p2a: Amoonguss|88/100|[from] Stealth Rock
|
|upkeep
|turn|221
|
|t:|1596696235
|switch|p2a: Blissey|Blissey, F|70/100
|-damage|p2a: Blissey|58/100|[from] Stealth Rock
|move|p1a: Toxapex|Scald|p2a: Blissey
|-damage|p2a: Blissey|52/100
|-status|p2a: Blissey|brn
|
|-damage|p2a: Blissey|46/100 brn|[from] brn
|upkeep
|turn|222
|
|t:|1596696240
|move|p2a: Blissey|Soft-Boiled|p2a: Blissey
|-heal|p2a: Blissey|96/100 brn
|move|p1a: Toxapex|Knock Off|p2a: Blissey
|-damage|p2a: Blissey|86/100 brn
|
|-damage|p2a: Blissey|80/100 brn|[from] brn
|upkeep
|turn|223
|
|t:|1596696242
|move|p2a: Blissey|Seismic Toss|p1a: Toxapex
|-damage|p1a: Toxapex|52/100
|move|p1a: Toxapex|Knock Off|p2a: Blissey
|-damage|p2a: Blissey|70/100 brn
|
|-damage|p2a: Blissey|64/100 brn|[from] brn
|upkeep
|turn|224
|
|t:|1596696245
|move|p2a: Blissey|Seismic Toss|p1a: Toxapex
|-damage|p1a: Toxapex|19/100
|move|p1a: Toxapex|Recover|p1a: Toxapex
|-heal|p1a: Toxapex|69/100
|
|-damage|p2a: Blissey|58/100 brn|[from] brn
|upkeep
|turn|225
|
|t:|1596696258
|-curestatus|p2a: Blissey|brn|[from] ability: Natural Cure
|switch|p2a: Amoonguss|Amoonguss, M|100/100
|-damage|p2a: Amoonguss|88/100|[from] Stealth Rock
|switch|p1a: Clefable|Clefable, F|96/100
|-damage|p1a: Clefable|84/100|[from] Stealth Rock
|
|upkeep
|turn|226
|
|t:|1596696263
|move|p1a: Clefable|Protect|p1a: Clefable
|-singleturn|p1a: Clefable|Protect
|move|p2a: Amoonguss|Sludge Bomb|p1a: Clefable
|-activate|p1a: Clefable|move: Protect
|
|upkeep
|turn|227
|
|t:|1596696267
|switch|p1a: Toxapex|Toxapex, M, shiny|100/100
|-damage|p1a: Toxapex|88/100|[from] Stealth Rock
|move|p2a: Amoonguss|Sludge Bomb|p1a: Toxapex
|-resisted|p1a: Toxapex
|-damage|p1a: Toxapex|76/100
|
|upkeep
|turn|228
|
|t:|1596696271
|switch|p2a: Blissey|Blissey, F|58/100
|-damage|p2a: Blissey|46/100|[from] Stealth Rock
|move|p1a: Toxapex|Scald|p2a: Blissey
|-damage|p2a: Blissey|40/100
|
|upkeep
|turn|229
|
|t:|1596696274
|move|p2a: Blissey|Soft-Boiled|p2a: Blissey
|-heal|p2a: Blissey|90/100
|move|p1a: Toxapex|Knock Off|p2a: Blissey
|-damage|p2a: Blissey|81/100
|
|upkeep
|turn|230
|
|t:|1596696279
|move|p2a: Blissey|Seismic Toss|p1a: Toxapex
|-damage|p1a: Toxapex|43/100
|move|p1a: Toxapex|Knock Off|p2a: Blissey
|-damage|p2a: Blissey|71/100
|
|upkeep
|turn|231
|
|t:|1596696283
|switch|p1a: Chansey|Chansey, F|94/100
|-damage|p1a: Chansey|82/100|[from] Stealth Rock
|move|p2a: Blissey|Teleport|p2a: Blissey
|
|t:|1596696288
|switch|p2a: Urshifu|Urshifu, M|14/100|[from]move: Teleport
|-damage|p2a: Urshifu|8/100|[from] Stealth Rock
|
|upkeep
|turn|232
|
|t:|1596696291
|switch|p1a: Skarmory|Skarmory, F|85/100 slp
|-damage|p1a: Skarmory|73/100 slp|[from] Stealth Rock
|move|p2a: Urshifu|Wicked Blow|p1a: Skarmory
|-crit|p1a: Skarmory
|-damage|p1a: Skarmory|13/100 slp
|-damage|p2a: Urshifu|0 fnt|[from] item: Rocky Helmet|[of] p1a: Skarmory
|faint|p2a: Urshifu
|
|upkeep
|
|t:|1596696297
|switch|p2a: Dragapult|Dragapult, F|100/100
|-damage|p2a: Dragapult|88/100|[from] Stealth Rock
|turn|233
|
|t:|1596696316
|switch|p1a: Toxapex|Toxapex, M, shiny|77/100
|-damage|p1a: Toxapex|65/100|[from] Stealth Rock
|move|p2a: Dragapult|Flamethrower|p1a: Toxapex
|-resisted|p1a: Toxapex
|-damage|p1a: Toxapex|47/100
|
|upkeep
|turn|234
|
|t:|1596696323
|switch|p2a: Blissey|Blissey, F|71/100
|-damage|p2a: Blissey|58/100|[from] Stealth Rock
|switch|p1a: Chansey|Chansey, F|82/100
|-damage|p1a: Chansey|70/100|[from] Stealth Rock
|
|upkeep
|turn|235
|
|t:|1596696334
|switch|p2a: Amoonguss|Amoonguss, M|100/100
|-damage|p2a: Amoonguss|88/100|[from] Stealth Rock
|move|p1a: Chansey|Soft-Boiled|p1a: Chansey
|-heal|p1a: Chansey|100/100
|
|upkeep
|turn|236
|
|t:|1596696339
|switch|p1a: Toxapex|Toxapex, M, shiny|80/100
|-damage|p1a: Toxapex|68/100|[from] Stealth Rock
|move|p2a: Amoonguss|Giga Drain|p1a: Toxapex
|-damage|p1a: Toxapex|49/100
|-heal|p2a: Amoonguss|95/100|[from] drain|[of] p1a: Toxapex
|
|upkeep
|turn|237
|
|t:|1596696343
|switch|p2a: Blissey|Blissey, F|58/100
|-damage|p2a: Blissey|46/100|[from] Stealth Rock
|move|p1a: Toxapex|Scald|p2a: Blissey
|-damage|p2a: Blissey|40/100
|
|upkeep
|turn|238
|
|t:|1596696347
|move|p2a: Blissey|Soft-Boiled|p2a: Blissey
|-heal|p2a: Blissey|90/100
|move|p1a: Toxapex|Knock Off|p2a: Blissey
|-damage|p2a: Blissey|82/100
|
|upkeep
|turn|239
|
|t:|1596696354
|switch|p1a: Chansey|Chansey, F|100/100
|-damage|p1a: Chansey|88/100|[from] Stealth Rock
|move|p2a: Blissey|Seismic Toss|p1a: Chansey
|-damage|p1a: Chansey|74/100
|
|upkeep
|turn|240
|
|t:|1596696358
|move|p1a: Chansey|Seismic Toss|p2a: Blissey
|-damage|p2a: Blissey|67/100
|move|p2a: Blissey|Teleport|p2a: Blissey
|
|t:|1596696364
|switch|p2a: Mandibuzz|Mandibuzz, F|87/100 tox|[from]move: Teleport
|-damage|p2a: Mandibuzz|62/100 tox|[from] Stealth Rock
|
|-damage|p2a: Mandibuzz|56/100 tox|[from] psn
|upkeep
|turn|241
|
|t:|1596696367
|move|p2a: Mandibuzz|Defog|p1a: Chansey
|-unboost|p1a: Chansey|evasion|1
|-sideend|p1: Q114|Stealth Rock|[from] move: Defog|[of] p2a: Mandibuzz
|-sideend|p2: LT71LX Cena|Stealth Rock|[from] move: Defog|[of] p2a: Mandibuzz
|move|p1a: Chansey|Seismic Toss|p2a: Mandibuzz
|-damage|p2a: Mandibuzz|32/100 tox
|
|-damage|p2a: Mandibuzz|20/100 tox|[from] psn
|upkeep
|turn|242
|
|t:|1596696371
|move|p2a: Mandibuzz|Roost|p2a: Mandibuzz
|-heal|p2a: Mandibuzz|70/100 tox
|-singleturn|p2a: Mandibuzz|move: Roost
|move|p1a: Chansey|Seismic Toss|p2a: Mandibuzz
|-damage|p2a: Mandibuzz|46/100 tox
|
|-damage|p2a: Mandibuzz|28/100 tox|[from] psn
|upkeep
|turn|243
|
|t:|1596696376
|move|p2a: Mandibuzz|Roost|p2a: Mandibuzz
|-heal|p2a: Mandibuzz|78/100 tox
|-singleturn|p2a: Mandibuzz|move: Roost
|move|p1a: Chansey|Stealth Rock|p2a: Mandibuzz
|-sidestart|p2: LT71LX Cena|move: Stealth Rock
|
|-damage|p2a: Mandibuzz|53/100 tox|[from] psn
|upkeep
|turn|244
|
|t:|1596696379
|move|p2a: Mandibuzz|Defog|p1a: Chansey
|-unboost|p1a: Chansey|evasion|1
|-sideend|p2: LT71LX Cena|Stealth Rock|[from] move: Defog|[of] p2a: Mandibuzz
|move|p1a: Chansey|Seismic Toss|p2a: Mandibuzz
|-damage|p2a: Mandibuzz|30/100 tox
|
|-damage|p2a: Mandibuzz|0 fnt|[from] psn
|faint|p2a: Mandibuzz
|upkeep
|
|t:|1596696382
|switch|p2a: Zeraora|Zeraora|24/100
|turn|245
|
|t:|1596696390
|switch|p1a: Toxapex|Toxapex, M, shiny|82/100
|move|p2a: Zeraora|Knock Off|p1a: Toxapex
|-damage|p1a: Toxapex|70/100
|
|upkeep
|turn|246
|c| csrsdf|imagine making a team and your win condition is to not attack
|
|t:|1596696395
|move|p2a: Zeraora|Plasma Fists|p1a: Toxapex
|-supereffective|p1a: Toxapex
|-damage|p1a: Toxapex|16/100
|-fieldactivate|move: Ion Deluge
|move|p1a: Toxapex|Scald|p2a: Zeraora
|-damage|p2a: Zeraora|2/100
|
|upkeep
|turn|247
|
|t:|1596696410
|switch|p1a: Zeraora|Zeraora|100/100
|move|p2a: Zeraora|Knock Off|p1a: Zeraora
|-damage|p1a: Zeraora|77/100
|
|upkeep
|turn|248
|c| csrsdf|but to abuse the mechanics of the game and endlessly restore health
|
|t:|1596696417
|move|p2a: Zeraora|Close Combat|p1a: Zeraora
|-damage|p1a: Zeraora|34/100
|-unboost|p2a: Zeraora|def|1
|-unboost|p2a: Zeraora|spd|1
|move|p1a: Zeraora|Drain Punch|p2a: Zeraora
|-damage|p2a: Zeraora|0 fnt
|-heal|p1a: Zeraora|35/100|[from] drain|[of] p2a: Zeraora
|faint|p2a: Zeraora
|
|upkeep
|
|t:|1596696421
|switch|p2a: Dragapult|Dragapult, F|88/100
|turn|249
|
|t:|1596696431
|move|p2a: Dragapult|U-turn|p1a: Zeraora
|-damage|p1a: Zeraora|16/100
|
|t:|1596696436
|switch|p2a: Amoonguss|Amoonguss, M|100/100|[from]move: U-turn
|move|p1a: Zeraora|Knock Off|p2a: Amoonguss
|-damage|p2a: Amoonguss|90/100
|
|upkeep
|turn|250
|
|t:|1596696444
|switch|p1a: Toxapex|Toxapex, M, shiny|50/100
|move|p2a: Amoonguss|Giga Drain|p1a: Toxapex
|-damage|p1a: Toxapex|31/100
|-heal|p2a: Amoonguss|97/100|[from] drain|[of] p1a: Toxapex
|
|upkeep
|turn|251
|
|t:|1596696450
|switch|p2a: Dragapult|Dragapult, F|88/100
|switch|p1a: Chansey|Chansey, F|74/100
|
|upkeep
|turn|252
|
|t:|1596696458
|move|p2a: Dragapult|Draco Meteor|p1a: Chansey
|-damage|p1a: Chansey|44/100
|-unboost|p2a: Dragapult|spa|2
|move|p1a: Chansey|Soft-Boiled|p1a: Chansey
|-heal|p1a: Chansey|94/100
|
|upkeep
|turn|253
|
|t:|1596696462
|switch|p2a: Amoonguss|Amoonguss, M|100/100
|move|p1a: Chansey|Stealth Rock|p2a: Amoonguss
|-sidestart|p2: LT71LX Cena|move: Stealth Rock
|
|upkeep
|turn|254
|
|t:|1596696466
|switch|p1a: Toxapex|Toxapex, M, shiny|64/100
|move|p2a: Amoonguss|Toxic|p1a: Toxapex
|-immune|p1a: Toxapex
|
|upkeep
|turn|255
|
|t:|1596696469
|switch|p2a: Blissey|Blissey, F|67/100
|-damage|p2a: Blissey|55/100|[from] Stealth Rock
|switch|p1a: Chansey|Chansey, F|94/100
|
|upkeep
|turn|256
|c| csrsdf|regenertor and health recovery eliminates the use of ur brain
|
|t:|1596696474
|move|p2a: Blissey|Stealth Rock|p1a: Chansey
|-sidestart|p1: Q114|move: Stealth Rock
|move|p1a: Chansey|Toxic|p2a: Blissey
|-status|p2a: Blissey|tox
|
|-damage|p2a: Blissey|49/100 tox|[from] psn
|upkeep
|turn|257
|
|t:|1596696480
|switch|p1a: Toxapex|Toxapex, M, shiny|97/100
|-damage|p1a: Toxapex|85/100|[from] Stealth Rock
|move|p2a: Blissey|Soft-Boiled|p2a: Blissey
|-heal|p2a: Blissey|99/100 tox
|
|-damage|p2a: Blissey|87/100 tox|[from] psn
|upkeep
|turn|258
|c| csrsdf|just click it and switch out
|
|t:|1596696487
|-curestatus|p2a: Blissey|tox|[from] ability: Natural Cure
|switch|p2a: Amoonguss|Amoonguss, M|100/100
|-damage|p2a: Amoonguss|88/100|[from] Stealth Rock
|move|p1a: Toxapex|Knock Off|p2a: Amoonguss
|-damage|p2a: Amoonguss|81/100
|
|upkeep
|turn|259
|
|t:|1596696494
|switch|p2a: Blissey|Blissey, F|87/100
|-damage|p2a: Blissey|74/100|[from] Stealth Rock
|move|p1a: Toxapex|Scald|p2a: Blissey
|-damage|p2a: Blissey|69/100
|
|upkeep
|turn|260
|
|t:|1596696498
|move|p2a: Blissey|Seismic Toss|p1a: Toxapex
|-damage|p1a: Toxapex|52/100
|move|p1a: Toxapex|Toxic Spikes|p2a: Blissey
|-sidestart|p2: LT71LX Cena|move: Toxic Spikes
|
|upkeep
|turn|261
|
|t:|1596696502
|move|p2a: Blissey|Seismic Toss|p1a: Toxapex
|-damage|p1a: Toxapex|19/100
|move|p1a: Toxapex|Recover|p1a: Toxapex
|-heal|p1a: Toxapex|69/100
|
|upkeep
|turn|262
|
|t:|1596696505
|move|p2a: Blissey|Seismic Toss|p1a: Toxapex
|-damage|p1a: Toxapex|36/100
|move|p1a: Toxapex|Recover|p1a: Toxapex
|-heal|p1a: Toxapex|86/100
|
|upkeep
|turn|263
|
|t:|1596696508
|move|p1a: Toxapex|Knock Off|p2a: Blissey
|-damage|p2a: Blissey|59/100
|move|p2a: Blissey|Teleport|p2a: Blissey
|c| csrsdf|how can this game be like this
|
|t:|1596696511
|switch|p2a: Amoonguss|Amoonguss, M|100/100|[from]move: Teleport
|-sideend|p2: LT71LX Cena|move: Toxic Spikes|[of] p2a: Amoonguss
|-damage|p2a: Amoonguss|88/100|[from] Stealth Rock
|
|upkeep
|turn|264
|c| csrsdf|why]
|
|t:|1596696516
|move|p2a: Amoonguss|Giga Drain|p1a: Toxapex
|-damage|p1a: Toxapex|66/100
|-heal|p2a: Amoonguss|95/100|[from] drain|[of] p1a: Toxapex
|move|p1a: Toxapex|Toxic Spikes|p2a: Amoonguss
|-sidestart|p2: LT71LX Cena|move: Toxic Spikes
|
|upkeep
|turn|265
|
|t:|1596696522
|move|p2a: Amoonguss|Giga Drain|p1a: Toxapex
|-damage|p1a: Toxapex|48/100
|-heal|p2a: Amoonguss|100/100|[from] drain|[of] p1a: Toxapex
|move|p1a: Toxapex|Knock Off|p2a: Amoonguss
|-damage|p2a: Amoonguss|92/100
|
|upkeep
|turn|266
|c| csrsdf|look at that this shit
|
|t:|1596696526
|switch|p1a: Chansey|Chansey, F|94/100
|-damage|p1a: Chansey|82/100|[from] Stealth Rock
|move|p2a: Amoonguss|Giga Drain|p1a: Chansey
|-damage|p1a: Chansey|75/100
|-heal|p2a: Amoonguss|97/100|[from] drain|[of] p1a: Chansey
|
|upkeep
|turn|267
|
|t:|1596696532
|switch|p2a: Blissey|Blissey, F|59/100
|-status|p2a: Blissey|psn
|-damage|p2a: Blissey|47/100 psn|[from] Stealth Rock
|move|p1a: Chansey|Seismic Toss|p2a: Blissey
|-damage|p2a: Blissey|33/100 psn
|
|-damage|p2a: Blissey|20/100 psn|[from] psn
|upkeep
|turn|268
|
|t:|1596696539
|-curestatus|p2a: Blissey|psn|[from] ability: Natural Cure
|switch|p2a: Amoonguss|Amoonguss, M|100/100
|-sideend|p2: LT71LX Cena|move: Toxic Spikes|[of] p2a: Amoonguss
|-damage|p2a: Amoonguss|88/100|[from] Stealth Rock
|move|p1a: Chansey|Soft-Boiled|p1a: Chansey
|-heal|p1a: Chansey|100/100
|
|upkeep
|turn|269
|-message|LT71LX Cena forfeited.
|
|win|Q114
|c| csrsdf|it unreal
|l|☆LT71LX Cena
|raw|Q114's rating: 1701 &rarr; <strong>1722</strong><br />(+21 for winning)
|raw|LT71LX Cena's rating: 1716 &rarr; <strong>1695</strong><br />(-21 for losing)
|l| mekane
|l| bbears_poke
|l|☆Q114
|l| csrsdf
|j| Commander F
