|j|☆yeeeeeeet
|j|☆Q114
|player|p1|yeeeeeeet|253|1570
|player|p2|Q114|169|1695
|teamsize|p1|6
|teamsize|p2|6
|gametype|singles
|gen|8
|tier|[Gen 8] OU
|rated|
|html|<div class="broadcast-blue"><strong>OU is currently suspecting Dracovish! For information on how to participate check out the <a href="https://www.smogon.com/forums/threads/3664521/">suspect thread</a>.</strong></div>
|clearpoke
|poke|p1|Accelgor, F|
|poke|p1|Ninetales-Alola, F|
|poke|p1|Mew|
|poke|p1|Cloyster, F|
|poke|p1|Zeraora|
|poke|p1|Conkeldurr, M|
|poke|p2|Toxapex, F|
|poke|p2|Ferrothorn, M|
|poke|p2|Seismitoad, F|
|poke|p2|Tyranitar, M|
|poke|p2|Clefable, F|
|poke|p2|Corviknight, F|
|rule|Sleep Clause Mod: Limit one foe put to sleep
|rule|Species Clause: Limit one of each Pokémon
|rule|OHKO Clause: OHKO moves are banned
|rule|Evasion Moves Clause: Evasion moves are banned
|rule|Endless Battle Clause: Forcing endless battles is banned
|rule|HP Percentage Mod: HP is shown in percentages
|rule|Dynamax Clause: You cannot dynamax
|teampreview
|
|start
|switch|p1a: Accelgor|Accelgor, F|100/100
|switch|p2a: Corviknight|Corviknight, F|100/100
|-ability|p2a: Corviknight|Pressure
|turn|1
|
|move|p1a: Accelgor|Spikes|p2a: Corviknight
|-sidestart|p2: Q114|Spikes
|move|p2a: Corviknight|Body Press|p1a: Accelgor
|-resisted|p1a: Accelgor
|-damage|p1a: Accelgor|76/100
|
|upkeep
|turn|2
|
|move|p1a: Accelgor|Spikes|p2a: Corviknight
|-sidestart|p2: Q114|Spikes
|move|p2a: Corviknight|Roost||[still]
|-fail|p2a: Corviknight|heal
|
|upkeep
|turn|3
|
|move|p1a: Accelgor|Final Gambit|p2a: Corviknight
|-damage|p2a: Corviknight|32/100
|faint|p1a: Accelgor
|move|p2a: Corviknight|Roost|p2a: Corviknight
|-heal|p2a: Corviknight|82/100
|-singleturn|p2a: Corviknight|move: Roost
|
|upkeep
|
|switch|p1a: Zeraora|Zeraora|100/100
|turn|4
|
|move|p1a: Zeraora|Knock Off|p2a: Corviknight
|-damage|p2a: Corviknight|63/100
|-damage|p1a: Zeraora|84/100|[from] item: Rocky Helmet|[of] p2a: Corviknight
|-enditem|p2a: Corviknight|Rocky Helmet|[from] move: Knock Off|[of] p1a: Zeraora
|move|p2a: Corviknight|Defog|p1a: Zeraora
|-unboost|p1a: Zeraora|evasion|1
|-sideend|p2: Q114|Spikes|[from] move: Defog|[of] p2a: Corviknight
|
|-heal|p1a: Zeraora|90/100|[from] item: Leftovers
|upkeep
|turn|5
|
|switch|p2a: Toxapex|Toxapex, F|100/100
|move|p1a: Zeraora|Knock Off|p2a: Toxapex
|-damage|p2a: Toxapex|82/100
|-enditem|p2a: Toxapex|Black Sludge|[from] move: Knock Off|[of] p1a: Zeraora
|
|-heal|p1a: Zeraora|96/100|[from] item: Leftovers
|upkeep
|turn|6
|
|switch|p1a: Ninetales|Ninetales-Alola, F|100/100
|-weather|Hail|[from] ability: Snow Warning|[of] p1a: Ninetales
|move|p2a: Toxapex|Toxic Spikes|p1a: Ninetales
|-sidestart|p1: yeeeeeeet|move: Toxic Spikes
|
|-weather|Hail|[upkeep]
|-damage|p2a: Toxapex|76/100|[from] Hail
|upkeep
|turn|7
|
|switch|p1a: Conkeldurr|Conkeldurr, M|100/100
|-status|p1a: Conkeldurr|psn
|switch|p2a: Tyranitar|Tyranitar, M|100/100
|-weather|Sandstorm|[from] ability: Sand Stream|[of] p2a: Tyranitar
|
|-weather|Sandstorm|[upkeep]
|-damage|p1a: Conkeldurr|95/100 psn|[from] Sandstorm
|-damage|p1a: Conkeldurr|82/100 psn|[from] psn
|upkeep
|turn|8
|
|switch|p2a: Corviknight|Corviknight, F|63/100
|-ability|p2a: Corviknight|Pressure
|move|p1a: Conkeldurr|Earthquake|p2a: Corviknight
|-immune|p2a: Corviknight
|
|-weather|Sandstorm|[upkeep]
|-damage|p1a: Conkeldurr|76/100 psn|[from] Sandstorm
|-damage|p1a: Conkeldurr|64/100 psn|[from] psn
|upkeep
|turn|9
|
|switch|p2a: Clefable|Clefable, F|100/100
|move|p1a: Conkeldurr|Drain Punch|p2a: Clefable
|-resisted|p2a: Clefable
|-damage|p2a: Clefable|73/100
|-heal|p1a: Conkeldurr|79/100 psn|[from] drain|[of] p2a: Clefable
|
|-weather|Sandstorm|[upkeep]
|-damage|p1a: Conkeldurr|73/100 psn|[from] Sandstorm
|-damage|p2a: Clefable|67/100|[from] Sandstorm
|-heal|p2a: Clefable|73/100|[from] item: Leftovers
|-damage|p1a: Conkeldurr|61/100 psn|[from] psn
|upkeep
|turn|10
|
|move|p2a: Clefable|Protect|p2a: Clefable
|-singleturn|p2a: Clefable|Protect
|move|p1a: Conkeldurr|Earthquake|p2a: Clefable
|-activate|p2a: Clefable|move: Protect
|
|-weather|Sandstorm|[upkeep]
|-damage|p1a: Conkeldurr|55/100 psn|[from] Sandstorm
|-damage|p2a: Clefable|67/100|[from] Sandstorm
|-heal|p2a: Clefable|73/100|[from] item: Leftovers
|-damage|p1a: Conkeldurr|43/100 psn|[from] psn
|upkeep
|turn|11
|
|switch|p1a: Cloyster|Cloyster, F|100/100
|-status|p1a: Cloyster|psn
|switch|p2a: Toxapex|Toxapex, F|100/100
|
|-weather|none
|-damage|p1a: Cloyster|88/100 psn|[from] psn
|upkeep
|turn|12
|
|switch|p1a: Zeraora|Zeraora|96/100
|-status|p1a: Zeraora|psn
|move|p2a: Toxapex|Knock Off|p1a: Zeraora
|-damage|p1a: Zeraora|76/100 psn
|-enditem|p1a: Zeraora|Leftovers|[from] move: Knock Off|[of] p2a: Toxapex
|
|-damage|p1a: Zeraora|64/100 psn|[from] psn
|upkeep
|turn|13
|
|move|p1a: Zeraora|Plasma Fists|p2a: Toxapex
|-supereffective|p2a: Toxapex
|-damage|p2a: Toxapex|40/100
|-fieldactivate|move: Ion Deluge
|move|p2a: Toxapex|Scald|p1a: Zeraora
|-damage|p1a: Zeraora|41/100 psn
|
|-damage|p1a: Zeraora|29/100 psn|[from] psn
|upkeep
|turn|14
|
|switch|p2a: Corviknight|Corviknight, F|63/100
|-ability|p2a: Corviknight|Pressure
|move|p1a: Zeraora|Knock Off|p2a: Corviknight
|-damage|p2a: Corviknight|50/100
|
|-damage|p1a: Zeraora|16/100 psn|[from] psn
|upkeep
|turn|15
|
|switch|p2a: Seismitoad|Seismitoad, F|100/100
|move|p1a: Zeraora|Plasma Fists|p2a: Seismitoad
|-immune|p2a: Seismitoad
|
|-damage|p1a: Zeraora|4/100 psn|[from] psn
|upkeep
|turn|16
|
|switch|p2a: Corviknight|Corviknight, F|50/100
|-ability|p2a: Corviknight|Pressure
|move|p1a: Zeraora|Plasma Fists|p2a: Corviknight
|-supereffective|p2a: Corviknight
|-damage|p2a: Corviknight|0 fnt
|-fieldactivate|move: Ion Deluge
|faint|p2a: Corviknight
|
|-damage|p1a: Zeraora|0 fnt|[from] psn
|faint|p1a: Zeraora
|upkeep
|j| HeavenStar
|
|switch|p1a: Ninetales|Ninetales-Alola, F|100/100
|switch|p2a: Clefable|Clefable, F|73/100
|-status|p1a: Ninetales|psn
|-weather|Hail|[from] ability: Snow Warning|[of] p1a: Ninetales
|turn|17
|
|switch|p2a: Tyranitar|Tyranitar, M|100/100
|-weather|Sandstorm|[from] ability: Sand Stream|[of] p2a: Tyranitar
|move|p1a: Ninetales|Hypnosis|p2a: Tyranitar|[miss]
|-miss|p1a: Ninetales|p2a: Tyranitar
|
|-weather|Sandstorm|[upkeep]
|-damage|p1a: Ninetales|94/100 psn|[from] Sandstorm
|-damage|p1a: Ninetales|82/100 psn|[from] psn
|upkeep
|turn|18
|
|switch|p1a: Cloyster|Cloyster, F|88/100 psn
|move|p2a: Tyranitar|Stone Edge|p1a: Cloyster
|-supereffective|p1a: Cloyster
|-damage|p1a: Cloyster|10/100 psn
|
|-weather|Sandstorm|[upkeep]
|-damage|p1a: Cloyster|4/100 psn|[from] Sandstorm
|-damage|p1a: Cloyster|0 fnt|[from] psn
|faint|p1a: Cloyster
|upkeep
|
|switch|p1a: Conkeldurr|Conkeldurr, M|43/100 psn
|turn|19
|
|switch|p2a: Toxapex|Toxapex, F|74/100
|move|p1a: Conkeldurr|Earthquake|p2a: Toxapex
|-supereffective|p2a: Toxapex
|-damage|p2a: Toxapex|0 fnt
|faint|p2a: Toxapex
|
|-weather|Sandstorm|[upkeep]
|-damage|p1a: Conkeldurr|37/100 psn|[from] Sandstorm
|-damage|p1a: Conkeldurr|25/100 psn|[from] psn
|upkeep
|
|switch|p2a: Clefable|Clefable, F|73/100
|turn|20
|
|move|p2a: Clefable|Protect|p2a: Clefable
|-singleturn|p2a: Clefable|Protect
|move|p1a: Conkeldurr|Bulk Up|p1a: Conkeldurr
|-boost|p1a: Conkeldurr|atk|1
|-boost|p1a: Conkeldurr|def|1
|
|-weather|Sandstorm|[upkeep]
|-damage|p1a: Conkeldurr|19/100 psn|[from] Sandstorm
|-damage|p2a: Clefable|67/100|[from] Sandstorm
|-heal|p2a: Clefable|73/100|[from] item: Leftovers
|-damage|p1a: Conkeldurr|6/100 psn|[from] psn
|upkeep
|turn|21
|
|move|p1a: Conkeldurr|Earthquake|p2a: Clefable
|-damage|p2a: Clefable|29/100
|move|p2a: Clefable|Moonblast|p1a: Conkeldurr
|-supereffective|p1a: Conkeldurr
|-damage|p1a: Conkeldurr|0 fnt
|faint|p1a: Conkeldurr
|
|-weather|none
|-heal|p2a: Clefable|35/100|[from] item: Leftovers
|upkeep
|
|switch|p1a: Mew|Mew|100/100
|-status|p1a: Mew|psn
|turn|22
|
|switch|p2a: Tyranitar|Tyranitar, M|100/100
|-weather|Sandstorm|[from] ability: Sand Stream|[of] p2a: Tyranitar
|move|p1a: Mew|Cosmic Power|p1a: Mew
|-boost|p1a: Mew|def|1
|-boost|p1a: Mew|spd|1
|
|-weather|Sandstorm|[upkeep]
|-damage|p1a: Mew|94/100 psn|[from] Sandstorm
|-heal|p1a: Mew|100/100 psn|[from] item: Leftovers
|-damage|p1a: Mew|88/100 psn|[from] psn
|upkeep
|turn|23
|
|switch|p2a: Ferrothorn|Ferrothorn, M|100/100
|move|p1a: Mew|Body Press|p2a: Ferrothorn
|-supereffective|p2a: Ferrothorn
|-damage|p2a: Ferrothorn|42/100
|-damage|p1a: Mew|76/100 psn|[from] ability: Iron Barbs|[of] p2a: Ferrothorn
|
|-weather|Sandstorm|[upkeep]
|-damage|p1a: Mew|70/100 psn|[from] Sandstorm
|-heal|p1a: Mew|76/100 psn|[from] item: Leftovers
|-heal|p2a: Ferrothorn|48/100|[from] item: Leftovers
|-damage|p1a: Mew|63/100 psn|[from] psn
|upkeep
|turn|24
|
|switch|p2a: Seismitoad|Seismitoad, F|100/100
|move|p1a: Mew|Body Press|p2a: Seismitoad
|-crit|p2a: Seismitoad
|-damage|p2a: Seismitoad|56/100
|
|-weather|Sandstorm|[upkeep]
|-damage|p1a: Mew|57/100 psn|[from] Sandstorm
|-heal|p1a: Mew|63/100 psn|[from] item: Leftovers
|-heal|p2a: Seismitoad|62/100|[from] item: Leftovers
|-damage|p1a: Mew|51/100 psn|[from] psn
|upkeep
|turn|25
|
|move|p1a: Mew|Roost|p1a: Mew
|-heal|p1a: Mew|100/100 psn
|-singleturn|p1a: Mew|move: Roost
|move|p2a: Seismitoad|Knock Off|p1a: Mew
|-supereffective|p1a: Mew
|-damage|p1a: Mew|82/100 psn
|-enditem|p1a: Mew|Leftovers|[from] move: Knock Off|[of] p2a: Seismitoad
|
|-weather|Sandstorm|[upkeep]
|-damage|p1a: Mew|76/100 psn|[from] Sandstorm
|-heal|p2a: Seismitoad|68/100|[from] item: Leftovers
|-damage|p1a: Mew|63/100 psn|[from] psn
|upkeep
|turn|26
|
|move|p1a: Mew|Cosmic Power|p1a: Mew
|-boost|p1a: Mew|def|1
|-boost|p1a: Mew|spd|1
|move|p2a: Seismitoad|Knock Off|p1a: Mew
|-supereffective|p1a: Mew
|-damage|p1a: Mew|54/100 psn
|
|-weather|none
|-heal|p2a: Seismitoad|74/100|[from] item: Leftovers
|-damage|p1a: Mew|42/100 psn|[from] psn
|upkeep
|turn|27
|
|switch|p2a: Clefable|Clefable, F|35/100
|move|p1a: Mew|Roost|p1a: Mew
|-heal|p1a: Mew|92/100 psn
|-singleturn|p1a: Mew|move: Roost
|
|-heal|p2a: Clefable|41/100|[from] item: Leftovers
|-damage|p1a: Mew|79/100 psn|[from] psn
|upkeep
|turn|28
|
|move|p1a: Mew|Stored Power|p2a: Clefable
|-damage|p2a: Clefable|6/100
|move|p2a: Clefable|Wish|p2a: Clefable
|
|-heal|p2a: Clefable|12/100|[from] item: Leftovers
|-damage|p1a: Mew|67/100 psn|[from] psn
|upkeep
|turn|29
|
|move|p2a: Clefable|Protect|p2a: Clefable
|-singleturn|p2a: Clefable|Protect
|move|p1a: Mew|Cosmic Power|p1a: Mew
|-boost|p1a: Mew|def|1
|-boost|p1a: Mew|spd|1
|
|-heal|p2a: Clefable|62/100|[from] move: Wish|[wisher] Clefable
|-heal|p2a: Clefable|68/100|[from] item: Leftovers
|-damage|p1a: Mew|54/100 psn|[from] psn
|upkeep
|turn|30
|
|move|p1a: Mew|Roost|p1a: Mew
|-heal|p1a: Mew|100/100 psn
|-singleturn|p1a: Mew|move: Roost
|move|p2a: Clefable|Wish|p2a: Clefable
|
|-heal|p2a: Clefable|74/100|[from] item: Leftovers
|-damage|p1a: Mew|88/100 psn|[from] psn
|upkeep
|turn|31
|
|switch|p2a: Ferrothorn|Ferrothorn, M|48/100
|move|p1a: Mew|Cosmic Power|p1a: Mew
|-boost|p1a: Mew|def|1
|-boost|p1a: Mew|spd|1
|
|-heal|p2a: Ferrothorn|100/100|[from] move: Wish|[wisher] Clefable
|-damage|p1a: Mew|76/100 psn|[from] psn
|upkeep
|turn|32
|
|move|p1a: Mew|Body Press|p2a: Ferrothorn
|-supereffective|p2a: Ferrothorn
|-damage|p2a: Ferrothorn|0 fnt
|-damage|p1a: Mew|63/100 psn|[from] ability: Iron Barbs|[of] p2a: Ferrothorn
|faint|p2a: Ferrothorn
|
|-damage|p1a: Mew|51/100 psn|[from] psn
|upkeep
|
|switch|p2a: Clefable|Clefable, F|74/100
|turn|33
|
|move|p1a: Mew|Roost|p1a: Mew
|-heal|p1a: Mew|100/100 psn
|-singleturn|p1a: Mew|move: Roost
|move|p2a: Clefable|Moonblast|p1a: Mew
|-damage|p1a: Mew|71/100 psn
|
|-heal|p2a: Clefable|80/100|[from] item: Leftovers
|-damage|p1a: Mew|59/100 psn|[from] psn
|upkeep
|turn|34
|
|move|p1a: Mew|Roost|p1a: Mew
|-heal|p1a: Mew|100/100 psn
|-singleturn|p1a: Mew|move: Roost
|move|p2a: Clefable|Moonblast|p1a: Mew
|-damage|p1a: Mew|73/100 psn
|
|-heal|p2a: Clefable|87/100|[from] item: Leftovers
|-damage|p1a: Mew|60/100 psn|[from] psn
|upkeep
|turn|35
|
|move|p1a: Mew|Cosmic Power|p1a: Mew
|-boost|p1a: Mew|def|1
|-boost|p1a: Mew|spd|1
|move|p2a: Clefable|Moonblast|p1a: Mew
|-damage|p1a: Mew|30/100 psn
|
|-heal|p2a: Clefable|93/100|[from] item: Leftovers
|-damage|p1a: Mew|17/100 psn|[from] psn
|upkeep
|turn|36
|
|move|p1a: Mew|Roost|p1a: Mew
|-heal|p1a: Mew|67/100 psn
|-singleturn|p1a: Mew|move: Roost
|move|p2a: Clefable|Moonblast|p1a: Mew
|-damage|p1a: Mew|41/100 psn
|
|-heal|p2a: Clefable|99/100|[from] item: Leftovers
|-damage|p1a: Mew|29/100 psn|[from] psn
|upkeep
|turn|37
|
|move|p1a: Mew|Roost|p1a: Mew
|-heal|p1a: Mew|79/100 psn
|-singleturn|p1a: Mew|move: Roost
|move|p2a: Clefable|Moonblast|p1a: Mew
|-damage|p1a: Mew|51/100 psn
|
|-heal|p2a: Clefable|100/100|[from] item: Leftovers
|-damage|p1a: Mew|38/100 psn|[from] psn
|upkeep
|turn|38
|
|move|p1a: Mew|Roost|p1a: Mew
|-heal|p1a: Mew|88/100 psn
|-singleturn|p1a: Mew|move: Roost
|move|p2a: Clefable|Moonblast|p1a: Mew
|-damage|p1a: Mew|58/100 psn
|
|-damage|p1a: Mew|46/100 psn|[from] psn
|upkeep
|turn|39
|
|move|p1a: Mew|Roost|p1a: Mew
|-heal|p1a: Mew|96/100 psn
|-singleturn|p1a: Mew|move: Roost
|move|p2a: Clefable|Moonblast|p1a: Mew
|-damage|p1a: Mew|69/100 psn
|
|-damage|p1a: Mew|57/100 psn|[from] psn
|upkeep
|turn|40
|
|move|p1a: Mew|Stored Power|p2a: Clefable
|-damage|p2a: Clefable|34/100
|move|p2a: Clefable|Moonblast|p1a: Mew
|-damage|p1a: Mew|29/100 psn
|-unboost|p1a: Mew|spa|1
|
|-heal|p2a: Clefable|40/100|[from] item: Leftovers
|-damage|p1a: Mew|17/100 psn|[from] psn
|upkeep
|turn|41
|
|move|p1a: Mew|Roost|p1a: Mew
|-heal|p1a: Mew|67/100 psn
|-singleturn|p1a: Mew|move: Roost
|move|p2a: Clefable|Moonblast|p1a: Mew
|-damage|p1a: Mew|39/100 psn
|
|-heal|p2a: Clefable|46/100|[from] item: Leftovers
|-damage|p1a: Mew|26/100 psn|[from] psn
|upkeep
|turn|42
|
|move|p1a: Mew|Stored Power|p2a: Clefable
|-damage|p2a: Clefable|0 fnt
|faint|p2a: Clefable
|
|-damage|p1a: Mew|14/100 psn|[from] psn
|upkeep
|
|switch|p2a: Tyranitar|Tyranitar, M|100/100
|-weather|Sandstorm|[from] ability: Sand Stream|[of] p2a: Tyranitar
|turn|43
|
|switch|p2a: Seismitoad|Seismitoad, F|74/100
|move|p1a: Mew|Roost|p1a: Mew
|-heal|p1a: Mew|64/100 psn
|-singleturn|p1a: Mew|move: Roost
|
|-weather|Sandstorm|[upkeep]
|-damage|p1a: Mew|58/100 psn|[from] Sandstorm
|-heal|p2a: Seismitoad|80/100|[from] item: Leftovers
|-damage|p1a: Mew|45/100 psn|[from] psn
|upkeep
|turn|44
|
|move|p1a: Mew|Roost|p1a: Mew
|-heal|p1a: Mew|95/100 psn
|-singleturn|p1a: Mew|move: Roost
|move|p2a: Seismitoad|Knock Off|p1a: Mew
|-supereffective|p1a: Mew
|-damage|p1a: Mew|90/100 psn
|
|-weather|Sandstorm|[upkeep]
|-damage|p1a: Mew|84/100 psn|[from] Sandstorm
|-heal|p2a: Seismitoad|86/100|[from] item: Leftovers
|-damage|p1a: Mew|72/100 psn|[from] psn
|upkeep
|turn|45
|
|move|p1a: Mew|Cosmic Power|p1a: Mew
|-boost|p1a: Mew|def|1
|-boost|p1a: Mew|spd|1
|move|p2a: Seismitoad|Knock Off|p1a: Mew
|-supereffective|p1a: Mew
|-damage|p1a: Mew|66/100 psn
|
|-weather|Sandstorm|[upkeep]
|-damage|p1a: Mew|60/100 psn|[from] Sandstorm
|-heal|p2a: Seismitoad|92/100|[from] item: Leftovers
|-damage|p1a: Mew|48/100 psn|[from] psn
|upkeep
|turn|46
|inactive|Battle timer is ON: inactive players will automatically lose when time's up. (requested by yeeeeeeet)
|inactive|Q114 has 120 seconds left.
|inactive|Q114 has 90 seconds left.
|inactive|Q114 has 60 seconds left.
|inactive|Q114 has 30 seconds left.
|inactive|Q114 has 20 seconds left.
|inactive|Q114 has 15 seconds left.
|inactive|Q114 has 10 seconds left.
|inactive|Q114 has 5 seconds left.
|c|☆yeeeeeeet|freelo
|-message|Q114 lost due to inactivity.
|
|win|yeeeeeeet
|raw|yeeeeeeet's rating: 1570 &rarr; <strong>1597</strong><br />(+27 for winning)
|raw|Q114's rating: 1695 &rarr; <strong>1668</strong><br />(-27 for losing)
|c|☆yeeeeeeet|120 points higher and a sore loser lmao
