|j|☆legitteambuilder
|j|☆m9s
|t:|1653399001
|gametype|singles
|player|p1|legitteambuilder|lance|1540
|player|p2|m9s|169|1482
|teamsize|p1|6
|teamsize|p2|6
|gen|8
|tier|[Gen 8] OU
|rated|
|rule|Sleep Clause Mod: Limit one foe put to sleep
|rule|Species Clause: Limit one of each Pokémon
|rule|OHKO Clause: OHKO moves are banned
|rule|Evasion Moves Clause: Evasion moves are banned
|rule|Endless Battle Clause: Forcing endless battles is banned
|rule|HP Percentage Mod: HP is shown in percentages
|rule|Dynamax Clause: You cannot dynamax
|clearpoke
|poke|p1|Ferrothorn, M|
|poke|p1|Necrozma|
|poke|p1|Moltres-Galar|
|poke|p1|Garchomp, M|
|poke|p1|Tapu Fini|
|poke|p1|Blaziken, F|
|poke|p2|Ninetales-Alola, M|
|poke|p2|Rillaboom, M|
|poke|p2|Garchomp, F|
|poke|p2|Alakazam, F|
|poke|p2|Dragapult, F|
|poke|p2|Hawlucha, M|
|teampreview
|
|t:|1653399009
|start
|switch|p1a: Venus|Tapu Fini|100/100
|switch|p2a: Garchomp|Garchomp, F|100/100
|-fieldstart|move: Misty Terrain|[from] ability: Misty Surge|[of] p1a: Venus
|turn|1
|
|t:|1653399014
|switch|p2a: Ninetales|Ninetales-Alola, M|100/100
|-weather|Hail|[from] ability: Snow Warning|[of] p2a: Ninetales
|move|p1a: Venus|Moonblast|p2a: Ninetales
|-damage|p2a: Ninetales|61/100
|
|-weather|Hail|[upkeep]
|-damage|p1a: Venus|94/100|[from] Hail
|upkeep
|turn|2
|
|t:|1653399020
|move|p1a: Venus|Moonblast|p2a: Ninetales
|-damage|p2a: Ninetales|22/100
|move|p2a: Ninetales|Aurora Veil|p2a: Ninetales
|-sidestart|p2: m9s|move: Aurora Veil
|
|-weather|Hail|[upkeep]
|-damage|p1a: Venus|88/100|[from] Hail
|upkeep
|turn|3
|
|t:|1653399032
|switch|p1a: Bella Thorn|Ferrothorn, M, shiny|100/100
|move|p2a: Ninetales|Freeze-Dry|p1a: Bella Thorn
|-damage|p1a: Bella Thorn|83/100
|
|-weather|Hail|[upkeep]
|-damage|p1a: Bella Thorn|77/100|[from] Hail
|-heal|p1a: Bella Thorn|83/100|[from] item: Leftovers
|upkeep
|turn|4
|
|t:|1653399037
|switch|p2a: Alakazam|Alakazam, F|100/100
|move|p1a: Bella Thorn|Leech Seed|p2a: Alakazam
|-start|p2a: Alakazam|move: Leech Seed
|
|-weather|Hail|[upkeep]
|-damage|p1a: Bella Thorn|77/100|[from] Hail
|-heal|p1a: Bella Thorn|83/100|[from] item: Leftovers
|upkeep
|turn|5
|
|t:|1653399068
|switch|p1a: Jean Grey|Moltres-Galar|100/100
|move|p2a: Alakazam|Nasty Plot|p2a: Alakazam
|-boost|p2a: Alakazam|spa|2
|
|-weather|none
|-fieldend|Misty Terrain
|upkeep
|turn|6
|
|t:|1653399074
|move|p2a: Alakazam|Focus Blast|p1a: Jean Grey
|-crit|p1a: Jean Grey
|-damage|p1a: Jean Grey|0 fnt
|faint|p1a: Jean Grey
|
|upkeep
|
|t:|1653399087
|switch|p1a: Prophet|Necrozma, shiny|100/100
|turn|7
|
|t:|1653399090
|move|p2a: Alakazam|Shadow Ball|p1a: Prophet
|-supereffective|p1a: Prophet
|-damage|p1a: Prophet|0 fnt
|faint|p1a: Prophet
|
|upkeep
|
|t:|1653399094
|switch|p1a: Garchomp|Garchomp, M|100/100
|turn|8
|
|t:|1653399096
|move|p2a: Alakazam|Focus Blast|p1a: Garchomp
|-damage|p1a: Garchomp|13/100
|move|p1a: Garchomp|Earthquake|p2a: Alakazam
|-damage|p2a: Alakazam|37/100
|
|-heal|p1a: Garchomp|19/100|[from] item: Leftovers
|upkeep
|turn|9
|
|t:|1653399101
|move|p2a: Alakazam|Shadow Ball|p1a: Garchomp
|-damage|p1a: Garchomp|0 fnt
|faint|p1a: Garchomp
|
|-sideend|p2: m9s|move: Aurora Veil
|upkeep
|
|t:|1653399103
|switch|p1a: Venus|Tapu Fini|88/100
|-fieldstart|move: Misty Terrain|[from] ability: Misty Surge|[of] p1a: Venus
|turn|10
|
|t:|1653399105
|move|p1a: Venus|Moonblast|p2a: Alakazam
|-damage|p2a: Alakazam|0 fnt
|faint|p2a: Alakazam
|
|upkeep
|
|t:|1653399109
|switch|p2a: Rillaboom|Rillaboom, M|100/100
|-fieldstart|move: Grassy Terrain|[from] ability: Grassy Surge|[of] p2a: Rillaboom
|turn|11
|
|t:|1653399113
|switch|p1a: Bella Thorn|Ferrothorn, M, shiny|83/100
|move|p2a: Rillaboom|Swords Dance|p2a: Rillaboom
|-boost|p2a: Rillaboom|atk|2
|
|-heal|p1a: Bella Thorn|89/100|[from] Grassy Terrain
|-heal|p1a: Bella Thorn|95/100|[from] item: Leftovers
|upkeep
|turn|12
|
|t:|1653399116
|move|p2a: Rillaboom|Superpower|p1a: Bella Thorn
|-supereffective|p1a: Bella Thorn
|-damage|p1a: Bella Thorn|0 fnt
|-unboost|p2a: Rillaboom|atk|1
|-unboost|p2a: Rillaboom|def|1
|-damage|p2a: Rillaboom|88/100|[from] ability: Iron Barbs|[of] p1a: Bella Thorn
|faint|p1a: Bella Thorn
|-damage|p2a: Rillaboom|78/100|[from] item: Life Orb
|
|-heal|p2a: Rillaboom|84/100|[from] Grassy Terrain
|upkeep
|
|t:|1653399123
|switch|p1a: ChickenOnABalloon|Blaziken, F|100/100
|-item|p1a: ChickenOnABalloon|Air Balloon
|turn|13
|
|t:|1653399133
|switch|p2a: Hawlucha|Hawlucha, M|100/100
|-enditem|p2a: Hawlucha|Grassy Seed
|-boost|p2a: Hawlucha|def|1|[from] item: Grassy Seed
|move|p1a: ChickenOnABalloon|Close Combat|p2a: Hawlucha
|-resisted|p2a: Hawlucha
|-damage|p2a: Hawlucha|74/100
|-unboost|p1a: ChickenOnABalloon|def|1
|-unboost|p1a: ChickenOnABalloon|spd|1
|
|-ability|p1a: ChickenOnABalloon|Speed Boost|boost
|-boost|p1a: ChickenOnABalloon|spe|1
|upkeep
|turn|14
|
|t:|1653399138
|move|p2a: Hawlucha|Swords Dance|p2a: Hawlucha
|-boost|p2a: Hawlucha|atk|2
|move|p1a: ChickenOnABalloon|Flare Blitz|p2a: Hawlucha
|-damage|p2a: Hawlucha|18/100
|-damage|p1a: ChickenOnABalloon|83/100|[from] Recoil
|
|-ability|p1a: ChickenOnABalloon|Speed Boost|boost
|-boost|p1a: ChickenOnABalloon|spe|1
|upkeep
|turn|15
|-message|legitteambuilder forfeited.
|
|win|m9s
|raw|legitteambuilder's rating: 1540 &rarr; <strong>1517</strong><br />(-23 for losing)
|raw|m9s's rating: 1482 &rarr; <strong>1505</strong><br />(+23 for winning)
|l|☆legitteambuilder
