|j|☆groundt
|j|☆OUTM FDYNAMAX
|player|p1|groundt|winona-gen3|1484
|player|p2|OUTM FDYNAMAX|2|1536
|teamsize|p1|6
|teamsize|p2|6
|gametype|singles
|gen|8
|tier|[Gen 8] OU
|rated|
|rule|Sleep Clause Mod: Limit one foe put to sleep
|rule|Species Clause: Limit one of each Pokémon
|rule|OHKO Clause: OHKO moves are banned
|rule|Evasion Moves Clause: Evasion moves are banned
|rule|Endless Battle Clause: Forcing endless battles is banned
|rule|HP Percentage Mod: HP is shown in percentages
|clearpoke
|poke|p1|Kommo-o, M|
|poke|p1|Dugtrio, F|
|poke|p1|Ferrothorn, F|
|poke|p1|Toxapex, M|
|poke|p1|Mandibuzz, F|
|poke|p1|Darmanitan-Galar, F|
|poke|p2|Ditto|
|poke|p2|Hydreigon, F|
|poke|p2|Bisharp, M|
|poke|p2|Cinderace, M|
|poke|p2|Corsola-Galar, M|
|poke|p2|Toxapex, M|
|teampreview
|inactive|Battle timer is ON: inactive players will automatically lose when time's up. (requested by groundt)
|
|start
|switch|p1a: Darmanitan|Darmanitan-Galar, F|100/100
|switch|p2a: Corsola|Corsola-Galar, M|100/100
|turn|1
|
|move|p1a: Darmanitan|U-turn|p2a: Corsola
|-resisted|p2a: Corsola
|-damage|p2a: Corsola|90/100
|
|switch|p1a: Toxapex|Toxapex, M|100/100|[from]move: U-turn
|move|p2a: Corsola|Will-O-Wisp|p1a: Toxapex|[miss]
|-miss|p2a: Corsola|p1a: Toxapex
|
|upkeep
|turn|2
|
|switch|p2a: Bisharp|Bisharp, M|100/100
|move|p1a: Toxapex|Scald|p2a: Bisharp
|-crit|p2a: Bisharp
|-damage|p2a: Bisharp|54/100
|
|upkeep
|turn|3
|
|move|p2a: Bisharp|Swords Dance|p2a: Bisharp
|-boost|p2a: Bisharp|atk|2
|move|p1a: Toxapex|Scald|p2a: Bisharp
|-crit|p2a: Bisharp
|-damage|p2a: Bisharp|10/100
|
|upkeep
|turn|4
|
|switch|p1a: Ferrothorn|Ferrothorn, F|100/100
|-start|p2a: Bisharp|Dynamax
|-heal|p2a: Bisharp|10/100|[silent]
|move|p2a: Bisharp|Max Darkness|p1a: Ferrothorn
|-damage|p1a: Ferrothorn|0 fnt
|faint|p1a: Ferrothorn
|
|upkeep
|
|switch|p1a: Dugtrio|Dugtrio, F|100/100
|turn|5
|
|move|p2a: Bisharp|Max Guard|p2a: Bisharp
|-singleturn|p2a: Bisharp|Max Guard
|move|p1a: Dugtrio|Earthquake|p2a: Bisharp
|-activate|p2a: Bisharp|move: Max Guard
|
|upkeep
|turn|6
|
|move|p2a: Bisharp|Max Guard||[still]
|-fail|p2a: Bisharp
|move|p1a: Dugtrio|Earthquake|p2a: Bisharp
|-supereffective|p2a: Bisharp
|-damage|p2a: Bisharp|0 fnt
|faint|p2a: Bisharp
|
|upkeep
|
|switch|p2a: Hydreigon|Hydreigon, F|100/100
|turn|7
|inactive|groundt has 120 seconds left.
|
|switch|p1a: Mandibuzz|Mandibuzz, F|100/100
|move|p2a: Hydreigon|Substitute|p2a: Hydreigon
|-start|p2a: Hydreigon|Substitute
|-damage|p2a: Hydreigon|76/100
|
|-heal|p2a: Hydreigon|82/100|[from] item: Leftovers
|upkeep
|turn|8
|
|move|p2a: Hydreigon|Nasty Plot|p2a: Hydreigon
|-boost|p2a: Hydreigon|spa|2
|move|p1a: Mandibuzz|U-turn|p2a: Hydreigon
|-supereffective|p2a: Hydreigon
|-end|p2a: Hydreigon|Substitute
|
|switch|p1a: Darmanitan|Darmanitan-Galar, F|100/100|[from]move: U-turn
|
|-heal|p2a: Hydreigon|88/100|[from] item: Leftovers
|upkeep
|turn|9
|
|switch|p2a: Toxapex|Toxapex, M|100/100
|move|p1a: Darmanitan|Icicle Crash|p2a: Toxapex
|-resisted|p2a: Toxapex
|-damage|p2a: Toxapex|75/100
|
|-heal|p2a: Toxapex|81/100|[from] item: Leftovers
|upkeep
|turn|10
|
|switch|p1a: Dugtrio|Dugtrio, F|100/100
|switch|p2a: Hydreigon|Hydreigon, F|88/100
|
|-heal|p2a: Hydreigon|94/100|[from] item: Leftovers
|upkeep
|turn|11
|
|switch|p1a: Mandibuzz|Mandibuzz, F|100/100
|move|p2a: Hydreigon|Nasty Plot|p2a: Hydreigon
|-boost|p2a: Hydreigon|spa|2
|
|-heal|p2a: Hydreigon|99/100|[from] item: Leftovers
|upkeep
|turn|12
|
|move|p2a: Hydreigon|Flash Cannon|p1a: Mandibuzz
|-damage|p1a: Mandibuzz|61/100
|move|p1a: Mandibuzz|U-turn|p2a: Hydreigon
|-supereffective|p2a: Hydreigon
|-damage|p2a: Hydreigon|75/100
|
|switch|p1a: Darmanitan|Darmanitan-Galar, F|100/100|[from]move: U-turn
|
|-heal|p2a: Hydreigon|81/100|[from] item: Leftovers
|upkeep
|turn|13
|
|switch|p2a: Toxapex|Toxapex, M|100/100
|move|p1a: Darmanitan|Icicle Crash|p2a: Toxapex
|-resisted|p2a: Toxapex
|-damage|p2a: Toxapex|77/100
|
|-heal|p2a: Toxapex|84/100|[from] item: Leftovers
|upkeep
|turn|14
|inactive|groundt has 120 seconds left.
|
|switch|p1a: Mandibuzz|Mandibuzz, F|61/100
|switch|p2a: Corsola|Corsola-Galar, M|90/100
|
|upkeep
|turn|15
|
|move|p1a: Mandibuzz|U-turn|p2a: Corsola
|-resisted|p2a: Corsola
|-damage|p2a: Corsola|87/100
|
|switch|p1a: Toxapex|Toxapex, M|100/100|[from]move: U-turn
|move|p2a: Corsola|Will-O-Wisp|p1a: Toxapex
|-status|p1a: Toxapex|brn
|
|-damage|p1a: Toxapex|95/100 brn|[from] brn
|upkeep
|turn|16
|inactive|groundt has 120 seconds left.
|
|switch|p2a: Toxapex|Toxapex, M|100/100
|move|p1a: Toxapex|Toxic|p2a: Toxapex
|-immune|p2a: Toxapex
|
|-damage|p1a: Toxapex|89/100 brn|[from] brn
|upkeep
|turn|17
|inactive|groundt has 120 seconds left.
|
|switch|p2a: Cinderace|Cinderace, M|100/100
|move|p1a: Toxapex|Scald|p2a: Cinderace
|-supereffective|p2a: Cinderace
|-damage|p2a: Cinderace|51/100
|
|-damage|p1a: Toxapex|83/100 brn|[from] brn
|upkeep
|turn|18
|inactive|groundt has 120 seconds left.
|
|move|p2a: Cinderace|U-turn|p1a: Toxapex
|-resisted|p1a: Toxapex
|-damage|p1a: Toxapex|76/100 brn
|-enditem|p1a: Toxapex|Eject Button
|
|switch|p1a: Dugtrio|Dugtrio, F|100/100
|
|upkeep
|turn|19
|
|move|p2a: Cinderace|Sucker Punch|p1a: Dugtrio
|-damage|p1a: Dugtrio|42/100
|move|p1a: Dugtrio|Earthquake|p2a: Cinderace
|-supereffective|p2a: Cinderace
|-damage|p2a: Cinderace|0 fnt
|faint|p2a: Cinderace
|
|upkeep
|
|switch|p2a: Hydreigon|Hydreigon, F|81/100
|turn|20
|
|switch|p1a: Mandibuzz|Mandibuzz, F|61/100
|move|p2a: Hydreigon|Flash Cannon|p1a: Mandibuzz
|-damage|p1a: Mandibuzz|43/100
|
|-heal|p2a: Hydreigon|87/100|[from] item: Leftovers
|upkeep
|turn|21
|
|move|p2a: Hydreigon|Nasty Plot|p2a: Hydreigon
|-boost|p2a: Hydreigon|spa|2
|move|p1a: Mandibuzz|Roost|p1a: Mandibuzz
|-heal|p1a: Mandibuzz|93/100
|-singleturn|p1a: Mandibuzz|move: Roost
|
|-heal|p2a: Hydreigon|93/100|[from] item: Leftovers
|upkeep
|turn|22
|
|move|p2a: Hydreigon|Flash Cannon|p1a: Mandibuzz
|-crit|p1a: Mandibuzz
|-damage|p1a: Mandibuzz|32/100
|move|p1a: Mandibuzz|U-turn|p2a: Hydreigon
|-supereffective|p2a: Hydreigon
|-crit|p2a: Hydreigon
|-damage|p2a: Hydreigon|55/100
|
|switch|p1a: Darmanitan|Darmanitan-Galar, F|100/100|[from]move: U-turn
|
|-heal|p2a: Hydreigon|61/100|[from] item: Leftovers
|upkeep
|turn|23
|l|☆groundt
|inactive|groundt disconnected and has a minute to reconnect!
|player|p1|
|j|☆groundt
|inactive|groundt reconnected and has 115 seconds left.
|player|p1|groundt|winona-gen3
|
|switch|p2a: Toxapex|Toxapex, M|100/100
|move|p1a: Darmanitan|U-turn|p2a: Toxapex
|-resisted|p2a: Toxapex
|-crit|p2a: Toxapex
|-damage|p2a: Toxapex|81/100
|
|switch|p1a: Dugtrio|Dugtrio, F|42/100|[from]move: U-turn
|
|-heal|p2a: Toxapex|87/100|[from] item: Leftovers
|upkeep
|turn|24
|
|move|p1a: Dugtrio|Earthquake|p2a: Toxapex
|-supereffective|p2a: Toxapex
|-damage|p2a: Toxapex|22/100
|move|p2a: Toxapex|Scald|p1a: Dugtrio
|-supereffective|p1a: Dugtrio
|-damage|p1a: Dugtrio|0 fnt
|faint|p1a: Dugtrio
|
|-heal|p2a: Toxapex|28/100|[from] item: Leftovers
|upkeep
|inactive|groundt has 120 seconds left.
|
|switch|p1a: Darmanitan|Darmanitan-Galar, F|100/100
|turn|25
|inactive|groundt has 120 seconds left.
|
|switch|p2a: Corsola|Corsola-Galar, M|87/100
|move|p1a: Darmanitan|U-turn|p2a: Corsola
|-resisted|p2a: Corsola
|-damage|p2a: Corsola|78/100
|inactive|groundt has 120 seconds left.
|
|switch|p1a: Kommo-o|Kommo-o, M|100/100|[from]move: U-turn
|
|upkeep
|turn|26
|inactive|groundt has 120 seconds left.
|
|move|p1a: Kommo-o|Clangorous Soul|p1a: Kommo-o
|-boost|p1a: Kommo-o|atk|1
|-boost|p1a: Kommo-o|def|1
|-boost|p1a: Kommo-o|spa|1
|-boost|p1a: Kommo-o|spd|1
|-boost|p1a: Kommo-o|spe|1
|-damage|p1a: Kommo-o|67/100
|-enditem|p1a: Kommo-o|Throat Spray
|-boost|p1a: Kommo-o|spa|1
|move|p2a: Corsola|Night Shade|p1a: Kommo-o
|-damage|p1a: Kommo-o|33/100
|
|upkeep
|turn|27
|inactive|groundt has 120 seconds left.
|inactive|OUTM FDYNAMAX has 120 seconds left.
|
|-start|p1a: Kommo-o|Dynamax
|-heal|p1a: Kommo-o|33/100|[silent]
|move|p1a: Kommo-o|Max Wyrmwind|p2a: Corsola
|-damage|p2a: Corsola|0 fnt
|faint|p2a: Corsola
|
|upkeep
|
|switch|p2a: Toxapex|Toxapex, M|62/100
|turn|28
|
|switch|p2a: Hydreigon|Hydreigon, F|61/100
|move|p1a: Kommo-o|Max Wyrmwind|p2a: Hydreigon
|-supereffective|p2a: Hydreigon
|-damage|p2a: Hydreigon|0 fnt
|faint|p2a: Hydreigon
|
|upkeep
|
|switch|p2a: Toxapex|Toxapex, M|95/100
|turn|29
|
|move|p1a: Kommo-o|Max Wyrmwind|p2a: Toxapex
|-damage|p2a: Toxapex|5/100
|-unboost|p2a: Toxapex|atk|1
|move|p2a: Toxapex|Recover|p2a: Toxapex
|-heal|p2a: Toxapex|55/100
|
|-heal|p2a: Toxapex|61/100|[from] item: Leftovers
|-end|p1a: Kommo-o|Dynamax
|-heal|p1a: Kommo-o|33/100|[silent]
|upkeep
|turn|30
|
|move|p1a: Kommo-o|Clanging Scales|p2a: Toxapex
|-damage|p2a: Toxapex|0 fnt
|-unboost|p1a: Kommo-o|def|1
|faint|p2a: Toxapex
|
|upkeep
|
|switch|p2a: Ditto|Ditto|100/100
|-transform|p2a: Ditto|p1a: Kommo-o|[from] ability: Imposter
|turn|31
|
|move|p2a: Ditto|Flash Cannon|p1a: Kommo-o
|-crit|p1a: Kommo-o
|-damage|p1a: Kommo-o|0 fnt
|faint|p1a: Kommo-o
|
|upkeep
|
|switch|p1a: Toxapex|Toxapex, M|100/100 brn
|turn|32
|
|move|p2a: Ditto|Flash Cannon|p1a: Toxapex
|-resisted|p1a: Toxapex
|-damage|p1a: Toxapex|83/100 brn
|move|p1a: Toxapex|Haze|p1a: Toxapex
|-clearallboost
|
|-damage|p1a: Toxapex|77/100 brn|[from] brn
|upkeep
|turn|33
|-message|OUTM FDYNAMAX forfeited.
|
|win|groundt
|l|☆OUTM FDYNAMAX
||Ladder (probably) updated, but score could not be retrieved (Response not received).
|error|Unexpected response null from ladder server.
