|raw|<div class="broadcast-blue"><strong>This battle is required to be public due to a player having a name starting with 'lt93oq'.</div>
|j|‽kinetic chain
|j|☆LT93OQ Eeveeolence
|t:|1660393547
|gametype|singles
|player|p1|kinetic chain|giovanni-gen1|1868
|player|p2|LT93OQ Eeveeolence|acetrainersnow|1832
|teamsize|p1|6
|teamsize|p2|6
|gen|8
|tier|[Gen 8] OU
|rated|
|rule|Sleep Clause Mod: Limit one foe put to sleep
|rule|Species Clause: Limit one of each Pokémon
|rule|OHKO Clause: OHKO moves are banned
|rule|Evasion Items Clause: Evasion items are banned
|rule|Evasion Moves Clause: Evasion moves are banned
|rule|Endless Battle Clause: Forcing endless battles is banned
|rule|HP Percentage Mod: HP is shown in percentages
|rule|Dynamax Clause: You cannot dynamax
|clearpoke
|poke|p1|Dragapult, F|
|poke|p1|Tapu Fini|
|poke|p1|Heatran, M|
|poke|p1|Landorus-Therian, M|
|poke|p1|Zapdos|
|poke|p1|Ferrothorn, F|
|poke|p2|Swampert, M|
|poke|p2|Landorus-Therian, M|
|poke|p2|Primarina, F|
|poke|p2|Scizor, M|
|poke|p2|Weavile, F|
|poke|p2|Zapdos|
|teampreview
|inactive|Battle timer is ON: inactive players will automatically lose when time's up. (requested by kinetic chain)
|j| fwdao
|j| hrtbrkn
|
|t:|1660393558
|start
|switch|p1a: Ferrothorn|Ferrothorn, F|100/100
|switch|p2a: Swampy|Swampert, M|100/100
|turn|1
|
|t:|1660393562
|move|p2a: Swampy|Superpower|p1a: Ferrothorn
|-supereffective|p1a: Ferrothorn
|-damage|p1a: Ferrothorn|38/100
|-unboost|p2a: Swampy|atk|1
|-unboost|p2a: Swampy|def|1
|-damage|p2a: Swampy|88/100|[from] ability: Iron Barbs|[of] p1a: Ferrothorn
|move|p1a: Ferrothorn|Knock Off|p2a: Swampy
|-damage|p2a: Swampy|55/100
|-enditem|p2a: Swampy|Choice Band|[from] move: Knock Off|[of] p1a: Ferrothorn
|
|-heal|p1a: Ferrothorn|44/100|[from] item: Leftovers
|upkeep
|turn|2
|
|t:|1660393567
|switch|p2a: Zapdosorio|Zapdos|100/100
|move|p1a: Ferrothorn|Stealth Rock|p2a: Zapdosorio
|-sidestart|p2: LT93OQ Eeveeolence|move: Stealth Rock
|
|-heal|p1a: Ferrothorn|50/100|[from] item: Leftovers
|upkeep
|turn|3
|j| gaopeng
|
|t:|1660393571
|switch|p1a: Heatran|Heatran, M|100/100
|move|p2a: Zapdosorio|Volt Switch|p1a: Heatran
|-damage|p1a: Heatran|65/100
|
|t:|1660393573
|switch|p2a: Landlord|Landorus-Therian, M|100/100|[from]move: Volt Switch
|-damage|p2a: Landlord|88/100|[from] Stealth Rock
|-ability|p2a: Landlord|Intimidate|boost
|-unboost|p1a: Heatran|atk|1
|
|-heal|p2a: Landlord|94/100|[from] item: Leftovers
|-heal|p1a: Heatran|71/100|[from] item: Leftovers
|upkeep
|turn|4
|
|t:|1660393577
|switch|p1a: Landorus|Landorus-Therian, M|100/100
|-ability|p1a: Landorus|Intimidate|boost
|-unboost|p2a: Landlord|atk|1
|move|p2a: Landlord|Defog|p1a: Landorus
|-unboost|p1a: Landorus|evasion|1
|-sideend|p2: LT93OQ Eeveeolence|Stealth Rock|[from] move: Defog|[of] p2a: Landlord
|
|-heal|p2a: Landlord|99/100|[from] item: Leftovers
|upkeep
|turn|5
|
|t:|1660393579
|move|p1a: Landorus|Toxic|p2a: Landlord
|-status|p2a: Landlord|tox
|move|p2a: Landlord|Toxic|p1a: Landorus
|-status|p1a: Landorus|tox
|
|-heal|p2a: Landlord|100/100 tox|[from] item: Leftovers
|-damage|p1a: Landorus|94/100 tox|[from] psn
|-damage|p2a: Landlord|94/100 tox|[from] psn
|upkeep
|turn|6
|
|t:|1660393582
|move|p1a: Landorus|U-turn|p2a: Landlord
|-resisted|p2a: Landlord
|-damage|p2a: Landlord|84/100 tox
|
|t:|1660393584
|switch|p1a: Ferrothorn|Ferrothorn, F|50/100|[from]move: U-turn
|move|p2a: Landlord|U-turn|p1a: Ferrothorn
|-damage|p1a: Ferrothorn|41/100
|-damage|p2a: Landlord|72/100 tox|[from] ability: Iron Barbs|[of] p1a: Ferrothorn
|j| Louna
|
|t:|1660393589
|switch|p2a: Zapdosorio|Zapdos|100/100|[from]move: U-turn
|
|-heal|p1a: Ferrothorn|47/100|[from] item: Leftovers
|upkeep
|turn|7
|j| just nimmemja
|j| Micciu20250
|
|t:|1660393593
|switch|p1a: Heatran|Heatran, M|71/100
|move|p2a: Zapdosorio|Hurricane|p1a: Heatran
|-resisted|p1a: Heatran
|-damage|p1a: Heatran|46/100
|-start|p1a: Heatran|confusion
|
|-heal|p1a: Heatran|53/100|[from] item: Leftovers
|upkeep
|turn|8
|j| zReptar
|j| LT93OQ Horikita ❤
|
|t:|1660393600
|switch|p2a: Swampy|Swampert, M|55/100
|-activate|p1a: Heatran|confusion
|move|p1a: Heatran|Magma Storm|p2a: Swampy
|-resisted|p2a: Swampy
|-damage|p2a: Swampy|31/100
|-activate|p2a: Swampy|move: Magma Storm|[of] p1a: Heatran
|
|-heal|p1a: Heatran|59/100|[from] item: Leftovers
|-damage|p2a: Swampy|19/100|[from] move: Magma Storm|[partiallytrapped]
|upkeep
|turn|9
|j| LT93OQ Block
|j| Emma Greene
|j| joeding
|j| Pond Fan Pee
|j| Mimikyu Stardust
|j| new meta is broken
|inactive|kinetic chain has 120 seconds left.
|
|t:|1660393639
|switch|p1a: Zapdos|Zapdos|100/100
|move|p2a: Swampy|Earthquake|p1a: Zapdos
|-immune|p1a: Zapdos
|
|-end|p2a: Swampy|Magma Storm|[partiallytrapped]|[silent]
|upkeep
|turn|10
|inactive|kinetic chain has 120 seconds left.
|
|t:|1660393646
|move|p1a: Zapdos|Heat Wave|p2a: Swampy
|-resisted|p2a: Swampy
|-damage|p2a: Swampy|0 fnt
|faint|p2a: Swampy
|
|upkeep
|
|t:|1660393650
|switch|p2a: Comaligna|Weavile, F|100/100
|-ability|p2a: Comaligna|Pressure
|turn|11
|
|t:|1660393656
|switch|p1a: Ferrothorn|Ferrothorn, F|47/100
|move|p2a: Comaligna|Knock Off|p1a: Ferrothorn
|-damage|p1a: Ferrothorn|6/100
|-damage|p2a: Comaligna|88/100|[from] ability: Iron Barbs|[of] p1a: Ferrothorn
|-enditem|p1a: Ferrothorn|Leftovers|[from] move: Knock Off|[of] p2a: Comaligna
|
|upkeep
|turn|12
|
|t:|1660393661
|move|p2a: Comaligna|Knock Off|p1a: Ferrothorn
|-damage|p1a: Ferrothorn|0 fnt
|-damage|p2a: Comaligna|76/100|[from] ability: Iron Barbs|[of] p1a: Ferrothorn
|faint|p1a: Ferrothorn
|
|upkeep
|
|t:|1660393676
|switch|p1a: Dragapult|Dragapult, F|100/100
|turn|13
|
|t:|1660393681
|switch|p2a: Ashirene|Primarina, F|100/100
|move|p1a: Dragapult|U-turn|p2a: Ashirene
|-resisted|p2a: Ashirene
|-damage|p2a: Ashirene|93/100
|-damage|p1a: Dragapult|84/100|[from] item: Rocky Helmet|[of] p2a: Ashirene
|
|t:|1660393685
|switch|p1a: Zapdos|Zapdos|100/100|[from]move: U-turn
|
|upkeep
|turn|14
|
|t:|1660393688
|switch|p2a: Landlord|Landorus-Therian, M|72/100 tox
|-ability|p2a: Landlord|Intimidate|boost
|-unboost|p1a: Zapdos|atk|1
|move|p1a: Zapdos|Hurricane|p2a: Landlord|[miss]
|-miss|p1a: Zapdos|p2a: Landlord
|
|-heal|p2a: Landlord|78/100 tox|[from] item: Leftovers
|-damage|p2a: Landlord|72/100 tox|[from] psn
|upkeep
|turn|15
|
|t:|1660393695
|move|p1a: Zapdos|Hurricane|p2a: Landlord|[miss]
|-miss|p1a: Zapdos|p2a: Landlord
|move|p2a: Landlord|U-turn|p1a: Zapdos
|-resisted|p1a: Zapdos
|-damage|p1a: Zapdos|86/100
|
|t:|1660393697
|switch|p2a: Comaligna|Weavile, F|76/100|[from]move: U-turn
|-ability|p2a: Comaligna|Pressure
|
|upkeep
|turn|16
|j| Agumons
|j| Alexlch
|
|t:|1660393724
|switch|p1a: Tapu Fini|Tapu Fini|100/100
|-fieldstart|move: Misty Terrain|[from] ability: Misty Surge|[of] p1a: Tapu Fini
|move|p2a: Comaligna|Knock Off|p1a: Tapu Fini
|-resisted|p1a: Tapu Fini
|-damage|p1a: Tapu Fini|77/100
|-enditem|p1a: Tapu Fini|Leftovers|[from] move: Knock Off|[of] p2a: Comaligna
|
|upkeep
|turn|17
|
|t:|1660393729
|switch|p2a: Sr. Recortes|Scizor, M|100/100
|move|p1a: Tapu Fini|Scald|p2a: Sr. Recortes
|-damage|p2a: Sr. Recortes|79/100
|
|upkeep
|turn|18
|
|t:|1660393733
|switch|p1a: Landorus|Landorus-Therian, M|94/100 tox
|-ability|p1a: Landorus|Intimidate|boost
|-unboost|p2a: Sr. Recortes|atk|1
|move|p2a: Sr. Recortes|U-turn|p1a: Landorus
|-resisted|p1a: Landorus
|-damage|p1a: Landorus|84/100 tox
|
|t:|1660393738
|switch|p2a: Comaligna|Weavile, F|76/100|[from]move: U-turn
|-ability|p2a: Comaligna|Pressure
|
|-heal|p1a: Landorus|91/100 tox|[from] item: Leftovers
|-damage|p1a: Landorus|84/100 tox|[from] psn
|upkeep
|turn|19
|
|t:|1660393742
|switch|p1a: Tapu Fini|Tapu Fini|77/100
|move|p2a: Comaligna|Triple Axel|p1a: Tapu Fini
|-resisted|p1a: Tapu Fini
|-damage|p1a: Tapu Fini|72/100
|-resisted|p1a: Tapu Fini
|-damage|p1a: Tapu Fini|62/100
|-resisted|p1a: Tapu Fini
|-crit|p1a: Tapu Fini
|-damage|p1a: Tapu Fini|39/100
|-hitcount|p1a: Tapu Fini|3
|
|upkeep
|turn|20
|
|t:|1660393747
|switch|p2a: Zapdosorio|Zapdos|100/100
|move|p1a: Tapu Fini|Scald|p2a: Zapdosorio
|-damage|p2a: Zapdosorio|68/100
|
|-fieldend|Misty Terrain
|upkeep
|turn|21
|j| LT93OQ Scary Hours
|
|t:|1660393751
|switch|p1a: Landorus|Landorus-Therian, M|84/100 tox
|-ability|p1a: Landorus|Intimidate|boost
|-unboost|p2a: Zapdosorio|atk|1
|move|p2a: Zapdosorio|Hurricane|p1a: Landorus
|-damage|p1a: Landorus|23/100 tox
|
|-heal|p1a: Landorus|29/100 tox|[from] item: Leftovers
|-damage|p1a: Landorus|23/100 tox|[from] psn
|upkeep
|turn|22
|
|t:|1660393757
|move|p2a: Zapdosorio|Hurricane|p1a: Landorus|[miss]
|-miss|p2a: Zapdosorio|p1a: Landorus
|move|p1a: Landorus|U-turn|p2a: Zapdosorio
|-resisted|p2a: Zapdosorio
|-damage|p2a: Zapdosorio|54/100
|
|t:|1660393761
|switch|p1a: Dragapult|Dragapult, F|84/100|[from]move: U-turn
|
|upkeep
|turn|23
|
|t:|1660393766
|switch|p2a: Sr. Recortes|Scizor, M|79/100
|move|p1a: Dragapult|Shadow Ball|p2a: Sr. Recortes
|-damage|p2a: Sr. Recortes|34/100
|
|upkeep
|turn|24
|
|t:|1660393769
|move|p2a: Sr. Recortes|Bullet Punch|p1a: Dragapult
|-damage|p1a: Dragapult|46/100
|move|p1a: Dragapult|Shadow Ball|p2a: Sr. Recortes
|-damage|p2a: Sr. Recortes|0 fnt
|faint|p2a: Sr. Recortes
|
|upkeep
|
|t:|1660393773
|switch|p2a: Comaligna|Weavile, F|76/100
|-ability|p2a: Comaligna|Pressure
|turn|25
|j| Musio
|
|t:|1660393778
|switch|p1a: Landorus|Landorus-Therian, M|23/100 tox
|-ability|p1a: Landorus|Intimidate|boost
|-unboost|p2a: Comaligna|atk|1
|move|p2a: Comaligna|Knock Off|p1a: Landorus
|-damage|p1a: Landorus|0 fnt
|-enditem|p1a: Landorus|Leftovers|[from] move: Knock Off|[of] p2a: Comaligna
|faint|p1a: Landorus
|
|upkeep
|
|t:|1660393792
|switch|p1a: Zapdos|Zapdos|86/100
|turn|26
|
|t:|1660393796
|switch|p2a: Landlord|Landorus-Therian, M|72/100 tox
|-ability|p2a: Landlord|Intimidate|boost
|-unboost|p1a: Zapdos|atk|1
|move|p1a: Zapdos|Hurricane|p2a: Landlord
|-damage|p2a: Landlord|30/100 tox
|
|-heal|p2a: Landlord|36/100 tox|[from] item: Leftovers
|-damage|p2a: Landlord|30/100 tox|[from] psn
|upkeep
|turn|27
|
|t:|1660393803
|move|p1a: Zapdos|Hurricane|p2a: Landlord
|-damage|p2a: Landlord|0 fnt
|faint|p2a: Landlord
|
|upkeep
|
|t:|1660393805
|switch|p2a: Zapdosorio|Zapdos|54/100
|turn|28
|
|t:|1660393808
|move|p1a: Zapdos|Volt Switch|p2a: Zapdosorio
|-damage|p2a: Zapdosorio|16/100
|l| Musio
|
|t:|1660393813
|switch|p1a: Heatran|Heatran, M|59/100|[from]move: Volt Switch
|move|p2a: Zapdosorio|Thunderbolt|p1a: Heatran
|-damage|p1a: Heatran|19/100
|
|-heal|p1a: Heatran|25/100|[from] item: Leftovers
|upkeep
|turn|29
|l| Mimikyu Stardust
|
|t:|1660393818
|move|p2a: Zapdosorio|Thunderbolt|p1a: Heatran
|-damage|p1a: Heatran|0 fnt
|faint|p1a: Heatran
|
|upkeep
|
|t:|1660393820
|switch|p1a: Dragapult|Dragapult, F|46/100
|turn|30
|
|t:|1660393822
|switch|p2a: Ashirene|Primarina, F|93/100
|move|p1a: Dragapult|Shadow Ball|p2a: Ashirene
|-damage|p2a: Ashirene|53/100
|-unboost|p2a: Ashirene|spd|1
|
|upkeep
|turn|31
|
|t:|1660393825
|switch|p2a: Comaligna|Weavile, F|76/100
|-ability|p2a: Comaligna|Pressure
|move|p1a: Dragapult|Shadow Ball|p2a: Comaligna
|-resisted|p2a: Comaligna
|-damage|p2a: Comaligna|40/100
|-unboost|p2a: Comaligna|spd|1
|
|upkeep
|turn|32
|
|t:|1660393844
|switch|p1a: Tapu Fini|Tapu Fini|39/100
|-fieldstart|move: Misty Terrain|[from] ability: Misty Surge|[of] p1a: Tapu Fini
|move|p2a: Comaligna|Ice Shard|p1a: Tapu Fini
|-resisted|p1a: Tapu Fini
|-damage|p1a: Tapu Fini|28/100
|
|upkeep
|turn|33
|
|t:|1660393854
|switch|p2a: Ashirene|Primarina, F|53/100
|move|p1a: Tapu Fini|Draining Kiss|p2a: Ashirene
|-damage|p2a: Ashirene|39/100
|-heal|p1a: Tapu Fini|39/100|[from] drain|[of] p2a: Ashirene
|-damage|p1a: Tapu Fini|22/100|[from] item: Rocky Helmet|[of] p2a: Ashirene
|
|upkeep
|turn|34
|
|t:|1660393861
|switch|p1a: Zapdos|Zapdos|86/100
|move|p2a: Ashirene|Moonblast|p1a: Zapdos
|-damage|p1a: Zapdos|38/100
|-unboost|p1a: Zapdos|spa|1
|
|upkeep
|turn|35
|j| Mrdin69
|
|t:|1660393864
|move|p1a: Zapdos|Volt Switch|p2a: Ashirene
|-supereffective|p2a: Ashirene
|-damage|p2a: Ashirene|3/100
|
|t:|1660393869
|switch|p1a: Tapu Fini|Tapu Fini|22/100|[from]move: Volt Switch
|move|p2a: Ashirene|Flip Turn|p1a: Tapu Fini
|-resisted|p1a: Tapu Fini
|-damage|p1a: Tapu Fini|14/100
|
|t:|1660393875
|switch|p2a: Zapdosorio|Zapdos|16/100|[from]move: Flip Turn
|
|upkeep
|turn|36
|
|t:|1660393885
|switch|p1a: Dragapult|Dragapult, F|46/100
|move|p2a: Zapdosorio|Volt Switch|p1a: Dragapult
|-resisted|p1a: Dragapult
|-damage|p1a: Dragapult|8/100
|
|t:|1660393890
|switch|p2a: Comaligna|Weavile, F|40/100|[from]move: Volt Switch
|-ability|p2a: Comaligna|Pressure
|
|-fieldend|Misty Terrain
|upkeep
|turn|37
|
|t:|1660393896
|switch|p1a: Zapdos|Zapdos|38/100
|move|p2a: Comaligna|Ice Shard|p1a: Zapdos
|-supereffective|p1a: Zapdos
|-damage|p1a: Zapdos|0 fnt
|faint|p1a: Zapdos
|
|upkeep
|
|t:|1660393897
|switch|p1a: Tapu Fini|Tapu Fini|14/100
|-fieldstart|move: Misty Terrain|[from] ability: Misty Surge|[of] p1a: Tapu Fini
|turn|38
|
|t:|1660393903
|switch|p2a: Ashirene|Primarina, F|3/100
|move|p1a: Tapu Fini|Calm Mind|p1a: Tapu Fini
|-boost|p1a: Tapu Fini|spa|1
|-boost|p1a: Tapu Fini|spd|1
|
|upkeep
|turn|39
|
|t:|1660393907
|move|p1a: Tapu Fini|Scald|p2a: Ashirene
|-resisted|p2a: Ashirene
|-damage|p2a: Ashirene|0 fnt
|faint|p2a: Ashirene
|
|upkeep
|
|t:|1660393909
|switch|p2a: Zapdosorio|Zapdos|16/100
|turn|40
|
|t:|1660393914
|move|p2a: Zapdosorio|Volt Switch|p1a: Tapu Fini
|-supereffective|p1a: Tapu Fini
|-damage|p1a: Tapu Fini|0 fnt
|faint|p1a: Tapu Fini
|
|t:|1660393916
|switch|p2a: Comaligna|Weavile, F|40/100|[from]move: Volt Switch
|-ability|p2a: Comaligna|Pressure
|
|upkeep
|-message|kinetic chain forfeited.
|
|win|LT93OQ Eeveeolence
|raw|kinetic chain's rating: 1868 &rarr; <strong>1846</strong><br />(-22 for losing)
|raw|LT93OQ Eeveeolence's rating: 1832 &rarr; <strong>1854</strong><br />(+22 for winning)
|l|‽kinetic chain
|l|☆LT93OQ Eeveeolence
