|j|☆Ncrt
|j|☆PQPP214
|t:|1645455105
|gametype|singles
|player|p1|Ncrt|266|1325
|player|p2|PQPP214|169|1405
|teamsize|p1|6
|teamsize|p2|6
|gen|8
|tier|[Gen 8] OU
|rated|
|rule|Sleep Clause Mod: Limit one foe put to sleep
|rule|Species Clause: Limit one of each Pokémon
|rule|OHKO Clause: OHKO moves are banned
|rule|Evasion Moves Clause: Evasion moves are banned
|rule|Endless Battle Clause: Forcing endless battles is banned
|rule|HP Percentage Mod: HP is shown in percentages
|rule|Dynamax Clause: You cannot dynamax
|clearpoke
|poke|p1|Kartana|
|poke|p1|Heatran, M|
|poke|p1|Tyranitar, F|
|poke|p1|Zapdos-Galar|
|poke|p1|Azelf|
|poke|p1|Azumarill, M|
|poke|p2|Landorus-Therian, M|
|poke|p2|Tornadus-Therian, M|
|poke|p2|Zeraora|
|poke|p2|Zapdos-Galar|
|poke|p2|Jirachi|
|poke|p2|Toxapex, M|
|teampreview
|inactive|Battle timer is ON: inactive players will automatically lose when time's up. (requested by Ncrt)
|
|t:|1645455128
|start
|switch|p1a: Azelf|Azelf|100/100
|switch|p2a: Jirachi|Jirachi, shiny|100/100
|turn|1
|
|t:|1645455132
|move|p1a: Azelf|Taunt|p2a: Jirachi
|-start|p2a: Jirachi|move: Taunt
|cant|p2a: Jirachi|move: Taunt|Stealth Rock
|
|upkeep
|turn|2
|
|t:|1645455136
|move|p1a: Azelf|Stealth Rock|p2a: Jirachi
|-sidestart|p2: PQPP214|move: Stealth Rock
|move|p2a: Jirachi|Iron Head|p1a: Azelf
|-damage|p1a: Azelf|55/100
|
|upkeep
|turn|3
|
|t:|1645455142
|move|p1a: Azelf|Knock Off|p2a: Jirachi
|-supereffective|p2a: Jirachi
|-damage|p2a: Jirachi|42/100
|-enditem|p2a: Jirachi|Leftovers|[from] move: Knock Off|[of] p1a: Azelf
|move|p2a: Jirachi|U-turn|p1a: Azelf
|-supereffective|p1a: Azelf
|-damage|p1a: Azelf|4/100
|
|t:|1645455153
|switch|p2a: Zeraora|Zeraora, shiny|100/100|[from]move: U-turn
|
|upkeep
|turn|4
|
|t:|1645455163
|move|p2a: Zeraora|Plasma Fists|p1a: Azelf
|-damage|p1a: Azelf|0 fnt
|-fieldactivate|move: Ion Deluge
|-hint|Normal-type moves become Electric-type after using Plasma Fists.
|faint|p1a: Azelf
|
|upkeep
|
|t:|1645455171
|switch|p1a: Kartana|Kartana|100/100
|turn|5
|
|t:|1645455177
|switch|p2a: Toxapex|Toxapex, M, shiny|100/100
|-damage|p2a: Toxapex|88/100|[from] Stealth Rock
|switch|p1a: Azumarill|Azumarill, M|100/100
|
|upkeep
|turn|6
|
|t:|1645455189
|switch|p1a: Kartana|Kartana|100/100
|move|p2a: Toxapex|Scald|p1a: Kartana
|-resisted|p1a: Kartana
|-damage|p1a: Kartana|76/100
|-status|p1a: Kartana|brn
|
|-damage|p1a: Kartana|70/100 brn|[from] brn
|upkeep
|turn|7
|
|t:|1645455196
|move|p1a: Kartana|Knock Off|p2a: Toxapex
|-damage|p2a: Toxapex|68/100
|-damage|p1a: Kartana|53/100 brn|[from] item: Rocky Helmet|[of] p2a: Toxapex
|-enditem|p2a: Toxapex|Rocky Helmet|[from] move: Knock Off|[of] p1a: Kartana
|move|p2a: Toxapex|Knock Off|p1a: Kartana
|-damage|p1a: Kartana|36/100 brn
|-enditem|p1a: Kartana|Choice Band|[from] move: Knock Off|[of] p2a: Toxapex
|
|-damage|p1a: Kartana|30/100 brn|[from] brn
|upkeep
|turn|8
|
|t:|1645455211
|move|p1a: Kartana|Leaf Blade|p2a: Toxapex
|-damage|p2a: Toxapex|51/100
|move|p2a: Toxapex|Recover|p2a: Toxapex
|-heal|p2a: Toxapex|100/100
|
|-damage|p1a: Kartana|24/100 brn|[from] brn
|upkeep
|turn|9
|
|t:|1645455217
|switch|p2a: Landorus|Landorus-Therian, M, shiny|100/100
|-damage|p2a: Landorus|88/100|[from] Stealth Rock
|-ability|p2a: Landorus|Intimidate|boost
|-unboost|p1a: Kartana|atk|1
|move|p1a: Kartana|Leaf Blade|p2a: Landorus
|-damage|p2a: Landorus|70/100
|
|-heal|p2a: Landorus|76/100|[from] item: Leftovers
|-damage|p1a: Kartana|17/100 brn|[from] brn
|upkeep
|turn|10
|
|t:|1645455225
|switch|p1a: Zapdos|Zapdos-Galar|100/100
|move|p2a: Landorus|Defog|p1a: Zapdos
|-unboost|p1a: Zapdos|evasion|1
|-ability|p1a: Zapdos|Defiant
|-boost|p1a: Zapdos|atk|2
|-sideend|p2: PQPP214|Stealth Rock|[from] move: Defog|[of] p2a: Landorus
|
|-heal|p2a: Landorus|82/100|[from] item: Leftovers
|upkeep
|turn|11
|
|t:|1645455247
|switch|p2a: Jirachi|Jirachi, shiny|42/100
|move|p1a: Zapdos|Brave Bird|p2a: Jirachi
|-resisted|p2a: Jirachi
|-damage|p2a: Jirachi|0 fnt
|faint|p2a: Jirachi
|-damage|p1a: Zapdos|83/100|[from] Recoil
|
|upkeep
|
|t:|1645455255
|switch|p2a: Zeraora|Zeraora, shiny|100/100
|turn|12
|
|t:|1645455260
|switch|p1a: Kartana|Kartana|17/100 brn
|move|p2a: Zeraora|Plasma Fists|p1a: Kartana
|-resisted|p1a: Kartana
|-damage|p1a: Kartana|0 fnt
|-fieldactivate|move: Ion Deluge
|-hint|Normal-type moves become Electric-type after using Plasma Fists.
|faint|p1a: Kartana
|
|upkeep
|
|t:|1645455268
|switch|p1a: Heatran|Heatran, M|100/100
|turn|13
|
|t:|1645455273
|switch|p2a: Landorus|Landorus-Therian, M, shiny|82/100
|-ability|p2a: Landorus|Intimidate|boost
|-unboost|p1a: Heatran|atk|1
|move|p1a: Heatran|Eruption|p2a: Landorus
|-damage|p2a: Landorus|26/100
|
|-heal|p2a: Landorus|32/100|[from] item: Leftovers
|upkeep
|turn|14
|
|t:|1645455286
|switch|p1a: Zapdos|Zapdos-Galar|83/100
|move|p2a: Landorus|Earthquake|p1a: Zapdos
|-immune|p1a: Zapdos
|
|-heal|p2a: Landorus|38/100|[from] item: Leftovers
|upkeep
|turn|15
|
|t:|1645455290
|switch|p2a: Toxapex|Toxapex, M, shiny|100/100
|move|p1a: Zapdos|Bulk Up|p1a: Zapdos
|-boost|p1a: Zapdos|atk|1
|-boost|p1a: Zapdos|def|1
|
|upkeep
|turn|16
|
|t:|1645455294
|move|p1a: Zapdos|Brave Bird|p2a: Toxapex
|-damage|p2a: Toxapex|49/100
|-damage|p1a: Zapdos|67/100|[from] Recoil
|move|p2a: Toxapex|Haze|p2a: Toxapex
|-clearallboost
|
|upkeep
|turn|17
|
|t:|1645455302
|move|p1a: Zapdos|Brave Bird|p2a: Toxapex
|-damage|p2a: Toxapex|13/100
|-damage|p1a: Zapdos|56/100|[from] Recoil
|move|p2a: Toxapex|Recover|p2a: Toxapex
|-heal|p2a: Toxapex|64/100
|
|upkeep
|turn|18
|
|t:|1645455306
|move|p1a: Zapdos|Bulk Up|p1a: Zapdos
|-boost|p1a: Zapdos|atk|1
|-boost|p1a: Zapdos|def|1
|move|p2a: Toxapex|Recover|p2a: Toxapex
|-heal|p2a: Toxapex|100/100
|
|upkeep
|turn|19
|
|t:|1645455308
|move|p1a: Zapdos|Brave Bird|p2a: Toxapex
|-crit|p2a: Toxapex
|-damage|p2a: Toxapex|25/100
|-damage|p1a: Zapdos|32/100|[from] Recoil
|move|p2a: Toxapex|Haze|p2a: Toxapex
|-clearallboost
|
|upkeep
|turn|20
|
|t:|1645455319
|switch|p2a: Tornadus|Tornadus-Therian, M, shiny|100/100
|move|p1a: Zapdos|Close Combat|p2a: Tornadus
|-resisted|p2a: Tornadus
|-damage|p2a: Tornadus|61/100
|-unboost|p1a: Zapdos|def|1
|-unboost|p1a: Zapdos|spd|1
|
|upkeep
|turn|21
|
|t:|1645455326
|move|p2a: Tornadus|Hurricane|p1a: Zapdos|[miss]
|-miss|p2a: Tornadus|p1a: Zapdos
|move|p1a: Zapdos|Brave Bird|p2a: Tornadus
|-damage|p2a: Tornadus|2/100
|-damage|p1a: Zapdos|10/100|[from] Recoil
|
|upkeep
|turn|22
|
|t:|1645455331
|move|p2a: Tornadus|Knock Off|p1a: Zapdos
|-resisted|p1a: Zapdos
|-damage|p1a: Zapdos|0 fnt
|-enditem|p1a: Zapdos|Black Belt|[from] move: Knock Off|[of] p2a: Tornadus
|faint|p1a: Zapdos
|
|upkeep
|
|t:|1645455334
|switch|p1a: Heatran|Heatran, M|100/100
|turn|23
|
|t:|1645455341
|move|p1a: Heatran|Eruption|p2a: Tornadus
|-damage|p2a: Tornadus|0 fnt
|faint|p2a: Tornadus
|
|upkeep
|
|t:|1645455346
|switch|p2a: Zapdos|Zapdos-Galar|100/100
|turn|24
|
|t:|1645455351
|move|p1a: Heatran|Eruption|p2a: Zapdos
|-damage|p2a: Zapdos|5/100
|move|p2a: Zapdos|Close Combat|p1a: Heatran
|-supereffective|p1a: Heatran
|-damage|p1a: Heatran|0 fnt
|-unboost|p2a: Zapdos|def|1
|-unboost|p2a: Zapdos|spd|1
|faint|p1a: Heatran
|
|upkeep
|
|t:|1645455359
|switch|p1a: Azumarill|Azumarill, M|100/100
|turn|25
|
|t:|1645455364
|switch|p2a: Toxapex|Toxapex, M, shiny|58/100
|move|p1a: Azumarill|Aqua Jet|p2a: Toxapex
|-resisted|p2a: Toxapex
|-damage|p2a: Toxapex|50/100
|
|upkeep
|turn|26
|
|t:|1645455375
|switch|p2a: Landorus|Landorus-Therian, M, shiny|38/100
|-ability|p2a: Landorus|Intimidate|boost
|-unboost|p1a: Azumarill|atk|1
|move|p1a: Azumarill|Belly Drum|p1a: Azumarill
|-damage|p1a: Azumarill|50/100
|-setboost|p1a: Azumarill|atk|6|[from] move: Belly Drum
|-enditem|p1a: Azumarill|Sitrus Berry|[eat]
|-heal|p1a: Azumarill|75/100|[from] item: Sitrus Berry
|
|-heal|p2a: Landorus|44/100|[from] item: Leftovers
|upkeep
|turn|27
|
|t:|1645455382
|move|p1a: Azumarill|Aqua Jet|p2a: Landorus
|-supereffective|p2a: Landorus
|-damage|p2a: Landorus|0 fnt
|faint|p2a: Landorus
|
|upkeep
|
|t:|1645455385
|switch|p2a: Toxapex|Toxapex, M, shiny|84/100
|turn|28
|
|t:|1645455387
|move|p1a: Azumarill|Knock Off|p2a: Toxapex
|-damage|p2a: Toxapex|18/100
|move|p2a: Toxapex|Haze|p2a: Toxapex
|-clearallboost
|
|upkeep
|turn|29
|
|t:|1645455408
|move|p1a: Azumarill|Knock Off|p2a: Toxapex
|-damage|p2a: Toxapex|1/100
|move|p2a: Toxapex|Haze|p2a: Toxapex
|-clearallboost
|
|upkeep
|turn|30
|
|t:|1645455424
|move|p1a: Azumarill|Liquidation|p2a: Toxapex
|-resisted|p2a: Toxapex
|-damage|p2a: Toxapex|0 fnt
|faint|p2a: Toxapex
|
|upkeep
|
|t:|1645455429
|switch|p2a: Zeraora|Zeraora, shiny|100/100
|turn|31
|
|t:|1645455437
|move|p2a: Zeraora|Plasma Fists|p1a: Azumarill
|-supereffective|p1a: Azumarill
|-damage|p1a: Azumarill|0 fnt
|-fieldactivate|move: Ion Deluge
|-hint|Normal-type moves become Electric-type after using Plasma Fists.
|faint|p1a: Azumarill
|
|upkeep
|
|t:|1645455439
|switch|p1a: Tyranitar|Tyranitar, F|100/100
|-weather|Sandstorm|[from] ability: Sand Stream|[of] p1a: Tyranitar
|turn|32
|
|t:|1645455442
|move|p2a: Zeraora|Close Combat|p1a: Tyranitar
|-supereffective|p1a: Tyranitar
|-damage|p1a: Tyranitar|0 fnt
|-unboost|p2a: Zeraora|def|1
|-unboost|p2a: Zeraora|spd|1
|faint|p1a: Tyranitar
|
|win|PQPP214
|raw|Ncrt's rating: 1325 &rarr; <strong>1310</strong><br />(-15 for losing)
|raw|PQPP214's rating: 1405 &rarr; <strong>1420</strong><br />(+15 for winning)
|l|☆Ncrt
