|j|☆Monsieur Eans
|j|☆disjxn
|t:|1630620769
|gametype|singles
|player|p1|Monsieur Eans|juan|1484
|player|p2|disjxn|firebreather|1584
|teamsize|p1|6
|teamsize|p2|6
|gen|8
|tier|[Gen 8] OU
|rated|
|rule|Sleep Clause Mod: Limit one foe put to sleep
|rule|Species Clause: Limit one of each Pokémon
|rule|OHKO Clause: OHKO moves are banned
|rule|Evasion Moves Clause: Evasion moves are banned
|rule|Endless Battle Clause: Forcing endless battles is banned
|rule|HP Percentage Mod: HP is shown in percentages
|rule|Dynamax Clause: You cannot dynamax
|clearpoke
|poke|p1|Ferrothorn, F|
|poke|p1|Victini|
|poke|p1|Hydreigon, M|
|poke|p1|Blissey, F|
|poke|p1|Landorus-Therian, M|
|poke|p1|Kartana|
|poke|p2|Dragapult, F|
|poke|p2|Aegislash, M|
|poke|p2|Blissey, F|
|poke|p2|Buzzwole|
|poke|p2|Tapu Fini|
|poke|p2|Landorus-Therian, M|
|teampreview
|
|t:|1630620782
|start
|switch|p1a: Kartana|Kartana|100/100
|switch|p2a: Dragapult|Dragapult, F|100/100
|turn|1
|inactive|Battle timer is ON: inactive players will automatically lose when time's up. (requested by Monsieur Eans)
|
|t:|1630620787
|move|p1a: Kartana|Knock Off|p2a: Dragapult
|-supereffective|p2a: Dragapult
|-damage|p2a: Dragapult|0 fnt
|-enditem|p2a: Dragapult|Choice Specs|[from] move: Knock Off|[of] p1a: Kartana
|faint|p2a: Dragapult
|-ability|p1a: Kartana|Beast Boost|boost
|-boost|p1a: Kartana|atk|1
|
|upkeep
|
|t:|1630620793
|switch|p2a: Buzzwole|Buzzwole|100/100
|turn|2
|
|t:|1630620810
|switch|p1a: Landorus|Landorus-Therian, M|100/100
|-ability|p1a: Landorus|Intimidate|boost
|-unboost|p2a: Buzzwole|atk|1
|move|p2a: Buzzwole|Ice Punch|p1a: Landorus
|-supereffective|p1a: Landorus
|-damage|p1a: Landorus|0 fnt
|faint|p1a: Landorus
|-ability|p2a: Buzzwole|Beast Boost|boost
|-boost|p2a: Buzzwole|atk|1
|-damage|p2a: Buzzwole|91/100|[from] item: Life Orb
|
|upkeep
|
|t:|1630620816
|switch|p1a: Victini|Victini|100/100
|turn|3
|inactive|disjxn has 120 seconds left.
|
|t:|1630620873
|switch|p2a: Landorus|Landorus-Therian, M|100/100
|-ability|p2a: Landorus|Intimidate|boost
|-unboost|p1a: Victini|atk|1
|move|p1a: Victini|Psychic|p2a: Landorus
|-damage|p2a: Landorus|69/100
|
|-heal|p2a: Landorus|75/100|[from] item: Leftovers
|upkeep
|turn|4
|inactive|disjxn has 90 seconds left.
|
|t:|1630620891
|move|p1a: Victini|Glaciate|p2a: Landorus
|-supereffective|p2a: Landorus
|-damage|p2a: Landorus|14/100
|-unboost|p2a: Landorus|spe|1
|move|p2a: Landorus|Knock Off|p1a: Victini
|-supereffective|p1a: Victini
|-damage|p1a: Victini|41/100
|-enditem|p1a: Victini|Heavy-Duty Boots|[from] move: Knock Off|[of] p2a: Landorus
|
|-heal|p2a: Landorus|20/100|[from] item: Leftovers
|upkeep
|turn|5
|inactive|disjxn has 90 seconds left.
|
|t:|1630620918
|switch|p2a: Tapu Fini|Tapu Fini|100/100
|-fieldstart|move: Misty Terrain|[from] ability: Misty Surge|[of] p2a: Tapu Fini
|move|p1a: Victini|Psychic|p2a: Tapu Fini
|-damage|p2a: Tapu Fini|72/100
|
|-heal|p2a: Tapu Fini|78/100|[from] item: Leftovers
|upkeep
|turn|6
|
|t:|1630620932
|move|p1a: Victini|Thunder|p2a: Tapu Fini|[miss]
|-miss|p1a: Victini|p2a: Tapu Fini
|move|p2a: Tapu Fini|Scald|p1a: Victini
|-supereffective|p1a: Victini
|-damage|p1a: Victini|0 fnt
|faint|p1a: Victini
|
|-heal|p2a: Tapu Fini|84/100|[from] item: Leftovers
|upkeep
|
|t:|1630620937
|switch|p1a: Ferrothorn|Ferrothorn, F|100/100
|turn|7
|
|t:|1630620939
|move|p2a: Tapu Fini|Taunt|p1a: Ferrothorn
|-start|p1a: Ferrothorn|move: Taunt
|cant|p1a: Ferrothorn|move: Taunt|Leech Seed
|
|-heal|p2a: Tapu Fini|90/100|[from] item: Leftovers
|upkeep
|turn|8
|
|t:|1630620944
|move|p2a: Tapu Fini|Nature's Madness|p1a: Ferrothorn
|-damage|p1a: Ferrothorn|50/100
|move|p1a: Ferrothorn|Gyro Ball|p2a: Tapu Fini
|-damage|p2a: Tapu Fini|57/100
|
|-heal|p2a: Tapu Fini|63/100|[from] item: Leftovers
|-heal|p1a: Ferrothorn|57/100|[from] item: Leftovers
|upkeep
|turn|9
|
|t:|1630620958
|switch|p2a: Aegislash|Aegislash, M|100/100
|switch|p1a: Hydreigon|Hydreigon, M|100/100
|
|-fieldend|Misty Terrain
|upkeep
|turn|10
|
|t:|1630620982
|switch|p2a: Blissey|Blissey, F|100/100
|move|p1a: Hydreigon|Dark Pulse|p2a: Blissey
|-damage|p2a: Blissey|81/100
|
|upkeep
|turn|11
|
|t:|1630620999
|switch|p1a: Ferrothorn|Ferrothorn, F|57/100
|move|p2a: Blissey|Ice Beam|p1a: Ferrothorn
|-damage|p1a: Ferrothorn|45/100
|-status|p1a: Ferrothorn|frz
|
|-heal|p1a: Ferrothorn|52/100 frz|[from] item: Leftovers
|upkeep
|turn|12
|c|☆disjxn|sorry
|inactive|disjxn has 90 seconds left.
|
|t:|1630621014
|switch|p1a: Hydreigon|Hydreigon, M|100/100
|move|p2a: Blissey|Wish|p2a: Blissey
|
|upkeep
|turn|13
|inactive|disjxn has 90 seconds left.
|c|☆Monsieur Eans|are you serene grace?
|c|☆disjxn|no
|c|☆Monsieur Eans|oh lol
|inactive|Monsieur Eans has 120 seconds left.
|
|t:|1630621040
|switch|p1a: Ferrothorn|Ferrothorn, F|52/100 frz
|move|p2a: Blissey|Seismic Toss|p1a: Ferrothorn
|-damage|p1a: Ferrothorn|23/100 frz
|-damage|p2a: Blissey|68/100|[from] ability: Iron Barbs|[of] p1a: Ferrothorn
|
|-heal|p2a: Blissey|100/100|[from] move: Wish|[wisher] Blissey
|-heal|p1a: Ferrothorn|29/100 frz|[from] item: Leftovers
|upkeep
|turn|14
|inactive|Monsieur Eans has 120 seconds left.
|
|t:|1630621054
|move|p2a: Blissey|Seismic Toss|p1a: Ferrothorn
|-damage|p1a: Ferrothorn|1/100 frz
|-damage|p2a: Blissey|88/100|[from] ability: Iron Barbs|[of] p1a: Ferrothorn
|-curestatus|p1a: Ferrothorn|frz|[msg]
|move|p1a: Ferrothorn|Leech Seed|p2a: Blissey
|-start|p2a: Blissey|move: Leech Seed
|
|-heal|p1a: Ferrothorn|7/100|[from] item: Leftovers
|-damage|p2a: Blissey|76/100|[from] Leech Seed|[of] p1a: Ferrothorn
|-heal|p1a: Ferrothorn|30/100|[silent]
|upkeep
|turn|15
|
|t:|1630621068
|switch|p2a: Aegislash|Aegislash, M|100/100
|move|p1a: Ferrothorn|Body Press|p2a: Aegislash
|-immune|p2a: Aegislash
|
|-heal|p1a: Ferrothorn|37/100|[from] item: Leftovers
|upkeep
|turn|16
|
|t:|1630621074
|switch|p1a: Blissey|Blissey, F|100/100
|-formechange|p2a: Aegislash|Aegislash-Blade||[from] ability: Stance Change
|move|p2a: Aegislash|Close Combat|p1a: Blissey
|-supereffective|p1a: Blissey
|-damage|p1a: Blissey|40/100
|-unboost|p2a: Aegislash|def|1
|-unboost|p2a: Aegislash|spd|1
|
|-heal|p1a: Blissey|46/100|[from] item: Leftovers
|upkeep
|turn|17
|
|t:|1630621085
|switch|p1a: Ferrothorn|Ferrothorn, F|37/100
|move|p2a: Aegislash|Close Combat|p1a: Ferrothorn
|-supereffective|p1a: Ferrothorn
|-damage|p1a: Ferrothorn|0 fnt
|-unboost|p2a: Aegislash|def|1
|-unboost|p2a: Aegislash|spd|1
|-damage|p2a: Aegislash|88/100|[from] ability: Iron Barbs|[of] p1a: Ferrothorn
|faint|p1a: Ferrothorn
|
|upkeep
|
|t:|1630621087
|switch|p1a: Hydreigon|Hydreigon, M|100/100
|turn|18
|
|t:|1630621100
|switch|p2a: Blissey|Blissey, F|76/100
|move|p1a: Hydreigon|Dark Pulse|p2a: Blissey
|-damage|p2a: Blissey|57/100
|
|upkeep
|turn|19
|
|t:|1630621110
|move|p1a: Hydreigon|Dark Pulse|p2a: Blissey
|-damage|p2a: Blissey|36/100
|move|p2a: Blissey|Wish|p2a: Blissey
|
|upkeep
|turn|20
|inactive|disjxn has 120 seconds left.
|
|t:|1630621121
|switch|p1a: Kartana|Kartana|100/100
|move|p2a: Blissey|Ice Beam|p1a: Kartana
|-damage|p1a: Kartana|50/100
|
|-heal|p2a: Blissey|86/100|[from] move: Wish|[wisher] Blissey
|upkeep
|turn|21
|inactive|disjxn has 120 seconds left.
|
|t:|1630621131
|switch|p2a: Buzzwole|Buzzwole|91/100
|move|p1a: Kartana|Leaf Blade|p2a: Buzzwole
|-resisted|p2a: Buzzwole
|-damage|p2a: Buzzwole|70/100
|
|upkeep
|turn|22
|-message|Monsieur Eans forfeited.
|
|win|disjxn
|raw|Monsieur Eans's rating: 1485 &rarr; <strong>1471</strong><br />(-14 for losing)
|raw|disjxn's rating: 1584 &rarr; <strong>1598</strong><br />(+14 for winning)
|l|☆Monsieur Eans
