|j|☆IMSOMALD
|j|☆leaveamessage
|t:|1635611937
|gametype|singles
|player|p1|IMSOMALD|n|1519
|player|p2|leaveamessage|bugcatcher-gen4dp|1520
|teamsize|p1|6
|teamsize|p2|6
|gen|8
|tier|[Gen 8] OU
|rated|
|rule|Sleep Clause Mod: Limit one foe put to sleep
|rule|Species Clause: Limit one of each Pokémon
|rule|OHKO Clause: OHKO moves are banned
|rule|Evasion Moves Clause: Evasion moves are banned
|rule|Endless Battle Clause: Forcing endless battles is banned
|rule|HP Percentage Mod: HP is shown in percentages
|rule|Dynamax Clause: You cannot dynamax
|clearpoke
|poke|p1|Zapdos-Galar|
|poke|p1|Dragapult, M|
|poke|p1|Volcarona, M|
|poke|p1|Garchomp, M|
|poke|p1|Ferrothorn, F|
|poke|p1|Tapu Fini|
|poke|p2|Volcarona, F|
|poke|p2|Ferrothorn, F|
|poke|p2|Landorus-Therian, M|
|poke|p2|Tornadus-Therian, M|
|poke|p2|Weavile, M|
|poke|p2|Tapu Fini|
|teampreview
|inactive|Battle timer is ON: inactive players will automatically lose when time's up. (requested by IMSOMALD)
|
|t:|1635611947
|start
|switch|p1a: Zapdos|Zapdos-Galar|100/100
|switch|p2a: Weavile|Weavile, M|100/100
|-ability|p2a: Weavile|Pressure
|turn|1
|
|t:|1635611964
|switch|p2a: Tornadus|Tornadus-Therian, M|100/100
|switch|p1a: Ferrothorn|Ferrothorn, F|100/100
|
|upkeep
|turn|2
|
|t:|1635611978
|switch|p1a: Tapu Fini|Tapu Fini|100/100
|-fieldstart|move: Misty Terrain|[from] ability: Misty Surge|[of] p1a: Tapu Fini
|move|p2a: Tornadus|Knock Off|p1a: Tapu Fini
|-resisted|p1a: Tapu Fini
|-damage|p1a: Tapu Fini|92/100
|-enditem|p1a: Tapu Fini|Leftovers|[from] move: Knock Off|[of] p2a: Tornadus
|
|upkeep
|turn|3
|
|t:|1635611984
|move|p2a: Tornadus|U-turn|p1a: Tapu Fini
|-resisted|p1a: Tapu Fini
|-damage|p1a: Tapu Fini|86/100
|
|t:|1635611987
|switch|p2a: Ferrothorn|Ferrothorn, F|100/100|[from]move: U-turn
|move|p1a: Tapu Fini|Knock Off|p2a: Ferrothorn
|-damage|p2a: Ferrothorn|91/100
|-damage|p1a: Tapu Fini|74/100|[from] ability: Iron Barbs|[of] p2a: Ferrothorn
|-enditem|p2a: Ferrothorn|Leftovers|[from] move: Knock Off|[of] p1a: Tapu Fini
|
|upkeep
|turn|4
|
|t:|1635612003
|switch|p1a: Ferrothorn|Ferrothorn, F|100/100
|move|p2a: Ferrothorn|Spikes|p1a: Ferrothorn
|-sidestart|p1: IMSOMALD|Spikes
|
|upkeep
|turn|5
|
|t:|1635612008
|switch|p2a: Volcarona|Volcarona, F|100/100
|move|p1a: Ferrothorn|Spikes|p2a: Volcarona
|-sidestart|p2: leaveamessage|Spikes
|
|upkeep
|turn|6
|
|t:|1635612024
|switch|p1a: Garchomp|Garchomp, M|100/100
|-damage|p1a: Garchomp|88/100|[from] Spikes
|move|p2a: Volcarona|Psychic|p1a: Garchomp
|-damage|p1a: Garchomp|63/100
|
|-fieldend|Misty Terrain
|upkeep
|turn|7
|
|t:|1635612031
|switch|p2a: Landorus|Landorus-Therian, M|100/100
|-ability|p2a: Landorus|Intimidate|boost
|-unboost|p1a: Garchomp|atk|1
|move|p1a: Garchomp|Toxic|p2a: Landorus
|-status|p2a: Landorus|tox
|
|-damage|p2a: Landorus|94/100 tox|[from] psn
|upkeep
|turn|8
|
|t:|1635612043
|switch|p1a: Zapdos|Zapdos-Galar|100/100
|move|p2a: Landorus|Stealth Rock|p1a: Zapdos
|-sidestart|p1: IMSOMALD|move: Stealth Rock
|
|-heal|p2a: Landorus|100/100 tox|[from] item: Leftovers
|-damage|p2a: Landorus|88/100 tox|[from] psn
|upkeep
|turn|9
|
|t:|1635612054
|move|p1a: Zapdos|Brave Bird|p2a: Landorus
|-damage|p2a: Landorus|7/100 tox
|-damage|p1a: Zapdos|68/100|[from] Recoil
|move|p2a: Landorus|U-turn|p1a: Zapdos
|-resisted|p1a: Zapdos
|-damage|p1a: Zapdos|62/100
|
|t:|1635612062
|switch|p2a: Weavile|Weavile, M|100/100|[from]move: U-turn
|-ability|p2a: Weavile|Pressure
|
|upkeep
|turn|10
|
|t:|1635612068
|switch|p1a: Tapu Fini|Tapu Fini|74/100
|-damage|p1a: Tapu Fini|62/100|[from] Stealth Rock
|-damage|p1a: Tapu Fini|49/100|[from] Spikes
|-fieldstart|move: Misty Terrain|[from] ability: Misty Surge|[of] p1a: Tapu Fini
|move|p2a: Weavile|Ice Shard|p1a: Tapu Fini
|-resisted|p1a: Tapu Fini
|-damage|p1a: Tapu Fini|41/100
|
|upkeep
|turn|11
|
|t:|1635612074
|switch|p2a: Ferrothorn|Ferrothorn, F|91/100
|-damage|p2a: Ferrothorn|78/100|[from] Spikes
|move|p1a: Tapu Fini|Defog|p2a: Ferrothorn
|-unboost|p2a: Ferrothorn|evasion|1
|-sideend|p2: leaveamessage|Spikes|[from] move: Defog|[of] p1a: Tapu Fini
|-sideend|p1: IMSOMALD|Spikes|[from] move: Defog|[of] p1a: Tapu Fini
|-sideend|p1: IMSOMALD|Stealth Rock|[from] move: Defog|[of] p1a: Tapu Fini
|-fieldend|Misty Terrain
|
|upkeep
|turn|12
|inactive|IMSOMALD has 120 seconds left.
|
|t:|1635612120
|switch|p1a: Volcarona|Volcarona, M|100/100
|switch|p2a: Tornadus|Tornadus-Therian, M|100/100
|
|upkeep
|turn|13
|
|t:|1635612138
|switch|p1a: Ferrothorn|Ferrothorn, F|100/100
|move|p2a: Tornadus|Hurricane|p1a: Ferrothorn
|-damage|p1a: Ferrothorn|72/100
|-start|p1a: Ferrothorn|confusion
|
|-heal|p1a: Ferrothorn|79/100|[from] item: Leftovers
|upkeep
|turn|14
|
|t:|1635612152
|move|p2a: Tornadus|Knock Off|p1a: Ferrothorn
|-damage|p1a: Ferrothorn|64/100
|-damage|p2a: Tornadus|88/100|[from] ability: Iron Barbs|[of] p1a: Ferrothorn
|-enditem|p1a: Ferrothorn|Leftovers|[from] move: Knock Off|[of] p2a: Tornadus
|-activate|p1a: Ferrothorn|confusion
|move|p1a: Ferrothorn|Gyro Ball|p2a: Tornadus
|-damage|p2a: Tornadus|41/100
|
|upkeep
|turn|15
|
|t:|1635612160
|switch|p2a: Volcarona|Volcarona, F|100/100
|switch|p1a: Garchomp|Garchomp, M|63/100
|
|upkeep
|turn|16
|
|t:|1635612165
|switch|p2a: Tapu Fini|Tapu Fini|100/100
|-fieldstart|move: Misty Terrain|[from] ability: Misty Surge|[of] p2a: Tapu Fini
|move|p1a: Garchomp|Toxic|p2a: Tapu Fini
|-activate|p2a: Tapu Fini|move: Misty Terrain
|
|upkeep
|turn|17
|
|t:|1635612173
|switch|p1a: Ferrothorn|Ferrothorn, F|64/100
|move|p2a: Tapu Fini|Whirlpool|p1a: Ferrothorn
|-resisted|p1a: Ferrothorn
|-damage|p1a: Ferrothorn|60/100
|-activate|p1a: Ferrothorn|move: Whirlpool|[of] p2a: Tapu Fini
|
|-damage|p1a: Ferrothorn|48/100|[from] move: Whirlpool|[partiallytrapped]
|upkeep
|turn|18
|inactive|IMSOMALD has 120 seconds left.
|
|t:|1635612193
|move|p2a: Tapu Fini|Taunt|p1a: Ferrothorn
|-start|p1a: Ferrothorn|move: Taunt
|cant|p1a: Ferrothorn|move: Taunt|Leech Seed
|
|-damage|p1a: Ferrothorn|35/100|[from] move: Whirlpool|[partiallytrapped]
|upkeep
|turn|19
|
|t:|1635612200
|move|p2a: Tapu Fini|Nature's Madness|p1a: Ferrothorn
|-damage|p1a: Ferrothorn|18/100
|move|p1a: Ferrothorn|Knock Off|p2a: Tapu Fini
|-resisted|p2a: Tapu Fini
|-damage|p2a: Tapu Fini|94/100
|-enditem|p2a: Tapu Fini|Leftovers|[from] move: Knock Off|[of] p1a: Ferrothorn
|
|-damage|p1a: Ferrothorn|5/100|[from] move: Whirlpool|[partiallytrapped]
|upkeep
|turn|20
|
|t:|1635612206
|move|p2a: Tapu Fini|Moonblast|p1a: Ferrothorn
|-resisted|p1a: Ferrothorn
|-damage|p1a: Ferrothorn|0 fnt
|faint|p1a: Ferrothorn
|
|-fieldend|Misty Terrain
|upkeep
|
|t:|1635612214
|switch|p1a: Volcarona|Volcarona, M|100/100
|turn|21
|
|t:|1635612221
|move|p1a: Volcarona|Quiver Dance|p1a: Volcarona
|-boost|p1a: Volcarona|spa|1
|-boost|p1a: Volcarona|spd|1
|-boost|p1a: Volcarona|spe|1
|move|p2a: Tapu Fini|Taunt|p1a: Volcarona
|-start|p1a: Volcarona|move: Taunt
|
|upkeep
|turn|22
|
|t:|1635612228
|move|p1a: Volcarona|Fiery Dance|p2a: Tapu Fini
|-resisted|p2a: Tapu Fini
|-damage|p2a: Tapu Fini|72/100
|-boost|p1a: Volcarona|spa|1
|move|p2a: Tapu Fini|Whirlpool|p1a: Volcarona|[miss]
|-miss|p2a: Tapu Fini|p1a: Volcarona
|
|upkeep
|turn|23
|
|t:|1635612239
|move|p1a: Volcarona|Psychic|p2a: Tapu Fini
|-damage|p2a: Tapu Fini|30/100
|move|p2a: Tapu Fini|Whirlpool|p1a: Volcarona
|-supereffective|p1a: Volcarona
|-damage|p1a: Volcarona|86/100
|-activate|p1a: Volcarona|move: Whirlpool|[of] p2a: Tapu Fini
|
|-damage|p1a: Volcarona|74/100|[from] move: Whirlpool|[partiallytrapped]
|upkeep
|turn|24
|
|t:|1635612251
|move|p1a: Volcarona|Psychic|p2a: Tapu Fini
|-damage|p2a: Tapu Fini|0 fnt
|faint|p2a: Tapu Fini
|
|-end|p1a: Volcarona|Whirlpool|[partiallytrapped]|[silent]
|-end|p1a: Volcarona|move: Taunt
|upkeep
|
|t:|1635612258
|switch|p2a: Tornadus|Tornadus-Therian, M|74/100
|turn|25
|
|t:|1635612264
|switch|p2a: Landorus|Landorus-Therian, M|7/100 tox
|-ability|p2a: Landorus|Intimidate|boost
|-unboost|p1a: Volcarona|atk|1
|move|p1a: Volcarona|Fiery Dance|p2a: Landorus
|-damage|p2a: Landorus|0 fnt
|-boost|p1a: Volcarona|spa|1
|faint|p2a: Landorus
|
|upkeep
|
|t:|1635612267
|switch|p2a: Tornadus|Tornadus-Therian, M|100/100
|turn|26
|
|t:|1635612269
|move|p1a: Volcarona|Fiery Dance|p2a: Tornadus
|-damage|p2a: Tornadus|10/100
|move|p2a: Tornadus|Hurricane|p1a: Volcarona|[miss]
|-miss|p2a: Tornadus|p1a: Volcarona
|
|upkeep
|turn|27
|c|☆leaveamessage|Cool
|
|t:|1635612287
|move|p1a: Volcarona|Fiery Dance|p2a: Tornadus
|-damage|p2a: Tornadus|0 fnt
|-boost|p1a: Volcarona|spa|1
|faint|p2a: Tornadus
|
|upkeep
|
|t:|1635612289
|switch|p2a: Volcarona|Volcarona, F|100/100
|turn|28
|
|t:|1635612292
|move|p1a: Volcarona|Fiery Dance|p2a: Volcarona
|-damage|p2a: Volcarona|13/100
|-boost|p1a: Volcarona|spa|1
|move|p2a: Volcarona|Quiver Dance|p2a: Volcarona
|-boost|p2a: Volcarona|spa|1
|-boost|p2a: Volcarona|spd|1
|-boost|p2a: Volcarona|spe|1
|
|upkeep
|turn|29
|
|t:|1635612298
|move|p2a: Volcarona|Flamethrower|p1a: Volcarona
|-damage|p1a: Volcarona|35/100
|move|p1a: Volcarona|Fiery Dance|p2a: Volcarona
|-damage|p2a: Volcarona|0 fnt
|-boost|p1a: Volcarona|spa|1
|faint|p2a: Volcarona
|
|upkeep
|
|t:|1635612302
|switch|p2a: Weavile|Weavile, M|100/100
|-ability|p2a: Weavile|Pressure
|turn|30
|
|t:|1635612305
|move|p1a: Volcarona|Fiery Dance|p2a: Weavile
|-supereffective|p2a: Weavile
|-damage|p2a: Weavile|0 fnt
|faint|p2a: Weavile
|
|upkeep
|
|t:|1635612307
|switch|p2a: Ferrothorn|Ferrothorn, F|78/100
|turn|31
|
|t:|1635612311
|move|p1a: Volcarona|Fiery Dance|p2a: Ferrothorn
|-supereffective|p2a: Ferrothorn
|-damage|p2a: Ferrothorn|0 fnt
|faint|p2a: Ferrothorn
|
|win|IMSOMALD
|raw|IMSOMALD's rating: 1519 &rarr; <strong>1539</strong><br />(+20 for winning)
|raw|leaveamessage's rating: 1520 &rarr; <strong>1500</strong><br />(-20 for losing)
|l|☆leaveamessage
