|j|☆yhdrslb
|j|☆5-4-K
|player|p1|yhdrslb|30|1552
|player|p2|5-4-K|102|1580
|teamsize|p1|6
|teamsize|p2|6
|gametype|singles
|gen|8
|tier|[Gen 8] OU
|rated|
|clearpoke
|poke|p1|Crawdaunt, F|
|poke|p1|Cinderace, M|
|poke|p1|Mamoswine, F|
|poke|p1|Aegislash, F|
|poke|p1|Zeraora|
|poke|p1|Haxorus, F|
|poke|p2|Zeraora|
|poke|p2|Crawdaunt, F|
|poke|p2|Rotom-Heat|
|poke|p2|Aegislash, M|
|poke|p2|Mandibuzz, F|
|poke|p2|Kyurem|
|rule|Sleep Clause Mod: Limit one foe put to sleep
|rule|Species Clause: Limit one of each Pokémon
|rule|OHKO Clause: OHKO moves are banned
|rule|Evasion Moves Clause: Evasion moves are banned
|rule|Endless Battle Clause: Forcing endless battles is banned
|rule|HP Percentage Mod: HP is shown in percentages
|rule|Dynamax Clause: You cannot dynamax
|teampreview
|
|start
|switch|p1a: Haxorus|Haxorus, F|100/100
|switch|p2a: Crawdaunt|Crawdaunt, F|100/100
|-ability|p1a: Haxorus|Mold Breaker
|turn|1
|
|move|p1a: Haxorus|Close Combat|p2a: Crawdaunt
|-supereffective|p2a: Crawdaunt
|-damage|p2a: Crawdaunt|0 fnt
|-unboost|p1a: Haxorus|def|1
|-unboost|p1a: Haxorus|spd|1
|faint|p2a: Crawdaunt
|
|upkeep
|
|switch|p2a: Mandibuzz|Mandibuzz, F, shiny|100/100
|turn|2
|
|move|p1a: Haxorus|Close Combat|p2a: Mandibuzz
|-crit|p2a: Mandibuzz
|-damage|p2a: Mandibuzz|21/100
|-unboost|p1a: Haxorus|def|1
|-unboost|p1a: Haxorus|spd|1
|move|p2a: Mandibuzz|Foul Play|p1a: Haxorus
|-damage|p1a: Haxorus|0 fnt
|faint|p1a: Haxorus
|
|upkeep
|
|switch|p1a: Cinderace|Cinderace, M|100/100
|turn|3
|
|move|p1a: Cinderace|U-turn|p2a: Mandibuzz
|-start|p1a: Cinderace|typechange|Bug|[from] ability: Libero
|-damage|p2a: Mandibuzz|0 fnt
|faint|p2a: Mandibuzz
|
|switch|p1a: Mamoswine|Mamoswine, F|100/100|[from]move: U-turn
|
|upkeep
|
|switch|p2a: Rotom|Rotom-Heat|100/100
|turn|4
|
|move|p1a: Mamoswine|Knock Off|p2a: Rotom
|-damage|p2a: Rotom|59/100
|-enditem|p2a: Rotom|Heavy-Duty Boots|[from] move: Knock Off|[of] p1a: Mamoswine
|move|p2a: Rotom|Overheat|p1a: Mamoswine
|-supereffective|p1a: Mamoswine
|-damage|p1a: Mamoswine|39/100
|-unboost|p2a: Rotom|spa|2
|
|upkeep
|turn|5
|
|switch|p1a: Zeraora|Zeraora|100/100
|move|p2a: Rotom|Nasty Plot|p2a: Rotom
|-boost|p2a: Rotom|spa|2
|
|upkeep
|turn|6
|
|move|p1a: Zeraora|Close Combat|p2a: Rotom
|-damage|p2a: Rotom|15/100
|-unboost|p1a: Zeraora|def|1
|-unboost|p1a: Zeraora|spd|1
|move|p2a: Rotom|Overheat|p1a: Zeraora
|-damage|p1a: Zeraora|15/100
|-unboost|p2a: Rotom|spa|2
|
|upkeep
|turn|7
|
|move|p1a: Zeraora|Close Combat|p2a: Rotom
|-damage|p2a: Rotom|0 fnt
|-unboost|p1a: Zeraora|def|1
|-unboost|p1a: Zeraora|spd|1
|faint|p2a: Rotom
|
|upkeep
|
|switch|p2a: Aegislash|Aegislash, M|100/100
|turn|8
|
|switch|p1a: Crawdaunt|Crawdaunt, F|100/100
|-formechange|p2a: Aegislash|Aegislash-Blade||[from] ability: Stance Change
|move|p2a: Aegislash|Shadow Ball|p1a: Crawdaunt
|-resisted|p1a: Crawdaunt
|-damage|p1a: Crawdaunt|37/100
|
|upkeep
|turn|9
|
|move|p1a: Crawdaunt|Knock Off|p2a: Aegislash
|-supereffective|p2a: Aegislash
|-damage|p2a: Aegislash|0 fnt
|-enditem|p2a: Aegislash|Spell Tag|[from] move: Knock Off|[of] p1a: Crawdaunt
|faint|p2a: Aegislash
|
|upkeep
|
|switch|p2a: Kyurem|Kyurem, shiny|100/100
|-ability|p2a: Kyurem|Pressure
|turn|10
|
|move|p2a: Kyurem|Earth Power|p1a: Crawdaunt
|-damage|p1a: Crawdaunt|0 fnt
|faint|p1a: Crawdaunt
|
|upkeep
|
|switch|p1a: Aegislash|Aegislash, F|100/100
|turn|11
|
|move|p2a: Kyurem|Earth Power|p1a: Aegislash
|-supereffective|p1a: Aegislash
|-damage|p1a: Aegislash|24/100
|-formechange|p1a: Aegislash|Aegislash-Blade||[from] ability: Stance Change
|move|p1a: Aegislash|Close Combat|p2a: Kyurem
|-supereffective|p2a: Kyurem
|-damage|p2a: Kyurem|0 fnt
|-unboost|p1a: Aegislash|def|1
|-unboost|p1a: Aegislash|spd|1
|faint|p2a: Kyurem
|
|upkeep
|
|switch|p2a: Zeraora|Zeraora|100/100
|turn|12
|
|switch|p1a: Cinderace|Cinderace, M|100/100
|move|p2a: Zeraora|Bulk Up|p2a: Zeraora
|-boost|p2a: Zeraora|atk|1
|-boost|p2a: Zeraora|def|1
|
|upkeep
|turn|13
|
|move|p2a: Zeraora|Plasma Fists|p1a: Cinderace
|-damage|p1a: Cinderace|0 fnt
|-fieldactivate|move: Ion Deluge
|faint|p1a: Cinderace
|
|upkeep
|
|switch|p1a: Zeraora|Zeraora|15/100
|turn|14
|
|move|p2a: Zeraora|Play Rough|p1a: Zeraora
|-damage|p1a: Zeraora|0 fnt
|faint|p1a: Zeraora
|
|upkeep
|
|switch|p1a: Aegislash|Aegislash, F|24/100
|turn|15
|
|-formechange|p1a: Aegislash|Aegislash-Blade||[from] ability: Stance Change
|move|p1a: Aegislash|Shadow Sneak|p2a: Zeraora
|-damage|p2a: Zeraora|66/100
|move|p2a: Zeraora|Plasma Fists|p1a: Aegislash
|-damage|p1a: Aegislash|0 fnt
|-fieldactivate|move: Ion Deluge
|faint|p1a: Aegislash
|
|upkeep
|
|switch|p1a: Mamoswine|Mamoswine, F|39/100
|turn|16
|
|move|p1a: Mamoswine|Ice Shard|p2a: Zeraora
|-damage|p2a: Zeraora|40/100
|move|p2a: Zeraora|Close Combat|p1a: Mamoswine
|-supereffective|p1a: Mamoswine
|-damage|p1a: Mamoswine|0 fnt
|-unboost|p2a: Zeraora|def|1
|-unboost|p2a: Zeraora|spd|1
|faint|p1a: Mamoswine
|
|win|5-4-K
|c|☆yhdrslb|gg
|raw|yhdrslb's rating: 1584 &rarr; <strong>1564</strong><br />(-20 for losing)
|raw|5-4-K's rating: 1580 &rarr; <strong>1601</strong><br />(+21 for winning)
|l|☆yhdrslb
|c|☆5-4-K|gg
