|j|☆Pitaye
|j|‽minimax_ai
|t:|1667411441
|gametype|singles
|player|p1|Pitaye|psychicf-gen4|1631
|player|p2|minimax_ai|266|1618
|teamsize|p1|6
|teamsize|p2|6
|gen|8
|tier|[Gen 8] OU
|rated|
|rule|Sleep Clause Mod: Limit one foe put to sleep
|rule|Species Clause: Limit one of each Pokémon
|rule|OHKO Clause: OHKO moves are banned
|rule|Evasion Items Clause: Evasion items are banned
|rule|Evasion Moves Clause: Evasion moves are banned
|rule|Endless Battle Clause: Forcing endless battles is banned
|rule|HP Percentage Mod: HP is shown in percentages
|rule|Dynamax Clause: You cannot dynamax
|clearpoke
|poke|p1|Landorus-Therian, M|
|poke|p1|Tyranitar, F|
|poke|p1|Tapu Koko|
|poke|p1|Victini|
|poke|p1|Slowbro, F|
|poke|p1|Ferrothorn, M|
|poke|p2|Rotom-Wash|
|poke|p2|Weavile, F|
|poke|p2|Landorus-Therian, M|
|poke|p2|Heatran, M|
|poke|p2|Tangrowth, M|
|poke|p2|Melmetal|
|teampreview
|inactive|Battle timer is ON: inactive players will automatically lose when time's up. (requested by minimax_ai)
|c|☆Pitaye|again
|c|☆Pitaye|looks like no one wants to play gen 8 since the new games are coming soon
|inactive|Pitaye has 120 seconds left.
|
|t:|1667411478
|start
|switch|p1a: Lapérouse|Landorus-Therian, M|100/100
|switch|p2a: Landorus|Landorus-Therian, M|100/100
|-ability|p2a: Landorus|Intimidate|boost
|-unboost|p1a: Lapérouse|atk|1
|-ability|p1a: Lapérouse|Intimidate|boost
|-unboost|p2a: Landorus|atk|1
|turn|1
|
|t:|1667411480
|move|p2a: Landorus|Toxic|p1a: Lapérouse
|-status|p1a: Lapérouse|tox
|move|p1a: Lapérouse|Toxic|p2a: Landorus
|-status|p2a: Landorus|tox
|
|-damage|p2a: Landorus|94/100 tox|[from] psn
|-damage|p1a: Lapérouse|94/100 tox|[from] psn
|upkeep
|turn|2
|
|t:|1667411483
|switch|p2a: Heatran|Heatran, M|100/100
|-item|p2a: Heatran|Air Balloon
|move|p1a: Lapérouse|Stealth Rock|p2a: Heatran
|-sidestart|p2: minimax_ai|move: Stealth Rock
|
|-heal|p1a: Lapérouse|100/100 tox|[from] item: Leftovers
|-damage|p1a: Lapérouse|88/100 tox|[from] psn
|upkeep
|turn|3
|
|t:|1667411490
|move|p2a: Heatran|Stealth Rock|p1a: Lapérouse
|-sidestart|p1: Pitaye|move: Stealth Rock
|move|p1a: Lapérouse|U-turn|p2a: Heatran
|-resisted|p2a: Heatran
|-damage|p2a: Heatran|97/100
|-enditem|p2a: Heatran|Air Balloon
|
|t:|1667411498
|switch|p1a: Lillith|Tyranitar, F|100/100|[from]move: U-turn
|-damage|p1a: Lillith|88/100|[from] Stealth Rock
|-weather|Sandstorm|[from] ability: Sand Stream|[of] p1a: Lillith
|
|-weather|Sandstorm|[upkeep]
|upkeep
|turn|4
|
|t:|1667411503
|switch|p2a: Tangrowth|Tangrowth, M|100/100
|-damage|p2a: Tangrowth|88/100|[from] Stealth Rock
|move|p1a: Lillith|Stone Edge|p2a: Tangrowth
|-damage|p2a: Tangrowth|43/100
|
|-weather|Sandstorm|[upkeep]
|-damage|p2a: Tangrowth|37/100|[from] Sandstorm
|upkeep
|turn|5
|
|t:|1667411506
|switch|p2a: Melmetal|Melmetal|100/100
|-damage|p2a: Melmetal|94/100|[from] Stealth Rock
|move|p1a: Lillith|Stone Edge|p2a: Melmetal
|-resisted|p2a: Melmetal
|-damage|p2a: Melmetal|70/100
|
|-weather|Sandstorm|[upkeep]
|upkeep
|turn|6
|
|t:|1667411510
|switch|p1a: Slowbro|Slowbro, F|100/100
|-damage|p1a: Slowbro|88/100|[from] Stealth Rock
|move|p2a: Melmetal|Ice Punch|p1a: Slowbro
|-resisted|p1a: Slowbro
|-damage|p1a: Slowbro|75/100
|-status|p1a: Slowbro|frz
|-damage|p2a: Melmetal|54/100|[from] item: Rocky Helmet|[of] p1a: Slowbro
|
|-weather|Sandstorm|[upkeep]
|-damage|p1a: Slowbro|69/100 frz|[from] Sandstorm
|upkeep
|turn|7
|
|t:|1667411513
|move|p2a: Melmetal|Thunder Punch|p1a: Slowbro
|-supereffective|p1a: Slowbro
|-damage|p1a: Slowbro|17/100 frz
|-damage|p2a: Melmetal|37/100|[from] item: Rocky Helmet|[of] p1a: Slowbro
|-curestatus|p1a: Slowbro|frz|[from] move: Scald
|move|p1a: Slowbro|Scald|p2a: Melmetal
|-damage|p2a: Melmetal|21/100
|-status|p2a: Melmetal|brn
|
|-weather|none
|-damage|p2a: Melmetal|15/100 brn|[from] brn
|upkeep
|turn|8
|
|t:|1667411523
|switch|p1a: Ferrothorn|Ferrothorn, M|100/100
|-damage|p1a: Ferrothorn|94/100|[from] Stealth Rock
|move|p2a: Melmetal|Double Iron Bash|p1a: Ferrothorn
|-resisted|p1a: Ferrothorn
|-damage|p1a: Ferrothorn|89/100
|-damage|p2a: Melmetal|2/100 brn|[from] ability: Iron Barbs|[of] p1a: Ferrothorn
|-damage|p2a: Melmetal|0 fnt|[from] item: Rocky Helmet|[of] p1a: Ferrothorn
|faint|p2a: Melmetal
|-hitcount|p1a: Ferrothorn|1
|
|upkeep
|
|t:|1667411523
|switch|p2a: Heatran|Heatran, M|97/100
|-damage|p2a: Heatran|85/100|[from] Stealth Rock
|turn|9
|
|t:|1667411535
|switch|p1a: Lillith|Tyranitar, F|88/100
|-damage|p1a: Lillith|76/100|[from] Stealth Rock
|-weather|Sandstorm|[from] ability: Sand Stream|[of] p1a: Lillith
|move|p2a: Heatran|Magma Storm|p1a: Lillith|[miss]
|-miss|p2a: Heatran|p1a: Lillith
|
|-weather|Sandstorm|[upkeep]
|upkeep
|turn|10
|
|t:|1667411540
|switch|p2a: Tangrowth|Tangrowth, M|70/100
|-damage|p2a: Tangrowth|58/100|[from] Stealth Rock
|move|p1a: Lillith|Stone Edge|p2a: Tangrowth
|-damage|p2a: Tangrowth|10/100
|
|-weather|Sandstorm|[upkeep]
|-damage|p2a: Tangrowth|4/100|[from] Sandstorm
|upkeep
|turn|11
|
|t:|1667411543
|switch|p2a: Landorus|Landorus-Therian, M|94/100 tox
|-damage|p2a: Landorus|82/100 tox|[from] Stealth Rock
|-ability|p2a: Landorus|Intimidate|boost
|-unboost|p1a: Lillith|atk|1
|move|p1a: Lillith|Stone Edge|p2a: Landorus|[miss]
|-miss|p1a: Lillith|p2a: Landorus
|
|-weather|Sandstorm|[upkeep]
|-heal|p2a: Landorus|88/100 tox|[from] item: Leftovers
|-damage|p2a: Landorus|82/100 tox|[from] psn
|upkeep
|turn|12
|
|t:|1667411548
|switch|p1a: Lapérouse|Landorus-Therian, M|88/100 tox
|-damage|p1a: Lapérouse|76/100 tox|[from] Stealth Rock
|-ability|p1a: Lapérouse|Intimidate|boost
|-unboost|p2a: Landorus|atk|1
|move|p2a: Landorus|U-turn|p1a: Lapérouse
|-resisted|p1a: Lapérouse
|-damage|p1a: Lapérouse|71/100 tox
|
|t:|1667411548
|switch|p2a: Tangrowth|Tangrowth, M|37/100|[from]move: U-turn
|-damage|p2a: Tangrowth|25/100|[from] Stealth Rock
|
|-weather|Sandstorm|[upkeep]
|-damage|p2a: Tangrowth|19/100|[from] Sandstorm
|-heal|p1a: Lapérouse|77/100 tox|[from] item: Leftovers
|-damage|p1a: Lapérouse|71/100 tox|[from] psn
|upkeep
|turn|13
|
|t:|1667411553
|switch|p2a: Landorus|Landorus-Therian, M|82/100 tox
|-damage|p2a: Landorus|70/100 tox|[from] Stealth Rock
|-ability|p2a: Landorus|Intimidate|boost
|-unboost|p1a: Lapérouse|atk|1
|move|p1a: Lapérouse|U-turn|p2a: Landorus
|-resisted|p2a: Landorus
|-damage|p2a: Landorus|63/100 tox
|
|t:|1667411566
|switch|p1a: Slowbro|Slowbro, F|51/100|[from]move: U-turn
|-damage|p1a: Slowbro|38/100|[from] Stealth Rock
|
|-weather|none
|-heal|p2a: Landorus|69/100 tox|[from] item: Leftovers
|-damage|p2a: Landorus|63/100 tox|[from] psn
|upkeep
|turn|14
|
|t:|1667411568
|move|p2a: Landorus|U-turn|p1a: Slowbro
|-supereffective|p1a: Slowbro
|-damage|p1a: Slowbro|2/100
|-damage|p2a: Landorus|46/100 tox|[from] item: Rocky Helmet|[of] p1a: Slowbro
|
|t:|1667411568
|switch|p2a: Rotom|Rotom-Wash|100/100|[from]move: U-turn
|-damage|p2a: Rotom|88/100|[from] Stealth Rock
|move|p1a: Slowbro|Slack Off|p1a: Slowbro
|-heal|p1a: Slowbro|52/100
|
|-heal|p2a: Rotom|94/100|[from] item: Leftovers
|upkeep
|turn|15
|
|t:|1667411579
|switch|p1a: Ferrothorn|Ferrothorn, M|89/100
|-damage|p1a: Ferrothorn|83/100|[from] Stealth Rock
|move|p2a: Rotom|Nasty Plot|p2a: Rotom
|-boost|p2a: Rotom|spa|2
|
|-heal|p2a: Rotom|100/100|[from] item: Leftovers
|upkeep
|turn|16
|
|t:|1667411584
|switch|p2a: Tangrowth|Tangrowth, M|52/100
|-damage|p2a: Tangrowth|40/100|[from] Stealth Rock
|move|p1a: Ferrothorn|Leech Seed|p2a: Tangrowth
|-immune|p2a: Tangrowth
|
|upkeep
|turn|17
|
|t:|1667411599
|switch|p1a: Lapérouse|Landorus-Therian, M|71/100 tox
|-damage|p1a: Lapérouse|59/100 tox|[from] Stealth Rock
|-ability|p1a: Lapérouse|Intimidate|boost
|-unboost|p2a: Tangrowth|atk|1
|move|p2a: Tangrowth|Focus Blast|p1a: Lapérouse
|-resisted|p1a: Lapérouse
|-crit|p1a: Lapérouse
|-damage|p1a: Lapérouse|37/100 tox
|
|-heal|p1a: Lapérouse|43/100 tox|[from] item: Leftovers
|-damage|p1a: Lapérouse|37/100 tox|[from] psn
|upkeep
|turn|18
|
|t:|1667411603
|move|p1a: Lapérouse|Toxic|p2a: Tangrowth
|-status|p2a: Tangrowth|tox
|move|p2a: Tangrowth|Giga Drain|p1a: Lapérouse
|-damage|p1a: Lapérouse|10/100 tox
|-heal|p2a: Tangrowth|52/100 tox|[from] drain|[of] p1a: Lapérouse
|
|-heal|p1a: Lapérouse|16/100 tox|[from] item: Leftovers
|-damage|p1a: Lapérouse|4/100 tox|[from] psn
|-damage|p2a: Tangrowth|46/100 tox|[from] psn
|upkeep
|turn|19
|
|t:|1667411613
|move|p1a: Lapérouse|Earth Power|p2a: Tangrowth
|-resisted|p2a: Tangrowth
|-damage|p2a: Tangrowth|22/100 tox
|move|p2a: Tangrowth|Focus Blast|p1a: Lapérouse
|-resisted|p1a: Lapérouse
|-damage|p1a: Lapérouse|0 fnt
|faint|p1a: Lapérouse
|
|-damage|p2a: Tangrowth|10/100 tox|[from] psn
|upkeep
|j| Urwithme
|l| Urwithme
|
|t:|1667411634
|switch|p1a: Lillith|Tyranitar, F|76/100
|-damage|p1a: Lillith|64/100|[from] Stealth Rock
|-weather|Sandstorm|[from] ability: Sand Stream|[of] p1a: Lillith
|turn|20
|
|t:|1667411637
|move|p1a: Lillith|Crunch|p2a: Tangrowth
|-damage|p2a: Tangrowth|0 fnt
|-damage|p1a: Lillith|47/100|[from] item: Rocky Helmet|[of] p2a: Tangrowth
|faint|p2a: Tangrowth
|
|-weather|Sandstorm|[upkeep]
|upkeep
|
|t:|1667411637
|switch|p2a: Rotom|Rotom-Wash|100/100
|-damage|p2a: Rotom|88/100|[from] Stealth Rock
|turn|21
|
|t:|1667411642
|move|p2a: Rotom|Hydro Pump|p1a: Lillith|[miss]
|-miss|p2a: Rotom|p1a: Lillith
|move|p1a: Lillith|Crunch|p2a: Rotom
|-damage|p2a: Rotom|10/100
|
|-weather|Sandstorm|[upkeep]
|-damage|p2a: Rotom|4/100|[from] Sandstorm
|-heal|p2a: Rotom|10/100|[from] item: Leftovers
|upkeep
|turn|22
|j| Ran Kob
|
|t:|1667411652
|move|p2a: Rotom|Hydro Pump|p1a: Lillith
|-supereffective|p1a: Lillith
|-damage|p1a: Lillith|0 fnt
|faint|p1a: Lillith
|
|-weather|Sandstorm|[upkeep]
|-damage|p2a: Rotom|4/100|[from] Sandstorm
|-heal|p2a: Rotom|10/100|[from] item: Leftovers
|upkeep
|
|t:|1667411659
|switch|p1a: Tapu Koko|Tapu Koko|100/100
|-fieldstart|move: Electric Terrain|[from] ability: Electric Surge|[of] p1a: Tapu Koko
|turn|23
|
|t:|1667411660
|switch|p2a: Landorus|Landorus-Therian, M|46/100 tox
|-damage|p2a: Landorus|34/100 tox|[from] Stealth Rock
|-ability|p2a: Landorus|Intimidate|boost
|-unboost|p1a: Tapu Koko|atk|1
|move|p1a: Tapu Koko|Dazzling Gleam|p2a: Landorus
|-damage|p2a: Landorus|8/100 tox
|
|-weather|Sandstorm|[upkeep]
|-damage|p1a: Tapu Koko|94/100|[from] Sandstorm
|-heal|p2a: Landorus|14/100 tox|[from] item: Leftovers
|-damage|p2a: Landorus|8/100 tox|[from] psn
|upkeep
|turn|24
|
|t:|1667411663
|move|p1a: Tapu Koko|Dazzling Gleam|p2a: Landorus
|-damage|p2a: Landorus|0 fnt
|faint|p2a: Landorus
|
|-weather|none
|upkeep
|
|t:|1667411663
|switch|p2a: Heatran|Heatran, M|85/100
|-damage|p2a: Heatran|72/100|[from] Stealth Rock
|turn|25
|
|t:|1667411673
|move|p1a: Tapu Koko|U-turn|p2a: Heatran
|-resisted|p2a: Heatran
|-damage|p2a: Heatran|70/100
|
|t:|1667411674
|switch|p1a: Slowbro|Slowbro, F|85/100|[from]move: U-turn
|-damage|p1a: Slowbro|73/100|[from] Stealth Rock
|move|p2a: Heatran|Earth Power|p1a: Slowbro
|-damage|p1a: Slowbro|52/100
|
|upkeep
|turn|26
|
|t:|1667411676
|move|p2a: Heatran|Magma Storm|p1a: Slowbro|[miss]
|-miss|p2a: Heatran|p1a: Slowbro
|move|p1a: Slowbro|Teleport|p1a: Slowbro
|c|☆Pitaye|^^
|
|t:|1667411688
|switch|p1a: Victini|Victini|100/100|[from]move: Teleport
|
|upkeep
|turn|27
|
|t:|1667411690
|move|p1a: Victini|Bolt Strike|p2a: Heatran
|-damage|p2a: Heatran|20/100
|-status|p2a: Heatran|par
|cant|p2a: Heatran|par
|
|-fieldend|move: Electric Terrain
|upkeep
|turn|28
|c|☆Pitaye|well
|c|☆Pitaye|out of luck my boy
|
|t:|1667411703
|move|p1a: Victini|Bolt Strike|p2a: Heatran
|-damage|p2a: Heatran|0 fnt
|faint|p2a: Heatran
|
|upkeep
|
|t:|1667411703
|switch|p2a: Weavile|Weavile, F|100/100
|-damage|p2a: Weavile|76/100|[from] Stealth Rock
|-ability|p2a: Weavile|Pressure
|turn|29
|
|t:|1667411709
|switch|p1a: Ferrothorn|Ferrothorn, M|83/100
|-damage|p1a: Ferrothorn|76/100|[from] Stealth Rock
|move|p2a: Weavile|Knock Off|p1a: Ferrothorn
|-damage|p1a: Ferrothorn|34/100
|-damage|p2a: Weavile|63/100|[from] ability: Iron Barbs|[of] p1a: Ferrothorn
|-damage|p2a: Weavile|47/100|[from] item: Rocky Helmet|[of] p1a: Ferrothorn
|-enditem|p1a: Ferrothorn|Rocky Helmet|[from] move: Knock Off|[of] p2a: Weavile
|
|upkeep
|turn|30
|
|t:|1667411713
|move|p2a: Weavile|Knock Off|p1a: Ferrothorn
|-damage|p1a: Ferrothorn|8/100
|-damage|p2a: Weavile|34/100|[from] ability: Iron Barbs|[of] p1a: Ferrothorn
|move|p1a: Ferrothorn|Body Press|p2a: Weavile
|-supereffective|p2a: Weavile
|-damage|p2a: Weavile|0 fnt
|faint|p2a: Weavile
|
|upkeep
|
|t:|1667411713
|switch|p2a: Rotom|Rotom-Wash|10/100
|-damage|p2a: Rotom|0 fnt|[from] Stealth Rock
|faint|p2a: Rotom
|
|win|Pitaye
|raw|Pitaye's rating: 1631 &rarr; <strong>1650</strong><br />(+19 for winning)
|raw|minimax_ai's rating: 1618 &rarr; <strong>1599</strong><br />(-19 for losing)
