|j|☆Ferrothornail草钢甲
|j|☆eromangagaki
|t:|1663404058
|gametype|singles
|player|p1|Ferrothornail草钢甲|lillie|1794
|player|p2|eromangagaki|265|1866
|teamsize|p1|6
|teamsize|p2|6
|gen|8
|tier|[Gen 8] OU
|rated|
|rule|Sleep Clause Mod: Limit one foe put to sleep
|rule|Species Clause: Limit one of each Pokémon
|rule|OHKO Clause: OHKO moves are banned
|rule|Evasion Items Clause: Evasion items are banned
|rule|Evasion Moves Clause: Evasion moves are banned
|rule|Endless Battle Clause: Forcing endless battles is banned
|rule|HP Percentage Mod: HP is shown in percentages
|rule|Dynamax Clause: You cannot dynamax
|clearpoke
|poke|p1|Hatterene, F|
|poke|p1|Porygon2|
|poke|p1|Cresselia, F|
|poke|p1|Marowak-Alola, M|
|poke|p1|Crawdaunt, M|
|poke|p1|Melmetal|
|poke|p2|Volcarona, M|
|poke|p2|Zapdos|
|poke|p2|Polteageist|
|poke|p2|Heatran, M|
|poke|p2|Obstagoon, F|
|poke|p2|Klefki, M|
|teampreview
|j| NUZC Kingo9629
|j| Shunshun
|
|t:|1663404084
|start
|switch|p1a: Hatterene|Hatterene, F|100/100
|switch|p2a: Klefki|Klefki, M|100/100
|turn|1
|
|t:|1663404089
|move|p2a: Klefki|Switcheroo|p1a: Hatterene
|-activate|p2a: Klefki|move: Trick|[of] p1a: Hatterene
|-item|p1a: Hatterene|Flame Orb|[from] move: Switcheroo
|-item|p2a: Klefki|Focus Sash|[from] move: Switcheroo
|move|p1a: Hatterene|Mystical Fire|p2a: Klefki
|-supereffective|p2a: Klefki
|-damage|p2a: Klefki|18/100
|-unboost|p2a: Klefki|spa|1
|
|-status|p1a: Hatterene|brn|[from] item: Flame Orb
|upkeep
|turn|2
|
|t:|1663404094
|move|p2a: Klefki|Steel Beam|p1a: Hatterene
|-supereffective|p1a: Hatterene
|-damage|p1a: Hatterene|15/100 brn
|-damage|p2a: Klefki|0 fnt|[from] mindblown
|faint|p2a: Klefki
|move|p1a: Hatterene|Trick Room|p1a: Hatterene
|-fieldstart|move: Trick Room|[of] p1a: Hatterene
|
|-damage|p1a: Hatterene|9/100 brn|[from] brn
|upkeep
|
|t:|1663404099
|switch|p2a: Heatran|Heatran, M|100/100
|turn|3
|l|shunshun
|
|t:|1663404105
|move|p1a: Hatterene|Psychic|p2a: Heatran
|-resisted|p2a: Heatran
|-damage|p2a: Heatran|80/100
|-unboost|p2a: Heatran|spd|1
|move|p2a: Heatran|Stealth Rock|p1a: Hatterene
|move|p1a: Hatterene|Stealth Rock|p2a: Heatran|[from]ability: Magic Bounce
|-sidestart|p2: eromangagaki|move: Stealth Rock
|
|-damage|p1a: Hatterene|3/100 brn|[from] brn
|upkeep
|turn|4
|j| Robin Padilla
|
|t:|1663404107
|move|p1a: Hatterene|Psychic|p2a: Heatran
|-resisted|p2a: Heatran
|-damage|p2a: Heatran|48/100
|move|p2a: Heatran|Stealth Rock|p1a: Hatterene
|move|p1a: Hatterene|Stealth Rock||[from]ability: Magic Bounce|[still]
|-fail|p1a: Hatterene
|
|-damage|p1a: Hatterene|0 fnt|[from] brn
|faint|p1a: Hatterene
|upkeep
|
|t:|1663404116
|switch|p1a: Crawdaunt|Crawdaunt, M|100/100
|turn|5
|l| Robin Padilla
|
|t:|1663404121
|move|p1a: Crawdaunt|Knock Off|p2a: Heatran
|-damage|p2a: Heatran|0 fnt
|-damage|p1a: Crawdaunt|84/100|[from] item: Rocky Helmet|[of] p2a: Heatran
|-enditem|p2a: Heatran|Rocky Helmet|[from] move: Knock Off|[of] p1a: Crawdaunt
|faint|p2a: Heatran
|-damage|p1a: Crawdaunt|74/100|[from] item: Life Orb
|
|upkeep
|
|t:|1663404124
|switch|p2a: Obstagoon|Obstagoon, F|100/100
|-damage|p2a: Obstagoon|88/100|[from] Stealth Rock
|turn|6
|
|t:|1663404126
|move|p1a: Crawdaunt|Crabhammer|p2a: Obstagoon
|-damage|p2a: Obstagoon|0 fnt
|faint|p2a: Obstagoon
|-damage|p1a: Crawdaunt|64/100|[from] item: Life Orb
|
|-fieldend|move: Trick Room
|upkeep
|
|t:|1663404130
|switch|p2a: Polteageist|Polteageist|100/100
|-damage|p2a: Polteageist|88/100|[from] Stealth Rock
|turn|7
|
|t:|1663404136
|move|p2a: Polteageist|Trick|p1a: Crawdaunt
|-activate|p2a: Polteageist|move: Trick|[of] p1a: Crawdaunt
|-item|p1a: Crawdaunt|Flame Orb|[from] move: Trick
|-item|p2a: Polteageist|Life Orb|[from] move: Trick
|move|p1a: Crawdaunt|Knock Off|p2a: Polteageist
|-supereffective|p2a: Polteageist
|-damage|p2a: Polteageist|0 fnt
|-enditem|p2a: Polteageist|Life Orb|[from] move: Knock Off|[of] p1a: Crawdaunt
|faint|p2a: Polteageist
|
|-status|p1a: Crawdaunt|brn|[from] item: Flame Orb
|upkeep
|
|t:|1663404138
|switch|p2a: Zapdos|Zapdos|100/100
|-damage|p2a: Zapdos|75/100|[from] Stealth Rock
|-ability|p2a: Zapdos|Pressure
|turn|8
|
|t:|1663404144
|move|p2a: Zapdos|Substitute|p2a: Zapdos
|-start|p2a: Zapdos|Substitute
|-damage|p2a: Zapdos|50/100
|move|p1a: Crawdaunt|Knock Off|p2a: Zapdos
|-end|p2a: Zapdos|Substitute
|
|-heal|p2a: Zapdos|57/100|[from] item: Leftovers
|-damage|p1a: Crawdaunt|58/100 brn|[from] brn
|upkeep
|turn|9
|
|t:|1663404147
|move|p2a: Zapdos|Discharge|p1a: Crawdaunt
|-supereffective|p1a: Crawdaunt
|-damage|p1a: Crawdaunt|0 fnt
|faint|p1a: Crawdaunt
|
|-heal|p2a: Zapdos|63/100|[from] item: Leftovers
|upkeep
|
|t:|1663404151
|switch|p1a: Marowak|Marowak-Alola, M|100/100
|turn|10
|
|t:|1663404153
|move|p2a: Zapdos|Discharge|p1a: Marowak
|-damage|p1a: Marowak|60/100
|move|p1a: Marowak|Flare Blitz|p2a: Zapdos
|-damage|p2a: Zapdos|0 fnt
|faint|p2a: Zapdos
|
|upkeep
|
|t:|1663404155
|switch|p2a: Volcarona|Volcarona, M|100/100
|turn|11
|
|t:|1663404159
|move|p2a: Volcarona|Quiver Dance|p2a: Volcarona
|-boost|p2a: Volcarona|spa|1
|-boost|p2a: Volcarona|spd|1
|-boost|p2a: Volcarona|spe|1
|move|p1a: Marowak|Flare Blitz|p2a: Volcarona
|-damage|p2a: Volcarona|8/100
|
|upkeep
|turn|12
|
|t:|1663404161
|move|p2a: Volcarona|Quiver Dance|p2a: Volcarona
|-boost|p2a: Volcarona|spa|1
|-boost|p2a: Volcarona|spd|1
|-boost|p2a: Volcarona|spe|1
|move|p1a: Marowak|Flare Blitz|p2a: Volcarona
|-damage|p2a: Volcarona|0 fnt
|faint|p2a: Volcarona
|
|win|Ferrothornail草钢甲
|raw|Ferrothornail草钢甲's rating: 1794 &rarr; <strong>1818</strong><br />(+24 for winning)
|raw|eromangagaki's rating: 1866 &rarr; <strong>1842</strong><br />(-24 for losing)
|l|☆eromangagaki
