|j|☆DeadProtect
|j|☆zKally
|t:|1599640602
|player|p1|DeadProtect|gentleman|1000
|player|p2|zKally|290|1069
|teamsize|p1|6
|teamsize|p2|6
|gametype|singles
|gen|8
|tier|[Gen 8] OU
|rated|
|clearpoke
|poke|p1|Jolteon, M|
|poke|p1|Venusaur, M|
|poke|p1|Orbeetle, M|
|poke|p1|Charizard, F|
|poke|p1|Mandibuzz, F|
|poke|p1|Poliwrath, F|
|poke|p2|Rillaboom, F|
|poke|p2|Dragapult, F|
|poke|p2|Clefable, F|
|poke|p2|Slowbro, M|
|poke|p2|Tyranitar, M|
|poke|p2|Magnezone|
|rule|Sleep Clause Mod: Limit one foe put to sleep
|rule|Species Clause: Limit one of each Pokémon
|rule|OHKO Clause: OHKO moves are banned
|rule|Evasion Moves Clause: Evasion moves are banned
|rule|Endless Battle Clause: Forcing endless battles is banned
|rule|HP Percentage Mod: HP is shown in percentages
|rule|Dynamax Clause: You cannot dynamax
|teampreview
|inactive|Battle timer is ON: inactive players will automatically lose when time's up. (requested by zKally)
|
|t:|1599640607
|start
|switch|p1a: Bulbassaur|Orbeetle, M|100/100
|switch|p2a: Tyranitar|Tyranitar, M|100/100
|-item|p2a: Tyranitar|Leftovers|[from] ability: Frisk|[of] p1a: Bulbassaur|[identify]
|-weather|Sandstorm|[from] ability: Sand Stream|[of] p2a: Tyranitar
|turn|1
|
|t:|1599640618
|move|p1a: Bulbassaur|Sticky Web|p2a: Tyranitar
|-sidestart|p2: zKally|move: Sticky Web
|move|p2a: Tyranitar|Stealth Rock|p1a: Bulbassaur
|-sidestart|p1: DeadProtect|move: Stealth Rock
|
|-weather|Sandstorm|[upkeep]
|-damage|p1a: Bulbassaur|94/100|[from] Sandstorm
|upkeep
|turn|2
|
|t:|1599640631
|move|p1a: Bulbassaur|U-turn|p2a: Tyranitar
|-supereffective|p2a: Tyranitar
|-damage|p2a: Tyranitar|82/100
|
|t:|1599640634
|switch|p1a: Rillabom|Venusaur, M|100/100|[from]move: U-turn
|-damage|p1a: Rillabom|88/100|[from] Stealth Rock
|move|p2a: Tyranitar|Thunder Wave|p1a: Rillabom
|-status|p1a: Rillabom|par
|
|-weather|Sandstorm|[upkeep]
|-damage|p1a: Rillabom|82/100 par|[from] Sandstorm
|-heal|p2a: Tyranitar|88/100|[from] item: Leftovers
|upkeep
|turn|3
|c|☆zKally|lol
|
|t:|1599640650
|move|p2a: Tyranitar|Fire Blast|p1a: Rillabom|[miss]
|-miss|p2a: Tyranitar|p1a: Rillabom
|move|p1a: Rillabom|Sleep Powder|p2a: Tyranitar
|-status|p2a: Tyranitar|slp|[from] move: Sleep Powder
|
|-weather|Sandstorm|[upkeep]
|-damage|p1a: Rillabom|76/100 par|[from] Sandstorm
|-heal|p2a: Tyranitar|95/100 slp|[from] item: Leftovers
|upkeep
|turn|4
|
|t:|1599640659
|cant|p2a: Tyranitar|slp
|move|p1a: Rillabom|Leech Seed|p2a: Tyranitar
|-start|p2a: Tyranitar|move: Leech Seed
|
|-weather|Sandstorm|[upkeep]
|-damage|p1a: Rillabom|70/100 par|[from] Sandstorm
|-heal|p2a: Tyranitar|100/100 slp|[from] item: Leftovers
|-damage|p2a: Tyranitar|88/100 slp|[from] Leech Seed|[of] p1a: Rillabom
|-heal|p1a: Rillabom|87/100 par|[silent]
|upkeep
|turn|5
|
|t:|1599640667
|cant|p2a: Tyranitar|slp
|move|p1a: Rillabom|Solar Beam||[still]
|-prepare|p1a: Rillabom|Solar Beam
|
|-weather|none
|-heal|p2a: Tyranitar|94/100 slp|[from] item: Leftovers
|-damage|p2a: Tyranitar|82/100 slp|[from] Leech Seed|[of] p1a: Rillabom
|-heal|p1a: Rillabom|100/100 par|[silent]
|upkeep
|turn|6
|
|t:|1599640675
|-curestatus|p2a: Tyranitar|slp|[msg]
|move|p2a: Tyranitar|Fire Blast|p1a: Rillabom
|-supereffective|p1a: Rillabom
|-damage|p1a: Rillabom|60/100 par
|cant|p1a: Rillabom|par
|
|-heal|p2a: Tyranitar|88/100|[from] item: Leftovers
|-damage|p2a: Tyranitar|76/100|[from] Leech Seed|[of] p1a: Rillabom
|-heal|p1a: Rillabom|77/100 par|[silent]
|upkeep
|turn|7
|
|t:|1599640688
|switch|p1a: Poliwrath|Poliwrath, F|100/100
|-damage|p1a: Poliwrath|94/100|[from] Stealth Rock
|move|p2a: Tyranitar|Fire Blast|p1a: Poliwrath
|-resisted|p1a: Poliwrath
|-damage|p1a: Poliwrath|84/100
|
|-heal|p1a: Poliwrath|90/100|[from] item: Leftovers
|-heal|p2a: Tyranitar|82/100|[from] item: Leftovers
|-damage|p2a: Tyranitar|70/100|[from] Leech Seed|[of] p1a: Poliwrath
|-heal|p1a: Poliwrath|100/100|[silent]
|upkeep
|turn|8
|
|t:|1599640699
|move|p1a: Poliwrath|Bulk Up|p1a: Poliwrath
|-boost|p1a: Poliwrath|atk|1
|-boost|p1a: Poliwrath|def|1
|move|p2a: Tyranitar|Thunder Wave|p1a: Poliwrath
|-status|p1a: Poliwrath|par
|
|-heal|p2a: Tyranitar|76/100|[from] item: Leftovers
|-damage|p2a: Tyranitar|63/100|[from] Leech Seed|[of] p1a: Poliwrath
|upkeep
|turn|9
|
|t:|1599640711
|move|p2a: Tyranitar|Rock Blast|p1a: Poliwrath
|-resisted|p1a: Poliwrath
|-damage|p1a: Poliwrath|97/100 par
|-resisted|p1a: Poliwrath
|-crit|p1a: Poliwrath
|-damage|p1a: Poliwrath|88/100 par
|-hitcount|p1a: Poliwrath|2
|move|p1a: Poliwrath|Brick Break|p2a: Tyranitar
|-supereffective|p2a: Tyranitar
|-damage|p2a: Tyranitar|0 fnt
|faint|p2a: Tyranitar
|
|-heal|p1a: Poliwrath|95/100 par|[from] item: Leftovers
|upkeep
|
|t:|1599640716
|switch|p2a: Dragapult|Dragapult, F|100/100
|-activate|p2a: Dragapult|move: Sticky Web
|-unboost|p2a: Dragapult|spe|1
|turn|10
|
|t:|1599640731
|move|p2a: Dragapult|Draco Meteor|p1a: Poliwrath
|-damage|p1a: Poliwrath|7/100 par
|-unboost|p2a: Dragapult|spa|2
|cant|p1a: Poliwrath|par
|
|-heal|p1a: Poliwrath|13/100 par|[from] item: Leftovers
|upkeep
|turn|11
|
|t:|1599640739
|switch|p1a: Mandibuzz|Mandibuzz, F|100/100
|-damage|p1a: Mandibuzz|76/100|[from] Stealth Rock
|move|p2a: Dragapult|Draco Meteor|p1a: Mandibuzz
|-damage|p1a: Mandibuzz|37/100
|-unboost|p2a: Dragapult|spa|2
|
|-heal|p1a: Mandibuzz|44/100|[from] item: Leftovers
|upkeep
|turn|12
|
|t:|1599640748
|switch|p2a: Clefable|Clefable, F|100/100
|-activate|p2a: Clefable|move: Sticky Web
|-unboost|p2a: Clefable|spe|1
|move|p1a: Mandibuzz|Toxic|p2a: Clefable
|-status|p2a: Clefable|tox
|
|-heal|p1a: Mandibuzz|50/100|[from] item: Leftovers
|upkeep
|turn|13
|l|☆zKally
|inactive|zKally disconnected and has a minute to reconnect!
|player|p2|
|inactive|zKally has 30 seconds to reconnect!
|inactive|zKally has 20 seconds to reconnect!
|inactive|zKally has 15 seconds to reconnect!
|inactive|zKally has 10 seconds to reconnect!
|inactive|zKally has 5 seconds to reconnect!
|-message|zKally lost due to inactivity.
|
|win|DeadProtect
|raw|DeadProtect's rating: 1000 &rarr; <strong>1048</strong><br />(+48 for winning)
|raw|zKally's rating: 1069 &rarr; <strong>1045</strong><br />(-24 for losing)
