|j|☆Aaschwa
|j|☆buraq
|inactive|Battle timer is ON: inactive players will automatically lose when time's up.
|t:|1668099453
|gametype|singles
|player|p1|Aaschwa|swimmer-gen4|
|player|p2|buraq|lucas|
|teamsize|p1|6
|teamsize|p2|6
|gen|8
|tier|[Gen 8] OU
|rated|Tournament battle
|rule|Sleep Clause Mod: Limit one foe put to sleep
|rule|Species Clause: Limit one of each Pokémon
|rule|OHKO Clause: OHKO moves are banned
|rule|Evasion Items Clause: Evasion items are banned
|rule|Evasion Moves Clause: Evasion moves are banned
|rule|Endless Battle Clause: Forcing endless battles is banned
|rule|HP Percentage Mod: HP is shown in percentages
|rule|Dynamax Clause: You cannot dynamax
|clearpoke
|poke|p1|Dragonite, F|
|poke|p1|Tapu Koko|
|poke|p1|Heatran, F|
|poke|p1|Corviknight, M|
|poke|p1|Obstagoon, F|
|poke|p1|Landorus-Therian, M|
|poke|p2|Rillaboom, M|
|poke|p2|Tornadus-Therian, M|
|poke|p2|Blaziken, M|
|poke|p2|Melmetal|
|poke|p2|Garchomp, F|
|poke|p2|Slowbro, F|
|teampreview
|j| Lougarick22
|c|☆buraq|hf
|j| Therealdeal974
|j| Highv0ltag3
|c|☆Aaschwa|U2
|c| Therealdeal974|gl
|j| 7666657f
|inactive|Aaschwa has 120 seconds left.
|j| cypherstest
|
|t:|1668099500
|start
|switch|p1a: Tapu Koko|Tapu Koko|100/100
|switch|p2a: Rillaboom|Rillaboom, M|100/100
|-fieldstart|move: Electric Terrain|[from] ability: Electric Surge|[of] p1a: Tapu Koko
|-fieldstart|move: Grassy Terrain|[from] ability: Grassy Surge|[of] p2a: Rillaboom
|turn|1
|
|t:|1668099504
|move|p1a: Tapu Koko|Volt Switch|p2a: Rillaboom
|-resisted|p2a: Rillaboom
|-damage|p2a: Rillaboom|83/100
|
|t:|1668099506
|switch|p1a: Corviknight|Corviknight, M|100/100|[from]move: Volt Switch
|-ability|p1a: Corviknight|Pressure
|move|p2a: Rillaboom|Knock Off|p1a: Corviknight
|-damage|p1a: Corviknight|79/100
|-damage|p2a: Rillaboom|66/100|[from] item: Rocky Helmet|[of] p1a: Corviknight
|-enditem|p1a: Corviknight|Rocky Helmet|[from] move: Knock Off|[of] p2a: Rillaboom
|
|-heal|p2a: Rillaboom|72/100|[from] Grassy Terrain
|-heal|p2a: Rillaboom|79/100|[from] item: Leftovers
|upkeep
|turn|2
|c| Therealdeal974|who gon be king ?Lets go boys
|
|t:|1668099535
|switch|p2a: Melmetal|Melmetal|100/100
|move|p1a: Corviknight|U-turn|p2a: Melmetal
|-resisted|p2a: Melmetal
|-damage|p2a: Melmetal|96/100
|
|t:|1668099545
|switch|p1a: Tapu Koko|Tapu Koko|100/100|[from]move: U-turn
|-fieldstart|move: Electric Terrain|[from] ability: Electric Surge|[of] p1a: Tapu Koko
|
|-heal|p2a: Melmetal|100/100|[from] item: Leftovers
|upkeep
|turn|3
|inactive|buraq has 120 seconds left.
|
|t:|1668099586
|move|p2a: Melmetal|Protect|p2a: Melmetal
|-singleturn|p2a: Melmetal|Protect
|move|p1a: Tapu Koko|Volt Switch|p2a: Melmetal
|-activate|p2a: Melmetal|move: Protect
|
|upkeep
|turn|4
|j| no quagsire?
|
|t:|1668099598
|move|p1a: Tapu Koko|Nature's Madness|p2a: Melmetal
|-damage|p2a: Melmetal|50/100
|move|p2a: Melmetal|Double Iron Bash|p1a: Tapu Koko
|-damage|p1a: Tapu Koko|36/100
|-damage|p1a: Tapu Koko|0 fnt
|faint|p1a: Tapu Koko
|-hitcount|p1: Tapu Koko|2
|
|-heal|p2a: Melmetal|57/100|[from] item: Leftovers
|upkeep
|
|t:|1668099604
|switch|p1a: Landorus|Landorus-Therian, M|100/100
|-ability|p1a: Landorus|Intimidate|boost
|-unboost|p2a: Melmetal|atk|1
|turn|5
|
|t:|1668099616
|switch|p2a: Tornadus|Tornadus-Therian, M|100/100
|move|p1a: Landorus|U-turn|p2a: Tornadus
|-resisted|p2a: Tornadus
|-damage|p2a: Tornadus|86/100
|
|t:|1668099624
|switch|p1a: Obstagoon|Obstagoon, F|100/100|[from]move: U-turn
|
|-status|p1a: Obstagoon|brn|[from] item: Flame Orb
|upkeep
|turn|6
|
|t:|1668099633
|move|p2a: Tornadus|U-turn|p1a: Obstagoon
|-supereffective|p1a: Obstagoon
|-crit|p1a: Obstagoon
|-damage|p1a: Obstagoon|57/100 brn
|
|t:|1668099641
|switch|p2a: Melmetal|Melmetal|57/100|[from]move: U-turn
|move|p1a: Obstagoon|Facade|p2a: Melmetal
|-resisted|p2a: Melmetal
|-damage|p2a: Melmetal|33/100
|
|-heal|p2a: Melmetal|40/100|[from] item: Leftovers
|-damage|p1a: Obstagoon|51/100 brn|[from] brn
|-fieldend|move: Electric Terrain
|upkeep
|turn|7
|
|t:|1668099651
|move|p2a: Melmetal|Protect|p2a: Melmetal
|-singleturn|p2a: Melmetal|Protect
|move|p1a: Obstagoon|Knock Off|p2a: Melmetal
|-activate|p2a: Melmetal|move: Protect
|
|-heal|p2a: Melmetal|46/100|[from] item: Leftovers
|-damage|p1a: Obstagoon|45/100 brn|[from] brn
|upkeep
|turn|8
|
|t:|1668099656
|switch|p2a: Tornadus|Tornadus-Therian, M|100/100
|move|p1a: Obstagoon|Close Combat|p2a: Tornadus
|-resisted|p2a: Tornadus
|-crit|p2a: Tornadus
|-damage|p2a: Tornadus|60/100
|-unboost|p1a: Obstagoon|def|1
|-unboost|p1a: Obstagoon|spd|1
|
|-damage|p1a: Obstagoon|39/100 brn|[from] brn
|upkeep
|turn|9
|
|t:|1668099660
|switch|p1a: Corviknight|Corviknight, M|79/100
|-ability|p1a: Corviknight|Pressure
|move|p2a: Tornadus|U-turn|p1a: Corviknight
|-resisted|p1a: Corviknight
|-damage|p1a: Corviknight|76/100
|
|t:|1668099667
|switch|p2a: Slowbro|Slowbro, F|100/100|[from]move: U-turn
|
|upkeep
|turn|10
|
|t:|1668099681
|switch|p1a: Heatran|Heatran, F|100/100
|move|p2a: Slowbro|Scald|p1a: Heatran
|-supereffective|p1a: Heatran
|-damage|p1a: Heatran|64/100
|
|-heal|p1a: Heatran|70/100|[from] item: Leftovers
|upkeep
|turn|11
|
|t:|1668099684
|switch|p2a: Garchomp|Garchomp, F|100/100
|move|p1a: Heatran|Stealth Rock|p2a: Garchomp
|-sidestart|p2: buraq|move: Stealth Rock
|
|-heal|p1a: Heatran|77/100|[from] item: Leftovers
|upkeep
|turn|12
|
|t:|1668099687
|switch|p1a: Corviknight|Corviknight, M|76/100
|-ability|p1a: Corviknight|Pressure
|move|p2a: Garchomp|Stealth Rock|p1a: Corviknight
|-sidestart|p1: Aaschwa|move: Stealth Rock
|
|upkeep
|turn|13
|
|t:|1668099689
|switch|p2a: Slowbro|Slowbro, F|100/100
|-damage|p2a: Slowbro|88/100|[from] Stealth Rock
|move|p1a: Corviknight|U-turn|p2a: Slowbro
|-supereffective|p2a: Slowbro
|-damage|p2a: Slowbro|70/100
|-damage|p1a: Corviknight|60/100|[from] item: Rocky Helmet|[of] p2a: Slowbro
|
|t:|1668099693
|switch|p1a: Obstagoon|Obstagoon, F|39/100 brn|[from]move: U-turn
|-damage|p1a: Obstagoon|26/100 brn|[from] Stealth Rock
|
|-damage|p1a: Obstagoon|20/100 brn|[from] brn
|upkeep
|turn|14
|
|t:|1668099696
|switch|p2a: Melmetal|Melmetal|46/100
|-damage|p2a: Melmetal|40/100|[from] Stealth Rock
|move|p1a: Obstagoon|Knock Off|p2a: Melmetal
|-damage|p2a: Melmetal|6/100
|-enditem|p2a: Melmetal|Leftovers|[from] move: Knock Off|[of] p1a: Obstagoon
|
|-damage|p1a: Obstagoon|14/100 brn|[from] brn
|upkeep
|turn|15
|
|t:|1668099706
|move|p2a: Melmetal|Protect|p2a: Melmetal
|-singleturn|p2a: Melmetal|Protect
|move|p1a: Obstagoon|Knock Off|p2a: Melmetal
|-activate|p2a: Melmetal|move: Protect
|
|-damage|p1a: Obstagoon|8/100 brn|[from] brn
|upkeep
|turn|16
|
|t:|1668099710
|move|p2a: Melmetal|Protect||[still]
|-fail|p2a: Melmetal
|move|p1a: Obstagoon|Knock Off|p2a: Melmetal
|-damage|p2a: Melmetal|0 fnt
|faint|p2a: Melmetal
|
|-damage|p1a: Obstagoon|2/100 brn|[from] brn
|upkeep
|
|t:|1668099713
|switch|p2a: Tornadus|Tornadus-Therian, M|94/100
|turn|17
|
|t:|1668099717
|move|p2a: Tornadus|U-turn|p1a: Obstagoon
|-supereffective|p1a: Obstagoon
|-damage|p1a: Obstagoon|0 fnt
|faint|p1a: Obstagoon
|
|t:|1668099719
|switch|p2a: Slowbro|Slowbro, F|100/100|[from]move: U-turn
|-damage|p2a: Slowbro|88/100|[from] Stealth Rock
|
|upkeep
|
|t:|1668099727
|switch|p1a: Heatran|Heatran, F|77/100
|-damage|p1a: Heatran|64/100|[from] Stealth Rock
|turn|18
|
|t:|1668099731
|switch|p2a: Tornadus|Tornadus-Therian, M|100/100
|move|p1a: Heatran|Magma Storm|p2a: Tornadus|[miss]
|-miss|p1a: Heatran|p2a: Tornadus
|
|-heal|p1a: Heatran|70/100|[from] item: Leftovers
|upkeep
|turn|19
|
|t:|1668099734
|move|p1a: Heatran|Protect|p1a: Heatran
|-singleturn|p1a: Heatran|Protect
|move|p2a: Tornadus|Knock Off|p1a: Heatran
|-activate|p1a: Heatran|move: Protect
|
|-heal|p1a: Heatran|77/100|[from] item: Leftovers
|upkeep
|turn|20
|c|☆buraq|mb
|j| HarryBW247
|
|t:|1668099744
|switch|p1a: Corviknight|Corviknight, M|60/100
|-damage|p1a: Corviknight|48/100|[from] Stealth Rock
|-ability|p1a: Corviknight|Pressure
|move|p2a: Tornadus|Knock Off|p1a: Corviknight
|-damage|p1a: Corviknight|39/100
|
|upkeep
|turn|21
|
|t:|1668099746
|move|p2a: Tornadus|Heat Wave|p1a: Corviknight
|-supereffective|p1a: Corviknight
|-damage|p1a: Corviknight|0 fnt
|faint|p1a: Corviknight
|
|upkeep
|
|t:|1668099749
|switch|p1a: Landorus|Landorus-Therian, M|100/100
|-damage|p1a: Landorus|88/100|[from] Stealth Rock
|-ability|p1a: Landorus|Intimidate|boost
|-unboost|p2a: Tornadus|atk|1
|turn|22
|
|t:|1668099753
|move|p1a: Landorus|Stone Edge|p2a: Tornadus
|-supereffective|p2a: Tornadus
|-damage|p2a: Tornadus|14/100
|move|p2a: Tornadus|Knock Off|p1a: Landorus
|-damage|p1a: Landorus|74/100
|-enditem|p1a: Landorus|Choice Scarf|[from] move: Knock Off|[of] p2a: Tornadus
|
|upkeep
|turn|23
|
|t:|1668099763
|move|p2a: Tornadus|Heat Wave|p1a: Landorus
|-damage|p1a: Landorus|45/100
|move|p1a: Landorus|U-turn|p2a: Tornadus
|-resisted|p2a: Tornadus
|-damage|p2a: Tornadus|1/100
|
|t:|1668099766
|switch|p1a: Dragonite|Dragonite, F|100/100|[from]move: U-turn
|
|upkeep
|turn|24
|
|t:|1668099768
|switch|p2a: Slowbro|Slowbro, F|100/100
|-damage|p2a: Slowbro|88/100|[from] Stealth Rock
|move|p1a: Dragonite|Extreme Speed|p2a: Slowbro
|-damage|p2a: Slowbro|68/100
|-damage|p1a: Dragonite|84/100|[from] item: Rocky Helmet|[of] p2a: Slowbro
|
|upkeep
|turn|25
|
|t:|1668099772
|move|p1a: Dragonite|Dragon Dance|p1a: Dragonite
|-boost|p1a: Dragonite|atk|1
|-boost|p1a: Dragonite|spe|1
|move|p2a: Slowbro|Toxic|p1a: Dragonite
|-status|p1a: Dragonite|tox
|
|-damage|p1a: Dragonite|78/100 tox|[from] psn
|upkeep
|turn|26
|
|t:|1668099777
|move|p1a: Dragonite|Earthquake|p2a: Slowbro
|-damage|p2a: Slowbro|37/100
|move|p2a: Slowbro|Future Sight|p1a: Dragonite
|-start|p2a: Slowbro|move: Future Sight
|
|-damage|p1a: Dragonite|66/100 tox|[from] psn
|upkeep
|turn|27
|c| Therealdeal974|Lando the goat
|
|t:|1668099781
|move|p1a: Dragonite|Dragon Dance|p1a: Dragonite
|-boost|p1a: Dragonite|atk|1
|-boost|p1a: Dragonite|spe|1
|move|p2a: Slowbro|Scald|p1a: Dragonite
|-resisted|p1a: Dragonite
|-damage|p1a: Dragonite|51/100 tox
|
|-damage|p1a: Dragonite|33/100 tox|[from] psn
|upkeep
|turn|28
|
|t:|1668099786
|switch|p2a: Tornadus|Tornadus-Therian, M|34/100
|move|p1a: Dragonite|Extreme Speed|p2a: Tornadus
|-damage|p2a: Tornadus|0 fnt
|faint|p2a: Tornadus
|
|-end|p1a: Dragonite|move: Future Sight
|-damage|p1a: Dragonite|0 fnt
|faint|p1a: Dragonite
|upkeep
|
|t:|1668099796
|switch|p2a: Blaziken|Blaziken, M|100/100
|switch|p1a: Heatran|Heatran, F|77/100
|-damage|p2a: Blaziken|88/100|[from] Stealth Rock
|-damage|p1a: Heatran|64/100|[from] Stealth Rock
|turn|29
|
|t:|1668099800
|move|p2a: Blaziken|Close Combat|p1a: Heatran
|-supereffective|p1a: Heatran
|-damage|p1a: Heatran|0 fnt
|-unboost|p2a: Blaziken|def|1
|-unboost|p2a: Blaziken|spd|1
|faint|p1a: Heatran
|
|-heal|p2a: Blaziken|94/100|[from] item: Leftovers
|-ability|p2a: Blaziken|Speed Boost|boost
|-boost|p2a: Blaziken|spe|1
|upkeep
|
|t:|1668099802
|switch|p1a: Landorus|Landorus-Therian, M|45/100
|-damage|p1a: Landorus|33/100|[from] Stealth Rock
|-ability|p1a: Landorus|Intimidate|boost
|-unboost|p2a: Blaziken|atk|1
|turn|30
|
|t:|1668099804
|move|p2a: Blaziken|Flare Blitz|p1a: Landorus
|-damage|p1a: Landorus|0 fnt
|faint|p1a: Landorus
|-damage|p2a: Blaziken|84/100|[from] Recoil
|
|win|buraq
|n|☆Aaschwa|aaschwa
|n|☆buraq|buraq
|n| Lougarick22|lougarick22
|n| Therealdeal974|therealdeal974
|n| Highv0ltag3|highv0ltag3
|n| 7666657f|7666657f
|n| cypherstest|cypherstest
|n| no quagsire?|noquagsire
|n| HarryBW247|harrybw247
