|j|☆FreeBobby2020
|j|☆N30N3
|player|p1|FreeBobby2020|265|1809
|player|p2|N30N3|2|1831
|teamsize|p1|6
|teamsize|p2|6
|gametype|singles
|gen|8
|tier|[Gen 8] OU
|rated|
|clearpoke
|poke|p1|Weezing-Galar, F|
|poke|p1|Barraskewda, M|
|poke|p1|Zeraora|
|poke|p1|Aegislash, F|
|poke|p1|Pelipper, F|
|poke|p1|Ferrothorn, M|
|poke|p2|Mimikyu, M|
|poke|p2|Hippowdon, F|
|poke|p2|Excadrill, M|
|poke|p2|Tyranitar, F|
|poke|p2|Kyurem|
|poke|p2|Ferrothorn, F|
|rule|Sleep Clause Mod: Limit one foe put to sleep
|rule|Species Clause: Limit one of each Pokémon
|rule|OHKO Clause: OHKO moves are banned
|rule|Evasion Moves Clause: Evasion moves are banned
|rule|Endless Battle Clause: Forcing endless battles is banned
|rule|HP Percentage Mod: HP is shown in percentages
|rule|Dynamax Clause: You cannot dynamax
|teampreview
|j| fghsfgd
|j| funteamsonly12
|inactive|Battle timer is ON: inactive players will automatically lose when time's up. (requested by N30N3)
|
|start
|switch|p1a: Meet the Woo|Aegislash, F|100/100
|switch|p2a: Tyranitar|Tyranitar, F|100/100
|-weather|Sandstorm|[from] ability: Sand Stream|[of] p2a: Tyranitar
|turn|1
|j| biklad
|
|move|p1a: Meet the Woo|King's Shield|p1a: Meet the Woo
|-singleturn|p1a: Meet the Woo|Protect
|move|p2a: Tyranitar|Crunch|p1a: Meet the Woo
|-activate|p1a: Meet the Woo|move: Protect
|-unboost|p2a: Tyranitar|atk|1
|
|-weather|Sandstorm|[upkeep]
|upkeep
|turn|2
|
|switch|p2a: Ferrothorn|Ferrothorn, F|100/100
|switch|p1a: Patek Philleech|Ferrothorn, M|100/100
|
|-weather|Sandstorm|[upkeep]
|upkeep
|turn|3
|
|move|p2a: Ferrothorn|Knock Off|p1a: Patek Philleech
|-damage|p1a: Patek Philleech|89/100
|-damage|p2a: Ferrothorn|88/100|[from] ability: Iron Barbs|[of] p1a: Patek Philleech
|-enditem|p1a: Patek Philleech|Leftovers|[from] move: Knock Off|[of] p2a: Ferrothorn
|move|p1a: Patek Philleech|Body Press|p2a: Ferrothorn
|-supereffective|p2a: Ferrothorn
|-damage|p2a: Ferrothorn|49/100
|-damage|p1a: Patek Philleech|77/100|[from] ability: Iron Barbs|[of] p2a: Ferrothorn
|
|-weather|Sandstorm|[upkeep]
|-heal|p2a: Ferrothorn|55/100|[from] item: Leftovers
|upkeep
|turn|4
|
|move|p2a: Ferrothorn|Spikes|p1a: Patek Philleech
|-sidestart|p1: FreeBobby2020|Spikes
|move|p1a: Patek Philleech|Body Press|p2a: Ferrothorn
|-supereffective|p2a: Ferrothorn
|-damage|p2a: Ferrothorn|18/100
|-damage|p1a: Patek Philleech|65/100|[from] ability: Iron Barbs|[of] p2a: Ferrothorn
|
|-weather|Sandstorm|[upkeep]
|-heal|p2a: Ferrothorn|24/100|[from] item: Leftovers
|upkeep
|turn|5
|
|move|p2a: Ferrothorn|Spikes|p1a: Patek Philleech
|-sidestart|p1: FreeBobby2020|Spikes
|move|p1a: Patek Philleech|Body Press|p2a: Ferrothorn
|-supereffective|p2a: Ferrothorn
|-damage|p2a: Ferrothorn|0 fnt
|-damage|p1a: Patek Philleech|52/100|[from] ability: Iron Barbs|[of] p2a: Ferrothorn
|faint|p2a: Ferrothorn
|
|-weather|none
|upkeep
|
|switch|p2a: Kyurem|Kyurem|100/100
|-ability|p2a: Kyurem|Pressure
|turn|6
|j| Gabriel Rufian
|l| Gabriel Rufian
|
|switch|p1a: Meet the Woo|Aegislash, F|100/100
|-damage|p1a: Meet the Woo|84/100|[from] Spikes
|move|p2a: Kyurem|Ice Beam|p1a: Meet the Woo
|-resisted|p1a: Meet the Woo
|-damage|p1a: Meet the Woo|59/100
|
|-heal|p1a: Meet the Woo|66/100|[from] item: Leftovers
|upkeep
|turn|7
|
|switch|p2a: Tyranitar|Tyranitar, F|100/100
|-weather|Sandstorm|[from] ability: Sand Stream|[of] p2a: Tyranitar
|move|p1a: Meet the Woo|Toxic|p2a: Tyranitar
|-status|p2a: Tyranitar|tox
|
|-weather|Sandstorm|[upkeep]
|-heal|p1a: Meet the Woo|72/100|[from] item: Leftovers
|-damage|p2a: Tyranitar|94/100 tox|[from] psn
|upkeep
|turn|8
|j| 4G3NC Ban Lucha
|
|move|p1a: Meet the Woo|King's Shield|p1a: Meet the Woo
|-singleturn|p1a: Meet the Woo|Protect
|move|p2a: Tyranitar|Stealth Rock|p1a: Meet the Woo
|-sidestart|p1: FreeBobby2020|move: Stealth Rock
|
|-weather|Sandstorm|[upkeep]
|-heal|p1a: Meet the Woo|78/100|[from] item: Leftovers
|-damage|p2a: Tyranitar|82/100 tox|[from] psn
|upkeep
|turn|9
|
|switch|p2a: Excadrill|Excadrill, M|100/100
|switch|p1a: Vossi Bop|Weezing-Galar, F|100/100
|-ability|p1a: Vossi Bop|Neutralizing Gas
|-damage|p1a: Vossi Bop|84/100|[from] Spikes
|-damage|p1a: Vossi Bop|72/100|[from] Stealth Rock
|
|-weather|Sandstorm|[upkeep]
|-damage|p1a: Vossi Bop|66/100|[from] Sandstorm
|-heal|p1a: Vossi Bop|72/100|[from] item: Black Sludge
|upkeep
|turn|10
|
|switch|p1a: Patek Philleech|Ferrothorn, M|52/100
|-damage|p1a: Patek Philleech|36/100|[from] Spikes
|-damage|p1a: Patek Philleech|30/100|[from] Stealth Rock
|move|p2a: Excadrill|Iron Head|p1a: Patek Philleech
|-resisted|p1a: Patek Philleech
|-damage|p1a: Patek Philleech|12/100
|-damage|p2a: Excadrill|88/100|[from] ability: Iron Barbs|[of] p1a: Patek Philleech
|-damage|p2a: Excadrill|78/100|[from] item: Life Orb
|
|-weather|Sandstorm|[upkeep]
|upkeep
|turn|11
|
|switch|p1a: Drip or Drown|Pelipper, F|100/100
|-damage|p1a: Drip or Drown|76/100|[from] Stealth Rock
|-weather|RainDance|[from] ability: Drizzle|[of] p1a: Drip or Drown
|move|p2a: Excadrill|Earthquake|p1a: Drip or Drown
|-immune|p1a: Drip or Drown
|
|-weather|RainDance|[upkeep]
|upkeep
|turn|12
|j| MrWolfe123
|
|switch|p2a: Tyranitar|Tyranitar, F|82/100 tox
|-weather|Sandstorm|[from] ability: Sand Stream|[of] p2a: Tyranitar
|switch|p1a: Patek Philleech|Ferrothorn, M|12/100
|-damage|p1a: Patek Philleech|0 fnt|[from] Spikes
|faint|p1a: Patek Philleech
|
|-weather|Sandstorm|[upkeep]
|-damage|p2a: Tyranitar|76/100 tox|[from] psn
|upkeep
|
|switch|p1a: Vossi Bop|Weezing-Galar, F|72/100
|-ability|p1a: Vossi Bop|Neutralizing Gas
|-damage|p1a: Vossi Bop|55/100|[from] Spikes
|-damage|p1a: Vossi Bop|43/100|[from] Stealth Rock
|turn|13
|
|move|p2a: Tyranitar|Stone Edge|p1a: Vossi Bop
|-damage|p1a: Vossi Bop|0 fnt
|faint|p1a: Vossi Bop
|
|-weather|Sandstorm|[upkeep]
|-damage|p2a: Tyranitar|64/100 tox|[from] psn
|upkeep
|l| fghsfgd
|l| 4G3NC Ban Lucha
|
|switch|p1a: Barraskewda|Barraskewda, M|100/100
|-damage|p1a: Barraskewda|84/100|[from] Spikes
|-damage|p1a: Barraskewda|72/100|[from] Stealth Rock
|turn|14
|l| biklad
|j| Nartey
|j| HeavenStar
|j| Hooligan SWIIC
|
|switch|p2a: Kyurem|Kyurem|100/100
|-ability|p2a: Kyurem|Pressure
|move|p1a: Barraskewda|Liquidation|p2a: Kyurem
|-resisted|p2a: Kyurem
|-damage|p2a: Kyurem|70/100
|
|-weather|Sandstorm|[upkeep]
|-damage|p1a: Barraskewda|66/100|[from] Sandstorm
|-damage|p2a: Kyurem|63/100|[from] Sandstorm
|upkeep
|turn|15
|
|switch|p1a: Drip or Drown|Pelipper, F|76/100
|-damage|p1a: Drip or Drown|51/100|[from] Stealth Rock
|-weather|RainDance|[from] ability: Drizzle|[of] p1a: Drip or Drown
|switch|p2a: Mimikyu|Mimikyu, M|100/100
|
|-weather|RainDance|[upkeep]
|upkeep
|turn|16
|
|switch|p2a: Tyranitar|Tyranitar, F|64/100 tox
|-weather|Sandstorm|[from] ability: Sand Stream|[of] p2a: Tyranitar
|move|p1a: Drip or Drown|Scald|p2a: Tyranitar
|-supereffective|p2a: Tyranitar
|-damage|p2a: Tyranitar|0 fnt
|faint|p2a: Tyranitar
|
|-weather|Sandstorm|[upkeep]
|-damage|p1a: Drip or Drown|45/100|[from] Sandstorm
|upkeep
|
|switch|p2a: Excadrill|Excadrill, M|78/100
|turn|17
|l| Hooligan SWIIC
|
|switch|p1a: Meet the Woo|Aegislash, F|78/100
|-damage|p1a: Meet the Woo|61/100|[from] Spikes
|-damage|p1a: Meet the Woo|55/100|[from] Stealth Rock
|move|p2a: Excadrill|Rock Slide|p1a: Meet the Woo
|-resisted|p1a: Meet the Woo
|-damage|p1a: Meet the Woo|41/100
|-damage|p2a: Excadrill|68/100|[from] item: Life Orb
|
|-weather|Sandstorm|[upkeep]
|-heal|p1a: Meet the Woo|48/100|[from] item: Leftovers
|upkeep
|turn|18
|
|move|p1a: Meet the Woo|King's Shield|p1a: Meet the Woo
|-singleturn|p1a: Meet the Woo|Protect
|move|p2a: Excadrill|Earthquake|p1a: Meet the Woo
|-activate|p1a: Meet the Woo|move: Protect
|
|-weather|Sandstorm|[upkeep]
|-heal|p1a: Meet the Woo|54/100|[from] item: Leftovers
|upkeep
|turn|19
|
|switch|p1a: Drip or Drown|Pelipper, F|45/100
|-damage|p1a: Drip or Drown|20/100|[from] Stealth Rock
|-weather|RainDance|[from] ability: Drizzle|[of] p1a: Drip or Drown
|move|p2a: Excadrill|Earthquake|p1a: Drip or Drown
|-immune|p1a: Drip or Drown
|
|-weather|RainDance|[upkeep]
|upkeep
|turn|20
|
|switch|p2a: Kyurem|Kyurem|63/100
|-ability|p2a: Kyurem|Pressure
|move|p1a: Drip or Drown|Scald|p2a: Kyurem
|-resisted|p2a: Kyurem
|-damage|p2a: Kyurem|24/100
|
|-weather|RainDance|[upkeep]
|upkeep
|turn|21
|
|move|p2a: Kyurem|Ice Beam|p1a: Drip or Drown
|-damage|p1a: Drip or Drown|0 fnt
|faint|p1a: Drip or Drown
|
|-weather|RainDance|[upkeep]
|upkeep
|
|switch|p1a: Zeraora|Zeraora|100/100
|-damage|p1a: Zeraora|88/100|[from] Stealth Rock
|-damage|p1a: Zeraora|72/100|[from] Spikes
|turn|22
|j| RealSoul
|
|switch|p2a: Hippowdon|Hippowdon, F|100/100
|-weather|Sandstorm|[from] ability: Sand Stream|[of] p2a: Hippowdon
|move|p1a: Zeraora|Grass Knot|p2a: Hippowdon
|-supereffective|p2a: Hippowdon
|-damage|p2a: Hippowdon|20/100
|-damage|p1a: Zeraora|62/100|[from] item: Life Orb
|
|-weather|Sandstorm|[upkeep]
|-damage|p1a: Zeraora|56/100|[from] Sandstorm
|upkeep
|turn|23
|
|move|p1a: Zeraora|Close Combat|p2a: Hippowdon
|-damage|p2a: Hippowdon|0 fnt
|-unboost|p1a: Zeraora|def|1
|-unboost|p1a: Zeraora|spd|1
|-damage|p1a: Zeraora|46/100|[from] item: Life Orb
|faint|p2a: Hippowdon
|
|-weather|Sandstorm|[upkeep]
|-damage|p1a: Zeraora|40/100|[from] Sandstorm
|upkeep
|
|switch|p2a: Excadrill|Excadrill, M|68/100
|turn|24
|j| bbts_uo
|
|switch|p1a: Meet the Woo|Aegislash, F|54/100
|-damage|p1a: Meet the Woo|37/100|[from] Spikes
|-damage|p1a: Meet the Woo|31/100|[from] Stealth Rock
|move|p2a: Excadrill|Earthquake|p1a: Meet the Woo
|-supereffective|p1a: Meet the Woo
|-damage|p1a: Meet the Woo|0 fnt
|-damage|p2a: Excadrill|58/100|[from] item: Life Orb
|faint|p1a: Meet the Woo
|
|-weather|Sandstorm|[upkeep]
|upkeep
|
|switch|p1a: Barraskewda|Barraskewda, M|66/100
|-damage|p1a: Barraskewda|50/100|[from] Spikes
|-damage|p1a: Barraskewda|37/100|[from] Stealth Rock
|turn|25
|
|switch|p2a: Kyurem|Kyurem|24/100
|-ability|p2a: Kyurem|Pressure
|move|p1a: Barraskewda|Aqua Jet|p2a: Kyurem
|-resisted|p2a: Kyurem
|-damage|p2a: Kyurem|9/100
|
|-weather|Sandstorm|[upkeep]
|-damage|p1a: Barraskewda|31/100|[from] Sandstorm
|-damage|p2a: Kyurem|3/100|[from] Sandstorm
|upkeep
|turn|26
|
|move|p1a: Barraskewda|Aqua Jet|p2a: Kyurem
|-resisted|p2a: Kyurem
|-damage|p2a: Kyurem|0 fnt
|faint|p2a: Kyurem
|
|-weather|Sandstorm|[upkeep]
|-damage|p1a: Barraskewda|25/100|[from] Sandstorm
|upkeep
|-message|FreeBobby2020 forfeited.
|
|win|N30N3
|l|☆FreeBobby2020
|j| OUTX niyexh
|l|☆N30N3
