|j|☆LT94JE Allistair
|j|☆chansey and lulu
|t:|1664034373
|gametype|singles
|player|p1|LT94JE Allistair|101|1788
|player|p2|chansey and lulu|hooligans|1780
|teamsize|p1|6
|teamsize|p2|6
|gen|8
|tier|[Gen 8] OU
|rated|
|rule|Sleep Clause Mod: Limit one foe put to sleep
|rule|Species Clause: Limit one of each Pokémon
|rule|OHKO Clause: OHKO moves are banned
|rule|Evasion Items Clause: Evasion items are banned
|rule|Evasion Moves Clause: Evasion moves are banned
|rule|Endless Battle Clause: Forcing endless battles is banned
|rule|HP Percentage Mod: HP is shown in percentages
|rule|Dynamax Clause: You cannot dynamax
|clearpoke
|poke|p1|Mew|
|poke|p1|Slurpuff, F|
|poke|p1|Jirachi|
|poke|p1|Tapu Fini|
|poke|p1|Vanilluxe, M|
|poke|p1|Nidoking, M|
|poke|p2|Tapu Lele|
|poke|p2|Tyranitar, F|
|poke|p2|Excadrill, F|
|poke|p2|Ferrothorn, F|
|poke|p2|Zapdos|
|poke|p2|Urshifu-*, F|
|teampreview
|j| Banhuotsaigon
|
|t:|1664034388
|start
|switch|p1a: Slurpuff|Slurpuff, F|100/100
|switch|p2a: Urshifu|Urshifu-Rapid-Strike, F|100/100
|turn|1
|
|t:|1664034393
|move|p2a: Urshifu|Surging Strikes|p1a: Slurpuff
|-crit|p1a: Slurpuff
|-damage|p1a: Slurpuff|80/100
|-crit|p1a: Slurpuff
|-damage|p1a: Slurpuff|58/100
|-crit|p1a: Slurpuff
|-damage|p1a: Slurpuff|37/100
|-hitcount|p1a: Slurpuff|3
|move|p1a: Slurpuff|Sticky Web|p2a: Urshifu
|-sidestart|p2: chansey and lulu|move: Sticky Web
|
|upkeep
|turn|2
|
|t:|1664034402
|move|p2a: Urshifu|Surging Strikes|p1a: Slurpuff
|-crit|p1a: Slurpuff
|-damage|p1a: Slurpuff|16/100
|-crit|p1a: Slurpuff
|-damage|p1a: Slurpuff|0 fnt
|faint|p1a: Slurpuff
|-hitcount|p1: Slurpuff|2
|
|upkeep
|
|t:|1664034407
|switch|p1a: Tapu Fini|Tapu Fini|100/100
|-fieldstart|move: Misty Terrain|[from] ability: Misty Surge|[of] p1a: Tapu Fini
|turn|3
|j| tenders mfc
|
|t:|1664034412
|switch|p1a: Vanilluxe|Vanilluxe, M|100/100
|-weather|Hail|[from] ability: Snow Warning|[of] p1a: Vanilluxe
|move|p2a: Urshifu|U-turn|p1a: Vanilluxe
|-damage|p1a: Vanilluxe|67/100
|
|t:|1664034418
|switch|p2a: Tyranitar|Tyranitar, F|100/100|[from]move: U-turn
|-activate|p2a: Tyranitar|move: Sticky Web
|-unboost|p2a: Tyranitar|spe|1
|-weather|Sandstorm|[from] ability: Sand Stream|[of] p2a: Tyranitar
|
|-weather|Sandstorm|[upkeep]
|-damage|p1a: Vanilluxe|61/100|[from] Sandstorm
|upkeep
|turn|4
|
|t:|1664034428
|move|p1a: Vanilluxe|Hail|p1a: Vanilluxe
|-weather|Hail
|move|p2a: Tyranitar|Crunch|p1a: Vanilluxe
|-damage|p1a: Vanilluxe|0 fnt
|faint|p1a: Vanilluxe
|
|-weather|Hail|[upkeep]
|-damage|p2a: Tyranitar|94/100|[from] Hail
|upkeep
|
|t:|1664034438
|switch|p1a: Nidoking|Nidoking, M|100/100
|turn|5
|
|t:|1664034444
|switch|p2a: Ferrothorn|Ferrothorn, F|100/100
|-activate|p2a: Ferrothorn|move: Sticky Web
|-unboost|p2a: Ferrothorn|spe|1
|move|p1a: Nidoking|Toxic Spikes|p2a: Ferrothorn
|-sidestart|p2: chansey and lulu|move: Toxic Spikes
|
|-weather|Hail|[upkeep]
|-damage|p1a: Nidoking|95/100|[from] Hail
|-damage|p2a: Ferrothorn|94/100|[from] Hail
|-heal|p2a: Ferrothorn|100/100|[from] item: Leftovers
|upkeep
|turn|6
|
|t:|1664034454
|move|p1a: Nidoking|Taunt|p2a: Ferrothorn
|-start|p2a: Ferrothorn|move: Taunt
|move|p2a: Ferrothorn|Knock Off|p1a: Nidoking
|-damage|p1a: Nidoking|65/100
|-enditem|p1a: Nidoking|Focus Sash|[from] move: Knock Off|[of] p2a: Ferrothorn
|
|-weather|Hail|[upkeep]
|-damage|p1a: Nidoking|59/100|[from] Hail
|-damage|p2a: Ferrothorn|94/100|[from] Hail
|-heal|p2a: Ferrothorn|100/100|[from] item: Leftovers
|upkeep
|turn|7
|
|t:|1664034467
|move|p1a: Nidoking|Toxic Spikes|p2a: Ferrothorn
|-sidestart|p2: chansey and lulu|move: Toxic Spikes
|move|p2a: Ferrothorn|Power Whip|p1a: Nidoking|[miss]
|-miss|p2a: Ferrothorn|p1a: Nidoking
|
|-weather|Hail|[upkeep]
|-damage|p1a: Nidoking|53/100|[from] Hail
|-damage|p2a: Ferrothorn|94/100|[from] Hail
|-heal|p2a: Ferrothorn|100/100|[from] item: Leftovers
|-fieldend|Misty Terrain
|upkeep
|turn|8
|
|t:|1664034476
|move|p1a: Nidoking|Earth Power|p2a: Ferrothorn
|-damage|p2a: Ferrothorn|69/100
|move|p2a: Ferrothorn|Power Whip|p1a: Nidoking|[miss]
|-miss|p2a: Ferrothorn|p1a: Nidoking
|
|-weather|none
|-heal|p2a: Ferrothorn|75/100|[from] item: Leftovers
|-end|p2a: Ferrothorn|move: Taunt
|upkeep
|turn|9
|
|t:|1664034486
|move|p1a: Nidoking|Taunt|p2a: Ferrothorn
|-start|p2a: Ferrothorn|move: Taunt
|move|p2a: Ferrothorn|Power Whip|p1a: Nidoking|[miss]
|-miss|p2a: Ferrothorn|p1a: Nidoking
|
|-heal|p2a: Ferrothorn|81/100|[from] item: Leftovers
|upkeep
|turn|10
|j| Congwuyu
|c|☆chansey and lulu|？？？？
|
|t:|1664034497
|move|p1a: Nidoking|Ice Beam|p2a: Ferrothorn
|-damage|p2a: Ferrothorn|59/100
|move|p2a: Ferrothorn|Power Whip|p1a: Nidoking
|-damage|p1a: Nidoking|0 fnt
|faint|p1a: Nidoking
|
|-heal|p2a: Ferrothorn|65/100|[from] item: Leftovers
|upkeep
|
|t:|1664034506
|switch|p1a: Jirachi|Jirachi|100/100
|turn|11
|
|t:|1664034515
|switch|p2a: Excadrill|Excadrill, F|100/100
|-activate|p2a: Excadrill|move: Sticky Web
|-unboost|p2a: Excadrill|spe|1
|move|p1a: Jirachi|Cosmic Power|p1a: Jirachi
|-boost|p1a: Jirachi|def|1
|-boost|p1a: Jirachi|spd|1
|
|upkeep
|turn|12
|
|t:|1664034524
|move|p1a: Jirachi|Aura Sphere|p2a: Excadrill
|-supereffective|p2a: Excadrill
|-damage|p2a: Excadrill|41/100
|move|p2a: Excadrill|Rapid Spin|p1a: Jirachi
|-resisted|p1a: Jirachi
|-damage|p1a: Jirachi|92/100
|-boost|p2a: Excadrill|spe|1
|-sideend|p2: chansey and lulu|Toxic Spikes|[from] move: Rapid Spin|[of] p2a: Excadrill
|-sideend|p2: chansey and lulu|Sticky Web|[from] move: Rapid Spin|[of] p2a: Excadrill
|
|upkeep
|turn|13
|
|t:|1664034532
|switch|p2a: Tyranitar|Tyranitar, F|94/100
|-weather|Sandstorm|[from] ability: Sand Stream|[of] p2a: Tyranitar
|move|p1a: Jirachi|Aura Sphere|p2a: Tyranitar
|-supereffective|p2a: Tyranitar
|-crit|p2a: Tyranitar
|-damage|p2a: Tyranitar|13/100
|
|-weather|Sandstorm|[upkeep]
|upkeep
|turn|14
|
|t:|1664034541
|move|p1a: Jirachi|Aura Sphere|p2a: Tyranitar
|-supereffective|p2a: Tyranitar
|-damage|p2a: Tyranitar|0 fnt
|faint|p2a: Tyranitar
|
|-weather|Sandstorm|[upkeep]
|upkeep
|
|t:|1664034547
|switch|p2a: Excadrill|Excadrill, F|41/100
|turn|15
|
|t:|1664034550
|move|p2a: Excadrill|Earthquake|p1a: Jirachi
|-supereffective|p1a: Jirachi
|-damage|p1a: Jirachi|0 fnt
|faint|p1a: Jirachi
|
|-weather|Sandstorm|[upkeep]
|upkeep
|
|t:|1664034556
|switch|p1a: Tapu Fini|Tapu Fini|100/100
|-fieldstart|move: Misty Terrain|[from] ability: Misty Surge|[of] p1a: Tapu Fini
|turn|16
|j| user1_ou
|
|t:|1664034561
|switch|p2a: Ferrothorn|Ferrothorn, F|65/100
|move|p1a: Tapu Fini|Surf|p2a: Ferrothorn
|-resisted|p2a: Ferrothorn
|-damage|p2a: Ferrothorn|53/100
|
|-weather|Sandstorm|[upkeep]
|-damage|p1a: Tapu Fini|94/100|[from] Sandstorm
|-heal|p2a: Ferrothorn|59/100|[from] item: Leftovers
|upkeep
|turn|17
|l| tenders mfc
|
|t:|1664034571
|move|p1a: Tapu Fini|Taunt|p2a: Ferrothorn
|-start|p2a: Ferrothorn|move: Taunt
|move|p2a: Ferrothorn|Power Whip|p1a: Tapu Fini
|-supereffective|p1a: Tapu Fini
|-damage|p1a: Tapu Fini|8/100
|-enditem|p1a: Tapu Fini|Weakness Policy
|-boost|p1a: Tapu Fini|atk|2|[from] item: Weakness Policy
|-boost|p1a: Tapu Fini|spa|2|[from] item: Weakness Policy
|
|-weather|none
|-heal|p2a: Ferrothorn|65/100|[from] item: Leftovers
|upkeep
|turn|18
|
|t:|1664034581
|move|p1a: Tapu Fini|Surf|p2a: Ferrothorn
|-resisted|p2a: Ferrothorn
|-damage|p2a: Ferrothorn|39/100
|move|p2a: Ferrothorn|Power Whip|p1a: Tapu Fini
|-supereffective|p1a: Tapu Fini
|-damage|p1a: Tapu Fini|0 fnt
|faint|p1a: Tapu Fini
|
|-heal|p2a: Ferrothorn|45/100|[from] item: Leftovers
|upkeep
|
|t:|1664034585
|switch|p1a: Mew|Mew|100/100
|turn|19
|
|t:|1664034592
|switch|p2a: Excadrill|Excadrill, F|41/100
|move|p1a: Mew|Cosmic Power|p1a: Mew
|-boost|p1a: Mew|def|1
|-boost|p1a: Mew|spd|1
|
|upkeep
|turn|20
|
|t:|1664034599
|move|p1a: Mew|Cosmic Power|p1a: Mew
|-boost|p1a: Mew|def|1
|-boost|p1a: Mew|spd|1
|move|p2a: Excadrill|Earthquake|p1a: Mew
|-damage|p1a: Mew|61/100
|
|-fieldend|Misty Terrain
|upkeep
|turn|21
|
|t:|1664034608
|switch|p2a: Ferrothorn|Ferrothorn, F|45/100
|move|p1a: Mew|Cosmic Power|p1a: Mew
|-boost|p1a: Mew|def|1
|-boost|p1a: Mew|spd|1
|
|-heal|p2a: Ferrothorn|51/100|[from] item: Leftovers
|upkeep
|turn|22
|
|t:|1664034615
|move|p1a: Mew|Taunt|p2a: Ferrothorn
|-start|p2a: Ferrothorn|move: Taunt
|cant|p2a: Ferrothorn|move: Taunt|Leech Seed
|
|-heal|p2a: Ferrothorn|57/100|[from] item: Leftovers
|upkeep
|turn|23
|
|t:|1664034622
|switch|p2a: Urshifu|Urshifu-Rapid-Strike, F|100/100
|move|p1a: Mew|Roost|p1a: Mew
|-heal|p1a: Mew|100/100
|-singleturn|p1a: Mew|move: Roost
|
|upkeep
|turn|24
|
|t:|1664034628
|move|p1a: Mew|Stored Power|p2a: Urshifu
|-supereffective|p2a: Urshifu
|-damage|p2a: Urshifu|0 fnt
|faint|p2a: Urshifu
|
|upkeep
|
|t:|1664034634
|switch|p2a: Tapu Lele|Tapu Lele|100/100
|-fieldstart|move: Psychic Terrain|[from] ability: Psychic Surge|[of] p2a: Tapu Lele
|turn|25
|
|t:|1664034640
|move|p2a: Tapu Lele|Moonblast|p1a: Mew
|-crit|p1a: Mew
|-damage|p1a: Mew|33/100
|move|p1a: Mew|Stored Power|p2a: Tapu Lele
|-resisted|p2a: Tapu Lele
|-damage|p2a: Tapu Lele|68/100
|
|upkeep
|turn|26
|
|t:|1664034646
|move|p2a: Tapu Lele|Moonblast|p1a: Mew
|-damage|p1a: Mew|13/100
|-unboost|p1a: Mew|spa|1
|move|p1a: Mew|Roost|p1a: Mew
|-heal|p1a: Mew|63/100
|-singleturn|p1a: Mew|move: Roost
|
|upkeep
|turn|27
|
|t:|1664034653
|move|p2a: Tapu Lele|Moonblast|p1a: Mew
|-damage|p1a: Mew|42/100
|-unboost|p1a: Mew|spa|1
|move|p1a: Mew|Roost|p1a: Mew
|-heal|p1a: Mew|92/100
|-singleturn|p1a: Mew|move: Roost
|
|upkeep
|turn|28
|
|t:|1664034660
|move|p2a: Tapu Lele|Moonblast|p1a: Mew
|-damage|p1a: Mew|73/100
|move|p1a: Mew|Cosmic Power|p1a: Mew
|-boost|p1a: Mew|def|1
|-boost|p1a: Mew|spd|1
|
|upkeep
|turn|29
|
|t:|1664034667
|move|p2a: Tapu Lele|Moonblast|p1a: Mew
|-damage|p1a: Mew|56/100
|-unboost|p1a: Mew|spa|1
|move|p1a: Mew|Cosmic Power|p1a: Mew
|-boost|p1a: Mew|def|1
|-boost|p1a: Mew|spd|1
|
|-fieldend|move: Psychic Terrain
|upkeep
|turn|30
|j| NDHB
|
|t:|1664034675
|move|p2a: Tapu Lele|Moonblast|p1a: Mew
|-damage|p1a: Mew|42/100
|-unboost|p1a: Mew|spa|1
|move|p1a: Mew|Roost|p1a: Mew
|-heal|p1a: Mew|93/100
|-singleturn|p1a: Mew|move: Roost
|
|upkeep
|turn|31
|
|t:|1664034682
|move|p2a: Tapu Lele|Moonblast|p1a: Mew
|-damage|p1a: Mew|79/100
|move|p1a: Mew|Cosmic Power|p1a: Mew
|-boost|p1a: Mew|def|1
|-boost|p1a: Mew|spd|1
|
|upkeep
|turn|32
|
|t:|1664034688
|move|p2a: Tapu Lele|Moonblast|p1a: Mew
|-damage|p1a: Mew|66/100
|move|p1a: Mew|Stored Power|p2a: Tapu Lele
|-resisted|p2a: Tapu Lele
|-damage|p2a: Tapu Lele|53/100
|
|upkeep
|turn|33
|
|t:|1664034695
|move|p2a: Tapu Lele|Moonblast|p1a: Mew
|-damage|p1a: Mew|54/100
|move|p1a: Mew|Stored Power|p2a: Tapu Lele
|-resisted|p2a: Tapu Lele
|-damage|p2a: Tapu Lele|37/100
|
|upkeep
|turn|34
|
|t:|1664034702
|switch|p2a: Excadrill|Excadrill, F|41/100
|move|p1a: Mew|Roost|p1a: Mew
|-heal|p1a: Mew|100/100
|-singleturn|p1a: Mew|move: Roost
|
|upkeep
|turn|35
|
|t:|1664034708
|move|p1a: Mew|Stored Power|p2a: Excadrill
|-resisted|p2a: Excadrill
|-damage|p2a: Excadrill|23/100
|move|p2a: Excadrill|Earthquake|p1a: Mew
|-damage|p1a: Mew|81/100
|
|upkeep
|turn|36
|c| Banhuotsaigon|What the chance of moonblast lowering sp. Atk?
|c|☆LT94JE Allistair|idk 10
|c|☆LT94JE Allistair|i think
|c| Banhuotsaigon|Oh wow
|c| user1_ou|30%
|c|☆LT94JE Allistair|XD
|j| i kyle i
|c|☆LT94JE Allistair|i stand corrected
|c| Banhuotsaigon|Oh ok. That makes sense
|j| HereForFrens
|l| i kyle i
|
|t:|1664034746
|move|p1a: Mew|Stored Power|p2a: Excadrill
|-resisted|p2a: Excadrill
|-damage|p2a: Excadrill|3/100
|move|p2a: Excadrill|Earthquake|p1a: Mew
|-damage|p1a: Mew|59/100
|
|upkeep
|turn|37
|
|t:|1664034754
|move|p1a: Mew|Stored Power|p2a: Excadrill
|-resisted|p2a: Excadrill
|-damage|p2a: Excadrill|0 fnt
|faint|p2a: Excadrill
|
|upkeep
|
|t:|1664034759
|switch|p2a: Zapdos|Zapdos|100/100
|turn|38
|
|t:|1664034762
|move|p1a: Mew|Taunt|p2a: Zapdos
|-start|p2a: Zapdos|move: Taunt
|cant|p2a: Zapdos|move: Taunt|Roost
|
|upkeep
|turn|39
|
|t:|1664034768
|move|p1a: Mew|Roost|p1a: Mew
|-heal|p1a: Mew|100/100
|-singleturn|p1a: Mew|move: Roost
|move|p2a: Zapdos|Volt Switch|p1a: Mew
|-damage|p1a: Mew|94/100
|
|t:|1664034774
|switch|p2a: Ferrothorn|Ferrothorn, F|57/100|[from]move: Volt Switch
|
|-heal|p2a: Ferrothorn|64/100|[from] item: Leftovers
|upkeep
|turn|40
|
|t:|1664034780
|move|p1a: Mew|Taunt|p2a: Ferrothorn
|-start|p2a: Ferrothorn|move: Taunt
|move|p2a: Ferrothorn|Power Whip|p1a: Mew
|-damage|p1a: Mew|86/100
|
|-heal|p2a: Ferrothorn|70/100|[from] item: Leftovers
|upkeep
|turn|41
|
|t:|1664034788
|move|p1a: Mew|Stored Power|p2a: Ferrothorn
|-resisted|p2a: Ferrothorn
|-damage|p2a: Ferrothorn|60/100
|move|p2a: Ferrothorn|Power Whip|p1a: Mew
|-damage|p1a: Mew|78/100
|
|-heal|p2a: Ferrothorn|66/100|[from] item: Leftovers
|upkeep
|turn|42
|
|t:|1664034796
|move|p1a: Mew|Cosmic Power|p1a: Mew
|-boost|p1a: Mew|def|0
|-boost|p1a: Mew|spd|0
|move|p2a: Ferrothorn|Power Whip|p1a: Mew
|-damage|p1a: Mew|69/100
|
|-heal|p2a: Ferrothorn|72/100|[from] item: Leftovers
|-end|p2a: Ferrothorn|move: Taunt
|upkeep
|turn|43
|
|t:|1664034806
|move|p1a: Mew|Taunt|p2a: Ferrothorn
|-start|p2a: Ferrothorn|move: Taunt
|move|p2a: Ferrothorn|Power Whip|p1a: Mew
|-damage|p1a: Mew|61/100
|
|-heal|p2a: Ferrothorn|78/100|[from] item: Leftovers
|upkeep
|turn|44
|
|t:|1664034815
|move|p1a: Mew|Roost|p1a: Mew
|-heal|p1a: Mew|100/100
|-singleturn|p1a: Mew|move: Roost
|move|p2a: Ferrothorn|Power Whip|p1a: Mew|[miss]
|-miss|p2a: Ferrothorn|p1a: Mew
|
|-heal|p2a: Ferrothorn|85/100|[from] item: Leftovers
|upkeep
|turn|45
|
|t:|1664034823
|move|p1a: Mew|Cosmic Power|p1a: Mew
|-boost|p1a: Mew|def|0
|-boost|p1a: Mew|spd|0
|move|p2a: Ferrothorn|Power Whip|p1a: Mew
|-damage|p1a: Mew|91/100
|
|-heal|p2a: Ferrothorn|91/100|[from] item: Leftovers
|-end|p2a: Ferrothorn|move: Taunt
|upkeep
|turn|46
|
|t:|1664034833
|switch|p2a: Zapdos|Zapdos|100/100
|move|p1a: Mew|Taunt|p2a: Zapdos
|-start|p2a: Zapdos|move: Taunt
|
|upkeep
|turn|47
|
|t:|1664034839
|switch|p2a: Ferrothorn|Ferrothorn, F|91/100
|move|p1a: Mew|Cosmic Power|p1a: Mew
|-boost|p1a: Mew|def|0
|-boost|p1a: Mew|spd|0
|
|-heal|p2a: Ferrothorn|97/100|[from] item: Leftovers
|upkeep
|turn|48
|
|t:|1664034846
|switch|p2a: Zapdos|Zapdos|100/100
|move|p1a: Mew|Taunt|p2a: Zapdos
|-start|p2a: Zapdos|move: Taunt
|
|upkeep
|turn|49
|
|t:|1664034853
|switch|p2a: Ferrothorn|Ferrothorn, F|97/100
|move|p1a: Mew|Taunt|p2a: Ferrothorn
|-start|p2a: Ferrothorn|move: Taunt
|
|-heal|p2a: Ferrothorn|100/100|[from] item: Leftovers
|upkeep
|turn|50
|
|t:|1664034860
|move|p1a: Mew|Stored Power|p2a: Ferrothorn
|-resisted|p2a: Ferrothorn
|-damage|p2a: Ferrothorn|90/100
|move|p2a: Ferrothorn|Power Whip|p1a: Mew|[miss]
|-miss|p2a: Ferrothorn|p1a: Mew
|
|-heal|p2a: Ferrothorn|96/100|[from] item: Leftovers
|upkeep
|turn|51
|
|t:|1664034869
|switch|p2a: Zapdos|Zapdos|100/100
|move|p1a: Mew|Cosmic Power|p1a: Mew
|-boost|p1a: Mew|def|0
|-boost|p1a: Mew|spd|0
|
|upkeep
|turn|52
|-message|LT94JE Allistair forfeited.
|
|win|chansey and lulu
|raw|LT94JE Allistair's rating: 1788 &rarr; <strong>1768</strong><br />(-20 for losing)
|raw|chansey and lulu's rating: 1780 &rarr; <strong>1800</strong><br />(+20 for winning)
|l|☆LT94JE Allistair
|l| HereForFrens
|l|☆chansey and lulu
|l| Banhuotsaigon
||Ladder isn't responding, score probably updated but might not have (Request timeout).
