|j|☆Mahashate
|j|☆IMSOMALD
|t:|1668091083
|gametype|singles
|player|p1|Mahashate|169|1646
|player|p2|IMSOMALD|ethan-masters|1753
|teamsize|p1|6
|teamsize|p2|6
|gen|8
|tier|[Gen 8] OU
|rated|
|rule|Sleep Clause Mod: Limit one foe put to sleep
|rule|Species Clause: Limit one of each Pokémon
|rule|OHKO Clause: OHKO moves are banned
|rule|Evasion Items Clause: Evasion items are banned
|rule|Evasion Moves Clause: Evasion moves are banned
|rule|Endless Battle Clause: Forcing endless battles is banned
|rule|HP Percentage Mod: HP is shown in percentages
|rule|Dynamax Clause: You cannot dynamax
|clearpoke
|poke|p1|Landorus-Therian, M|
|poke|p1|Slowking-Galar, F|
|poke|p1|Ferrothorn, F|
|poke|p1|Tyranitar, M|
|poke|p1|Tapu Lele|
|poke|p1|Urshifu-*, F|
|poke|p2|Rillaboom, F|
|poke|p2|Tornadus-Therian, M|
|poke|p2|Blaziken, F|
|poke|p2|Melmetal|
|poke|p2|Garchomp, M|
|poke|p2|Slowbro, F|
|teampreview
|inactive|Battle timer is ON: inactive players will automatically lose when time's up. (requested by Mahashate)
|
|t:|1668091111
|start
|switch|p1a: Slowking|Slowking-Galar, F|100/100
|switch|p2a: Tornadus|Tornadus-Therian, M|100/100
|turn|1
|
|t:|1668091132
|move|p2a: Tornadus|U-turn|p1a: Slowking
|-damage|p1a: Slowking|90/100
|
|t:|1668091133
|switch|p2a: Garchomp|Garchomp, M|100/100|[from]move: U-turn
|move|p1a: Slowking|Trick|p2a: Garchomp
|-activate|p1a: Slowking|move: Trick|[of] p2a: Garchomp
|-item|p2a: Garchomp|Black Sludge|[from] move: Trick
|-item|p1a: Slowking|Leftovers|[from] move: Trick
|
|-damage|p2a: Garchomp|88/100|[from] item: Black Sludge
|-heal|p1a: Slowking|96/100|[from] item: Leftovers
|upkeep
|turn|2
|
|t:|1668091141
|move|p2a: Garchomp|Stealth Rock|p1a: Slowking
|-sidestart|p1: Mahashate|move: Stealth Rock
|move|p1a: Slowking|Psychic|p2a: Garchomp
|-damage|p2a: Garchomp|66/100
|
|-damage|p2a: Garchomp|53/100|[from] item: Black Sludge
|-heal|p1a: Slowking|100/100|[from] item: Leftovers
|upkeep
|turn|3
|
|t:|1668091154
|switch|p2a: Melmetal|Melmetal|100/100
|switch|p1a: Landorus|Landorus-Therian, M|100/100
|-damage|p1a: Landorus|88/100|[from] Stealth Rock
|-ability|p1a: Landorus|Intimidate|boost
|-unboost|p2a: Melmetal|atk|1
|
|-heal|p1a: Landorus|94/100|[from] item: Leftovers
|upkeep
|turn|4
|
|t:|1668091158
|switch|p1a: Ferrothorn|Ferrothorn, F|100/100
|-damage|p1a: Ferrothorn|95/100|[from] Stealth Rock
|move|p2a: Melmetal|Double Iron Bash|p1a: Ferrothorn
|-resisted|p1a: Ferrothorn
|-damage|p1a: Ferrothorn|86/100
|-damage|p2a: Melmetal|88/100|[from] ability: Iron Barbs|[of] p1a: Ferrothorn
|-damage|p2a: Melmetal|71/100|[from] item: Rocky Helmet|[of] p1a: Ferrothorn
|-resisted|p1a: Ferrothorn
|-damage|p1a: Ferrothorn|78/100
|-damage|p2a: Melmetal|59/100|[from] ability: Iron Barbs|[of] p1a: Ferrothorn
|-damage|p2a: Melmetal|42/100|[from] item: Rocky Helmet|[of] p1a: Ferrothorn
|-hitcount|p1a: Ferrothorn|2
|
|-heal|p2a: Melmetal|49/100|[from] item: Leftovers
|upkeep
|turn|5
|
|t:|1668091164
|switch|p2a: Tornadus|Tornadus-Therian, M|100/100
|switch|p1a: Landorus|Landorus-Therian, M|94/100
|-damage|p1a: Landorus|82/100|[from] Stealth Rock
|-ability|p1a: Landorus|Intimidate|boost
|-unboost|p2a: Tornadus|atk|1
|
|-heal|p1a: Landorus|88/100|[from] item: Leftovers
|upkeep
|turn|6
|
|t:|1668091168
|move|p2a: Tornadus|Knock Off|p1a: Landorus
|-damage|p1a: Landorus|74/100
|-enditem|p1a: Landorus|Leftovers|[from] move: Knock Off|[of] p2a: Tornadus
|move|p1a: Landorus|Defog|p2a: Tornadus
|-unboost|p2a: Tornadus|evasion|1
|-sideend|p1: Mahashate|Stealth Rock|[from] move: Defog|[of] p1a: Landorus
|
|upkeep
|turn|7
|
|t:|1668091172
|move|p2a: Tornadus|Heat Wave|p1a: Landorus
|-damage|p1a: Landorus|57/100
|move|p1a: Landorus|U-turn|p2a: Tornadus
|-resisted|p2a: Tornadus
|-damage|p2a: Tornadus|89/100
|
|t:|1668091176
|switch|p1a: Slowking|Slowking-Galar, F|100/100|[from]move: U-turn
|
|upkeep
|turn|8
|
|t:|1668091182
|move|p2a: Tornadus|U-turn|p1a: Slowking
|-damage|p1a: Slowking|93/100
|
|t:|1668091183
|switch|p2a: Melmetal|Melmetal|49/100|[from]move: U-turn
|move|p1a: Slowking|Psychic|p2a: Melmetal
|-resisted|p2a: Melmetal
|-damage|p2a: Melmetal|35/100
|
|-heal|p2a: Melmetal|41/100|[from] item: Leftovers
|-heal|p1a: Slowking|99/100|[from] item: Leftovers
|upkeep
|turn|9
|
|t:|1668091190
|switch|p2a: Tornadus|Tornadus-Therian, M|100/100
|move|p1a: Slowking|Psychic|p2a: Tornadus
|-damage|p2a: Tornadus|70/100
|
|-heal|p1a: Slowking|100/100|[from] item: Leftovers
|upkeep
|turn|10
|
|t:|1668091200
|move|p2a: Tornadus|Knock Off|p1a: Slowking
|-supereffective|p1a: Slowking
|-damage|p1a: Slowking|73/100
|-enditem|p1a: Slowking|Leftovers|[from] move: Knock Off|[of] p2a: Tornadus
|move|p1a: Slowking|Nasty Plot|p1a: Slowking
|-boost|p1a: Slowking|spa|2
|
|upkeep
|turn|11
|
|t:|1668091207
|move|p2a: Tornadus|U-turn|p1a: Slowking
|-crit|p1a: Slowking
|-damage|p1a: Slowking|59/100
|
|t:|1668091211
|switch|p2a: Slowbro|Slowbro, F|100/100|[from]move: U-turn
|move|p1a: Slowking|Psychic|p2a: Slowbro
|-resisted|p2a: Slowbro
|-damage|p2a: Slowbro|69/100
|
|upkeep
|turn|12
|
|t:|1668091217
|move|p1a: Slowking|Sludge Bomb|p2a: Slowbro
|-damage|p2a: Slowbro|0 fnt
|faint|p2a: Slowbro
|
|upkeep
|
|t:|1668091222
|switch|p2a: Blaziken|Blaziken, F|100/100
|turn|13
|
|t:|1668091226
|switch|p1a: Landorus|Landorus-Therian, M|57/100
|-ability|p1a: Landorus|Intimidate|boost
|-unboost|p2a: Blaziken|atk|1
|move|p2a: Blaziken|Flare Blitz|p1a: Landorus
|-damage|p1a: Landorus|16/100
|-damage|p2a: Blaziken|85/100|[from] Recoil
|
|-heal|p2a: Blaziken|92/100|[from] item: Leftovers
|-ability|p2a: Blaziken|Speed Boost|boost
|-boost|p2a: Blaziken|spe|1
|upkeep
|turn|14
|
|t:|1668091233
|move|p2a: Blaziken|Flare Blitz|p1a: Landorus
|-damage|p1a: Landorus|0 fnt
|faint|p1a: Landorus
|-damage|p2a: Blaziken|86/100|[from] Recoil
|
|-heal|p2a: Blaziken|92/100|[from] item: Leftovers
|-ability|p2a: Blaziken|Speed Boost|boost
|-boost|p2a: Blaziken|spe|1
|upkeep
|
|t:|1668091235
|switch|p1a: Slowking|Slowking-Galar, F|92/100
|turn|15
|
|t:|1668091239
|switch|p2a: Melmetal|Melmetal|41/100
|move|p1a: Slowking|Psychic|p2a: Melmetal
|-resisted|p2a: Melmetal
|-damage|p2a: Melmetal|25/100
|
|-heal|p2a: Melmetal|32/100|[from] item: Leftovers
|upkeep
|turn|16
|
|t:|1668091242
|switch|p2a: Rillaboom|Rillaboom, F|100/100
|-fieldstart|move: Grassy Terrain|[from] ability: Grassy Surge|[of] p2a: Rillaboom
|switch|p1a: Ferrothorn|Ferrothorn, F|78/100
|
|-heal|p1a: Ferrothorn|84/100|[from] Grassy Terrain
|upkeep
|turn|17
|
|t:|1668091252
|switch|p1a: Tapu Lele|Tapu Lele|100/100
|-fieldstart|move: Psychic Terrain|[from] ability: Psychic Surge|[of] p1a: Tapu Lele
|move|p2a: Rillaboom|Swords Dance|p2a: Rillaboom
|-boost|p2a: Rillaboom|atk|2
|
|upkeep
|turn|18
|
|t:|1668091259
|switch|p1a: Ferrothorn|Ferrothorn, F|84/100
|move|p2a: Rillaboom|Grassy Glide|p1a: Ferrothorn
|-resisted|p1a: Ferrothorn
|-damage|p1a: Ferrothorn|72/100
|-damage|p2a: Rillaboom|88/100|[from] ability: Iron Barbs|[of] p1a: Ferrothorn
|-damage|p2a: Rillaboom|71/100|[from] item: Rocky Helmet|[of] p1a: Ferrothorn
|
|-heal|p2a: Rillaboom|78/100|[from] item: Leftovers
|upkeep
|turn|19
|
|t:|1668091264
|switch|p1a: Slowking|Slowking-Galar, F|100/100
|move|p2a: Rillaboom|Knock Off|p1a: Slowking
|-supereffective|p1a: Slowking
|-damage|p1a: Slowking|32/100
|
|-heal|p2a: Rillaboom|84/100|[from] item: Leftovers
|upkeep
|turn|20
|
|t:|1668091269
|switch|p1a: Ferrothorn|Ferrothorn, F|72/100
|move|p2a: Rillaboom|Knock Off|p1a: Ferrothorn
|-damage|p1a: Ferrothorn|29/100
|-damage|p2a: Rillaboom|71/100|[from] ability: Iron Barbs|[of] p1a: Ferrothorn
|-damage|p2a: Rillaboom|55/100|[from] item: Rocky Helmet|[of] p1a: Ferrothorn
|-enditem|p1a: Ferrothorn|Rocky Helmet|[from] move: Knock Off|[of] p2a: Rillaboom
|
|-heal|p2a: Rillaboom|61/100|[from] item: Leftovers
|upkeep
|turn|21
|
|t:|1668091274
|move|p2a: Rillaboom|Drain Punch|p1a: Ferrothorn
|-supereffective|p1a: Ferrothorn
|-damage|p1a: Ferrothorn|0 fnt
|-heal|p2a: Rillaboom|74/100|[from] drain|[of] p1a: Ferrothorn
|-damage|p2a: Rillaboom|61/100|[from] ability: Iron Barbs|[of] p1a: Ferrothorn
|faint|p1a: Ferrothorn
|
|-heal|p2a: Rillaboom|68/100|[from] item: Leftovers
|-fieldend|move: Psychic Terrain
|upkeep
|
|t:|1668091278
|switch|p1a: Tapu Lele|Tapu Lele|100/100
|-fieldstart|move: Psychic Terrain|[from] ability: Psychic Surge|[of] p1a: Tapu Lele
|turn|22
|
|t:|1668091287
|switch|p2a: Tornadus|Tornadus-Therian, M|100/100
|move|p1a: Tapu Lele|Psychic|p2a: Tornadus
|-damage|p2a: Tornadus|36/100
|
|upkeep
|turn|23
|
|t:|1668091293
|move|p1a: Tapu Lele|Psychic|p2a: Tornadus
|-damage|p2a: Tornadus|0 fnt
|faint|p2a: Tornadus
|
|upkeep
|
|t:|1668091299
|switch|p2a: Rillaboom|Rillaboom, F|68/100
|-fieldstart|move: Grassy Terrain|[from] ability: Grassy Surge|[of] p2a: Rillaboom
|turn|24
|
|t:|1668091304
|move|p1a: Tapu Lele|Psychic|p2a: Rillaboom
|-damage|p2a: Rillaboom|12/100
|move|p2a: Rillaboom|Knock Off|p1a: Tapu Lele
|-damage|p1a: Tapu Lele|45/100
|-enditem|p1a: Tapu Lele|Choice Scarf|[from] move: Knock Off|[of] p2a: Rillaboom
|
|-heal|p1a: Tapu Lele|51/100|[from] Grassy Terrain
|-heal|p2a: Rillaboom|18/100|[from] Grassy Terrain
|-heal|p2a: Rillaboom|25/100|[from] item: Leftovers
|upkeep
|turn|25
|
|t:|1668091308
|move|p2a: Rillaboom|Grassy Glide|p1a: Tapu Lele
|-damage|p1a: Tapu Lele|0 fnt
|faint|p1a: Tapu Lele
|
|-heal|p2a: Rillaboom|31/100|[from] Grassy Terrain
|-heal|p2a: Rillaboom|37/100|[from] item: Leftovers
|upkeep
|
|t:|1668091312
|switch|p1a: Slowking|Slowking-Galar, F|65/100
|turn|26
|
|t:|1668091314
|switch|p2a: Melmetal|Melmetal|32/100
|move|p1a: Slowking|Psychic|p2a: Melmetal
|-resisted|p2a: Melmetal
|-damage|p2a: Melmetal|17/100
|
|-heal|p2a: Melmetal|23/100|[from] Grassy Terrain
|-heal|p2a: Melmetal|29/100|[from] item: Leftovers
|-heal|p1a: Slowking|71/100|[from] Grassy Terrain
|upkeep
|turn|27
|
|t:|1668091328
|switch|p1a: Urshifu|Urshifu-Rapid-Strike, F|100/100
|move|p2a: Melmetal|Double Iron Bash|p1a: Urshifu
|-resisted|p1a: Urshifu
|-damage|p1a: Urshifu|79/100
|-resisted|p1a: Urshifu
|-damage|p1a: Urshifu|56/100
|-hitcount|p1a: Urshifu|2
|
|-heal|p1a: Urshifu|62/100|[from] Grassy Terrain
|-heal|p2a: Melmetal|36/100|[from] Grassy Terrain
|-heal|p2a: Melmetal|42/100|[from] item: Leftovers
|upkeep
|turn|28
|
|t:|1668091339
|switch|p2a: Garchomp|Garchomp, M|53/100
|move|p1a: Urshifu|Close Combat|p2a: Garchomp
|-damage|p2a: Garchomp|0 fnt
|-unboost|p1a: Urshifu|def|1
|-unboost|p1a: Urshifu|spd|1
|-damage|p1a: Urshifu|50/100|[from] ability: Rough Skin|[of] p2a: Garchomp
|faint|p2a: Garchomp
|
|-heal|p1a: Urshifu|56/100|[from] Grassy Terrain
|-fieldend|move: Grassy Terrain
|upkeep
|
|t:|1668091348
|switch|p2a: Rillaboom|Rillaboom, F|37/100
|-fieldstart|move: Grassy Terrain|[from] ability: Grassy Surge|[of] p2a: Rillaboom
|turn|29
|
|t:|1668091368
|switch|p2a: Melmetal|Melmetal|42/100
|move|p1a: Urshifu|Close Combat|p2a: Melmetal
|-supereffective|p2a: Melmetal
|-damage|p2a: Melmetal|0 fnt
|-unboost|p1a: Urshifu|def|1
|-unboost|p1a: Urshifu|spd|1
|faint|p2a: Melmetal
|
|-heal|p1a: Urshifu|62/100|[from] Grassy Terrain
|upkeep
|
|t:|1668091373
|switch|p2a: Rillaboom|Rillaboom, F|37/100
|turn|30
|
|t:|1668091378
|switch|p1a: Slowking|Slowking-Galar, F|100/100
|move|p2a: Rillaboom|Swords Dance|p2a: Rillaboom
|-boost|p2a: Rillaboom|atk|2
|
|-heal|p2a: Rillaboom|43/100|[from] Grassy Terrain
|-heal|p2a: Rillaboom|50/100|[from] item: Leftovers
|upkeep
|turn|31
|
|t:|1668091386
|switch|p1a: Tyranitar|Tyranitar, M|100/100
|-weather|Sandstorm|[from] ability: Sand Stream|[of] p1a: Tyranitar
|move|p2a: Rillaboom|Knock Off|p1a: Tyranitar
|-resisted|p1a: Tyranitar
|-damage|p1a: Tyranitar|73/100
|-enditem|p1a: Tyranitar|Assault Vest|[from] move: Knock Off|[of] p2a: Rillaboom
|
|-weather|Sandstorm|[upkeep]
|-damage|p2a: Rillaboom|43/100|[from] Sandstorm
|-heal|p2a: Rillaboom|50/100|[from] Grassy Terrain
|-heal|p2a: Rillaboom|56/100|[from] item: Leftovers
|-heal|p1a: Tyranitar|79/100|[from] Grassy Terrain
|upkeep
|turn|32
|j| Yb is BETTER
|
|t:|1668091398
|switch|p1a: Slowking|Slowking-Galar, F|100/100
|move|p2a: Rillaboom|Grassy Glide|p1a: Slowking
|-resisted|p1a: Slowking
|-damage|p1a: Slowking|66/100
|
|-weather|Sandstorm|[upkeep]
|-damage|p2a: Rillaboom|50/100|[from] Sandstorm
|-damage|p1a: Slowking|60/100|[from] Sandstorm
|-heal|p2a: Rillaboom|56/100|[from] Grassy Terrain
|-heal|p2a: Rillaboom|62/100|[from] item: Leftovers
|-heal|p1a: Slowking|66/100|[from] Grassy Terrain
|upkeep
|turn|33
|
|t:|1668091406
|switch|p1a: Tyranitar|Tyranitar, M|79/100
|move|p2a: Rillaboom|Knock Off|p1a: Tyranitar
|-resisted|p1a: Tyranitar
|-damage|p1a: Tyranitar|58/100
|
|-weather|Sandstorm|[upkeep]
|-damage|p2a: Rillaboom|56/100|[from] Sandstorm
|-heal|p2a: Rillaboom|62/100|[from] Grassy Terrain
|-heal|p2a: Rillaboom|68/100|[from] item: Leftovers
|-heal|p1a: Tyranitar|65/100|[from] Grassy Terrain
|-fieldend|move: Grassy Terrain
|upkeep
|turn|34
|
|t:|1668091414
|move|p2a: Rillaboom|Grassy Glide|p1a: Tyranitar
|-supereffective|p1a: Tyranitar
|-damage|p1a: Tyranitar|0 fnt
|faint|p1a: Tyranitar
|
|-weather|Sandstorm|[upkeep]
|-damage|p2a: Rillaboom|62/100|[from] Sandstorm
|-heal|p2a: Rillaboom|68/100|[from] item: Leftovers
|upkeep
|
|t:|1668091418
|switch|p1a: Urshifu|Urshifu-Rapid-Strike, F|62/100
|turn|35
|
|t:|1668091427
|move|p1a: Urshifu|Close Combat|p2a: Rillaboom
|-damage|p2a: Rillaboom|0 fnt
|-unboost|p1a: Urshifu|def|1
|-unboost|p1a: Urshifu|spd|1
|faint|p2a: Rillaboom
|
|-weather|none
|upkeep
|
|t:|1668091429
|switch|p2a: Blaziken|Blaziken, F|92/100
|turn|36
|
|t:|1668091432
|move|p1a: Urshifu|Close Combat|p2a: Blaziken
|-damage|p2a: Blaziken|0 fnt
|-unboost|p1a: Urshifu|def|1
|-unboost|p1a: Urshifu|spd|1
|faint|p2a: Blaziken
|
|win|Mahashate
|raw|Mahashate's rating: 1646 &rarr; <strong>1672</strong><br />(+26 for winning)
|raw|IMSOMALD's rating: 1753 &rarr; <strong>1727</strong><br />(-26 for losing)
|l|☆IMSOMALD
|c|☆Mahashate|Gg
|l| Yb is BETTER
||Ladder isn't responding, score probably updated but might not have (Request timeout).
