|j|☆Mamaw31180
|j|‽minimax_ai
|t:|1667343716
|gametype|singles
|player|p1|Mamaw31180|lucas|1751
|player|p2|minimax_ai|266|1583
|teamsize|p1|6
|teamsize|p2|6
|gen|8
|tier|[Gen 8] OU
|rated|
|rule|Sleep Clause Mod: Limit one foe put to sleep
|rule|Species Clause: Limit one of each Pokémon
|rule|OHKO Clause: OHKO moves are banned
|rule|Evasion Items Clause: Evasion items are banned
|rule|Evasion Moves Clause: Evasion moves are banned
|rule|Endless Battle Clause: Forcing endless battles is banned
|rule|HP Percentage Mod: HP is shown in percentages
|rule|Dynamax Clause: You cannot dynamax
|clearpoke
|poke|p1|Kartana|
|poke|p1|Blacephalon|
|poke|p1|Landorus-Therian, M|
|poke|p1|Slowbro, M|
|poke|p1|Zapdos|
|poke|p1|Tyranitar, M|
|poke|p2|Rotom-Wash|
|poke|p2|Weavile, F|
|poke|p2|Landorus-Therian, M|
|poke|p2|Heatran, M|
|poke|p2|Tangrowth, F|
|poke|p2|Melmetal|
|teampreview
|inactive|Battle timer is ON: inactive players will automatically lose when time's up. (requested by minimax_ai)
|
|t:|1667343723
|start
|switch|p1a: Slowbro|Slowbro, M|100/100
|switch|p2a: Melmetal|Melmetal|100/100
|turn|1
|
|t:|1667343729
|switch|p2a: Rotom|Rotom-Wash|100/100
|move|p1a: Slowbro|Teleport|p1a: Slowbro
|
|t:|1667343733
|switch|p1a: Tyranitar|Tyranitar, M|100/100|[from]move: Teleport
|-weather|Sandstorm|[from] ability: Sand Stream|[of] p1a: Tyranitar
|
|-weather|Sandstorm|[upkeep]
|-damage|p2a: Rotom|94/100|[from] Sandstorm
|-heal|p2a: Rotom|100/100|[from] item: Leftovers
|upkeep
|turn|2
|
|t:|1667343737
|move|p2a: Rotom|Nasty Plot|p2a: Rotom
|-boost|p2a: Rotom|spa|2
|move|p1a: Tyranitar|Stone Edge|p2a: Rotom
|-crit|p2a: Rotom
|-damage|p2a: Rotom|0 fnt
|faint|p2a: Rotom
|
|-weather|Sandstorm|[upkeep]
|upkeep
|
|t:|1667343737
|switch|p2a: Melmetal|Melmetal|100/100
|turn|3
|
|t:|1667343741
|switch|p1a: Slowbro|Slowbro, M|100/100
|move|p2a: Melmetal|Thunder Punch|p1a: Slowbro
|-supereffective|p1a: Slowbro
|-damage|p1a: Slowbro|58/100
|
|-weather|Sandstorm|[upkeep]
|-damage|p1a: Slowbro|52/100|[from] Sandstorm
|upkeep
|turn|4
|
|t:|1667343744
|move|p2a: Melmetal|Thunder Punch|p1a: Slowbro
|-supereffective|p1a: Slowbro
|-damage|p1a: Slowbro|12/100
|move|p1a: Slowbro|Teleport|p1a: Slowbro
|
|t:|1667343747
|switch|p1a: Landorus|Landorus-Therian, M|100/100|[from]move: Teleport
|-ability|p1a: Landorus|Intimidate|boost
|-unboost|p2a: Melmetal|atk|1
|
|-weather|Sandstorm|[upkeep]
|upkeep
|turn|5
|
|t:|1667343750
|move|p1a: Landorus|Stealth Rock|p2a: Melmetal
|-sidestart|p2: minimax_ai|move: Stealth Rock
|move|p2a: Melmetal|Ice Punch|p1a: Landorus
|-supereffective|p1a: Landorus
|-damage|p1a: Landorus|20/100
|
|-weather|none
|-heal|p1a: Landorus|26/100|[from] item: Leftovers
|upkeep
|turn|6
|
|t:|1667343754
|move|p1a: Landorus|U-turn|p2a: Melmetal
|-resisted|p2a: Melmetal
|-damage|p2a: Melmetal|94/100
|
|t:|1667343757
|switch|p1a: Zapdos|Zapdos|100/100|[from]move: U-turn
|move|p2a: Melmetal|Double Iron Bash|p1a: Zapdos
|-resisted|p1a: Zapdos
|-damage|p1a: Zapdos|90/100
|-resisted|p1a: Zapdos
|-damage|p1a: Zapdos|78/100
|-status|p2a: Melmetal|par|[from] ability: Static|[of] p1a: Zapdos
|-hitcount|p1a: Zapdos|2
|
|upkeep
|turn|7
|
|t:|1667343762
|switch|p2a: Landorus|Landorus-Therian, M|100/100
|-damage|p2a: Landorus|88/100|[from] Stealth Rock
|-ability|p2a: Landorus|Intimidate|boost
|-unboost|p1a: Zapdos|atk|1
|move|p1a: Zapdos|Heat Wave|p2a: Landorus
|-damage|p2a: Landorus|68/100
|
|-heal|p2a: Landorus|74/100|[from] item: Leftovers
|upkeep
|turn|8
|j| YB is BETTER
|
|t:|1667343766
|switch|p1a: Blacephalon|Blacephalon|100/100
|move|p2a: Landorus|Defog|p1a: Blacephalon
|-unboost|p1a: Blacephalon|evasion|1
|-sideend|p2: minimax_ai|Stealth Rock|[from] move: Defog|[of] p2a: Landorus
|
|-heal|p2a: Landorus|80/100|[from] item: Leftovers
|upkeep
|turn|9
|
|t:|1667343770
|switch|p2a: Melmetal|Melmetal|94/100 par
|move|p1a: Blacephalon|Shadow Ball|p2a: Melmetal
|-damage|p2a: Melmetal|59/100 par
|
|upkeep
|turn|10
|
|t:|1667343778
|switch|p1a: Zapdos|Zapdos|78/100
|move|p2a: Melmetal|Double Iron Bash|p1a: Zapdos
|-resisted|p1a: Zapdos
|-damage|p1a: Zapdos|62/100
|-resisted|p1a: Zapdos
|-damage|p1a: Zapdos|46/100
|-hitcount|p1a: Zapdos|2
|
|upkeep
|turn|11
|
|t:|1667343780
|move|p1a: Zapdos|Roost|p1a: Zapdos
|-heal|p1a: Zapdos|96/100
|-singleturn|p1a: Zapdos|move: Roost
|move|p2a: Melmetal|Double Iron Bash|p1a: Zapdos
|-resisted|p1a: Zapdos
|-damage|p1a: Zapdos|80/100
|-resisted|p1a: Zapdos
|-damage|p1a: Zapdos|64/100
|-hitcount|p1a: Zapdos|2
|
|upkeep
|turn|12
|
|t:|1667343782
|move|p1a: Zapdos|Heat Wave|p2a: Melmetal
|-supereffective|p2a: Melmetal
|-damage|p2a: Melmetal|30/100 par
|move|p2a: Melmetal|Double Iron Bash|p1a: Zapdos
|-resisted|p1a: Zapdos
|-damage|p1a: Zapdos|48/100
|-resisted|p1a: Zapdos
|-damage|p1a: Zapdos|31/100
|-hitcount|p1a: Zapdos|2
|
|upkeep
|turn|13
|
|t:|1667343784
|switch|p2a: Weavile|Weavile, F|100/100
|-ability|p2a: Weavile|Pressure
|move|p1a: Zapdos|Roost|p1a: Zapdos
|-heal|p1a: Zapdos|81/100
|-singleturn|p1a: Zapdos|move: Roost
|
|upkeep
|turn|14
|
|t:|1667343790
|move|p2a: Weavile|Triple Axel|p1a: Zapdos
|-supereffective|p1a: Zapdos
|-damage|p1a: Zapdos|56/100
|-supereffective|p1a: Zapdos
|-damage|p1a: Zapdos|10/100
|-supereffective|p1a: Zapdos
|-damage|p1a: Zapdos|0 fnt
|faint|p1a: Zapdos
|-hitcount|p1: Zapdos|3
|
|upkeep
|
|t:|1667343800
|switch|p1a: Blacephalon|Blacephalon|100/100
|turn|15
|
|t:|1667343802
|switch|p2a: Melmetal|Melmetal|30/100 par
|move|p1a: Blacephalon|Shadow Ball|p2a: Melmetal
|-damage|p2a: Melmetal|0 fnt
|faint|p2a: Melmetal
|-ability|p1a: Blacephalon|Beast Boost|boost
|-boost|p1a: Blacephalon|spa|1
|
|upkeep
|
|t:|1667343802
|switch|p2a: Weavile|Weavile, F|100/100
|-ability|p2a: Weavile|Pressure
|turn|16
|
|t:|1667343805
|switch|p1a: Landorus|Landorus-Therian, M|26/100
|-ability|p1a: Landorus|Intimidate|boost
|-unboost|p2a: Weavile|atk|1
|move|p2a: Weavile|Triple Axel|p1a: Landorus
|-supereffective|p1a: Landorus
|-damage|p1a: Landorus|0 fnt
|faint|p1a: Landorus
|-hitcount|p1: Landorus|1
|
|upkeep
|
|t:|1667343811
|switch|p1a: Blacephalon|Blacephalon|100/100
|turn|17
|
|t:|1667343814
|switch|p2a: Landorus|Landorus-Therian, M|80/100
|-ability|p2a: Landorus|Intimidate|boost
|-unboost|p1a: Blacephalon|atk|1
|move|p1a: Blacephalon|Shadow Ball|p2a: Landorus
|-damage|p2a: Landorus|27/100
|
|-heal|p2a: Landorus|33/100|[from] item: Leftovers
|upkeep
|turn|18
|
|t:|1667343816
|switch|p2a: Weavile|Weavile, F|100/100
|-ability|p2a: Weavile|Pressure
|move|p1a: Blacephalon|Shadow Ball|p2a: Weavile
|-resisted|p2a: Weavile
|-damage|p2a: Weavile|56/100
|-unboost|p2a: Weavile|spd|1
|
|upkeep
|turn|19
|
|t:|1667343820
|switch|p1a: Tyranitar|Tyranitar, M|100/100
|-weather|Sandstorm|[from] ability: Sand Stream|[of] p1a: Tyranitar
|move|p2a: Weavile|Knock Off|p1a: Tyranitar
|-resisted|p1a: Tyranitar
|-damage|p1a: Tyranitar|66/100
|-enditem|p1a: Tyranitar|Choice Band|[from] move: Knock Off|[of] p2a: Weavile
|
|-weather|Sandstorm|[upkeep]
|-damage|p2a: Weavile|50/100|[from] Sandstorm
|upkeep
|turn|20
|
|t:|1667343826
|switch|p2a: Tangrowth|Tangrowth, F|100/100
|switch|p1a: Blacephalon|Blacephalon|100/100
|
|-weather|Sandstorm|[upkeep]
|-damage|p1a: Blacephalon|94/100|[from] Sandstorm
|-damage|p2a: Tangrowth|94/100|[from] Sandstorm
|upkeep
|turn|21
|
|t:|1667343832
|switch|p2a: Landorus|Landorus-Therian, M|33/100
|-ability|p2a: Landorus|Intimidate|boost
|-unboost|p1a: Blacephalon|atk|1
|move|p1a: Blacephalon|Flamethrower|p2a: Landorus
|-damage|p2a: Landorus|0 fnt
|faint|p2a: Landorus
|-ability|p1a: Blacephalon|Beast Boost|boost
|-boost|p1a: Blacephalon|spa|1
|
|-weather|Sandstorm|[upkeep]
|-damage|p1a: Blacephalon|88/100|[from] Sandstorm
|upkeep
|
|t:|1667343832
|switch|p2a: Heatran|Heatran, M|100/100
|-item|p2a: Heatran|Air Balloon
|turn|22
|
|t:|1667343842
|switch|p1a: Slowbro|Slowbro, M|45/100
|move|p2a: Heatran|Eruption|p1a: Slowbro
|-resisted|p1a: Slowbro
|-damage|p1a: Slowbro|4/100
|
|-weather|Sandstorm|[upkeep]
|-damage|p1a: Slowbro|0 fnt|[from] Sandstorm
|faint|p1a: Slowbro
|upkeep
|
|t:|1667343847
|switch|p1a: Kartana|Kartana|100/100
|turn|23
|
|t:|1667343849
|switch|p2a: Tangrowth|Tangrowth, F|100/100
|move|p1a: Kartana|Sacred Sword|p2a: Tangrowth
|-damage|p2a: Tangrowth|78/100
|-damage|p1a: Kartana|84/100|[from] item: Rocky Helmet|[of] p2a: Tangrowth
|
|-weather|none
|upkeep
|turn|24
|
|t:|1667343853
|switch|p1a: Tyranitar|Tyranitar, M|66/100
|-weather|Sandstorm|[from] ability: Sand Stream|[of] p1a: Tyranitar
|move|p2a: Tangrowth|Knock Off|p1a: Tyranitar
|-resisted|p1a: Tyranitar
|-damage|p1a: Tyranitar|59/100
|
|-weather|Sandstorm|[upkeep]
|-damage|p2a: Tangrowth|72/100|[from] Sandstorm
|upkeep
|turn|25
|
|t:|1667343858
|move|p1a: Tyranitar|Fire Punch|p2a: Tangrowth
|-supereffective|p2a: Tangrowth
|-damage|p2a: Tangrowth|38/100
|-damage|p1a: Tyranitar|42/100|[from] item: Rocky Helmet|[of] p2a: Tangrowth
|move|p2a: Tangrowth|Giga Drain|p1a: Tyranitar
|-supereffective|p1a: Tyranitar
|-damage|p1a: Tyranitar|5/100
|-heal|p2a: Tangrowth|54/100|[from] drain|[of] p1a: Tyranitar
|
|-weather|Sandstorm|[upkeep]
|-damage|p2a: Tangrowth|48/100|[from] Sandstorm
|upkeep
|turn|26
|
|t:|1667343861
|switch|p2a: Heatran|Heatran, M|100/100
|-item|p2a: Heatran|Air Balloon
|move|p1a: Tyranitar|Fire Punch|p2a: Heatran
|-start|p2a: Heatran|ability: Flash Fire
|
|-weather|Sandstorm|[upkeep]
|upkeep
|turn|27
|
|t:|1667343863
|move|p2a: Heatran|Eruption|p1a: Tyranitar
|-resisted|p1a: Tyranitar
|-damage|p1a: Tyranitar|0 fnt
|faint|p1a: Tyranitar
|
|-weather|Sandstorm|[upkeep]
|upkeep
|
|t:|1667343866
|switch|p1a: Blacephalon|Blacephalon|88/100
|turn|28
|
|t:|1667343867
|move|p1a: Blacephalon|Shadow Ball|p2a: Heatran
|-damage|p2a: Heatran|35/100
|-unboost|p2a: Heatran|spd|1
|-enditem|p2a: Heatran|Air Balloon
|move|p2a: Heatran|Earth Power|p1a: Blacephalon
|-supereffective|p1a: Blacephalon
|-damage|p1a: Blacephalon|0 fnt
|faint|p1a: Blacephalon
|
|-weather|none
|upkeep
|
|t:|1667343872
|switch|p1a: Kartana|Kartana|84/100
|turn|29
|
|t:|1667343874
|-end|p2a: Heatran|ability: Flash Fire|[silent]
|switch|p2a: Tangrowth|Tangrowth, F|81/100
|move|p1a: Kartana|Sacred Sword|p2a: Tangrowth
|-damage|p2a: Tangrowth|58/100
|-damage|p1a: Kartana|67/100|[from] item: Rocky Helmet|[of] p2a: Tangrowth
|
|upkeep
|turn|30
|
|t:|1667343876
|move|p1a: Kartana|Sacred Sword|p2a: Tangrowth
|-crit|p2a: Tangrowth
|-damage|p2a: Tangrowth|26/100
|-damage|p1a: Kartana|51/100|[from] item: Rocky Helmet|[of] p2a: Tangrowth
|move|p2a: Tangrowth|Focus Blast|p1a: Kartana|[miss]
|-miss|p2a: Tangrowth|p1a: Kartana
|
|upkeep
|turn|31
|
|t:|1667343878
|move|p1a: Kartana|Sacred Sword|p2a: Tangrowth
|-damage|p2a: Tangrowth|4/100
|-damage|p1a: Kartana|34/100|[from] item: Rocky Helmet|[of] p2a: Tangrowth
|move|p2a: Tangrowth|Focus Blast|p1a: Kartana|[miss]
|-miss|p2a: Tangrowth|p1a: Kartana
|
|upkeep
|turn|32
|
|t:|1667343881
|move|p1a: Kartana|Sacred Sword|p2a: Tangrowth
|-damage|p2a: Tangrowth|0 fnt
|-damage|p1a: Kartana|17/100|[from] item: Rocky Helmet|[of] p2a: Tangrowth
|faint|p2a: Tangrowth
|-ability|p1a: Kartana|Beast Boost|boost
|-boost|p1a: Kartana|atk|1
|
|upkeep
|
|t:|1667343881
|switch|p2a: Weavile|Weavile, F|50/100
|-ability|p2a: Weavile|Pressure
|turn|33
|
|t:|1667343883
|move|p2a: Weavile|Ice Shard|p1a: Kartana
|-damage|p1a: Kartana|0 fnt
|faint|p1a: Kartana
|
|win|minimax_ai
|raw|Mamaw31180's rating: 1751 &rarr; <strong>1722</strong><br />(-29 for losing)
|raw|minimax_ai's rating: 1583 &rarr; <strong>1612</strong><br />(+29 for winning)
