|raw|<div class="broadcast-blue"><strong>This battle is required to be public due to a player having a name starting with 'lt92pf'.</div>
|j|☆LT92PF PDC
|j|‽kinetic chain
|t:|1660219555
|gametype|singles
|player|p1|LT92PF PDC|#splxiiityrants|1884
|player|p2|kinetic chain|silver-gen2|1855
|teamsize|p1|6
|teamsize|p2|6
|gen|8
|tier|[Gen 8] OU
|rated|
|rule|Sleep Clause Mod: Limit one foe put to sleep
|rule|Species Clause: Limit one of each Pokémon
|rule|OHKO Clause: OHKO moves are banned
|rule|Evasion Items Clause: Evasion items are banned
|rule|Evasion Moves Clause: Evasion moves are banned
|rule|Endless Battle Clause: Forcing endless battles is banned
|rule|HP Percentage Mod: HP is shown in percentages
|rule|Dynamax Clause: You cannot dynamax
|clearpoke
|poke|p1|Garchomp, F|
|poke|p1|Dragapult, F|
|poke|p1|Heatran, M|
|poke|p1|Scizor, M|
|poke|p1|Weavile, M|
|poke|p1|Zapdos|
|poke|p2|Tapu Lele|
|poke|p2|Weavile, F|
|poke|p2|Heatran, M|
|poke|p2|Buzzwole|
|poke|p2|Garchomp, M|
|poke|p2|Rotom-Wash|
|teampreview
|inactive|Battle timer is ON: inactive players will automatically lose when time's up. (requested by kinetic chain)
|
|t:|1660219580
|start
|switch|p1a: Zapdos|Zapdos|100/100
|switch|p2a: Rotom|Rotom-Wash|100/100
|turn|1
|
|t:|1660219585
|move|p1a: Zapdos|Discharge|p2a: Rotom
|-damage|p2a: Rotom|70/100
|move|p2a: Rotom|Toxic|p1a: Zapdos
|-status|p1a: Zapdos|tox
|
|-heal|p2a: Rotom|76/100|[from] item: Leftovers
|-damage|p1a: Zapdos|94/100 tox|[from] psn
|upkeep
|turn|2
|j| lt92pf velcro
|
|t:|1660219591
|move|p1a: Zapdos|Discharge|p2a: Rotom
|-damage|p2a: Rotom|46/100
|move|p2a: Rotom|Pain Split|p1a: Zapdos
|-sethp|p1a: Zapdos|66/100 tox|[from] move: Pain Split|[silent]
|-sethp|p2a: Rotom|83/100|[from] move: Pain Split
|
|-heal|p2a: Rotom|89/100|[from] item: Leftovers
|-damage|p1a: Zapdos|54/100 tox|[from] psn
|upkeep
|turn|3
|
|t:|1660219593
|move|p1a: Zapdos|Roost|p1a: Zapdos
|-heal|p1a: Zapdos|100/100 tox
|-singleturn|p1a: Zapdos|move: Roost
|move|p2a: Rotom|Volt Switch|p1a: Zapdos
|-resisted|p1a: Zapdos
|-damage|p1a: Zapdos|89/100 tox
|
|t:|1660219597
|switch|p2a: Weavile|Weavile, F|100/100|[from]move: Volt Switch
|
|-damage|p1a: Zapdos|71/100 tox|[from] psn
|upkeep
|turn|4
|j| winston4l
|
|t:|1660219603
|switch|p1a: Heatran|Heatran, M|100/100
|-item|p1a: Heatran|Air Balloon
|move|p2a: Weavile|Beat Up|p1a: Heatran
|-damage|p1a: Heatran|87/100
|-enditem|p1a: Heatran|Air Balloon
|-damage|p1a: Heatran|78/100
|-damage|p1a: Heatran|67/100
|-damage|p1a: Heatran|52/100
|-damage|p1a: Heatran|38/100
|-damage|p1a: Heatran|28/100
|-hitcount|p1a: Heatran|6
|
|upkeep
|turn|5
|j| Ocarina1116
|
|t:|1660219609
|move|p2a: Weavile|Beat Up|p1a: Heatran
|-damage|p1a: Heatran|16/100
|-damage|p1a: Heatran|6/100
|-damage|p1a: Heatran|0 fnt
|faint|p1a: Heatran
|-hitcount|p1: Heatran|3
|
|upkeep
|j| LT92PF Isza
|j|@ironwater
|
|t:|1660219618
|switch|p1a: Dragapult|Dragapult, F|100/100
|turn|6
|j|+playerW17
|j| Wish i was gud
|
|t:|1660219633
|switch|p2a: Rotom|Rotom-Wash|89/100
|move|p1a: Dragapult|Dragon Darts|p2a: Rotom
|-damage|p2a: Rotom|55/100
|-anim|p1a: Dragapult|Dragon Darts|p2a: Rotom
|-damage|p2a: Rotom|19/100
|
|-heal|p2a: Rotom|25/100|[from] item: Leftovers
|upkeep
|turn|7
|j| Iwain
|j| playa13
|l| playa13
|j| LT92PF Po
|
|t:|1660219647
|move|p1a: Dragapult|Dragon Darts|p2a: Rotom
|-damage|p2a: Rotom|0 fnt
|faint|p2a: Rotom
|
|upkeep
|
|t:|1660219652
|switch|p2a: Tapu Lele|Tapu Lele|100/100
|-fieldstart|move: Psychic Terrain|[from] ability: Psychic Surge|[of] p2a: Tapu Lele
|turn|8
|
|t:|1660219656
|move|p1a: Dragapult|Phantom Force||[still]
|-prepare|p1a: Dragapult|Phantom Force
|move|p2a: Tapu Lele|Calm Mind|p2a: Tapu Lele
|-boost|p2a: Tapu Lele|spa|1
|-boost|p2a: Tapu Lele|spd|1
|
|upkeep
|turn|9
|
|t:|1660219660
|move|p1a: Dragapult|Phantom Force|p2a: Tapu Lele|[from]lockedmove
|-supereffective|p2a: Tapu Lele
|-damage|p2a: Tapu Lele|0 fnt
|faint|p2a: Tapu Lele
|
|upkeep
|
|t:|1660219667
|switch|p2a: Weavile|Weavile, F|100/100
|turn|10
|inactive|LT92PF PDC has 120 seconds left.
|
|t:|1660219697
|switch|p1a: Zapdos|Zapdos|71/100 tox
|move|p2a: Weavile|Knock Off|p1a: Zapdos
|-damage|p1a: Zapdos|5/100 tox
|-status|p2a: Weavile|par|[from] ability: Static|[of] p1a: Zapdos
|-enditem|p1a: Zapdos|Heavy-Duty Boots|[from] move: Knock Off|[of] p2a: Weavile
|
|-damage|p1a: Zapdos|0 fnt|[from] psn
|faint|p1a: Zapdos
|upkeep
|inactive|LT92PF PDC has 120 seconds left.
|
|t:|1660219707
|switch|p1a: Dragapult|Dragapult, F|100/100
|turn|11
|
|t:|1660219710
|move|p1a: Dragapult|Dragon Darts|p2a: Weavile
|-damage|p2a: Weavile|48/100 par
|-anim|p1a: Dragapult|Dragon Darts|p2a: Weavile
|-damage|p2a: Weavile|0 fnt
|faint|p2a: Weavile
|
|upkeep
|
|t:|1660219719
|switch|p2a: Heatran|Heatran, M|100/100
|turn|12
|
|t:|1660219724
|switch|p1a: Garchomp|Garchomp, F|100/100
|move|p2a: Heatran|Magma Storm|p1a: Garchomp
|-resisted|p1a: Garchomp
|-damage|p1a: Garchomp|76/100
|-activate|p1a: Garchomp|move: Magma Storm|[of] p2a: Heatran
|
|-damage|p1a: Garchomp|64/100|[from] move: Magma Storm|[partiallytrapped]
|-fieldend|move: Psychic Terrain
|upkeep
|turn|13
|
|t:|1660219731
|switch|p2a: Buzzwole|Buzzwole|100/100
|move|p1a: Garchomp|Earthquake|p2a: Buzzwole
|-resisted|p2a: Buzzwole
|-damage|p2a: Buzzwole|87/100
|
|-end|p1a: Garchomp|Magma Storm|[partiallytrapped]|[silent]
|upkeep
|turn|14
|
|t:|1660219735
|switch|p1a: Weavile|Weavile, M|100/100
|-ability|p1a: Weavile|Pressure
|move|p2a: Buzzwole|Ice Punch|p1a: Weavile
|-resisted|p1a: Weavile
|-damage|p1a: Weavile|80/100
|
|upkeep
|turn|15
|j| WOFlw
|j| LT92PF rej
|
|t:|1660219743
|move|p1a: Weavile|Triple Axel|p2a: Buzzwole
|-damage|p2a: Buzzwole|83/100
|-damage|p1a: Weavile|64/100|[from] item: Rocky Helmet|[of] p2a: Buzzwole
|-damage|p2a: Buzzwole|73/100
|-damage|p1a: Weavile|47/100|[from] item: Rocky Helmet|[of] p2a: Buzzwole
|-hitcount|p2a: Buzzwole|2
|move|p2a: Buzzwole|Roost|p2a: Buzzwole
|-heal|p2a: Buzzwole|100/100
|-singleturn|p2a: Buzzwole|move: Roost
|
|upkeep
|turn|16
|
|t:|1660219752
|move|p1a: Weavile|Knock Off|p2a: Buzzwole
|-resisted|p2a: Buzzwole
|-damage|p2a: Buzzwole|90/100
|-damage|p1a: Weavile|31/100|[from] item: Rocky Helmet|[of] p2a: Buzzwole
|-enditem|p2a: Buzzwole|Rocky Helmet|[from] move: Knock Off|[of] p1a: Weavile
|move|p2a: Buzzwole|Earthquake|p1a: Weavile
|-damage|p1a: Weavile|0 fnt
|faint|p1a: Weavile
|-ability|p2a: Buzzwole|Beast Boost|boost
|-boost|p2a: Buzzwole|def|1
|
|upkeep
|
|t:|1660219755
|switch|p1a: Dragapult|Dragapult, F|100/100
|turn|17
|j| oakdeon
|
|t:|1660219757
|switch|p2a: Heatran|Heatran, M|100/100
|move|p1a: Dragapult|Flamethrower|p2a: Heatran
|-start|p2a: Heatran|ability: Flash Fire
|
|upkeep
|turn|18
|j| StarGalxie
|
|t:|1660219760
|switch|p1a: Garchomp|Garchomp, F|64/100
|move|p2a: Heatran|Magma Storm|p1a: Garchomp
|-resisted|p1a: Garchomp
|-damage|p1a: Garchomp|29/100
|-activate|p1a: Garchomp|move: Magma Storm|[of] p2a: Heatran
|
|-damage|p1a: Garchomp|17/100|[from] move: Magma Storm|[partiallytrapped]
|upkeep
|turn|19
|
|t:|1660219765
|move|p2a: Heatran|Protect|p2a: Heatran
|-singleturn|p2a: Heatran|Protect
|move|p1a: Garchomp|Swords Dance|p1a: Garchomp
|-boost|p1a: Garchomp|atk|2
|
|-damage|p1a: Garchomp|4/100|[from] move: Magma Storm|[partiallytrapped]
|upkeep
|turn|20
|j| SlowSunbird
|j| iKiQ ㋛
|
|t:|1660219775
|-end|p2a: Heatran|ability: Flash Fire|[silent]
|switch|p2a: Buzzwole|Buzzwole|90/100
|move|p1a: Garchomp|Earthquake|p2a: Buzzwole
|-resisted|p2a: Buzzwole
|-damage|p2a: Buzzwole|65/100
|
|-end|p1a: Garchomp|Magma Storm|[partiallytrapped]|[silent]
|upkeep
|turn|21
|
|t:|1660219781
|move|p1a: Garchomp|Fire Fang|p2a: Buzzwole
|-supereffective|p2a: Buzzwole
|-damage|p2a: Buzzwole|20/100
|move|p2a: Buzzwole|Earthquake|p1a: Garchomp
|-damage|p1a: Garchomp|0 fnt
|faint|p1a: Garchomp
|-ability|p2a: Buzzwole|Beast Boost|boost
|-boost|p2a: Buzzwole|def|1
|
|upkeep
|j| Menacce17
|
|t:|1660219788
|switch|p1a: Dragapult|Dragapult, F|100/100
|turn|22
|j| BLACK L0TU$
|j| LT92PF Sunny
|
|t:|1660219798
|move|p1a: Dragapult|Dragon Dance|p1a: Dragapult
|-boost|p1a: Dragapult|atk|1
|-boost|p1a: Dragapult|spe|1
|move|p2a: Buzzwole|Ice Punch|p1a: Dragapult
|-supereffective|p1a: Dragapult
|-damage|p1a: Dragapult|42/100
|
|upkeep
|turn|23
|
|t:|1660219811
|move|p1a: Dragapult|Dragon Darts|p2a: Buzzwole
|-damage|p2a: Buzzwole|5/100
|-anim|p1a: Dragapult|Dragon Darts|p2a: Buzzwole
|-damage|p2a: Buzzwole|0 fnt
|faint|p2a: Buzzwole
|
|upkeep
|l| iKiQ ㋛
|
|t:|1660219813
|switch|p2a: Heatran|Heatran, M|100/100
|turn|24
|
|t:|1660219824
|move|p1a: Dragapult|Phantom Force||[still]
|-prepare|p1a: Dragapult|Phantom Force
|move|p2a: Heatran|Heavy Slam|p1a: Dragapult|[miss]
|-miss|p2a: Heatran|p1a: Dragapult
|
|upkeep
|turn|25
|
|t:|1660219826
|move|p1a: Dragapult|Phantom Force|p2a: Heatran|[from]lockedmove
|-damage|p2a: Heatran|42/100
|move|p2a: Heatran|Heavy Slam|p1a: Dragapult
|-damage|p1a: Dragapult|0 fnt
|faint|p1a: Dragapult
|
|-heal|p2a: Heatran|48/100|[from] item: Leftovers
|upkeep
|
|t:|1660219829
|switch|p1a: Scizor|Scizor, M|100/100
|turn|26
|
|t:|1660219832
|move|p1a: Scizor|Sand Tomb|p2a: Heatran|[miss]
|-miss|p1a: Scizor|p2a: Heatran
|move|p2a: Heatran|Magma Storm|p1a: Scizor
|-supereffective|p1a: Scizor
|-damage|p1a: Scizor|0 fnt
|faint|p1a: Scizor
|
|win|kinetic chain
|raw|LT92PF PDC's rating: 1884 &rarr; <strong>1862</strong><br />(-22 for losing)
|raw|kinetic chain's rating: 1855 &rarr; <strong>1877</strong><br />(+22 for winning)
|j| LT92PF Lio
|l|☆LT92PF PDC
|l|‽kinetic chain
|l| Wish i was gud
|l| lt92pf velcro
|j| LT92PF hiye
|j| Khaganhat
|j| AlIoutdragadarts
|l| winston4l
|j| chokst du
|l|@ironwater
|l|+playerW17
|j| Keblar
|l| LT92PF Sunny
|l| Keblar
|l| Khaganhat
|j|+playerW17
|l|+playerW17
||Ladder isn't responding, score probably updated but might not have (Request timeout).
|l| chokst du
|l| BLACK L0TU$
|j| chokst du
|l| StarGalxie
|l| chokst du
|j| Trannos
|j| Heiwa June ☾
|l| Heiwa June ☾
|l| SlowSunbird
|l| LT92PF rej
|l| Ocarina1116
|l| LT92PF Lio
|l| oakdeon
|l| Trannos
|l| LT92PF Po
|l| Menacce17
|l| LT92PF hiye
|l| WOFlw
|j| Trannos
|l| Iwain
|l| LT92PF Isza
|j| Mollymiltoast
|l| Mollymiltoast
|l| AlIoutdragadarts
|j| Joya
