|j|☆VirginJimmy99
|j|☆Manjack
|t:|1660708593
|gametype|singles
|player|p1|VirginJimmy99|lucas|1613
|player|p2|Manjack|101|1614
|teamsize|p1|6
|teamsize|p2|6
|gen|8
|tier|[Gen 8] OU
|rated|
|rule|Sleep Clause Mod: Limit one foe put to sleep
|rule|Species Clause: Limit one of each Pokémon
|rule|OHKO Clause: OHKO moves are banned
|rule|Evasion Items Clause: Evasion items are banned
|rule|Evasion Moves Clause: Evasion moves are banned
|rule|Endless Battle Clause: Forcing endless battles is banned
|rule|HP Percentage Mod: HP is shown in percentages
|rule|Dynamax Clause: You cannot dynamax
|clearpoke
|poke|p1|Frosmoth, M|
|poke|p1|Hatterene, F|
|poke|p1|Corviknight, M|
|poke|p1|Garchomp, F|
|poke|p1|Urshifu-*, F|
|poke|p1|Volcarona, F|
|poke|p2|Slowbro, M|
|poke|p2|Urshifu-*, F|
|poke|p2|Hippowdon, M|
|poke|p2|Tornadus-Therian, M|
|poke|p2|Heatran, F|
|poke|p2|Reuniclus, F|
|teampreview
|
|t:|1660708624
|start
|switch|p1a: Volcarona|Volcarona, F|100/100
|switch|p2a: Reuniclus|Reuniclus, F|100/100
|turn|1
|
|t:|1660708632
|switch|p1a: Frosmoth|Frosmoth, M|100/100
|move|p2a: Reuniclus|Infestation|p1a: Frosmoth
|-damage|p1a: Frosmoth|98/100
|-activate|p1a: Frosmoth|move: Infestation|[of] p2a: Reuniclus
|
|-damage|p1a: Frosmoth|82/100|[from] move: Infestation|[partiallytrapped]
|upkeep
|turn|2
|
|t:|1660708636
|move|p1a: Frosmoth|Bug Buzz|p2a: Reuniclus
|-supereffective|p2a: Reuniclus
|-damage|p2a: Reuniclus|48/100
|move|p2a: Reuniclus|Encore|p1a: Frosmoth
|-start|p1a: Frosmoth|Encore
|
|-damage|p1a: Frosmoth|65/100|[from] move: Infestation|[partiallytrapped]
|upkeep
|turn|3
|j| LT93OQ Skip
|
|t:|1660708641
|switch|p2a: Heatran|Heatran, F|100/100
|move|p1a: Frosmoth|Bug Buzz|p2a: Heatran
|-resisted|p2a: Heatran
|-damage|p2a: Heatran|94/100
|
|-heal|p2a: Heatran|100/100|[from] item: Leftovers
|-end|p1a: Frosmoth|Infestation|[partiallytrapped]|[silent]
|upkeep
|turn|4
|
|t:|1660708646
|switch|p1a: Garchomp|Garchomp, F|100/100
|move|p2a: Heatran|Magma Storm|p1a: Garchomp
|-resisted|p1a: Garchomp
|-damage|p1a: Garchomp|81/100
|-activate|p1a: Garchomp|move: Magma Storm|[of] p2a: Heatran
|
|-heal|p1a: Garchomp|88/100|[from] item: Leftovers
|-damage|p1a: Garchomp|75/100|[from] move: Magma Storm|[partiallytrapped]
|upkeep
|turn|5
|j| Starfire Scarlet
|
|t:|1660708648
|switch|p2a: Tornadus|Tornadus-Therian, M|100/100
|move|p1a: Garchomp|Stealth Rock|p2a: Tornadus
|-sidestart|p2: Manjack|move: Stealth Rock
|
|-heal|p1a: Garchomp|81/100|[from] item: Leftovers
|-end|p1a: Garchomp|Magma Storm|[partiallytrapped]|[silent]
|upkeep
|turn|6
|
|t:|1660708652
|move|p2a: Tornadus|Knock Off|p1a: Garchomp
|-damage|p1a: Garchomp|64/100
|-damage|p2a: Tornadus|88/100|[from] ability: Rough Skin|[of] p1a: Garchomp
|-enditem|p1a: Garchomp|Leftovers|[from] move: Knock Off|[of] p2a: Tornadus
|move|p1a: Garchomp|Toxic|p2a: Tornadus|[miss]
|-miss|p1a: Garchomp|p2a: Tornadus
|
|upkeep
|turn|7
|
|t:|1660708658
|move|p2a: Tornadus|Defog|p1a: Garchomp
|-unboost|p1a: Garchomp|evasion|1
|-sideend|p2: Manjack|Stealth Rock|[from] move: Defog|[of] p2a: Tornadus
|move|p1a: Garchomp|Toxic|p2a: Tornadus
|-status|p2a: Tornadus|tox
|
|-damage|p2a: Tornadus|82/100 tox|[from] psn
|upkeep
|turn|8
|
|t:|1660708660
|move|p2a: Tornadus|Hurricane|p1a: Garchomp
|-damage|p1a: Garchomp|28/100
|move|p1a: Garchomp|Stealth Rock|p2a: Tornadus
|-sidestart|p2: Manjack|move: Stealth Rock
|
|-damage|p2a: Tornadus|70/100 tox|[from] psn
|upkeep
|turn|9
|
|t:|1660708666
|move|p1a: Garchomp|Protect|p1a: Garchomp
|-singleturn|p1a: Garchomp|Protect
|move|p2a: Tornadus|Hurricane|p1a: Garchomp
|-activate|p1a: Garchomp|move: Protect
|
|-damage|p2a: Tornadus|52/100 tox|[from] psn
|upkeep
|turn|10
|
|t:|1660708671
|move|p2a: Tornadus|Hurricane|p1a: Garchomp
|-damage|p1a: Garchomp|0 fnt
|faint|p1a: Garchomp
|
|-damage|p2a: Tornadus|27/100 tox|[from] psn
|upkeep
|
|t:|1660708675
|switch|p1a: Urshifu|Urshifu-Rapid-Strike, F|100/100
|turn|11
|
|t:|1660708681
|switch|p2a: Slowbro|Slowbro, M|100/100
|-damage|p2a: Slowbro|88/100|[from] Stealth Rock
|move|p1a: Urshifu|U-turn|p2a: Slowbro
|-supereffective|p2a: Slowbro
|-damage|p2a: Slowbro|59/100
|-damage|p1a: Urshifu|84/100|[from] item: Rocky Helmet|[of] p2a: Slowbro
|
|t:|1660708685
|switch|p1a: Frosmoth|Frosmoth, M|65/100|[from]move: U-turn
|
|upkeep
|turn|12
|
|t:|1660708689
|switch|p2a: Heatran|Heatran, F|100/100
|-damage|p2a: Heatran|88/100|[from] Stealth Rock
|move|p1a: Frosmoth|Bug Buzz|p2a: Heatran
|-resisted|p2a: Heatran
|-damage|p2a: Heatran|82/100
|
|-heal|p2a: Heatran|88/100|[from] item: Leftovers
|upkeep
|turn|13
|
|t:|1660708694
|move|p2a: Heatran|Magma Storm|p1a: Frosmoth
|-supereffective|p1a: Frosmoth
|-damage|p1a: Frosmoth|5/100
|-activate|p1a: Frosmoth|move: Magma Storm|[of] p2a: Heatran
|move|p1a: Frosmoth|Mirror Coat|p2a: Heatran
|-damage|p2a: Heatran|0 fnt
|faint|p2a: Heatran
|
|-end|p1a: Frosmoth|Magma Storm|[partiallytrapped]|[silent]
|upkeep
|
|t:|1660708700
|switch|p2a: Urshifu|Urshifu-Rapid-Strike, F|100/100
|-damage|p2a: Urshifu|94/100|[from] Stealth Rock
|turn|14
|c|☆Manjack|Ouch
|c| Starfire Scarlet|moth
|
|t:|1660708721
|switch|p1a: Corviknight|Corviknight, M|100/100
|-ability|p1a: Corviknight|Pressure
|move|p2a: Urshifu|U-turn|p1a: Corviknight
|-resisted|p1a: Corviknight
|-damage|p1a: Corviknight|95/100
|
|t:|1660708725
|switch|p2a: Tornadus|Tornadus-Therian, M|60/100 tox|[from]move: U-turn
|
|-damage|p2a: Tornadus|54/100 tox|[from] psn
|upkeep
|turn|15
|
|t:|1660708728
|move|p2a: Tornadus|Defog|p1a: Corviknight
|-unboost|p1a: Corviknight|evasion|1
|-sideend|p2: Manjack|Stealth Rock|[from] move: Defog|[of] p2a: Tornadus
|move|p1a: Corviknight|Thief|p2a: Tornadus
|-damage|p2a: Tornadus|38/100 tox
|-enditem|p2a: Tornadus|Heavy-Duty Boots|[silent]|[from] move: Thief|[of] p1a: Corviknight
|-item|p1a: Corviknight|Heavy-Duty Boots|[from] move: Thief|[of] p2a: Tornadus
|
|-damage|p2a: Tornadus|26/100 tox|[from] psn
|upkeep
|turn|16
|c|☆Manjack|Nani?
|
|t:|1660708742
|switch|p2a: Slowbro|Slowbro, M|92/100
|move|p1a: Corviknight|Brave Bird|p2a: Slowbro
|-damage|p2a: Slowbro|70/100
|-damage|p1a: Corviknight|78/100|[from] item: Rocky Helmet|[of] p2a: Slowbro
|-damage|p1a: Corviknight|71/100|[from] Recoil
|
|upkeep
|turn|17
|
|t:|1660708752
|move|p1a: Corviknight|Roost|p1a: Corviknight
|-heal|p1a: Corviknight|100/100
|-singleturn|p1a: Corviknight|move: Roost
|move|p2a: Slowbro|Future Sight|p1a: Corviknight
|-start|p2a: Slowbro|move: Future Sight
|
|upkeep
|turn|18
|
|t:|1660708756
|move|p1a: Corviknight|Brave Bird|p2a: Slowbro
|-damage|p2a: Slowbro|48/100
|-damage|p1a: Corviknight|84/100|[from] item: Rocky Helmet|[of] p2a: Slowbro
|-damage|p1a: Corviknight|77/100|[from] Recoil
|move|p2a: Slowbro|Scald|p1a: Corviknight
|-damage|p1a: Corviknight|51/100
|-status|p1a: Corviknight|brn
|
|-damage|p1a: Corviknight|45/100 brn|[from] brn
|upkeep
|turn|19
|
|t:|1660708765
|move|p1a: Corviknight|Roost|p1a: Corviknight
|-heal|p1a: Corviknight|95/100 brn
|-singleturn|p1a: Corviknight|move: Roost
|move|p2a: Slowbro|Slack Off|p2a: Slowbro
|-heal|p2a: Slowbro|98/100
|
|-end|p1a: Corviknight|move: Future Sight
|-resisted|p1a: Corviknight
|-damage|p1a: Corviknight|78/100 brn
|-damage|p1a: Corviknight|72/100 brn|[from] brn
|upkeep
|turn|20
|
|t:|1660708770
|switch|p1a: Hatterene|Hatterene, F|100/100
|move|p2a: Slowbro|Future Sight|p1a: Hatterene
|-start|p2a: Slowbro|move: Future Sight
|
|upkeep
|turn|21
|
|t:|1660708778
|move|p1a: Hatterene|Calm Mind|p1a: Hatterene
|-boost|p1a: Hatterene|spa|1
|-boost|p1a: Hatterene|spd|1
|move|p2a: Slowbro|Scald|p1a: Hatterene
|-damage|p1a: Hatterene|81/100
|
|-heal|p1a: Hatterene|87/100|[from] item: Leftovers
|upkeep
|turn|22
|
|t:|1660708784
|move|p1a: Hatterene|Calm Mind|p1a: Hatterene
|-boost|p1a: Hatterene|spa|1
|-boost|p1a: Hatterene|spd|1
|move|p2a: Slowbro|Teleport|p2a: Slowbro
|
|t:|1660708788
|switch|p2a: Urshifu|Urshifu-Rapid-Strike, F|94/100|[from]move: Teleport
|
|-end|p1a: Hatterene|move: Future Sight
|-resisted|p1a: Hatterene
|-damage|p1a: Hatterene|77/100
|-heal|p1a: Hatterene|83/100|[from] item: Leftovers
|upkeep
|turn|23
|
|t:|1660708793
|move|p2a: Urshifu|U-turn|p1a: Hatterene
|-damage|p1a: Hatterene|54/100
|
|t:|1660708800
|switch|p2a: Tornadus|Tornadus-Therian, M|59/100 tox|[from]move: U-turn
|move|p1a: Hatterene|Draining Kiss|p2a: Tornadus
|-damage|p2a: Tornadus|14/100 tox
|-heal|p1a: Hatterene|92/100|[from] drain|[of] p2a: Tornadus
|
|-heal|p1a: Hatterene|98/100|[from] item: Leftovers
|-damage|p2a: Tornadus|8/100 tox|[from] psn
|upkeep
|turn|24
|
|t:|1660708806
|move|p2a: Tornadus|Knock Off|p1a: Hatterene
|-damage|p1a: Hatterene|78/100
|-enditem|p1a: Hatterene|Leftovers|[from] move: Knock Off|[of] p2a: Tornadus
|move|p1a: Hatterene|Calm Mind|p1a: Hatterene
|-boost|p1a: Hatterene|spa|1
|-boost|p1a: Hatterene|spd|1
|
|-damage|p2a: Tornadus|0 fnt|[from] psn
|faint|p2a: Tornadus
|upkeep
|
|t:|1660708814
|switch|p2a: Reuniclus|Reuniclus, F|48/100
|turn|25
|
|t:|1660708820
|move|p1a: Hatterene|Draining Kiss|p2a: Reuniclus
|-damage|p2a: Reuniclus|10/100
|-heal|p1a: Hatterene|100/100|[from] drain|[of] p2a: Reuniclus
|move|p2a: Reuniclus|Encore|p1a: Hatterene
|move|p1a: Hatterene|Encore||[from]ability: Magic Bounce|[still]
|-fail|p1a: Hatterene
|
|upkeep
|turn|26
|
|t:|1660708828
|move|p1a: Hatterene|Draining Kiss|p2a: Reuniclus
|-damage|p2a: Reuniclus|0 fnt
|faint|p2a: Reuniclus
|
|upkeep
|
|t:|1660708832
|switch|p2a: Hippowdon|Hippowdon, M|100/100
|-weather|Sandstorm|[from] ability: Sand Stream|[of] p2a: Hippowdon
|turn|27
|
|t:|1660708835
|move|p1a: Hatterene|Draining Kiss|p2a: Hippowdon
|-damage|p2a: Hippowdon|58/100
|move|p2a: Hippowdon|Substitute|p2a: Hippowdon
|-start|p2a: Hippowdon|Substitute
|-damage|p2a: Hippowdon|33/100
|
|-weather|Sandstorm|[upkeep]
|-damage|p1a: Hatterene|95/100|[from] Sandstorm
|-heal|p2a: Hippowdon|39/100|[from] item: Leftovers
|upkeep
|turn|28
|
|t:|1660708839
|move|p1a: Hatterene|Psyshock|p2a: Hippowdon
|-end|p2a: Hippowdon|Substitute
|move|p2a: Hippowdon|Slack Off|p2a: Hippowdon
|-heal|p2a: Hippowdon|89/100
|
|-weather|Sandstorm|[upkeep]
|-damage|p1a: Hatterene|89/100|[from] Sandstorm
|-heal|p2a: Hippowdon|95/100|[from] item: Leftovers
|upkeep
|turn|29
|
|t:|1660708844
|move|p1a: Hatterene|Psyshock|p2a: Hippowdon
|-damage|p2a: Hippowdon|31/100
|move|p2a: Hippowdon|Earthquake|p1a: Hatterene
|-damage|p1a: Hatterene|56/100
|
|-weather|Sandstorm|[upkeep]
|-damage|p1a: Hatterene|50/100|[from] Sandstorm
|-heal|p2a: Hippowdon|37/100|[from] item: Leftovers
|upkeep
|turn|30
|
|t:|1660708850
|move|p1a: Hatterene|Draining Kiss|p2a: Hippowdon
|-damage|p2a: Hippowdon|0 fnt
|-heal|p1a: Hatterene|87/100|[from] drain|[of] p2a: Hippowdon
|faint|p2a: Hippowdon
|
|-weather|Sandstorm|[upkeep]
|-damage|p1a: Hatterene|81/100|[from] Sandstorm
|upkeep
|
|t:|1660708852
|switch|p2a: Urshifu|Urshifu-Rapid-Strike, F|94/100
|turn|31
|
|t:|1660708853
|move|p2a: Urshifu|Surging Strikes|p1a: Hatterene
|-crit|p1a: Hatterene
|-damage|p1a: Hatterene|55/100
|-crit|p1a: Hatterene
|-damage|p1a: Hatterene|30/100
|-crit|p1a: Hatterene
|-damage|p1a: Hatterene|6/100
|-hitcount|p1a: Hatterene|3
|move|p1a: Hatterene|Draining Kiss|p2a: Urshifu
|-supereffective|p2a: Urshifu
|-damage|p2a: Urshifu|0 fnt
|-heal|p1a: Hatterene|82/100|[from] drain|[of] p2a: Urshifu
|faint|p2a: Urshifu
|
|-weather|none
|upkeep
|c|☆Manjack|Gg
|c|☆VirginJimmy99|gg
|-message|Manjack forfeited.
|
|win|VirginJimmy99
|raw|VirginJimmy99's rating: 1613 &rarr; <strong>1633</strong><br />(+20 for winning)
|raw|Manjack's rating: 1614 &rarr; <strong>1594</strong><br />(-20 for losing)
|l|☆Manjack
||Ladder isn't responding, score probably updated but might not have (Request timeout).
