|j|☆BillionthLadderAlt
|j|☆ChiefGreenLeaf3
|t:|1668085154
|gametype|singles
|player|p1|BillionthLadderAlt|guitarist-gen4|
|player|p2|ChiefGreenLeaf3|266|
|teamsize|p1|6
|teamsize|p2|6
|gen|8
|tier|[Gen 8] OU
|rule|Sleep Clause Mod: Limit one foe put to sleep
|rule|Species Clause: Limit one of each Pokémon
|rule|OHKO Clause: OHKO moves are banned
|rule|Evasion Items Clause: Evasion items are banned
|rule|Evasion Moves Clause: Evasion moves are banned
|rule|Endless Battle Clause: Forcing endless battles is banned
|rule|HP Percentage Mod: HP is shown in percentages
|rule|Dynamax Clause: You cannot dynamax
|clearpoke
|poke|p1|Ninetales-Alola, M|
|poke|p1|Arctozolt|
|poke|p1|Blissey, F|
|poke|p1|Zapdos|
|poke|p1|Garchomp, F|
|poke|p1|Ferrothorn, M|
|poke|p2|Mew|
|poke|p2|Heatran, F|
|poke|p2|Weavile, M|
|poke|p2|Rillaboom, M|
|poke|p2|Blaziken, F|
|poke|p2|Garchomp, F|
|teampreview
|inactive|Battle timer is ON: inactive players will automatically lose when time's up. (requested by BillionthLadderAlt)
|
|t:|1668085176
|start
|switch|p1a: Ninetales|Ninetales-Alola, M|100/100
|switch|p2a: Weavile|Weavile, M, shiny|100/100
|-ability|p2a: Weavile|Pressure
|-weather|Hail|[from] ability: Snow Warning|[of] p1a: Ninetales
|turn|1
|
|t:|1668085181
|move|p2a: Weavile|Knock Off|p1a: Ninetales
|-resisted|p1a: Ninetales
|-damage|p1a: Ninetales|55/100
|-enditem|p1a: Ninetales|Icy Rock|[from] move: Knock Off|[of] p2a: Weavile
|-damage|p2a: Weavile|91/100|[from] item: Life Orb
|move|p1a: Ninetales|Moonblast|p2a: Weavile
|-supereffective|p2a: Weavile
|-damage|p2a: Weavile|0 fnt
|faint|p2a: Weavile
|
|-weather|Hail|[upkeep]
|upkeep
|
|t:|1668085184
|switch|p2a: Blaziken|Blaziken, F|100/100
|turn|2
|
|t:|1668085190
|move|p1a: Ninetales|Moonblast|p2a: Blaziken
|-damage|p2a: Blaziken|50/100
|move|p2a: Blaziken|Swords Dance|p2a: Blaziken
|-boost|p2a: Blaziken|atk|2
|
|-weather|Hail|[upkeep]
|-damage|p2a: Blaziken|44/100|[from] Hail
|-heal|p2a: Blaziken|50/100|[from] item: Leftovers
|-ability|p2a: Blaziken|Speed Boost|boost
|-boost|p2a: Blaziken|spe|1
|upkeep
|turn|3
|
|t:|1668085198
|switch|p1a: Garchomp|Garchomp, F|100/100
|move|p2a: Blaziken|Close Combat|p1a: Garchomp
|-damage|p1a: Garchomp|17/100
|-unboost|p2a: Blaziken|def|1
|-unboost|p2a: Blaziken|spd|1
|-damage|p2a: Blaziken|38/100|[from] ability: Rough Skin|[of] p1a: Garchomp
|-damage|p2a: Blaziken|21/100|[from] item: Rocky Helmet|[of] p1a: Garchomp
|
|-weather|Hail|[upkeep]
|-damage|p2a: Blaziken|15/100|[from] Hail
|-damage|p1a: Garchomp|10/100|[from] Hail
|-heal|p2a: Blaziken|21/100|[from] item: Leftovers
|-ability|p2a: Blaziken|Speed Boost|boost
|-boost|p2a: Blaziken|spe|1
|upkeep
|turn|4
|
|t:|1668085203
|move|p2a: Blaziken|Close Combat|p1a: Garchomp
|-damage|p1a: Garchomp|0 fnt
|-unboost|p2a: Blaziken|def|1
|-unboost|p2a: Blaziken|spd|1
|-damage|p2a: Blaziken|9/100|[from] ability: Rough Skin|[of] p1a: Garchomp
|-damage|p2a: Blaziken|0 fnt|[from] item: Rocky Helmet|[of] p1a: Garchomp
|faint|p1a: Garchomp
|faint|p2a: Blaziken
|
|-weather|Hail|[upkeep]
|upkeep
|
|t:|1668085214
|switch|p1a: Arctozolt|Arctozolt|100/100
|switch|p2a: Heatran|Heatran, F|100/100
|-item|p2a: Heatran|Air Balloon
|turn|5
|
|t:|1668085221
|switch|p1a: Blissey|Blissey, F|100/100
|switch|p2a: Garchomp|Garchomp, F|100/100
|
|-weather|Hail|[upkeep]
|-damage|p2a: Garchomp|94/100|[from] Hail
|-damage|p1a: Blissey|94/100|[from] Hail
|-heal|p2a: Garchomp|100/100|[from] item: Leftovers
|upkeep
|turn|6
|
|t:|1668085231
|switch|p1a: Ninetales|Ninetales-Alola, M|55/100
|move|p2a: Garchomp|Scale Shot|p1a: Ninetales
|-immune|p1a: Ninetales
|
|-weather|Hail|[upkeep]
|-damage|p2a: Garchomp|94/100|[from] Hail
|-heal|p2a: Garchomp|100/100|[from] item: Leftovers
|upkeep
|turn|7
|
|t:|1668085235
|switch|p2a: Heatran|Heatran, F|100/100
|-item|p2a: Heatran|Air Balloon
|move|p1a: Ninetales|Blizzard|p2a: Heatran
|-resisted|p2a: Heatran
|-damage|p2a: Heatran|91/100
|-enditem|p2a: Heatran|Air Balloon
|
|-weather|Hail|[upkeep]
|-damage|p2a: Heatran|85/100|[from] Hail
|upkeep
|turn|8
|
|t:|1668085243
|switch|p1a: Arctozolt|Arctozolt|100/100
|move|p2a: Heatran|Stealth Rock|p1a: Arctozolt
|-sidestart|p1: BillionthLadderAlt|move: Stealth Rock
|
|-weather|none
|upkeep
|turn|9
|
|t:|1668085248
|switch|p1a: Zapdos|Zapdos|100/100
|move|p2a: Heatran|Magma Storm|p1a: Zapdos|[miss]
|-miss|p2a: Heatran|p1a: Zapdos
|
|upkeep
|turn|10
|
|t:|1668085251
|move|p2a: Heatran|Magma Storm|p1a: Zapdos
|-damage|p1a: Zapdos|56/100
|-activate|p1a: Zapdos|move: Magma Storm|[of] p2a: Heatran
|move|p1a: Zapdos|Defog|p2a: Heatran
|-unboost|p2a: Heatran|evasion|1
|-sideend|p1: BillionthLadderAlt|Stealth Rock|[from] move: Defog|[of] p1a: Zapdos
|
|-damage|p1a: Zapdos|43/100|[from] move: Magma Storm|[partiallytrapped]
|upkeep
|turn|11
|
|t:|1668085255
|move|p2a: Heatran|Stealth Rock|p1a: Zapdos
|-sidestart|p1: BillionthLadderAlt|move: Stealth Rock
|move|p1a: Zapdos|Volt Switch|p2a: Heatran
|-damage|p2a: Heatran|59/100
|
|t:|1668085260
|switch|p1a: Blissey|Blissey, F|94/100|[from]move: Volt Switch
|
|upkeep
|turn|12
|
|t:|1668085269
|move|p2a: Heatran|Magma Storm|p1a: Blissey
|-damage|p1a: Blissey|78/100
|-activate|p1a: Blissey|move: Magma Storm|[of] p2a: Heatran
|move|p1a: Blissey|Toxic|p2a: Heatran
|-immune|p2a: Heatran
|
|-damage|p1a: Blissey|65/100|[from] move: Magma Storm|[partiallytrapped]
|upkeep
|turn|13
|
|t:|1668085274
|move|p2a: Heatran|Taunt|p1a: Blissey
|-start|p1a: Blissey|move: Taunt
|move|p1a: Blissey|Seismic Toss|p2a: Heatran
|-damage|p2a: Heatran|31/100
|-status|p1a: Blissey|brn|[from] ability: Flame Body|[of] p2a: Heatran
|
|-damage|p1a: Blissey|59/100 brn|[from] brn
|-damage|p1a: Blissey|47/100 brn|[from] move: Magma Storm|[partiallytrapped]
|upkeep
|turn|14
|
|t:|1668085303
|switch|p2a: Garchomp|Garchomp, F|100/100
|move|p1a: Blissey|Seismic Toss|p2a: Garchomp
|-damage|p2a: Garchomp|72/100
|-damage|p1a: Blissey|34/100 brn|[from] ability: Rough Skin|[of] p2a: Garchomp
|
|-heal|p2a: Garchomp|79/100|[from] item: Leftovers
|-damage|p1a: Blissey|28/100 brn|[from] brn
|-end|p1a: Blissey|Magma Storm|[partiallytrapped]|[silent]
|upkeep
|turn|15
|
|t:|1668085313
|move|p2a: Garchomp|Earthquake|p1a: Blissey
|-damage|p1a: Blissey|0 fnt
|faint|p1a: Blissey
|
|-heal|p2a: Garchomp|85/100|[from] item: Leftovers
|upkeep
|
|t:|1668085315
|switch|p1a: Ninetales|Ninetales-Alola, M|55/100
|-damage|p1a: Ninetales|30/100|[from] Stealth Rock
|-weather|Hail|[from] ability: Snow Warning|[of] p1a: Ninetales
|turn|16
|inactive|ChiefGreenLeaf3 has 270 seconds left.
|
|t:|1668085335
|switch|p2a: Rillaboom|Rillaboom, M|100/100
|-fieldstart|move: Grassy Terrain|[from] ability: Grassy Surge|[of] p2a: Rillaboom
|move|p1a: Ninetales|Blizzard|p2a: Rillaboom
|-supereffective|p2a: Rillaboom
|-damage|p2a: Rillaboom|4/100
|
|-weather|Hail|[upkeep]
|-damage|p2a: Rillaboom|0 fnt|[from] Hail
|faint|p2a: Rillaboom
|-heal|p1a: Ninetales|36/100|[from] Grassy Terrain
|upkeep
|
|t:|1668085337
|switch|p2a: Mew|Mew|100/100
|turn|17
|
|t:|1668085351
|move|p1a: Ninetales|Blizzard|p2a: Mew
|-damage|p2a: Mew|58/100
|move|p2a: Mew|Dragon Dance|p2a: Mew
|-boost|p2a: Mew|atk|1
|-boost|p2a: Mew|spe|1
|
|-weather|Hail|[upkeep]
|-damage|p2a: Mew|52/100|[from] Hail
|-heal|p2a: Mew|58/100|[from] Grassy Terrain
|-heal|p1a: Ninetales|42/100|[from] Grassy Terrain
|upkeep
|turn|18
|inactive|ChiefGreenLeaf3 has 270 seconds left.
|inactive|BillionthLadderAlt has 270 seconds left.
|inactive|ChiefGreenLeaf3 has 240 seconds left.
|
|t:|1668085424
|switch|p1a: Zapdos|Zapdos|43/100
|move|p2a: Mew|Psychic Fangs|p1a: Zapdos
|-damage|p1a: Zapdos|0 fnt
|faint|p1a: Zapdos
|
|-weather|Hail|[upkeep]
|-damage|p2a: Mew|52/100|[from] Hail
|-heal|p2a: Mew|58/100|[from] Grassy Terrain
|upkeep
|
|t:|1668085428
|switch|p1a: Ferrothorn|Ferrothorn, M|100/100
|-damage|p1a: Ferrothorn|95/100|[from] Stealth Rock
|turn|19
|
|t:|1668085434
|move|p2a: Mew|Dragon Dance|p2a: Mew
|-boost|p2a: Mew|atk|1
|-boost|p2a: Mew|spe|1
|move|p1a: Ferrothorn|Gyro Ball|p2a: Mew
|-damage|p2a: Mew|5/100
|
|-weather|Hail|[upkeep]
|-damage|p2a: Mew|0 fnt|[from] Hail
|-damage|p1a: Ferrothorn|89/100|[from] Hail
|faint|p2a: Mew
|-heal|p1a: Ferrothorn|95/100|[from] Grassy Terrain
|-heal|p1a: Ferrothorn|100/100|[from] item: Leftovers
|upkeep
|inactive|ChiefGreenLeaf3 has 240 seconds left.
|c|☆ChiefGreenLeaf3|ah cc was game I forgot bads still use gyro
|c|☆BillionthLadderAlt|cc wasnt game
|c|☆BillionthLadderAlt|at +1 u deal 60% to maxdef ferro
|
|t:|1668085478
|switch|p2a: Garchomp|Garchomp, F|85/100
|turn|20
|c|☆BillionthLadderAlt|mew is weak as a bitch
|c|☆ChiefGreenLeaf3|i mean w/o bad gyro
|inactive|ChiefGreenLeaf3 has 210 seconds left.
|
|t:|1668085496
|move|p2a: Garchomp|Earthquake|p1a: Ferrothorn
|-damage|p1a: Ferrothorn|86/100
|move|p1a: Ferrothorn|Gyro Ball|p2a: Garchomp
|-damage|p2a: Garchomp|37/100
|-damage|p1a: Ferrothorn|73/100|[from] ability: Rough Skin|[of] p2a: Garchomp
|
|-weather|none
|-heal|p2a: Garchomp|43/100|[from] Grassy Terrain
|-heal|p2a: Garchomp|49/100|[from] item: Leftovers
|-heal|p1a: Ferrothorn|79/100|[from] Grassy Terrain
|-heal|p1a: Ferrothorn|85/100|[from] item: Leftovers
|-fieldend|move: Grassy Terrain
|upkeep
|turn|21
|
|t:|1668085508
|move|p2a: Garchomp|Fire Fang|p1a: Ferrothorn
|-supereffective|p1a: Ferrothorn
|-damage|p1a: Ferrothorn|33/100
|-damage|p2a: Garchomp|37/100|[from] ability: Iron Barbs|[of] p1a: Ferrothorn
|move|p1a: Ferrothorn|Leech Seed|p2a: Garchomp
|-start|p2a: Garchomp|move: Leech Seed
|
|-heal|p2a: Garchomp|43/100|[from] item: Leftovers
|-heal|p1a: Ferrothorn|39/100|[from] item: Leftovers
|-damage|p2a: Garchomp|30/100|[from] Leech Seed|[of] p1a: Ferrothorn
|-heal|p1a: Ferrothorn|51/100|[silent]
|upkeep
|turn|22
|
|t:|1668085515
|move|p2a: Garchomp|Earthquake|p1a: Ferrothorn
|-damage|p1a: Ferrothorn|24/100
|move|p1a: Ferrothorn|Gyro Ball|p2a: Garchomp
|-crit|p2a: Garchomp
|-damage|p2a: Garchomp|0 fnt
|-damage|p1a: Ferrothorn|12/100|[from] ability: Rough Skin|[of] p2a: Garchomp
|faint|p2a: Garchomp
|
|-heal|p1a: Ferrothorn|18/100|[from] item: Leftovers
|upkeep
|
|t:|1668085517
|switch|p2a: Heatran|Heatran, F|31/100
|turn|23
|
|t:|1668085523
|switch|p1a: Ninetales|Ninetales-Alola, M|42/100
|-damage|p1a: Ninetales|17/100|[from] Stealth Rock
|-weather|Hail|[from] ability: Snow Warning|[of] p1a: Ninetales
|move|p2a: Heatran|Magma Storm|p1a: Ninetales
|-supereffective|p1a: Ninetales
|-damage|p1a: Ninetales|0 fnt
|faint|p1a: Ninetales
|
|-weather|Hail|[upkeep]
|-damage|p2a: Heatran|25/100|[from] Hail
|upkeep
|
|t:|1668085524
|switch|p1a: Arctozolt|Arctozolt|100/100
|-damage|p1a: Arctozolt|76/100|[from] Stealth Rock
|turn|24
|
|t:|1668085526
|move|p1a: Arctozolt|Low Kick|p2a: Heatran
|-supereffective|p2a: Heatran
|-damage|p2a: Heatran|0 fnt
|faint|p2a: Heatran
|-damage|p1a: Arctozolt|66/100|[from] item: Life Orb
|
|win|BillionthLadderAlt
|c|☆BillionthLadderAlt|easiest game of my life
