|j|☆noudle soop
|j|☆LatiGOD
|t:|1629494051
|gametype|singles
|player|p1|noudle soop|unknown|1785
|player|p2|LatiGOD|grimsley|1722
|teamsize|p1|6
|teamsize|p2|6
|gen|8
|tier|[Gen 8] OU
|rated|
|rule|Sleep Clause Mod: Limit one foe put to sleep
|rule|Species Clause: Limit one of each Pokémon
|rule|OHKO Clause: OHKO moves are banned
|rule|Evasion Moves Clause: Evasion moves are banned
|rule|Endless Battle Clause: Forcing endless battles is banned
|rule|HP Percentage Mod: HP is shown in percentages
|rule|Dynamax Clause: You cannot dynamax
|clearpoke
|poke|p1|Tapu Fini|
|poke|p1|Mamoswine, M|
|poke|p1|Magnezone|
|poke|p1|Dragonite, F|
|poke|p1|Heatran, M|
|poke|p1|Kartana|
|poke|p2|Garchomp, M|
|poke|p2|Tapu Koko|
|poke|p2|Volcarona, M|
|poke|p2|Rillaboom, M|
|poke|p2|Bisharp, M|
|poke|p2|Landorus-Therian, M|
|teampreview
|inactive|Battle timer is ON: inactive players will automatically lose when time's up. (requested by noudle soop)
|j| RWaver
|l| RWaver
|j| Ripamon
|inactive|LatiGOD has 120 seconds left.
|
|t:|1629494084
|start
|switch|p1a: Tapu Fini|Tapu Fini|100/100
|switch|p2a: Volcarona|Volcarona, M|100/100
|-fieldstart|move: Misty Terrain|[from] ability: Misty Surge|[of] p1a: Tapu Fini
|turn|1
|inactive|noudle soop has 120 seconds left.
|l| Ripamon
|
|t:|1629494120
|move|p2a: Volcarona|Quiver Dance|p2a: Volcarona
|-boost|p2a: Volcarona|spa|1
|-boost|p2a: Volcarona|spd|1
|-boost|p2a: Volcarona|spe|1
|move|p1a: Tapu Fini|Knock Off|p2a: Volcarona
|-damage|p2a: Volcarona|74/100
|-enditem|p2a: Volcarona|Heavy-Duty Boots|[from] move: Knock Off|[of] p1a: Tapu Fini
|
|upkeep
|turn|2
|j| Ripamon
|
|t:|1629494126
|switch|p2a: Landorus|Landorus-Therian, M|100/100
|-ability|p2a: Landorus|Intimidate|boost
|-unboost|p1a: Tapu Fini|atk|1
|move|p1a: Tapu Fini|Hydro Pump|p2a: Landorus
|-supereffective|p2a: Landorus
|-enditem|p2a: Landorus|Focus Sash
|-damage|p2a: Landorus|1/100
|
|upkeep
|turn|3
|j| juicelol
|
|t:|1629494134
|switch|p1a: Heatran|Heatran, M|100/100
|move|p2a: Landorus|Stealth Rock|p1a: Heatran
|-sidestart|p1: noudle soop|move: Stealth Rock
|
|upkeep
|turn|4
|
|t:|1629494139
|switch|p1a: Dragonite|Dragonite, F|100/100
|move|p2a: Landorus|Earthquake|p1a: Dragonite
|-immune|p1a: Dragonite
|
|upkeep
|turn|5
|
|t:|1629494141
|move|p2a: Landorus|Explosion|p1a: Dragonite
|-damage|p1a: Dragonite|52/100
|faint|p2a: Landorus
|move|p1a: Dragonite|Roost|p1a: Dragonite
|-heal|p1a: Dragonite|100/100
|-singleturn|p1a: Dragonite|move: Roost
|
|-fieldend|Misty Terrain
|upkeep
|
|t:|1629494149
|switch|p2a: Tapu Koko|Tapu Koko|100/100
|-fieldstart|move: Electric Terrain|[from] ability: Electric Surge|[of] p2a: Tapu Koko
|turn|6
|
|t:|1629494156
|switch|p1a: Heatran|Heatran, M|100/100
|-damage|p1a: Heatran|88/100|[from] Stealth Rock
|move|p2a: Tapu Koko|Volt Switch|p1a: Heatran
|-damage|p1a: Heatran|48/100
|
|t:|1629494163
|switch|p2a: Garchomp|Garchomp, M|100/100|[from]move: Volt Switch
|
|-heal|p1a: Heatran|54/100|[from] item: Leftovers
|upkeep
|turn|7
|j| Elite Trainer 2913
|inactive|noudle soop has 120 seconds left.
|
|t:|1629494211
|switch|p1a: Tapu Fini|Tapu Fini|100/100
|-damage|p1a: Tapu Fini|88/100|[from] Stealth Rock
|-fieldstart|move: Misty Terrain|[from] ability: Misty Surge|[of] p1a: Tapu Fini
|move|p2a: Garchomp|Earthquake|p1a: Tapu Fini
|-damage|p1a: Tapu Fini|17/100
|-damage|p2a: Garchomp|91/100|[from] item: Life Orb
|
|upkeep
|turn|8
|
|t:|1629494224
|switch|p1a: Dragonite|Dragonite, F|100/100
|move|p2a: Garchomp|Earthquake|p1a: Dragonite
|-immune|p1a: Dragonite
|
|upkeep
|turn|9
|inactive|noudle soop has 120 seconds left.
|
|t:|1629494229
|switch|p1a: Mamoswine|Mamoswine, M|100/100
|-damage|p1a: Mamoswine|88/100|[from] Stealth Rock
|move|p2a: Garchomp|Scale Shot|p1a: Mamoswine
|-damage|p1a: Mamoswine|78/100
|-damage|p1a: Mamoswine|68/100
|-hitcount|p1a: Mamoswine|2
|-unboost|p2a: Garchomp|def|1
|-boost|p2a: Garchomp|spe|1
|-damage|p2a: Garchomp|81/100|[from] item: Life Orb
|
|-heal|p1a: Mamoswine|74/100|[from] item: Leftovers
|upkeep
|turn|10
|
|t:|1629494240
|switch|p2a: Volcarona|Volcarona, M|74/100
|move|p1a: Mamoswine|Ice Shard|p2a: Volcarona
|-resisted|p2a: Volcarona
|-damage|p2a: Volcarona|56/100
|
|-heal|p1a: Mamoswine|81/100|[from] item: Leftovers
|upkeep
|turn|11
|j| RWaver
|l| RWaver
|
|t:|1629494246
|move|p2a: Volcarona|Bug Buzz|p1a: Mamoswine
|-damage|p1a: Mamoswine|10/100
|move|p1a: Mamoswine|Earthquake|p2a: Volcarona
|-damage|p2a: Volcarona|0 fnt
|faint|p2a: Volcarona
|
|-heal|p1a: Mamoswine|16/100|[from] item: Leftovers
|-fieldend|Misty Terrain
|upkeep
|
|t:|1629494267
|switch|p2a: Rillaboom|Rillaboom, M|100/100
|-fieldstart|move: Grassy Terrain|[from] ability: Grassy Surge|[of] p2a: Rillaboom
|turn|12
|
|t:|1629494274
|switch|p1a: Heatran|Heatran, M|54/100
|-damage|p1a: Heatran|42/100|[from] Stealth Rock
|move|p2a: Rillaboom|Grassy Glide|p1a: Heatran
|-resisted|p1a: Heatran
|-damage|p1a: Heatran|29/100
|-damage|p2a: Rillaboom|91/100|[from] item: Life Orb
|
|-heal|p2a: Rillaboom|97/100|[from] Grassy Terrain
|-heal|p1a: Heatran|35/100|[from] Grassy Terrain
|-heal|p1a: Heatran|41/100|[from] item: Leftovers
|upkeep
|turn|13
|j| Metal the Devil
|
|t:|1629494301
|switch|p1a: Dragonite|Dragonite, F|100/100
|move|p2a: Rillaboom|Knock Off|p1a: Dragonite
|-damage|p1a: Dragonite|79/100
|-enditem|p1a: Dragonite|Heavy-Duty Boots|[from] move: Knock Off|[of] p2a: Rillaboom
|-damage|p2a: Rillaboom|87/100|[from] item: Life Orb
|
|-heal|p2a: Rillaboom|93/100|[from] Grassy Terrain
|upkeep
|turn|14
|
|t:|1629494307
|switch|p2a: Bisharp|Bisharp, M|100/100
|move|p1a: Dragonite|Roost|p1a: Dragonite
|-heal|p1a: Dragonite|100/100
|-singleturn|p1a: Dragonite|move: Roost
|
|upkeep
|turn|15
|j| Cheekycheef
|
|t:|1629494316
|switch|p2a: Garchomp|Garchomp, M|81/100
|switch|p1a: Heatran|Heatran, M|41/100
|-damage|p1a: Heatran|29/100|[from] Stealth Rock
|
|-heal|p2a: Garchomp|87/100|[from] Grassy Terrain
|-heal|p1a: Heatran|35/100|[from] Grassy Terrain
|-heal|p1a: Heatran|41/100|[from] item: Leftovers
|upkeep
|turn|16
|
|t:|1629494325
|move|p2a: Garchomp|Earthquake|p1a: Heatran
|-supereffective|p1a: Heatran
|-damage|p1a: Heatran|0 fnt
|faint|p1a: Heatran
|-damage|p2a: Garchomp|77/100|[from] item: Life Orb
|
|-heal|p2a: Garchomp|83/100|[from] Grassy Terrain
|-fieldend|move: Grassy Terrain
|upkeep
|l| Metal the Devil
|
|t:|1629494337
|switch|p1a: Magnezone|Magnezone|100/100
|-damage|p1a: Magnezone|94/100|[from] Stealth Rock
|-item|p1a: Magnezone|Air Balloon
|turn|17
|
|t:|1629494344
|switch|p2a: Bisharp|Bisharp, M|100/100
|move|p1a: Magnezone|Flash Cannon|p2a: Bisharp
|-resisted|p2a: Bisharp
|-damage|p2a: Bisharp|70/100
|
|upkeep
|turn|18
|
|t:|1629494346
|move|p2a: Bisharp|Low Kick|p1a: Magnezone
|-supereffective|p1a: Magnezone
|-damage|p1a: Magnezone|6/100
|-enditem|p1a: Magnezone|Air Balloon
|move|p1a: Magnezone|Body Press|p2a: Bisharp
|-supereffective|p2a: Bisharp
|-damage|p2a: Bisharp|0 fnt
|faint|p2a: Bisharp
|
|upkeep
|
|t:|1629494349
|switch|p2a: Garchomp|Garchomp, M|83/100
|turn|19
|
|t:|1629494352
|move|p2a: Garchomp|Earthquake|p1a: Magnezone
|-supereffective|p1a: Magnezone
|-damage|p1a: Magnezone|0 fnt
|faint|p1a: Magnezone
|-damage|p2a: Garchomp|74/100|[from] item: Life Orb
|
|upkeep
|
|t:|1629494368
|switch|p1a: Mamoswine|Mamoswine, M|16/100
|-damage|p1a: Mamoswine|3/100|[from] Stealth Rock
|turn|20
|
|t:|1629494374
|switch|p2a: Rillaboom|Rillaboom, M|93/100
|-fieldstart|move: Grassy Terrain|[from] ability: Grassy Surge|[of] p2a: Rillaboom
|move|p1a: Mamoswine|Ice Shard|p2a: Rillaboom
|-supereffective|p2a: Rillaboom
|-damage|p2a: Rillaboom|47/100
|
|-heal|p2a: Rillaboom|53/100|[from] Grassy Terrain
|-heal|p1a: Mamoswine|9/100|[from] Grassy Terrain
|-heal|p1a: Mamoswine|15/100|[from] item: Leftovers
|upkeep
|turn|21
|
|t:|1629494381
|switch|p1a: Tapu Fini|Tapu Fini|17/100
|-damage|p1a: Tapu Fini|4/100|[from] Stealth Rock
|-fieldstart|move: Misty Terrain|[from] ability: Misty Surge|[of] p1a: Tapu Fini
|move|p2a: Rillaboom|Grassy Glide|p1a: Tapu Fini
|-supereffective|p1a: Tapu Fini
|-damage|p1a: Tapu Fini|0 fnt
|faint|p1a: Tapu Fini
|-damage|p2a: Rillaboom|43/100|[from] item: Life Orb
|
|upkeep
|
|t:|1629494383
|switch|p1a: Dragonite|Dragonite, F|100/100
|-damage|p1a: Dragonite|76/100|[from] Stealth Rock
|turn|22
|
|t:|1629494394
|switch|p2a: Tapu Koko|Tapu Koko|100/100
|-fieldstart|move: Electric Terrain|[from] ability: Electric Surge|[of] p2a: Tapu Koko
|move|p1a: Dragonite|Roost|p1a: Dragonite
|-heal|p1a: Dragonite|100/100
|-singleturn|p1a: Dragonite|move: Roost
|
|upkeep
|turn|23
|
|t:|1629494401
|move|p2a: Tapu Koko|Dazzling Gleam|p1a: Dragonite
|-supereffective|p1a: Dragonite
|-damage|p1a: Dragonite|57/100
|move|p1a: Dragonite|Earthquake|p2a: Tapu Koko
|-supereffective|p2a: Tapu Koko
|-damage|p2a: Tapu Koko|5/100
|
|upkeep
|turn|24
|
|t:|1629494410
|move|p2a: Tapu Koko|Dazzling Gleam|p1a: Dragonite
|-supereffective|p1a: Dragonite
|-damage|p1a: Dragonite|0 fnt
|faint|p1a: Dragonite
|
|upkeep
|j| RWaver
|
|t:|1629494414
|switch|p1a: Kartana|Kartana|100/100
|-damage|p1a: Kartana|94/100|[from] Stealth Rock
|turn|25
|
|t:|1629494415
|move|p1a: Kartana|Leaf Blade|p2a: Tapu Koko
|-damage|p2a: Tapu Koko|0 fnt
|faint|p2a: Tapu Koko
|-ability|p1a: Kartana|Beast Boost|boost
|-boost|p1a: Kartana|atk|1
|
|upkeep
|
|t:|1629494419
|switch|p2a: Garchomp|Garchomp, M|74/100
|turn|26
|
|t:|1629494423
|move|p1a: Kartana|Leaf Blade|p2a: Garchomp
|-damage|p2a: Garchomp|0 fnt
|-damage|p1a: Kartana|82/100|[from] ability: Rough Skin|[of] p2a: Garchomp
|faint|p2a: Garchomp
|-ability|p1a: Kartana|Beast Boost|boost
|-boost|p1a: Kartana|atk|1
|
|-fieldend|move: Electric Terrain
|upkeep
|
|t:|1629494425
|switch|p2a: Rillaboom|Rillaboom, M|43/100
|-fieldstart|move: Grassy Terrain|[from] ability: Grassy Surge|[of] p2a: Rillaboom
|turn|27
|
|t:|1629494427
|move|p2a: Rillaboom|Grassy Glide|p1a: Kartana
|-resisted|p1a: Kartana
|-damage|p1a: Kartana|65/100
|-damage|p2a: Rillaboom|33/100|[from] item: Life Orb
|move|p1a: Kartana|Leaf Blade|p2a: Rillaboom
|-resisted|p2a: Rillaboom
|-crit|p2a: Rillaboom
|-damage|p2a: Rillaboom|0 fnt
|faint|p2a: Rillaboom
|
|win|noudle soop
|raw|noudle soop's rating: 1785 &rarr; <strong>1801</strong><br />(+16 for winning)
|raw|LatiGOD's rating: 1722 &rarr; <strong>1706</strong><br />(-16 for losing)
|l|☆LatiGOD
|l|☆noudle soop
|l| RWaver
|l| Ripamon
||Ladder isn't responding, score probably updated but might not have (Request timeout).
|l| Elite Trainer 2913
|l| Cheekycheef
