|j|‽Just nitteajta
|j|☆JooshP
|t:|1653056872
|gametype|singles
|player|p1|Just nitteajta|265|1602
|player|p2|JooshP|red|1678
|teamsize|p1|6
|teamsize|p2|6
|gen|8
|tier|[Gen 8] OU
|rated|
|rule|Sleep Clause Mod: Limit one foe put to sleep
|rule|Species Clause: Limit one of each Pokémon
|rule|OHKO Clause: OHKO moves are banned
|rule|Evasion Moves Clause: Evasion moves are banned
|rule|Endless Battle Clause: Forcing endless battles is banned
|rule|HP Percentage Mod: HP is shown in percentages
|rule|Dynamax Clause: You cannot dynamax
|clearpoke
|poke|p1|Toxapex, M|
|poke|p1|Clefable, F|
|poke|p1|Quagsire, M|
|poke|p1|Mandibuzz, F|
|poke|p1|Chansey, F|
|poke|p1|Rotom-Heat|
|poke|p2|Hydreigon, M|
|poke|p2|Garchomp, F|
|poke|p2|Heatran, M|
|poke|p2|Ferrothorn, F|
|poke|p2|Tapu Fini|
|poke|p2|Zapdos-Galar|
|teampreview
|inactive|Battle timer is ON: inactive players will automatically lose when time's up. (requested by Just nitteajta)
|
|t:|1653056896
|start
|switch|p1a: Toxapex|Toxapex, M|100/100
|switch|p2a: Zapdos|Zapdos-Galar|100/100
|turn|1
|
|t:|1653056900
|move|p2a: Zapdos|U-turn|p1a: Toxapex
|-resisted|p1a: Toxapex
|-damage|p1a: Toxapex|93/100
|
|t:|1653056904
|switch|p2a: Ferrothorn|Ferrothorn, F|100/100|[from]move: U-turn
|move|p1a: Toxapex|Knock Off|p2a: Ferrothorn
|-damage|p2a: Ferrothorn|91/100
|-damage|p1a: Toxapex|81/100|[from] ability: Iron Barbs|[of] p2a: Ferrothorn
|-enditem|p2a: Ferrothorn|Leftovers|[from] move: Knock Off|[of] p1a: Toxapex
|
|upkeep
|turn|2
|
|t:|1653056907
|move|p1a: Toxapex|Toxic Spikes|p2a: Ferrothorn
|-sidestart|p2: JooshP|move: Toxic Spikes
|move|p2a: Ferrothorn|Knock Off|p1a: Toxapex
|-damage|p1a: Toxapex|67/100
|-enditem|p1a: Toxapex|Shed Shell|[from] move: Knock Off|[of] p2a: Ferrothorn
|
|upkeep
|turn|3
|
|t:|1653056911
|move|p1a: Toxapex|Scald|p2a: Ferrothorn
|-resisted|p2a: Ferrothorn
|-damage|p2a: Ferrothorn|85/100
|-status|p2a: Ferrothorn|brn
|move|p2a: Ferrothorn|Spikes|p1a: Toxapex
|-sidestart|p1: Just nitteajta|Spikes
|
|-damage|p2a: Ferrothorn|78/100 brn|[from] brn
|upkeep
|turn|4
|
|t:|1653056915
|switch|p1a: Rotom|Rotom-Heat|100/100
|move|p2a: Ferrothorn|Leech Seed|p1a: Rotom
|-start|p1a: Rotom|move: Leech Seed
|
|-damage|p1a: Rotom|88/100|[from] Leech Seed|[of] p2a: Ferrothorn
|-heal|p2a: Ferrothorn|89/100 brn|[silent]
|-damage|p2a: Ferrothorn|83/100 brn|[from] brn
|upkeep
|turn|5
|
|t:|1653056919
|switch|p1a: Clefable|Clefable, F|100/100
|switch|p2a: Heatran|Heatran, M|100/100
|
|upkeep
|turn|6
|
|t:|1653056928
|switch|p1a: Quagsire|Quagsire, M|100/100
|-damage|p1a: Quagsire|88/100|[from] Spikes
|move|p2a: Heatran|Taunt|p1a: Quagsire
|-start|p1a: Quagsire|move: Taunt
|
|-heal|p1a: Quagsire|94/100|[from] item: Leftovers
|upkeep
|turn|7
|
|t:|1653056931
|switch|p2a: Ferrothorn|Ferrothorn, F|83/100 brn
|move|p1a: Quagsire|Earthquake|p2a: Ferrothorn
|-damage|p2a: Ferrothorn|66/100 brn
|
|-heal|p1a: Quagsire|99/100|[from] item: Leftovers
|-damage|p2a: Ferrothorn|59/100 brn|[from] brn
|upkeep
|turn|8
|
|t:|1653056936
|switch|p1a: Toxapex|Toxapex, M|100/100
|-damage|p1a: Toxapex|88/100|[from] Spikes
|move|p2a: Ferrothorn|Knock Off|p1a: Toxapex
|-damage|p1a: Toxapex|84/100
|
|-damage|p2a: Ferrothorn|53/100 brn|[from] brn
|upkeep
|turn|9
|
|t:|1653056940
|move|p1a: Toxapex|Toxic Spikes|p2a: Ferrothorn
|-sidestart|p2: JooshP|move: Toxic Spikes
|move|p2a: Ferrothorn|Knock Off|p1a: Toxapex
|-damage|p1a: Toxapex|80/100
|
|-damage|p2a: Ferrothorn|47/100 brn|[from] brn
|upkeep
|turn|10
|
|t:|1653056943
|switch|p1a: Rotom|Rotom-Heat|88/100
|move|p2a: Ferrothorn|Spikes|p1a: Rotom
|-sidestart|p1: Just nitteajta|Spikes
|
|-damage|p2a: Ferrothorn|41/100 brn|[from] brn
|upkeep
|turn|11
|
|t:|1653056949
|move|p1a: Rotom|Nasty Plot|p1a: Rotom
|-boost|p1a: Rotom|spa|2
|move|p2a: Ferrothorn|Leech Seed|p1a: Rotom
|-start|p1a: Rotom|move: Leech Seed
|
|-damage|p1a: Rotom|76/100|[from] Leech Seed|[of] p2a: Ferrothorn
|-heal|p2a: Ferrothorn|51/100 brn|[silent]
|-damage|p2a: Ferrothorn|45/100 brn|[from] brn
|upkeep
|turn|12
|
|t:|1653056957
|switch|p2a: Heatran|Heatran, M|100/100
|move|p1a: Rotom|Discharge|p2a: Heatran
|-damage|p2a: Heatran|62/100
|
|-heal|p2a: Heatran|68/100|[from] item: Leftovers
|-damage|p1a: Rotom|64/100|[from] Leech Seed|[of] p2a: Heatran
|-heal|p2a: Heatran|77/100|[silent]
|upkeep
|turn|13
|
|t:|1653056962
|switch|p1a: Quagsire|Quagsire, M|99/100
|-damage|p1a: Quagsire|84/100|[from] Spikes
|move|p2a: Heatran|Toxic|p1a: Quagsire|[miss]
|-miss|p2a: Heatran|p1a: Quagsire
|
|-heal|p2a: Heatran|84/100|[from] item: Leftovers
|-heal|p1a: Quagsire|90/100|[from] item: Leftovers
|upkeep
|turn|14
|
|t:|1653056973
|switch|p2a: Hydreigon|Hydreigon, M|100/100
|move|p1a: Quagsire|Earthquake|p2a: Hydreigon
|-immune|p2a: Hydreigon|[from] ability: Levitate
|
|-heal|p1a: Quagsire|96/100|[from] item: Leftovers
|upkeep
|turn|15
|
|t:|1653056979
|move|p2a: Hydreigon|Nasty Plot|p2a: Hydreigon
|-boost|p2a: Hydreigon|spa|2
|move|p1a: Quagsire|Toxic|p2a: Hydreigon
|-status|p2a: Hydreigon|tox
|
|-heal|p1a: Quagsire|100/100|[from] item: Leftovers
|-damage|p2a: Hydreigon|94/100 tox|[from] psn
|upkeep
|turn|16
|
|t:|1653056982
|switch|p1a: Clefable|Clefable, F|100/100
|move|p2a: Hydreigon|Flash Cannon|p1a: Clefable
|-supereffective|p1a: Clefable
|-damage|p1a: Clefable|38/100
|-damage|p2a: Hydreigon|84/100 tox|[from] item: Life Orb
|
|-damage|p2a: Hydreigon|72/100 tox|[from] psn
|upkeep
|turn|17
|
|t:|1653056987
|switch|p1a: Chansey|Chansey, F|100/100
|-damage|p1a: Chansey|84/100|[from] Spikes
|move|p2a: Hydreigon|Dark Pulse|p1a: Chansey
|-damage|p1a: Chansey|53/100
|-damage|p2a: Hydreigon|62/100 tox|[from] item: Life Orb
|
|-damage|p2a: Hydreigon|44/100 tox|[from] psn
|upkeep
|turn|18
|
|t:|1653056990
|move|p2a: Hydreigon|Draco Meteor|p1a: Chansey
|-damage|p1a: Chansey|1/100
|-unboost|p2a: Hydreigon|spa|2
|-damage|p2a: Hydreigon|34/100 tox|[from] item: Life Orb
|move|p1a: Chansey|Soft-Boiled|p1a: Chansey
|-heal|p1a: Chansey|51/100
|
|-damage|p2a: Hydreigon|9/100 tox|[from] psn
|upkeep
|turn|19
|
|t:|1653056995
|move|p2a: Hydreigon|Flash Cannon|p1a: Chansey
|-damage|p1a: Chansey|40/100
|-damage|p2a: Hydreigon|0 fnt|[from] item: Life Orb
|faint|p2a: Hydreigon
|move|p1a: Chansey|Soft-Boiled|p1a: Chansey
|-heal|p1a: Chansey|91/100
|
|upkeep
|
|t:|1653056998
|switch|p2a: Zapdos|Zapdos-Galar|100/100
|turn|20
|
|t:|1653057002
|switch|p1a: Toxapex|Toxapex, M|100/100
|-damage|p1a: Toxapex|84/100|[from] Spikes
|move|p2a: Zapdos|Thunderous Kick|p1a: Toxapex
|-resisted|p1a: Toxapex
|-damage|p1a: Toxapex|71/100
|-unboost|p1a: Toxapex|def|1
|
|upkeep
|turn|21
|
|t:|1653057012
|move|p2a: Zapdos|Thunderous Kick|p1a: Toxapex
|-resisted|p1a: Toxapex
|-damage|p1a: Toxapex|50/100
|-unboost|p1a: Toxapex|def|1
|move|p1a: Toxapex|Recover|p1a: Toxapex
|-heal|p1a: Toxapex|99/100
|
|upkeep
|turn|22
|
|t:|1653057015
|move|p2a: Zapdos|Thunderous Kick|p1a: Toxapex
|-resisted|p1a: Toxapex
|-damage|p1a: Toxapex|74/100
|-unboost|p1a: Toxapex|def|1
|move|p1a: Toxapex|Scald|p2a: Zapdos
|-damage|p2a: Zapdos|85/100
|
|upkeep
|turn|23
|
|t:|1653057019
|move|p2a: Zapdos|Thunderous Kick|p1a: Toxapex
|-resisted|p1a: Toxapex
|-damage|p1a: Toxapex|38/100
|-unboost|p1a: Toxapex|def|1
|move|p1a: Toxapex|Recover|p1a: Toxapex
|-heal|p1a: Toxapex|88/100
|
|upkeep
|turn|24
|
|t:|1653057028
|switch|p1a: Mandibuzz|Mandibuzz, F|100/100
|move|p2a: Zapdos|Thunderous Kick|p1a: Mandibuzz
|-damage|p1a: Mandibuzz|76/100
|-unboost|p1a: Mandibuzz|def|1
|
|upkeep
|turn|25
|
|t:|1653057031
|move|p2a: Zapdos|Thunderous Kick|p1a: Mandibuzz
|-damage|p1a: Mandibuzz|35/100
|-unboost|p1a: Mandibuzz|def|1
|move|p1a: Mandibuzz|Roost|p1a: Mandibuzz
|-heal|p1a: Mandibuzz|85/100
|-singleturn|p1a: Mandibuzz|move: Roost
|
|upkeep
|turn|26
|
|t:|1653057034
|switch|p1a: Toxapex|Toxapex, M|100/100
|-damage|p1a: Toxapex|84/100|[from] Spikes
|move|p2a: Zapdos|Thunderous Kick|p1a: Toxapex
|-resisted|p1a: Toxapex
|-damage|p1a: Toxapex|70/100
|-unboost|p1a: Toxapex|def|1
|
|upkeep
|turn|27
|
|t:|1653057039
|switch|p2a: Heatran|Heatran, M|84/100
|move|p1a: Toxapex|Recover|p1a: Toxapex
|-heal|p1a: Toxapex|100/100
|
|-heal|p2a: Heatran|90/100|[from] item: Leftovers
|upkeep
|turn|28
|
|t:|1653057048
|switch|p1a: Quagsire|Quagsire, M|100/100
|-damage|p1a: Quagsire|84/100|[from] Spikes
|move|p2a: Heatran|Magma Storm|p1a: Quagsire
|-resisted|p1a: Quagsire
|-damage|p1a: Quagsire|58/100
|-activate|p1a: Quagsire|move: Magma Storm|[of] p2a: Heatran
|
|-heal|p2a: Heatran|96/100|[from] item: Leftovers
|-heal|p1a: Quagsire|64/100|[from] item: Leftovers
|-damage|p1a: Quagsire|51/100|[from] move: Magma Storm|[partiallytrapped]
|upkeep
|turn|29
|
|t:|1653057056
|switch|p2a: Zapdos|Zapdos-Galar|85/100
|move|p1a: Quagsire|Earthquake|p2a: Zapdos
|-immune|p2a: Zapdos
|
|-heal|p1a: Quagsire|57/100|[from] item: Leftovers
|-end|p1a: Quagsire|Magma Storm|[partiallytrapped]|[silent]
|upkeep
|turn|30
|
|t:|1653057059
|switch|p1a: Toxapex|Toxapex, M|100/100
|-damage|p1a: Toxapex|84/100|[from] Spikes
|move|p2a: Zapdos|U-turn|p1a: Toxapex
|-resisted|p1a: Toxapex
|-damage|p1a: Toxapex|76/100
|
|t:|1653057062
|switch|p2a: Heatran|Heatran, M|96/100|[from]move: U-turn
|
|-heal|p2a: Heatran|100/100|[from] item: Leftovers
|upkeep
|turn|31
|
|t:|1653057068
|switch|p1a: Rotom|Rotom-Heat|64/100
|move|p2a: Heatran|Magma Storm|p1a: Rotom
|-resisted|p1a: Rotom
|-damage|p1a: Rotom|39/100
|-activate|p1a: Rotom|move: Magma Storm|[of] p2a: Heatran
|
|-damage|p1a: Rotom|27/100|[from] move: Magma Storm|[partiallytrapped]
|upkeep
|turn|32
|
|t:|1653057077
|move|p1a: Rotom|Pain Split|p2a: Heatran
|-sethp|p2a: Heatran|61/100|[from] move: Pain Split|[silent]
|-sethp|p1a: Rotom|77/100|[from] move: Pain Split
|move|p2a: Heatran|Toxic|p1a: Rotom
|-status|p1a: Rotom|tox
|
|-heal|p2a: Heatran|67/100|[from] item: Leftovers
|-damage|p1a: Rotom|71/100 tox|[from] psn
|-damage|p1a: Rotom|59/100 tox|[from] move: Magma Storm|[partiallytrapped]
|upkeep
|turn|33
|
|t:|1653057080
|move|p1a: Rotom|Nasty Plot|p1a: Rotom
|-boost|p1a: Rotom|spa|2
|move|p2a: Heatran|Taunt|p1a: Rotom
|-start|p1a: Rotom|move: Taunt
|
|-heal|p2a: Heatran|73/100|[from] item: Leftovers
|-damage|p1a: Rotom|47/100 tox|[from] psn
|-damage|p1a: Rotom|35/100 tox|[from] move: Magma Storm|[partiallytrapped]
|upkeep
|turn|34
|
|t:|1653057096
|switch|p2a: Ferrothorn|Ferrothorn, F|45/100 brn
|move|p1a: Rotom|Discharge|p2a: Ferrothorn
|-resisted|p2a: Ferrothorn
|-damage|p2a: Ferrothorn|20/100 brn
|
|-damage|p1a: Rotom|17/100 tox|[from] psn
|-damage|p2a: Ferrothorn|14/100 brn|[from] brn
|-end|p1a: Rotom|Magma Storm|[partiallytrapped]|[silent]
|upkeep
|turn|35
|
|t:|1653057102
|move|p1a: Rotom|Discharge|p2a: Ferrothorn
|-resisted|p2a: Ferrothorn
|-damage|p2a: Ferrothorn|0 fnt
|faint|p2a: Ferrothorn
|
|-damage|p1a: Rotom|0 fnt|[from] psn
|faint|p1a: Rotom
|upkeep
|
|t:|1653057110
|switch|p1a: Mandibuzz|Mandibuzz, F|85/100
|switch|p2a: Zapdos|Zapdos-Galar|85/100
|turn|36
|
|t:|1653057124
|move|p2a: Zapdos|U-turn|p1a: Mandibuzz
|-damage|p1a: Mandibuzz|70/100
|
|t:|1653057128
|switch|p2a: Heatran|Heatran, M|73/100|[from]move: U-turn
|move|p1a: Mandibuzz|Defog|p2a: Heatran
|-unboost|p2a: Heatran|evasion|1
|-sideend|p2: JooshP|Toxic Spikes|[from] move: Defog|[of] p1a: Mandibuzz
|-sideend|p1: Just nitteajta|Spikes|[from] move: Defog|[of] p1a: Mandibuzz
|
|-heal|p2a: Heatran|80/100|[from] item: Leftovers
|upkeep
|turn|37
|
|t:|1653057132
|switch|p1a: Clefable|Clefable, F|38/100
|move|p2a: Heatran|Magma Storm|p1a: Clefable|[miss]
|-miss|p2a: Heatran|p1a: Clefable
|
|-heal|p2a: Heatran|86/100|[from] item: Leftovers
|upkeep
|turn|38
|
|t:|1653057135
|move|p2a: Heatran|Magma Storm|p1a: Clefable
|-damage|p1a: Clefable|0 fnt
|faint|p1a: Clefable
|
|-heal|p2a: Heatran|92/100|[from] item: Leftovers
|upkeep
|
|t:|1653057140
|switch|p1a: Quagsire|Quagsire, M|57/100
|turn|39
|
|t:|1653057143
|switch|p2a: Tapu Fini|Tapu Fini|100/100
|-fieldstart|move: Misty Terrain|[from] ability: Misty Surge|[of] p2a: Tapu Fini
|move|p1a: Quagsire|Recover|p1a: Quagsire
|-heal|p1a: Quagsire|100/100
|
|upkeep
|turn|40
|
|t:|1653057146
|switch|p1a: Toxapex|Toxapex, M|100/100
|move|p2a: Tapu Fini|Knock Off|p1a: Toxapex
|-damage|p1a: Toxapex|95/100
|
|upkeep
|turn|41
|
|t:|1653057151
|switch|p2a: Heatran|Heatran, M|92/100
|move|p1a: Toxapex|Knock Off|p2a: Heatran
|-damage|p2a: Heatran|79/100
|-enditem|p2a: Heatran|Leftovers|[from] move: Knock Off|[of] p1a: Toxapex
|
|upkeep
|turn|42
|
|t:|1653057159
|switch|p2a: Zapdos|Zapdos-Galar|85/100
|switch|p1a: Quagsire|Quagsire, M|100/100
|
|upkeep
|turn|43
|
|t:|1653057162
|move|p2a: Zapdos|U-turn|p1a: Quagsire
|-damage|p1a: Quagsire|85/100
|
|t:|1653057165
|switch|p2a: Tapu Fini|Tapu Fini|100/100|[from]move: U-turn
|move|p1a: Quagsire|Toxic|p2a: Tapu Fini
|-activate|p2a: Tapu Fini|move: Misty Terrain
|
|-heal|p1a: Quagsire|91/100|[from] item: Leftovers
|-fieldend|Misty Terrain
|upkeep
|turn|44
|
|t:|1653057169
|switch|p1a: Toxapex|Toxapex, M|100/100
|move|p2a: Tapu Fini|Knock Off|p1a: Toxapex
|-damage|p1a: Toxapex|95/100
|
|upkeep
|turn|45
|
|t:|1653057174
|move|p2a: Tapu Fini|Scald|p1a: Toxapex
|-resisted|p1a: Toxapex
|-damage|p1a: Toxapex|84/100
|move|p1a: Toxapex|Scald|p2a: Tapu Fini
|-resisted|p2a: Tapu Fini
|-crit|p2a: Tapu Fini
|-damage|p2a: Tapu Fini|94/100
|-status|p2a: Tapu Fini|brn
|
|-heal|p2a: Tapu Fini|99/100 brn|[from] item: Leftovers
|-damage|p2a: Tapu Fini|94/100 brn|[from] brn
|upkeep
|turn|46
|
|t:|1653057177
|move|p2a: Tapu Fini|Scald|p1a: Toxapex
|-resisted|p1a: Toxapex
|-damage|p1a: Toxapex|73/100
|move|p1a: Toxapex|Toxic Spikes|p2a: Tapu Fini
|-sidestart|p2: JooshP|move: Toxic Spikes
|
|-heal|p2a: Tapu Fini|99/100 brn|[from] item: Leftovers
|-damage|p2a: Tapu Fini|94/100 brn|[from] brn
|upkeep
|turn|47
|
|t:|1653057180
|move|p2a: Tapu Fini|Scald|p1a: Toxapex
|-resisted|p1a: Toxapex
|-crit|p1a: Toxapex
|-damage|p1a: Toxapex|57/100
|-status|p1a: Toxapex|brn
|move|p1a: Toxapex|Scald|p2a: Tapu Fini
|-resisted|p2a: Tapu Fini
|-damage|p2a: Tapu Fini|89/100 brn
|
|-heal|p2a: Tapu Fini|95/100 brn|[from] item: Leftovers
|-damage|p2a: Tapu Fini|89/100 brn|[from] brn
|-damage|p1a: Toxapex|51/100 brn|[from] brn
|upkeep
|turn|48
|
|t:|1653057182
|move|p2a: Tapu Fini|Defog|p1a: Toxapex
|-unboost|p1a: Toxapex|evasion|1
|-sideend|p2: JooshP|Toxic Spikes|[from] move: Defog|[of] p2a: Tapu Fini
|move|p1a: Toxapex|Recover|p1a: Toxapex
|-heal|p1a: Toxapex|100/100 brn
|
|-heal|p2a: Tapu Fini|95/100 brn|[from] item: Leftovers
|-damage|p2a: Tapu Fini|89/100 brn|[from] brn
|-damage|p1a: Toxapex|95/100 brn|[from] brn
|upkeep
|turn|49
|
|t:|1653057188
|move|p2a: Tapu Fini|Scald|p1a: Toxapex
|-resisted|p1a: Toxapex
|-damage|p1a: Toxapex|83/100 brn
|move|p1a: Toxapex|Knock Off|p2a: Tapu Fini
|-resisted|p2a: Tapu Fini
|-crit|p2a: Tapu Fini
|-damage|p2a: Tapu Fini|83/100 brn
|-enditem|p2a: Tapu Fini|Leftovers|[from] move: Knock Off|[of] p1a: Toxapex
|
|-damage|p2a: Tapu Fini|77/100 brn|[from] brn
|-damage|p1a: Toxapex|77/100 brn|[from] brn
|upkeep
|turn|50
|
|t:|1653057193
|move|p2a: Tapu Fini|Moonblast|p1a: Toxapex
|-resisted|p1a: Toxapex
|-damage|p1a: Toxapex|65/100 brn
|-unboost|p1a: Toxapex|spa|1
|move|p1a: Toxapex|Scald|p2a: Tapu Fini
|-resisted|p2a: Tapu Fini
|-damage|p2a: Tapu Fini|74/100 brn
|
|-damage|p2a: Tapu Fini|68/100 brn|[from] brn
|-damage|p1a: Toxapex|59/100 brn|[from] brn
|upkeep
|turn|51
|
|t:|1653057196
|switch|p2a: Garchomp|Garchomp, F|100/100
|move|p1a: Toxapex|Toxic Spikes|p2a: Garchomp
|-sidestart|p2: JooshP|move: Toxic Spikes
|
|-damage|p1a: Toxapex|53/100 brn|[from] brn
|upkeep
|turn|52
|
|t:|1653057202
|switch|p1a: Mandibuzz|Mandibuzz, F|70/100
|move|p2a: Garchomp|Stealth Rock|p1a: Mandibuzz
|-sidestart|p1: Just nitteajta|move: Stealth Rock
|
|upkeep
|turn|53
|
|t:|1653057206
|move|p2a: Garchomp|Stone Edge|p1a: Mandibuzz
|-supereffective|p1a: Mandibuzz
|-damage|p1a: Mandibuzz|29/100
|move|p1a: Mandibuzz|Roost|p1a: Mandibuzz
|-heal|p1a: Mandibuzz|79/100
|-singleturn|p1a: Mandibuzz|move: Roost
|
|upkeep
|turn|54
|
|t:|1653057213
|switch|p2a: Zapdos|Zapdos-Galar|85/100
|move|p1a: Mandibuzz|Roost|p1a: Mandibuzz
|-heal|p1a: Mandibuzz|100/100
|-singleturn|p1a: Mandibuzz|move: Roost
|
|upkeep
|turn|55
|
|t:|1653057216
|move|p2a: Zapdos|Thunderous Kick|p1a: Mandibuzz
|-damage|p1a: Mandibuzz|74/100
|-unboost|p1a: Mandibuzz|def|1
|move|p1a: Mandibuzz|Brave Bird|p2a: Zapdos
|-supereffective|p2a: Zapdos
|-damage|p2a: Zapdos|22/100
|-damage|p1a: Mandibuzz|59/100|[from] Recoil
|
|upkeep
|turn|56
|
|t:|1653057220
|move|p2a: Zapdos|Thunderous Kick|p1a: Mandibuzz
|-damage|p1a: Mandibuzz|23/100
|-unboost|p1a: Mandibuzz|def|1
|move|p1a: Mandibuzz|Foul Play|p2a: Zapdos
|-resisted|p2a: Zapdos
|-damage|p2a: Zapdos|0 fnt
|faint|p2a: Zapdos
|
|upkeep
|
|t:|1653057225
|switch|p2a: Heatran|Heatran, M|79/100
|turn|57
|
|t:|1653057229
|move|p2a: Heatran|Magma Storm|p1a: Mandibuzz
|-damage|p1a: Mandibuzz|0 fnt
|faint|p1a: Mandibuzz
|
|upkeep
|
|t:|1653057231
|switch|p1a: Quagsire|Quagsire, M|91/100
|-damage|p1a: Quagsire|85/100|[from] Stealth Rock
|turn|58
|
|t:|1653057236
|switch|p2a: Tapu Fini|Tapu Fini|68/100 brn
|-fieldstart|move: Misty Terrain|[from] ability: Misty Surge|[of] p2a: Tapu Fini
|move|p1a: Quagsire|Earthquake|p2a: Tapu Fini
|-damage|p2a: Tapu Fini|43/100 brn
|
|-heal|p1a: Quagsire|91/100|[from] item: Leftovers
|-damage|p2a: Tapu Fini|37/100 brn|[from] brn
|upkeep
|turn|59
|
|t:|1653057243
|switch|p1a: Chansey|Chansey, F|91/100
|-damage|p1a: Chansey|78/100|[from] Stealth Rock
|move|p2a: Tapu Fini|Knock Off|p1a: Chansey
|-damage|p1a: Chansey|73/100
|-enditem|p1a: Chansey|Eviolite|[from] move: Knock Off|[of] p2a: Tapu Fini
|
|-damage|p2a: Tapu Fini|30/100 brn|[from] brn
|upkeep
|turn|60
|
|t:|1653057246
|switch|p2a: Garchomp|Garchomp, F|100/100
|move|p1a: Chansey|Stealth Rock|p2a: Garchomp
|-sidestart|p2: JooshP|move: Stealth Rock
|
|upkeep
|turn|61
|
|t:|1653057250
|move|p2a: Garchomp|Earthquake|p1a: Chansey
|-damage|p1a: Chansey|27/100
|move|p1a: Chansey|Soft-Boiled|p1a: Chansey
|-heal|p1a: Chansey|77/100
|
|upkeep
|turn|62
|
|t:|1653057253
|move|p2a: Garchomp|Swords Dance|p2a: Garchomp
|-boost|p2a: Garchomp|atk|2
|move|p1a: Chansey|Soft-Boiled|p1a: Chansey
|-heal|p1a: Chansey|100/100
|
|-fieldend|Misty Terrain
|upkeep
|turn|63
|
|t:|1653057258
|move|p2a: Garchomp|Earthquake|p1a: Chansey
|-damage|p1a: Chansey|6/100
|move|p1a: Chansey|Toxic|p2a: Garchomp
|-status|p2a: Garchomp|tox
|
|-damage|p2a: Garchomp|94/100 tox|[from] psn
|upkeep
|turn|64
|
|t:|1653057261
|move|p2a: Garchomp|Earthquake|p1a: Chansey
|-damage|p1a: Chansey|0 fnt
|faint|p1a: Chansey
|
|-heal|p2a: Garchomp|100/100 tox|[from] item: Leftovers
|-damage|p2a: Garchomp|88/100 tox|[from] psn
|upkeep
|
|t:|1653057263
|switch|p1a: Quagsire|Quagsire, M|91/100
|-damage|p1a: Quagsire|85/100|[from] Stealth Rock
|turn|65
|
|t:|1653057266
|move|p2a: Garchomp|Earthquake|p1a: Quagsire
|-damage|p1a: Quagsire|50/100
|move|p1a: Quagsire|Recover|p1a: Quagsire
|-heal|p1a: Quagsire|99/100
|
|-heal|p2a: Garchomp|94/100 tox|[from] item: Leftovers
|-heal|p1a: Quagsire|100/100|[from] item: Leftovers
|-damage|p2a: Garchomp|76/100 tox|[from] psn
|upkeep
|turn|66
|
|t:|1653057269
|switch|p2a: Tapu Fini|Tapu Fini|30/100 brn
|-damage|p2a: Tapu Fini|18/100 brn|[from] Stealth Rock
|-fieldstart|move: Misty Terrain|[from] ability: Misty Surge|[of] p2a: Tapu Fini
|move|p1a: Quagsire|Earthquake|p2a: Tapu Fini
|-damage|p2a: Tapu Fini|0 fnt
|faint|p2a: Tapu Fini
|
|upkeep
|
|t:|1653057284
|switch|p2a: Garchomp|Garchomp, F|76/100 tox
|-damage|p2a: Garchomp|70/100 tox|[from] Stealth Rock
|turn|67
|
|t:|1653057291
|move|p2a: Garchomp|Earthquake|p1a: Quagsire
|-damage|p1a: Quagsire|64/100
|move|p1a: Quagsire|Earthquake|p2a: Garchomp
|-damage|p2a: Garchomp|42/100 tox
|
|-heal|p2a: Garchomp|48/100 tox|[from] item: Leftovers
|-heal|p1a: Quagsire|70/100|[from] item: Leftovers
|-damage|p2a: Garchomp|42/100 tox|[from] psn
|upkeep
|turn|68
|
|t:|1653057293
|move|p2a: Garchomp|Earthquake|p1a: Quagsire
|-damage|p1a: Quagsire|32/100
|move|p1a: Quagsire|Recover|p1a: Quagsire
|-heal|p1a: Quagsire|82/100
|
|-heal|p2a: Garchomp|48/100 tox|[from] item: Leftovers
|-heal|p1a: Quagsire|88/100|[from] item: Leftovers
|-damage|p2a: Garchomp|36/100 tox|[from] psn
|upkeep
|turn|69
|
|t:|1653057295
|move|p2a: Garchomp|Earthquake|p1a: Quagsire
|-damage|p1a: Quagsire|49/100
|move|p1a: Quagsire|Recover|p1a: Quagsire
|-heal|p1a: Quagsire|99/100
|
|-heal|p2a: Garchomp|42/100 tox|[from] item: Leftovers
|-heal|p1a: Quagsire|100/100|[from] item: Leftovers
|-damage|p2a: Garchomp|23/100 tox|[from] psn
|upkeep
|turn|70
|
|t:|1653057297
|move|p2a: Garchomp|Earthquake|p1a: Quagsire
|-damage|p1a: Quagsire|67/100
|move|p1a: Quagsire|Recover|p1a: Quagsire
|-heal|p1a: Quagsire|100/100
|
|-heal|p2a: Garchomp|29/100 tox|[from] item: Leftovers
|-damage|p2a: Garchomp|5/100 tox|[from] psn
|-fieldend|Misty Terrain
|upkeep
|turn|71
|
|t:|1653057303
|move|p2a: Garchomp|Earthquake|p1a: Quagsire
|-damage|p1a: Quagsire|63/100
|move|p1a: Quagsire|Recover|p1a: Quagsire
|-heal|p1a: Quagsire|100/100
|
|-heal|p2a: Garchomp|11/100 tox|[from] item: Leftovers
|-damage|p2a: Garchomp|0 fnt|[from] psn
|faint|p2a: Garchomp
|upkeep
|
|t:|1653057307
|switch|p2a: Heatran|Heatran, M|79/100
|-damage|p2a: Heatran|67/100|[from] Stealth Rock
|turn|72
|
|t:|1653057309
|move|p2a: Heatran|Magma Storm|p1a: Quagsire|[miss]
|-miss|p2a: Heatran|p1a: Quagsire
|move|p1a: Quagsire|Earthquake|p2a: Heatran
|-supereffective|p2a: Heatran
|-damage|p2a: Heatran|0 fnt
|faint|p2a: Heatran
|
|win|Just nitteajta
|raw|Just nitteajta's rating: 1602 &rarr; <strong>1626</strong><br />(+24 for winning)
|raw|JooshP's rating: 1678 &rarr; <strong>1654</strong><br />(-24 for losing)
|l|☆JooshP
|c|‽Just nitteajta|/log Just nitteajta made this room public.
