|j|☆minimax_ai
|j|☆cump3
|t:|1664987347
|gametype|singles
|player|p1|minimax_ai|lusamine-nihilego|1546
|player|p2|cump3|schoolkid-gen4|1569
|teamsize|p1|6
|teamsize|p2|6
|gen|8
|tier|[Gen 8] OU
|rated|
|rule|Sleep Clause Mod: Limit one foe put to sleep
|rule|Species Clause: Limit one of each Pokémon
|rule|OHKO Clause: OHKO moves are banned
|rule|Evasion Items Clause: Evasion items are banned
|rule|Evasion Moves Clause: Evasion moves are banned
|rule|Endless Battle Clause: Forcing endless battles is banned
|rule|HP Percentage Mod: HP is shown in percentages
|rule|Dynamax Clause: You cannot dynamax
|clearpoke
|poke|p1|Rotom-Wash|
|poke|p1|Weavile, M|
|poke|p1|Landorus-Therian, M|
|poke|p1|Heatran, M|
|poke|p1|Tangrowth, F|
|poke|p1|Melmetal|
|poke|p2|Swampert, M|
|poke|p2|Mandibuzz, F|
|poke|p2|Rillaboom, M|
|poke|p2|Magnezone|
|poke|p2|Tapu Lele|
|poke|p2|Dragapult, F|
|teampreview
|c|☆minimax_ai|hf
|c|☆cump3|hf
|inactive|Battle timer is ON: inactive players will automatically lose when time's up. (requested by minimax_ai)
|
|t:|1664987358
|start
|switch|p1a: landorustherian|Landorus-Therian, M|100/100
|switch|p2a: Rillaboom|Rillaboom, M|100/100
|-fieldstart|move: Grassy Terrain|[from] ability: Grassy Surge|[of] p2a: Rillaboom
|-ability|p1a: landorustherian|Intimidate|boost
|-unboost|p2a: Rillaboom|atk|1
|turn|1
|
|t:|1664987369
|move|p2a: Rillaboom|Wood Hammer|p1a: landorustherian
|-damage|p1a: landorustherian|23/100
|-damage|p2a: Rillaboom|72/100|[from] Recoil
|move|p1a: landorustherian|Toxic|p2a: Rillaboom|[miss]
|-miss|p1a: landorustherian|p2a: Rillaboom
|
|-heal|p2a: Rillaboom|78/100|[from] Grassy Terrain
|-heal|p1a: landorustherian|29/100|[from] item: Leftovers
|upkeep
|turn|2
|
|t:|1664987373
|switch|p1a: Heatran|Heatran, M|100/100
|-item|p1a: Heatran|Air Balloon
|move|p2a: Rillaboom|Wood Hammer|p1a: Heatran
|-resisted|p1a: Heatran
|-damage|p1a: Heatran|78/100
|-enditem|p1a: Heatran|Air Balloon
|-damage|p2a: Rillaboom|71/100|[from] Recoil
|
|-heal|p1a: Heatran|84/100|[from] Grassy Terrain
|-heal|p2a: Rillaboom|77/100|[from] Grassy Terrain
|upkeep
|turn|3
|
|t:|1664987375
|switch|p2a: Swampert|Swampert, M|100/100
|move|p1a: Heatran|Stealth Rock|p2a: Swampert
|-sidestart|p2: cump3|move: Stealth Rock
|
|-heal|p1a: Heatran|91/100|[from] Grassy Terrain
|upkeep
|turn|4
|
|t:|1664987377
|switch|p1a: Weavile|Weavile, M|100/100
|-ability|p1a: Weavile|Pressure
|move|p2a: Swampert|Flip Turn|p1a: Weavile
|-damage|p1a: Weavile|63/100
|
|t:|1664987381
|switch|p2a: Dragapult|Dragapult, F|100/100|[from]move: Flip Turn
|-damage|p2a: Dragapult|88/100|[from] Stealth Rock
|
|-heal|p2a: Dragapult|94/100|[from] Grassy Terrain
|-heal|p1a: Weavile|69/100|[from] Grassy Terrain
|upkeep
|turn|5
|
|t:|1664987384
|switch|p1a: Melmetal|Melmetal|100/100
|move|p2a: Dragapult|U-turn|p1a: Melmetal
|-resisted|p1a: Melmetal
|-damage|p1a: Melmetal|90/100
|
|t:|1664987386
|switch|p2a: Magnezone|Magnezone, shiny|100/100|[from]move: U-turn
|-damage|p2a: Magnezone|94/100|[from] Stealth Rock
|
|-heal|p2a: Magnezone|100/100|[from] Grassy Terrain
|-heal|p1a: Melmetal|96/100|[from] Grassy Terrain
|-fieldend|move: Grassy Terrain
|upkeep
|turn|6
|
|t:|1664987388
|move|p2a: Magnezone|Magnet Rise|p2a: Magnezone
|-start|p2a: Magnezone|Magnet Rise
|move|p1a: Melmetal|Ice Punch|p2a: Magnezone
|-resisted|p2a: Magnezone
|-damage|p2a: Magnezone|90/100
|-damage|p1a: Melmetal|79/100|[from] item: Rocky Helmet|[of] p2a: Magnezone
|
|upkeep
|turn|7
|
|t:|1664987389
|move|p2a: Magnezone|Iron Defense|p2a: Magnezone
|-boost|p2a: Magnezone|def|2
|move|p1a: Melmetal|Ice Punch|p2a: Magnezone
|-resisted|p2a: Magnezone
|-damage|p2a: Magnezone|84/100
|-damage|p1a: Melmetal|63/100|[from] item: Rocky Helmet|[of] p2a: Magnezone
|
|upkeep
|turn|8
|
|t:|1664987391
|move|p2a: Magnezone|Iron Defense|p2a: Magnezone
|-boost|p2a: Magnezone|def|2
|move|p1a: Melmetal|Ice Punch|p2a: Magnezone
|-resisted|p2a: Magnezone
|-damage|p2a: Magnezone|81/100
|-damage|p1a: Melmetal|46/100|[from] item: Rocky Helmet|[of] p2a: Magnezone
|
|upkeep
|turn|9
|
|t:|1664987393
|move|p2a: Magnezone|Body Press|p1a: Melmetal
|-supereffective|p1a: Melmetal
|-damage|p1a: Melmetal|0 fnt
|faint|p1a: Melmetal
|
|upkeep
|
|t:|1664987393
|switch|p1a: Heatran|Heatran, M|91/100
|turn|10
|
|t:|1664987396
|switch|p2a: Swampert|Swampert, M|100/100
|-damage|p2a: Swampert|94/100|[from] Stealth Rock
|move|p1a: Heatran|Magma Storm|p2a: Swampert
|-resisted|p2a: Swampert
|-damage|p2a: Swampert|78/100
|-activate|p2a: Swampert|move: Magma Storm|[of] p1a: Heatran
|
|-heal|p2a: Swampert|85/100|[from] item: Leftovers
|-damage|p2a: Swampert|72/100|[from] move: Magma Storm|[partiallytrapped]
|upkeep
|turn|11
|
|t:|1664987397
|switch|p1a: Tangrowth|Tangrowth, F|100/100
|move|p2a: Swampert|High Horsepower|p1a: Tangrowth
|-resisted|p1a: Tangrowth
|-damage|p1a: Tangrowth|92/100
|-damage|p2a: Swampert|56/100|[from] item: Rocky Helmet|[of] p1a: Tangrowth
|
|-heal|p2a: Swampert|62/100|[from] item: Leftovers
|-end|p2a: Swampert|Magma Storm|[partiallytrapped]|[silent]
|upkeep
|turn|12
|
|t:|1664987399
|move|p1a: Tangrowth|Giga Drain|p2a: Swampert
|-supereffective|p2a: Swampert
|-damage|p2a: Swampert|0 fnt
|-heal|p1a: Tangrowth|100/100|[from] drain|[of] p2a: Swampert
|faint|p2a: Swampert
|
|upkeep
|
|t:|1664987402
|switch|p2a: Tapu Lele|Tapu Lele, shiny|100/100
|-damage|p2a: Tapu Lele|88/100|[from] Stealth Rock
|-fieldstart|move: Psychic Terrain|[from] ability: Psychic Surge|[of] p2a: Tapu Lele
|turn|13
|
|t:|1664987404
|switch|p1a: landorustherian|Landorus-Therian, M|29/100
|-ability|p1a: landorustherian|Intimidate|boost
|-unboost|p2a: Tapu Lele|atk|1
|move|p2a: Tapu Lele|Moonblast|p1a: landorustherian
|-damage|p1a: landorustherian|0 fnt
|faint|p1a: landorustherian
|
|upkeep
|
|t:|1664987404
|switch|p1a: Heatran|Heatran, M|91/100
|turn|14
|
|t:|1664987406
|move|p2a: Tapu Lele|Moonblast|p1a: Heatran
|-resisted|p1a: Heatran
|-damage|p1a: Heatran|70/100
|-unboost|p1a: Heatran|spa|1
|move|p1a: Heatran|Eruption|p2a: Tapu Lele
|-damage|p2a: Tapu Lele|50/100
|
|upkeep
|turn|15
|
|t:|1664987411
|switch|p2a: Dragapult|Dragapult, F|94/100
|-damage|p2a: Dragapult|82/100|[from] Stealth Rock
|move|p1a: Heatran|Magma Storm|p2a: Dragapult
|-resisted|p2a: Dragapult
|-damage|p2a: Dragapult|60/100
|-activate|p2a: Dragapult|move: Magma Storm|[of] p1a: Heatran
|
|-damage|p2a: Dragapult|48/100|[from] move: Magma Storm|[partiallytrapped]
|upkeep
|turn|16
|
|t:|1664987414
|move|p2a: Dragapult|Dragon Darts|p1a: Heatran
|-resisted|p1a: Heatran
|-damage|p1a: Heatran|48/100
|-anim|p2a: Dragapult|Dragon Darts|p1a: Heatran
|-resisted|p1a: Heatran
|-damage|p1a: Heatran|26/100
|move|p1a: Heatran|Magma Storm|p2a: Dragapult|[miss]
|-miss|p1a: Heatran|p2a: Dragapult
|
|-damage|p2a: Dragapult|36/100|[from] move: Magma Storm|[partiallytrapped]
|upkeep
|turn|17
|
|t:|1664987416
|switch|p1a: Tangrowth|Tangrowth, F|100/100
|move|p2a: Dragapult|Dragon Darts|p1a: Tangrowth
|-damage|p1a: Tangrowth|77/100
|-anim|p2a: Dragapult|Dragon Darts|p1a: Tangrowth
|-damage|p1a: Tangrowth|55/100
|
|-end|p2a: Dragapult|Magma Storm|[partiallytrapped]|[silent]
|-fieldend|move: Psychic Terrain
|upkeep
|turn|18
|
|t:|1664987419
|switch|p2a: Mandibuzz|Mandibuzz, F|100/100
|move|p1a: Tangrowth|Knock Off|p2a: Mandibuzz
|-resisted|p2a: Mandibuzz
|-damage|p2a: Mandibuzz|94/100
|-enditem|p2a: Mandibuzz|Heavy-Duty Boots|[from] move: Knock Off|[of] p1a: Tangrowth
|
|upkeep
|turn|19
|
|t:|1664987421
|move|p2a: Mandibuzz|Defog|p1a: Tangrowth
|-unboost|p1a: Tangrowth|evasion|1
|-sideend|p2: cump3|Stealth Rock|[from] move: Defog|[of] p2a: Mandibuzz
|move|p1a: Tangrowth|Giga Drain|p2a: Mandibuzz
|-resisted|p2a: Mandibuzz
|-damage|p2a: Mandibuzz|81/100
|-heal|p1a: Tangrowth|62/100|[from] drain|[of] p2a: Mandibuzz
|
|upkeep
|turn|20
|
|t:|1664987423
|switch|p2a: Magnezone|Magnezone, shiny|81/100
|switch|p1a: Weavile|Weavile, M|69/100
|-ability|p1a: Weavile|Pressure
|
|upkeep
|turn|21
|
|t:|1664987424
|switch|p1a: rotomwash|Rotom-Wash|100/100
|move|p2a: Magnezone|Body Press|p1a: rotomwash
|-damage|p1a: rotomwash|70/100
|
|-heal|p1a: rotomwash|76/100|[from] item: Leftovers
|upkeep
|turn|22
|
|t:|1664987426
|switch|p2a: Rillaboom|Rillaboom, M|77/100
|-fieldstart|move: Grassy Terrain|[from] ability: Grassy Surge|[of] p2a: Rillaboom
|move|p1a: rotomwash|Thunderbolt|p2a: Rillaboom
|-resisted|p2a: Rillaboom
|-damage|p2a: Rillaboom|53/100
|
|-heal|p1a: rotomwash|82/100|[from] item: Leftovers
|-heal|p2a: Rillaboom|59/100|[from] Grassy Terrain
|upkeep
|turn|23
|
|t:|1664987428
|switch|p1a: Tangrowth|Tangrowth, F|95/100
|move|p2a: Rillaboom|Knock Off|p1a: Tangrowth
|-damage|p1a: Tangrowth|68/100
|-damage|p2a: Rillaboom|42/100|[from] item: Rocky Helmet|[of] p1a: Tangrowth
|-enditem|p1a: Tangrowth|Rocky Helmet|[from] move: Knock Off|[of] p2a: Rillaboom
|
|-heal|p2a: Rillaboom|49/100|[from] Grassy Terrain
|-heal|p1a: Tangrowth|74/100|[from] Grassy Terrain
|upkeep
|turn|24
|
|t:|1664987431
|switch|p2a: Tapu Lele|Tapu Lele, shiny|50/100
|-fieldstart|move: Psychic Terrain|[from] ability: Psychic Surge|[of] p2a: Tapu Lele
|switch|p1a: Weavile|Weavile, M|69/100
|-ability|p1a: Weavile|Pressure
|
|upkeep
|turn|25
|
|t:|1664987433
|switch|p2a: Magnezone|Magnezone, shiny|81/100
|move|p1a: Weavile|Knock Off|p2a: Magnezone
|-damage|p2a: Magnezone|35/100
|-damage|p1a: Weavile|53/100|[from] item: Rocky Helmet|[of] p2a: Magnezone
|-enditem|p2a: Magnezone|Rocky Helmet|[from] move: Knock Off|[of] p1a: Weavile
|
|upkeep
|turn|26
|
|t:|1664987435
|switch|p2a: Tapu Lele|Tapu Lele, shiny|50/100
|move|p1a: Weavile|Knock Off|p2a: Tapu Lele
|-damage|p2a: Tapu Lele|0 fnt
|-enditem|p2a: Tapu Lele|Choice Specs|[from] move: Knock Off|[of] p1a: Weavile
|faint|p2a: Tapu Lele
|
|upkeep
|
|t:|1664987437
|switch|p2a: Rillaboom|Rillaboom, M|49/100
|-fieldstart|move: Grassy Terrain|[from] ability: Grassy Surge|[of] p2a: Rillaboom
|turn|27
|
|t:|1664987439
|switch|p1a: Tangrowth|Tangrowth, F|100/100
|move|p2a: Rillaboom|Grassy Glide|p1a: Tangrowth
|-resisted|p1a: Tangrowth
|-damage|p1a: Tangrowth|81/100
|
|-heal|p2a: Rillaboom|55/100|[from] Grassy Terrain
|-heal|p1a: Tangrowth|88/100|[from] Grassy Terrain
|upkeep
|turn|28
|
|t:|1664987442
|switch|p2a: Magnezone|Magnezone, shiny|35/100
|move|p1a: Tangrowth|Giga Drain|p2a: Magnezone
|-resisted|p2a: Magnezone
|-damage|p2a: Magnezone|13/100
|-heal|p1a: Tangrowth|97/100|[from] drain|[of] p2a: Magnezone
|
|-heal|p2a: Magnezone|19/100|[from] Grassy Terrain
|-heal|p1a: Tangrowth|100/100|[from] Grassy Terrain
|upkeep
|turn|29
|
|t:|1664987444
|move|p2a: Magnezone|Thunderbolt|p1a: Tangrowth
|-resisted|p1a: Tangrowth
|-damage|p1a: Tangrowth|73/100
|move|p1a: Tangrowth|Giga Drain|p2a: Magnezone
|-resisted|p2a: Magnezone
|-damage|p2a: Magnezone|0 fnt
|-heal|p1a: Tangrowth|80/100|[from] drain|[of] p2a: Magnezone
|faint|p2a: Magnezone
|
|-heal|p1a: Tangrowth|86/100|[from] Grassy Terrain
|upkeep
|-message|cump3 forfeited.
|
|win|minimax_ai
|raw|minimax_ai's rating: 1546 &rarr; <strong>1567</strong><br />(+21 for winning)
|raw|cump3's rating: 1569 &rarr; <strong>1548</strong><br />(-21 for losing)
|c|☆minimax_ai|gg
|l|☆cump3
