|raw|<div class="broadcast-blue"><strong>This battle is required to be public due to a player having a name prefixed by 'LT71LX'.</div>
|j|☆Arnaud Senju vgc
|j|☆LT71LX ewin
|t:|1596638350
|player|p1|Arnaud Senju vgc|steven|1691
|player|p2|LT71LX ewin|waitress|1725
|teamsize|p1|6
|teamsize|p2|6
|gametype|singles
|gen|8
|tier|[Gen 8] OU
|rated|
|html|<div class="broadcast-blue"><strong>OU is currently suspecting Magearna! For information on how to participate check out the <a href="https://www.smogon.com/forums/threads/3667669/">suspect thread</a>.</strong></div>
|clearpoke
|poke|p1|Azumarill, M|
|poke|p1|Rillaboom, M|
|poke|p1|Volcarona, M|
|poke|p1|Gengar, M|
|poke|p1|Magearna|
|poke|p1|Rhyperior, F|
|poke|p2|Rillaboom, F|
|poke|p2|Reuniclus, F|
|poke|p2|Magearna|
|poke|p2|Krookodile, M|
|poke|p2|Urshifu-*, F|
|poke|p2|Dragapult, M|
|rule|Sleep Clause Mod: Limit one foe put to sleep
|rule|Species Clause: Limit one of each Pokémon
|rule|OHKO Clause: OHKO moves are banned
|rule|Evasion Moves Clause: Evasion moves are banned
|rule|Endless Battle Clause: Forcing endless battles is banned
|rule|HP Percentage Mod: HP is shown in percentages
|rule|Dynamax Clause: You cannot dynamax
|teampreview
|
|t:|1596638369
|start
|switch|p1a: Azumarill|Azumarill, M|100/100
|switch|p2a: Krookodile|Krookodile, M|100/100
|-ability|p2a: Krookodile|Intimidate|boost
|-unboost|p1a: Azumarill|atk|1
|turn|1
|inactive|Battle timer is ON: inactive players will automatically lose when time's up. (requested by Arnaud Senju vgc)
|j| Flossed Over ツ
|
|t:|1596638379
|move|p2a: Krookodile|Stealth Rock|p1a: Azumarill
|-sidestart|p1: Arnaud Senju vgc|move: Stealth Rock
|move|p1a: Azumarill|Whirlpool|p2a: Krookodile
|-supereffective|p2a: Krookodile
|-damage|p2a: Krookodile|82/100
|-activate|p2a: Krookodile|move: Whirlpool|[of] p1a: Azumarill
|
|-damage|p2a: Krookodile|69/100|[from] move: Whirlpool|[partiallytrapped]
|upkeep
|turn|2
|j| thele
|
|t:|1596638389
|move|p1a: Azumarill|Protect|p1a: Azumarill
|-singleturn|p1a: Azumarill|Protect
|move|p2a: Krookodile|Knock Off|p1a: Azumarill
|-activate|p1a: Azumarill|move: Protect
|
|-damage|p2a: Krookodile|57/100|[from] move: Whirlpool|[partiallytrapped]
|upkeep
|turn|3
|
|t:|1596638397
|move|p2a: Krookodile|Knock Off|p1a: Azumarill
|-resisted|p1a: Azumarill
|-crit|p1a: Azumarill
|-damage|p1a: Azumarill|71/100
|-enditem|p1a: Azumarill|Leftovers|[from] move: Knock Off|[of] p2a: Krookodile
|move|p1a: Azumarill|Toxic|p2a: Krookodile
|-status|p2a: Krookodile|tox
|
|-damage|p2a: Krookodile|51/100 tox|[from] psn
|-damage|p2a: Krookodile|39/100 tox|[from] move: Whirlpool|[partiallytrapped]
|upkeep
|turn|4
|
|t:|1596638409
|move|p1a: Azumarill|Protect|p1a: Azumarill
|-singleturn|p1a: Azumarill|Protect
|move|p2a: Krookodile|Taunt|p1a: Azumarill
|-activate|p1a: Azumarill|move: Protect
|
|-damage|p2a: Krookodile|26/100 tox|[from] psn
|-damage|p2a: Krookodile|14/100 tox|[from] move: Whirlpool|[partiallytrapped]
|upkeep
|turn|5
|
|t:|1596638422
|move|p1a: Azumarill|Protect||[still]
|-fail|p1a: Azumarill
|move|p2a: Krookodile|Taunt|p1a: Azumarill
|-start|p1a: Azumarill|move: Taunt
|
|-damage|p2a: Krookodile|0 fnt|[from] psn
|faint|p2a: Krookodile
|upkeep
|inactive|LT71LX ewin has 120 seconds left.
|
|t:|1596638460
|switch|p2a: Dragapult|Dragapult, M|100/100
|turn|6
|
|t:|1596638469
|switch|p1a: Magearna|Magearna|100/100
|-damage|p1a: Magearna|94/100|[from] Stealth Rock
|move|p2a: Dragapult|Dragon Dance|p2a: Dragapult
|-boost|p2a: Dragapult|atk|1
|-boost|p2a: Dragapult|spe|1
|
|upkeep
|turn|7
|l| Flossed Over ツ
|
|t:|1596638478
|move|p2a: Dragapult|Phantom Force||[still]
|-prepare|p2a: Dragapult|Phantom Force
|move|p1a: Magearna|Fleur Cannon|p2a: Dragapult|[miss]
|-miss|p1a: Magearna|p2a: Dragapult
|
|upkeep
|turn|8
|
|t:|1596638489
|move|p2a: Dragapult|Phantom Force|p1a: Magearna|[from]lockedmove
|-damage|p1a: Magearna|19/100
|-damage|p2a: Dragapult|91/100|[from] item: Life Orb
|move|p1a: Magearna|Fleur Cannon|p2a: Dragapult
|-supereffective|p2a: Dragapult
|-damage|p2a: Dragapult|0 fnt
|-unboost|p1a: Magearna|spa|2
|faint|p2a: Dragapult
|-ability|p1a: Magearna|Soul-Heart|boost
|-boost|p1a: Magearna|spa|1
|
|upkeep
|
|t:|1596638500
|switch|p2a: Rillaboom|Rillaboom, F|100/100
|-fieldstart|move: Grassy Terrain|[from] ability: Grassy Surge|[of] p2a: Rillaboom
|turn|9
|
|t:|1596638506
|move|p2a: Rillaboom|High Horsepower|p1a: Magearna
|-supereffective|p1a: Magearna
|-damage|p1a: Magearna|0 fnt
|-damage|p2a: Rillaboom|91/100|[from] item: Life Orb
|faint|p1a: Magearna
|
|-heal|p2a: Rillaboom|97/100|[from] Grassy Terrain
|upkeep
|
|t:|1596638515
|switch|p1a: Gengar|Gengar, M|100/100
|-damage|p1a: Gengar|88/100|[from] Stealth Rock
|turn|10
|
|t:|1596638523
|switch|p2a: Magearna|Magearna|100/100
|move|p1a: Gengar|Substitute|p1a: Gengar
|-start|p1a: Gengar|Substitute
|-damage|p1a: Gengar|63/100
|
|-heal|p1a: Gengar|70/100|[from] item: Black Sludge
|-heal|p1a: Gengar|76/100|[from] Grassy Terrain
|upkeep
|turn|11
|
|t:|1596638533
|move|p1a: Gengar|Nasty Plot|p1a: Gengar
|-boost|p1a: Gengar|spa|2
|move|p2a: Magearna|Shift Gear|p2a: Magearna
|-boost|p2a: Magearna|spe|2
|-boost|p2a: Magearna|atk|1
|
|-heal|p1a: Gengar|82/100|[from] item: Black Sludge
|-heal|p1a: Gengar|88/100|[from] Grassy Terrain
|upkeep
|turn|12
|
|t:|1596638545
|move|p2a: Magearna|Electro Ball|p1a: Gengar
|-end|p1a: Gengar|Substitute
|move|p1a: Gengar|Shadow Ball|p2a: Magearna
|-damage|p2a: Magearna|19/100
|
|-heal|p2a: Magearna|25/100|[from] Grassy Terrain
|-heal|p1a: Gengar|94/100|[from] item: Black Sludge
|-heal|p1a: Gengar|99/100|[from] Grassy Terrain
|upkeep
|turn|13
|
|t:|1596638556
|move|p2a: Magearna|Flash Cannon|p1a: Gengar
|-crit|p1a: Gengar
|-damage|p1a: Gengar|0 fnt
|faint|p1a: Gengar
|-ability|p2a: Magearna|Soul-Heart|boost
|-boost|p2a: Magearna|spa|1
|
|-heal|p2a: Magearna|31/100|[from] Grassy Terrain
|-fieldend|move: Grassy Terrain
|upkeep
|j| Solonor24
|
|t:|1596638566
|switch|p1a: Rillaboom|Rillaboom, M|100/100
|-damage|p1a: Rillaboom|88/100|[from] Stealth Rock
|-fieldstart|move: Grassy Terrain|[from] ability: Grassy Surge|[of] p1a: Rillaboom
|turn|14
|
|t:|1596638572
|move|p1a: Rillaboom|Grassy Glide|p2a: Magearna
|-resisted|p2a: Magearna
|-damage|p2a: Magearna|0 fnt
|-damage|p1a: Rillaboom|78/100|[from] item: Life Orb
|faint|p2a: Magearna
|
|-heal|p1a: Rillaboom|84/100|[from] Grassy Terrain
|upkeep
|j| OUTU Neymar
|
|t:|1596638584
|switch|p2a: Rillaboom|Rillaboom, F|97/100
|turn|15
|
|t:|1596638588
|move|p1a: Rillaboom|U-turn|p2a: Rillaboom
|-supereffective|p2a: Rillaboom
|-damage|p2a: Rillaboom|20/100
|-damage|p1a: Rillaboom|74/100|[from] item: Life Orb
|
|t:|1596638592
|switch|p1a: Azumarill|Azumarill, M|71/100|[from]move: U-turn
|-damage|p1a: Azumarill|59/100|[from] Stealth Rock
|move|p2a: Rillaboom|Mega Kick|p1a: Azumarill|[miss]
|-miss|p2a: Rillaboom|p1a: Azumarill
|
|-heal|p2a: Rillaboom|26/100|[from] Grassy Terrain
|-heal|p1a: Azumarill|65/100|[from] Grassy Terrain
|upkeep
|turn|16
|
|t:|1596638605
|move|p2a: Rillaboom|Mega Kick|p1a: Azumarill
|-damage|p1a: Azumarill|14/100
|-damage|p2a: Rillaboom|16/100|[from] item: Life Orb
|move|p1a: Azumarill|Toxic|p2a: Rillaboom
|-status|p2a: Rillaboom|tox
|
|-heal|p2a: Rillaboom|22/100 tox|[from] Grassy Terrain
|-heal|p1a: Azumarill|21/100|[from] Grassy Terrain
|-damage|p2a: Rillaboom|16/100 tox|[from] psn
|upkeep
|turn|17
|
|t:|1596638617
|move|p1a: Azumarill|Protect|p1a: Azumarill
|-singleturn|p1a: Azumarill|Protect
|move|p2a: Rillaboom|Swords Dance|p2a: Rillaboom
|-boost|p2a: Rillaboom|atk|2
|
|-heal|p2a: Rillaboom|22/100 tox|[from] Grassy Terrain
|-heal|p1a: Azumarill|27/100|[from] Grassy Terrain
|-damage|p2a: Rillaboom|10/100 tox|[from] psn
|upkeep
|turn|18
|
|t:|1596638628
|move|p1a: Azumarill|Protect|p1a: Azumarill
|-singleturn|p1a: Azumarill|Protect
|move|p2a: Rillaboom|High Horsepower|p1a: Azumarill
|-activate|p1a: Azumarill|move: Protect
|
|-heal|p2a: Rillaboom|16/100 tox|[from] Grassy Terrain
|-heal|p1a: Azumarill|33/100|[from] Grassy Terrain
|-fieldend|move: Grassy Terrain
|-damage|p2a: Rillaboom|0 fnt|[from] psn
|faint|p2a: Rillaboom
|upkeep
|
|t:|1596638629
|switch|p2a: Urshifu|Urshifu, F|100/100
|turn|19
|
|t:|1596638645
|move|p2a: Urshifu|Bulk Up|p2a: Urshifu
|-boost|p2a: Urshifu|atk|1
|-boost|p2a: Urshifu|def|1
|move|p1a: Azumarill|Toxic|p2a: Urshifu
|-status|p2a: Urshifu|tox
|-enditem|p2a: Urshifu|Lum Berry|[eat]
|-curestatus|p2a: Urshifu|tox|[msg]
|
|upkeep
|turn|20
|
|t:|1596638655
|move|p2a: Urshifu|Iron Head|p1a: Azumarill
|-damage|p1a: Azumarill|0 fnt
|faint|p1a: Azumarill
|
|upkeep
|
|t:|1596638675
|switch|p1a: Volcarona|Volcarona, M|100/100
|turn|21
|
|t:|1596638681
|move|p1a: Volcarona|Flamethrower|p2a: Urshifu
|-damage|p2a: Urshifu|38/100
|move|p2a: Urshifu|Wicked Blow|p1a: Volcarona
|-crit|p1a: Volcarona
|-damage|p1a: Volcarona|0 fnt
|faint|p1a: Volcarona
|
|upkeep
|
|t:|1596638691
|switch|p1a: Rillaboom|Rillaboom, M|74/100
|-damage|p1a: Rillaboom|62/100|[from] Stealth Rock
|-fieldstart|move: Grassy Terrain|[from] ability: Grassy Surge|[of] p1a: Rillaboom
|turn|22
|
|t:|1596638698
|move|p2a: Urshifu|Sucker Punch|p1a: Rillaboom
|-damage|p1a: Rillaboom|0 fnt
|faint|p1a: Rillaboom
|
|-heal|p2a: Urshifu|44/100|[from] Grassy Terrain
|upkeep
|inactive|Arnaud Senju vgc has 120 seconds left.
|j| Padox
|inactive|Arnaud Senju vgc has 90 seconds left.
|inactive|Arnaud Senju vgc has 60 seconds left.
|j| BoomBoomBoo
|l| OUTU Neymar
|j| LT71LX Tace
|inactive|Arnaud Senju vgc has 30 seconds left.
|j| LT71LX 64
|inactive|Arnaud Senju vgc has 20 seconds left.
|inactive|Arnaud Senju vgc has 15 seconds left.
|l| LT71LX 64
|inactive|Arnaud Senju vgc has 10 seconds left.
|inactive|Arnaud Senju vgc has 5 seconds left.
|-message|Arnaud Senju vgc lost due to inactivity.
|
|win|LT71LX ewin
|l| Padox
|l|☆LT71LX ewin
|l| thele
|raw|Arnaud Senju vgc's rating: 1691 &rarr; <strong>1673</strong><br />(-18 for losing)
|raw|LT71LX ewin's rating: 1725 &rarr; <strong>1743</strong><br />(+18 for winning)
|j| LLLiolae
|l| LLLiolae
|l| LT71LX Tace
