|html|<div class="broadcast-blue"><strong>[Gen 8] OU is currently suspecting Melmetal! For information on how to participate check out the <a href="https://www.smogon.com/forums/threads/np-ss-ou-suspect-process-round-12-monster-mash.3709234/">suspect thread</a>.</strong></div>
|j|☆YouLost2.0
|j|☆misplayin
|t:|1665758907
|gametype|singles
|player|p1|YouLost2.0|cynthia-gen4|
|player|p2|misplayin|pokemonrangerf-gen4|
|teamsize|p1|6
|teamsize|p2|6
|gen|8
|tier|[Gen 8] OU
|rule|Sleep Clause Mod: Limit one foe put to sleep
|rule|Species Clause: Limit one of each Pokémon
|rule|OHKO Clause: OHKO moves are banned
|rule|Evasion Items Clause: Evasion items are banned
|rule|Evasion Moves Clause: Evasion moves are banned
|rule|Endless Battle Clause: Forcing endless battles is banned
|rule|HP Percentage Mod: HP is shown in percentages
|rule|Dynamax Clause: You cannot dynamax
|clearpoke
|poke|p1|Zapdos|
|poke|p1|Blacephalon|
|poke|p1|Melmetal|
|poke|p1|Tapu Lele|
|poke|p1|Blissey, F|
|poke|p1|Ferrothorn, F|
|poke|p2|Blacephalon|
|poke|p2|Toxapex, M|
|poke|p2|Garchomp, F|
|poke|p2|Magnezone|
|poke|p2|Tornadus-Therian, M|
|poke|p2|Weavile, F|
|teampreview
|inactive|Battle timer is ON: inactive players will automatically lose when time's up. (requested by misplayin)
|inactive|misplayin has 270 seconds left.
|
|t:|1665758950
|start
|switch|p1a: Tapu Lele|Tapu Lele|100/100
|switch|p2a: Blacephalon|Blacephalon|100/100
|-fieldstart|move: Psychic Terrain|[from] ability: Psychic Surge|[of] p1a: Tapu Lele
|turn|1
|
|t:|1665758958
|move|p1a: Tapu Lele|Psychic|p2a: Blacephalon
|-damage|p2a: Blacephalon|0 fnt
|faint|p2a: Blacephalon
|
|upkeep
|
|t:|1665758961
|switch|p2a: Weavile|Weavile, F|100/100
|-ability|p2a: Weavile|Pressure
|turn|2
|c|☆YouLost2.0|yess
|c|☆misplayin|well done
|c|☆YouLost2.0|your specs starter died without dealing damage
|
|t:|1665758976
|switch|p1a: Ferrothorn|Ferrothorn, F|100/100
|move|p2a: Weavile|Swords Dance|p2a: Weavile
|-boost|p2a: Weavile|atk|2
|
|upkeep
|turn|3
|
|t:|1665758981
|switch|p2a: Tornadus|Tornadus-Therian, M|100/100
|move|p1a: Ferrothorn|Gyro Ball|p2a: Tornadus
|-damage|p2a: Tornadus|41/100
|
|upkeep
|turn|4
|
|t:|1665758985
|switch|p1a: Blissey|Blissey, F|100/100
|move|p2a: Tornadus|Taunt|p1a: Blissey
|-start|p1a: Blissey|move: Taunt
|
|upkeep
|turn|5
|
|t:|1665758995
|switch|p1a: Zapdos|Zapdos|100/100
|-ability|p1a: Zapdos|Pressure
|move|p2a: Tornadus|U-turn|p1a: Zapdos
|-resisted|p1a: Zapdos
|-damage|p1a: Zapdos|93/100
|
|t:|1665759002
|switch|p2a: Garchomp|Garchomp, F|100/100|[from]move: U-turn
|
|-fieldend|move: Psychic Terrain
|upkeep
|turn|6
|
|t:|1665759015
|move|p2a: Garchomp|Stealth Rock|p1a: Zapdos
|-sidestart|p1: YouLost2.0|move: Stealth Rock
|move|p1a: Zapdos|Hurricane|p2a: Garchomp
|-damage|p2a: Garchomp|40/100
|-start|p2a: Garchomp|confusion
|
|-heal|p2a: Garchomp|46/100|[from] item: Leftovers
|upkeep
|turn|7
|
|t:|1665759028
|switch|p1a: Blacephalon|Blacephalon|100/100
|-damage|p1a: Blacephalon|76/100|[from] Stealth Rock
|-activate|p2a: Garchomp|confusion
|move|p2a: Garchomp|Protect||[still]
|-fail|p2a: Garchomp
|
|-heal|p2a: Garchomp|52/100|[from] item: Leftovers
|upkeep
|turn|8
|
|t:|1665759037
|-activate|p2a: Garchomp|confusion
|move|p2a: Garchomp|Protect|p2a: Garchomp
|-singleturn|p2a: Garchomp|Protect
|move|p1a: Blacephalon|Shadow Ball|p2a: Garchomp
|-activate|p2a: Garchomp|move: Protect
|
|-heal|p2a: Garchomp|58/100|[from] item: Leftovers
|upkeep
|turn|9
|c|☆YouLost2.0|double protect
|c|☆YouLost2.0|only to say
|inactive|misplayin has 270 seconds left.
|c|☆misplayin|thats not a double protect
|inactive|YouLost2.0 has 270 seconds left.
|c|☆misplayin|the first one failed bc u switched out
|
|t:|1665759092
|switch|p1a: Ferrothorn|Ferrothorn, F|100/100
|-damage|p1a: Ferrothorn|95/100|[from] Stealth Rock
|-end|p2a: Garchomp|confusion
|move|p2a: Garchomp|Earthquake|p1a: Ferrothorn
|-damage|p1a: Ferrothorn|71/100
|
|-heal|p2a: Garchomp|64/100|[from] item: Leftovers
|upkeep
|turn|10
|inactive|YouLost2.0 has 270 seconds left.
|
|t:|1665759103
|move|p2a: Garchomp|Earthquake|p1a: Ferrothorn
|-damage|p1a: Ferrothorn|48/100
|move|p1a: Ferrothorn|Stealth Rock|p2a: Garchomp
|-sidestart|p2: misplayin|move: Stealth Rock
|
|-heal|p2a: Garchomp|70/100|[from] item: Leftovers
|upkeep
|turn|11
|inactive|YouLost2.0 has 270 seconds left.
|
|t:|1665759109
|move|p2a: Garchomp|Earthquake|p1a: Ferrothorn
|-damage|p1a: Ferrothorn|22/100
|move|p1a: Ferrothorn|Leech Seed|p2a: Garchomp
|-start|p2a: Garchomp|move: Leech Seed
|
|-heal|p2a: Garchomp|77/100|[from] item: Leftovers
|-damage|p2a: Garchomp|64/100|[from] Leech Seed|[of] p1a: Ferrothorn
|-heal|p1a: Ferrothorn|37/100|[silent]
|upkeep
|turn|12
|
|t:|1665759117
|switch|p2a: Tornadus|Tornadus-Therian, M|74/100
|move|p1a: Ferrothorn|Spikes|p2a: Tornadus
|-sidestart|p2: misplayin|Spikes
|
|upkeep
|turn|13
|
|t:|1665759120
|move|p2a: Tornadus|Hurricane|p1a: Ferrothorn
|-crit|p1a: Ferrothorn
|-damage|p1a: Ferrothorn|0 fnt
|faint|p1a: Ferrothorn
|
|upkeep
|
|t:|1665759128
|switch|p1a: Tapu Lele|Tapu Lele|100/100
|-damage|p1a: Tapu Lele|88/100|[from] Stealth Rock
|-fieldstart|move: Psychic Terrain|[from] ability: Psychic Surge|[of] p1a: Tapu Lele
|turn|14
|
|t:|1665759137
|move|p1a: Tapu Lele|Moonblast|p2a: Tornadus
|-damage|p2a: Tornadus|16/100
|move|p2a: Tornadus|Defog|p1a: Tapu Lele
|-unboost|p1a: Tapu Lele|evasion|1
|-sideend|p1: YouLost2.0|Stealth Rock|[from] move: Defog|[of] p2a: Tornadus
|-sideend|p2: misplayin|Spikes|[from] move: Defog|[of] p2a: Tornadus
|-sideend|p2: misplayin|Stealth Rock|[from] move: Defog|[of] p2a: Tornadus
|-fieldend|move: Psychic Terrain
|
|upkeep
|turn|15
|
|t:|1665759142
|switch|p2a: Magnezone|Magnezone|100/100
|move|p1a: Tapu Lele|Moonblast|p2a: Magnezone
|-resisted|p2a: Magnezone
|-damage|p2a: Magnezone|69/100
|-unboost|p2a: Magnezone|spa|1
|
|upkeep
|turn|16
|
|t:|1665759147
|switch|p1a: Blissey|Blissey, F|100/100
|move|p2a: Magnezone|Volt Switch|p1a: Blissey
|-damage|p1a: Blissey|82/100
|
|t:|1665759153
|switch|p2a: Weavile|Weavile, F|100/100|[from]move: Volt Switch
|-ability|p2a: Weavile|Pressure
|
|-heal|p1a: Blissey|88/100|[from] item: Leftovers
|upkeep
|turn|17
|
|t:|1665759157
|move|p2a: Weavile|Swords Dance|p2a: Weavile
|-boost|p2a: Weavile|atk|2
|move|p1a: Blissey|Thunder Wave|p2a: Weavile
|-status|p2a: Weavile|par
|
|-heal|p1a: Blissey|95/100|[from] item: Leftovers
|upkeep
|turn|18
|
|t:|1665759163
|move|p2a: Weavile|Knock Off|p1a: Blissey
|-damage|p1a: Blissey|0 fnt
|-enditem|p1a: Blissey|Leftovers|[from] move: Knock Off|[of] p2a: Weavile
|faint|p1a: Blissey
|-damage|p2a: Weavile|91/100 par|[from] item: Life Orb
|
|upkeep
|c|☆YouLost2.0|of course
|c|☆misplayin|?
|c|☆YouLost2.0|paralysis never affecting your mons
|inactive|YouLost2.0 has 270 seconds left.
|c|☆misplayin|im p sure
|
|t:|1665759199
|switch|p1a: Tapu Lele|Tapu Lele|88/100
|-fieldstart|move: Psychic Terrain|[from] ability: Psychic Surge|[of] p1a: Tapu Lele
|turn|19
|c|☆misplayin|its only 25%
|inactive|YouLost2.0 has 270 seconds left.
|c|☆YouLost2.0|no
|c|☆YouLost2.0|30%
|c|☆misplayin|odds still in my favour
|c|☆misplayin|plus that was my first turn of being para
|inactive|misplayin has 270 seconds left.
|
|t:|1665759232
|switch|p1a: Blacephalon|Blacephalon|76/100
|move|p2a: Weavile|Knock Off|p1a: Blacephalon
|-supereffective|p1a: Blacephalon
|-damage|p1a: Blacephalon|0 fnt
|-enditem|p1a: Blacephalon|Choice Specs|[from] move: Knock Off|[of] p2a: Weavile
|faint|p1a: Blacephalon
|-damage|p2a: Weavile|81/100 par|[from] item: Life Orb
|
|upkeep
|
|t:|1665759241
|switch|p1a: Tapu Lele|Tapu Lele|88/100
|turn|20
|
|t:|1665759244
|move|p1a: Tapu Lele|Moonblast|p2a: Weavile
|-supereffective|p2a: Weavile
|-damage|p2a: Weavile|0 fnt
|faint|p2a: Weavile
|
|upkeep
|
|t:|1665759246
|switch|p2a: Magnezone|Magnezone|69/100
|turn|21
|
|t:|1665759254
|switch|p1a: Zapdos|Zapdos|93/100
|-ability|p1a: Zapdos|Pressure
|move|p2a: Magnezone|Thunderbolt|p1a: Zapdos
|-damage|p1a: Zapdos|0 fnt
|faint|p1a: Zapdos
|
|upkeep
|c|☆misplayin|bit sad if u lose the run back
|
|t:|1665759261
|switch|p1a: Tapu Lele|Tapu Lele|88/100
|turn|22
|
|t:|1665759265
|switch|p2a: Tornadus|Tornadus-Therian, M|49/100
|move|p1a: Tapu Lele|Psychic|p2a: Tornadus
|-damage|p2a: Tornadus|0 fnt
|faint|p2a: Tornadus
|
|upkeep
|
|t:|1665759268
|switch|p2a: Magnezone|Magnezone|69/100
|turn|23
|
|t:|1665759273
|switch|p1a: Melmetal|Melmetal|100/100
|move|p2a: Magnezone|Thunderbolt|p1a: Melmetal
|-damage|p1a: Melmetal|0 fnt
|faint|p1a: Melmetal
|
|-fieldend|move: Psychic Terrain
|upkeep
|
|t:|1665759280
|switch|p1a: Tapu Lele|Tapu Lele|88/100
|-fieldstart|move: Psychic Terrain|[from] ability: Psychic Surge|[of] p1a: Tapu Lele
|turn|24
|
|t:|1665759289
|move|p1a: Tapu Lele|Psychic|p2a: Magnezone
|-resisted|p2a: Magnezone
|-damage|p2a: Magnezone|25/100
|move|p2a: Magnezone|Thunderbolt|p1a: Tapu Lele
|-damage|p1a: Tapu Lele|0 fnt
|faint|p1a: Tapu Lele
|
|win|misplayin
|l|☆YouLost2.0
|l|☆misplayin
|j|☆misplayin
|player|p2|misplayin|pokemonrangerf-gen4
