|j|☆early_human
|j|☆Choiced Choiced
|player|p1|early_human|1|1400
|player|p2|Choiced Choiced|giovanni|1391
|teamsize|p1|6
|teamsize|p2|6
|gametype|singles
|gen|8
|tier|[Gen 8] OU
|rated|
|clearpoke
|poke|p1|Arctozolt|
|poke|p1|Seismitoad, M|
|poke|p1|Aegislash, F|
|poke|p1|Hydreigon, F|
|poke|p1|Cramorant, M|
|poke|p1|Mandibuzz, F|
|poke|p2|Dragapult, M|
|poke|p2|Corviknight, M|
|poke|p2|Crawdaunt, M|
|poke|p2|Aegislash, F|
|poke|p2|Rotom-Heat|
|poke|p2|Hatterene, F|
|rule|Sleep Clause Mod: Limit one foe put to sleep
|rule|Species Clause: Limit one of each Pokémon
|rule|OHKO Clause: OHKO moves are banned
|rule|Evasion Moves Clause: Evasion moves are banned
|rule|Endless Battle Clause: Forcing endless battles is banned
|rule|HP Percentage Mod: HP is shown in percentages
|rule|Dynamax Clause: You cannot dynamax
|teampreview
|inactive|Battle timer is ON: inactive players will automatically lose when time's up. (requested by Choiced Choiced)
|
|start
|switch|p1a: Hydreigon|Hydreigon, F|100/100
|switch|p2a: Dragapult|Dragapult, M|100/100
|turn|1
|
|switch|p1a: Mandibuzz|Mandibuzz, F|100/100
|move|p2a: Dragapult|Draco Meteor|p1a: Mandibuzz
|-damage|p1a: Mandibuzz|46/100
|-unboost|p2a: Dragapult|spa|2
|
|upkeep
|turn|2
|
|switch|p2a: Rotom|Rotom-Heat|100/100
|move|p1a: Mandibuzz|Roost|p1a: Mandibuzz
|-heal|p1a: Mandibuzz|96/100
|-singleturn|p1a: Mandibuzz|move: Roost
|
|upkeep
|turn|3
|
|switch|p1a: Hydreigon|Hydreigon, F|100/100
|move|p2a: Rotom|Trick|p1a: Hydreigon
|-activate|p2a: Rotom|move: Trick|[of] p1a: Hydreigon
|-item|p1a: Hydreigon|Choice Scarf|[from] move: Trick
|-item|p2a: Rotom|Life Orb|[from] move: Trick
|
|upkeep
|turn|4
|
|move|p1a: Hydreigon|Dark Pulse|p2a: Rotom
|-damage|p2a: Rotom|58/100
|move|p2a: Rotom|Volt Switch|p1a: Hydreigon
|-resisted|p1a: Hydreigon
|-damage|p1a: Hydreigon|81/100
|-damage|p2a: Rotom|48/100|[from] item: Life Orb
|
|switch|p2a: Corviknight|Corviknight, M|100/100|[from]move: Volt Switch
|
|upkeep
|turn|5
|
|move|p1a: Hydreigon|Dark Pulse|p2a: Corviknight
|-damage|p2a: Corviknight|56/100
|move|p2a: Corviknight|Brave Bird|p1a: Hydreigon
|-damage|p1a: Hydreigon|0 fnt
|-damage|p2a: Corviknight|30/100|[from] Recoil
|faint|p1a: Hydreigon
|
|upkeep
|
|switch|p1a: Arctozolt|Arctozolt|100/100
|turn|6
|
|move|p2a: Corviknight|Brave Bird|p1a: Arctozolt
|-resisted|p1a: Arctozolt
|-damage|p1a: Arctozolt|54/100
|-damage|p2a: Corviknight|16/100|[from] Recoil
|move|p1a: Arctozolt|Bolt Beak|p2a: Corviknight
|-supereffective|p2a: Corviknight
|-damage|p2a: Corviknight|0 fnt
|faint|p2a: Corviknight
|
|upkeep
|
|switch|p2a: Dragapult|Dragapult, M|100/100
|turn|7
|
|switch|p1a: Mandibuzz|Mandibuzz, F|96/100
|move|p2a: Dragapult|Shadow Ball|p1a: Mandibuzz
|-resisted|p1a: Mandibuzz
|-damage|p1a: Mandibuzz|78/100
|-unboost|p1a: Mandibuzz|spd|1
|
|upkeep
|turn|8
|
|switch|p2a: Hatterene|Hatterene, F|100/100
|move|p1a: Mandibuzz|Knock Off|p2a: Hatterene
|-damage|p2a: Hatterene|76/100
|-enditem|p2a: Hatterene|Choice Specs|[from] move: Knock Off|[of] p1a: Mandibuzz
|
|upkeep
|turn|9
|
|switch|p2a: Dragapult|Dragapult, M|100/100
|move|p1a: Mandibuzz|U-turn|p2a: Dragapult
|-resisted|p2a: Dragapult
|-damage|p2a: Dragapult|93/100
|
|switch|p1a: Seismitoad|Seismitoad, M|100/100|[from]move: U-turn
|
|upkeep
|turn|10
|
|move|p2a: Dragapult|Draco Meteor|p1a: Seismitoad
|-damage|p1a: Seismitoad|0 fnt
|-unboost|p2a: Dragapult|spa|2
|faint|p1a: Seismitoad
|
|upkeep
|
|switch|p1a: Aegislash|Aegislash, F|100/100
|turn|11
|
|switch|p2a: Crawdaunt|Crawdaunt, M|100/100
|-formechange|p1a: Aegislash|Aegislash-Blade||[from] ability: Stance Change
|move|p1a: Aegislash|Shadow Ball|p2a: Crawdaunt
|-resisted|p2a: Crawdaunt
|-damage|p2a: Crawdaunt|29/100
|-unboost|p2a: Crawdaunt|spd|1
|
|upkeep
|turn|12
|
|move|p1a: Aegislash|Shadow Ball|p2a: Crawdaunt
|-resisted|p2a: Crawdaunt
|-damage|p2a: Crawdaunt|0 fnt
|faint|p2a: Crawdaunt
|
|upkeep
|
|switch|p2a: Aegislash|Aegislash, F|100/100
|turn|13
|
|-formechange|p2a: Aegislash|Aegislash-Blade||[from] ability: Stance Change
|move|p2a: Aegislash|Shadow Sneak|p1a: Aegislash
|-supereffective|p1a: Aegislash
|-damage|p1a: Aegislash|0 fnt
|faint|p1a: Aegislash
|
|upkeep
|
|switch|p1a: Arctozolt|Arctozolt|54/100
|turn|14
|
|move|p2a: Aegislash|Shadow Sneak|p1a: Arctozolt
|-damage|p1a: Arctozolt|9/100
|move|p1a: Arctozolt|Bolt Beak|p2a: Aegislash
|-damage|p2a: Aegislash|9/100
|
|upkeep
|turn|15
|
|switch|p1a: Cramorant|Cramorant, M|100/100
|move|p2a: Aegislash|Shadow Sneak|p1a: Cramorant
|-damage|p1a: Cramorant|62/100
|-damage|p2a: Aegislash|0 fnt|[from] item: Rocky Helmet|[of] p1a: Cramorant
|faint|p2a: Aegislash
|
|upkeep
|
|switch|p2a: Dragapult|Dragapult, M|93/100
|turn|16
|
|switch|p1a: Arctozolt|Arctozolt|9/100
|move|p2a: Dragapult|U-turn|p1a: Arctozolt
|-damage|p1a: Arctozolt|0 fnt
|faint|p1a: Arctozolt
|-message|early_human forfeited.
|
|win|Choiced Choiced
|l|☆early_human
