|j|☆Arcangel666
|j|☆LT94JE Fuse
|t:|1661487456
|gametype|singles
|player|p1|Arcangel666|piers|1668
|player|p2|LT94JE Fuse|yellow|1774
|teamsize|p1|6
|teamsize|p2|6
|gen|8
|tier|[Gen 8] OU
|rated|
|rule|Sleep Clause Mod: Limit one foe put to sleep
|rule|Species Clause: Limit one of each Pokémon
|rule|OHKO Clause: OHKO moves are banned
|rule|Evasion Items Clause: Evasion items are banned
|rule|Evasion Moves Clause: Evasion moves are banned
|rule|Endless Battle Clause: Forcing endless battles is banned
|rule|HP Percentage Mod: HP is shown in percentages
|rule|Dynamax Clause: You cannot dynamax
|clearpoke
|poke|p1|Rillaboom, M|
|poke|p1|Regieleki|
|poke|p1|Garchomp, M|
|poke|p1|Melmetal|
|poke|p1|Tapu Fini|
|poke|p1|Zapdos-Galar|
|poke|p2|Necrozma|
|poke|p2|Tapu Lele|
|poke|p2|Urshifu-*, F|
|poke|p2|Tornadus-Therian, M|
|poke|p2|Garchomp, F|
|poke|p2|Melmetal|
|teampreview
|c|☆LT94JE Fuse|hf
|
|t:|1661487478
|start
|switch|p1a: Zapdos|Zapdos-Galar, shiny|100/100
|switch|p2a: Urshifu|Urshifu-Rapid-Strike, F|100/100
|turn|1
|inactive|Battle timer is ON: inactive players will automatically lose when time's up. (requested by Arcangel666)
|
|t:|1661487521
|switch|p2a: Garchomp|Garchomp, F|100/100
|move|p1a: Zapdos|U-turn|p2a: Garchomp
|-damage|p2a: Garchomp|69/100
|-damage|p1a: Zapdos|88/100|[from] ability: Rough Skin|[of] p2a: Garchomp
|
|t:|1661487529
|switch|p1a: Rillaboom|Rillaboom, M, shiny|100/100|[from]move: U-turn
|-fieldstart|move: Grassy Terrain|[from] ability: Grassy Surge|[of] p1a: Rillaboom
|
|-heal|p2a: Garchomp|75/100|[from] Grassy Terrain
|-heal|p2a: Garchomp|81/100|[from] item: Leftovers
|upkeep
|turn|2
|
|t:|1661487554
|move|p2a: Garchomp|Stealth Rock|p1a: Rillaboom
|-sidestart|p1: Arcangel666|move: Stealth Rock
|move|p1a: Rillaboom|Wood Hammer|p2a: Garchomp
|-crit|p2a: Garchomp
|-damage|p2a: Garchomp|0 fnt
|-damage|p1a: Rillaboom|88/100|[from] ability: Rough Skin|[of] p2a: Garchomp
|faint|p2a: Garchomp
|-damage|p1a: Rillaboom|55/100|[from] Recoil
|
|-heal|p1a: Rillaboom|61/100|[from] Grassy Terrain
|upkeep
|
|t:|1661487561
|switch|p2a: Urshifu|Urshifu-Rapid-Strike, F|100/100
|turn|3
|
|t:|1661487565
|switch|p1a: Garchomp|Garchomp, M|100/100
|-damage|p1a: Garchomp|94/100|[from] Stealth Rock
|move|p2a: Urshifu|U-turn|p1a: Garchomp
|-damage|p1a: Garchomp|67/100
|-damage|p2a: Urshifu|88/100|[from] ability: Rough Skin|[of] p1a: Garchomp
|-damage|p2a: Urshifu|72/100|[from] item: Rocky Helmet|[of] p1a: Garchomp
|
|t:|1661487567
|switch|p2a: Tapu Lele|Tapu Lele|100/100|[from]move: U-turn
|-fieldstart|move: Psychic Terrain|[from] ability: Psychic Surge|[of] p2a: Tapu Lele
|
|upkeep
|turn|4
|
|t:|1661487574
|switch|p1a: Melmetal|Melmetal, shiny|100/100
|-damage|p1a: Melmetal|94/100|[from] Stealth Rock
|move|p2a: Tapu Lele|Moonblast|p1a: Melmetal
|-resisted|p1a: Melmetal
|-damage|p1a: Melmetal|76/100
|
|upkeep
|turn|5
|
|t:|1661487580
|switch|p2a: Urshifu|Urshifu-Rapid-Strike, F|72/100
|move|p1a: Melmetal|Earthquake|p2a: Urshifu
|-damage|p2a: Urshifu|29/100
|
|upkeep
|turn|6
|
|t:|1661487583
|switch|p1a: Garchomp|Garchomp, M|67/100
|-damage|p1a: Garchomp|61/100|[from] Stealth Rock
|move|p2a: Urshifu|U-turn|p1a: Garchomp
|-damage|p1a: Garchomp|32/100
|-damage|p2a: Urshifu|16/100|[from] ability: Rough Skin|[of] p1a: Garchomp
|-damage|p2a: Urshifu|0 fnt|[from] item: Rocky Helmet|[of] p1a: Garchomp
|faint|p2a: Urshifu
|
|upkeep
|
|t:|1661487586
|switch|p2a: Tapu Lele|Tapu Lele|100/100
|turn|7
|
|t:|1661487595
|switch|p1a: Melmetal|Melmetal, shiny|76/100
|-damage|p1a: Melmetal|70/100|[from] Stealth Rock
|move|p2a: Tapu Lele|Moonblast|p1a: Melmetal
|-resisted|p1a: Melmetal
|-damage|p1a: Melmetal|52/100
|
|-fieldend|move: Psychic Terrain
|upkeep
|turn|8
|
|t:|1661487600
|switch|p2a: Melmetal|Melmetal|100/100
|move|p1a: Melmetal|Earthquake|p2a: Melmetal
|-supereffective|p2a: Melmetal
|-damage|p2a: Melmetal|52/100
|
|upkeep
|turn|9
|
|t:|1661487606
|move|p2a: Melmetal|Superpower|p1a: Melmetal
|-supereffective|p1a: Melmetal
|-damage|p1a: Melmetal|4/100
|-unboost|p2a: Melmetal|atk|1
|-unboost|p2a: Melmetal|def|1
|move|p1a: Melmetal|Earthquake|p2a: Melmetal
|-supereffective|p2a: Melmetal
|-damage|p2a: Melmetal|0 fnt
|faint|p2a: Melmetal
|
|upkeep
|
|t:|1661487609
|switch|p2a: Tapu Lele|Tapu Lele|100/100
|-fieldstart|move: Psychic Terrain|[from] ability: Psychic Surge|[of] p2a: Tapu Lele
|turn|10
|
|t:|1661487611
|move|p2a: Tapu Lele|Moonblast|p1a: Melmetal
|-resisted|p1a: Melmetal
|-damage|p1a: Melmetal|0 fnt
|faint|p1a: Melmetal
|
|upkeep
|
|t:|1661487614
|switch|p1a: Rillaboom|Rillaboom, M, shiny|61/100
|-damage|p1a: Rillaboom|49/100|[from] Stealth Rock
|-fieldstart|move: Grassy Terrain|[from] ability: Grassy Surge|[of] p1a: Rillaboom
|turn|11
|
|t:|1661487618
|switch|p2a: Tornadus|Tornadus-Therian, M|100/100
|move|p1a: Rillaboom|Wood Hammer|p2a: Tornadus
|-resisted|p2a: Tornadus
|-crit|p2a: Tornadus
|-damage|p2a: Tornadus|7/100
|-damage|p1a: Rillaboom|16/100|[from] Recoil
|
|-heal|p1a: Rillaboom|22/100|[from] Grassy Terrain
|upkeep
|turn|12
|
|t:|1661487626
|switch|p2a: Tapu Lele|Tapu Lele|100/100
|-fieldstart|move: Psychic Terrain|[from] ability: Psychic Surge|[of] p2a: Tapu Lele
|switch|p1a: Tapu Fini|Tapu Fini, shiny|100/100
|-damage|p1a: Tapu Fini|88/100|[from] Stealth Rock
|-fieldstart|move: Misty Terrain|[from] ability: Misty Surge|[of] p1a: Tapu Fini
|
|-heal|p1a: Tapu Fini|94/100|[from] item: Leftovers
|upkeep
|turn|13
|
|t:|1661487630
|switch|p2a: Necrozma|Necrozma|100/100
|move|p1a: Tapu Fini|Calm Mind|p1a: Tapu Fini
|-boost|p1a: Tapu Fini|spa|1
|-boost|p1a: Tapu Fini|spd|1
|
|-heal|p1a: Tapu Fini|99/100|[from] item: Leftovers
|upkeep
|turn|14
|
|t:|1661487632
|switch|p1a: Zapdos|Zapdos-Galar, shiny|88/100
|-damage|p1a: Zapdos|76/100|[from] Stealth Rock
|move|p2a: Necrozma|Photon Geyser|p1a: Zapdos
|-supereffective|p1a: Zapdos
|-damage|p1a: Zapdos|0 fnt
|faint|p1a: Zapdos
|
|upkeep
|
|t:|1661487634
|switch|p1a: Regieleki|Regieleki, shiny|100/100
|-damage|p1a: Regieleki|88/100|[from] Stealth Rock
|turn|15
|
|t:|1661487636
|move|p1a: Regieleki|Volt Switch|p2a: Necrozma
|-damage|p2a: Necrozma|40/100
|
|t:|1661487641
|switch|p1a: Garchomp|Garchomp, M|32/100|[from]move: Volt Switch
|-damage|p1a: Garchomp|25/100|[from] Stealth Rock
|move|p2a: Necrozma|Photon Geyser|p1a: Garchomp
|-damage|p1a: Garchomp|0 fnt
|faint|p1a: Garchomp
|
|upkeep
|
|t:|1661487643
|switch|p1a: Regieleki|Regieleki, shiny|88/100
|-damage|p1a: Regieleki|76/100|[from] Stealth Rock
|turn|16
|
|t:|1661487646
|switch|p2a: Tornadus|Tornadus-Therian, M|40/100
|move|p1a: Regieleki|Thunderbolt|p2a: Tornadus
|-supereffective|p2a: Tornadus
|-crit|p2a: Tornadus
|-damage|p2a: Tornadus|0 fnt
|faint|p2a: Tornadus
|
|-fieldend|Misty Terrain
|upkeep
|
|t:|1661487649
|switch|p2a: Tapu Lele|Tapu Lele|100/100
|-fieldstart|move: Psychic Terrain|[from] ability: Psychic Surge|[of] p2a: Tapu Lele
|turn|17
|
|t:|1661487651
|move|p1a: Regieleki|Volt Switch|p2a: Tapu Lele
|-damage|p2a: Tapu Lele|43/100
|
|t:|1661487655
|switch|p1a: Rillaboom|Rillaboom, M, shiny|22/100|[from]move: Volt Switch
|-damage|p1a: Rillaboom|10/100|[from] Stealth Rock
|-fieldstart|move: Grassy Terrain|[from] ability: Grassy Surge|[of] p1a: Rillaboom
|move|p2a: Tapu Lele|Psyshock|p1a: Rillaboom
|-damage|p1a: Rillaboom|0 fnt
|faint|p1a: Rillaboom
|
|-heal|p2a: Tapu Lele|49/100|[from] Grassy Terrain
|upkeep
|c|☆LT94JE Fuse|gg
|
|t:|1661487657
|switch|p1a: Regieleki|Regieleki, shiny|76/100
|-damage|p1a: Regieleki|64/100|[from] Stealth Rock
|turn|18
|
|t:|1661487658
|move|p1a: Regieleki|Thunderbolt|p2a: Tapu Lele
|-crit|p2a: Tapu Lele
|-damage|p2a: Tapu Lele|0 fnt
|faint|p2a: Tapu Lele
|
|-heal|p1a: Regieleki|70/100|[from] Grassy Terrain
|upkeep
|-message|LT94JE Fuse forfeited.
|
|win|Arcangel666
|raw|Arcangel666's rating: 1668 &rarr; <strong>1693</strong><br />(+25 for winning)
|raw|LT94JE Fuse's rating: 1751 &rarr; <strong>1726</strong><br />(-25 for losing)
|l|☆Arcangel666
||Ladder isn't responding, score probably updated but might not have (Request timeout).
