|j|☆Cattleya1
|j|☆quixana
|t:|1667600843
|gametype|singles
|player|p1|Cattleya1|lady-gen4|1674
|player|p2|quixana|1|1777
|teamsize|p1|6
|teamsize|p2|6
|gen|8
|tier|[Gen 8] OU
|rated|
|rule|Sleep Clause Mod: Limit one foe put to sleep
|rule|Species Clause: Limit one of each Pokémon
|rule|OHKO Clause: OHKO moves are banned
|rule|Evasion Items Clause: Evasion items are banned
|rule|Evasion Moves Clause: Evasion moves are banned
|rule|Endless Battle Clause: Forcing endless battles is banned
|rule|HP Percentage Mod: HP is shown in percentages
|rule|Dynamax Clause: You cannot dynamax
|clearpoke
|poke|p1|Stunfisk, F|
|poke|p1|Corviknight, F|
|poke|p1|Rillaboom, F|
|poke|p1|Heatran, F|
|poke|p1|Tapu Fini|
|poke|p1|Slowbro-Galar, F|
|poke|p2|Kartana|
|poke|p2|Buzzwole|
|poke|p2|Tapu Lele|
|poke|p2|Landorus-Therian, M|
|poke|p2|Slowbro, M|
|poke|p2|Blissey, F|
|teampreview
|
|t:|1667600853
|start
|switch|p1a: Stunfisk|Stunfisk, F, shiny|100/100
|switch|p2a: Landorus|Landorus-Therian, M|100/100
|-ability|p2a: Landorus|Intimidate|boost
|-unboost|p1a: Stunfisk|atk|1
|turn|1
|
|t:|1667600858
|move|p2a: Landorus|Earthquake|p1a: Stunfisk
|-supereffective|p1a: Stunfisk
|-damage|p1a: Stunfisk|35/100
|move|p1a: Stunfisk|Toxic|p2a: Landorus
|-status|p2a: Landorus|tox
|
|-heal|p1a: Stunfisk|41/100|[from] item: Leftovers
|-damage|p2a: Landorus|94/100 tox|[from] psn
|upkeep
|turn|2
|
|t:|1667600866
|move|p2a: Landorus|U-turn|p1a: Stunfisk
|-damage|p1a: Stunfisk|27/100
|
|t:|1667600868
|switch|p2a: Blissey|Blissey, F|100/100|[from]move: U-turn
|move|p1a: Stunfisk|Stealth Rock|p2a: Blissey
|-sidestart|p2: quixana|move: Stealth Rock
|
|-heal|p1a: Stunfisk|33/100|[from] item: Leftovers
|upkeep
|turn|3
|
|t:|1667600871
|switch|p1a: Tapu Fini|Tapu Fini|100/100
|-fieldstart|move: Misty Terrain|[from] ability: Misty Surge|[of] p1a: Tapu Fini
|move|p2a: Blissey|Stealth Rock|p1a: Tapu Fini
|-sidestart|p1: Cattleya1|move: Stealth Rock
|
|upkeep
|turn|4
|
|t:|1667600876
|switch|p2a: Slowbro|Slowbro, M, shiny|100/100
|-damage|p2a: Slowbro|88/100|[from] Stealth Rock
|move|p1a: Tapu Fini|Trick|p2a: Slowbro
|-activate|p1a: Tapu Fini|move: Trick|[of] p2a: Slowbro
|-item|p2a: Slowbro|Choice Scarf|[from] move: Trick
|-item|p1a: Tapu Fini|Rocky Helmet|[from] move: Trick
|
|upkeep
|turn|5
|
|t:|1667600880
|move|p1a: Tapu Fini|Calm Mind|p1a: Tapu Fini
|-boost|p1a: Tapu Fini|spa|1
|-boost|p1a: Tapu Fini|spd|1
|move|p2a: Slowbro|Teleport|p2a: Slowbro
|
|t:|1667600887
|switch|p2a: Kartana|Kartana|100/100|[from]move: Teleport
|-damage|p2a: Kartana|94/100|[from] Stealth Rock
|
|upkeep
|turn|6
|
|t:|1667600894
|switch|p1a: Corviknight|Corviknight, F, shiny|100/100
|-damage|p1a: Corviknight|88/100|[from] Stealth Rock
|-ability|p1a: Corviknight|Pressure
|move|p2a: Kartana|Leaf Blade|p1a: Corviknight
|-resisted|p1a: Corviknight
|-damage|p1a: Corviknight|75/100
|-damage|p2a: Kartana|78/100|[from] item: Rocky Helmet|[of] p1a: Corviknight
|
|upkeep
|turn|7
|
|t:|1667600904
|switch|p2a: Slowbro|Slowbro, M, shiny|100/100
|-damage|p2a: Slowbro|88/100|[from] Stealth Rock
|move|p1a: Corviknight|U-turn|p2a: Slowbro
|-supereffective|p2a: Slowbro
|-crit|p2a: Slowbro
|-damage|p2a: Slowbro|63/100
|
|t:|1667600910
|switch|p1a: Rillaboom|Rillaboom, F, shiny|100/100|[from]move: U-turn
|-damage|p1a: Rillaboom|88/100|[from] Stealth Rock
|-fieldstart|move: Grassy Terrain|[from] ability: Grassy Surge|[of] p1a: Rillaboom
|
|-heal|p1a: Rillaboom|94/100|[from] Grassy Terrain
|-heal|p2a: Slowbro|69/100|[from] Grassy Terrain
|upkeep
|turn|8
|
|t:|1667600914
|move|p1a: Rillaboom|U-turn|p2a: Slowbro
|-supereffective|p2a: Slowbro
|-damage|p2a: Slowbro|27/100
|
|t:|1667600917
|switch|p1a: Heatran|Heatran, F, shiny|100/100|[from]move: U-turn
|-damage|p1a: Heatran|88/100|[from] Stealth Rock
|move|p2a: Slowbro|Teleport|p2a: Slowbro
|
|t:|1667600932
|switch|p2a: Buzzwole|Buzzwole|100/100|[from]move: Teleport
|-damage|p2a: Buzzwole|88/100|[from] Stealth Rock
|
|-heal|p2a: Buzzwole|94/100|[from] Grassy Terrain
|-heal|p1a: Heatran|94/100|[from] Grassy Terrain
|-heal|p1a: Heatran|100/100|[from] item: Leftovers
|upkeep
|turn|9
|
|t:|1667600946
|move|p2a: Buzzwole|Close Combat|p1a: Heatran
|-supereffective|p1a: Heatran
|-damage|p1a: Heatran|0 fnt
|-unboost|p2a: Buzzwole|def|1
|-unboost|p2a: Buzzwole|spd|1
|faint|p1a: Heatran
|-ability|p2a: Buzzwole|Beast Boost|boost
|-boost|p2a: Buzzwole|atk|1
|
|-heal|p2a: Buzzwole|100/100|[from] Grassy Terrain
|upkeep
|
|t:|1667600953
|switch|p1a: Tapu Fini|Tapu Fini|100/100
|-damage|p1a: Tapu Fini|88/100|[from] Stealth Rock
|-fieldstart|move: Misty Terrain|[from] ability: Misty Surge|[of] p1a: Tapu Fini
|turn|10
|
|t:|1667600958
|switch|p2a: Slowbro|Slowbro, M, shiny|60/100
|-damage|p2a: Slowbro|48/100|[from] Stealth Rock
|move|p1a: Tapu Fini|Draining Kiss|p2a: Slowbro
|-damage|p2a: Slowbro|25/100
|-heal|p1a: Tapu Fini|100/100|[from] drain|[of] p2a: Slowbro
|
|upkeep
|turn|11
|
|t:|1667600964
|move|p1a: Tapu Fini|Draining Kiss|p2a: Slowbro
|-damage|p2a: Slowbro|1/100
|move|p2a: Slowbro|Teleport|p2a: Slowbro
|
|t:|1667600971
|switch|p2a: Kartana|Kartana|78/100|[from]move: Teleport
|-damage|p2a: Kartana|72/100|[from] Stealth Rock
|
|upkeep
|turn|12
|
|t:|1667600976
|switch|p1a: Corviknight|Corviknight, F, shiny|75/100
|-damage|p1a: Corviknight|63/100|[from] Stealth Rock
|-ability|p1a: Corviknight|Pressure
|move|p2a: Kartana|Knock Off|p1a: Corviknight
|-damage|p1a: Corviknight|24/100
|-damage|p2a: Kartana|55/100|[from] item: Rocky Helmet|[of] p1a: Corviknight
|-enditem|p1a: Corviknight|Rocky Helmet|[from] move: Knock Off|[of] p2a: Kartana
|
|upkeep
|turn|13
|j| charqe Q
|inactive|Battle timer is ON: inactive players will automatically lose when time's up. (requested by Cattleya1)
|l|☆Cattleya1
|inactive|Cattleya1 disconnected and has a minute to reconnect!
|player|p1|
|j|☆Cattleya1
|inactive|Cattleya1 reconnected.
|player|p1|Cattleya1|lady-gen4
|
|t:|1667601065
|move|p2a: Kartana|Knock Off|p1a: Corviknight
|-damage|p1a: Corviknight|0 fnt
|faint|p1a: Corviknight
|-ability|p2a: Kartana|Beast Boost|boost
|-boost|p2a: Kartana|atk|1
|
|upkeep
|
|t:|1667601070
|switch|p1a: Tapu Fini|Tapu Fini|100/100
|-damage|p1a: Tapu Fini|88/100|[from] Stealth Rock
|turn|14
|
|t:|1667601077
|switch|p2a: Tapu Lele|Tapu Lele|100/100
|-damage|p2a: Tapu Lele|88/100|[from] Stealth Rock
|-fieldstart|move: Psychic Terrain|[from] ability: Psychic Surge|[of] p2a: Tapu Lele
|move|p1a: Tapu Fini|Calm Mind|p1a: Tapu Fini
|-boost|p1a: Tapu Fini|spa|1
|-boost|p1a: Tapu Fini|spd|1
|
|upkeep
|turn|15
|
|t:|1667601088
|move|p1a: Tapu Fini|Draining Kiss|p2a: Tapu Lele
|-damage|p2a: Tapu Lele|56/100
|-heal|p1a: Tapu Fini|100/100|[from] drain|[of] p2a: Tapu Lele
|move|p2a: Tapu Lele|Psyshock|p1a: Tapu Fini
|-damage|p1a: Tapu Fini|0 fnt
|faint|p1a: Tapu Fini
|
|upkeep
|
|t:|1667601094
|switch|p1a: Rillaboom|Rillaboom, F, shiny|94/100
|-damage|p1a: Rillaboom|82/100|[from] Stealth Rock
|-fieldstart|move: Grassy Terrain|[from] ability: Grassy Surge|[of] p1a: Rillaboom
|turn|16
|
|t:|1667601099
|switch|p2a: Slowbro|Slowbro, M, shiny|35/100
|-damage|p2a: Slowbro|22/100|[from] Stealth Rock
|move|p1a: Rillaboom|U-turn|p2a: Slowbro
|-supereffective|p2a: Slowbro
|-damage|p2a: Slowbro|0 fnt
|faint|p2a: Slowbro
|
|t:|1667601102
|switch|p1a: Stunfisk|Stunfisk, F, shiny|33/100|[from]move: U-turn
|-damage|p1a: Stunfisk|27/100|[from] Stealth Rock
|
|-heal|p1a: Stunfisk|33/100|[from] Grassy Terrain
|-heal|p1a: Stunfisk|40/100|[from] item: Leftovers
|upkeep
|
|t:|1667601107
|switch|p2a: Kartana|Kartana|55/100
|-damage|p2a: Kartana|49/100|[from] Stealth Rock
|turn|17
|
|t:|1667601117
|move|p2a: Kartana|Knock Off|p1a: Stunfisk
|-damage|p1a: Stunfisk|0 fnt
|-enditem|p1a: Stunfisk|Leftovers|[from] move: Knock Off|[of] p2a: Kartana
|faint|p1a: Stunfisk
|-ability|p2a: Kartana|Beast Boost|boost
|-boost|p2a: Kartana|atk|1
|
|-heal|p2a: Kartana|55/100|[from] Grassy Terrain
|upkeep
|
|t:|1667601120
|switch|p1a: Rillaboom|Rillaboom, F, shiny|82/100
|-damage|p1a: Rillaboom|70/100|[from] Stealth Rock
|turn|18
|
|t:|1667601128
|move|p2a: Kartana|Knock Off|p1a: Rillaboom
|-damage|p1a: Rillaboom|0 fnt
|-enditem|p1a: Rillaboom|Choice Band|[from] move: Knock Off|[of] p2a: Kartana
|faint|p1a: Rillaboom
|-ability|p2a: Kartana|Beast Boost|boost
|-boost|p2a: Kartana|atk|1
|
|-heal|p2a: Kartana|61/100|[from] Grassy Terrain
|upkeep
|
|t:|1667601130
|switch|p1a: Slowbro|Slowbro-Galar, F|100/100
|-damage|p1a: Slowbro|88/100|[from] Stealth Rock
|turn|19
|-activate|p1a: Slowbro|item: Quick Claw
|
|t:|1667601133
|move|p1a: Slowbro|Drain Punch|p2a: Kartana
|-supereffective|p2a: Kartana
|-crit|p2a: Kartana
|-damage|p2a: Kartana|0 fnt
|-heal|p1a: Slowbro|100/100|[from] drain|[of] p2a: Kartana
|faint|p2a: Kartana
|
|upkeep
|
|t:|1667601147
|switch|p2a: Tapu Lele|Tapu Lele|56/100
|-damage|p2a: Tapu Lele|44/100|[from] Stealth Rock
|-fieldstart|move: Psychic Terrain|[from] ability: Psychic Surge|[of] p2a: Tapu Lele
|turn|20
|-activate|p1a: Slowbro|item: Quick Claw
|
|t:|1667601161
|move|p1a: Slowbro|Poison Jab|p2a: Tapu Lele
|-supereffective|p2a: Tapu Lele
|-damage|p2a: Tapu Lele|0 fnt
|faint|p2a: Tapu Lele
|
|upkeep
|
|t:|1667601165
|switch|p2a: Buzzwole|Buzzwole|100/100
|-damage|p2a: Buzzwole|88/100|[from] Stealth Rock
|turn|21
|
|t:|1667601170
|move|p2a: Buzzwole|Earthquake|p1a: Slowbro
|-supereffective|p1a: Slowbro
|-damage|p1a: Slowbro|38/100
|move|p1a: Slowbro|Zen Headbutt|p2a: Buzzwole
|-supereffective|p2a: Buzzwole
|-damage|p2a: Buzzwole|22/100
|
|upkeep
|turn|22
|-activate|p1a: Slowbro|ability: Quick Draw
|
|t:|1667601175
|move|p1a: Slowbro|Zen Headbutt|p2a: Buzzwole
|-supereffective|p2a: Buzzwole
|-damage|p2a: Buzzwole|0 fnt
|faint|p2a: Buzzwole
|
|upkeep
|
|t:|1667601177
|switch|p2a: Landorus|Landorus-Therian, M|94/100 tox
|-damage|p2a: Landorus|82/100 tox|[from] Stealth Rock
|-ability|p2a: Landorus|Intimidate|boost
|-unboost|p1a: Slowbro|atk|1
|turn|23
|
|t:|1667601179
|move|p2a: Landorus|Earthquake|p1a: Slowbro
|-supereffective|p1a: Slowbro
|-damage|p1a: Slowbro|0 fnt
|faint|p1a: Slowbro
|
|win|quixana
|raw|Cattleya1's rating: 1689 &rarr; <strong>1674</strong><br />(-15 for losing)
|raw|quixana's rating: 1777 &rarr; <strong>1792</strong><br />(+15 for winning)
|l|☆Cattleya1
||Ladder isn't responding, score probably updated but might not have (Request timeout).
