|j|☆Hijiri Airen
|j|☆POLYKlNG
|t:|1641680962
|gametype|singles
|player|p1|Hijiri Airen|teamrocket|1507
|player|p2|POLYKlNG|hilbert|1471
|teamsize|p1|6
|teamsize|p2|6
|gen|8
|tier|[Gen 8] OU
|rated|
|rule|Sleep Clause Mod: Limit one foe put to sleep
|rule|Species Clause: Limit one of each Pokémon
|rule|OHKO Clause: OHKO moves are banned
|rule|Evasion Moves Clause: Evasion moves are banned
|rule|Endless Battle Clause: Forcing endless battles is banned
|rule|HP Percentage Mod: HP is shown in percentages
|rule|Dynamax Clause: You cannot dynamax
|clearpoke
|poke|p1|Mamoswine, M|
|poke|p1|Gardevoir, F|
|poke|p1|Blaziken, F|
|poke|p1|Tapu Fini|
|poke|p1|Slowking-Galar, F|
|poke|p1|Rotom-Wash|
|poke|p2|Mamoswine, M|
|poke|p2|Volcarona, M|
|poke|p2|Rillaboom, F|
|poke|p2|Bisharp, F|
|poke|p2|Dragapult, M|
|poke|p2|Melmetal|
|teampreview
|inactive|Battle timer is ON: inactive players will automatically lose when time's up. (requested by POLYKlNG)
|inactive|POLYKlNG has 120 seconds left.
|
|t:|1641680996
|start
|switch|p1a: Blaziken|Blaziken, F|100/100
|switch|p2a: Dragapult|Dragapult, M|100/100
|turn|1
|
|t:|1641681023
|switch|p1a: Tapu Fini|Tapu Fini|100/100
|-fieldstart|move: Misty Terrain|[from] ability: Misty Surge|[of] p1a: Tapu Fini
|move|p2a: Dragapult|Dragon Darts|p1a: Tapu Fini
|-immune|p1a: Tapu Fini
|
|upkeep
|turn|2
|
|t:|1641681033
|switch|p2a: Melmetal|Melmetal|100/100
|move|p1a: Tapu Fini|Nature's Madness|p2a: Melmetal
|-damage|p2a: Melmetal|50/100
|
|upkeep
|turn|3
|
|t:|1641681043
|switch|p1a: Rotom|Rotom-Wash|100/100
|move|p2a: Melmetal|Double Iron Bash|p1a: Rotom
|-resisted|p1a: Rotom
|-damage|p1a: Rotom|92/100
|-resisted|p1a: Rotom
|-damage|p1a: Rotom|83/100
|-hitcount|p1a: Rotom|2
|
|-heal|p1a: Rotom|90/100|[from] item: Leftovers
|upkeep
|turn|4
|
|t:|1641681054
|move|p1a: Rotom|Hydro Pump|p2a: Melmetal
|-crit|p2a: Melmetal
|-damage|p2a: Melmetal|15/100
|move|p2a: Melmetal|Thunder Punch|p1a: Rotom
|-damage|p1a: Rotom|59/100
|
|-heal|p1a: Rotom|66/100|[from] item: Leftovers
|upkeep
|turn|5
|
|t:|1641681057
|move|p1a: Rotom|Volt Switch|p2a: Melmetal
|-damage|p2a: Melmetal|0 fnt
|faint|p2a: Melmetal
|
|t:|1641681072
|switch|p1a: Blaziken|Blaziken, F|100/100|[from]move: Volt Switch
|
|-fieldend|Misty Terrain
|upkeep
|
|t:|1641681077
|switch|p2a: Mamoswine|Mamoswine, M|100/100
|turn|6
|
|t:|1641681081
|switch|p1a: Rotom|Rotom-Wash|66/100
|move|p2a: Mamoswine|Earthquake|p1a: Rotom
|-immune|p1a: Rotom|[from] ability: Levitate
|
|-heal|p1a: Rotom|72/100|[from] item: Leftovers
|upkeep
|turn|7
|
|t:|1641681083
|switch|p2a: Dragapult|Dragapult, M|100/100
|move|p1a: Rotom|Will-O-Wisp|p2a: Dragapult
|-status|p2a: Dragapult|brn
|
|-heal|p1a: Rotom|78/100|[from] item: Leftovers
|-damage|p2a: Dragapult|95/100 brn|[from] brn
|upkeep
|turn|8
|
|t:|1641681090
|switch|p1a: Tapu Fini|Tapu Fini|100/100
|-fieldstart|move: Misty Terrain|[from] ability: Misty Surge|[of] p1a: Tapu Fini
|move|p2a: Dragapult|Fire Blast|p1a: Tapu Fini
|-resisted|p1a: Tapu Fini
|-damage|p1a: Tapu Fini|89/100
|-damage|p2a: Dragapult|85/100 brn|[from] item: Life Orb
|
|-heal|p1a: Tapu Fini|96/100|[from] item: Leftovers
|-damage|p2a: Dragapult|79/100 brn|[from] brn
|upkeep
|turn|9
|
|t:|1641681107
|move|p2a: Dragapult|Phantom Force||[still]
|-prepare|p2a: Dragapult|Phantom Force
|move|p1a: Tapu Fini|Moonblast|p2a: Dragapult|[miss]
|-miss|p1a: Tapu Fini|p2a: Dragapult
|
|-heal|p1a: Tapu Fini|100/100|[from] item: Leftovers
|-damage|p2a: Dragapult|73/100 brn|[from] brn
|upkeep
|turn|10
|
|t:|1641681110
|move|p2a: Dragapult|Phantom Force|p1a: Tapu Fini|[from]lockedmove
|-damage|p1a: Tapu Fini|77/100
|-damage|p2a: Dragapult|63/100 brn|[from] item: Life Orb
|move|p1a: Tapu Fini|Moonblast|p2a: Dragapult
|-supereffective|p2a: Dragapult
|-damage|p2a: Dragapult|0 fnt
|faint|p2a: Dragapult
|
|-heal|p1a: Tapu Fini|83/100|[from] item: Leftovers
|upkeep
|
|t:|1641681120
|switch|p2a: Rillaboom|Rillaboom, F|100/100
|-fieldstart|move: Grassy Terrain|[from] ability: Grassy Surge|[of] p2a: Rillaboom
|turn|11
|
|t:|1641681139
|switch|p1a: Gardevoir|Gardevoir, F|100/100
|-ability|p1a: Gardevoir|Grassy Surge|[from] ability: Trace|[of] p2a: Rillaboom
|move|p2a: Rillaboom|Swords Dance|p2a: Rillaboom
|-boost|p2a: Rillaboom|atk|2
|
|upkeep
|turn|12
|
|t:|1641681147
|move|p2a: Rillaboom|Grassy Glide|p1a: Gardevoir
|-damage|p1a: Gardevoir|0 fnt
|faint|p1a: Gardevoir
|-damage|p2a: Rillaboom|91/100|[from] item: Life Orb
|
|-heal|p2a: Rillaboom|97/100|[from] Grassy Terrain
|upkeep
|
|t:|1641681151
|switch|p1a: Blaziken|Blaziken, F|100/100
|turn|13
|
|t:|1641681172
|switch|p1a: Tapu Fini|Tapu Fini|83/100
|-fieldstart|move: Misty Terrain|[from] ability: Misty Surge|[of] p1a: Tapu Fini
|move|p2a: Rillaboom|Grassy Glide|p1a: Tapu Fini
|-supereffective|p1a: Tapu Fini
|-damage|p1a: Tapu Fini|0 fnt
|faint|p1a: Tapu Fini
|-damage|p2a: Rillaboom|87/100|[from] item: Life Orb
|
|upkeep
|
|t:|1641681176
|switch|p1a: Blaziken|Blaziken, F|100/100
|turn|14
|
|t:|1641681181
|move|p2a: Rillaboom|Grassy Glide|p1a: Blaziken
|-resisted|p1a: Blaziken
|-damage|p1a: Blaziken|23/100
|-damage|p2a: Rillaboom|77/100|[from] item: Life Orb
|move|p1a: Blaziken|Flare Blitz|p2a: Rillaboom
|-supereffective|p2a: Rillaboom
|-crit|p2a: Rillaboom
|-damage|p2a: Rillaboom|0 fnt
|faint|p2a: Rillaboom
|-damage|p1a: Blaziken|0 fnt|[from] Recoil
|faint|p1a: Blaziken
|
|upkeep
|
|t:|1641681191
|switch|p2a: Bisharp|Bisharp, F|100/100
|switch|p1a: Mamoswine|Mamoswine, M|100/100
|turn|15
|
|t:|1641681196
|move|p2a: Bisharp|Sucker Punch|p1a: Mamoswine
|-crit|p1a: Mamoswine
|-damage|p1a: Mamoswine|20/100
|move|p1a: Mamoswine|Earthquake|p2a: Bisharp
|-supereffective|p2a: Bisharp
|-damage|p2a: Bisharp|0 fnt
|faint|p2a: Bisharp
|-damage|p1a: Mamoswine|10/100|[from] item: Life Orb
|
|upkeep
|
|t:|1641681201
|switch|p2a: Mamoswine|Mamoswine, M|100/100
|turn|16
|
|t:|1641681215
|move|p1a: Mamoswine|Ice Shard|p2a: Mamoswine
|-damage|p2a: Mamoswine|64/100
|-damage|p1a: Mamoswine|0 fnt|[from] item: Life Orb
|faint|p1a: Mamoswine
|move|p2a: Mamoswine|Ice Shard|p1: Mamoswine|[notarget]
|-fail|p2a: Mamoswine
|
|upkeep
|
|t:|1641681221
|switch|p1a: Rotom|Rotom-Wash|78/100
|turn|17
|
|t:|1641681223
|move|p2a: Mamoswine|Endeavor|p1a: Rotom
|-damage|p1a: Rotom|76/100
|move|p1a: Rotom|Hydro Pump|p2a: Mamoswine
|-supereffective|p2a: Mamoswine
|-damage|p2a: Mamoswine|0 fnt
|faint|p2a: Mamoswine
|
|-heal|p1a: Rotom|83/100|[from] item: Leftovers
|-fieldend|Misty Terrain
|upkeep
|
|t:|1641681226
|switch|p2a: Volcarona|Volcarona, M|100/100
|turn|18
|
|t:|1641681230
|move|p2a: Volcarona|Quiver Dance|p2a: Volcarona
|-boost|p2a: Volcarona|spa|1
|-boost|p2a: Volcarona|spd|1
|-boost|p2a: Volcarona|spe|1
|move|p1a: Rotom|Hydro Pump|p2a: Volcarona|[miss]
|-miss|p1a: Rotom|p2a: Volcarona
|
|-heal|p1a: Rotom|89/100|[from] item: Leftovers
|upkeep
|turn|19
|
|t:|1641681232
|move|p2a: Volcarona|Quiver Dance|p2a: Volcarona
|-boost|p2a: Volcarona|spa|1
|-boost|p2a: Volcarona|spd|1
|-boost|p2a: Volcarona|spe|1
|move|p1a: Rotom|Hydro Pump|p2a: Volcarona
|-supereffective|p2a: Volcarona
|-damage|p2a: Volcarona|56/100
|
|-heal|p1a: Rotom|95/100|[from] item: Leftovers
|upkeep
|turn|20
|
|t:|1641681234
|move|p2a: Volcarona|Quiver Dance|p2a: Volcarona
|-boost|p2a: Volcarona|spa|1
|-boost|p2a: Volcarona|spd|1
|-boost|p2a: Volcarona|spe|1
|move|p1a: Rotom|Hydro Pump|p2a: Volcarona
|-supereffective|p2a: Volcarona
|-damage|p2a: Volcarona|23/100
|
|-heal|p1a: Rotom|100/100|[from] item: Leftovers
|upkeep
|turn|21
|
|t:|1641681238
|move|p2a: Volcarona|Bug Buzz|p1a: Rotom
|-damage|p1a: Rotom|0 fnt
|faint|p1a: Rotom
|
|upkeep
|
|t:|1641681241
|switch|p1a: Slowking|Slowking-Galar, F|100/100
|turn|22
|
|t:|1641681247
|move|p2a: Volcarona|Bug Buzz|p1a: Slowking
|-damage|p1a: Slowking|51/100
|move|p1a: Slowking|Sludge Bomb|p2a: Volcarona
|-damage|p2a: Volcarona|8/100
|-status|p2a: Volcarona|psn
|
|-damage|p2a: Volcarona|0 fnt|[from] psn
|faint|p2a: Volcarona
|
|win|Hijiri Airen
|upkeep
|raw|Hijiri Airen's rating: 1507 &rarr; <strong>1525</strong><br />(+18 for winning)
|raw|POLYKlNG's rating: 1471 &rarr; <strong>1453</strong><br />(-18 for losing)
|c|☆POLYKlNG|gg
|l|☆POLYKlNG
|c|☆Hijiri Airen|gg
