|j|☆Pinapple321
|j|☆BanetteBandit69
|inactive|Battle timer is ON: inactive players will automatically lose when time's up.
|t:|1667916654
|gametype|singles
|player|p1|Pinapple321|ghetsis|
|player|p2|BanetteBandit69|wattson|
|teamsize|p1|6
|teamsize|p2|6
|gen|8
|tier|[Gen 8] OU
|rated|Tournament battle
|rule|Sleep Clause Mod: Limit one foe put to sleep
|rule|Species Clause: Limit one of each Pokémon
|rule|OHKO Clause: OHKO moves are banned
|rule|Evasion Items Clause: Evasion items are banned
|rule|Evasion Moves Clause: Evasion moves are banned
|rule|Endless Battle Clause: Forcing endless battles is banned
|rule|HP Percentage Mod: HP is shown in percentages
|rule|Dynamax Clause: You cannot dynamax
|rule|Tier Shift Mod: Pokémon get stat buffs depending on their tier, excluding HP.
|clearpoke
|poke|p1|Altaria, M|
|poke|p1|Lickilicky, F|
|poke|p1|Flareon, F|
|poke|p1|Jellicent, M|
|poke|p1|Sirfetch’d, M|
|poke|p1|Avalugg, M|
|poke|p2|Steelix, M|
|poke|p2|Tyrantrum, M|
|poke|p2|Accelgor, M|
|poke|p2|Heliolisk, M|
|poke|p2|Lanturn, F|
|poke|p2|Barbaracle, F|
|teampreview
|j|*Lady Monita ☽
|inactive|Pinapple321 has 120 seconds left.
|
|t:|1667916688
|start
|switch|p1a: Flareon|Flareon, F|100/100
|switch|p2a: Heliolisk|Heliolisk, M|100/100
|turn|1
|
|t:|1667916695
|move|p2a: Heliolisk|Volt Switch|p1a: Flareon
|-damage|p1a: Flareon|60/100
|-damage|p2a: Heliolisk|91/100|[from] item: Life Orb
|
|t:|1667916699
|switch|p2a: Lanturn|Lanturn, F|100/100|[from]move: Volt Switch
|move|p1a: Flareon|Flame Charge|p2a: Lanturn
|-resisted|p2a: Lanturn
|-damage|p2a: Lanturn|87/100
|-boost|p1a: Flareon|spe|1
|
|-status|p1a: Flareon|tox|[from] item: Toxic Orb
|upkeep
|turn|2
|
|t:|1667916701
|move|p1a: Flareon|Facade|p2a: Lanturn
|-damage|p2a: Lanturn|18/100
|move|p2a: Lanturn|Scald|p1a: Flareon
|-supereffective|p1a: Flareon
|-damage|p1a: Flareon|0 fnt
|faint|p1a: Flareon
|
|upkeep
|j| Realblazing2
|
|t:|1667916708
|switch|p1a: Sirfetch’d|Sirfetch’d, M|100/100
|turn|3
|j| manu949494
|
|t:|1667916715
|move|p2a: Lanturn|Scald|p1a: Sirfetch’d
|-damage|p1a: Sirfetch’d|54/100
|-status|p1a: Sirfetch’d|brn
|move|p1a: Sirfetch’d|Close Combat|p2a: Lanturn
|-damage|p2a: Lanturn|0 fnt
|-unboost|p1a: Sirfetch’d|def|1
|-unboost|p1a: Sirfetch’d|spd|1
|faint|p2a: Lanturn
|
|-damage|p1a: Sirfetch’d|48/100 brn|[from] brn
|upkeep
|
|t:|1667916723
|switch|p2a: Heliolisk|Heliolisk, M|91/100
|turn|4
|j| PhantomRay77
|l| Realblazing2
|
|t:|1667916728
|switch|p1a: Altaria|Altaria, M|100/100
|move|p2a: Heliolisk|Thunderbolt|p1a: Altaria
|-damage|p1a: Altaria|68/100
|-damage|p2a: Heliolisk|81/100|[from] item: Life Orb
|
|-heal|p1a: Altaria|75/100|[from] item: Leftovers
|upkeep
|turn|5
|
|t:|1667916732
|move|p2a: Heliolisk|Volt Switch|p1a: Altaria
|-damage|p1a: Altaria|47/100
|-damage|p2a: Heliolisk|71/100|[from] item: Life Orb
|
|t:|1667916737
|switch|p2a: Barbaracle|Barbaracle, F|100/100|[from]move: Volt Switch
|move|p1a: Altaria|Toxic|p2a: Barbaracle
|-status|p2a: Barbaracle|tox
|
|-heal|p1a: Altaria|53/100|[from] item: Leftovers
|-damage|p2a: Barbaracle|95/100 tox|[from] psn
|upkeep
|turn|6
|
|t:|1667916742
|move|p1a: Altaria|Roost|p1a: Altaria
|-heal|p1a: Altaria|100/100
|-singleturn|p1a: Altaria|move: Roost
|move|p2a: Barbaracle|Rock Slide|p1a: Altaria
|-damage|p1a: Altaria|69/100
|
|-heal|p1a: Altaria|75/100|[from] item: Leftovers
|-damage|p2a: Barbaracle|83/100 tox|[from] psn
|upkeep
|turn|7
|
|t:|1667916749
|switch|p1a: Sirfetch’d|Sirfetch’d, M|48/100 brn
|move|p2a: Barbaracle|Shell Smash|p2a: Barbaracle
|-unboost|p2a: Barbaracle|def|1
|-unboost|p2a: Barbaracle|spd|1
|-boost|p2a: Barbaracle|atk|2
|-boost|p2a: Barbaracle|spa|2
|-boost|p2a: Barbaracle|spe|2
|-enditem|p2a: Barbaracle|White Herb
|-clearnegativeboost|p2a: Barbaracle|[silent]
|
|-damage|p2a: Barbaracle|65/100 tox|[from] psn
|-damage|p1a: Sirfetch’d|42/100 brn|[from] brn
|upkeep
|turn|8
|
|t:|1667916752
|move|p2a: Barbaracle|Liquidation|p1a: Sirfetch’d
|-damage|p1a: Sirfetch’d|0 fnt
|faint|p1a: Sirfetch’d
|
|-damage|p2a: Barbaracle|41/100 tox|[from] psn
|upkeep
|
|t:|1667916777
|switch|p1a: Avalugg|Avalugg, M|100/100
|turn|9
|
|t:|1667916781
|move|p2a: Barbaracle|Rock Slide|p1a: Avalugg
|-supereffective|p1a: Avalugg
|-damage|p1a: Avalugg|46/100
|move|p1a: Avalugg|Curse|p1a: Avalugg
|-unboost|p1a: Avalugg|spe|1
|-boost|p1a: Avalugg|atk|1
|-boost|p1a: Avalugg|def|1
|
|-damage|p2a: Barbaracle|11/100 tox|[from] psn
|upkeep
|turn|10
|
|t:|1667916785
|move|p2a: Barbaracle|Rock Slide|p1a: Avalugg
|-supereffective|p1a: Avalugg
|-damage|p1a: Avalugg|10/100
|move|p1a: Avalugg|Recover|p1a: Avalugg
|-heal|p1a: Avalugg|60/100
|
|-damage|p2a: Barbaracle|0 fnt|[from] psn
|faint|p2a: Barbaracle
|upkeep
|
|t:|1667916791
|switch|p2a: Accelgor|Accelgor, M|100/100
|turn|11
|
|t:|1667916795
|switch|p1a: Altaria|Altaria, M|75/100
|move|p2a: Accelgor|Bug Buzz|p1a: Altaria
|-resisted|p1a: Altaria
|-damage|p1a: Altaria|61/100
|-enditem|p2a: Accelgor|Throat Spray
|-boost|p2a: Accelgor|spa|1|[from] item: Throat Spray
|
|-heal|p1a: Altaria|67/100|[from] item: Leftovers
|upkeep
|turn|12
|
|t:|1667916799
|move|p2a: Accelgor|Sludge Bomb|p1a: Altaria
|-damage|p1a: Altaria|38/100
|move|p1a: Altaria|Hurricane|p2a: Accelgor
|-supereffective|p2a: Accelgor
|-damage|p2a: Accelgor|14/100
|-start|p2a: Accelgor|confusion
|
|-heal|p1a: Altaria|44/100|[from] item: Leftovers
|upkeep
|turn|13
|
|t:|1667916804
|-activate|p2a: Accelgor|confusion
|-damage|p2a: Accelgor|3/100|[from] confusion
|move|p1a: Altaria|Roost|p1a: Altaria
|-heal|p1a: Altaria|94/100
|-singleturn|p1a: Altaria|move: Roost
|
|-heal|p1a: Altaria|99/100|[from] item: Leftovers
|upkeep
|turn|14
|
|t:|1667916807
|-activate|p2a: Accelgor|confusion
|move|p2a: Accelgor|Sludge Bomb|p1a: Altaria
|-damage|p1a: Altaria|72/100
|move|p1a: Altaria|Hurricane|p2a: Accelgor|[miss]
|-miss|p1a: Altaria|p2a: Accelgor
|
|-heal|p1a: Altaria|78/100|[from] item: Leftovers
|upkeep
|turn|15
|
|t:|1667916812
|-activate|p2a: Accelgor|confusion
|-damage|p2a: Accelgor|0 fnt|[from] confusion
|faint|p2a: Accelgor
|move|p1a: Altaria|Hurricane|p2: Accelgor|[notarget]
|-fail|p1a: Altaria
|
|-heal|p1a: Altaria|85/100|[from] item: Leftovers
|upkeep
|
|t:|1667916823
|switch|p2a: Tyrantrum|Tyrantrum, M, shiny|100/100
|turn|16
|
|t:|1667916827
|move|p2a: Tyrantrum|Head Smash|p1a: Altaria
|-supereffective|p1a: Altaria
|-damage|p1a: Altaria|0 fnt
|faint|p1a: Altaria
|
|upkeep
|
|t:|1667916830
|switch|p1a: Jellicent|Jellicent, M|100/100
|turn|17
|l| PhantomRay77
|
|t:|1667916836
|switch|p2a: Heliolisk|Heliolisk, M|71/100
|move|p1a: Jellicent|Will-O-Wisp|p2a: Heliolisk|[miss]
|-miss|p1a: Jellicent|p2a: Heliolisk
|
|upkeep
|turn|18
|
|t:|1667916840
|switch|p1a: Lickilicky|Lickilicky, F|100/100
|move|p2a: Heliolisk|Thunderbolt|p1a: Lickilicky
|-damage|p1a: Lickilicky|60/100
|-damage|p2a: Heliolisk|61/100|[from] item: Life Orb
|
|-heal|p1a: Lickilicky|66/100|[from] item: Leftovers
|upkeep
|turn|19
|
|t:|1667916844
|move|p2a: Heliolisk|Volt Switch|p1a: Lickilicky
|-damage|p1a: Lickilicky|37/100
|-damage|p2a: Heliolisk|51/100|[from] item: Life Orb
|
|t:|1667916846
|switch|p2a: Steelix|Steelix, M|100/100|[from]move: Volt Switch
|move|p1a: Lickilicky|Wish|p1a: Lickilicky
|
|-heal|p1a: Lickilicky|43/100|[from] item: Leftovers
|upkeep
|turn|20
|
|t:|1667916856
|move|p1a: Lickilicky|Swords Dance|p1a: Lickilicky
|-boost|p1a: Lickilicky|atk|2
|move|p2a: Steelix|Curse|p2a: Steelix
|-unboost|p2a: Steelix|spe|1
|-boost|p2a: Steelix|atk|1
|-boost|p2a: Steelix|def|1
|
|-heal|p1a: Lickilicky|93/100|[from] move: Wish|[wisher] Lickilicky
|-heal|p1a: Lickilicky|99/100|[from] item: Leftovers
|upkeep
|turn|21
|
|t:|1667916860
|move|p1a: Lickilicky|Swords Dance|p1a: Lickilicky
|-boost|p1a: Lickilicky|atk|2
|move|p2a: Steelix|Body Press|p1a: Lickilicky
|-supereffective|p1a: Lickilicky
|-damage|p1a: Lickilicky|33/100
|
|-heal|p1a: Lickilicky|39/100|[from] item: Leftovers
|upkeep
|turn|22
|
|t:|1667916863
|move|p1a: Lickilicky|Earthquake|p2a: Steelix
|-supereffective|p2a: Steelix
|-damage|p2a: Steelix|29/100
|move|p2a: Steelix|Body Press|p1a: Lickilicky
|-supereffective|p1a: Lickilicky
|-damage|p1a: Lickilicky|0 fnt
|faint|p1a: Lickilicky
|
|-heal|p2a: Steelix|36/100|[from] item: Leftovers
|upkeep
|
|t:|1667916868
|switch|p1a: Avalugg|Avalugg, M|60/100
|turn|23
|
|t:|1667916870
|move|p1a: Avalugg|Recover|p1a: Avalugg
|-heal|p1a: Avalugg|100/100
|move|p2a: Steelix|Head Smash|p1a: Avalugg
|-supereffective|p1a: Avalugg
|-damage|p1a: Avalugg|63/100
|
|-heal|p2a: Steelix|42/100|[from] item: Leftovers
|upkeep
|turn|24
|
|t:|1667916874
|move|p1a: Avalugg|Curse|p1a: Avalugg
|-unboost|p1a: Avalugg|spe|1
|-boost|p1a: Avalugg|atk|1
|-boost|p1a: Avalugg|def|1
|move|p2a: Steelix|Toxic|p1a: Avalugg
|-status|p1a: Avalugg|tox
|
|-heal|p2a: Steelix|48/100|[from] item: Leftovers
|-damage|p1a: Avalugg|57/100 tox|[from] psn
|upkeep
|turn|25
|
|t:|1667916877
|move|p1a: Avalugg|Body Press|p2a: Steelix
|-supereffective|p2a: Steelix
|-damage|p2a: Steelix|3/100
|move|p2a: Steelix|Curse|p2a: Steelix
|-unboost|p2a: Steelix|spe|1
|-boost|p2a: Steelix|atk|1
|-boost|p2a: Steelix|def|1
|
|-heal|p2a: Steelix|10/100|[from] item: Leftovers
|-damage|p1a: Avalugg|45/100 tox|[from] psn
|upkeep
|turn|26
|
|t:|1667916880
|move|p1a: Avalugg|Recover|p1a: Avalugg
|-heal|p1a: Avalugg|95/100 tox
|move|p2a: Steelix|Body Press|p1a: Avalugg
|-supereffective|p1a: Avalugg
|-damage|p1a: Avalugg|62/100 tox
|
|-heal|p2a: Steelix|16/100|[from] item: Leftovers
|-damage|p1a: Avalugg|43/100 tox|[from] psn
|upkeep
|turn|27
|
|t:|1667916884
|move|p1a: Avalugg|Body Press|p2a: Steelix
|-supereffective|p2a: Steelix
|-damage|p2a: Steelix|0 fnt
|faint|p2a: Steelix
|
|-damage|p1a: Avalugg|19/100 tox|[from] psn
|upkeep
|
|t:|1667916886
|switch|p2a: Heliolisk|Heliolisk, M|51/100
|turn|28
|c|☆Pinapple321|Gg
|
|t:|1667916889
|move|p2a: Heliolisk|Thunderbolt|p1a: Avalugg
|-damage|p1a: Avalugg|0 fnt
|faint|p1a: Avalugg
|-damage|p2a: Heliolisk|42/100|[from] item: Life Orb
|
|upkeep
|
|t:|1667916890
|switch|p1a: Jellicent|Jellicent, M|100/100
|turn|29
|c|☆BanetteBandit69|gg
|
|t:|1667916897
|move|p2a: Heliolisk|Thunderbolt|p1a: Jellicent
|-supereffective|p1a: Jellicent
|-damage|p1a: Jellicent|23/100
|-damage|p2a: Heliolisk|32/100|[from] item: Life Orb
|move|p1a: Jellicent|Recover|p1a: Jellicent
|-heal|p1a: Jellicent|73/100
|
|-heal|p1a: Jellicent|79/100|[from] item: Leftovers
|upkeep
|turn|30
|
|t:|1667916903
|move|p2a: Heliolisk|Thunderbolt|p1a: Jellicent
|-supereffective|p1a: Jellicent
|-damage|p1a: Jellicent|1/100
|-damage|p2a: Heliolisk|22/100|[from] item: Life Orb
|move|p1a: Jellicent|Recover|p1a: Jellicent
|-heal|p1a: Jellicent|51/100
|
|-heal|p1a: Jellicent|57/100|[from] item: Leftovers
|upkeep
|turn|31
|
|t:|1667916906
|move|p2a: Heliolisk|Thunderbolt|p1a: Jellicent
|-supereffective|p1a: Jellicent
|-damage|p1a: Jellicent|0 fnt
|faint|p1a: Jellicent
|-damage|p2a: Heliolisk|12/100|[from] item: Life Orb
|
|win|BanetteBandit69
|n|☆Pinapple321|pinapple321
|n|☆BanetteBandit69|banettebandit69
|n|*Lady Monita ☽|ladymonita
|n| manu949494|manu949494
