|j|☆SuperTheoryBros
|j|☆comradesquidwar
|t:|1621291988
|gametype|singles
|player|p1|SuperTheoryBros|1|1763
|player|p2|comradesquidwar|janitor|1737
|teamsize|p1|6
|teamsize|p2|6
|gen|8
|tier|[Gen 8] OU
|rated|
|rule|Sleep Clause Mod: Limit one foe put to sleep
|rule|Species Clause: Limit one of each Pokémon
|rule|OHKO Clause: OHKO moves are banned
|rule|Evasion Moves Clause: Evasion moves are banned
|rule|Endless Battle Clause: Forcing endless battles is banned
|rule|HP Percentage Mod: HP is shown in percentages
|rule|Dynamax Clause: You cannot dynamax
|clearpoke
|poke|p1|Pelipper, M|
|poke|p1|Crawdaunt, M|
|poke|p1|Seismitoad, M|
|poke|p1|Dhelmise|
|poke|p1|Blissey, F|
|poke|p1|Skarmory, F|
|poke|p2|Garchomp, M|
|poke|p2|Toxapex, M|
|poke|p2|Dragapult, M|
|poke|p2|Blissey, F|
|poke|p2|Corviknight, M|
|poke|p2|Tornadus-Therian, M|
|teampreview
|inactive|Battle timer is ON: inactive players will automatically lose when time's up. (requested by comradesquidwar)
|inactive|SuperTheoryBros also wants the timer to be on.
|
|t:|1621292003
|start
|switch|p1a: Blissey|Blissey, F|100/100
|switch|p2a: Tornadus|Tornadus-Therian, M, shiny|100/100
|turn|1
|
|t:|1621292005
|move|p2a: Tornadus|Taunt|p1a: Blissey
|-start|p1a: Blissey|move: Taunt
|cant|p1a: Blissey|move: Taunt|Stealth Rock
|
|upkeep
|turn|2
|
|t:|1621292015
|switch|p1a: Pelipper|Pelipper, M|100/100
|-weather|RainDance|[from] ability: Drizzle|[of] p1a: Pelipper
|move|p2a: Tornadus|Nasty Plot|p2a: Tornadus
|-boost|p2a: Tornadus|spa|2
|
|-weather|RainDance|[upkeep]
|upkeep
|turn|3
|
|t:|1621292024
|switch|p1a: Blissey|Blissey, F|100/100
|move|p2a: Tornadus|Air Slash|p1a: Blissey
|-damage|p1a: Blissey|77/100
|
|-weather|RainDance|[upkeep]
|upkeep
|turn|4
|
|t:|1621292034
|move|p2a: Tornadus|Taunt|p1a: Blissey
|-start|p1a: Blissey|move: Taunt
|cant|p1a: Blissey|move: Taunt|Teleport
|
|-weather|RainDance|[upkeep]
|upkeep
|turn|5
|j| SuperNUTZ126
|
|t:|1621292054
|switch|p1a: Seismitoad|Seismitoad, M|100/100
|move|p2a: Tornadus|Focus Blast|p1a: Seismitoad|[miss]
|-miss|p2a: Tornadus|p1a: Seismitoad
|
|-weather|RainDance|[upkeep]
|upkeep
|turn|6
|
|t:|1621292064
|switch|p2a: Blissey|Blissey, F|100/100
|move|p1a: Seismitoad|Liquidation|p2a: Blissey
|-damage|p2a: Blissey|24/100
|-unboost|p2a: Blissey|def|1
|
|-weather|RainDance|[upkeep]
|upkeep
|turn|7
|
|t:|1621292076
|switch|p1a: Dhelmise|Dhelmise|100/100
|switch|p2a: Toxapex|Toxapex, M|100/100
|
|-weather|RainDance|[upkeep]
|upkeep
|turn|8
|
|t:|1621292083
|switch|p2a: Blissey|Blissey, F|24/100
|move|p1a: Dhelmise|Knock Off|p2a: Blissey
|-damage|p2a: Blissey|1/100
|-enditem|p2a: Blissey|Heavy-Duty Boots|[from] move: Knock Off|[of] p1a: Dhelmise
|
|-weather|RainDance|[upkeep]
|upkeep
|turn|9
|j| gpz123
|
|t:|1621292101
|move|p2a: Blissey|Soft-Boiled|p2a: Blissey
|-heal|p2a: Blissey|51/100
|move|p1a: Dhelmise|Knock Off|p2a: Blissey
|-damage|p2a: Blissey|36/100
|
|-weather|none
|upkeep
|turn|10
|l| SuperNUTZ126
|
|t:|1621292125
|switch|p1a: Skarmory|Skarmory, F|100/100
|move|p2a: Blissey|Teleport|p2a: Blissey
|
|t:|1621292126
|switch|p2a: Tornadus|Tornadus-Therian, M, shiny|100/100|[from]move: Teleport
|
|upkeep
|turn|11
|
|t:|1621292138
|switch|p1a: Pelipper|Pelipper, M|100/100
|-weather|RainDance|[from] ability: Drizzle|[of] p1a: Pelipper
|move|p2a: Tornadus|Taunt|p1a: Pelipper
|-start|p1a: Pelipper|move: Taunt
|
|-weather|RainDance|[upkeep]
|upkeep
|turn|12
|
|t:|1621292156
|switch|p2a: Blissey|Blissey, F|36/100
|move|p1a: Pelipper|U-turn|p2a: Blissey
|-damage|p2a: Blissey|29/100
|
|t:|1621292168
|switch|p1a: Crawdaunt|Crawdaunt, M|100/100|[from]move: U-turn
|
|-weather|RainDance|[upkeep]
|upkeep
|turn|13
|
|t:|1621292178
|move|p1a: Crawdaunt|Knock Off|p2a: Blissey
|-damage|p2a: Blissey|0 fnt
|faint|p2a: Blissey
|
|-weather|RainDance|[upkeep]
|upkeep
|
|t:|1621292184
|switch|p2a: Toxapex|Toxapex, M|100/100
|turn|14
|j| Devon
|
|t:|1621292195
|switch|p1a: Dhelmise|Dhelmise|100/100
|move|p2a: Toxapex|Haze|p2a: Toxapex
|-clearallboost
|
|-weather|RainDance|[upkeep]
|upkeep
|turn|15
|
|t:|1621292201
|move|p2a: Toxapex|Toxic Spikes|p1a: Dhelmise
|-sidestart|p1: SuperTheoryBros|move: Toxic Spikes
|move|p1a: Dhelmise|Knock Off|p2a: Toxapex
|-damage|p2a: Toxapex|83/100
|-damage|p1a: Dhelmise|84/100|[from] item: Rocky Helmet|[of] p2a: Toxapex
|-enditem|p2a: Toxapex|Rocky Helmet|[from] move: Knock Off|[of] p1a: Dhelmise
|
|-weather|RainDance|[upkeep]
|upkeep
|turn|16
|
|t:|1621292209
|switch|p2a: Tornadus|Tornadus-Therian, M, shiny|100/100
|move|p1a: Dhelmise|Anchor Shot|p2a: Tornadus
|-damage|p2a: Tornadus|56/100
|-activate|p2a: Tornadus|trapped
|
|-weather|RainDance|[upkeep]
|upkeep
|turn|17
|j| DreamWLKR
|
|t:|1621292234
|switch|p1a: Blissey|Blissey, F|77/100
|move|p2a: Tornadus|Air Slash|p1a: Blissey
|-damage|p1a: Blissey|66/100
|
|-weather|RainDance|[upkeep]
|upkeep
|turn|18
|
|t:|1621292242
|switch|p1a: Crawdaunt|Crawdaunt, M|100/100
|-status|p1a: Crawdaunt|psn
|move|p2a: Tornadus|Taunt|p1a: Crawdaunt
|-start|p1a: Crawdaunt|move: Taunt
|
|-weather|none
|-damage|p1a: Crawdaunt|88/100 psn|[from] psn
|upkeep
|turn|19
|
|t:|1621292249
|switch|p2a: Toxapex|Toxapex, M|100/100
|move|p1a: Crawdaunt|Aqua Jet|p2a: Toxapex
|-resisted|p2a: Toxapex
|-damage|p2a: Toxapex|87/100
|
|-damage|p1a: Crawdaunt|76/100 psn|[from] psn
|upkeep
|turn|20
|
|t:|1621292258
|switch|p1a: Dhelmise|Dhelmise|84/100
|switch|p2a: Tornadus|Tornadus-Therian, M, shiny|89/100
|
|upkeep
|turn|21
|
|t:|1621292266
|switch|p1a: Blissey|Blissey, F|66/100
|move|p2a: Tornadus|Air Slash|p1a: Blissey
|-damage|p1a: Blissey|54/100
|
|upkeep
|turn|22
|
|t:|1621292275
|move|p2a: Tornadus|Air Slash|p1a: Blissey
|-damage|p1a: Blissey|41/100
|cant|p1a: Blissey|flinch
|
|upkeep
|turn|23
|
|t:|1621292284
|switch|p1a: Pelipper|Pelipper, M|100/100
|-weather|RainDance|[from] ability: Drizzle|[of] p1a: Pelipper
|move|p2a: Tornadus|Taunt|p1a: Pelipper
|-start|p1a: Pelipper|move: Taunt
|
|-weather|RainDance|[upkeep]
|upkeep
|turn|24
|
|t:|1621292298
|switch|p2a: Toxapex|Toxapex, M|100/100
|move|p1a: Pelipper|U-turn|p2a: Toxapex
|-resisted|p2a: Toxapex
|-damage|p2a: Toxapex|98/100
|
|t:|1621292302
|switch|p1a: Dhelmise|Dhelmise|84/100|[from]move: U-turn
|
|-weather|RainDance|[upkeep]
|upkeep
|turn|25
|
|t:|1621292309
|switch|p2a: Tornadus|Tornadus-Therian, M, shiny|100/100
|move|p1a: Dhelmise|Rapid Spin|p2a: Tornadus
|-damage|p2a: Tornadus|78/100
|-boost|p1a: Dhelmise|spe|1
|-sideend|p1: SuperTheoryBros|Toxic Spikes|[from] move: Rapid Spin|[of] p1a: Dhelmise
|
|-weather|RainDance|[upkeep]
|upkeep
|turn|26
|l| gpz123
|
|t:|1621292334
|switch|p1a: Seismitoad|Seismitoad, M|100/100
|move|p2a: Tornadus|Air Slash|p1a: Seismitoad
|-damage|p1a: Seismitoad|55/100
|
|-weather|RainDance|[upkeep]
|upkeep
|turn|27
|
|t:|1621292343
|switch|p2a: Corviknight|Corviknight, M, shiny|100/100
|-ability|p2a: Corviknight|Pressure
|move|p1a: Seismitoad|Earthquake|p2a: Corviknight
|-immune|p2a: Corviknight
|
|-weather|RainDance|[upkeep]
|upkeep
|turn|28
|
|t:|1621292361
|switch|p1a: Skarmory|Skarmory, F|100/100
|switch|p2a: Tornadus|Tornadus-Therian, M, shiny|100/100
|
|-weather|RainDance|[upkeep]
|upkeep
|turn|29
|
|t:|1621292369
|switch|p1a: Seismitoad|Seismitoad, M|55/100
|move|p2a: Tornadus|Taunt|p1a: Seismitoad
|-start|p1a: Seismitoad|move: Taunt
|
|-weather|RainDance|[upkeep]
|upkeep
|turn|30
|
|t:|1621292377
|switch|p2a: Corviknight|Corviknight, M, shiny|100/100
|-ability|p2a: Corviknight|Pressure
|move|p1a: Seismitoad|Earthquake|p2a: Corviknight
|-immune|p2a: Corviknight
|
|-weather|none
|upkeep
|turn|31
|
|t:|1621292387
|switch|p1a: Skarmory|Skarmory, F|100/100
|switch|p2a: Tornadus|Tornadus-Therian, M, shiny|100/100
|
|upkeep
|turn|32
|
|t:|1621292395
|switch|p1a: Pelipper|Pelipper, M|100/100
|-weather|RainDance|[from] ability: Drizzle|[of] p1a: Pelipper
|move|p2a: Tornadus|Taunt|p1a: Pelipper
|-start|p1a: Pelipper|move: Taunt
|
|-weather|RainDance|[upkeep]
|upkeep
|turn|33
|
|t:|1621292406
|move|p2a: Tornadus|Air Slash|p1a: Pelipper
|-damage|p1a: Pelipper|49/100
|move|p1a: Pelipper|U-turn|p2a: Tornadus
|-resisted|p2a: Tornadus
|-damage|p2a: Tornadus|95/100
|
|t:|1621292415
|switch|p1a: Seismitoad|Seismitoad, M|55/100|[from]move: U-turn
|
|-weather|RainDance|[upkeep]
|upkeep
|turn|34
|
|t:|1621292424
|switch|p1a: Skarmory|Skarmory, F|100/100
|switch|p2a: Garchomp|Garchomp, M|100/100
|
|-weather|RainDance|[upkeep]
|upkeep
|turn|35
|
|t:|1621292434
|switch|p2a: Dragapult|Dragapult, M|100/100
|move|p1a: Skarmory|Spikes|p2a: Dragapult
|-sidestart|p2: comradesquidwar|Spikes
|
|-weather|RainDance|[upkeep]
|upkeep
|turn|36
|
|t:|1621292447
|move|p2a: Dragapult|Draco Meteor|p1a: Skarmory
|-resisted|p1a: Skarmory
|-damage|p1a: Skarmory|44/100
|-unboost|p2a: Dragapult|spa|2
|move|p1a: Skarmory|Spikes|p2a: Dragapult
|-sidestart|p2: comradesquidwar|Spikes
|
|-weather|RainDance|[upkeep]
|upkeep
|turn|37
|
|t:|1621292458
|switch|p2a: Corviknight|Corviknight, M, shiny|100/100
|-ability|p2a: Corviknight|Pressure
|move|p1a: Skarmory|Roost|p1a: Skarmory
|-heal|p1a: Skarmory|94/100
|-singleturn|p1a: Skarmory|move: Roost
|
|-weather|RainDance|[upkeep]
|upkeep
|turn|38
|
|t:|1621292484
|move|p1a: Skarmory|Iron Defense|p1a: Skarmory
|-boost|p1a: Skarmory|def|2
|move|p2a: Corviknight|Defog|p1a: Skarmory
|-unboost|p1a: Skarmory|evasion|1
|-sideend|p2: comradesquidwar|Spikes|[from] move: Defog|[of] p2a: Corviknight
|
|-weather|RainDance|[upkeep]
|upkeep
|turn|39
|
|t:|1621292490
|move|p1a: Skarmory|Spikes|p2a: Corviknight
|-sidestart|p2: comradesquidwar|Spikes
|move|p2a: Corviknight|Iron Defense|p2a: Corviknight
|-boost|p2a: Corviknight|def|2
|
|-weather|none
|upkeep
|turn|40
|
|t:|1621292507
|switch|p1a: Pelipper|Pelipper, M|49/100
|-weather|RainDance|[from] ability: Drizzle|[of] p1a: Pelipper
|move|p2a: Corviknight|Iron Defense|p2a: Corviknight
|-boost|p2a: Corviknight|def|2
|
|-weather|RainDance|[upkeep]
|upkeep
|turn|41
|
|t:|1621292510
|move|p2a: Corviknight|Body Press|p1a: Pelipper
|-resisted|p1a: Pelipper
|-damage|p1a: Pelipper|8/100
|move|p1a: Pelipper|Scald|p2a: Corviknight
|-damage|p2a: Corviknight|49/100
|
|-weather|RainDance|[upkeep]
|-heal|p2a: Corviknight|56/100|[from] item: Leftovers
|upkeep
|turn|42
|
|t:|1621292526
|switch|p1a: Dhelmise|Dhelmise|84/100
|move|p2a: Corviknight|Body Press|p1a: Dhelmise
|-immune|p1a: Dhelmise
|
|-weather|RainDance|[upkeep]
|-heal|p2a: Corviknight|62/100|[from] item: Leftovers
|upkeep
|turn|43
|
|t:|1621292534
|move|p2a: Corviknight|Roost|p2a: Corviknight
|-heal|p2a: Corviknight|100/100
|-singleturn|p2a: Corviknight|move: Roost
|move|p1a: Dhelmise|Anchor Shot|p2a: Corviknight
|-resisted|p2a: Corviknight
|-damage|p2a: Corviknight|97/100
|-activate|p2a: Corviknight|trapped
|
|-weather|RainDance|[upkeep]
|-heal|p2a: Corviknight|100/100|[from] item: Leftovers
|upkeep
|turn|44
|
|t:|1621292558
|move|p2a: Corviknight|Defog|p1a: Dhelmise
|-unboost|p1a: Dhelmise|evasion|1
|-sideend|p2: comradesquidwar|Spikes|[from] move: Defog|[of] p2a: Corviknight
|move|p1a: Dhelmise|Rapid Spin|p2a: Corviknight
|-resisted|p2a: Corviknight
|-damage|p2a: Corviknight|99/100
|-boost|p1a: Dhelmise|spe|1
|
|-weather|RainDance|[upkeep]
|-heal|p2a: Corviknight|100/100|[from] item: Leftovers
|upkeep
|turn|45
|
|t:|1621292566
|move|p2a: Corviknight|Iron Defense|p2a: Corviknight
|-boost|p2a: Corviknight|def|2
|move|p1a: Dhelmise|Rapid Spin|p2a: Corviknight
|-resisted|p2a: Corviknight
|-damage|p2a: Corviknight|99/100
|-boost|p1a: Dhelmise|spe|1
|
|-weather|RainDance|[upkeep]
|-heal|p2a: Corviknight|100/100|[from] item: Leftovers
|upkeep
|turn|46
|
|t:|1621292569
|move|p2a: Corviknight|Iron Defense|p2a: Corviknight
|-boost|p2a: Corviknight|def|0
|move|p1a: Dhelmise|Rapid Spin|p2a: Corviknight
|-resisted|p2a: Corviknight
|-damage|p2a: Corviknight|99/100
|-boost|p1a: Dhelmise|spe|1
|
|-weather|RainDance|[upkeep]
|-heal|p2a: Corviknight|100/100|[from] item: Leftovers
|upkeep
|turn|47
|
|t:|1621292572
|move|p1a: Dhelmise|Rapid Spin|p2a: Corviknight
|-resisted|p2a: Corviknight
|-damage|p2a: Corviknight|99/100
|-boost|p1a: Dhelmise|spe|1
|move|p2a: Corviknight|Iron Defense|p2a: Corviknight
|-boost|p2a: Corviknight|def|0
|
|-weather|none
|-heal|p2a: Corviknight|100/100|[from] item: Leftovers
|upkeep
|turn|48
|
|t:|1621292576
|move|p1a: Dhelmise|Rapid Spin|p2a: Corviknight
|-resisted|p2a: Corviknight
|-damage|p2a: Corviknight|99/100
|-boost|p1a: Dhelmise|spe|1
|move|p2a: Corviknight|Iron Defense|p2a: Corviknight
|-boost|p2a: Corviknight|def|0
|
|-heal|p2a: Corviknight|100/100|[from] item: Leftovers
|upkeep
|turn|49
|
|t:|1621292582
|move|p1a: Dhelmise|Rapid Spin|p2a: Corviknight
|-resisted|p2a: Corviknight
|-damage|p2a: Corviknight|99/100
|-boost|p1a: Dhelmise|spe|1
|move|p2a: Corviknight|Iron Defense|p2a: Corviknight
|-boost|p2a: Corviknight|def|0
|
|-heal|p2a: Corviknight|100/100|[from] item: Leftovers
|upkeep
|turn|50
|
|t:|1621292587
|move|p1a: Dhelmise|Rapid Spin|p2a: Corviknight
|-resisted|p2a: Corviknight
|-damage|p2a: Corviknight|99/100
|move|p2a: Corviknight|Iron Defense|p2a: Corviknight
|-boost|p2a: Corviknight|def|0
|
|-heal|p2a: Corviknight|100/100|[from] item: Leftovers
|upkeep
|turn|51
|
|t:|1621292591
|move|p1a: Dhelmise|Rapid Spin|p2a: Corviknight
|-resisted|p2a: Corviknight
|-damage|p2a: Corviknight|99/100
|move|p2a: Corviknight|Iron Defense|p2a: Corviknight
|-boost|p2a: Corviknight|def|0
|
|-heal|p2a: Corviknight|100/100|[from] item: Leftovers
|upkeep
|turn|52
|
|t:|1621292594
|move|p1a: Dhelmise|Rapid Spin|p2a: Corviknight
|-resisted|p2a: Corviknight
|-damage|p2a: Corviknight|99/100
|move|p2a: Corviknight|Iron Defense|p2a: Corviknight
|-boost|p2a: Corviknight|def|0
|
|-heal|p2a: Corviknight|100/100|[from] item: Leftovers
|upkeep
|turn|53
|
|t:|1621292596
|move|p1a: Dhelmise|Rapid Spin|p2a: Corviknight
|-resisted|p2a: Corviknight
|-damage|p2a: Corviknight|99/100
|move|p2a: Corviknight|Iron Defense|p2a: Corviknight
|-boost|p2a: Corviknight|def|0
|
|-heal|p2a: Corviknight|100/100|[from] item: Leftovers
|upkeep
|turn|54
|
|t:|1621292598
|move|p1a: Dhelmise|Rapid Spin|p2a: Corviknight
|-resisted|p2a: Corviknight
|-damage|p2a: Corviknight|99/100
|move|p2a: Corviknight|Defog|p1a: Dhelmise
|-unboost|p1a: Dhelmise|evasion|1
|
|-heal|p2a: Corviknight|100/100|[from] item: Leftovers
|upkeep
|turn|55
|
|t:|1621292600
|move|p1a: Dhelmise|Rapid Spin|p2a: Corviknight
|-resisted|p2a: Corviknight
|-damage|p2a: Corviknight|99/100
|move|p2a: Corviknight|Defog|p1a: Dhelmise
|-unboost|p1a: Dhelmise|evasion|1
|
|-heal|p2a: Corviknight|100/100|[from] item: Leftovers
|upkeep
|turn|56
|
|t:|1621292602
|move|p1a: Dhelmise|Rapid Spin|p2a: Corviknight
|-resisted|p2a: Corviknight
|-damage|p2a: Corviknight|99/100
|move|p2a: Corviknight|Defog|p1a: Dhelmise
|-unboost|p1a: Dhelmise|evasion|1
|
|-heal|p2a: Corviknight|100/100|[from] item: Leftovers
|upkeep
|turn|57
|
|t:|1621292604
|move|p1a: Dhelmise|Rapid Spin|p2a: Corviknight
|-resisted|p2a: Corviknight
|-crit|p2a: Corviknight
|-damage|p2a: Corviknight|94/100
|move|p2a: Corviknight|Defog|p1a: Dhelmise
|-unboost|p1a: Dhelmise|evasion|1
|
|-heal|p2a: Corviknight|99/100|[from] item: Leftovers
|upkeep
|turn|58
|
|t:|1621292606
|move|p1a: Dhelmise|Rapid Spin|p2a: Corviknight
|-resisted|p2a: Corviknight
|-damage|p2a: Corviknight|99/100
|move|p2a: Corviknight|Iron Defense|p2a: Corviknight
|-boost|p2a: Corviknight|def|0
|
|-heal|p2a: Corviknight|100/100|[from] item: Leftovers
|upkeep
|turn|59
|
|t:|1621292609
|move|p1a: Dhelmise|Rapid Spin|p2a: Corviknight
|-resisted|p2a: Corviknight
|-damage|p2a: Corviknight|99/100
|move|p2a: Corviknight|Defog|p1a: Dhelmise
|-unboost|p1a: Dhelmise|evasion|1
|
|-heal|p2a: Corviknight|100/100|[from] item: Leftovers
|upkeep
|turn|60
|
|t:|1621292611
|move|p1a: Dhelmise|Rapid Spin|p2a: Corviknight
|-resisted|p2a: Corviknight
|-damage|p2a: Corviknight|99/100
|move|p2a: Corviknight|Iron Defense|p2a: Corviknight
|-boost|p2a: Corviknight|def|0
|
|-heal|p2a: Corviknight|100/100|[from] item: Leftovers
|upkeep
|turn|61
|
|t:|1621292614
|move|p1a: Dhelmise|Rapid Spin|p2a: Corviknight
|-resisted|p2a: Corviknight
|-damage|p2a: Corviknight|99/100
|move|p2a: Corviknight|Defog||[still]
|-unboost|p1a: Dhelmise|evasion|0
|-fail|p2a: Corviknight
|
|-heal|p2a: Corviknight|100/100|[from] item: Leftovers
|upkeep
|turn|62
|
|t:|1621292617
|move|p1a: Dhelmise|Rapid Spin|p2a: Corviknight
|-resisted|p2a: Corviknight
|-damage|p2a: Corviknight|99/100
|move|p2a: Corviknight|Iron Defense|p2a: Corviknight
|-boost|p2a: Corviknight|def|0
|
|-heal|p2a: Corviknight|100/100|[from] item: Leftovers
|upkeep
|turn|63
|
|t:|1621292619
|move|p1a: Dhelmise|Rapid Spin|p2a: Corviknight
|-resisted|p2a: Corviknight
|-damage|p2a: Corviknight|99/100
|move|p2a: Corviknight|Defog||[still]
|-unboost|p1a: Dhelmise|evasion|0
|-fail|p2a: Corviknight
|
|-heal|p2a: Corviknight|100/100|[from] item: Leftovers
|upkeep
|turn|64
|
|t:|1621292621
|move|p1a: Dhelmise|Rapid Spin|p2a: Corviknight
|-resisted|p2a: Corviknight
|-damage|p2a: Corviknight|99/100
|move|p2a: Corviknight|Iron Defense|p2a: Corviknight
|-boost|p2a: Corviknight|def|0
|
|-heal|p2a: Corviknight|100/100|[from] item: Leftovers
|upkeep
|turn|65
|
|t:|1621292623
|move|p1a: Dhelmise|Rapid Spin|p2a: Corviknight
|-resisted|p2a: Corviknight
|-damage|p2a: Corviknight|99/100
|move|p2a: Corviknight|Defog||[still]
|-unboost|p1a: Dhelmise|evasion|0
|-fail|p2a: Corviknight
|
|-heal|p2a: Corviknight|100/100|[from] item: Leftovers
|upkeep
|turn|66
|
|t:|1621292628
|move|p1a: Dhelmise|Rapid Spin|p2a: Corviknight
|-resisted|p2a: Corviknight
|-damage|p2a: Corviknight|99/100
|move|p2a: Corviknight|Defog||[still]
|-unboost|p1a: Dhelmise|evasion|0
|-fail|p2a: Corviknight
|
|-heal|p2a: Corviknight|100/100|[from] item: Leftovers
|upkeep
|turn|67
|
|t:|1621292631
|move|p1a: Dhelmise|Rapid Spin|p2a: Corviknight
|-resisted|p2a: Corviknight
|-damage|p2a: Corviknight|99/100
|move|p2a: Corviknight|Defog||[still]
|-unboost|p1a: Dhelmise|evasion|0
|-fail|p2a: Corviknight
|
|-heal|p2a: Corviknight|100/100|[from] item: Leftovers
|upkeep
|turn|68
|
|t:|1621292633
|move|p1a: Dhelmise|Rapid Spin|p2a: Corviknight
|-resisted|p2a: Corviknight
|-damage|p2a: Corviknight|99/100
|move|p2a: Corviknight|Defog||[still]
|-unboost|p1a: Dhelmise|evasion|0
|-fail|p2a: Corviknight
|
|-heal|p2a: Corviknight|100/100|[from] item: Leftovers
|upkeep
|turn|69
|
|t:|1621292635
|move|p1a: Dhelmise|Rapid Spin|p2a: Corviknight
|-resisted|p2a: Corviknight
|-damage|p2a: Corviknight|99/100
|move|p2a: Corviknight|Body Press|p1a: Dhelmise
|-immune|p1a: Dhelmise
|
|-heal|p2a: Corviknight|100/100|[from] item: Leftovers
|upkeep
|turn|70
|
|t:|1621292638
|move|p1a: Dhelmise|Anchor Shot|p2a: Corviknight
|-resisted|p2a: Corviknight
|-damage|p2a: Corviknight|98/100
|move|p2a: Corviknight|Body Press|p1a: Dhelmise
|-immune|p1a: Dhelmise
|
|-heal|p2a: Corviknight|100/100|[from] item: Leftovers
|upkeep
|turn|71
|
|t:|1621292644
|move|p1a: Dhelmise|Anchor Shot|p2a: Corviknight
|-resisted|p2a: Corviknight
|-damage|p2a: Corviknight|98/100
|move|p2a: Corviknight|Body Press|p1a: Dhelmise
|-immune|p1a: Dhelmise
|
|-heal|p2a: Corviknight|100/100|[from] item: Leftovers
|upkeep
|turn|72
|
|t:|1621292647
|move|p1a: Dhelmise|Rapid Spin|p2a: Corviknight
|-resisted|p2a: Corviknight
|-damage|p2a: Corviknight|99/100
|move|p2a: Corviknight|Body Press|p1a: Dhelmise
|-immune|p1a: Dhelmise
|
|-heal|p2a: Corviknight|100/100|[from] item: Leftovers
|upkeep
|turn|73
|
|t:|1621292649
|move|p1a: Dhelmise|Anchor Shot|p2a: Corviknight
|-resisted|p2a: Corviknight
|-damage|p2a: Corviknight|98/100
|move|p2a: Corviknight|Body Press|p1a: Dhelmise
|-immune|p1a: Dhelmise
|
|-heal|p2a: Corviknight|100/100|[from] item: Leftovers
|upkeep
|turn|74
|
|t:|1621292652
|move|p1a: Dhelmise|Anchor Shot|p2a: Corviknight
|-resisted|p2a: Corviknight
|-damage|p2a: Corviknight|98/100
|move|p2a: Corviknight|Defog||[still]
|-unboost|p1a: Dhelmise|evasion|0
|-fail|p2a: Corviknight
|
|-heal|p2a: Corviknight|100/100|[from] item: Leftovers
|upkeep
|turn|75
|
|t:|1621292654
|move|p1a: Dhelmise|Anchor Shot|p2a: Corviknight
|-resisted|p2a: Corviknight
|-damage|p2a: Corviknight|98/100
|move|p2a: Corviknight|Defog||[still]
|-unboost|p1a: Dhelmise|evasion|0
|-fail|p2a: Corviknight
|
|-heal|p2a: Corviknight|100/100|[from] item: Leftovers
|upkeep
|turn|76
|
|t:|1621292657
|move|p1a: Dhelmise|Rest|p1a: Dhelmise
|-status|p1a: Dhelmise|slp|[from] move: Rest
|-heal|p1a: Dhelmise|100/100 slp|[silent]
|move|p2a: Corviknight|Iron Defense|p2a: Corviknight
|-boost|p2a: Corviknight|def|0
|
|upkeep
|turn|77
|j| NyannersSealNoises
|
|t:|1621292661
|cant|p1a: Dhelmise|slp
|move|p2a: Corviknight|Defog||[still]
|-unboost|p1a: Dhelmise|evasion|0
|-fail|p2a: Corviknight
|
|upkeep
|turn|78
|
|t:|1621292664
|cant|p1a: Dhelmise|slp
|move|p2a: Corviknight|Defog||[still]
|-unboost|p1a: Dhelmise|evasion|0
|-fail|p2a: Corviknight
|
|upkeep
|turn|79
|
|t:|1621292673
|-curestatus|p1a: Dhelmise|slp|[msg]
|move|p1a: Dhelmise|Anchor Shot|p2a: Corviknight
|-resisted|p2a: Corviknight
|-damage|p2a: Corviknight|97/100
|move|p2a: Corviknight|Defog||[still]
|-unboost|p1a: Dhelmise|evasion|0
|-fail|p2a: Corviknight
|
|-heal|p2a: Corviknight|100/100|[from] item: Leftovers
|upkeep
|turn|80
|
|t:|1621292676
|move|p1a: Dhelmise|Rest|p1a: Dhelmise
|-fail|p1a: Dhelmise|heal
|move|p2a: Corviknight|Iron Defense|p2a: Corviknight
|-boost|p2a: Corviknight|def|0
|
|upkeep
|turn|81
|
|t:|1621292679
|move|p1a: Dhelmise|Rest|p1a: Dhelmise
|-fail|p1a: Dhelmise|heal
|move|p2a: Corviknight|Defog||[still]
|-unboost|p1a: Dhelmise|evasion|0
|-fail|p2a: Corviknight
|
|upkeep
|turn|82
|
|t:|1621292684
|move|p1a: Dhelmise|Rest|p1a: Dhelmise
|-fail|p1a: Dhelmise|heal
|move|p2a: Corviknight|Iron Defense|p2a: Corviknight
|-boost|p2a: Corviknight|def|0
|
|upkeep
|turn|83
|
|t:|1621292688
|move|p1a: Dhelmise|Anchor Shot|p2a: Corviknight
|-resisted|p2a: Corviknight
|-crit|p2a: Corviknight
|-damage|p2a: Corviknight|84/100
|move|p2a: Corviknight|Defog||[still]
|-unboost|p1a: Dhelmise|evasion|0
|-fail|p2a: Corviknight
|
|-heal|p2a: Corviknight|90/100|[from] item: Leftovers
|upkeep
|turn|84
|
|t:|1621292692
|move|p1a: Dhelmise|Knock Off|p2a: Corviknight
|-damage|p2a: Corviknight|86/100
|-enditem|p2a: Corviknight|Leftovers|[from] move: Knock Off|[of] p1a: Dhelmise
|move|p2a: Corviknight|Defog||[still]
|-unboost|p1a: Dhelmise|evasion|0
|-fail|p2a: Corviknight
|
|upkeep
|turn|85
|
|t:|1621292697
|move|p1a: Dhelmise|Knock Off|p2a: Corviknight
|-damage|p2a: Corviknight|82/100
|move|p2a: Corviknight|Defog||[still]
|-unboost|p1a: Dhelmise|evasion|0
|-fail|p2a: Corviknight
|
|upkeep
|turn|86
|
|t:|1621292700
|move|p1a: Dhelmise|Knock Off|p2a: Corviknight
|-damage|p2a: Corviknight|79/100
|move|p2a: Corviknight|Iron Defense|p2a: Corviknight
|-boost|p2a: Corviknight|def|0
|
|upkeep
|turn|87
|
|t:|1621292703
|move|p1a: Dhelmise|Knock Off|p2a: Corviknight
|-damage|p2a: Corviknight|76/100
|move|p2a: Corviknight|Defog||[still]
|-unboost|p1a: Dhelmise|evasion|0
|-fail|p2a: Corviknight
|
|upkeep
|turn|88
|
|t:|1621292706
|move|p1a: Dhelmise|Knock Off|p2a: Corviknight
|-damage|p2a: Corviknight|73/100
|move|p2a: Corviknight|Roost|p2a: Corviknight
|-heal|p2a: Corviknight|100/100
|-singleturn|p2a: Corviknight|move: Roost
|
|upkeep
|turn|89
|
|t:|1621292708
|move|p1a: Dhelmise|Anchor Shot|p2a: Corviknight
|-resisted|p2a: Corviknight
|-damage|p2a: Corviknight|98/100
|move|p2a: Corviknight|Iron Defense|p2a: Corviknight
|-boost|p2a: Corviknight|def|0
|
|upkeep
|turn|90
|
|t:|1621292710
|move|p1a: Dhelmise|Anchor Shot|p2a: Corviknight
|-resisted|p2a: Corviknight
|-damage|p2a: Corviknight|95/100
|move|p2a: Corviknight|Iron Defense|p2a: Corviknight
|-boost|p2a: Corviknight|def|0
|
|upkeep
|turn|91
|
|t:|1621292713
|move|p1a: Dhelmise|Knock Off|p2a: Corviknight
|-damage|p2a: Corviknight|92/100
|move|p2a: Corviknight|Body Press|p1a: Dhelmise
|-immune|p1a: Dhelmise
|
|upkeep
|turn|92
|
|t:|1621292716
|move|p1a: Dhelmise|Knock Off|p2a: Corviknight
|-damage|p2a: Corviknight|89/100
|move|p2a: Corviknight|Body Press|p1a: Dhelmise
|-immune|p1a: Dhelmise
|
|upkeep
|turn|93
|
|t:|1621292720
|move|p1a: Dhelmise|Knock Off|p2a: Corviknight
|-damage|p2a: Corviknight|86/100
|move|p2a: Corviknight|Body Press|p1a: Dhelmise
|-immune|p1a: Dhelmise
|
|upkeep
|turn|94
|
|t:|1621292722
|move|p1a: Dhelmise|Knock Off|p2a: Corviknight
|-damage|p2a: Corviknight|83/100
|move|p2a: Corviknight|Body Press|p1a: Dhelmise
|-immune|p1a: Dhelmise
|
|upkeep
|turn|95
|
|t:|1621292728
|move|p1a: Dhelmise|Knock Off|p2a: Corviknight
|-damage|p2a: Corviknight|79/100
|move|p2a: Corviknight|Body Press|p1a: Dhelmise
|-immune|p1a: Dhelmise
|
|upkeep
|turn|96
|
|t:|1621292733
|move|p1a: Dhelmise|Anchor Shot|p2a: Corviknight
|-resisted|p2a: Corviknight
|-damage|p2a: Corviknight|76/100
|move|p2a: Corviknight|Body Press|p1a: Dhelmise
|-immune|p1a: Dhelmise
|
|upkeep
|turn|97
|
|t:|1621292735
|move|p1a: Dhelmise|Rest|p1a: Dhelmise
|-fail|p1a: Dhelmise|heal
|move|p2a: Corviknight|Iron Defense|p2a: Corviknight
|-boost|p2a: Corviknight|def|0
|
|upkeep
|turn|98
|
|t:|1621292740
|move|p1a: Dhelmise|Rest|p1a: Dhelmise
|-fail|p1a: Dhelmise|heal
|move|p2a: Corviknight|Roost|p2a: Corviknight
|-heal|p2a: Corviknight|100/100
|-singleturn|p2a: Corviknight|move: Roost
|
|upkeep
|turn|99
|
|t:|1621292746
|move|p1a: Dhelmise|Rest|p1a: Dhelmise
|-fail|p1a: Dhelmise|heal
|move|p2a: Corviknight|Body Press|p1a: Dhelmise
|-immune|p1a: Dhelmise
|
|upkeep
|turn|100
|
|t:|1621292750
|move|p1a: Dhelmise|Rest|p1a: Dhelmise
|-fail|p1a: Dhelmise|heal
|move|p2a: Corviknight|Iron Defense|p2a: Corviknight
|-boost|p2a: Corviknight|def|0
|
|upkeep
|turn|101
|
|t:|1621292759
|move|p1a: Dhelmise|Rest|p1a: Dhelmise
|-fail|p1a: Dhelmise|heal
|move|p2a: Corviknight|Defog||[still]
|-unboost|p1a: Dhelmise|evasion|0
|-fail|p2a: Corviknight
|
|upkeep
|turn|102
|
|t:|1621292762
|move|p1a: Dhelmise|Rest|p1a: Dhelmise
|-fail|p1a: Dhelmise|heal
|move|p2a: Corviknight|Iron Defense|p2a: Corviknight
|-boost|p2a: Corviknight|def|0
|
|upkeep
|turn|103
|
|t:|1621292768
|move|p1a: Dhelmise|Knock Off|p2a: Corviknight
|-damage|p2a: Corviknight|97/100
|move|p2a: Corviknight|Body Press|p1a: Dhelmise
|-immune|p1a: Dhelmise
|
|upkeep
|turn|104
|
|t:|1621292770
|move|p1a: Dhelmise|Anchor Shot|p2a: Corviknight
|-resisted|p2a: Corviknight
|-damage|p2a: Corviknight|94/100
|move|p2a: Corviknight|Body Press|p1a: Dhelmise
|-immune|p1a: Dhelmise
|
|upkeep
|turn|105
|
|t:|1621292772
|move|p1a: Dhelmise|Rapid Spin|p2a: Corviknight
|-resisted|p2a: Corviknight
|-damage|p2a: Corviknight|93/100
|move|p2a: Corviknight|Roost|p2a: Corviknight
|-heal|p2a: Corviknight|100/100
|-singleturn|p2a: Corviknight|move: Roost
|
|upkeep
|turn|106
|
|t:|1621292776
|move|p1a: Dhelmise|Rest|p1a: Dhelmise
|-fail|p1a: Dhelmise|heal
|move|p2a: Corviknight|Roost||[still]
|-fail|p2a: Corviknight|heal
|
|upkeep
|turn|107
|
|t:|1621292780
|move|p1a: Dhelmise|Rest|p1a: Dhelmise
|-fail|p1a: Dhelmise|heal
|move|p2a: Corviknight|Roost||[still]
|-fail|p2a: Corviknight|heal
|
|upkeep
|turn|108
|
|t:|1621292785
|move|p1a: Dhelmise|Rest|p1a: Dhelmise
|-fail|p1a: Dhelmise|heal
|move|p2a: Corviknight|Roost||[still]
|-fail|p2a: Corviknight|heal
|
|upkeep
|turn|109
|
|t:|1621292787
|move|p1a: Dhelmise|Rapid Spin|p2a: Corviknight
|-resisted|p2a: Corviknight
|-crit|p2a: Corviknight
|-damage|p2a: Corviknight|94/100
|move|p2a: Corviknight|Roost|p2a: Corviknight
|-heal|p2a: Corviknight|100/100
|-singleturn|p2a: Corviknight|move: Roost
|
|upkeep
|turn|110
|
|t:|1621292789
|move|p1a: Dhelmise|Anchor Shot|p2a: Corviknight
|-resisted|p2a: Corviknight
|-damage|p2a: Corviknight|97/100
|move|p2a: Corviknight|Roost|p2a: Corviknight
|-heal|p2a: Corviknight|100/100
|-singleturn|p2a: Corviknight|move: Roost
|
|upkeep
|turn|111
|
|t:|1621292793
|move|p1a: Dhelmise|Knock Off|p2a: Corviknight
|-damage|p2a: Corviknight|97/100
|move|p2a: Corviknight|Roost|p2a: Corviknight
|-heal|p2a: Corviknight|100/100
|-singleturn|p2a: Corviknight|move: Roost
|
|upkeep
|turn|112
|
|t:|1621292796
|move|p1a: Dhelmise|Rapid Spin|p2a: Corviknight
|-resisted|p2a: Corviknight
|-damage|p2a: Corviknight|99/100
|move|p2a: Corviknight|Roost|p2a: Corviknight
|-heal|p2a: Corviknight|100/100
|-singleturn|p2a: Corviknight|move: Roost
|
|upkeep
|turn|113
|
|t:|1621292798
|move|p1a: Dhelmise|Anchor Shot|p2a: Corviknight
|-resisted|p2a: Corviknight
|-damage|p2a: Corviknight|97/100
|move|p2a: Corviknight|Roost|p2a: Corviknight
|-heal|p2a: Corviknight|100/100
|-singleturn|p2a: Corviknight|move: Roost
|
|upkeep
|turn|114
|
|t:|1621292801
|move|p1a: Dhelmise|Knock Off|p2a: Corviknight
|-damage|p2a: Corviknight|97/100
|move|p2a: Corviknight|Roost|p2a: Corviknight
|-heal|p2a: Corviknight|100/100
|-singleturn|p2a: Corviknight|move: Roost
|
|upkeep
|turn|115
|
|t:|1621292807
|move|p1a: Dhelmise|Rest|p1a: Dhelmise
|-fail|p1a: Dhelmise|heal
|move|p2a: Corviknight|Roost||[still]
|-fail|p2a: Corviknight|heal
|
|upkeep
|turn|116
|
|t:|1621292815
|move|p1a: Dhelmise|Rest|p1a: Dhelmise
|-fail|p1a: Dhelmise|heal
|move|p2a: Corviknight|Roost||[still]
|-fail|p2a: Corviknight|heal
|
|upkeep
|turn|117
|j| PaleGreenEyes
|
|t:|1621292829
|move|p1a: Dhelmise|Anchor Shot|p2a: Corviknight
|-resisted|p2a: Corviknight
|-damage|p2a: Corviknight|98/100
|move|p2a: Corviknight|Roost|p2a: Corviknight
|-heal|p2a: Corviknight|100/100
|-singleturn|p2a: Corviknight|move: Roost
|
|upkeep
|turn|118
|
|t:|1621292833
|move|p1a: Dhelmise|Rest|p1a: Dhelmise
|-fail|p1a: Dhelmise|heal
|-activate|p2a: Corviknight|move: Struggle
|move|p2a: Corviknight|Struggle|p1a: Dhelmise
|-damage|p1a: Dhelmise|95/100
|-damage|p2a: Corviknight|75/100|[from] recoil
|
|upkeep
|turn|119
|
|t:|1621292842
|move|p1a: Dhelmise|Knock Off|p2a: Corviknight
|-damage|p2a: Corviknight|72/100
|-activate|p2a: Corviknight|move: Struggle
|move|p2a: Corviknight|Struggle|p1a: Dhelmise
|-damage|p1a: Dhelmise|88/100
|-damage|p2a: Corviknight|47/100|[from] recoil
|
|upkeep
|turn|120
|
|t:|1621292849
|move|p1a: Dhelmise|Rapid Spin|p2a: Corviknight
|-resisted|p2a: Corviknight
|-damage|p2a: Corviknight|46/100
|-activate|p2a: Corviknight|move: Struggle
|move|p2a: Corviknight|Struggle|p1a: Dhelmise
|-damage|p1a: Dhelmise|82/100
|-damage|p2a: Corviknight|21/100|[from] recoil
|
|upkeep
|turn|121
|
|t:|1621292858
|move|p1a: Dhelmise|Anchor Shot|p2a: Corviknight
|-resisted|p2a: Corviknight
|-damage|p2a: Corviknight|18/100
|-activate|p2a: Corviknight|move: Struggle
|move|p2a: Corviknight|Struggle|p1a: Dhelmise
|-damage|p1a: Dhelmise|76/100
|-damage|p2a: Corviknight|0 fnt|[from] recoil
|faint|p2a: Corviknight
|
|upkeep
|
|t:|1621292861
|switch|p2a: Garchomp|Garchomp, M|100/100
|turn|122
|j| Pikablu007
|
|t:|1621292881
|switch|p1a: Pelipper|Pelipper, M|8/100
|-weather|RainDance|[from] ability: Drizzle|[of] p1a: Pelipper
|move|p2a: Garchomp|Stealth Rock|p1a: Pelipper
|-sidestart|p1: SuperTheoryBros|move: Stealth Rock
|
|-weather|RainDance|[upkeep]
|upkeep
|turn|123
|inactive|SuperTheoryBros has 120 seconds left.
|
|t:|1621292905
|move|p2a: Garchomp|Toxic|p1a: Pelipper
|-status|p1a: Pelipper|tox
|move|p1a: Pelipper|U-turn|p2a: Garchomp
|-damage|p2a: Garchomp|94/100
|-damage|p1a: Pelipper|0 fnt|[from] ability: Rough Skin|[of] p2a: Garchomp
|faint|p1a: Pelipper
|
|-weather|RainDance|[upkeep]
|upkeep
|
|t:|1621292917
|switch|p1a: Skarmory|Skarmory, F|94/100
|-damage|p1a: Skarmory|82/100|[from] Stealth Rock
|turn|124
|
|t:|1621292922
|switch|p2a: Tornadus|Tornadus-Therian, M, shiny|100/100
|move|p1a: Skarmory|Spikes|p2a: Tornadus
|-sidestart|p2: comradesquidwar|Spikes
|
|-weather|RainDance|[upkeep]
|upkeep
|turn|125
|l| Pikablu007
|
|t:|1621292942
|move|p2a: Tornadus|Air Slash|p1a: Skarmory
|-resisted|p1a: Skarmory
|-damage|p1a: Skarmory|57/100
|move|p1a: Skarmory|Spikes|p2a: Tornadus
|-sidestart|p2: comradesquidwar|Spikes
|
|-weather|RainDance|[upkeep]
|upkeep
|turn|126
|inactive|SuperTheoryBros has 90 seconds left.
|
|t:|1621292969
|switch|p1a: Dhelmise|Dhelmise|76/100
|move|p2a: Tornadus|Air Slash|p1a: Dhelmise
|-supereffective|p1a: Dhelmise
|-crit|p1a: Dhelmise
|-damage|p1a: Dhelmise|0 fnt
|faint|p1a: Dhelmise
|
|-weather|RainDance|[upkeep]
|upkeep
|
|t:|1621292972
|switch|p1a: Seismitoad|Seismitoad, M|55/100
|-damage|p1a: Seismitoad|49/100|[from] Stealth Rock
|turn|127
|j| kuriox
|inactive|SuperTheoryBros has 90 seconds left.
|
|t:|1621292982
|switch|p2a: Garchomp|Garchomp, M|94/100
|-damage|p2a: Garchomp|77/100|[from] Spikes
|move|p1a: Seismitoad|Liquidation|p2a: Garchomp
|-damage|p2a: Garchomp|11/100
|-damage|p1a: Seismitoad|37/100|[from] ability: Rough Skin|[of] p2a: Garchomp
|
|-weather|RainDance|[upkeep]
|upkeep
|turn|128
|inactive|SuperTheoryBros has 90 seconds left.
|
|t:|1621292998
|move|p1a: Seismitoad|Liquidation|p2a: Garchomp
|-damage|p2a: Garchomp|0 fnt
|-damage|p1a: Seismitoad|25/100|[from] ability: Rough Skin|[of] p2a: Garchomp
|faint|p2a: Garchomp
|
|-weather|RainDance|[upkeep]
|upkeep
|
|t:|1621293001
|switch|p2a: Toxapex|Toxapex, M|100/100
|-damage|p2a: Toxapex|84/100|[from] Spikes
|turn|129
|inactive|SuperTheoryBros has 90 seconds left.
|
|t:|1621293012
|switch|p1a: Blissey|Blissey, F|41/100
|move|p2a: Toxapex|Toxic Spikes|p1a: Blissey
|-sidestart|p1: SuperTheoryBros|move: Toxic Spikes
|
|-weather|none
|upkeep
|turn|130
|inactive|SuperTheoryBros has 90 seconds left.
|
|t:|1621293025
|move|p2a: Toxapex|Knock Off|p1a: Blissey
|-damage|p1a: Blissey|28/100
|-enditem|p1a: Blissey|Heavy-Duty Boots|[from] move: Knock Off|[of] p2a: Toxapex
|move|p1a: Blissey|Soft-Boiled|p1a: Blissey
|-heal|p1a: Blissey|78/100
|
|upkeep
|turn|131
|
|t:|1621293034
|move|p2a: Toxapex|Knock Off|p1a: Blissey
|-damage|p1a: Blissey|68/100
|move|p1a: Blissey|Stealth Rock|p2a: Toxapex
|-sidestart|p2: comradesquidwar|move: Stealth Rock
|
|upkeep
|turn|132
|
|t:|1621293056
|switch|p2a: Tornadus|Tornadus-Therian, M, shiny|100/100
|move|p1a: Blissey|Soft-Boiled|p1a: Blissey
|-heal|p1a: Blissey|100/100
|
|upkeep
|turn|133
|
|t:|1621293065
|move|p2a: Tornadus|Taunt|p1a: Blissey
|-start|p1a: Blissey|move: Taunt
|move|p1a: Blissey|Seismic Toss|p2a: Tornadus
|-damage|p2a: Tornadus|67/100
|
|upkeep
|turn|134
|
|t:|1621293076
|switch|p2a: Toxapex|Toxapex, M|100/100
|-damage|p2a: Toxapex|84/100|[from] Spikes
|-damage|p2a: Toxapex|72/100|[from] Stealth Rock
|switch|p1a: Crawdaunt|Crawdaunt, M|76/100 psn
|-damage|p1a: Crawdaunt|63/100 psn|[from] Stealth Rock
|
|-damage|p1a: Crawdaunt|51/100 psn|[from] psn
|upkeep
|turn|135
|
|t:|1621293086
|move|p1a: Crawdaunt|Knock Off|p2a: Toxapex
|-damage|p2a: Toxapex|27/100
|move|p2a: Toxapex|Recover|p2a: Toxapex
|-heal|p2a: Toxapex|77/100
|
|-damage|p1a: Crawdaunt|38/100 psn|[from] psn
|upkeep
|turn|136
|inactive|SuperTheoryBros has 60 seconds left.
|
|t:|1621293107
|switch|p1a: Skarmory|Skarmory, F|57/100
|-damage|p1a: Skarmory|45/100|[from] Stealth Rock
|move|p2a: Toxapex|Recover|p2a: Toxapex
|-heal|p2a: Toxapex|100/100
|
|upkeep
|turn|137
|
|t:|1621293116
|switch|p2a: Dragapult|Dragapult, M|100/100
|-damage|p2a: Dragapult|88/100|[from] Stealth Rock
|-damage|p2a: Dragapult|72/100|[from] Spikes
|move|p1a: Skarmory|Spikes|p2a: Dragapult
|-sidestart|p2: comradesquidwar|Spikes
|
|upkeep
|turn|138
|
|t:|1621293128
|switch|p2a: Toxapex|Toxapex, M|100/100
|-damage|p2a: Toxapex|88/100|[from] Stealth Rock
|-damage|p2a: Toxapex|63/100|[from] Spikes
|switch|p1a: Blissey|Blissey, F|100/100
|-damage|p1a: Blissey|88/100|[from] Stealth Rock
|-status|p1a: Blissey|psn
|
|-damage|p1a: Blissey|76/100 psn|[from] psn
|upkeep
|turn|139
|
|t:|1621293141
|move|p2a: Toxapex|Recover|p2a: Toxapex
|-heal|p2a: Toxapex|100/100
|move|p1a: Blissey|Teleport|p1a: Blissey
|
|t:|1621293145
|switch|p1a: Seismitoad|Seismitoad, M|25/100|[from]move: Teleport
|-damage|p1a: Seismitoad|19/100|[from] Stealth Rock
|-status|p1a: Seismitoad|psn
|
|-damage|p1a: Seismitoad|6/100 psn|[from] psn
|upkeep
|turn|140
|
|t:|1621293158
|move|p1a: Seismitoad|Earthquake|p2a: Toxapex
|-supereffective|p2a: Toxapex
|-damage|p2a: Toxapex|13/100
|move|p2a: Toxapex|Toxic Spikes|p1a: Seismitoad
|-sidestart|p1: SuperTheoryBros|move: Toxic Spikes
|
|-damage|p1a: Seismitoad|0 fnt|[from] psn
|faint|p1a: Seismitoad
|upkeep
|
|t:|1621293167
|switch|p1a: Crawdaunt|Crawdaunt, M|38/100 psn
|-damage|p1a: Crawdaunt|26/100 psn|[from] Stealth Rock
|turn|141
|inactive|SuperTheoryBros has 30 seconds left.
|
|t:|1621293188
|move|p1a: Crawdaunt|Knock Off|p2a: Toxapex
|-damage|p2a: Toxapex|0 fnt
|faint|p2a: Toxapex
|
|-damage|p1a: Crawdaunt|13/100 psn|[from] psn
|upkeep
|
|t:|1621293198
|switch|p2a: Tornadus|Tornadus-Therian, M, shiny|99/100
|turn|142
|inactive|SuperTheoryBros has 30 seconds left.
|
|t:|1621293215
|switch|p1a: Skarmory|Skarmory, F|45/100
|-damage|p1a: Skarmory|32/100|[from] Stealth Rock
|move|p2a: Tornadus|Air Slash|p1a: Skarmory
|-resisted|p1a: Skarmory
|-damage|p1a: Skarmory|7/100
|
|upkeep
|turn|143
|inactive|SuperTheoryBros has 30 seconds left this turn.
|j| Johtothekid
|
|t:|1621293228
|move|p2a: Tornadus|Taunt|p1a: Skarmory
|-start|p1a: Skarmory|move: Taunt
|move|p1a: Skarmory|Body Press|p2a: Tornadus
|-resisted|p2a: Tornadus
|-damage|p2a: Tornadus|77/100
|
|upkeep
|turn|144
|inactive|SuperTheoryBros has 30 seconds left this turn.
|
|t:|1621293236
|move|p2a: Tornadus|Air Slash|p1a: Skarmory
|-resisted|p1a: Skarmory
|-damage|p1a: Skarmory|0 fnt
|faint|p1a: Skarmory
|
|upkeep
|inactive|SuperTheoryBros has 30 seconds left this turn.
|inactive|SuperTheoryBros has 20 seconds left.
|j| I like ghosts
|
|t:|1621293250
|switch|p1a: Crawdaunt|Crawdaunt, M|13/100 psn
|-damage|p1a: Crawdaunt|1/100 psn|[from] Stealth Rock
|turn|145
|inactive|SuperTheoryBros has 25 seconds left this turn.
|inactive|SuperTheoryBros has 20 seconds left.
|
|t:|1621293257
|move|p1a: Crawdaunt|Aqua Jet|p2a: Tornadus
|-damage|p2a: Tornadus|18/100
|move|p2a: Tornadus|Air Slash|p1a: Crawdaunt
|-damage|p1a: Crawdaunt|0 fnt
|faint|p1a: Crawdaunt
|
|upkeep
|inactive|SuperTheoryBros has 25 seconds left this turn.
|inactive|SuperTheoryBros has 20 seconds left.
|inactive|SuperTheoryBros has 15 seconds left.
|-message|SuperTheoryBros forfeited.
|
|win|comradesquidwar
|inactive|SuperTheoryBros has 20 seconds left this turn.
|raw|SuperTheoryBros's rating: 1763 &rarr; <strong>1742</strong><br />(-21 for losing)
|raw|comradesquidwar's rating: 1737 &rarr; <strong>1758</strong><br />(+21 for winning)
|l|☆SuperTheoryBros
|c|☆comradesquidwar|gg
