|html|<div class="broadcast-blue"><strong>[Gen 8] OU is currently suspecting Melmetal! For information on how to participate check out the <a href="https://www.smogon.com/forums/threads/np-ss-ou-suspect-process-round-12-monster-mash.3709234/">suspect thread</a>.</strong></div>
|j|☆weirdbrothers
|j|☆playeraccount
|t:|1666783940
|gametype|singles
|player|p1|weirdbrothers|lance|1523
|player|p2|playeraccount|265|1545
|teamsize|p1|6
|teamsize|p2|6
|gen|8
|tier|[Gen 8] OU
|rated|
|rule|Sleep Clause Mod: Limit one foe put to sleep
|rule|Species Clause: Limit one of each Pokémon
|rule|OHKO Clause: OHKO moves are banned
|rule|Evasion Items Clause: Evasion items are banned
|rule|Evasion Moves Clause: Evasion moves are banned
|rule|Endless Battle Clause: Forcing endless battles is banned
|rule|HP Percentage Mod: HP is shown in percentages
|rule|Dynamax Clause: You cannot dynamax
|clearpoke
|poke|p1|Slowking-Galar, F|
|poke|p1|Urshifu-*, F|
|poke|p1|Garchomp, F|
|poke|p1|Weavile, M|
|poke|p1|Corviknight, F|
|poke|p1|Rillaboom, F|
|poke|p2|Diancie|
|poke|p2|Slowbro, F|
|poke|p2|Hydreigon, M|
|poke|p2|Kartana|
|poke|p2|Nidoqueen, F|
|poke|p2|Tapu Fini|
|teampreview
|inactive|Battle timer is ON: inactive players will automatically lose when time's up. (requested by playeraccount)
|
|t:|1666783953
|start
|switch|p1a: Urshifu|Urshifu-Rapid-Strike, F|100/100
|switch|p2a: Tapu Fini|Tapu Fini, shiny|100/100
|-fieldstart|move: Misty Terrain|[from] ability: Misty Surge|[of] p2a: Tapu Fini
|turn|1
|
|t:|1666783958
|switch|p1a: Slowking|Slowking-Galar, F|100/100
|move|p2a: Tapu Fini|Moonblast|p1a: Slowking
|-resisted|p1a: Slowking
|-damage|p1a: Slowking|93/100
|
|upkeep
|turn|2
|
|t:|1666783963
|switch|p2a: Slowbro|Slowbro, F, shiny|100/100
|move|p1a: Slowking|Sludge Bomb|p2a: Slowbro
|-damage|p2a: Slowbro|63/100
|
|upkeep
|turn|3
|
|t:|1666783968
|move|p1a: Slowking|Future Sight|p2a: Slowbro
|-start|p1a: Slowking|move: Future Sight
|move|p2a: Slowbro|Future Sight|p1a: Slowking
|-start|p2a: Slowbro|move: Future Sight
|
|upkeep
|turn|4
|
|t:|1666783971
|move|p1a: Slowking|Sludge Bomb|p2a: Slowbro
|-damage|p2a: Slowbro|27/100
|move|p2a: Slowbro|Teleport|p2a: Slowbro
|
|t:|1666783978
|switch|p2a: Hydreigon|Hydreigon, M|100/100|[from]move: Teleport
|
|upkeep
|turn|5
|
|t:|1666783983
|switch|p1a: Corviknight|Corviknight, F|100/100
|-ability|p1a: Corviknight|Pressure
|move|p2a: Hydreigon|Dark Pulse|p1a: Corviknight
|-damage|p1a: Corviknight|70/100
|
|-end|p1a: Corviknight|move: Future Sight
|-resisted|p1a: Corviknight
|-damage|p1a: Corviknight|52/100
|-end|p2a: Hydreigon|move: Future Sight
|-immune|p2a: Hydreigon
|-fieldend|Misty Terrain
|upkeep
|turn|6
|
|t:|1666783987
|move|p2a: Hydreigon|Flamethrower|p1a: Corviknight
|-supereffective|p1a: Corviknight
|-damage|p1a: Corviknight|5/100
|move|p1a: Corviknight|U-turn|p2a: Hydreigon
|-supereffective|p2a: Hydreigon
|-damage|p2a: Hydreigon|75/100
|
|t:|1666783993
|switch|p1a: Weavile|Weavile, M|100/100|[from]move: U-turn
|-ability|p1a: Weavile|Pressure
|
|upkeep
|turn|7
|
|t:|1666783999
|switch|p2a: Diancie|Diancie, shiny|100/100
|move|p1a: Weavile|Knock Off|p2a: Diancie
|-resisted|p2a: Diancie
|-damage|p2a: Diancie|83/100
|-enditem|p2a: Diancie|Leftovers|[from] move: Knock Off|[of] p1a: Weavile
|
|upkeep
|turn|8
|
|t:|1666784005
|switch|p1a: Garchomp|Garchomp, F|100/100
|move|p2a: Diancie|Stealth Rock|p1a: Garchomp
|-sidestart|p1: weirdbrothers|move: Stealth Rock
|
|upkeep
|turn|9
|
|t:|1666784010
|switch|p2a: Tapu Fini|Tapu Fini, shiny|100/100
|-fieldstart|move: Misty Terrain|[from] ability: Misty Surge|[of] p2a: Tapu Fini
|move|p1a: Garchomp|Stealth Rock|p2a: Tapu Fini
|-sidestart|p2: playeraccount|move: Stealth Rock
|
|upkeep
|turn|10
|
|t:|1666784015
|switch|p1a: Slowking|Slowking-Galar, F|100/100
|-damage|p1a: Slowking|88/100|[from] Stealth Rock
|move|p2a: Tapu Fini|Ice Beam|p1a: Slowking
|-damage|p1a: Slowking|78/100
|
|upkeep
|turn|11
|
|t:|1666784021
|switch|p2a: Slowbro|Slowbro, F, shiny|60/100
|-damage|p2a: Slowbro|47/100|[from] Stealth Rock
|move|p1a: Slowking|Flamethrower|p2a: Slowbro
|-resisted|p2a: Slowbro
|-damage|p2a: Slowbro|35/100
|
|upkeep
|turn|12
|
|t:|1666784025
|switch|p2a: Hydreigon|Hydreigon, M|75/100
|-damage|p2a: Hydreigon|63/100|[from] Stealth Rock
|move|p1a: Slowking|Sludge Bomb|p2a: Hydreigon
|-damage|p2a: Hydreigon|38/100
|
|upkeep
|turn|13
|
|t:|1666784032
|move|p2a: Hydreigon|Roost|p2a: Hydreigon
|-heal|p2a: Hydreigon|88/100
|-singleturn|p2a: Hydreigon|move: Roost
|move|p1a: Slowking|Sludge Bomb|p2a: Hydreigon
|-damage|p2a: Hydreigon|64/100
|
|-fieldend|Misty Terrain
|upkeep
|turn|14
|
|t:|1666784038
|move|p2a: Hydreigon|Dark Pulse|p1a: Slowking
|-supereffective|p1a: Slowking
|-damage|p1a: Slowking|50/100
|move|p1a: Slowking|Sludge Bomb|p2a: Hydreigon
|-damage|p2a: Hydreigon|37/100
|-status|p2a: Hydreigon|psn
|
|-damage|p2a: Hydreigon|25/100 psn|[from] psn
|upkeep
|-enditem|p2a: Hydreigon|Aguav Berry|[eat]
|-heal|p2a: Hydreigon|58/100 psn|[from] item: Aguav Berry
|turn|15
|
|t:|1666784048
|move|p2a: Hydreigon|Roost|p2a: Hydreigon
|-heal|p2a: Hydreigon|100/100 psn
|-singleturn|p2a: Hydreigon|move: Roost
|move|p1a: Slowking|Sludge Bomb|p2a: Hydreigon
|-damage|p2a: Hydreigon|75/100 psn
|
|-damage|p2a: Hydreigon|63/100 psn|[from] psn
|upkeep
|turn|16
|
|t:|1666784055
|switch|p2a: Kartana|Kartana, shiny|100/100
|-damage|p2a: Kartana|94/100|[from] Stealth Rock
|switch|p1a: Weavile|Weavile, M|100/100
|-ability|p1a: Weavile|Pressure
|
|upkeep
|turn|17
|
|t:|1666784059
|switch|p1a: Garchomp|Garchomp, F|100/100
|-damage|p1a: Garchomp|94/100|[from] Stealth Rock
|move|p2a: Kartana|Sacred Sword|p1a: Garchomp
|-damage|p1a: Garchomp|39/100
|-damage|p2a: Kartana|82/100|[from] ability: Rough Skin|[of] p1a: Garchomp
|
|-heal|p1a: Garchomp|45/100|[from] item: Leftovers
|upkeep
|turn|18
|
|t:|1666784064
|move|p2a: Kartana|Sacred Sword|p1a: Garchomp
|-damage|p1a: Garchomp|0 fnt
|-damage|p2a: Kartana|70/100|[from] ability: Rough Skin|[of] p1a: Garchomp
|faint|p1a: Garchomp
|-ability|p2a: Kartana|Beast Boost|boost
|-boost|p2a: Kartana|atk|1
|
|upkeep
|
|t:|1666784071
|switch|p1a: Urshifu|Urshifu-Rapid-Strike, F|100/100
|-damage|p1a: Urshifu|94/100|[from] Stealth Rock
|turn|19
|
|t:|1666784077
|switch|p2a: Slowbro|Slowbro, F, shiny|68/100
|-damage|p2a: Slowbro|55/100|[from] Stealth Rock
|move|p1a: Urshifu|Close Combat|p2a: Slowbro
|-resisted|p2a: Slowbro
|-damage|p2a: Slowbro|28/100
|-unboost|p1a: Urshifu|def|1
|-unboost|p1a: Urshifu|spd|1
|-damage|p1a: Urshifu|78/100|[from] item: Rocky Helmet|[of] p2a: Slowbro
|
|upkeep
|turn|20
|
|t:|1666784083
|switch|p2a: Tapu Fini|Tapu Fini, shiny|100/100
|-damage|p2a: Tapu Fini|88/100|[from] Stealth Rock
|-fieldstart|move: Misty Terrain|[from] ability: Misty Surge|[of] p2a: Tapu Fini
|move|p1a: Urshifu|Close Combat|p2a: Tapu Fini
|-resisted|p2a: Tapu Fini
|-damage|p2a: Tapu Fini|43/100
|-unboost|p1a: Urshifu|def|1
|-unboost|p1a: Urshifu|spd|1
|
|upkeep
|turn|21
|
|t:|1666784090
|switch|p1a: Slowking|Slowking-Galar, F|83/100
|-damage|p1a: Slowking|71/100|[from] Stealth Rock
|move|p2a: Tapu Fini|Moonblast|p1a: Slowking
|-resisted|p1a: Slowking
|-damage|p1a: Slowking|62/100
|
|upkeep
|turn|22
|
|t:|1666784096
|switch|p2a: Hydreigon|Hydreigon, M|63/100 psn
|-damage|p2a: Hydreigon|50/100 psn|[from] Stealth Rock
|switch|p1a: Weavile|Weavile, M|100/100
|-ability|p1a: Weavile|Pressure
|
|-damage|p2a: Hydreigon|38/100 psn|[from] psn
|upkeep
|turn|23
|
|t:|1666784102
|move|p1a: Weavile|Triple Axel|p2a: Hydreigon
|-supereffective|p2a: Hydreigon
|-damage|p2a: Hydreigon|20/100 psn
|-supereffective|p2a: Hydreigon
|-damage|p2a: Hydreigon|0 fnt
|faint|p2a: Hydreigon
|-hitcount|p2: Hydreigon|2
|
|upkeep
|
|t:|1666784106
|switch|p2a: Tapu Fini|Tapu Fini, shiny|43/100
|-damage|p2a: Tapu Fini|30/100|[from] Stealth Rock
|turn|24
|
|t:|1666784112
|switch|p1a: Corviknight|Corviknight, F|5/100
|-damage|p1a: Corviknight|0 fnt|[from] Stealth Rock
|faint|p1a: Corviknight
|move|p2a: Tapu Fini|Moonblast|p1: Corviknight|[notarget]
|-fail|p2a: Tapu Fini
|
|-fieldend|Misty Terrain
|upkeep
|
|t:|1666784114
|switch|p1a: Rillaboom|Rillaboom, F|100/100
|-damage|p1a: Rillaboom|88/100|[from] Stealth Rock
|-fieldstart|move: Grassy Terrain|[from] ability: Grassy Surge|[of] p1a: Rillaboom
|turn|25
|
|t:|1666784122
|switch|p2a: Diancie|Diancie, shiny|83/100
|-damage|p2a: Diancie|70/100|[from] Stealth Rock
|move|p1a: Rillaboom|Grassy Glide|p2a: Diancie
|-supereffective|p2a: Diancie
|-damage|p2a: Diancie|0 fnt
|faint|p2a: Diancie
|
|-heal|p1a: Rillaboom|94/100|[from] Grassy Terrain
|-heal|p1a: Rillaboom|99/100|[from] item: Leftovers
|upkeep
|
|t:|1666784124
|switch|p2a: Tapu Fini|Tapu Fini, shiny|30/100
|-damage|p2a: Tapu Fini|18/100|[from] Stealth Rock
|-fieldstart|move: Misty Terrain|[from] ability: Misty Surge|[of] p2a: Tapu Fini
|turn|26
|
|t:|1666784135
|switch|p2a: Slowbro|Slowbro, F, shiny|61/100
|-damage|p2a: Slowbro|48/100|[from] Stealth Rock
|move|p1a: Rillaboom|Grassy Glide|p2a: Slowbro
|-supereffective|p2a: Slowbro
|-damage|p2a: Slowbro|4/100
|-damage|p1a: Rillaboom|84/100|[from] item: Rocky Helmet|[of] p2a: Slowbro
|
|-heal|p1a: Rillaboom|90/100|[from] item: Leftovers
|upkeep
|turn|27
|
|t:|1666784142
|move|p1a: Rillaboom|Grassy Glide|p2a: Slowbro
|-supereffective|p2a: Slowbro
|-damage|p2a: Slowbro|0 fnt
|-damage|p1a: Rillaboom|73/100|[from] item: Rocky Helmet|[of] p2a: Slowbro
|faint|p2a: Slowbro
|
|-heal|p1a: Rillaboom|79/100|[from] item: Leftovers
|upkeep
|
|t:|1666784146
|switch|p2a: Nidoqueen|Nidoqueen, F, shiny|100/100
|-damage|p2a: Nidoqueen|94/100|[from] Stealth Rock
|turn|28
|
|t:|1666784152
|switch|p1a: Slowking|Slowking-Galar, F|96/100
|-damage|p1a: Slowking|83/100|[from] Stealth Rock
|move|p2a: Nidoqueen|Sludge Wave|p1a: Slowking
|-resisted|p1a: Slowking
|-damage|p1a: Slowking|72/100
|
|upkeep
|turn|29
|
|t:|1666784155
|move|p2a: Nidoqueen|Earth Power|p1a: Slowking
|-supereffective|p1a: Slowking
|-damage|p1a: Slowking|25/100
|move|p1a: Slowking|Future Sight|p2a: Nidoqueen
|-start|p1a: Slowking|move: Future Sight
|
|upkeep
|turn|30
|
|t:|1666784165
|move|p2a: Nidoqueen|Sludge Wave|p1a: Slowking
|-resisted|p1a: Slowking
|-damage|p1a: Slowking|12/100
|move|p1a: Slowking|Flamethrower|p2a: Nidoqueen
|-damage|p2a: Nidoqueen|64/100
|
|-fieldend|Misty Terrain
|upkeep
|turn|31
|
|t:|1666784173
|move|p2a: Nidoqueen|Sludge Wave|p1a: Slowking
|-resisted|p1a: Slowking
|-damage|p1a: Slowking|0 fnt
|faint|p1a: Slowking
|
|-end|p2a: Nidoqueen|move: Future Sight
|-supereffective|p2a: Nidoqueen
|-damage|p2a: Nidoqueen|0 fnt
|faint|p2a: Nidoqueen
|upkeep
|
|t:|1666784181
|switch|p2a: Kartana|Kartana, shiny|70/100
|switch|p1a: Rillaboom|Rillaboom, F|79/100
|-damage|p2a: Kartana|63/100|[from] Stealth Rock
|-damage|p1a: Rillaboom|67/100|[from] Stealth Rock
|-fieldstart|move: Grassy Terrain|[from] ability: Grassy Surge|[of] p1a: Rillaboom
|turn|32
|
|t:|1666784186
|move|p2a: Kartana|Smart Strike|p1a: Rillaboom
|-damage|p1a: Rillaboom|2/100
|move|p1a: Rillaboom|Drain Punch|p2a: Kartana
|-supereffective|p2a: Kartana
|-damage|p2a: Kartana|9/100
|-heal|p1a: Rillaboom|20/100|[from] drain|[of] p2a: Kartana
|
|-heal|p2a: Kartana|16/100|[from] Grassy Terrain
|-heal|p1a: Rillaboom|26/100|[from] Grassy Terrain
|-heal|p1a: Rillaboom|32/100|[from] item: Leftovers
|upkeep
|turn|33
|
|t:|1666784197
|move|p2a: Kartana|Smart Strike|p1a: Rillaboom
|-damage|p1a: Rillaboom|0 fnt
|faint|p1a: Rillaboom
|-ability|p2a: Kartana|Beast Boost|boost
|-boost|p2a: Kartana|atk|1
|
|-heal|p2a: Kartana|22/100|[from] Grassy Terrain
|upkeep
|
|t:|1666784202
|switch|p1a: Urshifu|Urshifu-Rapid-Strike, F|78/100
|-damage|p1a: Urshifu|72/100|[from] Stealth Rock
|turn|34
|
|t:|1666784207
|move|p2a: Kartana|Smart Strike|p1a: Urshifu
|-resisted|p1a: Urshifu
|-damage|p1a: Urshifu|16/100
|move|p1a: Urshifu|Close Combat|p2a: Kartana
|-supereffective|p2a: Kartana
|-crit|p2a: Kartana
|-damage|p2a: Kartana|0 fnt
|-unboost|p1a: Urshifu|def|1
|-unboost|p1a: Urshifu|spd|1
|faint|p2a: Kartana
|
|-heal|p1a: Urshifu|22/100|[from] Grassy Terrain
|upkeep
|
|t:|1666784211
|switch|p2a: Tapu Fini|Tapu Fini, shiny|18/100
|-damage|p2a: Tapu Fini|6/100|[from] Stealth Rock
|-fieldstart|move: Misty Terrain|[from] ability: Misty Surge|[of] p2a: Tapu Fini
|turn|35
|c|☆playeraccount|gg
|c|☆weirdbrothers|gg
|
|t:|1666784221
|move|p2a: Tapu Fini|Moonblast|p1a: Urshifu
|-supereffective|p1a: Urshifu
|-damage|p1a: Urshifu|0 fnt
|faint|p1a: Urshifu
|
|upkeep
|c|☆playeraccount|ice shard?
|
|t:|1666784224
|switch|p1a: Weavile|Weavile, M|100/100
|-ability|p1a: Weavile|Pressure
|turn|36
|c|☆weirdbrothers|yep
|
|t:|1666784231
|move|p1a: Weavile|Ice Shard|p2a: Tapu Fini
|-resisted|p2a: Tapu Fini
|-damage|p2a: Tapu Fini|0 fnt
|faint|p2a: Tapu Fini
|
|win|weirdbrothers
|raw|weirdbrothers's rating: 1523 &rarr; <strong>1544</strong><br />(+21 for winning)
|raw|playeraccount's rating: 1545 &rarr; <strong>1524</strong><br />(-21 for losing)
|l|☆playeraccount
||Ladder isn't responding, score probably updated but might not have (Request timeout).
