|j|☆Clemeeeeeeet
|j|☆GGeorgie
|t:|1667697467
|gametype|singles
|player|p1|Clemeeeeeeet|pokemaniac|1409
|player|p2|GGeorgie|hiker-gen2|1505
|teamsize|p1|6
|teamsize|p2|6
|gen|8
|tier|[Gen 8] OU
|rated|
|rule|Sleep Clause Mod: Limit one foe put to sleep
|rule|Species Clause: Limit one of each Pokémon
|rule|OHKO Clause: OHKO moves are banned
|rule|Evasion Items Clause: Evasion items are banned
|rule|Evasion Moves Clause: Evasion moves are banned
|rule|Endless Battle Clause: Forcing endless battles is banned
|rule|HP Percentage Mod: HP is shown in percentages
|rule|Dynamax Clause: You cannot dynamax
|clearpoke
|poke|p1|Doublade, F|
|poke|p1|Rillaboom, F|
|poke|p1|Nidoking, M|
|poke|p1|Volcanion|
|poke|p1|Weavile, M|
|poke|p1|Accelgor, M|
|poke|p2|Excadrill, F|
|poke|p2|Tyranitar, F|
|poke|p2|Landorus-Therian, M|
|poke|p2|Moltres|
|poke|p2|Scizor, M|
|poke|p2|Amoonguss, F|
|teampreview
|inactive|Battle timer is ON: inactive players will automatically lose when time's up. (requested by GGeorgie)
|j| d18l
|j| Melmetaltime
|c| Melmetaltime|Accelgor is probably a lead tbh
|c| Melmetaltime|most accelgors are
|inactive|Clemeeeeeeet has 120 seconds left.
|
|t:|1667697511
|start
|switch|p1a: Accelgor|Accelgor, M|100/100
|switch|p2a: Scizor|Scizor, M|100/100
|turn|1
|j| SKIP THE DRIP
|c| Melmetaltime|yep
|
|t:|1667697516
|move|p2a: Scizor|Bullet Punch|p1a: Accelgor
|-damage|p1a: Accelgor|17/100
|-damage|p2a: Scizor|91/100|[from] item: Life Orb
|move|p1a: Accelgor|Spikes|p2a: Scizor
|-sidestart|p2: GGeorgie|Spikes
|
|upkeep
|turn|2
|c| SKIP THE DRIP|baby girl
|c| SKIP THE DRIP|wtas yo name
|
|t:|1667697523
|move|p2a: Scizor|Bullet Punch|p1a: Accelgor
|-damage|p1a: Accelgor|0 fnt
|faint|p1a: Accelgor
|-damage|p2a: Scizor|81/100|[from] item: Life Orb
|
|upkeep
|c| SKIP THE DRIP|how are u 1500
|c| SKIP THE DRIP|still
|
|t:|1667697536
|switch|p1a: Volcanion|Volcanion|100/100
|turn|3
|
|t:|1667697539
|switch|p2a: Tyranitar|Tyranitar, F|100/100
|-damage|p2a: Tyranitar|88/100|[from] Spikes
|-weather|Sandstorm|[from] ability: Sand Stream|[of] p2a: Tyranitar
|move|p1a: Volcanion|Steam Eruption|p2a: Tyranitar|[miss]
|-miss|p1a: Volcanion|p2a: Tyranitar
|
|-weather|Sandstorm|[upkeep]
|-damage|p1a: Volcanion|95/100|[from] Sandstorm
|upkeep
|turn|4
|
|t:|1667697547
|move|p1a: Volcanion|Steam Eruption|p2a: Tyranitar
|-supereffective|p2a: Tyranitar
|-damage|p2a: Tyranitar|0 fnt
|faint|p2a: Tyranitar
|
|-weather|Sandstorm|[upkeep]
|-damage|p1a: Volcanion|89/100|[from] Sandstorm
|upkeep
|c| Melmetaltime|DANG CLOSE CALL
|c| d18l|,
|
|t:|1667697551
|switch|p2a: Excadrill|Excadrill, F|100/100
|-damage|p2a: Excadrill|88/100|[from] Spikes
|turn|5
|c| Melmetaltime|still dead
|
|t:|1667697560
|switch|p1a: Rillaboom|Rillaboom, F|100/100
|-fieldstart|move: Grassy Terrain|[from] ability: Grassy Surge|[of] p1a: Rillaboom
|move|p2a: Excadrill|Iron Head|p1a: Rillaboom
|-damage|p1a: Rillaboom|14/100
|-damage|p2a: Excadrill|78/100|[from] item: Life Orb
|
|-weather|Sandstorm|[upkeep]
|-damage|p1a: Rillaboom|8/100|[from] Sandstorm
|-heal|p2a: Excadrill|84/100|[from] Grassy Terrain
|-heal|p1a: Rillaboom|14/100|[from] Grassy Terrain
|upkeep
|turn|6
|
|t:|1667697565
|switch|p2a: Amoonguss|Amoonguss, F|100/100
|-damage|p2a: Amoonguss|88/100|[from] Spikes
|move|p1a: Rillaboom|Grassy Glide|p2a: Amoonguss
|-resisted|p2a: Amoonguss
|-damage|p2a: Amoonguss|73/100
|-damage|p1a: Rillaboom|0 fnt|[from] item: Rocky Helmet|[of] p2a: Amoonguss
|faint|p1a: Rillaboom
|
|-weather|Sandstorm|[upkeep]
|-damage|p2a: Amoonguss|67/100|[from] Sandstorm
|-heal|p2a: Amoonguss|73/100|[from] Grassy Terrain
|upkeep
|
|t:|1667697577
|switch|p1a: Nidoking|Nidoking, M|100/100
|turn|7
|c| Melmetaltime|ice beam
|
|t:|1667697600
|move|p2a: Amoonguss|Protect|p2a: Amoonguss
|-singleturn|p2a: Amoonguss|Protect
|move|p1a: Nidoking|Flamethrower|p2a: Amoonguss
|-activate|p2a: Amoonguss|move: Protect
|
|-weather|none
|-heal|p2a: Amoonguss|79/100|[from] Grassy Terrain
|upkeep
|turn|8
|c| Melmetaltime|he can predict you though
|c| Melmetaltime|wait flame okay
|
|t:|1667697623
|move|p1a: Nidoking|Ice Beam|p2a: Amoonguss
|-supereffective|p2a: Amoonguss
|-crit|p2a: Amoonguss
|-damage|p2a: Amoonguss|0 fnt
|faint|p2a: Amoonguss
|
|upkeep
|c| Melmetaltime|okay
|
|t:|1667697634
|switch|p2a: Moltres|Moltres|100/100
|-ability|p2a: Moltres|Pressure
|turn|9
|
|t:|1667697641
|switch|p1a: Volcanion|Volcanion|89/100
|move|p2a: Moltres|Hurricane|p1a: Volcanion
|-damage|p1a: Volcanion|15/100
|
|-heal|p1a: Volcanion|21/100|[from] Grassy Terrain
|-fieldend|move: Grassy Terrain
|upkeep
|turn|10
|
|t:|1667697648
|move|p2a: Moltres|Hurricane|p1a: Volcanion
|-damage|p1a: Volcanion|0 fnt
|faint|p1a: Volcanion
|
|upkeep
|
|t:|1667697661
|switch|p1a: Doublade|Doublade, F|100/100
|turn|11
|
|t:|1667697666
|move|p2a: Moltres|Substitute|p2a: Moltres
|-start|p2a: Moltres|Substitute
|-damage|p2a: Moltres|76/100
|move|p1a: Doublade|Swords Dance|p1a: Doublade
|-boost|p1a: Doublade|atk|2
|
|upkeep
|turn|12
|
|t:|1667697669
|move|p1a: Doublade|Shadow Sneak|p2a: Moltres
|-end|p2a: Moltres|Substitute
|move|p2a: Moltres|Flamethrower|p1a: Doublade
|-supereffective|p1a: Doublade
|-damage|p1a: Doublade|0 fnt
|faint|p1a: Doublade
|
|upkeep
|c| Melmetaltime|just heat wave it
|
|t:|1667697676
|switch|p1a: Weavile|Weavile, M|100/100
|-ability|p1a: Weavile|Pressure
|turn|13
|
|t:|1667697679
|move|p1a: Weavile|Triple Axel|p2a: Moltres
|-damage|p2a: Moltres|65/100
|-damage|p2a: Moltres|42/100
|-damage|p2a: Moltres|5/100
|-hitcount|p2a: Moltres|3
|move|p2a: Moltres|Flamethrower|p1a: Weavile
|-supereffective|p1a: Weavile
|-damage|p1a: Weavile|0 fnt
|faint|p1a: Weavile
|
|upkeep
|
|t:|1667697686
|switch|p1a: Nidoking|Nidoking, M|100/100
|turn|14
|
|t:|1667697689
|move|p2a: Moltres|Flamethrower|p1a: Nidoking
|-damage|p1a: Nidoking|36/100
|move|p1a: Nidoking|Ice Beam|p2a: Moltres
|-damage|p2a: Moltres|0 fnt
|faint|p2a: Moltres
|
|upkeep
|
|t:|1667697692
|switch|p2a: Scizor|Scizor, M|81/100
|-damage|p2a: Scizor|68/100|[from] Spikes
|turn|15
|
|t:|1667697694
|move|p2a: Scizor|Bullet Punch|p1a: Nidoking
|-damage|p1a: Nidoking|0 fnt
|faint|p1a: Nidoking
|-damage|p2a: Scizor|58/100|[from] item: Life Orb
|
|win|GGeorgie
|raw|Clemeeeeeeet's rating: 1409 &rarr; <strong>1394</strong><br />(-15 for losing)
|raw|GGeorgie's rating: 1505 &rarr; <strong>1520</strong><br />(+15 for winning)
|c| Melmetaltime|FINISH HI<
|c| Melmetaltime|HIM
|c|☆GGeorgie|gg
|l|☆Clemeeeeeeet
