|raw|<div class="broadcast-blue"><strong>This battle is required to be public due to a player having a name prefixed by 'LT72MS'.</div>
|j|☆Lenape
|j|☆LT72MS Lio
|t:|1597427891
|player|p1|Lenape|2|1896
|player|p2|LT72MS Lio|266|1789
|teamsize|p1|6
|teamsize|p2|6
|gametype|singles
|gen|8
|tier|[Gen 8] OU
|rated|
|clearpoke
|poke|p1|Rotom-Heat|
|poke|p1|Corviknight, M|
|poke|p1|Sylveon, M|
|poke|p1|Rhyperior, M|
|poke|p1|Toxapex, M|
|poke|p1|Umbreon, F|
|poke|p2|Crawdaunt, F|
|poke|p2|Zeraora|
|poke|p2|Dragapult, M|
|poke|p2|Clefable, M|
|poke|p2|Tangrowth, F|
|poke|p2|Excadrill, M|
|rule|Sleep Clause Mod: Limit one foe put to sleep
|rule|Species Clause: Limit one of each Pokémon
|rule|OHKO Clause: OHKO moves are banned
|rule|Evasion Moves Clause: Evasion moves are banned
|rule|Endless Battle Clause: Forcing endless battles is banned
|rule|HP Percentage Mod: HP is shown in percentages
|rule|Dynamax Clause: You cannot dynamax
|teampreview
|j| LT72MS Ayk
|inactive|Battle timer is ON: inactive players will automatically lose when time's up. (requested by Lenape)
|j|@Alpha@!
|j| Profdesinnoh
|
|t:|1597427907
|start
|switch|p1a: Toxapex|Toxapex, M|100/100
|switch|p2a: Tangrowth|Tangrowth, F|100/100
|turn|1
|j| viash 。 ͜つ °
|
|t:|1597427909
|move|p2a: Tangrowth|Sleep Powder|p1a: Toxapex
|-status|p1a: Toxapex|slp|[from] move: Sleep Powder
|cant|p1a: Toxapex|slp
|
|upkeep
|turn|2
|
|t:|1597427913
|switch|p2a: Crawdaunt|Crawdaunt, F|100/100
|switch|p1a: Umbreon|Umbreon, F|100/100
|
|upkeep
|turn|3
|j| CreditKarma
|
|t:|1597427921
|switch|p2a: Clefable|Clefable, M|100/100
|move|p1a: Umbreon|Foul Play|p2a: Clefable
|-resisted|p2a: Clefable
|-damage|p2a: Clefable|93/100
|
|-heal|p2a: Clefable|99/100|[from] item: Leftovers
|upkeep
|turn|4
|
|t:|1597427925
|move|p1a: Umbreon|Heal Bell|p1a: Umbreon
|-activate|p1a: Umbreon|move: Heal Bell
|-curestatus|p1: Toxapex|slp|[msg]
|move|p2a: Clefable|Moonblast|p1a: Umbreon
|-supereffective|p1a: Umbreon
|-damage|p1a: Umbreon|59/100
|
|-heal|p1a: Umbreon|65/100|[from] item: Leftovers
|-heal|p2a: Clefable|100/100|[from] item: Leftovers
|upkeep
|turn|5
|
|t:|1597427932
|move|p1a: Umbreon|Wish|p1a: Umbreon
|move|p2a: Clefable|Moonblast|p1a: Umbreon
|-supereffective|p1a: Umbreon
|-damage|p1a: Umbreon|22/100
|
|-heal|p1a: Umbreon|28/100|[from] item: Leftovers
|upkeep
|turn|6
|
|t:|1597427935
|move|p1a: Umbreon|Protect|p1a: Umbreon
|-singleturn|p1a: Umbreon|Protect
|move|p2a: Clefable|Teleport|p2a: Clefable
|
|t:|1597427937
|switch|p2a: Tangrowth|Tangrowth, F|100/100|[from]move: Teleport
|
|-heal|p1a: Umbreon|78/100|[from] move: Wish|[wisher] Umbreon
|-heal|p1a: Umbreon|84/100|[from] item: Leftovers
|upkeep
|turn|7
|j| hipster garbage
|
|t:|1597427944
|switch|p1a: Sylveon|Sylveon, M|100/100
|move|p2a: Tangrowth|Sleep Powder|p1a: Sylveon
|-status|p1a: Sylveon|slp|[from] move: Sleep Powder
|
|upkeep
|turn|8
|
|t:|1597427947
|switch|p1a: Umbreon|Umbreon, F|84/100
|switch|p2a: Excadrill|Excadrill, M|100/100
|-ability|p2a: Excadrill|Mold Breaker
|
|-heal|p1a: Umbreon|90/100|[from] item: Leftovers
|upkeep
|turn|9
|j| asdcxzvcxzbv
|
|t:|1597427951
|move|p2a: Excadrill|Stealth Rock|p1a: Umbreon
|-sidestart|p1: Lenape|move: Stealth Rock
|move|p1a: Umbreon|Foul Play|p2a: Excadrill
|-damage|p2a: Excadrill|43/100
|
|-heal|p2a: Excadrill|49/100|[from] item: Leftovers
|-heal|p1a: Umbreon|96/100|[from] item: Leftovers
|upkeep
|turn|10
|
|t:|1597427953
|switch|p2a: Clefable|Clefable, M|100/100
|move|p1a: Umbreon|Wish|p1a: Umbreon
|
|-heal|p1a: Umbreon|100/100|[from] item: Leftovers
|upkeep
|turn|11
|l| hipster garbage
|
|t:|1597427962
|move|p1a: Umbreon|Foul Play|p2a: Clefable
|-resisted|p2a: Clefable
|-damage|p2a: Clefable|93/100
|move|p2a: Clefable|Wish|p2a: Clefable
|
|-heal|p2a: Clefable|99/100|[from] item: Leftovers
|upkeep
|turn|12
|
|t:|1597427966
|move|p1a: Umbreon|Wish|p1a: Umbreon
|move|p2a: Clefable|Teleport|p2a: Clefable
|
|t:|1597427967
|switch|p2a: Excadrill|Excadrill, M|49/100|[from]move: Teleport
|-ability|p2a: Excadrill|Mold Breaker
|
|-heal|p2a: Excadrill|100/100|[from] move: Wish|[wisher] Clefable
|upkeep
|turn|13
|
|t:|1597427972
|switch|p2a: Tangrowth|Tangrowth, F|100/100
|move|p1a: Umbreon|Foul Play|p2a: Tangrowth
|-damage|p2a: Tangrowth|84/100
|-damage|p1a: Umbreon|84/100|[from] item: Rocky Helmet|[of] p2a: Tangrowth
|
|-heal|p1a: Umbreon|100/100|[from] move: Wish|[wisher] Umbreon
|upkeep
|turn|14
|
|t:|1597427976
|move|p1a: Umbreon|Protect|p1a: Umbreon
|-singleturn|p1a: Umbreon|Protect
|move|p2a: Tangrowth|Knock Off|p1a: Umbreon
|-activate|p1a: Umbreon|move: Protect
|
|upkeep
|turn|15
|
|t:|1597427984
|switch|p1a: Toxapex|Toxapex, M|100/100
|-damage|p1a: Toxapex|88/100|[from] Stealth Rock
|move|p2a: Tangrowth|Knock Off|p1a: Toxapex
|-damage|p1a: Toxapex|75/100
|-enditem|p1a: Toxapex|Black Sludge|[from] move: Knock Off|[of] p2a: Tangrowth
|
|upkeep
|turn|16
|
|t:|1597427991
|switch|p2a: Clefable|Clefable, M|99/100
|move|p1a: Toxapex|Scald|p2a: Clefable
|-damage|p2a: Clefable|83/100
|-status|p2a: Clefable|brn
|
|-heal|p2a: Clefable|89/100 brn|[from] item: Leftovers
|upkeep
|turn|17
|
|t:|1597428004
|move|p1a: Toxapex|Recover|p1a: Toxapex
|-heal|p1a: Toxapex|100/100
|move|p2a: Clefable|Teleport|p2a: Clefable
|
|t:|1597428006
|switch|p2a: Zeraora|Zeraora|100/100|[from]move: Teleport
|
|upkeep
|turn|18
|
|t:|1597428008
|move|p2a: Zeraora|Volt Switch|p1a: Toxapex
|-supereffective|p1a: Toxapex
|-damage|p1a: Toxapex|58/100
|
|t:|1597428010
|switch|p2a: Clefable|Clefable, M|89/100 brn|[from]move: Volt Switch
|move|p1a: Toxapex|Toxic||[still]
|-fail|p1a: Toxapex
|
|-heal|p2a: Clefable|95/100 brn|[from] item: Leftovers
|upkeep
|turn|19
|
|t:|1597428013
|move|p1a: Toxapex|Recover|p1a: Toxapex
|-heal|p1a: Toxapex|100/100
|move|p2a: Clefable|Teleport|p2a: Clefable
|
|t:|1597428014
|switch|p2a: Zeraora|Zeraora|100/100|[from]move: Teleport
|
|upkeep
|turn|20
|l| asdcxzvcxzbv
|
|t:|1597428021
|switch|p1a: Rotom|Rotom-Heat|100/100
|-damage|p1a: Rotom|76/100|[from] Stealth Rock
|move|p2a: Zeraora|Volt Switch|p1a: Rotom
|-resisted|p1a: Rotom
|-damage|p1a: Rotom|59/100
|
|t:|1597428024
|switch|p2a: Dragapult|Dragapult, M|100/100|[from]move: Volt Switch
|
|upkeep
|turn|21
|
|t:|1597428029
|move|p1a: Rotom|Trick|p2a: Dragapult
|-activate|p1a: Rotom|move: Trick|[of] p2a: Dragapult
|-item|p2a: Dragapult|Choice Scarf|[from] move: Trick
|-item|p1a: Rotom|Heavy-Duty Boots|[from] move: Trick
|move|p2a: Dragapult|U-turn|p1a: Rotom
|-resisted|p1a: Rotom
|-damage|p1a: Rotom|49/100
|
|t:|1597428035
|switch|p2a: Zeraora|Zeraora|100/100|[from]move: U-turn
|
|upkeep
|turn|22
|
|t:|1597428039
|move|p2a: Zeraora|Close Combat|p1a: Rotom
|-damage|p1a: Rotom|0 fnt
|-unboost|p2a: Zeraora|def|1
|-unboost|p2a: Zeraora|spd|1
|faint|p1a: Rotom
|
|upkeep
|
|t:|1597428042
|switch|p1a: Rhyperior|Rhyperior, M|100/100
|-damage|p1a: Rhyperior|94/100|[from] Stealth Rock
|turn|23
|
|t:|1597428047
|switch|p2a: Tangrowth|Tangrowth, F|100/100
|move|p1a: Rhyperior|Earthquake|p2a: Tangrowth
|-resisted|p2a: Tangrowth
|-damage|p2a: Tangrowth|88/100
|
|-heal|p1a: Rhyperior|100/100|[from] item: Leftovers
|upkeep
|turn|24
|
|t:|1597428067
|switch|p2a: Zeraora|Zeraora|100/100
|move|p1a: Rhyperior|Stealth Rock|p2a: Zeraora
|-sidestart|p2: LT72MS Lio|move: Stealth Rock
|
|upkeep
|turn|25
|
|t:|1597428084
|switch|p2a: Tangrowth|Tangrowth, F|100/100
|-damage|p2a: Tangrowth|88/100|[from] Stealth Rock
|move|p1a: Rhyperior|Rock Blast|p2a: Tangrowth
|-damage|p2a: Tangrowth|82/100
|-damage|p2a: Tangrowth|75/100
|-damage|p2a: Tangrowth|69/100
|-hitcount|p2a: Tangrowth|3
|
|upkeep
|turn|26
|
|t:|1597428089
|switch|p1a: Toxapex|Toxapex, M|100/100
|-damage|p1a: Toxapex|88/100|[from] Stealth Rock
|move|p2a: Tangrowth|Giga Drain|p1a: Toxapex
|-damage|p1a: Toxapex|65/100
|-heal|p2a: Tangrowth|78/100|[from] drain|[of] p1a: Toxapex
|
|upkeep
|turn|27
|
|t:|1597428093
|switch|p2a: Clefable|Clefable, M|95/100 brn
|move|p1a: Toxapex|Recover|p1a: Toxapex
|-heal|p1a: Toxapex|100/100
|
|-heal|p2a: Clefable|100/100 brn|[from] item: Leftovers
|upkeep
|turn|28
|
|t:|1597428095
|move|p1a: Toxapex|Scald|p2a: Clefable
|-damage|p2a: Clefable|85/100 brn
|move|p2a: Clefable|Teleport|p2a: Clefable
|
|t:|1597428097
|switch|p2a: Zeraora|Zeraora|100/100|[from]move: Teleport
|
|upkeep
|turn|29
|
|t:|1597428106
|move|p2a: Zeraora|Volt Switch|p1a: Toxapex
|-supereffective|p1a: Toxapex
|-damage|p1a: Toxapex|61/100
|
|t:|1597428108
|switch|p2a: Clefable|Clefable, M|85/100 brn|[from]move: Volt Switch
|move|p1a: Toxapex|Scald|p2a: Clefable
|-damage|p2a: Clefable|68/100 brn
|
|-heal|p2a: Clefable|74/100 brn|[from] item: Leftovers
|upkeep
|turn|30
|
|t:|1597428111
|move|p1a: Toxapex|Recover|p1a: Toxapex
|-heal|p1a: Toxapex|100/100
|move|p2a: Clefable|Teleport|p2a: Clefable
|
|t:|1597428112
|switch|p2a: Zeraora|Zeraora|100/100|[from]move: Teleport
|
|upkeep
|turn|31
|
|t:|1597428119
|move|p2a: Zeraora|Volt Switch|p1a: Toxapex
|-supereffective|p1a: Toxapex
|-damage|p1a: Toxapex|57/100
|
|t:|1597428121
|switch|p2a: Clefable|Clefable, M|74/100 brn|[from]move: Volt Switch
|move|p1a: Toxapex|Scald|p2a: Clefable
|-damage|p2a: Clefable|59/100 brn
|
|-heal|p2a: Clefable|65/100 brn|[from] item: Leftovers
|upkeep
|turn|32
|
|t:|1597428123
|move|p2a: Clefable|Wish|p2a: Clefable
|move|p1a: Toxapex|Recover|p1a: Toxapex
|-heal|p1a: Toxapex|100/100
|
|-heal|p2a: Clefable|71/100 brn|[from] item: Leftovers
|upkeep
|turn|33
|
|t:|1597428126
|move|p2a: Clefable|Moonblast|p1a: Toxapex
|-resisted|p1a: Toxapex
|-damage|p1a: Toxapex|88/100
|move|p1a: Toxapex|Scald|p2a: Clefable
|-damage|p2a: Clefable|56/100 brn
|
|-heal|p2a: Clefable|100/100 brn|[from] move: Wish|[wisher] Clefable
|upkeep
|turn|34
|
|t:|1597428128
|move|p1a: Toxapex|Scald|p2a: Clefable
|-crit|p2a: Clefable
|-damage|p2a: Clefable|76/100 brn
|move|p2a: Clefable|Teleport|p2a: Clefable
|
|t:|1597428130
|switch|p2a: Zeraora|Zeraora|100/100|[from]move: Teleport
|
|upkeep
|turn|35
|
|t:|1597428132
|move|p2a: Zeraora|Volt Switch|p1a: Toxapex
|-supereffective|p1a: Toxapex
|-damage|p1a: Toxapex|46/100
|
|t:|1597428134
|switch|p2a: Clefable|Clefable, M|76/100 brn|[from]move: Volt Switch
|move|p1a: Toxapex|Recover|p1a: Toxapex
|-heal|p1a: Toxapex|96/100
|
|-heal|p2a: Clefable|82/100 brn|[from] item: Leftovers
|upkeep
|turn|36
|
|t:|1597428136
|move|p1a: Toxapex|Scald|p2a: Clefable
|-damage|p2a: Clefable|66/100 brn
|move|p2a: Clefable|Teleport|p2a: Clefable
|
|t:|1597428138
|switch|p2a: Zeraora|Zeraora|100/100|[from]move: Teleport
|
|upkeep
|turn|37
|
|t:|1597428141
|switch|p1a: Rhyperior|Rhyperior, M|100/100
|-damage|p1a: Rhyperior|94/100|[from] Stealth Rock
|move|p2a: Zeraora|Volt Switch|p1a: Rhyperior
|-immune|p1a: Rhyperior
|
|-heal|p1a: Rhyperior|100/100|[from] item: Leftovers
|upkeep
|turn|38
|
|t:|1597428148
|switch|p2a: Tangrowth|Tangrowth, F|100/100
|-damage|p2a: Tangrowth|88/100|[from] Stealth Rock
|switch|p1a: Corviknight|Corviknight, M|100/100
|-damage|p1a: Corviknight|88/100|[from] Stealth Rock
|-ability|p1a: Corviknight|Pressure
|
|-heal|p1a: Corviknight|94/100|[from] item: Leftovers
|upkeep
|turn|39
|
|t:|1597428154
|switch|p2a: Zeraora|Zeraora|100/100
|move|p1a: Corviknight|Substitute|p1a: Corviknight
|-start|p1a: Corviknight|Substitute
|-damage|p1a: Corviknight|69/100
|
|-heal|p1a: Corviknight|75/100|[from] item: Leftovers
|upkeep
|turn|40
|l| CreditKarma
|
|t:|1597428160
|move|p2a: Zeraora|Volt Switch|p1a: Corviknight
|-supereffective|p1a: Corviknight
|-crit|p1a: Corviknight
|-end|p1a: Corviknight|Substitute
|j| khalzi
|
|t:|1597428162
|switch|p2a: Dragapult|Dragapult, M|100/100|[from]move: Volt Switch
|-damage|p2a: Dragapult|88/100|[from] Stealth Rock
|move|p1a: Corviknight|Brave Bird|p2a: Dragapult
|-damage|p2a: Dragapult|23/100
|-damage|p1a: Corviknight|58/100|[from] Recoil
|
|-heal|p1a: Corviknight|64/100|[from] item: Leftovers
|upkeep
|turn|41
|
|t:|1597428174
|switch|p1a: Umbreon|Umbreon, F|100/100
|-damage|p1a: Umbreon|88/100|[from] Stealth Rock
|move|p2a: Dragapult|Thunder Wave|p1a: Umbreon
|-status|p1a: Umbreon|par
|
|-heal|p1a: Umbreon|94/100 par|[from] item: Leftovers
|upkeep
|turn|42
|
|t:|1597428180
|switch|p2a: Clefable|Clefable, M|66/100 brn
|move|p1a: Umbreon|Heal Bell|p1a: Umbreon
|-activate|p1a: Umbreon|move: Heal Bell
|-curestatus|p1a: Umbreon|par|[msg]
|-curestatus|p1: Sylveon|slp|[msg]
|
|-heal|p1a: Umbreon|99/100|[from] item: Leftovers
|-heal|p2a: Clefable|73/100 brn|[from] item: Leftovers
|upkeep
|turn|43
|
|t:|1597428182
|move|p1a: Umbreon|Wish|p1a: Umbreon
|move|p2a: Clefable|Wish|p2a: Clefable
|
|-heal|p1a: Umbreon|100/100|[from] item: Leftovers
|-heal|p2a: Clefable|79/100 brn|[from] item: Leftovers
|upkeep
|turn|44
|l| LT72MS Ayk
|
|t:|1597428186
|switch|p1a: Corviknight|Corviknight, M|64/100
|-damage|p1a: Corviknight|52/100|[from] Stealth Rock
|-ability|p1a: Corviknight|Pressure
|move|p2a: Clefable|Teleport|p2a: Clefable
|
|t:|1597428189
|switch|p2a: Dragapult|Dragapult, M|23/100|[from]move: Teleport
|-damage|p2a: Dragapult|10/100|[from] Stealth Rock
|
|-heal|p2a: Dragapult|72/100|[from] move: Wish|[wisher] Clefable
|-heal|p1a: Corviknight|100/100|[from] move: Wish|[wisher] Umbreon
|upkeep
|turn|45
|l|@Alpha
|
|t:|1597428193
|move|p2a: Dragapult|U-turn|p1a: Corviknight
|-resisted|p1a: Corviknight
|-damage|p1a: Corviknight|97/100
|
|t:|1597428196
|switch|p2a: Zeraora|Zeraora|100/100|[from]move: U-turn
|move|p1a: Corviknight|Brave Bird|p2a: Zeraora
|-resisted|p2a: Zeraora
|-damage|p2a: Zeraora|60/100
|-damage|p1a: Corviknight|86/100|[from] Recoil
|
|-heal|p1a: Corviknight|92/100|[from] item: Leftovers
|upkeep
|turn|46
|j| LT72MS nah
|l| LT72MS nah
|
|t:|1597428203
|move|p2a: Zeraora|Toxic|p1a: Corviknight
|-immune|p1a: Corviknight
|move|p1a: Corviknight|Roost|p1a: Corviknight
|-heal|p1a: Corviknight|100/100
|-singleturn|p1a: Corviknight|move: Roost
|
|upkeep
|turn|47
|
|t:|1597428209
|switch|p1a: Rhyperior|Rhyperior, M|100/100
|-damage|p1a: Rhyperior|94/100|[from] Stealth Rock
|move|p2a: Zeraora|Volt Switch|p1a: Rhyperior
|-immune|p1a: Rhyperior
|
|-heal|p1a: Rhyperior|100/100|[from] item: Leftovers
|upkeep
|turn|48
|
|t:|1597428213
|switch|p2a: Tangrowth|Tangrowth, F|100/100
|-damage|p2a: Tangrowth|88/100|[from] Stealth Rock
|switch|p1a: Corviknight|Corviknight, M|100/100
|-damage|p1a: Corviknight|88/100|[from] Stealth Rock
|-ability|p1a: Corviknight|Pressure
|
|-heal|p1a: Corviknight|94/100|[from] item: Leftovers
|upkeep
|turn|49
|
|t:|1597428217
|switch|p2a: Clefable|Clefable, M|79/100 brn
|move|p1a: Corviknight|Substitute|p1a: Corviknight
|-start|p1a: Corviknight|Substitute
|-damage|p1a: Corviknight|69/100
|
|-heal|p1a: Corviknight|75/100|[from] item: Leftovers
|-heal|p2a: Clefable|85/100 brn|[from] item: Leftovers
|upkeep
|turn|50
|
|t:|1597428224
|move|p1a: Corviknight|Bulk Up|p1a: Corviknight
|-boost|p1a: Corviknight|atk|1
|-boost|p1a: Corviknight|def|1
|move|p2a: Clefable|Teleport|p2a: Clefable
|
|t:|1597428226
|switch|p2a: Zeraora|Zeraora|60/100|[from]move: Teleport
|
|-heal|p1a: Corviknight|82/100|[from] item: Leftovers
|upkeep
|turn|51
|
|t:|1597428230
|move|p2a: Zeraora|Volt Switch|p1a: Corviknight
|-supereffective|p1a: Corviknight
|-end|p1a: Corviknight|Substitute
|
|t:|1597428232
|switch|p2a: Clefable|Clefable, M|85/100 brn|[from]move: Volt Switch
|move|p1a: Corviknight|Brave Bird|p2a: Clefable
|-damage|p2a: Clefable|22/100 brn
|-damage|p1a: Corviknight|61/100|[from] Recoil
|
|-heal|p1a: Corviknight|67/100|[from] item: Leftovers
|-heal|p2a: Clefable|28/100 brn|[from] item: Leftovers
|upkeep
|turn|52
|
|t:|1597428240
|move|p1a: Corviknight|Substitute|p1a: Corviknight
|-start|p1a: Corviknight|Substitute
|-damage|p1a: Corviknight|42/100
|move|p2a: Clefable|Teleport|p2a: Clefable
|
|t:|1597428242
|switch|p2a: Dragapult|Dragapult, M|72/100|[from]move: Teleport
|-damage|p2a: Dragapult|60/100|[from] Stealth Rock
|
|-heal|p1a: Corviknight|49/100|[from] item: Leftovers
|upkeep
|turn|53
|
|t:|1597428244
|move|p2a: Dragapult|Thunder Wave|p1a: Corviknight
|-status|p1a: Corviknight|par
|move|p1a: Corviknight|Brave Bird|p2a: Dragapult
|-damage|p2a: Dragapult|0 fnt
|-damage|p1a: Corviknight|33/100 par|[from] Recoil
|faint|p2a: Dragapult
|
|-heal|p1a: Corviknight|39/100 par|[from] item: Leftovers
|upkeep
|
|t:|1597428250
|switch|p2a: Zeraora|Zeraora|60/100
|turn|54
|
|t:|1597428254
|move|p2a: Zeraora|Plasma Fists|p1a: Corviknight
|-supereffective|p1a: Corviknight
|-end|p1a: Corviknight|Substitute
|move|p1a: Corviknight|Roost|p1a: Corviknight
|-heal|p1a: Corviknight|89/100 par
|-singleturn|p1a: Corviknight|move: Roost
|
|-heal|p1a: Corviknight|96/100 par|[from] item: Leftovers
|upkeep
|turn|55
|
|t:|1597428260
|move|p2a: Zeraora|Volt Switch|p1a: Corviknight
|-supereffective|p1a: Corviknight
|-damage|p1a: Corviknight|49/100 par
|
|t:|1597428272
|switch|p2a: Clefable|Clefable, M|28/100 brn|[from]move: Volt Switch
|move|p1a: Corviknight|Roost|p1a: Corviknight
|-heal|p1a: Corviknight|99/100 par
|-singleturn|p1a: Corviknight|move: Roost
|
|-heal|p2a: Clefable|34/100 brn|[from] item: Leftovers
|-heal|p1a: Corviknight|100/100 par|[from] item: Leftovers
|upkeep
|turn|56
|
|t:|1597428275
|cant|p1a: Corviknight|par
|move|p2a: Clefable|Teleport|p2a: Clefable
|
|t:|1597428277
|switch|p2a: Zeraora|Zeraora|60/100|[from]move: Teleport
|
|upkeep
|turn|57
|
|t:|1597428280
|switch|p1a: Rhyperior|Rhyperior, M|100/100
|-damage|p1a: Rhyperior|94/100|[from] Stealth Rock
|move|p2a: Zeraora|Volt Switch|p1a: Rhyperior
|-immune|p1a: Rhyperior
|
|-heal|p1a: Rhyperior|100/100|[from] item: Leftovers
|upkeep
|turn|58
|
|t:|1597428286
|switch|p2a: Tangrowth|Tangrowth, F|100/100
|-damage|p2a: Tangrowth|88/100|[from] Stealth Rock
|switch|p1a: Umbreon|Umbreon, F|100/100
|-damage|p1a: Umbreon|88/100|[from] Stealth Rock
|
|-heal|p1a: Umbreon|94/100|[from] item: Leftovers
|upkeep
|turn|59
|
|t:|1597428291
|switch|p2a: Clefable|Clefable, M|34/100 brn
|move|p1a: Umbreon|Protect||[still]
|-fail|p1a: Umbreon
|
|-heal|p1a: Umbreon|99/100|[from] item: Leftovers
|-heal|p2a: Clefable|40/100 brn|[from] item: Leftovers
|upkeep
|turn|60
|
|t:|1597428293
|move|p1a: Umbreon|Heal Bell|p1a: Umbreon
|-activate|p1a: Umbreon|move: Heal Bell
|-curestatus|p1: Corviknight|par|[msg]
|move|p2a: Clefable|Wish|p2a: Clefable
|
|-heal|p1a: Umbreon|100/100|[from] item: Leftovers
|-heal|p2a: Clefable|46/100 brn|[from] item: Leftovers
|upkeep
|turn|61
|
|t:|1597428297
|switch|p1a: Corviknight|Corviknight, M|100/100
|-damage|p1a: Corviknight|88/100|[from] Stealth Rock
|-ability|p1a: Corviknight|Pressure
|move|p2a: Clefable|Moonblast|p1a: Corviknight
|-resisted|p1a: Corviknight
|-damage|p1a: Corviknight|71/100
|-unboost|p1a: Corviknight|spa|1
|
|-heal|p2a: Clefable|96/100 brn|[from] move: Wish|[wisher] Clefable
|-heal|p1a: Corviknight|78/100|[from] item: Leftovers
|-heal|p2a: Clefable|100/100 brn|[from] item: Leftovers
|upkeep
|turn|62
|
|t:|1597428300
|move|p1a: Corviknight|Substitute|p1a: Corviknight
|-start|p1a: Corviknight|Substitute
|-damage|p1a: Corviknight|53/100
|move|p2a: Clefable|Wish|p2a: Clefable
|
|-heal|p1a: Corviknight|59/100|[from] item: Leftovers
|upkeep
|turn|63
|
|t:|1597428303
|move|p1a: Corviknight|Bulk Up|p1a: Corviknight
|-boost|p1a: Corviknight|atk|1
|-boost|p1a: Corviknight|def|1
|move|p2a: Clefable|Teleport|p2a: Clefable
|
|t:|1597428305
|switch|p2a: Zeraora|Zeraora|60/100|[from]move: Teleport
|
|-heal|p2a: Zeraora|100/100|[from] move: Wish|[wisher] Clefable
|-heal|p1a: Corviknight|65/100|[from] item: Leftovers
|upkeep
|turn|64
|
|t:|1597428309
|move|p2a: Zeraora|Plasma Fists|p1a: Corviknight
|-supereffective|p1a: Corviknight
|-end|p1a: Corviknight|Substitute
|move|p1a: Corviknight|Substitute|p1a: Corviknight
|-start|p1a: Corviknight|Substitute
|-damage|p1a: Corviknight|40/100
|
|-heal|p1a: Corviknight|46/100|[from] item: Leftovers
|upkeep
|turn|65
|
|t:|1597428312
|move|p2a: Zeraora|Plasma Fists|p1a: Corviknight
|-supereffective|p1a: Corviknight
|-end|p1a: Corviknight|Substitute
|move|p1a: Corviknight|Roost|p1a: Corviknight
|-heal|p1a: Corviknight|96/100
|-singleturn|p1a: Corviknight|move: Roost
|
|-heal|p1a: Corviknight|100/100|[from] item: Leftovers
|upkeep
|turn|66
|
|t:|1597428317
|move|p2a: Zeraora|Volt Switch|p1a: Corviknight
|-supereffective|p1a: Corviknight
|-damage|p1a: Corviknight|52/100
|
|t:|1597428319
|switch|p2a: Clefable|Clefable, M|100/100 brn|[from]move: Volt Switch
|move|p1a: Corviknight|Substitute|p1a: Corviknight
|-start|p1a: Corviknight|Substitute
|-damage|p1a: Corviknight|27/100
|
|-heal|p1a: Corviknight|34/100|[from] item: Leftovers
|upkeep
|turn|67
|
|t:|1597428321
|move|p1a: Corviknight|Roost|p1a: Corviknight
|-heal|p1a: Corviknight|84/100
|-singleturn|p1a: Corviknight|move: Roost
|move|p2a: Clefable|Teleport|p2a: Clefable
|
|t:|1597428323
|switch|p2a: Zeraora|Zeraora|100/100|[from]move: Teleport
|
|-heal|p1a: Corviknight|90/100|[from] item: Leftovers
|upkeep
|turn|68
|
|t:|1597428328
|move|p2a: Zeraora|Plasma Fists|p1a: Corviknight
|-supereffective|p1a: Corviknight
|-end|p1a: Corviknight|Substitute
|move|p1a: Corviknight|Bulk Up|p1a: Corviknight
|-boost|p1a: Corviknight|atk|1
|-boost|p1a: Corviknight|def|1
|
|-heal|p1a: Corviknight|96/100|[from] item: Leftovers
|upkeep
|turn|69
|
|t:|1597428333
|move|p2a: Zeraora|Volt Switch|p1a: Corviknight
|-supereffective|p1a: Corviknight
|-damage|p1a: Corviknight|44/100
|
|t:|1597428336
|switch|p2a: Crawdaunt|Crawdaunt, F|100/100|[from]move: Volt Switch
|-damage|p2a: Crawdaunt|88/100|[from] Stealth Rock
|move|p1a: Corviknight|Substitute|p1a: Corviknight
|-start|p1a: Corviknight|Substitute
|-damage|p1a: Corviknight|19/100
|
|-heal|p1a: Corviknight|25/100|[from] item: Leftovers
|upkeep
|turn|70
|
|t:|1597428340
|move|p2a: Crawdaunt|Knock Off|p1a: Corviknight
|-end|p1a: Corviknight|Substitute
|-damage|p2a: Crawdaunt|78/100|[from] item: Life Orb
|move|p1a: Corviknight|Roost|p1a: Corviknight
|-heal|p1a: Corviknight|75/100
|-singleturn|p1a: Corviknight|move: Roost
|
|-heal|p1a: Corviknight|81/100|[from] item: Leftovers
|upkeep
|turn|71
|
|t:|1597428345
|switch|p2a: Zeraora|Zeraora|100/100
|move|p1a: Corviknight|Brave Bird|p2a: Zeraora
|-resisted|p2a: Zeraora
|-damage|p2a: Zeraora|18/100
|-damage|p1a: Corviknight|60/100|[from] Recoil
|
|-heal|p1a: Corviknight|66/100|[from] item: Leftovers
|upkeep
|turn|72
|
|t:|1597428348
|move|p2a: Zeraora|Volt Switch|p1a: Corviknight
|-supereffective|p1a: Corviknight
|-damage|p1a: Corviknight|17/100
|
|t:|1597428350
|switch|p2a: Clefable|Clefable, M|100/100 brn|[from]move: Volt Switch
|move|p1a: Corviknight|Roost|p1a: Corviknight
|-heal|p1a: Corviknight|67/100
|-singleturn|p1a: Corviknight|move: Roost
|
|-heal|p1a: Corviknight|74/100|[from] item: Leftovers
|upkeep
|turn|73
|
|t:|1597428355
|move|p1a: Corviknight|Substitute|p1a: Corviknight
|-start|p1a: Corviknight|Substitute
|-damage|p1a: Corviknight|49/100
|move|p2a: Clefable|Wish|p2a: Clefable
|
|-heal|p1a: Corviknight|55/100|[from] item: Leftovers
|upkeep
|turn|74
|
|t:|1597428359
|move|p1a: Corviknight|Roost|p1a: Corviknight
|-heal|p1a: Corviknight|100/100
|-singleturn|p1a: Corviknight|move: Roost
|move|p2a: Clefable|Teleport|p2a: Clefable
|
|t:|1597428361
|switch|p2a: Zeraora|Zeraora|18/100|[from]move: Teleport
|
|-heal|p2a: Zeraora|80/100|[from] move: Wish|[wisher] Clefable
|upkeep
|turn|75
|
|t:|1597428366
|move|p2a: Zeraora|Volt Switch|p1a: Corviknight
|-supereffective|p1a: Corviknight
|-end|p1a: Corviknight|Substitute
|
|t:|1597428368
|switch|p2a: Tangrowth|Tangrowth, F|100/100|[from]move: Volt Switch
|-damage|p2a: Tangrowth|88/100|[from] Stealth Rock
|move|p1a: Corviknight|Bulk Up|p1a: Corviknight
|-boost|p1a: Corviknight|atk|1
|-boost|p1a: Corviknight|def|1
|
|upkeep
|turn|76
|
|t:|1597428371
|switch|p2a: Zeraora|Zeraora|80/100
|move|p1a: Corviknight|Substitute|p1a: Corviknight
|-start|p1a: Corviknight|Substitute
|-damage|p1a: Corviknight|75/100
|
|-heal|p1a: Corviknight|82/100|[from] item: Leftovers
|upkeep
|turn|77
|
|t:|1597428379
|move|p2a: Zeraora|Volt Switch|p1a: Corviknight
|-supereffective|p1a: Corviknight
|-end|p1a: Corviknight|Substitute
|
|t:|1597428383
|switch|p2a: Excadrill|Excadrill, M|100/100|[from]move: Volt Switch
|-damage|p2a: Excadrill|97/100|[from] Stealth Rock
|-ability|p2a: Excadrill|Mold Breaker
|move|p1a: Corviknight|Substitute|p1a: Corviknight
|-start|p1a: Corviknight|Substitute
|-damage|p1a: Corviknight|57/100
|
|-heal|p2a: Excadrill|100/100|[from] item: Leftovers
|-heal|p1a: Corviknight|63/100|[from] item: Leftovers
|upkeep
|turn|78
|
|t:|1597428386
|move|p2a: Excadrill|Rapid Spin|p1a: Corviknight
|-resisted|p1a: Corviknight
|-activate|p1a: Corviknight|move: Substitute|[damage]
|-sideend|p2: LT72MS Lio|Stealth Rock|[from] move: Rapid Spin|[of] p2a: Excadrill
|-boost|p2a: Excadrill|spe|1
|move|p1a: Corviknight|Roost|p1a: Corviknight
|-heal|p1a: Corviknight|100/100
|-singleturn|p1a: Corviknight|move: Roost
|
|upkeep
|turn|79
|
|t:|1597428390
|switch|p2a: Tangrowth|Tangrowth, F|100/100
|move|p1a: Corviknight|Bulk Up|p1a: Corviknight
|-boost|p1a: Corviknight|atk|1
|-boost|p1a: Corviknight|def|1
|
|upkeep
|turn|80
|j| sand209
|
|t:|1597428395
|move|p1a: Corviknight|Brave Bird|p2a: Tangrowth
|-supereffective|p2a: Tangrowth
|-damage|p2a: Tangrowth|0 fnt
|-damage|p1a: Corviknight|84/100|[from] item: Rocky Helmet|[of] p2a: Tangrowth
|-damage|p1a: Corviknight|51/100|[from] Recoil
|faint|p2a: Tangrowth
|
|-heal|p1a: Corviknight|57/100|[from] item: Leftovers
|upkeep
|
|t:|1597428399
|switch|p2a: Zeraora|Zeraora|80/100
|turn|81
|
|t:|1597428403
|move|p2a: Zeraora|Plasma Fists|p1a: Corviknight
|-supereffective|p1a: Corviknight
|-end|p1a: Corviknight|Substitute
|move|p1a: Corviknight|Roost|p1a: Corviknight
|-heal|p1a: Corviknight|100/100
|-singleturn|p1a: Corviknight|move: Roost
|
|upkeep
|turn|82
|
|t:|1597428407
|move|p2a: Zeraora|Volt Switch|p1a: Corviknight
|-supereffective|p1a: Corviknight
|-damage|p1a: Corviknight|49/100
|
|t:|1597428414
|switch|p2a: Clefable|Clefable, M|100/100 brn|[from]move: Volt Switch
|move|p1a: Corviknight|Substitute|p1a: Corviknight
|-start|p1a: Corviknight|Substitute
|-damage|p1a: Corviknight|24/100
|
|-heal|p1a: Corviknight|31/100|[from] item: Leftovers
|upkeep
|turn|83
|
|t:|1597428418
|move|p1a: Corviknight|Roost|p1a: Corviknight
|-heal|p1a: Corviknight|81/100
|-singleturn|p1a: Corviknight|move: Roost
|move|p2a: Clefable|Teleport|p2a: Clefable
|
|t:|1597428420
|switch|p2a: Zeraora|Zeraora|80/100|[from]move: Teleport
|
|-heal|p1a: Corviknight|87/100|[from] item: Leftovers
|upkeep
|turn|84
|
|t:|1597428426
|move|p2a: Zeraora|Plasma Fists|p1a: Corviknight
|-supereffective|p1a: Corviknight
|-end|p1a: Corviknight|Substitute
|move|p1a: Corviknight|Substitute|p1a: Corviknight
|-start|p1a: Corviknight|Substitute
|-damage|p1a: Corviknight|62/100
|
|-heal|p1a: Corviknight|68/100|[from] item: Leftovers
|upkeep
|turn|85
|
|t:|1597428436
|move|p2a: Zeraora|Plasma Fists|p1a: Corviknight
|-supereffective|p1a: Corviknight
|-end|p1a: Corviknight|Substitute
|move|p1a: Corviknight|Substitute|p1a: Corviknight
|-start|p1a: Corviknight|Substitute
|-damage|p1a: Corviknight|43/100
|
|-heal|p1a: Corviknight|49/100|[from] item: Leftovers
|upkeep
|turn|86
|
|t:|1597428439
|move|p2a: Zeraora|Plasma Fists|p1a: Corviknight
|-supereffective|p1a: Corviknight
|-end|p1a: Corviknight|Substitute
|move|p1a: Corviknight|Roost|p1a: Corviknight
|-heal|p1a: Corviknight|99/100
|-singleturn|p1a: Corviknight|move: Roost
|
|-heal|p1a: Corviknight|100/100|[from] item: Leftovers
|upkeep
|turn|87
|
|t:|1597428447
|move|p2a: Zeraora|Plasma Fists|p1a: Corviknight
|-supereffective|p1a: Corviknight
|-damage|p1a: Corviknight|76/100
|-fieldactivate|move: Ion Deluge
|move|p1a: Corviknight|Roost|p1a: Corviknight
|-heal|p1a: Corviknight|100/100
|-singleturn|p1a: Corviknight|move: Roost
|
|upkeep
|turn|88
|
|t:|1597428458
|move|p2a: Zeraora|Volt Switch|p1a: Corviknight
|-supereffective|p1a: Corviknight
|-damage|p1a: Corviknight|57/100
|
|t:|1597428460
|switch|p2a: Excadrill|Excadrill, M|100/100|[from]move: Volt Switch
|-ability|p2a: Excadrill|Mold Breaker
|move|p1a: Corviknight|Substitute|p1a: Corviknight
|-start|p1a: Corviknight|Substitute
|-damage|p1a: Corviknight|31/100
|
|-heal|p1a: Corviknight|38/100|[from] item: Leftovers
|upkeep
|turn|89
|
|t:|1597428463
|switch|p2a: Clefable|Clefable, M|100/100 brn
|move|p1a: Corviknight|Roost|p1a: Corviknight
|-heal|p1a: Corviknight|88/100
|-singleturn|p1a: Corviknight|move: Roost
|
|-heal|p1a: Corviknight|94/100|[from] item: Leftovers
|upkeep
|turn|90
|
|t:|1597428468
|move|p1a: Corviknight|Bulk Up|p1a: Corviknight
|-boost|p1a: Corviknight|atk|1
|-boost|p1a: Corviknight|def|1
|move|p2a: Clefable|Teleport|p2a: Clefable
|
|t:|1597428469
|switch|p2a: Zeraora|Zeraora|80/100|[from]move: Teleport
|
|-heal|p1a: Corviknight|99/100|[from] item: Leftovers
|upkeep
|turn|91
|
|t:|1597428477
|move|p2a: Zeraora|Volt Switch|p1a: Corviknight
|-supereffective|p1a: Corviknight
|-end|p1a: Corviknight|Substitute
|
|t:|1597428480
|switch|p2a: Clefable|Clefable, M|100/100 brn|[from]move: Volt Switch
|move|p1a: Corviknight|Bulk Up|p1a: Corviknight
|-boost|p1a: Corviknight|atk|1
|-boost|p1a: Corviknight|def|1
|
|-heal|p1a: Corviknight|100/100|[from] item: Leftovers
|upkeep
|turn|92
|
|t:|1597428482
|move|p1a: Corviknight|Substitute|p1a: Corviknight
|-start|p1a: Corviknight|Substitute
|-damage|p1a: Corviknight|75/100
|move|p2a: Clefable|Teleport|p2a: Clefable
|
|t:|1597428484
|switch|p2a: Zeraora|Zeraora|80/100|[from]move: Teleport
|
|-heal|p1a: Corviknight|82/100|[from] item: Leftovers
|upkeep
|turn|93
|
|t:|1597428494
|move|p2a: Zeraora|Plasma Fists|p1a: Corviknight
|-supereffective|p1a: Corviknight
|-activate|p1a: Corviknight|move: Substitute|[damage]
|move|p1a: Corviknight|Substitute|p1a: Corviknight
|-fail|p1a: Corviknight|move: Substitute
|
|-heal|p1a: Corviknight|88/100|[from] item: Leftovers
|upkeep
|turn|94
|
|t:|1597428504
|move|p2a: Zeraora|Plasma Fists|p1a: Corviknight
|-supereffective|p1a: Corviknight
|-end|p1a: Corviknight|Substitute
|move|p1a: Corviknight|Brave Bird|p2a: Zeraora
|-resisted|p2a: Zeraora
|-damage|p2a: Zeraora|0 fnt
|-damage|p1a: Corviknight|67/100|[from] Recoil
|faint|p2a: Zeraora
|
|-heal|p1a: Corviknight|73/100|[from] item: Leftovers
|upkeep
|
|t:|1597428511
|switch|p2a: Clefable|Clefable, M|100/100 brn
|turn|95
|
|t:|1597428514
|move|p1a: Corviknight|Roost|p1a: Corviknight
|-heal|p1a: Corviknight|100/100
|-singleturn|p1a: Corviknight|move: Roost
|move|p2a: Clefable|Wish|p2a: Clefable
|
|upkeep
|turn|96
|
|t:|1597428519
|move|p1a: Corviknight|Brave Bird|p2a: Clefable
|-damage|p2a: Clefable|0 fnt
|-damage|p1a: Corviknight|68/100|[from] Recoil
|faint|p2a: Clefable
|
|-heal|p1a: Corviknight|74/100|[from] item: Leftovers
|upkeep
|-message|LT72MS Lio forfeited.
|
|win|Lenape
|l|☆LT72MS Lio
