|html|<div class="broadcast-blue"><strong>[Gen 8] OU is currently suspecting Zamazenta-Crowned! For information on how to participate check out the <a href="https://www.smogon.com/forums/threads/np-ss-ou-suspect-process-round-10-royals.3681787/">suspect thread</a>.</strong></div>
|j|☆friedfreak
|j|☆croo
|t:|1619293216
|gametype|singles
|player|p1|friedfreak|2|1860
|player|p2|croo|erika|1862
|teamsize|p1|6
|teamsize|p2|6
|gen|8
|tier|[Gen 8] OU
|rated|
|clearpoke
|poke|p1|Victini|
|poke|p1|Dragapult, M|
|poke|p1|Landorus-Therian, M|
|poke|p1|Kartana|
|poke|p1|Slowking, F|
|poke|p1|Clefable, M|
|poke|p2|Azelf|
|poke|p2|Ninetales-Alola, F|
|poke|p2|Diggersby, M|
|poke|p2|Hawlucha, M|
|poke|p2|Jirachi|
|poke|p2|Suicune|
|rule|Sleep Clause Mod: Limit one foe put to sleep
|rule|Species Clause: Limit one of each Pokémon
|rule|OHKO Clause: OHKO moves are banned
|rule|Evasion Moves Clause: Evasion moves are banned
|rule|Endless Battle Clause: Forcing endless battles is banned
|rule|HP Percentage Mod: HP is shown in percentages
|rule|Dynamax Clause: You cannot dynamax
|teampreview
|inactive|Battle timer is ON: inactive players will automatically lose when time's up. (requested by croo)
|
|t:|1619293240
|start
|switch|p1a: Landorus|Landorus-Therian, M|100/100
|switch|p2a: Azelf|Azelf|100/100
|-ability|p1a: Landorus|Intimidate|boost
|-unboost|p2a: Azelf|atk|1
|turn|1
|j| Malabar323
|
|t:|1619293246
|move|p2a: Azelf|Stealth Rock|p1a: Landorus
|-sidestart|p1: friedfreak|move: Stealth Rock
|move|p1a: Landorus|Knock Off|p2a: Azelf
|-supereffective|p2a: Azelf
|-damage|p2a: Azelf|8/100
|-enditem|p2a: Azelf|Focus Sash|[from] move: Knock Off|[of] p1a: Landorus
|
|upkeep
|turn|2
|
|t:|1619293253
|move|p2a: Azelf|Ice Punch|p1a: Landorus
|-supereffective|p1a: Landorus
|-damage|p1a: Landorus|54/100
|move|p1a: Landorus|Knock Off|p2a: Azelf
|-supereffective|p2a: Azelf
|-damage|p2a: Azelf|0 fnt
|faint|p2a: Azelf
|
|-heal|p1a: Landorus|60/100|[from] item: Leftovers
|upkeep
|l| Malabar323
|
|t:|1619293280
|switch|p2a: Ninetales|Ninetales-Alola, F|100/100
|-weather|Hail|[from] ability: Snow Warning|[of] p2a: Ninetales
|turn|3
|
|t:|1619293291
|switch|p1a: Clefable|Clefable, M|100/100
|move|p2a: Ninetales|Blizzard|p1a: Clefable
|-damage|p1a: Clefable|80/100
|
|-weather|Hail|[upkeep]
|-heal|p1a: Clefable|86/100|[from] item: Leftovers
|upkeep
|turn|4
|
|t:|1619293297
|move|p2a: Ninetales|Aurora Veil|p2a: Ninetales
|-sidestart|p2: croo|move: Aurora Veil
|move|p1a: Clefable|Stealth Rock|p2a: Ninetales
|-sidestart|p2: croo|move: Stealth Rock
|
|-weather|Hail|[upkeep]
|-heal|p1a: Clefable|92/100|[from] item: Leftovers
|upkeep
|turn|5
|
|t:|1619293309
|switch|p2a: Jirachi|Jirachi, shiny|100/100
|-damage|p2a: Jirachi|94/100|[from] Stealth Rock
|move|p1a: Clefable|Thunder Wave|p2a: Jirachi
|-status|p2a: Jirachi|par
|
|-weather|Hail|[upkeep]
|-damage|p2a: Jirachi|88/100 par|[from] Hail
|-heal|p1a: Clefable|98/100|[from] item: Leftovers
|upkeep
|turn|6
|
|t:|1619293327
|switch|p1a: Slowking|Slowking, F|100/100
|move|p2a: Jirachi|Cosmic Power|p2a: Jirachi
|-boost|p2a: Jirachi|def|1
|-boost|p2a: Jirachi|spd|1
|
|-weather|Hail|[upkeep]
|-damage|p2a: Jirachi|82/100 par|[from] Hail
|-damage|p1a: Slowking|94/100|[from] Hail
|upkeep
|turn|7
|
|t:|1619293336
|move|p2a: Jirachi|Cosmic Power|p2a: Jirachi
|-boost|p2a: Jirachi|def|1
|-boost|p2a: Jirachi|spd|1
|move|p1a: Slowking|Teleport|p1a: Slowking
|
|t:|1619293343
|switch|p1a: Dragapult|Dragapult, M|100/100|[from]move: Teleport
|-damage|p1a: Dragapult|88/100|[from] Stealth Rock
|
|-weather|none
|upkeep
|turn|8
|
|t:|1619293345
|move|p1a: Dragapult|Hex|p2a: Jirachi
|-supereffective|p2a: Jirachi
|-damage|p2a: Jirachi|14/100 par
|-enditem|p2a: Jirachi|Weakness Policy
|-boost|p2a: Jirachi|atk|2|[from] item: Weakness Policy
|-boost|p2a: Jirachi|spa|2|[from] item: Weakness Policy
|move|p2a: Jirachi|Stored Power|p1a: Dragapult
|-damage|p1a: Dragapult|0 fnt
|faint|p1a: Dragapult
|
|upkeep
|
|t:|1619293357
|switch|p1a: Kartana|Kartana|100/100
|-damage|p1a: Kartana|94/100|[from] Stealth Rock
|turn|9
|j| Piercey9
|
|t:|1619293381
|switch|p2a: Ninetales|Ninetales-Alola, F|100/100
|-damage|p2a: Ninetales|76/100|[from] Stealth Rock
|-weather|Hail|[from] ability: Snow Warning|[of] p2a: Ninetales
|move|p1a: Kartana|Knock Off|p2a: Ninetales
|-resisted|p2a: Ninetales
|-damage|p2a: Ninetales|57/100
|-enditem|p2a: Ninetales|Light Clay|[from] move: Knock Off|[of] p1a: Kartana
|
|-weather|Hail|[upkeep]
|-damage|p1a: Kartana|88/100|[from] Hail
|upkeep
|turn|10
|
|t:|1619293392
|switch|p2a: Suicune|Suicune|100/100
|-damage|p2a: Suicune|88/100|[from] Stealth Rock
|-ability|p2a: Suicune|Pressure
|switch|p1a: Clefable|Clefable, M|98/100
|
|-weather|Hail|[upkeep]
|-damage|p2a: Suicune|82/100|[from] Hail
|-heal|p2a: Suicune|88/100|[from] item: Leftovers
|-heal|p1a: Clefable|100/100|[from] item: Leftovers
|upkeep
|turn|11
|
|t:|1619293412
|switch|p1a: Kartana|Kartana|88/100
|-damage|p1a: Kartana|82/100|[from] Stealth Rock
|move|p2a: Suicune|Substitute|p2a: Suicune
|-start|p2a: Suicune|Substitute
|-damage|p2a: Suicune|63/100
|
|-weather|Hail|[upkeep]
|-damage|p1a: Kartana|76/100|[from] Hail
|-damage|p2a: Suicune|57/100|[from] Hail
|-heal|p2a: Suicune|63/100|[from] item: Leftovers
|-sideend|p2: croo|move: Aurora Veil
|upkeep
|turn|12
|
|t:|1619293416
|move|p2a: Suicune|Protect|p2a: Suicune
|-singleturn|p2a: Suicune|Protect
|move|p1a: Kartana|Leaf Blade|p2a: Suicune
|-activate|p2a: Suicune|move: Protect
|
|-weather|Hail|[upkeep]
|-damage|p1a: Kartana|70/100|[from] Hail
|-damage|p2a: Suicune|57/100|[from] Hail
|-heal|p2a: Suicune|63/100|[from] item: Leftovers
|upkeep
|turn|13
|
|t:|1619293418
|move|p1a: Kartana|Leaf Blade|p2a: Suicune
|-supereffective|p2a: Suicune
|-end|p2a: Suicune|Substitute
|move|p2a: Suicune|Scald|p1a: Kartana
|-resisted|p1a: Kartana
|-damage|p1a: Kartana|29/100
|
|-weather|none
|-heal|p2a: Suicune|69/100|[from] item: Leftovers
|upkeep
|turn|14
|
|t:|1619293422
|move|p2a: Suicune|Protect|p2a: Suicune
|-singleturn|p2a: Suicune|Protect
|move|p1a: Kartana|Leaf Blade|p2a: Suicune
|-activate|p2a: Suicune|move: Protect
|
|-heal|p2a: Suicune|75/100|[from] item: Leftovers
|upkeep
|turn|15
|
|t:|1619293430
|switch|p2a: Jirachi|Jirachi, shiny|14/100 par
|-damage|p2a: Jirachi|7/100 par|[from] Stealth Rock
|move|p1a: Kartana|Leaf Blade|p2a: Jirachi
|-resisted|p2a: Jirachi
|-damage|p2a: Jirachi|0 fnt
|faint|p2a: Jirachi
|-ability|p1a: Kartana|Beast Boost|boost
|-boost|p1a: Kartana|atk|1
|
|upkeep
|j| tapu moxo
|
|t:|1619293434
|switch|p2a: Hawlucha|Hawlucha, M|100/100
|-damage|p2a: Hawlucha|88/100|[from] Stealth Rock
|turn|16
|
|t:|1619293438
|move|p1a: Kartana|Leaf Blade|p2a: Hawlucha
|-resisted|p2a: Hawlucha
|-damage|p2a: Hawlucha|0 fnt
|faint|p2a: Hawlucha
|-ability|p1a: Kartana|Beast Boost|boost
|-boost|p1a: Kartana|atk|1
|
|upkeep
|
|t:|1619293449
|switch|p2a: Ninetales|Ninetales-Alola, F|57/100
|-damage|p2a: Ninetales|32/100|[from] Stealth Rock
|-weather|Hail|[from] ability: Snow Warning|[of] p2a: Ninetales
|turn|17
|c| tapu moxo|why azelf?
|
|t:|1619293467
|switch|p1a: Victini|Victini|100/100
|move|p2a: Ninetales|Blizzard|p1a: Victini
|-resisted|p1a: Victini
|-damage|p1a: Victini|85/100
|
|-weather|Hail|[upkeep]
|-damage|p1a: Victini|79/100|[from] Hail
|upkeep
|turn|18
|
|t:|1619293480
|move|p2a: Ninetales|Aurora Veil|p2a: Ninetales
|-sidestart|p2: croo|move: Aurora Veil
|move|p1a: Victini|Bolt Strike|p2a: Ninetales
|-damage|p2a: Ninetales|10/100
|
|-weather|Hail|[upkeep]
|-damage|p1a: Victini|72/100|[from] Hail
|upkeep
|turn|19
|c|☆croo|idk does its job
|
|t:|1619293487
|switch|p2a: Diggersby|Diggersby, M|100/100
|-damage|p2a: Diggersby|94/100|[from] Stealth Rock
|move|p1a: Victini|Bolt Strike|p2a: Diggersby
|-immune|p2a: Diggersby
|
|-weather|Hail|[upkeep]
|-damage|p1a: Victini|66/100|[from] Hail
|-damage|p2a: Diggersby|88/100|[from] Hail
|upkeep
|turn|20
|
|t:|1619293499
|move|p1a: Victini|Will-O-Wisp|p2a: Diggersby
|-status|p2a: Diggersby|brn
|move|p2a: Diggersby|Body Slam|p1a: Victini
|-crit|p1a: Victini
|-damage|p1a: Victini|12/100
|
|-weather|Hail|[upkeep]
|-damage|p1a: Victini|5/100|[from] Hail
|-damage|p2a: Diggersby|82/100 brn|[from] Hail
|-damage|p2a: Diggersby|76/100 brn|[from] brn
|upkeep
|turn|21
|inactive|friedfreak has 120 seconds left.
|
|t:|1619293549
|switch|p1a: Landorus|Landorus-Therian, M|60/100
|-damage|p1a: Landorus|48/100|[from] Stealth Rock
|-ability|p1a: Landorus|Intimidate|boost
|-unboost|p2a: Diggersby|atk|1
|move|p2a: Diggersby|Body Slam|p1a: Landorus
|-damage|p1a: Landorus|31/100
|-status|p1a: Landorus|par
|
|-weather|none
|-heal|p1a: Landorus|37/100 par|[from] item: Leftovers
|-damage|p2a: Diggersby|70/100 brn|[from] brn
|upkeep
|turn|22
|inactive|friedfreak has 90 seconds left.
|
|t:|1619293578
|switch|p2a: Ninetales|Ninetales-Alola, F|10/100
|-damage|p2a: Ninetales|0 fnt|[from] Stealth Rock
|faint|p2a: Ninetales
|switch|p1a: Slowking|Slowking, F|100/100
|
|-sideend|p2: croo|move: Aurora Veil
|upkeep
|
|t:|1619293581
|switch|p2a: Suicune|Suicune|75/100
|-damage|p2a: Suicune|63/100|[from] Stealth Rock
|-ability|p2a: Suicune|Pressure
|turn|23
|
|t:|1619293586
|move|p2a: Suicune|Substitute|p2a: Suicune
|-start|p2a: Suicune|Substitute
|-damage|p2a: Suicune|38/100
|move|p1a: Slowking|Teleport|p1a: Slowking
|j| twotoneturtonator
|
|t:|1619293592
|switch|p1a: Victini|Victini|5/100|[from]move: Teleport
|
|-heal|p2a: Suicune|44/100|[from] item: Leftovers
|upkeep
|turn|24
|
|t:|1619293595
|move|p2a: Suicune|Protect|p2a: Suicune
|-singleturn|p2a: Suicune|Protect
|move|p1a: Victini|Bolt Strike|p2a: Suicune
|-activate|p2a: Suicune|move: Protect
|
|-heal|p2a: Suicune|50/100|[from] item: Leftovers
|upkeep
|turn|25
|
|t:|1619293599
|move|p2a: Suicune|Protect|p2a: Suicune
|-singleturn|p2a: Suicune|Protect
|move|p1a: Victini|Bolt Strike|p2a: Suicune
|-activate|p2a: Suicune|move: Protect
|
|-heal|p2a: Suicune|57/100|[from] item: Leftovers
|upkeep
|turn|26
|
|t:|1619293608
|move|p1a: Victini|Bolt Strike|p2a: Suicune
|-supereffective|p2a: Suicune
|-end|p2a: Suicune|Substitute
|move|p2a: Suicune|Substitute|p2a: Suicune
|-start|p2a: Suicune|Substitute
|-damage|p2a: Suicune|32/100
|
|-heal|p2a: Suicune|38/100|[from] item: Leftovers
|upkeep
|turn|27
|
|t:|1619293617
|move|p2a: Suicune|Protect|p2a: Suicune
|-singleturn|p2a: Suicune|Protect
|move|p1a: Victini|U-turn|p2a: Suicune
|-activate|p2a: Suicune|move: Protect
|
|-heal|p2a: Suicune|44/100|[from] item: Leftovers
|upkeep
|turn|28
|
|t:|1619293633
|move|p1a: Victini|V-create|p2a: Suicune
|-resisted|p2a: Suicune
|-end|p2a: Suicune|Substitute
|-unboost|p1a: Victini|spe|1
|-unboost|p1a: Victini|def|1
|-unboost|p1a: Victini|spd|1
|move|p2a: Suicune|Calm Mind|p2a: Suicune
|-boost|p2a: Suicune|spa|1
|-boost|p2a: Suicune|spd|1
|
|-heal|p2a: Suicune|50/100|[from] item: Leftovers
|upkeep
|turn|29
|
|t:|1619293642
|move|p2a: Suicune|Protect|p2a: Suicune
|-singleturn|p2a: Suicune|Protect
|move|p1a: Victini|V-create|p2a: Suicune
|-activate|p2a: Suicune|move: Protect
|
|-heal|p2a: Suicune|56/100|[from] item: Leftovers
|upkeep
|turn|30
|j| Swamprattata
|j| yiiguyftgf
|
|t:|1619293646
|move|p2a: Suicune|Substitute|p2a: Suicune
|-start|p2a: Suicune|Substitute
|-damage|p2a: Suicune|31/100
|move|p1a: Victini|V-create|p2a: Suicune
|-resisted|p2a: Suicune
|-activate|p2a: Suicune|move: Substitute|[damage]
|-unboost|p1a: Victini|spe|1
|-unboost|p1a: Victini|def|1
|-unboost|p1a: Victini|spd|1
|
|-heal|p2a: Suicune|38/100|[from] item: Leftovers
|upkeep
|turn|31
|
|t:|1619293663
|switch|p1a: Slowking|Slowking, F|100/100
|move|p2a: Suicune|Protect||[still]
|-fail|p2a: Suicune
|
|-heal|p2a: Suicune|44/100|[from] item: Leftovers
|upkeep
|turn|32
|
|t:|1619293667
|move|p2a: Suicune|Calm Mind|p2a: Suicune
|-boost|p2a: Suicune|spa|1
|-boost|p2a: Suicune|spd|1
|move|p1a: Slowking|Future Sight|p2a: Suicune
|-start|p1a: Slowking|move: Future Sight
|
|-heal|p2a: Suicune|50/100|[from] item: Leftovers
|upkeep
|turn|33
|
|t:|1619293676
|move|p2a: Suicune|Calm Mind|p2a: Suicune
|-boost|p2a: Suicune|spa|1
|-boost|p2a: Suicune|spd|1
|move|p1a: Slowking|Scald|p2a: Suicune
|-resisted|p2a: Suicune
|-end|p2a: Suicune|Substitute
|
|-heal|p2a: Suicune|56/100|[from] item: Leftovers
|upkeep
|turn|34
|
|t:|1619293686
|move|p2a: Suicune|Substitute|p2a: Suicune
|-start|p2a: Suicune|Substitute
|-damage|p2a: Suicune|31/100
|move|p1a: Slowking|Teleport|p1a: Slowking
|
|t:|1619293690
|switch|p1a: Victini|Victini|5/100|[from]move: Teleport
|
|-end|p2a: Suicune|move: Future Sight
|-activate|p2a: Suicune|move: Substitute|[damage]
|-heal|p2a: Suicune|37/100|[from] item: Leftovers
|upkeep
|turn|35
|
|t:|1619293699
|move|p2a: Suicune|Protect|p2a: Suicune
|-singleturn|p2a: Suicune|Protect
|move|p1a: Victini|U-turn|p2a: Suicune
|-activate|p2a: Suicune|move: Protect
|
|-heal|p2a: Suicune|44/100|[from] item: Leftovers
|upkeep
|turn|36
|
|t:|1619293704
|move|p1a: Victini|U-turn|p2a: Suicune
|-end|p2a: Suicune|Substitute
|
|t:|1619293710
|switch|p1a: Slowking|Slowking, F|100/100|[from]move: U-turn
|move|p2a: Suicune|Calm Mind|p2a: Suicune
|-boost|p2a: Suicune|spa|1
|-boost|p2a: Suicune|spd|1
|
|-heal|p2a: Suicune|50/100|[from] item: Leftovers
|upkeep
|turn|37
|
|t:|1619293718
|move|p2a: Suicune|Substitute|p2a: Suicune
|-start|p2a: Suicune|Substitute
|-damage|p2a: Suicune|25/100
|move|p1a: Slowking|Future Sight|p2a: Suicune
|-start|p1a: Slowking|move: Future Sight
|
|-heal|p2a: Suicune|31/100|[from] item: Leftovers
|upkeep
|turn|38
|
|t:|1619293724
|move|p2a: Suicune|Calm Mind|p2a: Suicune
|-boost|p2a: Suicune|spa|1
|-boost|p2a: Suicune|spd|1
|move|p1a: Slowking|Scald|p2a: Suicune
|-resisted|p2a: Suicune
|-activate|p2a: Suicune|move: Substitute|[damage]
|
|-heal|p2a: Suicune|37/100|[from] item: Leftovers
|upkeep
|turn|39
|
|t:|1619293728
|move|p2a: Suicune|Calm Mind|p2a: Suicune
|-boost|p2a: Suicune|spa|1
|-boost|p2a: Suicune|spd|1
|move|p1a: Slowking|Teleport|p1a: Slowking
|
|t:|1619293731
|switch|p1a: Kartana|Kartana|29/100|[from]move: Teleport
|-damage|p1a: Kartana|23/100|[from] Stealth Rock
|
|-end|p2a: Suicune|move: Future Sight
|-activate|p2a: Suicune|move: Substitute|[damage]
|-heal|p2a: Suicune|43/100|[from] item: Leftovers
|upkeep
|turn|40
|
|t:|1619293743
|switch|p1a: Landorus|Landorus-Therian, M|37/100 par
|-damage|p1a: Landorus|25/100 par|[from] Stealth Rock
|-ability|p1a: Landorus|Intimidate|boost
|-immune|p2a: Suicune
|move|p2a: Suicune|Scald|p1a: Landorus
|-supereffective|p1a: Landorus
|-damage|p1a: Landorus|0 fnt
|faint|p1a: Landorus
|
|-heal|p2a: Suicune|50/100|[from] item: Leftovers
|upkeep
|
|t:|1619293746
|switch|p1a: Victini|Victini|5/100
|turn|41
|
|t:|1619293754
|move|p1a: Victini|U-turn|p2a: Suicune
|-activate|p2a: Suicune|move: Substitute|[damage]
|
|t:|1619293757
|switch|p1a: Slowking|Slowking, F|100/100|[from]move: U-turn
|move|p2a: Suicune|Substitute|p2a: Suicune
|-fail|p2a: Suicune|move: Substitute
|
|-heal|p2a: Suicune|56/100|[from] item: Leftovers
|upkeep
|turn|42
|
|t:|1619293760
|move|p2a: Suicune|Scald|p1a: Slowking
|-resisted|p1a: Slowking
|-damage|p1a: Slowking|73/100
|-status|p1a: Slowking|brn
|move|p1a: Slowking|Future Sight|p2a: Suicune
|-start|p1a: Slowking|move: Future Sight
|
|-heal|p2a: Suicune|62/100|[from] item: Leftovers
|-damage|p1a: Slowking|67/100 brn|[from] brn
|upkeep
|turn|43
|
|t:|1619293771
|move|p2a: Suicune|Scald|p1a: Slowking
|-resisted|p1a: Slowking
|-damage|p1a: Slowking|40/100 brn
|move|p1a: Slowking|Slack Off|p1a: Slowking
|-heal|p1a: Slowking|90/100 brn
|
|-heal|p2a: Suicune|68/100|[from] item: Leftovers
|-damage|p1a: Slowking|83/100 brn|[from] brn
|upkeep
|turn|44
|
|t:|1619293776
|move|p2a: Suicune|Scald|p1a: Slowking
|-resisted|p1a: Slowking
|-damage|p1a: Slowking|55/100 brn
|move|p1a: Slowking|Teleport|p1a: Slowking
|
|t:|1619293779
|switch|p1a: Kartana|Kartana|23/100|[from]move: Teleport
|-damage|p1a: Kartana|17/100|[from] Stealth Rock
|
|-end|p2a: Suicune|move: Future Sight
|-end|p2a: Suicune|Substitute
|-heal|p2a: Suicune|74/100|[from] item: Leftovers
|upkeep
|turn|45
|
|t:|1619293784
|move|p2a: Suicune|Protect|p2a: Suicune
|-singleturn|p2a: Suicune|Protect
|move|p1a: Kartana|Leaf Blade|p2a: Suicune
|-activate|p2a: Suicune|move: Protect
|
|-heal|p2a: Suicune|80/100|[from] item: Leftovers
|upkeep
|turn|46
|
|t:|1619293789
|move|p1a: Kartana|Leaf Blade|p2a: Suicune
|-supereffective|p2a: Suicune
|-crit|p2a: Suicune
|-damage|p2a: Suicune|0 fnt
|faint|p2a: Suicune
|-ability|p1a: Kartana|Beast Boost|boost
|-boost|p1a: Kartana|atk|1
|
|upkeep
|
|t:|1619293792
|switch|p2a: Diggersby|Diggersby, M|70/100 brn
|-damage|p2a: Diggersby|64/100 brn|[from] Stealth Rock
|turn|47
|
|t:|1619293795
|move|p1a: Kartana|Leaf Blade|p2a: Diggersby
|-supereffective|p2a: Diggersby
|-damage|p2a: Diggersby|0 fnt
|faint|p2a: Diggersby
|
|win|friedfreak
|raw|friedfreak's rating: 1860 &rarr; <strong>1880</strong><br />(+20 for winning)
|raw|croo's rating: 1862 &rarr; <strong>1842</strong><br />(-20 for losing)
|l|☆croo
|l| yiiguyftgf
||Ladder isn't responding, score probably updated but might not have (Request timeout).
