|j|☆thaxmark
|j|☆JoJo321
|inactive|Battle timer is ON: inactive players will automatically lose when time's up.
|t:|1614547649
|player|p1|thaxmark|marshal|
|player|p2|JoJo321|rood|
|teamsize|p1|6
|teamsize|p2|6
|gametype|singles
|gen|8
|tier|[Gen 8] OU
|rated|Tournament battle
|clearpoke
|poke|p1|Heatran, F|
|poke|p1|Rillaboom, M|
|poke|p1|Tapu Koko|
|poke|p1|Tornadus-Therian, M|
|poke|p1|Articuno|
|poke|p1|Garchomp, F|
|poke|p2|Dragapult, F|
|poke|p2|Zapdos-Galar|
|poke|p2|Bisharp, F|
|poke|p2|Shuckle, F|
|poke|p2|Blacephalon|
|poke|p2|Landorus-Therian, M|
|rule|Sleep Clause Mod: Limit one foe put to sleep
|rule|Species Clause: Limit one of each Pokémon
|rule|OHKO Clause: OHKO moves are banned
|rule|Evasion Moves Clause: Evasion moves are banned
|rule|Endless Battle Clause: Forcing endless battles is banned
|rule|HP Percentage Mod: HP is shown in percentages
|rule|Dynamax Clause: You cannot dynamax
|teampreview
|inactive|thaxmark has 120 seconds left.
|
|t:|1614547681
|start
|switch|p1a: Tornadus|Tornadus-Therian, M|100/100
|switch|p2a: Shuckle|Shuckle, F|100/100
|turn|1
|inactive|thaxmark has 120 seconds left.
|
|t:|1614547723
|move|p1a: Tornadus|Knock Off|p2a: Shuckle
|-damage|p2a: Shuckle|90/100
|-enditem|p2a: Shuckle|Red Card|[from] move: Knock Off|[of] p1a: Tornadus
|move|p2a: Shuckle|Sticky Web|p1a: Tornadus
|-sidestart|p1: thaxmark|move: Sticky Web
|
|upkeep
|turn|2
|
|t:|1614547731
|move|p1a: Tornadus|Hurricane|p2a: Shuckle
|-damage|p2a: Shuckle|62/100
|-start|p2a: Shuckle|confusion
|-activate|p2a: Shuckle|confusion
|move|p2a: Shuckle|Encore|p1a: Tornadus
|-start|p1a: Tornadus|Encore
|
|upkeep
|turn|3
|inactive|thaxmark has 120 seconds left.
|
|t:|1614547738
|move|p1a: Tornadus|Hurricane|p2a: Shuckle
|-damage|p2a: Shuckle|35/100
|-end|p2a: Shuckle|confusion
|move|p2a: Shuckle|Stealth Rock|p1a: Tornadus
|-sidestart|p1: thaxmark|move: Stealth Rock
|
|upkeep
|turn|4
|
|t:|1614547745
|switch|p2a: Dragapult|Dragapult, F|100/100
|move|p1a: Tornadus|Hurricane|p2a: Dragapult
|-damage|p2a: Dragapult|43/100
|-start|p2a: Dragapult|confusion
|
|-heal|p2a: Dragapult|49/100|[from] item: Leftovers
|upkeep
|turn|5
|
|t:|1614547753
|-activate|p2a: Dragapult|confusion
|move|p2a: Dragapult|Dragon Darts|p1a: Tornadus
|-damage|p1a: Tornadus|70/100
|-anim|p2a: Dragapult|Dragon Darts|p1a: Tornadus
|-damage|p1a: Tornadus|38/100
|move|p1a: Tornadus|Hurricane|p2a: Dragapult
|-damage|p2a: Dragapult|0 fnt
|faint|p2a: Dragapult
|
|-end|p1a: Tornadus|Encore
|upkeep
|
|t:|1614547757
|switch|p2a: Landorus|Landorus-Therian, M|100/100
|-ability|p2a: Landorus|Intimidate|boost
|-unboost|p1a: Tornadus|atk|1
|turn|6
|
|t:|1614547766
|move|p2a: Landorus|Stone Edge|p1a: Tornadus
|-supereffective|p1a: Tornadus
|-damage|p1a: Tornadus|0 fnt
|faint|p1a: Tornadus
|
|upkeep
|
|t:|1614547789
|switch|p1a: Rillaboom|Rillaboom, M|100/100
|-damage|p1a: Rillaboom|88/100|[from] Stealth Rock
|-activate|p1a: Rillaboom|move: Sticky Web
|-unboost|p1a: Rillaboom|spe|1
|-fieldstart|move: Grassy Terrain|[from] ability: Grassy Surge|[of] p1a: Rillaboom
|turn|7
|
|t:|1614547796
|switch|p2a: Shuckle|Shuckle, F|35/100
|move|p1a: Rillaboom|U-turn|p2a: Shuckle
|-damage|p2a: Shuckle|14/100
|
|t:|1614547809
|switch|p1a: Tapu Koko|Tapu Koko|100/100|[from]move: U-turn
|-fieldstart|move: Electric Terrain|[from] ability: Electric Surge|[of] p1a: Tapu Koko
|
|upkeep
|turn|8
|
|t:|1614547826
|switch|p2a: Landorus|Landorus-Therian, M|100/100
|-ability|p2a: Landorus|Intimidate|boost
|-unboost|p1a: Tapu Koko|atk|1
|move|p1a: Tapu Koko|Thunderbolt|p2a: Landorus
|-immune|p2a: Landorus
|
|upkeep
|turn|9
|
|t:|1614547837
|switch|p1a: Rillaboom|Rillaboom, M|88/100
|-damage|p1a: Rillaboom|76/100|[from] Stealth Rock
|-activate|p1a: Rillaboom|move: Sticky Web
|-unboost|p1a: Rillaboom|spe|1
|-fieldstart|move: Grassy Terrain|[from] ability: Grassy Surge|[of] p1a: Rillaboom
|move|p2a: Landorus|U-turn|p1a: Rillaboom
|-supereffective|p1a: Rillaboom
|-damage|p1a: Rillaboom|21/100
|
|t:|1614547852
|switch|p2a: Zapdos|Zapdos-Galar|100/100|[from]move: U-turn
|
|-heal|p1a: Rillaboom|27/100|[from] Grassy Terrain
|upkeep
|turn|10
|j| Deboitemendumenix
|
|t:|1614547868
|switch|p1a: Articuno|Articuno|100/100
|-ability|p1a: Articuno|Pressure
|move|p2a: Zapdos|Thunderous Kick|p1a: Articuno
|-damage|p1a: Articuno|58/100
|-unboost|p1a: Articuno|def|1
|
|upkeep
|turn|11
|l| Deboitemendumenix
|
|t:|1614547878
|switch|p1a: Tapu Koko|Tapu Koko|100/100
|-fieldstart|move: Electric Terrain|[from] ability: Electric Surge|[of] p1a: Tapu Koko
|move|p2a: Zapdos|Thunderous Kick|p1a: Tapu Koko
|-resisted|p1a: Tapu Koko
|-crit|p1a: Tapu Koko
|-damage|p1a: Tapu Koko|47/100
|-unboost|p1a: Tapu Koko|def|1
|
|upkeep
|turn|12
|
|t:|1614547888
|switch|p2a: Landorus|Landorus-Therian, M|100/100
|-ability|p2a: Landorus|Intimidate|boost
|-unboost|p1a: Tapu Koko|atk|1
|move|p1a: Tapu Koko|Thunderbolt|p2a: Landorus
|-immune|p2a: Landorus
|
|upkeep
|turn|13
|
|t:|1614547899
|switch|p1a: Articuno|Articuno|58/100
|-ability|p1a: Articuno|Pressure
|move|p2a: Landorus|Stone Edge|p1a: Articuno|[miss]
|-miss|p2a: Landorus|p1a: Articuno
|
|upkeep
|turn|14
|
|t:|1614547906
|move|p2a: Landorus|Stone Edge|p1a: Articuno|[miss]
|-miss|p2a: Landorus|p1a: Articuno
|move|p1a: Articuno|Freeze-Dry|p2a: Landorus
|-supereffective|p2a: Landorus
|-damage|p2a: Landorus|0 fnt
|faint|p2a: Landorus
|
|upkeep
|
|t:|1614547909
|switch|p2a: Blacephalon|Blacephalon|100/100
|turn|15
|
|t:|1614547916
|switch|p1a: Heatran|Heatran, F|100/100
|-activate|p1a: Heatran|move: Sticky Web
|-unboost|p1a: Heatran|spe|1
|-damage|p1a: Heatran|88/100|[from] Stealth Rock
|move|p2a: Blacephalon|Shadow Ball|p1a: Heatran
|-damage|p1a: Heatran|38/100
|-unboost|p1a: Heatran|spd|1
|
|-heal|p1a: Heatran|44/100|[from] item: Leftovers
|-fieldend|move: Electric Terrain
|upkeep
|turn|16
|inactive|thaxmark has 120 seconds left.
|
|t:|1614547951
|move|p2a: Blacephalon|Shadow Ball|p1a: Heatran
|-damage|p1a: Heatran|0 fnt
|faint|p1a: Heatran
|-ability|p2a: Blacephalon|Beast Boost|boost
|-boost|p2a: Blacephalon|spa|1
|
|upkeep
|
|t:|1614547957
|switch|p1a: Articuno|Articuno|58/100
|-ability|p1a: Articuno|Pressure
|turn|17
|inactive|thaxmark has 120 seconds left.
|
|t:|1614547963
|move|p2a: Blacephalon|Shadow Ball|p1a: Articuno
|-damage|p1a: Articuno|2/100
|move|p1a: Articuno|Toxic|p2a: Blacephalon
|-status|p2a: Blacephalon|tox
|
|-damage|p2a: Blacephalon|94/100 tox|[from] psn
|upkeep
|turn|18
|inactive|thaxmark has 120 seconds left.
|
|t:|1614547983
|move|p2a: Blacephalon|Shadow Ball|p1a: Articuno
|-damage|p1a: Articuno|0 fnt
|faint|p1a: Articuno
|-ability|p2a: Blacephalon|Beast Boost|boost
|-boost|p2a: Blacephalon|spa|1
|
|-damage|p2a: Blacephalon|82/100 tox|[from] psn
|upkeep
|
|t:|1614547990
|switch|p1a: Garchomp|Garchomp, F|100/100
|-activate|p1a: Garchomp|move: Sticky Web
|-unboost|p1a: Garchomp|spe|1
|-damage|p1a: Garchomp|94/100|[from] Stealth Rock
|turn|19
|inactive|thaxmark has 120 seconds left.
|
|t:|1614547999
|move|p2a: Blacephalon|Shadow Ball|p1a: Garchomp
|-damage|p1a: Garchomp|0 fnt
|faint|p1a: Garchomp
|-ability|p2a: Blacephalon|Beast Boost|boost
|-boost|p2a: Blacephalon|spa|1
|
|-damage|p2a: Blacephalon|64/100 tox|[from] psn
|upkeep
|c|☆thaxmark|gg
|inactive|thaxmark has 120 seconds left.
|
|t:|1614548006
|switch|p1a: Rillaboom|Rillaboom, M|27/100
|-damage|p1a: Rillaboom|15/100|[from] Stealth Rock
|-activate|p1a: Rillaboom|move: Sticky Web
|-unboost|p1a: Rillaboom|spe|1
|-fieldstart|move: Grassy Terrain|[from] ability: Grassy Surge|[of] p1a: Rillaboom
|turn|20
|
|t:|1614548013
|move|p1a: Rillaboom|Grassy Glide|p2a: Blacephalon
|-resisted|p2a: Blacephalon
|-damage|p2a: Blacephalon|0 fnt
|faint|p2a: Blacephalon
|
|-heal|p1a: Rillaboom|21/100|[from] Grassy Terrain
|upkeep
|
|t:|1614548021
|switch|p2a: Bisharp|Bisharp, F|100/100
|turn|21
|
|t:|1614548029
|move|p1a: Rillaboom|Grassy Glide|p2a: Bisharp
|-resisted|p2a: Bisharp
|-damage|p2a: Bisharp|56/100
|move|p2a: Bisharp|Swords Dance|p2a: Bisharp
|-boost|p2a: Bisharp|atk|2
|
|-heal|p2a: Bisharp|62/100|[from] Grassy Terrain
|-heal|p1a: Rillaboom|27/100|[from] Grassy Terrain
|upkeep
|turn|22
|
|t:|1614548038
|move|p1a: Rillaboom|Grassy Glide|p2a: Bisharp
|-resisted|p2a: Bisharp
|-damage|p2a: Bisharp|16/100
|move|p2a: Bisharp|Swords Dance|p2a: Bisharp
|-boost|p2a: Bisharp|atk|2
|
|-heal|p2a: Bisharp|22/100|[from] Grassy Terrain
|-heal|p1a: Rillaboom|33/100|[from] Grassy Terrain
|upkeep
|turn|23
|
|t:|1614548047
|move|p2a: Bisharp|Sucker Punch|p1a: Rillaboom
|-damage|p1a: Rillaboom|0 fnt
|faint|p1a: Rillaboom
|
|-heal|p2a: Bisharp|28/100|[from] Grassy Terrain
|upkeep
|
|t:|1614548052
|switch|p1a: Tapu Koko|Tapu Koko|47/100
|-fieldstart|move: Electric Terrain|[from] ability: Electric Surge|[of] p1a: Tapu Koko
|turn|24
|
|t:|1614548056
|move|p2a: Bisharp|Sucker Punch||[still]
|-fail|p2a: Bisharp
|move|p1a: Tapu Koko|Roost|p1a: Tapu Koko
|-heal|p1a: Tapu Koko|97/100
|-singleturn|p1a: Tapu Koko|move: Roost
|
|upkeep
|turn|25
|
|t:|1614548062
|move|p2a: Bisharp|Sucker Punch||[still]
|-fail|p2a: Bisharp
|move|p1a: Tapu Koko|Roost|p1a: Tapu Koko
|-heal|p1a: Tapu Koko|100/100
|-singleturn|p1a: Tapu Koko|move: Roost
|
|upkeep
|turn|26
|
|t:|1614548069
|move|p2a: Bisharp|Sucker Punch|p1a: Tapu Koko
|-resisted|p1a: Tapu Koko
|-damage|p1a: Tapu Koko|7/100
|move|p1a: Tapu Koko|Thunderbolt|p2a: Bisharp
|-damage|p2a: Bisharp|0 fnt
|faint|p2a: Bisharp
|
|upkeep
|
|t:|1614548073
|switch|p2a: Zapdos|Zapdos-Galar|100/100
|turn|27
|
|t:|1614548077
|move|p1a: Tapu Koko|Thunderbolt|p2a: Zapdos
|-supereffective|p2a: Zapdos
|-damage|p2a: Zapdos|0 fnt
|faint|p2a: Zapdos
|
|upkeep
|-message|JoJo321 forfeited.
|
|win|thaxmark
|n|☆thaxmark|thaxmark
|n|☆JoJo321|jojo321
|l|☆JoJo321
|c|☆thaxmark|yoooo
