|j|☆Colonel Rivai
|j|☆yogo896
|t:|1647707902
|gametype|singles
|player|p1|Colonel Rivai|2|1665
|player|p2|yogo896|scientist|1707
|teamsize|p1|6
|teamsize|p2|6
|gen|8
|tier|[Gen 8] OU
|rated|
|rule|Sleep Clause Mod: Limit one foe put to sleep
|rule|Species Clause: Limit one of each Pokémon
|rule|OHKO Clause: OHKO moves are banned
|rule|Evasion Moves Clause: Evasion moves are banned
|rule|Endless Battle Clause: Forcing endless battles is banned
|rule|HP Percentage Mod: HP is shown in percentages
|rule|Dynamax Clause: You cannot dynamax
|clearpoke
|poke|p1|Hydreigon, F|
|poke|p1|Kartana|
|poke|p1|Blacephalon|
|poke|p1|Landorus-Therian, M|
|poke|p1|Melmetal|
|poke|p1|Toxapex, F|
|poke|p2|Tapu Koko|
|poke|p2|Victini|
|poke|p2|Nidoking, M|
|poke|p2|Clefable, F|
|poke|p2|Dragonite, F|
|poke|p2|Corviknight, M|
|teampreview
|inactive|Battle timer is ON: inactive players will automatically lose when time's up. (requested by Colonel Rivai)
|
|t:|1647707922
|start
|switch|p1a: Hydreigon|Hydreigon, F|100/100
|switch|p2a: Clefable|Clefable, F|100/100
|turn|1
|
|t:|1647707931
|move|p1a: Hydreigon|Iron Tail|p2a: Clefable
|-supereffective|p2a: Clefable
|-damage|p2a: Clefable|7/100
|move|p2a: Clefable|Stealth Rock|p1a: Hydreigon
|-sidestart|p1: Colonel Rivai|move: Stealth Rock
|
|upkeep
|turn|2
|
|t:|1647707938
|switch|p1a: Toxapex|Toxapex, F|100/100
|-damage|p1a: Toxapex|88/100|[from] Stealth Rock
|switch|p2a: Corviknight|Corviknight, M|100/100
|-ability|p2a: Corviknight|Pressure
|
|upkeep
|turn|3
|j| Marquesa-10%
|
|t:|1647707955
|switch|p2a: Clefable|Clefable, F|7/100
|move|p1a: Toxapex|Knock Off|p2a: Clefable
|-resisted|p2a: Clefable
|-damage|p2a: Clefable|0 fnt
|-enditem|p2a: Clefable|Sticky Barb|[from] move: Knock Off|[of] p1a: Toxapex
|faint|p2a: Clefable
|
|upkeep
|
|t:|1647707963
|switch|p2a: Tapu Koko|Tapu Koko|100/100
|-fieldstart|move: Electric Terrain|[from] ability: Electric Surge|[of] p2a: Tapu Koko
|turn|4
|
|t:|1647707968
|move|p2a: Tapu Koko|U-turn|p1a: Toxapex
|-resisted|p1a: Toxapex
|-damage|p1a: Toxapex|83/100
|-damage|p2a: Tapu Koko|84/100|[from] item: Rocky Helmet|[of] p1a: Toxapex
|j| TheUsurperKing
|
|t:|1647707978
|switch|p2a: Dragonite|Dragonite, F|100/100|[from]move: U-turn
|move|p1a: Toxapex|Knock Off|p2a: Dragonite
|-damage|p2a: Dragonite|96/100
|-enditem|p2a: Dragonite|Heavy-Duty Boots|[from] move: Knock Off|[of] p1a: Toxapex
|
|upkeep
|turn|5
|
|t:|1647707986
|switch|p2a: Nidoking|Nidoking, M|100/100
|move|p1a: Toxapex|Toxic|p2a: Nidoking
|-immune|p2a: Nidoking
|
|upkeep
|turn|6
|
|t:|1647707993
|switch|p1a: Hydreigon|Hydreigon, F|100/100
|-damage|p1a: Hydreigon|88/100|[from] Stealth Rock
|move|p2a: Nidoking|Ice Beam|p1a: Hydreigon
|-supereffective|p1a: Hydreigon
|-damage|p1a: Hydreigon|0 fnt
|faint|p1a: Hydreigon
|
|upkeep
|
|t:|1647707996
|switch|p1a: Kartana|Kartana|100/100
|-damage|p1a: Kartana|94/100|[from] Stealth Rock
|turn|7
|
|t:|1647708010
|switch|p2a: Corviknight|Corviknight, M|100/100
|-ability|p2a: Corviknight|Pressure
|move|p1a: Kartana|Knock Off|p2a: Corviknight
|-damage|p2a: Corviknight|62/100
|-enditem|p2a: Corviknight|Leftovers|[from] move: Knock Off|[of] p1a: Kartana
|
|upkeep
|turn|8
|
|t:|1647708026
|switch|p1a: Landorus|Landorus-Therian, M|100/100
|-damage|p1a: Landorus|88/100|[from] Stealth Rock
|-ability|p1a: Landorus|Intimidate|boost
|-unboost|p2a: Corviknight|atk|1
|move|p2a: Corviknight|Roost|p2a: Corviknight
|-heal|p2a: Corviknight|100/100
|-singleturn|p2a: Corviknight|move: Roost
|
|-heal|p1a: Landorus|94/100|[from] item: Leftovers
|-fieldend|move: Electric Terrain
|upkeep
|turn|9
|
|t:|1647708033
|move|p1a: Landorus|Defog|p2a: Corviknight
|-unboost|p2a: Corviknight|evasion|1
|-sideend|p1: Colonel Rivai|Stealth Rock|[from] move: Defog|[of] p1a: Landorus
|move|p2a: Corviknight|U-turn|p1a: Landorus
|-resisted|p1a: Landorus
|-damage|p1a: Landorus|89/100
|
|t:|1647708041
|switch|p2a: Nidoking|Nidoking, M|100/100|[from]move: U-turn
|
|-heal|p1a: Landorus|95/100|[from] item: Leftovers
|upkeep
|turn|10
|
|t:|1647708048
|switch|p1a: Toxapex|Toxapex, F|100/100
|move|p2a: Nidoking|Ice Beam|p1a: Toxapex
|-resisted|p1a: Toxapex
|-damage|p1a: Toxapex|84/100
|
|upkeep
|turn|11
|
|t:|1647708056
|move|p2a: Nidoking|Earth Power|p1a: Toxapex
|-supereffective|p1a: Toxapex
|-damage|p1a: Toxapex|0 fnt
|faint|p1a: Toxapex
|
|upkeep
|
|t:|1647708061
|switch|p1a: Melmetal|Melmetal|100/100
|turn|12
|inactive|yogo896 has 120 seconds left.
|j| shosnooper
|
|t:|1647708095
|switch|p2a: Victini|Victini|100/100
|move|p1a: Melmetal|Double Iron Bash|p2a: Victini
|-resisted|p2a: Victini
|-damage|p2a: Victini|80/100
|-resisted|p2a: Victini
|-damage|p2a: Victini|59/100
|-hitcount|p2a: Victini|2
|
|upkeep
|turn|13
|inactive|yogo896 has 120 seconds left.
|
|t:|1647708105
|switch|p1a: Landorus|Landorus-Therian, M|95/100
|-ability|p1a: Landorus|Intimidate|boost
|-unboost|p2a: Victini|atk|1
|move|p2a: Victini|V-create|p1a: Landorus
|-damage|p1a: Landorus|46/100
|-unboost|p2a: Victini|spe|1
|-unboost|p2a: Victini|def|1
|-unboost|p2a: Victini|spd|1
|
|-heal|p1a: Landorus|52/100|[from] item: Leftovers
|upkeep
|turn|14
|inactive|yogo896 has 120 seconds left.
|
|t:|1647708125
|switch|p2a: Corviknight|Corviknight, M|100/100
|-ability|p2a: Corviknight|Pressure
|move|p1a: Landorus|U-turn|p2a: Corviknight
|-resisted|p2a: Corviknight
|-damage|p2a: Corviknight|97/100
|
|t:|1647708127
|switch|p1a: Blacephalon|Blacephalon|100/100|[from]move: U-turn
|
|upkeep
|turn|15
|inactive|yogo896 has 120 seconds left.
|
|t:|1647708138
|switch|p2a: Dragonite|Dragonite, F|96/100
|move|p1a: Blacephalon|Shadow Ball|p2a: Dragonite
|-damage|p2a: Dragonite|52/100
|
|upkeep
|turn|16
|inactive|yogo896 has 120 seconds left.
|
|t:|1647708150
|switch|p1a: Landorus|Landorus-Therian, M|52/100
|-ability|p1a: Landorus|Intimidate|boost
|-unboost|p2a: Dragonite|atk|1
|move|p2a: Dragonite|Earthquake|p1a: Landorus
|-immune|p1a: Landorus
|
|-heal|p1a: Landorus|58/100|[from] item: Leftovers
|upkeep
|turn|17
|
|t:|1647708158
|move|p1a: Landorus|Stealth Rock|p2a: Dragonite
|-sidestart|p2: yogo896|move: Stealth Rock
|move|p2a: Dragonite|Roost|p2a: Dragonite
|-heal|p2a: Dragonite|100/100
|-singleturn|p2a: Dragonite|move: Roost
|
|-heal|p1a: Landorus|64/100|[from] item: Leftovers
|upkeep
|turn|18
|
|t:|1647708164
|move|p1a: Landorus|U-turn|p2a: Dragonite
|-resisted|p2a: Dragonite
|-damage|p2a: Dragonite|97/100
|
|t:|1647708165
|switch|p1a: Melmetal|Melmetal|100/100|[from]move: U-turn
|move|p2a: Dragonite|Ice Beam|p1a: Melmetal
|-resisted|p1a: Melmetal
|-damage|p1a: Melmetal|95/100
|
|upkeep
|turn|19
|
|t:|1647708175
|switch|p2a: Victini|Victini|59/100
|move|p1a: Melmetal|Thunder Punch|p2a: Victini
|-damage|p2a: Victini|25/100
|
|upkeep
|turn|20
|
|t:|1647708186
|switch|p1a: Landorus|Landorus-Therian, M|64/100
|-ability|p1a: Landorus|Intimidate|boost
|-unboost|p2a: Victini|atk|1
|move|p2a: Victini|V-create|p1a: Landorus
|-damage|p1a: Landorus|9/100
|-unboost|p2a: Victini|spe|1
|-unboost|p2a: Victini|def|1
|-unboost|p2a: Victini|spd|1
|
|-heal|p1a: Landorus|15/100|[from] item: Leftovers
|upkeep
|turn|21
|
|t:|1647708198
|move|p2a: Victini|V-create|p1a: Landorus
|-damage|p1a: Landorus|0 fnt
|-unboost|p2a: Victini|spe|1
|-unboost|p2a: Victini|def|1
|-unboost|p2a: Victini|spd|1
|faint|p1a: Landorus
|
|upkeep
|
|t:|1647708200
|switch|p1a: Blacephalon|Blacephalon|100/100
|turn|22
|
|t:|1647708214
|switch|p2a: Dragonite|Dragonite, F|97/100
|-damage|p2a: Dragonite|72/100|[from] Stealth Rock
|move|p1a: Blacephalon|Shadow Ball|p2a: Dragonite
|-damage|p2a: Dragonite|32/100
|
|upkeep
|turn|23
|
|t:|1647708222
|move|p1a: Blacephalon|Shadow Ball|p2a: Dragonite
|-damage|p2a: Dragonite|0 fnt
|faint|p2a: Dragonite
|-ability|p1a: Blacephalon|Beast Boost|boost
|-boost|p1a: Blacephalon|spa|1
|
|upkeep
|
|t:|1647708232
|switch|p2a: Nidoking|Nidoking, M|100/100
|-damage|p2a: Nidoking|95/100|[from] Stealth Rock
|turn|24
|
|t:|1647708237
|move|p1a: Blacephalon|Shadow Ball|p2a: Nidoking
|-damage|p2a: Nidoking|0 fnt
|faint|p2a: Nidoking
|-ability|p1a: Blacephalon|Beast Boost|boost
|-boost|p1a: Blacephalon|spa|1
|
|upkeep
|-message|yogo896 forfeited.
|
|win|Colonel Rivai
|raw|Colonel Rivai's rating: 1665 &rarr; <strong>1687</strong><br />(+22 for winning)
|raw|yogo896's rating: 1707 &rarr; <strong>1685</strong><br />(-22 for losing)
|l|☆yogo896
|l|☆Colonel Rivai
|l| TheUsurperKing
||Ladder isn't responding, score probably updated but might not have (Request timeout).
