|j|☆PedroGreg
|j|☆night tilt
|t:|1659466501
|gametype|singles
|player|p1|PedroGreg|#wcop2022brazil|1633
|player|p2|night tilt|preschooler|1570
|teamsize|p1|6
|teamsize|p2|6
|gen|8
|tier|[Gen 8] OU
|rated|
|rule|Sleep Clause Mod: Limit one foe put to sleep
|rule|Species Clause: Limit one of each Pokémon
|rule|OHKO Clause: OHKO moves are banned
|rule|Evasion Moves Clause: Evasion moves are banned
|rule|Endless Battle Clause: Forcing endless battles is banned
|rule|HP Percentage Mod: HP is shown in percentages
|rule|Dynamax Clause: You cannot dynamax
|clearpoke
|poke|p1|Blacephalon|
|poke|p1|Kartana|
|poke|p1|Weavile, M|
|poke|p1|Zapdos|
|poke|p1|Landorus-Therian, M|
|poke|p1|Melmetal|
|poke|p2|Blissey, F|
|poke|p2|Quagsire, F|
|poke|p2|Toxapex, F|
|poke|p2|Dragonite, M|
|poke|p2|Corviknight, M|
|poke|p2|Zapdos|
|teampreview
|
|t:|1659466515
|start
|switch|p1a: Landorus|Landorus-Therian, M|100/100
|switch|p2a: Toxapex|Toxapex, F|100/100
|-ability|p1a: Landorus|Intimidate|boost
|-unboost|p2a: Toxapex|atk|1
|turn|1
|
|t:|1659466526
|switch|p2a: Corviknight|Corviknight, M|100/100
|-ability|p2a: Corviknight|Pressure
|move|p1a: Landorus|Earthquake|p2a: Corviknight
|-immune|p2a: Corviknight
|
|upkeep
|turn|2
|
|t:|1659466533
|move|p1a: Landorus|Stealth Rock|p2a: Corviknight
|-sidestart|p2: night tilt|move: Stealth Rock
|move|p2a: Corviknight|U-turn|p1a: Landorus
|-resisted|p1a: Landorus
|-damage|p1a: Landorus|94/100
|
|t:|1659466543
|switch|p2a: Dragonite|Dragonite, M|100/100|[from]move: U-turn
|
|-heal|p1a: Landorus|99/100|[from] item: Leftovers
|upkeep
|turn|3
|
|t:|1659466548
|switch|p1a: Melmetal|Melmetal|100/100
|move|p2a: Dragonite|Defog|p1a: Melmetal
|-unboost|p1a: Melmetal|evasion|1
|-sideend|p2: night tilt|Stealth Rock|[from] move: Defog|[of] p2a: Dragonite
|
|upkeep
|turn|4
|
|t:|1659466557
|switch|p2a: Toxapex|Toxapex, F|100/100
|switch|p1a: Landorus|Landorus-Therian, M|99/100
|-ability|p1a: Landorus|Intimidate|boost
|-unboost|p2a: Toxapex|atk|1
|
|-heal|p1a: Landorus|100/100|[from] item: Leftovers
|upkeep
|turn|5
|
|t:|1659466567
|switch|p2a: Corviknight|Corviknight, M|100/100
|-ability|p2a: Corviknight|Pressure
|move|p1a: Landorus|Earthquake|p2a: Corviknight
|-immune|p2a: Corviknight
|
|upkeep
|turn|6
|
|t:|1659466575
|move|p1a: Landorus|Stealth Rock|p2a: Corviknight
|-sidestart|p2: night tilt|move: Stealth Rock
|move|p2a: Corviknight|Iron Head|p1a: Landorus
|-damage|p1a: Landorus|77/100
|
|-heal|p1a: Landorus|83/100|[from] item: Leftovers
|upkeep
|turn|7
|
|t:|1659466579
|move|p1a: Landorus|U-turn|p2a: Corviknight
|-resisted|p2a: Corviknight
|-damage|p2a: Corviknight|96/100
|
|t:|1659466583
|switch|p1a: Blacephalon|Blacephalon|100/100|[from]move: U-turn
|move|p2a: Corviknight|Defog|p1a: Blacephalon
|-unboost|p1a: Blacephalon|evasion|1
|-sideend|p2: night tilt|Stealth Rock|[from] move: Defog|[of] p2a: Corviknight
|
|-heal|p2a: Corviknight|100/100|[from] item: Leftovers
|upkeep
|turn|8
|
|t:|1659466594
|switch|p2a: Toxapex|Toxapex, F|100/100
|move|p1a: Blacephalon|Trick|p2a: Toxapex
|-activate|p1a: Blacephalon|move: Trick|[of] p2a: Toxapex
|-item|p2a: Toxapex|Choice Specs|[from] move: Trick
|-item|p1a: Blacephalon|Shed Shell|[from] move: Trick
|
|upkeep
|turn|9
|
|t:|1659466603
|switch|p1a: Landorus|Landorus-Therian, M|83/100
|-ability|p1a: Landorus|Intimidate|boost
|-unboost|p2a: Toxapex|atk|1
|move|p2a: Toxapex|Toxic|p1a: Landorus
|-status|p1a: Landorus|tox
|
|-heal|p1a: Landorus|89/100 tox|[from] item: Leftovers
|-damage|p1a: Landorus|83/100 tox|[from] psn
|upkeep
|turn|10
|
|t:|1659466608
|switch|p2a: Corviknight|Corviknight, M|100/100
|-ability|p2a: Corviknight|Pressure
|move|p1a: Landorus|U-turn|p2a: Corviknight
|-resisted|p2a: Corviknight
|-damage|p2a: Corviknight|96/100
|
|t:|1659466610
|switch|p1a: Blacephalon|Blacephalon|100/100|[from]move: U-turn
|
|-heal|p2a: Corviknight|100/100|[from] item: Leftovers
|upkeep
|turn|11
|
|t:|1659466614
|switch|p2a: Toxapex|Toxapex, F|100/100
|move|p1a: Blacephalon|Trick|p2a: Toxapex
|-activate|p1a: Blacephalon|move: Trick|[of] p2a: Toxapex
|-item|p2a: Toxapex|Shed Shell|[from] move: Trick
|-item|p1a: Blacephalon|Choice Specs|[from] move: Trick
|
|upkeep
|turn|12
|
|t:|1659466633
|move|p1a: Blacephalon|Shadow Ball|p2a: Toxapex
|-damage|p2a: Toxapex|44/100
|move|p2a: Toxapex|Toxic|p1a: Blacephalon
|-status|p1a: Blacephalon|tox
|
|-damage|p1a: Blacephalon|94/100 tox|[from] psn
|upkeep
|turn|13
|
|t:|1659466640
|switch|p1a: Weavile|Weavile, M|100/100
|-ability|p1a: Weavile|Pressure
|switch|p2a: Blissey|Blissey, F|100/100
|
|upkeep
|turn|14
|
|t:|1659466645
|move|p1a: Weavile|Beat Up|p2a: Blissey
|-damage|p2a: Blissey|89/100
|-damage|p2a: Blissey|73/100
|-damage|p2a: Blissey|63/100
|-damage|p2a: Blissey|50/100
|-hitcount|p2a: Blissey|4
|move|p2a: Blissey|Toxic|p1a: Weavile
|-status|p1a: Weavile|tox
|
|-heal|p2a: Blissey|56/100|[from] item: Leftovers
|-damage|p1a: Weavile|94/100 tox|[from] psn
|upkeep
|turn|15
|-message|PedroGreg forfeited.
|
|win|night tilt
|raw|PedroGreg's rating: 1633 &rarr; <strong>1609</strong><br />(-24 for losing)
|raw|night tilt's rating: 1570 &rarr; <strong>1594</strong><br />(+24 for winning)
|l|☆PedroGreg
