|j|☆uuuuiiii
|j|‽minimax_ai
|t:|1667298762
|gametype|singles
|player|p1|uuuuiiii|170|1653
|player|p2|minimax_ai|266|1643
|teamsize|p1|6
|teamsize|p2|6
|gen|8
|tier|[Gen 8] OU
|rated|
|rule|Sleep Clause Mod: Limit one foe put to sleep
|rule|Species Clause: Limit one of each Pokémon
|rule|OHKO Clause: OHKO moves are banned
|rule|Evasion Items Clause: Evasion items are banned
|rule|Evasion Moves Clause: Evasion moves are banned
|rule|Endless Battle Clause: Forcing endless battles is banned
|rule|HP Percentage Mod: HP is shown in percentages
|rule|Dynamax Clause: You cannot dynamax
|clearpoke
|poke|p1|Kartana|
|poke|p1|Landorus-Therian, M|
|poke|p1|Urshifu-*, F|
|poke|p1|Melmetal|
|poke|p1|Tornadus-Therian, M|
|poke|p1|Tapu Lele|
|poke|p2|Rotom-Wash|
|poke|p2|Weavile, M|
|poke|p2|Landorus-Therian, M|
|poke|p2|Heatran, M|
|poke|p2|Tangrowth, F|
|poke|p2|Melmetal|
|teampreview
|inactive|Battle timer is ON: inactive players will automatically lose when time's up. (requested by minimax_ai)
|
|t:|1667298773
|start
|switch|p1a: Tapu Lele|Tapu Lele|100/100
|switch|p2a: Landorus|Landorus-Therian, M|100/100
|-fieldstart|move: Psychic Terrain|[from] ability: Psychic Surge|[of] p1a: Tapu Lele
|-ability|p2a: Landorus|Intimidate|boost
|-unboost|p1a: Tapu Lele|atk|1
|turn|1
|
|t:|1667298778
|move|p1a: Tapu Lele|Psychic|p2a: Landorus
|-damage|p2a: Landorus|52/100
|move|p2a: Landorus|U-turn|p1a: Tapu Lele
|-damage|p1a: Tapu Lele|68/100
|
|t:|1667298778
|switch|p2a: Heatran|Heatran, M|100/100|[from]move: U-turn
|-item|p2a: Heatran|Air Balloon
|
|upkeep
|turn|2
|j| ggnhax
|
|t:|1667298789
|switch|p1a: Tornadus|Tornadus-Therian, M|100/100
|move|p2a: Heatran|Eruption|p1a: Tornadus
|-damage|p1a: Tornadus|16/100
|
|upkeep
|turn|3
|
|t:|1667298793
|move|p1a: Tornadus|U-turn|p2a: Heatran
|-resisted|p2a: Heatran
|-damage|p2a: Heatran|97/100
|-enditem|p2a: Heatran|Air Balloon
|
|t:|1667298794
|switch|p1a: Urshifu|Urshifu-Rapid-Strike, F|100/100|[from]move: U-turn
|move|p2a: Heatran|Eruption|p1a: Urshifu
|-resisted|p1a: Urshifu
|-crit|p1a: Urshifu
|-damage|p1a: Urshifu|17/100
|
|upkeep
|turn|4
|
|t:|1667298805
|switch|p2a: Tangrowth|Tangrowth, F|100/100
|move|p1a: Urshifu|U-turn|p2a: Tangrowth
|-supereffective|p2a: Tangrowth
|-damage|p2a: Tangrowth|74/100
|
|t:|1667298813
|switch|p1a: Landorus|Landorus-Therian, M|100/100|[from]move: U-turn
|-ability|p1a: Landorus|Intimidate|boost
|-unboost|p2a: Tangrowth|atk|1
|
|upkeep
|turn|5
|
|t:|1667298817
|switch|p2a: Weavile|Weavile, M|100/100
|-ability|p2a: Weavile|Pressure
|move|p1a: Landorus|Stealth Rock|p2a: Weavile
|-sidestart|p2: minimax_ai|move: Stealth Rock
|
|-fieldend|move: Psychic Terrain
|upkeep
|turn|6
|
|t:|1667298825
|switch|p1a: Melmetal|Melmetal|100/100
|move|p2a: Weavile|Triple Axel|p1a: Melmetal
|-resisted|p1a: Melmetal
|-damage|p1a: Melmetal|96/100
|-resisted|p1a: Melmetal
|-damage|p1a: Melmetal|87/100
|-resisted|p1a: Melmetal
|-damage|p1a: Melmetal|74/100
|-hitcount|p1a: Melmetal|3
|
|-heal|p1a: Melmetal|80/100|[from] item: Leftovers
|upkeep
|turn|7
|
|t:|1667298837
|switch|p2a: Rotom|Rotom-Wash|100/100
|-damage|p2a: Rotom|88/100|[from] Stealth Rock
|move|p1a: Melmetal|Toxic|p2a: Rotom
|-status|p2a: Rotom|tox
|
|-heal|p2a: Rotom|94/100 tox|[from] item: Leftovers
|-heal|p1a: Melmetal|86/100|[from] item: Leftovers
|-damage|p2a: Rotom|88/100 tox|[from] psn
|upkeep
|turn|8
|j| wdz999
|
|t:|1667298843
|move|p1a: Melmetal|Protect|p1a: Melmetal
|-singleturn|p1a: Melmetal|Protect
|move|p2a: Rotom|Thunderbolt|p1a: Melmetal
|-activate|p1a: Melmetal|move: Protect
|
|-heal|p2a: Rotom|94/100 tox|[from] item: Leftovers
|-heal|p1a: Melmetal|92/100|[from] item: Leftovers
|-damage|p2a: Rotom|82/100 tox|[from] psn
|upkeep
|turn|9
|
|t:|1667298853
|switch|p1a: Kartana|Kartana|100/100
|move|p2a: Rotom|Thunderbolt|p1a: Kartana
|-resisted|p1a: Kartana
|-damage|p1a: Kartana|48/100
|
|-heal|p2a: Rotom|88/100 tox|[from] item: Leftovers
|-damage|p2a: Rotom|69/100 tox|[from] psn
|upkeep
|turn|10
|
|t:|1667298861
|switch|p2a: Tangrowth|Tangrowth, F|100/100
|-damage|p2a: Tangrowth|88/100|[from] Stealth Rock
|move|p1a: Kartana|Knock Off|p2a: Tangrowth
|-crit|p2a: Tangrowth
|-damage|p2a: Tangrowth|36/100
|-damage|p1a: Kartana|31/100|[from] item: Rocky Helmet|[of] p2a: Tangrowth
|-enditem|p2a: Tangrowth|Rocky Helmet|[from] move: Knock Off|[of] p1a: Kartana
|
|upkeep
|turn|11
|
|t:|1667298871
|switch|p2a: Melmetal|Melmetal|100/100
|-damage|p2a: Melmetal|94/100|[from] Stealth Rock
|move|p1a: Kartana|Knock Off|p2a: Melmetal
|-damage|p2a: Melmetal|59/100
|-enditem|p2a: Melmetal|Assault Vest|[from] move: Knock Off|[of] p1a: Kartana
|
|upkeep
|turn|12
|j| De5tr0yr
|j| xiaoyu11
|
|t:|1667298890
|move|p1a: Kartana|Knock Off|p2a: Melmetal
|-damage|p2a: Melmetal|37/100
|move|p2a: Melmetal|Double Iron Bash|p1a: Kartana
|-resisted|p1a: Kartana
|-damage|p1a: Kartana|9/100
|-resisted|p1a: Kartana
|-damage|p1a: Kartana|0 fnt
|faint|p1a: Kartana
|-hitcount|p1: Kartana|2
|
|upkeep
|
|t:|1667298895
|switch|p1a: Urshifu|Urshifu-Rapid-Strike, F|17/100
|turn|13
|
|t:|1667298897
|switch|p2a: Tangrowth|Tangrowth, F|69/100
|-damage|p2a: Tangrowth|57/100|[from] Stealth Rock
|move|p1a: Urshifu|Close Combat|p2a: Tangrowth
|-damage|p2a: Tangrowth|24/100
|-unboost|p1a: Urshifu|def|1
|-unboost|p1a: Urshifu|spd|1
|
|upkeep
|turn|14
|
|t:|1667298906
|switch|p2a: Landorus|Landorus-Therian, M|52/100
|-damage|p2a: Landorus|39/100|[from] Stealth Rock
|-ability|p2a: Landorus|Intimidate|boost
|-unboost|p1a: Urshifu|atk|1
|move|p1a: Urshifu|Close Combat|p2a: Landorus
|-resisted|p2a: Landorus
|-damage|p2a: Landorus|19/100
|-unboost|p1a: Urshifu|def|1
|-unboost|p1a: Urshifu|spd|1
|
|-heal|p2a: Landorus|25/100|[from] item: Leftovers
|upkeep
|turn|15
|
|t:|1667298908
|move|p1a: Urshifu|Surging Strikes|p2a: Landorus
|-supereffective|p2a: Landorus
|-crit|p2a: Landorus
|-damage|p2a: Landorus|0 fnt
|faint|p2a: Landorus
|-hitcount|p2: Landorus|1
|
|upkeep
|
|t:|1667298908
|switch|p2a: Weavile|Weavile, M|100/100
|-damage|p2a: Weavile|76/100|[from] Stealth Rock
|-ability|p2a: Weavile|Pressure
|turn|16
|
|t:|1667298926
|switch|p1a: Tornadus|Tornadus-Therian, M|49/100
|move|p2a: Weavile|Knock Off|p1a: Tornadus
|-damage|p1a: Tornadus|0 fnt
|-enditem|p1a: Tornadus|Heavy-Duty Boots|[from] move: Knock Off|[of] p2a: Weavile
|faint|p1a: Tornadus
|
|upkeep
|
|t:|1667298927
|switch|p1a: Melmetal|Melmetal|92/100
|turn|17
|
|t:|1667298930
|switch|p2a: Rotom|Rotom-Wash|69/100 tox
|-damage|p2a: Rotom|57/100 tox|[from] Stealth Rock
|move|p1a: Melmetal|Double Iron Bash|p2a: Rotom
|-resisted|p2a: Rotom
|-damage|p2a: Rotom|46/100 tox
|-resisted|p2a: Rotom
|-damage|p2a: Rotom|35/100 tox
|-hitcount|p2a: Rotom|2
|
|-heal|p2a: Rotom|41/100 tox|[from] item: Leftovers
|-heal|p1a: Melmetal|98/100|[from] item: Leftovers
|-damage|p2a: Rotom|35/100 tox|[from] psn
|upkeep
|turn|18
|
|t:|1667298941
|move|p1a: Melmetal|Protect|p1a: Melmetal
|-singleturn|p1a: Melmetal|Protect
|move|p2a: Rotom|Thunderbolt|p1a: Melmetal
|-activate|p1a: Melmetal|move: Protect
|
|-heal|p2a: Rotom|41/100 tox|[from] item: Leftovers
|-heal|p1a: Melmetal|100/100|[from] item: Leftovers
|-damage|p2a: Rotom|28/100 tox|[from] psn
|upkeep
|turn|19
|
|t:|1667298945
|switch|p1a: Tapu Lele|Tapu Lele|68/100
|-fieldstart|move: Psychic Terrain|[from] ability: Psychic Surge|[of] p1a: Tapu Lele
|move|p2a: Rotom|Thunderbolt|p1a: Tapu Lele
|-damage|p1a: Tapu Lele|30/100
|
|-heal|p2a: Rotom|35/100 tox|[from] item: Leftovers
|-damage|p2a: Rotom|16/100 tox|[from] psn
|upkeep
|turn|20
|
|t:|1667298948
|move|p1a: Tapu Lele|Focus Blast|p2a: Rotom
|-damage|p2a: Rotom|0 fnt
|faint|p2a: Rotom
|
|upkeep
|
|t:|1667298948
|switch|p2a: Melmetal|Melmetal|37/100
|-damage|p2a: Melmetal|30/100|[from] Stealth Rock
|turn|21
|
|t:|1667298951
|move|p1a: Tapu Lele|Focus Blast|p2a: Melmetal|[miss]
|-miss|p1a: Tapu Lele|p2a: Melmetal
|move|p2a: Melmetal|Double Iron Bash|p1a: Tapu Lele
|-supereffective|p1a: Tapu Lele
|-damage|p1a: Tapu Lele|0 fnt
|faint|p1a: Tapu Lele
|-hitcount|p1: Tapu Lele|1
|
|upkeep
|
|t:|1667298954
|switch|p1a: Urshifu|Urshifu-Rapid-Strike, F|17/100
|turn|22
|
|t:|1667298955
|move|p1a: Urshifu|Close Combat|p2a: Melmetal
|-supereffective|p2a: Melmetal
|-crit|p2a: Melmetal
|-damage|p2a: Melmetal|0 fnt
|-unboost|p1a: Urshifu|def|1
|-unboost|p1a: Urshifu|spd|1
|faint|p2a: Melmetal
|
|upkeep
|
|t:|1667298955
|switch|p2a: Weavile|Weavile, M|76/100
|-damage|p2a: Weavile|51/100|[from] Stealth Rock
|-ability|p2a: Weavile|Pressure
|turn|23
|l| wdz999
|
|t:|1667298973
|switch|p1a: Melmetal|Melmetal|100/100
|move|p2a: Weavile|Low Kick|p1a: Melmetal
|-supereffective|p1a: Melmetal
|-damage|p1a: Melmetal|23/100
|
|-heal|p1a: Melmetal|29/100|[from] item: Leftovers
|-fieldend|move: Psychic Terrain
|upkeep
|turn|24
|
|t:|1667298979
|move|p1a: Melmetal|Protect|p1a: Melmetal
|-singleturn|p1a: Melmetal|Protect
|move|p2a: Weavile|Low Kick|p1a: Melmetal
|-activate|p1a: Melmetal|move: Protect
|
|-heal|p1a: Melmetal|35/100|[from] item: Leftovers
|upkeep
|turn|25
|
|t:|1667298994
|switch|p1a: Landorus|Landorus-Therian, M|100/100
|-ability|p1a: Landorus|Intimidate|boost
|-unboost|p2a: Weavile|atk|1
|move|p2a: Weavile|Low Kick|p1a: Landorus
|-resisted|p1a: Landorus
|-damage|p1a: Landorus|87/100
|
|-heal|p1a: Landorus|93/100|[from] item: Leftovers
|upkeep
|turn|26
|
|t:|1667298996
|switch|p2a: Tangrowth|Tangrowth, F|57/100
|-damage|p2a: Tangrowth|45/100|[from] Stealth Rock
|move|p1a: Landorus|U-turn|p2a: Tangrowth
|-supereffective|p2a: Tangrowth
|-damage|p2a: Tangrowth|19/100
|
|t:|1667299001
|switch|p1a: Urshifu|Urshifu-Rapid-Strike, F|17/100|[from]move: U-turn
|
|upkeep
|turn|27
|
|t:|1667299004
|switch|p2a: Weavile|Weavile, M|51/100
|-damage|p2a: Weavile|26/100|[from] Stealth Rock
|-ability|p2a: Weavile|Pressure
|move|p1a: Urshifu|U-turn|p2a: Weavile
|-supereffective|p2a: Weavile
|-damage|p2a: Weavile|0 fnt
|faint|p2a: Weavile
|
|t:|1667299008
|switch|p1a: Landorus|Landorus-Therian, M|93/100|[from]move: U-turn
|
|-heal|p1a: Landorus|99/100|[from] item: Leftovers
|upkeep
|
|t:|1667299008
|switch|p2a: Tangrowth|Tangrowth, F|52/100
|-damage|p2a: Tangrowth|40/100|[from] Stealth Rock
|turn|28
|
|t:|1667299012
|move|p1a: Landorus|Toxic|p2a: Tangrowth
|-status|p2a: Tangrowth|tox
|move|p2a: Tangrowth|Sleep Powder|p1a: Landorus
|-status|p1a: Landorus|slp|[from] move: Sleep Powder
|
|-heal|p1a: Landorus|100/100 slp|[from] item: Leftovers
|-damage|p2a: Tangrowth|33/100 tox|[from] psn
|upkeep
|turn|29
|
|t:|1667299014
|cant|p1a: Landorus|slp
|move|p2a: Tangrowth|Giga Drain|p1a: Landorus
|-damage|p1a: Landorus|79/100 slp
|-heal|p2a: Tangrowth|44/100 tox|[from] drain|[of] p1a: Landorus
|
|-heal|p1a: Landorus|85/100 slp|[from] item: Leftovers
|-damage|p2a: Tangrowth|31/100 tox|[from] psn
|upkeep
|turn|30
|
|t:|1667299016
|switch|p2a: Heatran|Heatran, M|97/100
|-damage|p2a: Heatran|84/100|[from] Stealth Rock
|cant|p1a: Landorus|slp
|
|-heal|p1a: Landorus|91/100 slp|[from] item: Leftovers
|upkeep
|turn|31
|
|t:|1667299018
|move|p2a: Heatran|Eruption|p1a: Landorus
|-damage|p1a: Landorus|39/100 slp
|cant|p1a: Landorus|slp
|
|-heal|p1a: Landorus|45/100 slp|[from] item: Leftovers
|upkeep
|turn|32
|
|t:|1667299020
|move|p2a: Heatran|Eruption|p1a: Landorus
|-damage|p1a: Landorus|0 fnt
|faint|p1a: Landorus
|
|upkeep
|
|t:|1667299022
|switch|p1a: Urshifu|Urshifu-Rapid-Strike, F|17/100
|turn|33
|c| De5tr0yr|Ayo a bot predicted
|
|t:|1667299023
|switch|p2a: Tangrowth|Tangrowth, F|64/100 tox
|-damage|p2a: Tangrowth|52/100 tox|[from] Stealth Rock
|move|p1a: Urshifu|Close Combat|p2a: Tangrowth
|-damage|p2a: Tangrowth|22/100 tox
|-unboost|p1a: Urshifu|def|1
|-unboost|p1a: Urshifu|spd|1
|
|-damage|p2a: Tangrowth|16/100 tox|[from] psn
|upkeep
|turn|34
|
|t:|1667299026
|move|p1a: Urshifu|Close Combat|p2a: Tangrowth
|-damage|p2a: Tangrowth|0 fnt
|-unboost|p1a: Urshifu|def|1
|-unboost|p1a: Urshifu|spd|1
|faint|p2a: Tangrowth
|
|upkeep
|
|t:|1667299026
|switch|p2a: Heatran|Heatran, M|84/100
|-damage|p2a: Heatran|72/100|[from] Stealth Rock
|turn|35
|
|t:|1667299027
|move|p1a: Urshifu|Close Combat|p2a: Heatran
|-supereffective|p2a: Heatran
|-damage|p2a: Heatran|0 fnt
|-unboost|p1a: Urshifu|def|1
|-unboost|p1a: Urshifu|spd|1
|faint|p2a: Heatran
|
|win|uuuuiiii
|raw|uuuuiiii's rating: 1653 &rarr; <strong>1672</strong><br />(+19 for winning)
|raw|minimax_ai's rating: 1643 &rarr; <strong>1624</strong><br />(-19 for losing)
|l|‽minimax_ai
|l| De5tr0yr
