|j|☆Maitredouard2
|j|☆Testetesting
|t:|1652357265
|gametype|singles
|player|p1|Maitredouard2|lance|1698
|player|p2|Testetesting|102|1598
|teamsize|p1|6
|teamsize|p2|6
|gen|8
|tier|[Gen 8] OU
|rated|
|rule|Sleep Clause Mod: Limit one foe put to sleep
|rule|Species Clause: Limit one of each Pokémon
|rule|OHKO Clause: OHKO moves are banned
|rule|Evasion Moves Clause: Evasion moves are banned
|rule|Endless Battle Clause: Forcing endless battles is banned
|rule|HP Percentage Mod: HP is shown in percentages
|rule|Dynamax Clause: You cannot dynamax
|clearpoke
|poke|p1|Mandibuzz, F|
|poke|p1|Landorus-Therian, M|
|poke|p1|Blissey, F|
|poke|p1|Heatran, M|
|poke|p1|Toxapex, M|
|poke|p1|Tapu Lele|
|poke|p2|Diggersby, M|
|poke|p2|Tentacruel, F|
|poke|p2|Weavile, M|
|poke|p2|Heatran, F|
|poke|p2|Buzzwole|
|poke|p2|Zapdos|
|teampreview
|
|t:|1652357277
|start
|switch|p1a: Heatran|Heatran, M|100/100
|switch|p2a: Weavile|Weavile, M|100/100
|-ability|p2a: Weavile|Pressure
|-item|p1a: Heatran|Air Balloon
|turn|1
|
|t:|1652357317
|switch|p2a: Tentacruel|Tentacruel, F|100/100
|move|p1a: Heatran|Magma Storm|p2a: Tentacruel
|-resisted|p2a: Tentacruel
|-damage|p2a: Tentacruel|76/100
|-activate|p2a: Tentacruel|move: Magma Storm|[of] p1a: Heatran
|
|-heal|p2a: Tentacruel|82/100|[from] item: Black Sludge
|-damage|p2a: Tentacruel|70/100|[from] move: Magma Storm|[partiallytrapped]
|upkeep
|turn|2
|
|t:|1652357327
|switch|p1a: Tapu Lele|Tapu Lele|100/100
|-fieldstart|move: Psychic Terrain|[from] ability: Psychic Surge|[of] p1a: Tapu Lele
|move|p2a: Tentacruel|Scald|p1a: Tapu Lele
|-damage|p1a: Tapu Lele|76/100
|-status|p1a: Tapu Lele|brn
|
|-heal|p2a: Tentacruel|76/100|[from] item: Black Sludge
|-damage|p1a: Tapu Lele|70/100 brn|[from] brn
|-end|p2a: Tentacruel|Magma Storm|[partiallytrapped]|[silent]
|upkeep
|turn|3
|
|t:|1652357339
|move|p2a: Tentacruel|Sludge Bomb|p1a: Tapu Lele
|-supereffective|p1a: Tapu Lele
|-damage|p1a: Tapu Lele|16/100 brn
|move|p1a: Tapu Lele|Focus Blast|p2a: Tentacruel
|-resisted|p2a: Tentacruel
|-damage|p2a: Tentacruel|52/100
|
|-heal|p2a: Tentacruel|58/100|[from] item: Black Sludge
|-damage|p1a: Tapu Lele|10/100 brn|[from] brn
|upkeep
|turn|4
|
|t:|1652357350
|switch|p1a: Blissey|Blissey, F|100/100
|move|p2a: Tentacruel|Scald|p1a: Blissey
|-damage|p1a: Blissey|92/100
|
|-heal|p2a: Tentacruel|64/100|[from] item: Black Sludge
|upkeep
|turn|5
|
|t:|1652357358
|switch|p2a: Diggersby|Diggersby, M|100/100
|move|p1a: Blissey|Seismic Toss|p2a: Diggersby
|-damage|p2a: Diggersby|74/100
|
|upkeep
|turn|6
|
|t:|1652357365
|switch|p1a: Mandibuzz|Mandibuzz, F|100/100
|move|p2a: Diggersby|Spikes|p1a: Mandibuzz
|-sidestart|p1: Maitredouard2|Spikes
|
|-fieldend|move: Psychic Terrain
|upkeep
|turn|7
|
|t:|1652357372
|move|p2a: Diggersby|Super Fang|p1a: Mandibuzz
|-damage|p1a: Mandibuzz|50/100
|move|p1a: Mandibuzz|Foul Play|p2a: Diggersby
|-damage|p2a: Diggersby|48/100
|-enditem|p2a: Diggersby|Sitrus Berry|[eat]
|-heal|p2a: Diggersby|73/100|[from] item: Sitrus Berry
|-heal|p2a: Diggersby|100/100|[from] ability: Cheek Pouch
|
|upkeep
|turn|8
|
|t:|1652357381
|move|p2a: Diggersby|Knock Off|p1a: Mandibuzz
|-resisted|p1a: Mandibuzz
|-damage|p1a: Mandibuzz|46/100
|-enditem|p1a: Mandibuzz|Heavy-Duty Boots|[from] move: Knock Off|[of] p2a: Diggersby
|move|p1a: Mandibuzz|Roost|p1a: Mandibuzz
|-heal|p1a: Mandibuzz|96/100
|-singleturn|p1a: Mandibuzz|move: Roost
|
|upkeep
|turn|9
|j| f65701
|
|t:|1652357389
|move|p2a: Diggersby|Recycle|p2a: Diggersby
|-item|p2a: Diggersby|Sitrus Berry|[from] move: Recycle
|move|p1a: Mandibuzz|Toxic|p2a: Diggersby
|-status|p2a: Diggersby|tox
|
|-damage|p2a: Diggersby|94/100 tox|[from] psn
|upkeep
|turn|10
|
|t:|1652357397
|move|p2a: Diggersby|Super Fang|p1a: Mandibuzz
|-damage|p1a: Mandibuzz|48/100
|move|p1a: Mandibuzz|Taunt|p2a: Diggersby
|-start|p2a: Diggersby|move: Taunt
|
|-damage|p2a: Diggersby|82/100 tox|[from] psn
|upkeep
|turn|11
|
|t:|1652357407
|switch|p2a: Weavile|Weavile, M|100/100
|-ability|p2a: Weavile|Pressure
|move|p1a: Mandibuzz|Roost|p1a: Mandibuzz
|-heal|p1a: Mandibuzz|98/100
|-singleturn|p1a: Mandibuzz|move: Roost
|
|upkeep
|turn|12
|
|t:|1652357415
|move|p2a: Weavile|Triple Axel|p1a: Mandibuzz|[miss]
|-miss|p2a: Weavile|p1a: Mandibuzz
|move|p1a: Mandibuzz|Foul Play|p2a: Weavile
|-resisted|p2a: Weavile
|-damage|p2a: Weavile|59/100
|
|upkeep
|turn|13
|
|t:|1652357422
|move|p2a: Weavile|Triple Axel|p1a: Mandibuzz
|-supereffective|p1a: Mandibuzz
|-damage|p1a: Mandibuzz|80/100
|-supereffective|p1a: Mandibuzz
|-damage|p1a: Mandibuzz|39/100
|-supereffective|p1a: Mandibuzz
|-damage|p1a: Mandibuzz|0 fnt
|faint|p1a: Mandibuzz
|-hitcount|p1: Mandibuzz|3
|
|upkeep
|
|t:|1652357433
|switch|p1a: Heatran|Heatran, M|100/100
|-item|p1a: Heatran|Air Balloon
|turn|14
|
|t:|1652357438
|switch|p2a: Diggersby|Diggersby, M|82/100 tox
|move|p1a: Heatran|Earth Power|p2a: Diggersby
|-damage|p2a: Diggersby|54/100 tox
|
|-damage|p2a: Diggersby|48/100 tox|[from] psn
|upkeep
|-enditem|p2a: Diggersby|Sitrus Berry|[eat]
|-heal|p2a: Diggersby|73/100 tox|[from] item: Sitrus Berry
|-heal|p2a: Diggersby|100/100 tox|[from] ability: Cheek Pouch
|turn|15
|
|t:|1652357450
|move|p2a: Diggersby|Super Fang|p1a: Heatran
|-damage|p1a: Heatran|50/100
|-enditem|p1a: Heatran|Air Balloon
|move|p1a: Heatran|Magma Storm|p2a: Diggersby|[miss]
|-miss|p1a: Heatran|p2a: Diggersby
|
|-damage|p2a: Diggersby|88/100 tox|[from] psn
|upkeep
|turn|16
|
|t:|1652357464
|switch|p2a: Tentacruel|Tentacruel, F|64/100
|switch|p1a: Landorus|Landorus-Therian, M|100/100
|-ability|p1a: Landorus|Intimidate|boost
|-unboost|p2a: Tentacruel|atk|1
|
|-heal|p2a: Tentacruel|70/100|[from] item: Black Sludge
|upkeep
|turn|17
|
|t:|1652357473
|move|p1a: Landorus|Earthquake|p2a: Tentacruel
|-supereffective|p2a: Tentacruel
|-damage|p2a: Tentacruel|0 fnt
|faint|p2a: Tentacruel
|
|upkeep
|
|t:|1652357477
|switch|p2a: Zapdos|Zapdos|100/100
|turn|18
|
|t:|1652357485
|switch|p1a: Blissey|Blissey, F|92/100
|switch|p2a: Buzzwole|Buzzwole|100/100
|
|upkeep
|turn|19
|
|t:|1652357492
|switch|p1a: Toxapex|Toxapex, M|100/100
|-damage|p1a: Toxapex|88/100|[from] Spikes
|move|p2a: Buzzwole|Earthquake|p1a: Toxapex
|-supereffective|p1a: Toxapex
|-damage|p1a: Toxapex|45/100
|
|upkeep
|turn|20
|
|t:|1652357500
|move|p2a: Buzzwole|Earthquake|p1a: Toxapex
|-supereffective|p1a: Toxapex
|-damage|p1a: Toxapex|0 fnt
|faint|p1a: Toxapex
|-ability|p2a: Buzzwole|Beast Boost|boost
|-boost|p2a: Buzzwole|atk|1
|
|upkeep
|-message|Maitredouard2 forfeited.
|
|win|Testetesting
|raw|Maitredouard2's rating: 1698 &rarr; <strong>1672</strong><br />(-26 for losing)
|raw|Testetesting's rating: 1598 &rarr; <strong>1624</strong><br />(+26 for winning)
|l|☆Maitredouard2
|l| f65701
||Ladder isn't responding, score probably updated but might not have (Request timeout).
