|j|☆Mel2345
|j|☆Vextal
|t:|1636279678
|gametype|singles
|player|p1|Mel2345|cheren-gen5bw2|1680
|player|p2|Vextal|#vextal|1590
|teamsize|p1|6
|teamsize|p2|6
|gen|8
|tier|[Gen 8] OU
|rated|
|rule|Sleep Clause Mod: Limit one foe put to sleep
|rule|Species Clause: Limit one of each Pokémon
|rule|OHKO Clause: OHKO moves are banned
|rule|Evasion Moves Clause: Evasion moves are banned
|rule|Endless Battle Clause: Forcing endless battles is banned
|rule|HP Percentage Mod: HP is shown in percentages
|rule|Dynamax Clause: You cannot dynamax
|clearpoke
|poke|p1|Slowking-Galar, F|
|poke|p1|Weavile, M|
|poke|p1|Magnezone|
|poke|p1|Garchomp, F|
|poke|p1|Corviknight, M|
|poke|p1|Urshifu-*, F|
|poke|p2|Toxapex, M|
|poke|p2|Reuniclus, M|
|poke|p2|Tangrowth, M|
|poke|p2|Blissey, F|
|poke|p2|Zapdos|
|poke|p2|Dragonite, F|
|teampreview
|inactive|Battle timer is ON: inactive players will automatically lose when time's up. (requested by Mel2345)
|c|☆Mel2345|hf
|c|☆Vextal|hf
|
|t:|1636279707
|start
|switch|p1a: Garchomp|Garchomp, F|100/100
|switch|p2a: Toxapex|Toxapex, M|100/100
|turn|1
|
|t:|1636279723
|move|p1a: Garchomp|Earthquake|p2a: Toxapex
|-supereffective|p2a: Toxapex
|-crit|p2a: Toxapex
|-damage|p2a: Toxapex|19/100
|move|p2a: Toxapex|Knock Off|p1a: Garchomp
|-crit|p1a: Garchomp
|-damage|p1a: Garchomp|85/100
|-damage|p2a: Toxapex|6/100|[from] ability: Rough Skin|[of] p1a: Garchomp
|-enditem|p1a: Garchomp|Leftovers|[from] move: Knock Off|[of] p2a: Toxapex
|
|upkeep
|turn|2
|
|t:|1636279732
|switch|p2a: Tangrowth|Tangrowth, M|100/100
|move|p1a: Garchomp|Stealth Rock|p2a: Tangrowth
|-sidestart|p2: Vextal|move: Stealth Rock
|
|upkeep
|turn|3
|
|t:|1636279737
|move|p1a: Garchomp|Toxic|p2a: Tangrowth
|-status|p2a: Tangrowth|tox
|move|p2a: Tangrowth|Knock Off|p1a: Garchomp
|-damage|p1a: Garchomp|73/100
|-damage|p2a: Tangrowth|88/100 tox|[from] ability: Rough Skin|[of] p1a: Garchomp
|
|-damage|p2a: Tangrowth|82/100 tox|[from] psn
|upkeep
|turn|4
|
|t:|1636279745
|move|p1a: Garchomp|Protect|p1a: Garchomp
|-singleturn|p1a: Garchomp|Protect
|move|p2a: Tangrowth|Giga Drain|p1a: Garchomp
|-activate|p1a: Garchomp|move: Protect
|
|-damage|p2a: Tangrowth|70/100 tox|[from] psn
|upkeep
|turn|5
|
|t:|1636279749
|switch|p1a: Slowking|Slowking-Galar, F|100/100
|move|p2a: Tangrowth|Giga Drain|p1a: Slowking
|-resisted|p1a: Slowking
|-damage|p1a: Slowking|93/100
|-heal|p2a: Tangrowth|73/100 tox|[from] drain|[of] p1a: Slowking
|
|-damage|p2a: Tangrowth|55/100 tox|[from] psn
|upkeep
|turn|6
|
|t:|1636279764
|switch|p2a: Toxapex|Toxapex, M|40/100
|-damage|p2a: Toxapex|27/100|[from] Stealth Rock
|move|p1a: Slowking|Ice Beam|p2a: Toxapex
|-resisted|p2a: Toxapex
|-damage|p2a: Toxapex|16/100
|
|upkeep
|turn|7
|
|t:|1636279769
|switch|p2a: Dragonite|Dragonite, F|100/100
|move|p1a: Slowking|Sludge Bomb|p2a: Dragonite
|-damage|p2a: Dragonite|81/100
|-status|p2a: Dragonite|psn
|
|-damage|p2a: Dragonite|69/100 psn|[from] psn
|upkeep
|turn|8
|
|t:|1636279774
|switch|p2a: Blissey|Blissey, F|100/100
|move|p1a: Slowking|Future Sight|p2a: Blissey
|-start|p1a: Slowking|move: Future Sight
|
|upkeep
|turn|9
|
|t:|1636279790
|switch|p1a: Corviknight|Corviknight, M|100/100
|-ability|p1a: Corviknight|Pressure
|move|p2a: Blissey|Heal Bell|p2a: Blissey
|-activate|p2a: Blissey|move: Heal Bell
|-curestatus|p2: Tangrowth|tox|[msg]
|-curestatus|p2: Dragonite|psn|[msg]
|
|upkeep
|turn|10
|
|t:|1636279797
|switch|p2a: Toxapex|Toxapex, M|49/100
|-damage|p2a: Toxapex|37/100|[from] Stealth Rock
|move|p1a: Corviknight|U-turn|p2a: Toxapex
|-resisted|p2a: Toxapex
|-damage|p2a: Toxapex|33/100
|-damage|p1a: Corviknight|84/100|[from] item: Rocky Helmet|[of] p2a: Toxapex
|
|t:|1636279808
|switch|p1a: Garchomp|Garchomp, F|73/100|[from]move: U-turn
|
|-end|p2a: Toxapex|move: Future Sight
|-supereffective|p2a: Toxapex
|-damage|p2a: Toxapex|0 fnt
|faint|p2a: Toxapex
|upkeep
|
|t:|1636279815
|switch|p2a: Dragonite|Dragonite, F|69/100
|turn|11
|
|t:|1636279823
|switch|p1a: Corviknight|Corviknight, M|84/100
|-ability|p1a: Corviknight|Pressure
|move|p2a: Dragonite|Dragon Dance|p2a: Dragonite
|-boost|p2a: Dragonite|atk|1
|-boost|p2a: Dragonite|spe|1
|
|upkeep
|turn|12
|
|t:|1636279828
|move|p2a: Dragonite|Dragon Dance|p2a: Dragonite
|-boost|p2a: Dragonite|atk|1
|-boost|p2a: Dragonite|spe|1
|move|p1a: Corviknight|U-turn|p2a: Dragonite
|-resisted|p2a: Dragonite
|-damage|p2a: Dragonite|62/100
|
|t:|1636279831
|switch|p1a: Weavile|Weavile, M|100/100|[from]move: U-turn
|-ability|p1a: Weavile|Pressure
|
|upkeep
|turn|13
|
|t:|1636279837
|switch|p2a: Reuniclus|Reuniclus, M|100/100
|-damage|p2a: Reuniclus|88/100|[from] Stealth Rock
|move|p1a: Weavile|Ice Shard|p2a: Reuniclus
|-damage|p2a: Reuniclus|65/100
|
|upkeep
|turn|14
|-message|Vextal forfeited.
|
|win|Mel2345
|raw|Mel2345's rating: 1680 &rarr; <strong>1695</strong><br />(+15 for winning)
|raw|Vextal's rating: 1590 &rarr; <strong>1575</strong><br />(-15 for losing)
|l|☆Vextal
