|raw|<div class="broadcast-blue"><strong>This battle is required to be public due to a player having a name starting with 'lt91bb'.</div>
|j|☆LT91BB CCN
|j|☆Bloody Busybody
|t:|1659102152
|gametype|singles
|player|p1|LT91BB CCN|dawn|1667
|player|p2|Bloody Busybody|bugcatcher|1720
|teamsize|p1|6
|teamsize|p2|6
|gen|8
|tier|[Gen 8] OU
|rated|
|rule|Sleep Clause Mod: Limit one foe put to sleep
|rule|Species Clause: Limit one of each Pokémon
|rule|OHKO Clause: OHKO moves are banned
|rule|Evasion Moves Clause: Evasion moves are banned
|rule|Endless Battle Clause: Forcing endless battles is banned
|rule|HP Percentage Mod: HP is shown in percentages
|rule|Dynamax Clause: You cannot dynamax
|clearpoke
|poke|p1|Tapu Fini|
|poke|p1|Ferrothorn, M|
|poke|p1|Landorus-Therian, M|
|poke|p1|Weavile, M|
|poke|p1|Slowking-Galar, F|
|poke|p1|Dragonite, M|
|poke|p2|Volcanion|
|poke|p2|Corviknight, M|
|poke|p2|Mamoswine, F|
|poke|p2|Blissey, F|
|poke|p2|Rillaboom, M|
|poke|p2|Hydreigon, F|
|teampreview
|
|t:|1659102180
|start
|switch|p1a: Landorus|Landorus-Therian, M|100/100
|switch|p2a: Volcanion|Volcanion|100/100
|-ability|p1a: Landorus|Intimidate|boost
|-unboost|p2a: Volcanion|atk|1
|turn|1
|inactive|Battle timer is ON: inactive players will automatically lose when time's up. (requested by Bloody Busybody)
|
|t:|1659102186
|switch|p2a: Corviknight|Corviknight, M|100/100
|-ability|p2a: Corviknight|Pressure
|move|p1a: Landorus|Earthquake|p2a: Corviknight
|-immune|p2a: Corviknight
|
|upkeep
|turn|2
|
|t:|1659102189
|move|p1a: Landorus|Stealth Rock|p2a: Corviknight
|-sidestart|p2: Bloody Busybody|move: Stealth Rock
|move|p2a: Corviknight|U-turn|p1a: Landorus
|-resisted|p1a: Landorus
|-damage|p1a: Landorus|93/100
|
|t:|1659102192
|switch|p2a: Rillaboom|Rillaboom, M|100/100|[from]move: U-turn
|-damage|p2a: Rillaboom|88/100|[from] Stealth Rock
|-fieldstart|move: Grassy Terrain|[from] ability: Grassy Surge|[of] p2a: Rillaboom
|
|-heal|p1a: Landorus|99/100|[from] item: Leftovers
|-heal|p2a: Rillaboom|94/100|[from] Grassy Terrain
|upkeep
|turn|3
|
|t:|1659102199
|move|p1a: Landorus|U-turn|p2a: Rillaboom
|-supereffective|p2a: Rillaboom
|-damage|p2a: Rillaboom|41/100
|
|t:|1659102203
|switch|p1a: Ferrothorn|Ferrothorn, M|100/100|[from]move: U-turn
|move|p2a: Rillaboom|U-turn|p1a: Ferrothorn
|-damage|p1a: Ferrothorn|77/100
|-damage|p2a: Rillaboom|29/100|[from] ability: Iron Barbs|[of] p1a: Ferrothorn
|-damage|p2a: Rillaboom|12/100|[from] item: Rocky Helmet|[of] p1a: Ferrothorn
|
|t:|1659102207
|switch|p2a: Volcanion|Volcanion|100/100|[from]move: U-turn
|-damage|p2a: Volcanion|76/100|[from] Stealth Rock
|
|-heal|p2a: Volcanion|82/100|[from] Grassy Terrain
|-heal|p1a: Ferrothorn|83/100|[from] Grassy Terrain
|upkeep
|turn|4
|
|t:|1659102211
|switch|p1a: Slowking|Slowking-Galar, F|100/100
|move|p2a: Volcanion|Sludge Wave|p1a: Slowking
|-resisted|p1a: Slowking
|-crit|p1a: Slowking
|-damage|p1a: Slowking|82/100
|
|-heal|p2a: Volcanion|88/100|[from] Grassy Terrain
|-heal|p1a: Slowking|88/100|[from] Grassy Terrain
|upkeep
|turn|5
|
|t:|1659102220
|switch|p2a: Hydreigon|Hydreigon, F|100/100
|-damage|p2a: Hydreigon|88/100|[from] Stealth Rock
|move|p1a: Slowking|Future Sight|p2a: Hydreigon
|-start|p1a: Slowking|move: Future Sight
|
|-heal|p1a: Slowking|94/100|[from] Grassy Terrain
|upkeep
|turn|6
|
|t:|1659102232
|switch|p2a: Corviknight|Corviknight, M|100/100
|-damage|p2a: Corviknight|88/100|[from] Stealth Rock
|-ability|p2a: Corviknight|Pressure
|switch|p1a: Tapu Fini|Tapu Fini, shiny|100/100
|-fieldstart|move: Misty Terrain|[from] ability: Misty Surge|[of] p1a: Tapu Fini
|
|upkeep
|turn|7
|
|t:|1659102236
|move|p1a: Tapu Fini|Taunt|p2a: Corviknight
|-start|p2a: Corviknight|move: Taunt
|move|p2a: Corviknight|U-turn|p1a: Tapu Fini
|-resisted|p1a: Tapu Fini
|-damage|p1a: Tapu Fini|96/100
|
|t:|1659102238
|switch|p2a: Hydreigon|Hydreigon, F|88/100|[from]move: U-turn
|-damage|p2a: Hydreigon|76/100|[from] Stealth Rock
|
|-end|p2a: Hydreigon|move: Future Sight
|-immune|p2a: Hydreigon
|-heal|p1a: Tapu Fini|100/100|[from] item: Leftovers
|upkeep
|turn|8
|
|t:|1659102247
|switch|p2a: Volcanion|Volcanion|88/100
|-damage|p2a: Volcanion|63/100|[from] Stealth Rock
|move|p1a: Tapu Fini|Moonblast|p2a: Volcanion
|-resisted|p2a: Volcanion
|-damage|p2a: Volcanion|48/100
|
|upkeep
|turn|9
|
|t:|1659102253
|switch|p1a: Slowking|Slowking-Galar, F|100/100
|move|p2a: Volcanion|Steam Eruption|p1a: Slowking
|-damage|p1a: Slowking|57/100
|
|upkeep
|turn|10
|
|t:|1659102263
|move|p2a: Volcanion|Steam Eruption|p1a: Slowking
|-damage|p1a: Slowking|14/100
|move|p1a: Slowking|Sludge Bomb|p2a: Volcanion
|-damage|p2a: Volcanion|12/100
|
|-fieldend|Misty Terrain
|upkeep
|turn|11
|
|t:|1659102268
|switch|p1a: Tapu Fini|Tapu Fini, shiny|100/100
|-fieldstart|move: Misty Terrain|[from] ability: Misty Surge|[of] p1a: Tapu Fini
|move|p2a: Volcanion|Steam Eruption|p1a: Tapu Fini
|-resisted|p1a: Tapu Fini
|-damage|p1a: Tapu Fini|65/100
|
|-heal|p1a: Tapu Fini|71/100|[from] item: Leftovers
|upkeep
|turn|12
|
|t:|1659102274
|switch|p2a: Blissey|Blissey, F|100/100
|move|p1a: Tapu Fini|Moonblast|p2a: Blissey
|-damage|p2a: Blissey|90/100
|
|-heal|p1a: Tapu Fini|77/100|[from] item: Leftovers
|upkeep
|turn|13
|
|t:|1659102281
|move|p1a: Tapu Fini|Taunt|p2a: Blissey
|-start|p2a: Blissey|move: Taunt
|move|p2a: Blissey|Seismic Toss|p1a: Tapu Fini
|-damage|p1a: Tapu Fini|48/100
|
|-heal|p1a: Tapu Fini|54/100|[from] item: Leftovers
|upkeep
|turn|14
|
|t:|1659102286
|switch|p1a: Ferrothorn|Ferrothorn, M|83/100
|switch|p2a: Corviknight|Corviknight, M|88/100
|-damage|p2a: Corviknight|76/100|[from] Stealth Rock
|-ability|p2a: Corviknight|Pressure
|
|upkeep
|turn|15
|
|t:|1659102291
|move|p2a: Corviknight|Defog|p1a: Ferrothorn
|-unboost|p1a: Ferrothorn|evasion|1
|-sideend|p2: Bloody Busybody|Stealth Rock|[from] move: Defog|[of] p2a: Corviknight
|-fieldend|Misty Terrain
|move|p1a: Ferrothorn|Spikes|p2a: Corviknight
|-sidestart|p2: Bloody Busybody|Spikes
|
|upkeep
|turn|16
|
|t:|1659102296
|move|p2a: Corviknight|Defog|p1a: Ferrothorn
|-unboost|p1a: Ferrothorn|evasion|1
|-sideend|p2: Bloody Busybody|Spikes|[from] move: Defog|[of] p2a: Corviknight
|move|p1a: Ferrothorn|Spikes|p2a: Corviknight
|-sidestart|p2: Bloody Busybody|Spikes
|
|upkeep
|turn|17
|
|t:|1659102307
|move|p2a: Corviknight|Defog|p1a: Ferrothorn
|-unboost|p1a: Ferrothorn|evasion|1
|-sideend|p2: Bloody Busybody|Spikes|[from] move: Defog|[of] p2a: Corviknight
|move|p1a: Ferrothorn|Leech Seed|p2a: Corviknight
|-start|p2a: Corviknight|move: Leech Seed
|
|-damage|p2a: Corviknight|64/100|[from] Leech Seed|[of] p1a: Ferrothorn
|-heal|p1a: Ferrothorn|97/100|[silent]
|upkeep
|turn|18
|
|t:|1659102312
|switch|p2a: Volcanion|Volcanion|12/100
|move|p1a: Ferrothorn|Body Press|p2a: Volcanion
|-damage|p2a: Volcanion|0 fnt
|faint|p2a: Volcanion
|
|upkeep
|
|t:|1659102314
|switch|p2a: Hydreigon|Hydreigon, F|76/100
|turn|19
|
|t:|1659102321
|switch|p1a: Tapu Fini|Tapu Fini, shiny|54/100
|-fieldstart|move: Misty Terrain|[from] ability: Misty Surge|[of] p1a: Tapu Fini
|move|p2a: Hydreigon|Nasty Plot|p2a: Hydreigon
|-boost|p2a: Hydreigon|spa|2
|
|-heal|p1a: Tapu Fini|60/100|[from] item: Leftovers
|upkeep
|turn|20
|
|t:|1659102327
|move|p2a: Hydreigon|Dark Pulse|p1a: Tapu Fini
|-resisted|p1a: Tapu Fini
|-damage|p1a: Tapu Fini|16/100
|-damage|p2a: Hydreigon|66/100|[from] item: Life Orb
|move|p1a: Tapu Fini|Moonblast|p2a: Hydreigon
|-supereffective|p2a: Hydreigon
|-damage|p2a: Hydreigon|0 fnt
|faint|p2a: Hydreigon
|
|-heal|p1a: Tapu Fini|22/100|[from] item: Leftovers
|upkeep
|-message|Bloody Busybody forfeited.
|
|win|LT91BB CCN
|raw|LT91BB CCN's rating: 1667 &rarr; <strong>1690</strong><br />(+23 for winning)
|raw|Bloody Busybody's rating: 1720 &rarr; <strong>1697</strong><br />(-23 for losing)
|l|☆Bloody Busybody
