|raw|<div class="broadcast-blue"><strong>This battle is required to be public due to a player having a name starting with 'lt91bb'.</div>
|j|☆xyz anxiety
|j|‽LT91BB asiancy
|t:|1659538948
|gametype|singles
|player|p1|xyz anxiety|byron|1941
|player|p2|LT91BB asiancy|265|1789
|teamsize|p1|6
|teamsize|p2|6
|gen|8
|tier|[Gen 8] OU
|rated|
|rule|Sleep Clause Mod: Limit one foe put to sleep
|rule|Species Clause: Limit one of each Pokémon
|rule|OHKO Clause: OHKO moves are banned
|rule|Evasion Moves Clause: Evasion moves are banned
|rule|Endless Battle Clause: Forcing endless battles is banned
|rule|HP Percentage Mod: HP is shown in percentages
|rule|Dynamax Clause: You cannot dynamax
|clearpoke
|poke|p1|Moltres|
|poke|p1|Corviknight, M|
|poke|p1|Toxapex, M|
|poke|p1|Zeraora|
|poke|p1|Cresselia, F|
|poke|p1|Clefable, F|
|poke|p2|Glastrier|
|poke|p2|Landorus-Therian, M|
|poke|p2|Dragapult, M|
|poke|p2|Heatran, M|
|poke|p2|Tapu Lele|
|poke|p2|Rotom-Wash|
|teampreview
|inactive|Battle timer is ON: inactive players will automatically lose when time's up. (requested by LT91BB asiancy)
|
|t:|1659538977
|start
|switch|p1a: Cresselia|Cresselia, F|100/100
|switch|p2a: Heatran|Heatran, M, shiny|100/100
|turn|1
|
|t:|1659538983
|switch|p1a: Toxapex|Toxapex, M|100/100
|move|p2a: Heatran|Magma Storm|p1a: Toxapex
|-resisted|p1a: Toxapex
|-crit|p1a: Toxapex
|-damage|p1a: Toxapex|80/100
|-activate|p1a: Toxapex|move: Magma Storm|[of] p2a: Heatran
|
|-damage|p1a: Toxapex|68/100|[from] move: Magma Storm|[partiallytrapped]
|upkeep
|turn|2
|
|t:|1659538987
|move|p2a: Heatran|Stealth Rock|p1a: Toxapex
|-sidestart|p1: xyz anxiety|move: Stealth Rock
|move|p1a: Toxapex|Knock Off|p2a: Heatran
|-damage|p2a: Heatran|90/100
|-status|p1a: Toxapex|brn|[from] ability: Flame Body|[of] p2a: Heatran
|-enditem|p2a: Heatran|Leftovers|[from] move: Knock Off|[of] p1a: Toxapex
|
|-damage|p1a: Toxapex|61/100 brn|[from] brn
|-damage|p1a: Toxapex|49/100 brn|[from] move: Magma Storm|[partiallytrapped]
|upkeep
|turn|3
|
|t:|1659538992
|switch|p1a: Moltres|Moltres|100/100
|-ability|p1a: Moltres|Pressure
|move|p2a: Heatran|Taunt|p1a: Moltres
|-start|p1a: Moltres|move: Taunt
|
|upkeep
|turn|4
|
|t:|1659539001
|switch|p1a: Clefable|Clefable, F|100/100
|-damage|p1a: Clefable|88/100|[from] Stealth Rock
|switch|p2a: Rotom|Rotom-Wash|100/100
|
|-heal|p1a: Clefable|94/100|[from] item: Leftovers
|upkeep
|turn|5
|
|t:|1659539007
|switch|p2a: Landorus|Landorus-Therian, M|100/100
|-ability|p2a: Landorus|Intimidate|boost
|-unboost|p1a: Clefable|atk|1
|move|p1a: Clefable|Stealth Rock|p2a: Landorus
|-sidestart|p2: LT91BB asiancy|move: Stealth Rock
|
|-heal|p1a: Clefable|99/100|[from] item: Leftovers
|upkeep
|turn|6
|j| PacManz
|j| LT91BB Livio
|inactive|xyz anxiety has 120 seconds left.
|
|t:|1659539041
|switch|p1a: Corviknight|Corviknight, M|100/100
|-damage|p1a: Corviknight|88/100|[from] Stealth Rock
|-ability|p1a: Corviknight|Pressure
|move|p2a: Landorus|Earthquake|p1a: Corviknight
|-immune|p1a: Corviknight
|
|upkeep
|turn|7
|
|t:|1659539046
|move|p2a: Landorus|Smack Down|p1a: Corviknight
|-damage|p1a: Corviknight|77/100
|-start|p1a: Corviknight|Smack Down
|move|p1a: Corviknight|U-turn|p2a: Landorus
|-resisted|p2a: Landorus
|-damage|p2a: Landorus|92/100
|
|t:|1659539053
|switch|p1a: Cresselia|Cresselia, F|100/100|[from]move: U-turn
|-damage|p1a: Cresselia|88/100|[from] Stealth Rock
|
|-heal|p1a: Cresselia|94/100|[from] item: Leftovers
|upkeep
|turn|8
|inactive|LT91BB asiancy has 120 seconds left.
|inactive|LT91BB asiancy has 90 seconds left.
|
|t:|1659539119
|move|p2a: Landorus|U-turn|p1a: Cresselia
|-supereffective|p1a: Cresselia
|-damage|p1a: Cresselia|60/100
|
|t:|1659539125
|switch|p2a: Dragapult|Dragapult, M|100/100|[from]move: U-turn
|-damage|p2a: Dragapult|88/100|[from] Stealth Rock
|move|p1a: Cresselia|Toxic|p2a: Dragapult
|-status|p2a: Dragapult|tox
|
|-heal|p1a: Cresselia|66/100|[from] item: Leftovers
|-damage|p2a: Dragapult|82/100 tox|[from] psn
|upkeep
|turn|9
|
|t:|1659539130
|move|p1a: Cresselia|Protect|p1a: Cresselia
|-singleturn|p1a: Cresselia|Protect
|move|p2a: Dragapult|Shadow Ball|p1a: Cresselia
|-activate|p1a: Cresselia|move: Protect
|
|-heal|p1a: Cresselia|72/100|[from] item: Leftovers
|-damage|p2a: Dragapult|70/100 tox|[from] psn
|upkeep
|turn|10
|inactive|LT91BB asiancy has 90 seconds left.
|inactive|LT91BB asiancy has 60 seconds left.
|
|t:|1659539185
|move|p2a: Dragapult|Shadow Ball|p1a: Cresselia
|-supereffective|p1a: Cresselia
|-damage|p1a: Cresselia|22/100
|move|p1a: Cresselia|Moonlight|p1a: Cresselia
|-heal|p1a: Cresselia|72/100
|
|-heal|p1a: Cresselia|78/100|[from] item: Leftovers
|-damage|p2a: Dragapult|52/100 tox|[from] psn
|upkeep
|turn|11
|
|t:|1659539197
|switch|p2a: Heatran|Heatran, M, shiny|90/100
|-damage|p2a: Heatran|78/100|[from] Stealth Rock
|move|p1a: Cresselia|Protect||[still]
|-fail|p1a: Cresselia
|
|-heal|p1a: Cresselia|84/100|[from] item: Leftovers
|upkeep
|turn|12
|inactive|LT91BB asiancy has 60 seconds left.
|inactive|LT91BB asiancy has 30 seconds left.
|inactive|LT91BB asiancy has 20 seconds left.
|inactive|LT91BB asiancy has 15 seconds left.
|inactive|LT91BB asiancy has 10 seconds left.
|inactive|LT91BB asiancy has 5 seconds left.
|-message|LT91BB asiancy lost due to inactivity.
|
|win|xyz anxiety
|raw|xyz anxiety's rating: 1941 &rarr; <strong>1953</strong><br />(+12 for winning)
|raw|LT91BB asiancy's rating: 1789 &rarr; <strong>1777</strong><br />(-12 for losing)
