|j|☆Alkagenthermo
|j|☆Meroz
|player|p1|Alkagenthermo|lucas-gen4pt|1815
|player|p2|Meroz|101|1780
|teamsize|p1|6
|teamsize|p2|6
|gametype|singles
|gen|8
|tier|[Gen 8] OU
|rated|
|clearpoke
|poke|p1|Dragapult, F|
|poke|p1|Togekiss, F|
|poke|p1|Urshifu-*, M|
|poke|p1|Weezing-Galar, F|
|poke|p1|Hippowdon, M|
|poke|p1|Magearna-Original|
|poke|p2|Magearna|
|poke|p2|Slowbro, M|
|poke|p2|Urshifu-*, M|
|poke|p2|Talonflame, M|
|poke|p2|Amoonguss, F|
|poke|p2|Celebi|
|rule|Sleep Clause Mod: Limit one foe put to sleep
|rule|Species Clause: Limit one of each Pokémon
|rule|OHKO Clause: OHKO moves are banned
|rule|Evasion Moves Clause: Evasion moves are banned
|rule|Endless Battle Clause: Forcing endless battles is banned
|rule|HP Percentage Mod: HP is shown in percentages
|rule|Dynamax Clause: You cannot dynamax
|teampreview
|l|☆Alkagenthermo
|player|p1|
|j| user1_ou
|inactive|Battle timer is ON: inactive players will automatically lose when time's up. (requested by Meroz)
|j|☆Alkagenthermo
|inactive|Alkagenthermo reconnected and has 145 seconds left.
|player|p1|Alkagenthermo|lucas-gen4pt
|
|start
|switch|p1a: Dragapult|Dragapult, F, shiny|100/100
|switch|p2a: Amoonguss|Amoonguss, F|100/100
|turn|1
|inactive|Meroz has 120 seconds left.
|
|move|p1a: Dragapult|U-turn|p2a: Amoonguss
|-damage|p2a: Amoonguss|82/100
|-damage|p1a: Dragapult|84/100|[from] item: Rocky Helmet|[of] p2a: Amoonguss
|
|switch|p1a: Weezing|Weezing-Galar, F|100/100|[from]move: U-turn
|-ability|p1a: Weezing|Neutralizing Gas
|move|p2a: Amoonguss|Foul Play|p1a: Weezing
|-resisted|p1a: Weezing
|-damage|p1a: Weezing|96/100
|
|-heal|p1a: Weezing|100/100|[from] item: Black Sludge
|upkeep
|turn|2
|inactive|Meroz has 120 seconds left.
|
|move|p1a: Weezing|Sludge Bomb|p2a: Amoonguss
|-damage|p2a: Amoonguss|57/100
|move|p2a: Amoonguss|Spore|p1a: Weezing
|-status|p1a: Weezing|slp|[from] move: Spore
|
|upkeep
|turn|3
|
|switch|p1a: Magearna|Magearna-Original|100/100
|switch|p2a: Slowbro|Slowbro, M|100/100
|
|upkeep
|turn|4
|j| takaaaa
|
|move|p1a: Magearna|Volt Switch|p2a: Slowbro
|-supereffective|p2a: Slowbro
|-damage|p2a: Slowbro|62/100
|
|switch|p1a: Weezing|Weezing-Galar, F|100/100 slp|[from]move: Volt Switch
|-ability|p1a: Weezing|Neutralizing Gas
|move|p2a: Slowbro|Future Sight|p1a: Weezing
|-start|p2a: Slowbro|move: Future Sight
|
|upkeep
|turn|5
|
|switch|p1a: Magearna|Magearna-Original|100/100
|move|p2a: Slowbro|Teleport|p2a: Slowbro
|j| Broduen
|
|switch|p2a: Magearna|Magearna|100/100|[from]move: Teleport
|
|upkeep
|turn|6
|
|move|p2a: Magearna|Flash Cannon|p1a: Magearna
|-damage|p1a: Magearna|70/100
|move|p1a: Magearna|Iron Head|p2a: Magearna
|-damage|p2a: Magearna|76/100
|
|-end|p1a: Magearna|move: Future Sight
|-resisted|p1a: Magearna
|-damage|p1a: Magearna|61/100
|upkeep
|turn|7
|
|switch|p2a: Amoonguss|Amoonguss, F|91/100
|move|p1a: Magearna|Volt Switch|p2a: Amoonguss
|-resisted|p2a: Amoonguss
|-damage|p2a: Amoonguss|83/100
|
|switch|p1a: Togekiss|Togekiss, F|100/100|[from]move: Volt Switch
|
|upkeep
|turn|8
|
|switch|p2a: Celebi|Celebi|100/100
|move|p1a: Togekiss|Substitute|p1a: Togekiss
|-start|p1a: Togekiss|Substitute
|-damage|p1a: Togekiss|76/100
|
|-heal|p1a: Togekiss|82/100|[from] item: Leftovers
|upkeep
|turn|9
|
|switch|p2a: Magearna|Magearna|76/100
|move|p1a: Togekiss|Air Slash|p2a: Magearna
|-resisted|p2a: Magearna
|-damage|p2a: Magearna|57/100
|
|-heal|p1a: Togekiss|88/100|[from] item: Leftovers
|upkeep
|turn|10
|
|move|p1a: Togekiss|Flamethrower|p2a: Magearna
|-supereffective|p2a: Magearna
|-damage|p2a: Magearna|0 fnt
|faint|p2a: Magearna
|
|-heal|p1a: Togekiss|94/100|[from] item: Leftovers
|upkeep
|-message|Meroz forfeited.
|
|win|Alkagenthermo
|l|☆Meroz
|raw|Alkagenthermo's rating: 1834 &rarr; <strong>1850</strong><br />(+16 for winning)
|raw|Meroz's rating: 1760 &rarr; <strong>1744</strong><br />(-16 for losing)
|l| takaaaa
