|j|☆tesla roadster
|j|☆ChiefGreenLeaf3
|t:|1667576296
|gametype|singles
|player|p1|tesla roadster|1|
|player|p2|ChiefGreenLeaf3|giovanni-gen1|
|teamsize|p1|6
|teamsize|p2|6
|gen|8
|tier|[Gen 8] OU
|rule|Sleep Clause Mod: Limit one foe put to sleep
|rule|Species Clause: Limit one of each Pokémon
|rule|OHKO Clause: OHKO moves are banned
|rule|Evasion Items Clause: Evasion items are banned
|rule|Evasion Moves Clause: Evasion moves are banned
|rule|Endless Battle Clause: Forcing endless battles is banned
|rule|HP Percentage Mod: HP is shown in percentages
|rule|Dynamax Clause: You cannot dynamax
|clearpoke
|poke|p1|Kommo-o, F|
|poke|p1|Clefable, F|
|poke|p1|Ferrothorn, F|
|poke|p1|Blacephalon|
|poke|p1|Dragapult, M|
|poke|p1|Landorus-Therian, M|
|poke|p2|Necrozma|
|poke|p2|Scolipede, F|
|poke|p2|Cloyster, M|
|poke|p2|Turtonator, M|
|poke|p2|Stakataka|
|poke|p2|Sharpedo, F|
|teampreview
|inactive|Battle timer is ON: inactive players will automatically lose when time's up. (requested by ChiefGreenLeaf3)
|c|☆tesla roadster|hf
|
|t:|1667576345
|start
|switch|p1a: Kommo-o|Kommo-o, F|100/100
|switch|p2a: Scolipede|Scolipede, F, shiny|100/100
|turn|1
|c|☆ChiefGreenLeaf3|u2 ty
|
|t:|1667576350
|move|p2a: Scolipede|Spikes|p1a: Kommo-o
|-sidestart|p1: tesla roadster|Spikes
|move|p1a: Kommo-o|Stealth Rock|p2a: Scolipede
|-sidestart|p2: ChiefGreenLeaf3|move: Stealth Rock
|
|-ability|p2a: Scolipede|Speed Boost|boost
|-boost|p2a: Scolipede|spe|1
|upkeep
|turn|2
|
|t:|1667576357
|move|p2a: Scolipede|Substitute|p2a: Scolipede
|-start|p2a: Scolipede|Substitute
|-damage|p2a: Scolipede|76/100
|move|p1a: Kommo-o|Dragon Tail|p2a: Scolipede
|-activate|p2a: Scolipede|move: Substitute|[damage]
|
|-ability|p2a: Scolipede|Speed Boost|boost
|-boost|p2a: Scolipede|spe|1
|upkeep
|turn|3
|
|t:|1667576382
|switch|p1a: Dragapult|Dragapult, M|100/100
|-damage|p1a: Dragapult|88/100|[from] Spikes
|move|p2a: Scolipede|Spikes|p1a: Dragapult
|-sidestart|p1: tesla roadster|Spikes
|
|-ability|p2a: Scolipede|Speed Boost|boost
|-boost|p2a: Scolipede|spe|1
|upkeep
|turn|4
|
|t:|1667576389
|move|p2a: Scolipede|Spikes|p1a: Dragapult
|-sidestart|p1: tesla roadster|Spikes
|move|p1a: Dragapult|Draco Meteor|p2a: Scolipede
|-damage|p2a: Scolipede|0 fnt
|-unboost|p1a: Dragapult|spa|2
|faint|p2a: Scolipede
|
|upkeep
|
|t:|1667576404
|switch|p2a: Sharpedo|Sharpedo, F, shiny|100/100
|-damage|p2a: Sharpedo|88/100|[from] Stealth Rock
|turn|5
|
|t:|1667576412
|switch|p1a: Clefable|Clefable, F|100/100
|move|p2a: Sharpedo|Protect||[still]
|-fail|p2a: Sharpedo
|
|-ability|p2a: Sharpedo|Speed Boost|boost
|-boost|p2a: Sharpedo|spe|1
|upkeep
|turn|6
|
|t:|1667576424
|move|p2a: Sharpedo|Destiny Bond|p2a: Sharpedo
|-singlemove|p2a: Sharpedo|Destiny Bond
|move|p1a: Clefable|Wish|p1a: Clefable
|
|-ability|p2a: Sharpedo|Speed Boost|boost
|-boost|p2a: Sharpedo|spe|1
|upkeep
|turn|7
|
|t:|1667576434
|switch|p1a: Ferrothorn|Ferrothorn, F|100/100
|-damage|p1a: Ferrothorn|75/100|[from] Spikes
|move|p2a: Sharpedo|Protect||[still]
|-fail|p2a: Sharpedo
|
|-heal|p1a: Ferrothorn|100/100|[from] move: Wish|[wisher] Clefable
|-ability|p2a: Sharpedo|Speed Boost|boost
|-boost|p2a: Sharpedo|spe|1
|upkeep
|turn|8
|
|t:|1667576453
|switch|p2a: Turtonator|Turtonator, M, shiny|100/100
|switch|p1a: Clefable|Clefable, F|100/100
|
|upkeep
|turn|9
|
|t:|1667576460
|switch|p1a: Landorus|Landorus-Therian, M|100/100
|-ability|p1a: Landorus|Intimidate|boost
|-unboost|p2a: Turtonator|atk|1
|move|p2a: Turtonator|Rapid Spin|p1a: Landorus
|-damage|p1a: Landorus|95/100
|-boost|p2a: Turtonator|spe|1
|-sideend|p2: ChiefGreenLeaf3|Stealth Rock|[from] move: Rapid Spin|[of] p2a: Turtonator
|
|-heal|p1a: Landorus|100/100|[from] item: Leftovers
|upkeep
|turn|10
|
|t:|1667576466
|move|p2a: Turtonator|Dragon Pulse|p1a: Landorus
|-damage|p1a: Landorus|74/100
|move|p1a: Landorus|Defog|p2a: Turtonator
|-unboost|p2a: Turtonator|evasion|1
|-sideend|p1: tesla roadster|Spikes|[from] move: Defog|[of] p1a: Landorus
|
|-heal|p1a: Landorus|80/100|[from] item: Leftovers
|upkeep
|turn|11
|
|t:|1667576470
|move|p2a: Turtonator|Dragon Pulse|p1a: Landorus
|-damage|p1a: Landorus|54/100
|move|p1a: Landorus|Earthquake|p2a: Turtonator
|-supereffective|p2a: Turtonator
|-damage|p2a: Turtonator|12/100
|
|-heal|p1a: Landorus|60/100|[from] item: Leftovers
|upkeep
|turn|12
|c|☆tesla roadster|whats the turtle doinn
|c|☆ChiefGreenLeaf3|being based lol
|c|☆tesla roadster|oh shit im finna get shell trapped now
|inactive|tesla roadster has 270 seconds left.
|
|t:|1667576518
|switch|p1a: Kommo-o|Kommo-o, F|100/100
|move|p2a: Turtonator|Dragon Pulse|p1a: Kommo-o
|-supereffective|p1a: Kommo-o
|-damage|p1a: Kommo-o|47/100
|
|upkeep
|turn|13
|
|t:|1667576527
|switch|p1a: Landorus|Landorus-Therian, M|60/100
|-ability|p1a: Landorus|Intimidate|boost
|-unboost|p2a: Turtonator|atk|1
|move|p2a: Turtonator|Dragon Pulse|p1a: Landorus
|-damage|p1a: Landorus|37/100
|
|-heal|p1a: Landorus|43/100|[from] item: Leftovers
|upkeep
|turn|14
|
|t:|1667576537
|move|p2a: Turtonator|Flamethrower|p1a: Landorus
|-damage|p1a: Landorus|18/100
|move|p1a: Landorus|Earthquake|p2a: Turtonator
|-supereffective|p2a: Turtonator
|-damage|p2a: Turtonator|0 fnt
|faint|p2a: Turtonator
|
|-heal|p1a: Landorus|24/100|[from] item: Leftovers
|upkeep
|
|t:|1667576544
|switch|p2a: Cloyster|Cloyster, M, shiny|100/100
|turn|15
|
|t:|1667576551
|move|p2a: Cloyster|Shell Smash|p2a: Cloyster
|-unboost|p2a: Cloyster|def|1
|-unboost|p2a: Cloyster|spd|1
|-boost|p2a: Cloyster|atk|2
|-boost|p2a: Cloyster|spa|2
|-boost|p2a: Cloyster|spe|2
|move|p1a: Landorus|Toxic|p2a: Cloyster
|-status|p2a: Cloyster|tox
|
|-heal|p1a: Landorus|30/100|[from] item: Leftovers
|-damage|p2a: Cloyster|94/100 tox|[from] psn
|upkeep
|turn|16
|
|t:|1667576553
|move|p2a: Cloyster|Icicle Spear|p1a: Landorus
|-supereffective|p1a: Landorus
|-damage|p1a: Landorus|0 fnt
|faint|p1a: Landorus
|-hitcount|p1: Landorus|1
|
|-damage|p2a: Cloyster|82/100 tox|[from] psn
|upkeep
|
|t:|1667576555
|switch|p1a: Ferrothorn|Ferrothorn, F|100/100
|turn|17
|
|t:|1667576559
|move|p2a: Cloyster|Icicle Spear|p1a: Ferrothorn
|-damage|p1a: Ferrothorn|87/100
|-damage|p1a: Ferrothorn|76/100
|-damage|p1a: Ferrothorn|64/100
|-damage|p1a: Ferrothorn|53/100
|-damage|p1a: Ferrothorn|40/100
|-hitcount|p1a: Ferrothorn|5
|move|p1a: Ferrothorn|Gyro Ball|p2a: Cloyster
|-damage|p2a: Cloyster|23/100 tox
|
|-heal|p1a: Ferrothorn|46/100|[from] item: Leftovers
|-damage|p2a: Cloyster|4/100 tox|[from] psn
|upkeep
|turn|18
|
|t:|1667576565
|switch|p1a: Kommo-o|Kommo-o, F|47/100
|move|p2a: Cloyster|Icicle Spear|p1a: Kommo-o
|-supereffective|p1a: Kommo-o
|-damage|p1a: Kommo-o|15/100
|-supereffective|p1a: Kommo-o
|-damage|p1a: Kommo-o|0 fnt
|faint|p1a: Kommo-o
|-hitcount|p1: Kommo-o|2
|
|-damage|p2a: Cloyster|0 fnt|[from] psn
|faint|p2a: Cloyster
|upkeep
|
|t:|1667576585
|switch|p2a: Stakataka|Stakataka|100/100
|switch|p1a: Ferrothorn|Ferrothorn, F|46/100
|-item|p2a: Stakataka|Air Balloon
|turn|19
|
|t:|1667576595
|switch|p2a: Sharpedo|Sharpedo, F, shiny|88/100
|move|p1a: Ferrothorn|Knock Off|p2a: Sharpedo
|-resisted|p2a: Sharpedo
|-damage|p2a: Sharpedo|61/100
|-enditem|p2a: Sharpedo|Life Orb|[from] move: Knock Off|[of] p1a: Ferrothorn
|
|-heal|p1a: Ferrothorn|52/100|[from] item: Leftovers
|upkeep
|turn|20
|
|t:|1667576606
|switch|p1a: Clefable|Clefable, F|100/100
|move|p2a: Sharpedo|Crunch|p1a: Clefable
|-resisted|p1a: Clefable
|-damage|p1a: Clefable|83/100
|-damage|p2a: Sharpedo|44/100|[from] item: Rocky Helmet|[of] p1a: Clefable
|
|-ability|p2a: Sharpedo|Speed Boost|boost
|-boost|p2a: Sharpedo|spe|1
|upkeep
|turn|21
|
|t:|1667576612
|move|p2a: Sharpedo|Waterfall|p1a: Clefable
|-damage|p1a: Clefable|53/100
|-damage|p2a: Sharpedo|28/100|[from] item: Rocky Helmet|[of] p1a: Clefable
|move|p1a: Clefable|Wish|p1a: Clefable
|
|-ability|p2a: Sharpedo|Speed Boost|boost
|-boost|p2a: Sharpedo|spe|1
|upkeep
|turn|22
|
|t:|1667576618
|switch|p1a: Ferrothorn|Ferrothorn, F|52/100
|move|p2a: Sharpedo|Crunch|p1a: Ferrothorn
|-damage|p1a: Ferrothorn|25/100
|-damage|p2a: Sharpedo|15/100|[from] ability: Iron Barbs|[of] p1a: Ferrothorn
|
|-heal|p1a: Ferrothorn|81/100|[from] move: Wish|[wisher] Clefable
|-heal|p1a: Ferrothorn|87/100|[from] item: Leftovers
|-ability|p2a: Sharpedo|Speed Boost|boost
|-boost|p2a: Sharpedo|spe|1
|upkeep
|turn|23
|
|t:|1667576626
|switch|p1a: Clefable|Clefable, F|53/100
|move|p2a: Sharpedo|Crunch|p1a: Clefable
|-resisted|p1a: Clefable
|-damage|p1a: Clefable|36/100
|-damage|p2a: Sharpedo|0 fnt|[from] item: Rocky Helmet|[of] p1a: Clefable
|faint|p2a: Sharpedo
|
|upkeep
|
|t:|1667576634
|switch|p2a: Necrozma|Necrozma|100/100
|turn|24
|
|t:|1667576639
|switch|p1a: Blacephalon|Blacephalon|100/100
|move|p2a: Necrozma|Dragon Dance|p2a: Necrozma
|-boost|p2a: Necrozma|atk|1
|-boost|p2a: Necrozma|spe|1
|
|upkeep
|turn|25
|
|t:|1667576646
|move|p2a: Necrozma|Knock Off|p1a: Blacephalon
|-supereffective|p1a: Blacephalon
|-damage|p1a: Blacephalon|0 fnt
|-enditem|p1a: Blacephalon|Choice Specs|[from] move: Knock Off|[of] p2a: Necrozma
|faint|p1a: Blacephalon
|
|upkeep
|
|t:|1667576666
|switch|p1a: Ferrothorn|Ferrothorn, F|87/100
|turn|26
|
|t:|1667576670
|move|p2a: Necrozma|Dragon Dance|p2a: Necrozma
|-boost|p2a: Necrozma|atk|1
|-boost|p2a: Necrozma|spe|1
|move|p1a: Ferrothorn|Gyro Ball|p2a: Necrozma
|-damage|p2a: Necrozma|48/100
|
|-heal|p1a: Ferrothorn|94/100|[from] item: Leftovers
|upkeep
|turn|27
|
|t:|1667576674
|move|p2a: Necrozma|Brick Break|p1a: Ferrothorn
|-supereffective|p1a: Ferrothorn
|-damage|p1a: Ferrothorn|43/100
|-damage|p2a: Necrozma|35/100|[from] ability: Iron Barbs|[of] p1a: Ferrothorn
|move|p1a: Ferrothorn|Gyro Ball|p2a: Necrozma
|-damage|p2a: Necrozma|0 fnt
|faint|p2a: Necrozma
|
|-heal|p1a: Ferrothorn|49/100|[from] item: Leftovers
|upkeep
|
|t:|1667576676
|switch|p2a: Stakataka|Stakataka|100/100
|-item|p2a: Stakataka|Air Balloon
|turn|28
|c|☆tesla roadster|sheesh
|
|t:|1667576681
|move|p1a: Ferrothorn|Leech Seed|p2a: Stakataka
|-start|p2a: Stakataka|move: Leech Seed
|move|p2a: Stakataka|Trick Room|p2a: Stakataka
|-fieldstart|move: Trick Room|[of] p2a: Stakataka
|
|-heal|p1a: Ferrothorn|56/100|[from] item: Leftovers
|-damage|p2a: Stakataka|88/100|[from] Leech Seed|[of] p1a: Ferrothorn
|-heal|p1a: Ferrothorn|67/100|[silent]
|upkeep
|turn|29
|
|t:|1667576688
|move|p2a: Stakataka|Heat Crash|p1a: Ferrothorn
|-supereffective|p1a: Ferrothorn
|-crit|p1a: Ferrothorn
|-damage|p1a: Ferrothorn|0 fnt
|-damage|p2a: Stakataka|76/100|[from] ability: Iron Barbs|[of] p1a: Ferrothorn
|faint|p1a: Ferrothorn
|-ability|p2a: Stakataka|Beast Boost|boost
|-boost|p2a: Stakataka|atk|1
|
|upkeep
|c|☆tesla roadster|gg
|c|☆ChiefGreenLeaf3|gg boss
|
|t:|1667576698
|switch|p1a: Dragapult|Dragapult, M|88/100
|turn|30
|c|☆ChiefGreenLeaf3|RU mons wild lol
|
|t:|1667576701
|move|p2a: Stakataka|Gyro Ball|p1a: Dragapult
|-damage|p1a: Dragapult|0 fnt
|faint|p1a: Dragapult
|-ability|p2a: Stakataka|Beast Boost|boost
|-boost|p2a: Stakataka|atk|1
|
|upkeep
|c|☆tesla roadster|based team
|
|t:|1667576707
|switch|p1a: Clefable|Clefable, F|36/100
|turn|31
|c|☆ChiefGreenLeaf3|ty all mind
|c|☆ChiefGreenLeaf3|mine lol
|
|t:|1667576712
|move|p2a: Stakataka|Gyro Ball|p1a: Clefable
|-supereffective|p1a: Clefable
|-damage|p1a: Clefable|0 fnt
|-damage|p2a: Stakataka|59/100|[from] item: Rocky Helmet|[of] p1a: Clefable
|faint|p1a: Clefable
|
|win|ChiefGreenLeaf3
|l|☆tesla roadster
|l|☆ChiefGreenLeaf3
|j|☆ChiefGreenLeaf3
|player|p2|ChiefGreenLeaf3|giovanni-gen1
