|html|<div class="broadcast-blue"><strong>[Gen 8] OU is currently suspecting Melmetal! For information on how to participate check out the <a href="https://www.smogon.com/forums/threads/np-ss-ou-suspect-process-round-12-monster-mash.3709234/">suspect thread</a>.</strong></div>
|j|☆OUTD 1st
|j|☆Raimei Hakkei 2
|t:|1666646322
|gametype|singles
|player|p1|OUTD 1st|cilan|1603
|player|p2|Raimei Hakkei 2|102|1601
|teamsize|p1|6
|teamsize|p2|6
|gen|8
|tier|[Gen 8] OU
|rated|
|rule|Sleep Clause Mod: Limit one foe put to sleep
|rule|Species Clause: Limit one of each Pokémon
|rule|OHKO Clause: OHKO moves are banned
|rule|Evasion Items Clause: Evasion items are banned
|rule|Evasion Moves Clause: Evasion moves are banned
|rule|Endless Battle Clause: Forcing endless battles is banned
|rule|HP Percentage Mod: HP is shown in percentages
|rule|Dynamax Clause: You cannot dynamax
|clearpoke
|poke|p1|Pelipper, F|
|poke|p1|Barraskewda, M|
|poke|p1|Melmetal|
|poke|p1|Thundurus-Therian, M|
|poke|p1|Volcanion|
|poke|p1|Corviknight, F|
|poke|p2|Landorus-Therian, M|
|poke|p2|Kartana|
|poke|p2|Dragonite, F|
|poke|p2|Tyrantrum, M|
|poke|p2|Aegislash, M|
|poke|p2|Chansey, F|
|teampreview
|inactive|Battle timer is ON: inactive players will automatically lose when time's up. (requested by Raimei Hakkei 2)
|
|t:|1666646330
|start
|switch|p1a: Pelipper|Pelipper, F|100/100
|switch|p2a: Horai Hakke|Tyrantrum, M|100/100
|-weather|RainDance|[from] ability: Drizzle|[of] p1a: Pelipper
|turn|1
|
|t:|1666646332
|switch|p1a: Corviknight|Corviknight, F|100/100
|-ability|p1a: Corviknight|Pressure
|move|p2a: Horai Hakke|Close Combat|p1a: Corviknight
|-damage|p1a: Corviknight|60/100
|-unboost|p2a: Horai Hakke|def|1
|-unboost|p2a: Horai Hakke|spd|1
|-damage|p2a: Horai Hakke|84/100|[from] item: Rocky Helmet|[of] p1a: Corviknight
|
|-weather|RainDance|[upkeep]
|upkeep
|turn|2
|
|t:|1666646337
|switch|p2a: Death Destroyer|Aegislash, M|100/100
|move|p1a: Corviknight|U-turn|p2a: Death Destroyer
|-resisted|p2a: Death Destroyer
|-damage|p2a: Death Destroyer|97/100
|
|t:|1666646339
|switch|p1a: Volcanion|Volcanion|100/100|[from]move: U-turn
|
|-weather|RainDance|[upkeep]
|upkeep
|turn|3
|
|t:|1666646341
|move|p2a: Death Destroyer|King's Shield|p2a: Death Destroyer
|-singleturn|p2a: Death Destroyer|Protect
|move|p1a: Volcanion|Steam Eruption|p2a: Death Destroyer
|-activate|p2a: Death Destroyer|move: Protect
|
|-weather|RainDance|[upkeep]
|upkeep
|turn|4
|
|t:|1666646344
|switch|p2a: Chansey|Chansey, F|100/100
|move|p1a: Volcanion|Steam Eruption|p2a: Chansey
|-damage|p2a: Chansey|57/100
|-status|p2a: Chansey|brn
|
|-weather|RainDance|[upkeep]
|-damage|p2a: Chansey|51/100 brn|[from] brn
|upkeep
|turn|5
|
|t:|1666646350
|switch|p1a: Thundurus|Thundurus-Therian, M|100/100
|move|p2a: Chansey|Soft-Boiled|p2a: Chansey
|-heal|p2a: Chansey|100/100 brn
|
|-weather|RainDance|[upkeep]
|-damage|p2a: Chansey|94/100 brn|[from] brn
|upkeep
|turn|6
|
|t:|1666646354
|-curestatus|p2a: Chansey|brn|[from] ability: Natural Cure
|switch|p2a: Raging Drunk|Landorus-Therian, M|100/100
|-ability|p2a: Raging Drunk|Intimidate|boost
|-unboost|p1a: Thundurus|atk|1
|move|p1a: Thundurus|Nasty Plot|p1a: Thundurus
|-boost|p1a: Thundurus|spa|2
|
|-weather|RainDance|[upkeep]
|upkeep
|turn|7
|
|t:|1666646359
|switch|p2a: Chansey|Chansey, F|94/100
|move|p1a: Thundurus|Weather Ball|p2a: Chansey
|-damage|p2a: Chansey|58/100
|
|-weather|RainDance|[upkeep]
|upkeep
|turn|8
|
|t:|1666646362
|switch|p2a: Raging Drunk|Landorus-Therian, M|100/100
|-ability|p2a: Raging Drunk|Intimidate|boost
|-unboost|p1a: Thundurus|atk|1
|move|p1a: Thundurus|Thunder|p2a: Raging Drunk
|-immune|p2a: Raging Drunk
|
|-weather|none
|upkeep
|turn|9
|
|t:|1666646369
|switch|p1a: Pelipper|Pelipper, F|100/100
|-weather|RainDance|[from] ability: Drizzle|[of] p1a: Pelipper
|move|p2a: Raging Drunk|Stealth Rock|p1a: Pelipper
|-sidestart|p1: OUTD 1st|move: Stealth Rock
|
|-weather|RainDance|[upkeep]
|upkeep
|turn|10
|
|t:|1666646372
|move|p1a: Pelipper|Defog|p2a: Raging Drunk
|-unboost|p2a: Raging Drunk|evasion|1
|-sideend|p1: OUTD 1st|Stealth Rock|[from] move: Defog|[of] p1a: Pelipper
|move|p2a: Raging Drunk|Knock Off|p1a: Pelipper
|-damage|p1a: Pelipper|69/100
|-enditem|p1a: Pelipper|Damp Rock|[from] move: Knock Off|[of] p2a: Raging Drunk
|
|-weather|RainDance|[upkeep]
|upkeep
|turn|11
|
|t:|1666646375
|move|p1a: Pelipper|Scald|p2a: Raging Drunk
|-supereffective|p2a: Raging Drunk
|-damage|p2a: Raging Drunk|23/100
|move|p2a: Raging Drunk|Stealth Rock|p1a: Pelipper
|-sidestart|p1: OUTD 1st|move: Stealth Rock
|
|-weather|RainDance|[upkeep]
|upkeep
|turn|12
|
|t:|1666646379
|move|p1a: Pelipper|Defog|p2a: Raging Drunk
|-unboost|p2a: Raging Drunk|evasion|1
|-sideend|p1: OUTD 1st|Stealth Rock|[from] move: Defog|[of] p1a: Pelipper
|move|p2a: Raging Drunk|Toxic|p1a: Pelipper
|-status|p1a: Pelipper|tox
|
|-weather|RainDance|[upkeep]
|-damage|p1a: Pelipper|62/100 tox|[from] psn
|upkeep
|turn|13
|
|t:|1666646383
|switch|p2a: Chansey|Chansey, F|58/100
|move|p1a: Pelipper|Scald|p2a: Chansey
|-damage|p2a: Chansey|46/100
|-status|p2a: Chansey|brn
|
|-weather|RainDance|[upkeep]
|-damage|p1a: Pelipper|50/100 tox|[from] psn
|-damage|p2a: Chansey|39/100 brn|[from] brn
|upkeep
|turn|14
|
|t:|1666646389
|switch|p1a: Melmetal|Melmetal|100/100
|move|p2a: Chansey|Soft-Boiled|p2a: Chansey
|-heal|p2a: Chansey|89/100 brn
|
|-weather|RainDance|[upkeep]
|-damage|p2a: Chansey|83/100 brn|[from] brn
|upkeep
|turn|15
|
|t:|1666646393
|-curestatus|p2a: Chansey|brn|[from] ability: Natural Cure
|switch|p2a: Raging Drunk|Landorus-Therian, M|23/100
|-ability|p2a: Raging Drunk|Intimidate|boost
|-unboost|p1a: Melmetal|atk|1
|move|p1a: Melmetal|Double Iron Bash|p2a: Raging Drunk
|-damage|p2a: Raging Drunk|0 fnt
|faint|p2a: Raging Drunk
|-hitcount|p2: Raging Drunk|1
|
|-weather|RainDance|[upkeep]
|upkeep
|
|t:|1666646398
|switch|p2a: Death Destroyer|Aegislash, M|97/100
|turn|16
|
|t:|1666646401
|switch|p1a: Corviknight|Corviknight, F|60/100
|-ability|p1a: Corviknight|Pressure
|-formechange|p2a: Death Destroyer|Aegislash-Blade||[from] ability: Stance Change
|move|p2a: Death Destroyer|Shadow Ball|p1a: Corviknight
|-damage|p1a: Corviknight|5/100
|
|-weather|none
|upkeep
|turn|17
|
|t:|1666646406
|move|p2a: Death Destroyer|Shadow Ball|p1a: Corviknight
|-damage|p1a: Corviknight|0 fnt
|faint|p1a: Corviknight
|
|upkeep
|
|t:|1666646410
|switch|p1a: Volcanion|Volcanion|100/100
|turn|18
|
|t:|1666646413
|-formechange|p2a: Death Destroyer|Aegislash||[from] ability: Stance Change
|move|p2a: Death Destroyer|King's Shield|p2a: Death Destroyer
|-singleturn|p2a: Death Destroyer|Protect
|move|p1a: Volcanion|Steam Eruption|p2a: Death Destroyer
|-activate|p2a: Death Destroyer|move: Protect
|
|upkeep
|turn|19
|
|t:|1666646416
|switch|p1a: Pelipper|Pelipper, F|50/100 tox
|-weather|RainDance|[from] ability: Drizzle|[of] p1a: Pelipper
|-formechange|p2a: Death Destroyer|Aegislash-Blade||[from] ability: Stance Change
|move|p2a: Death Destroyer|Shadow Ball|p1a: Pelipper
|-damage|p1a: Pelipper|0 fnt
|faint|p1a: Pelipper
|
|-weather|RainDance|[upkeep]
|upkeep
|
|t:|1666646418
|switch|p1a: Barraskewda|Barraskewda, M|100/100
|turn|20
|
|t:|1666646422
|switch|p1a: Volcanion|Volcanion|100/100
|-formechange|p2a: Death Destroyer|Aegislash||[from] ability: Stance Change
|move|p2a: Death Destroyer|King's Shield||[still]
|-fail|p2a: Death Destroyer
|
|-weather|RainDance|[upkeep]
|upkeep
|turn|21
|
|t:|1666646425
|move|p2a: Death Destroyer|King's Shield|p2a: Death Destroyer
|-singleturn|p2a: Death Destroyer|Protect
|move|p1a: Volcanion|Steam Eruption|p2a: Death Destroyer
|-activate|p2a: Death Destroyer|move: Protect
|
|-weather|RainDance|[upkeep]
|upkeep
|turn|22
|
|t:|1666646427
|switch|p2a: Chansey|Chansey, F|83/100
|move|p1a: Volcanion|Steam Eruption|p2a: Chansey
|-damage|p2a: Chansey|37/100
|-status|p2a: Chansey|brn
|
|-weather|RainDance|[upkeep]
|-damage|p2a: Chansey|30/100 brn|[from] brn
|upkeep
|turn|23
|
|t:|1666646436
|move|p1a: Volcanion|Steam Eruption|p2a: Chansey
|-damage|p2a: Chansey|0 fnt
|faint|p2a: Chansey
|
|-weather|none
|upkeep
|
|t:|1666646442
|switch|p2a: Horai Hakke|Tyrantrum, M|84/100
|turn|24
|
|t:|1666646448
|move|p2a: Horai Hakke|Head Smash|p1a: Volcanion
|-supereffective|p1a: Volcanion
|-damage|p1a: Volcanion|0 fnt
|faint|p1a: Volcanion
|
|upkeep
|
|t:|1666646451
|switch|p1a: Barraskewda|Barraskewda, M|100/100
|turn|25
|
|t:|1666646454
|switch|p2a: Death Destroyer|Aegislash, M|97/100
|move|p1a: Barraskewda|Liquidation|p2a: Death Destroyer
|-crit|p2a: Death Destroyer
|-damage|p2a: Death Destroyer|0 fnt
|faint|p2a: Death Destroyer
|
|upkeep
|
|t:|1666646458
|switch|p2a: Thieving Drunk|Dragonite, F|100/100
|turn|26
|
|t:|1666646460
|switch|p1a: Thundurus|Thundurus-Therian, M|100/100
|move|p2a: Thieving Drunk|Dragon Dance|p2a: Thieving Drunk
|-boost|p2a: Thieving Drunk|atk|1
|-boost|p2a: Thieving Drunk|spe|1
|
|upkeep
|turn|27
|
|t:|1666646463
|move|p2a: Thieving Drunk|Dragon Dance|p2a: Thieving Drunk
|-boost|p2a: Thieving Drunk|atk|1
|-boost|p2a: Thieving Drunk|spe|1
|move|p1a: Thundurus|Thunder|p2a: Thieving Drunk|[miss]
|-miss|p1a: Thundurus|p2a: Thieving Drunk
|
|upkeep
|turn|28
|
|t:|1666646466
|move|p2a: Thieving Drunk|Dual Wingbeat|p1a: Thundurus
|-resisted|p1a: Thundurus
|-damage|p1a: Thundurus|65/100
|-resisted|p1a: Thundurus
|-damage|p1a: Thundurus|32/100
|-hitcount|p1a: Thundurus|2
|move|p1a: Thundurus|Thunder|p2a: Thieving Drunk|[miss]
|-miss|p1a: Thundurus|p2a: Thieving Drunk
|
|upkeep
|turn|29
|
|t:|1666646470
|move|p2a: Thieving Drunk|Dual Wingbeat|p1a: Thundurus
|-resisted|p1a: Thundurus
|-damage|p1a: Thundurus|1/100
|-resisted|p1a: Thundurus
|-damage|p1a: Thundurus|0 fnt
|faint|p1a: Thundurus
|-hitcount|p1: Thundurus|2
|
|upkeep
|c|☆OUTD 1st|go buy a rope and chair no one will miss you. you will not do anything ever in your life
|-message|OUTD 1st forfeited.
|
|win|Raimei Hakkei 2
|raw|OUTD 1st's rating: 1603 &rarr; <strong>1583</strong><br />(-20 for losing)
|raw|Raimei Hakkei 2's rating: 1601 &rarr; <strong>1621</strong><br />(+20 for winning)
|l|☆OUTD 1st
||Ladder isn't responding, score probably updated but might not have (Request timeout).
