|raw|<div class="broadcast-blue"><strong>This battle is required to be public due to a player having a name prefixed by 'LT72MS'.</div>
|j|☆LT72MS EGC
|j|☆The Last Hero
|t:|1597436526
|player|p1|LT72MS EGC|nate|1812
|player|p2|The Last Hero|acetrainersnow|1906
|teamsize|p1|6
|teamsize|p2|6
|gametype|singles
|gen|8
|tier|[Gen 8] OU
|rated|
|clearpoke
|poke|p1|Ninetales-Alola, M|
|poke|p1|Cloyster, F|
|poke|p1|Azumarill, M|
|poke|p1|Dragapult, M|
|poke|p1|Aegislash, M|
|poke|p1|Zeraora|
|poke|p2|Talonflame, M|
|poke|p2|Corviknight, M|
|poke|p2|Weezing-Galar, M|
|poke|p2|Gastrodon-East, M|
|poke|p2|Blissey, F|
|poke|p2|Hydreigon, M|
|rule|Sleep Clause Mod: Limit one foe put to sleep
|rule|Species Clause: Limit one of each Pokémon
|rule|OHKO Clause: OHKO moves are banned
|rule|Evasion Moves Clause: Evasion moves are banned
|rule|Endless Battle Clause: Forcing endless battles is banned
|rule|HP Percentage Mod: HP is shown in percentages
|rule|Dynamax Clause: You cannot dynamax
|teampreview
|j| LT72MS Jacked
|inactive|Battle timer is ON: inactive players will automatically lose when time's up. (requested by LT72MS EGC)
|
|t:|1597436539
|start
|switch|p1a: THE DARK SIDE|Ninetales-Alola, M|100/100
|switch|p2a: Azor|Talonflame, M|100/100
|-weather|Hail|[from] ability: Snow Warning|[of] p1a: THE DARK SIDE
|turn|1
|
|t:|1597436549
|switch|p1a: DRAGAPULTA|Dragapult, M, shiny|100/100
|move|p2a: Azor|Flare Blitz|p1a: DRAGAPULTA
|-resisted|p1a: DRAGAPULTA
|-damage|p1a: DRAGAPULTA|72/100
|-damage|p2a: Azor|92/100|[from] Recoil
|
|-weather|Hail|[upkeep]
|-damage|p2a: Azor|86/100|[from] Hail
|-damage|p1a: DRAGAPULTA|66/100|[from] Hail
|upkeep
|turn|2
|j| lt72ms IPL
|
|t:|1597436555
|switch|p2a: Crow Of Judgement|Corviknight, M|100/100
|-ability|p2a: Crow Of Judgement|Pressure
|move|p1a: DRAGAPULTA|Dragon Darts|p2a: Crow Of Judgement
|-resisted|p2a: Crow Of Judgement
|-damage|p2a: Crow Of Judgement|89/100
|-anim|p1a: DRAGAPULTA|Dragon Darts|p2a: Crow Of Judgement
|-resisted|p2a: Crow Of Judgement
|-damage|p2a: Crow Of Judgement|77/100
|-damage|p1a: DRAGAPULTA|56/100|[from] item: Life Orb
|
|-weather|Hail|[upkeep]
|-damage|p1a: DRAGAPULTA|50/100|[from] Hail
|-damage|p2a: Crow Of Judgement|71/100|[from] Hail
|upkeep
|turn|3
|
|t:|1597436557
|move|p1a: DRAGAPULTA|Fire Blast|p2a: Crow Of Judgement
|-supereffective|p2a: Crow Of Judgement
|-damage|p2a: Crow Of Judgement|9/100
|-damage|p1a: DRAGAPULTA|41/100|[from] item: Life Orb
|move|p2a: Crow Of Judgement|Roost|p2a: Crow Of Judgement
|-heal|p2a: Crow Of Judgement|59/100
|-singleturn|p2a: Crow Of Judgement|move: Roost
|
|-weather|Hail|[upkeep]
|-damage|p1a: DRAGAPULTA|35/100|[from] Hail
|-damage|p2a: Crow Of Judgement|53/100|[from] Hail
|upkeep
|turn|4
|j| Lunarr
|
|t:|1597436567
|switch|p2a: Bliss|Blissey, F|100/100
|move|p1a: DRAGAPULTA|Dragon Dance|p1a: DRAGAPULTA
|-boost|p1a: DRAGAPULTA|atk|1
|-boost|p1a: DRAGAPULTA|spe|1
|
|-weather|Hail|[upkeep]
|-damage|p1a: DRAGAPULTA|29/100|[from] Hail
|-damage|p2a: Bliss|94/100|[from] Hail
|upkeep
|turn|5
|j| BoomBoomBoo
|
|t:|1597436570
|switch|p2a: Smogon?|Weezing-Galar, M|100/100
|-ability|p2a: Smogon?|Neutralizing Gas
|move|p1a: DRAGAPULTA|Steel Wing|p2a: Smogon?
|-supereffective|p2a: Smogon?
|-damage|p2a: Smogon?|33/100
|-damage|p1a: DRAGAPULTA|19/100|[from] item: Life Orb
|
|-weather|none
|-heal|p2a: Smogon?|39/100|[from] item: Black Sludge
|upkeep
|turn|6
|j| Sir PAWN
|l| Sir PAWN
|
|t:|1597436576
|switch|p2a: Crow Of Judgement|Corviknight, M|53/100
|-ability|p2a: Crow Of Judgement|Pressure
|move|p1a: DRAGAPULTA|Steel Wing|p2a: Crow Of Judgement
|-resisted|p2a: Crow Of Judgement
|-damage|p2a: Crow Of Judgement|36/100
|-boost|p1a: DRAGAPULTA|def|1
|-damage|p1a: DRAGAPULTA|9/100|[from] item: Life Orb
|
|upkeep
|turn|7
|j| Alexander
|
|t:|1597436586
|move|p1a: DRAGAPULTA|Dragon Darts|p2a: Crow Of Judgement
|-resisted|p2a: Crow Of Judgement
|-damage|p2a: Crow Of Judgement|19/100
|-anim|p1a: DRAGAPULTA|Dragon Darts|p2a: Crow Of Judgement
|-resisted|p2a: Crow Of Judgement
|-damage|p2a: Crow Of Judgement|2/100
|-damage|p1a: DRAGAPULTA|0 fnt|[from] item: Life Orb
|faint|p1a: DRAGAPULTA
|move|p2a: Crow Of Judgement|Roost|p2a: Crow Of Judgement
|-heal|p2a: Crow Of Judgement|52/100
|-singleturn|p2a: Crow Of Judgement|move: Roost
|
|upkeep
|j| ayevon
|
|t:|1597436592
|switch|p1a: BREAK THE BLOW|Zeraora, shiny|100/100
|turn|8
|
|t:|1597436595
|move|p1a: BREAK THE BLOW|Grass Knot|p2a: Crow Of Judgement
|-resisted|p2a: Crow Of Judgement
|-damage|p2a: Crow Of Judgement|47/100
|move|p2a: Crow Of Judgement|Roost|p2a: Crow Of Judgement
|-heal|p2a: Crow Of Judgement|97/100
|-singleturn|p2a: Crow Of Judgement|move: Roost
|
|upkeep
|turn|9
|
|t:|1597436599
|switch|p2a: Baboso|Gastrodon-East, M|100/100
|move|p1a: BREAK THE BLOW|Grass Knot|p2a: Baboso
|-supereffective|p2a: Baboso
|-damage|p2a: Baboso|46/100
|
|-heal|p2a: Baboso|52/100|[from] item: Leftovers
|upkeep
|turn|10
|
|t:|1597436602
|move|p1a: BREAK THE BLOW|Grass Knot|p2a: Baboso
|-supereffective|p2a: Baboso
|-damage|p2a: Baboso|0 fnt
|faint|p2a: Baboso
|
|upkeep
|j| heyguylifeiscool
|
|t:|1597436607
|switch|p2a: Bliss|Blissey, F|94/100
|turn|11
|
|t:|1597436610
|move|p1a: BREAK THE BLOW|Plasma Fists|p2a: Bliss
|-damage|p2a: Bliss|56/100
|-fieldactivate|move: Ion Deluge
|move|p2a: Bliss|Teleport|p2a: Bliss
|
|t:|1597436612
|switch|p2a: Smogon?|Weezing-Galar, M|39/100|[from]move: Teleport
|-ability|p2a: Smogon?|Neutralizing Gas
|
|-heal|p2a: Smogon?|45/100|[from] item: Black Sludge
|upkeep
|turn|12
|
|t:|1597436616
|switch|p1a: THE DARK SIDE|Ninetales-Alola, M|100/100
|move|p2a: Smogon?|Pain Split|p1a: THE DARK SIDE
|-sethp|p1a: THE DARK SIDE|72/100|[from] move: Pain Split|[silent]
|-sethp|p2a: Smogon?|75/100|[from] move: Pain Split
|
|-heal|p2a: Smogon?|81/100|[from] item: Black Sludge
|upkeep
|turn|13
|j| Clawed Winter
|
|t:|1597436619
|-weather|Hail|[from] ability: Snow Warning|[of] p1a: THE DARK SIDE
|switch|p2a: Azor|Talonflame, M|86/100
|move|p1a: THE DARK SIDE|Hypnosis|p2a: Azor|[miss]
|-miss|p1a: THE DARK SIDE|p2a: Azor
|
|-weather|Hail|[upkeep]
|-damage|p2a: Azor|80/100|[from] Hail
|upkeep
|turn|14
|
|t:|1597436624
|move|p2a: Azor|Brave Bird|p1a: THE DARK SIDE
|-damage|p1a: THE DARK SIDE|25/100
|-damage|p2a: Azor|65/100|[from] Recoil
|move|p1a: THE DARK SIDE|Aurora Veil|p1a: THE DARK SIDE
|-sidestart|p1: LT72MS EGC|move: Aurora Veil
|
|-weather|Hail|[upkeep]
|-damage|p2a: Azor|59/100|[from] Hail
|upkeep
|turn|15
|
|t:|1597436629
|move|p2a: Azor|Flare Blitz|p1a: THE DARK SIDE
|-supereffective|p1a: THE DARK SIDE
|-damage|p1a: THE DARK SIDE|0 fnt
|-damage|p2a: Azor|51/100|[from] Recoil
|faint|p1a: THE DARK SIDE
|
|-weather|Hail|[upkeep]
|-damage|p2a: Azor|45/100|[from] Hail
|upkeep
|
|t:|1597436631
|switch|p1a: BREAK THE BLOW|Zeraora, shiny|100/100
|turn|16
|j| Cbbies
|
|t:|1597436640
|move|p1a: BREAK THE BLOW|Plasma Fists|p2a: Azor
|-supereffective|p2a: Azor
|-damage|p2a: Azor|0 fnt
|-fieldactivate|move: Ion Deluge
|faint|p2a: Azor
|
|-weather|Hail|[upkeep]
|-damage|p1a: BREAK THE BLOW|95/100|[from] Hail
|upkeep
|
|t:|1597436642
|switch|p2a: Smogon?|Weezing-Galar, M|81/100
|-ability|p2a: Smogon?|Neutralizing Gas
|turn|17
|
|t:|1597436648
|switch|p1a: MASTERSWORD|Aegislash, M, shiny|100/100
|move|p2a: Smogon?|Will-O-Wisp|p1a: MASTERSWORD
|-status|p1a: MASTERSWORD|brn
|
|-weather|none
|-heal|p2a: Smogon?|87/100|[from] item: Black Sludge
|-damage|p1a: MASTERSWORD|94/100 brn|[from] brn
|upkeep
|turn|18
|
|t:|1597436656
|-formechange|p1a: MASTERSWORD|Aegislash-Blade||[from] ability: Stance Change
|move|p1a: MASTERSWORD|Shadow Ball|p2a: Smogon?
|-damage|p2a: Smogon?|12/100
|-damage|p1a: MASTERSWORD|84/100 brn|[from] item: Life Orb
|move|p2a: Smogon?|Corrosive Gas|p1a: MASTERSWORD
|-enditem|p1a: MASTERSWORD|Life Orb|[from] move: Corrosive Gas|[of] p2a: Smogon?
|
|-heal|p2a: Smogon?|18/100|[from] item: Black Sludge
|-damage|p1a: MASTERSWORD|78/100 brn|[from] brn
|upkeep
|turn|19
|
|t:|1597436663
|switch|p2a: Bliss|Blissey, F|56/100
|move|p1a: MASTERSWORD|Shadow Ball|p2a: Bliss
|-immune|p2a: Bliss
|
|-damage|p1a: MASTERSWORD|72/100 brn|[from] brn
|upkeep
|turn|20
|j| lt72ms leo
|
|t:|1597436670
|switch|p1a: BREAK THE LIMITS|Cloyster, F, shiny|100/100
|move|p2a: Bliss|Soft-Boiled|p2a: Bliss
|-heal|p2a: Bliss|100/100
|
|upkeep
|turn|21
|
|t:|1597436675
|move|p1a: BREAK THE LIMITS|Shell Smash|p1a: BREAK THE LIMITS
|-unboost|p1a: BREAK THE LIMITS|def|1
|-unboost|p1a: BREAK THE LIMITS|spd|1
|-boost|p1a: BREAK THE LIMITS|atk|2
|-boost|p1a: BREAK THE LIMITS|spa|2
|-boost|p1a: BREAK THE LIMITS|spe|2
|move|p2a: Bliss|Seismic Toss|p1a: BREAK THE LIMITS
|-damage|p1a: BREAK THE LIMITS|59/100
|
|-sideend|p1: LT72MS EGC|move: Aurora Veil
|upkeep
|turn|22
|
|t:|1597436682
|move|p1a: BREAK THE LIMITS|Icicle Spear|p2a: Bliss
|-damage|p2a: Bliss|79/100
|-damage|p2a: Bliss|60/100
|-damage|p2a: Bliss|39/100
|-damage|p2a: Bliss|19/100
|-damage|p2a: Bliss|0 fnt
|-hitcount|p2a: Bliss|5
|faint|p2a: Bliss
|
|upkeep
|
|t:|1597436684
|switch|p2a: Crow Of Judgement|Corviknight, M|97/100
|-ability|p2a: Crow Of Judgement|Pressure
|turn|23
|
|t:|1597436685
|move|p1a: BREAK THE LIMITS|Icicle Spear|p2a: Crow Of Judgement
|-damage|p2a: Crow Of Judgement|82/100
|-damage|p2a: Crow Of Judgement|67/100
|-damage|p2a: Crow Of Judgement|52/100
|-damage|p2a: Crow Of Judgement|37/100
|-damage|p2a: Crow Of Judgement|20/100
|-hitcount|p2a: Crow Of Judgement|5
|cant|p2a: Crow Of Judgement|flinch
|
|upkeep
|turn|24
|
|t:|1597436687
|move|p1a: BREAK THE LIMITS|Icicle Spear|p2a: Crow Of Judgement
|-damage|p2a: Crow Of Judgement|6/100
|-damage|p2a: Crow Of Judgement|0 fnt
|-hitcount|p2a: Crow Of Judgement|2
|faint|p2a: Crow Of Judgement
|
|upkeep
|j| Larry Bird GOAT
|-message|The Last Hero forfeited.
|
|win|LT72MS EGC
|l|☆The Last Hero
|l| Larry Bird GOAT
|l| Cbbies
|l|☆LT72MS EGC
|c| heyguylifeiscool|oof
|l| heyguylifeiscool
|raw|LT72MS EGC's rating: 1790 &rarr; <strong>1815</strong><br />(+25 for winning)
|raw|The Last Hero's rating: 1886 &rarr; <strong>1860</strong><br />(-26 for losing)
|l| lt72ms leo
|j| Askov
|l| Clawed Winter
|l| Alexander
