|j|☆Skipthedripbayless
|j|☆Allgoodsntook
|t:|1609007220
|player|p1|Skipthedripbayless|aromalady|1832
|player|p2|Allgoodsntook|266|1713
|teamsize|p1|6
|teamsize|p2|6
|gametype|singles
|gen|8
|tier|[Gen 8] OU
|rated|
|clearpoke
|poke|p1|Pelipper, F|
|poke|p1|Volcanion|
|poke|p1|Magearna-Original|
|poke|p1|Cresselia, F|
|poke|p1|Crawdaunt, M|
|poke|p1|Thundurus-Therian, M|
|poke|p2|Pelipper, M|
|poke|p2|Barraskewda, M|
|poke|p2|Seismitoad, F|
|poke|p2|Ferrothorn, M|
|poke|p2|Zapdos|
|poke|p2|Azumarill, M|
|rule|Sleep Clause Mod: Limit one foe put to sleep
|rule|Species Clause: Limit one of each Pokémon
|rule|OHKO Clause: OHKO moves are banned
|rule|Evasion Moves Clause: Evasion moves are banned
|rule|Endless Battle Clause: Forcing endless battles is banned
|rule|HP Percentage Mod: HP is shown in percentages
|rule|Dynamax Clause: You cannot dynamax
|teampreview
|l|☆Skipthedripbayless
|player|p1|
|j| RosasNumberOneFan
|j|☆Skipthedripbayless
|player|p1|Skipthedripbayless|aromalady
|inactive|Battle timer is ON: inactive players will automatically lose when time's up. (requested by Skipthedripbayless)
|
|t:|1609007279
|start
|switch|p1a: Thundurus|Thundurus-Therian, M|100/100
|switch|p2a: Ferrothorn|Ferrothorn, M|100/100
|turn|1
|
|t:|1609007283
|move|p1a: Thundurus|Focus Blast|p2a: Ferrothorn|[miss]
|-miss|p1a: Thundurus|p2a: Ferrothorn
|move|p2a: Ferrothorn|Stealth Rock|p1a: Thundurus
|-sidestart|p1: Skipthedripbayless|move: Stealth Rock
|
|upkeep
|turn|2
|
|t:|1609007287
|move|p1a: Thundurus|Defog|p2a: Ferrothorn
|-unboost|p2a: Ferrothorn|evasion|1
|-sideend|p1: Skipthedripbayless|Stealth Rock|[from] move: Defog|[of] p1a: Thundurus
|move|p2a: Ferrothorn|Spikes|p1a: Thundurus
|-sidestart|p1: Skipthedripbayless|Spikes
|
|upkeep
|turn|3
|
|t:|1609007292
|switch|p2a: Azumarill|Azumarill, M|100/100
|move|p1a: Thundurus|Focus Blast|p2a: Azumarill
|-resisted|p2a: Azumarill
|-damage|p2a: Azumarill|75/100
|
|upkeep
|turn|4
|
|t:|1609007296
|move|p2a: Azumarill|Aqua Jet|p1a: Thundurus
|-damage|p1a: Thundurus|37/100
|move|p1a: Thundurus|Volt Switch|p2a: Azumarill
|-supereffective|p2a: Azumarill
|-damage|p2a: Azumarill|0 fnt
|faint|p2a: Azumarill
|j| Titan Toxik
|
|t:|1609007305
|switch|p1a: Magearna|Magearna-Original|100/100|[from]move: Volt Switch
|-damage|p1a: Magearna|88/100|[from] Spikes
|
|-heal|p1a: Magearna|94/100|[from] item: Leftovers
|upkeep
|
|t:|1609007314
|switch|p2a: Pelipper|Pelipper, M|100/100
|-weather|RainDance|[from] ability: Drizzle|[of] p2a: Pelipper
|turn|5
|
|t:|1609007320
|switch|p2a: Seismitoad|Seismitoad, F|100/100
|move|p1a: Magearna|Fleur Cannon|p2a: Seismitoad
|-damage|p2a: Seismitoad|28/100
|-unboost|p1a: Magearna|spa|2
|
|-weather|RainDance|[upkeep]
|-heal|p1a: Magearna|99/100|[from] item: Leftovers
|upkeep
|turn|6
|
|t:|1609007327
|switch|p1a: Cresselia|Cresselia, F|100/100
|move|p2a: Seismitoad|Weather Ball|p1a: Cresselia
|-damage|p1a: Cresselia|50/100
|-damage|p2a: Seismitoad|18/100|[from] item: Life Orb
|
|-weather|RainDance|[upkeep]
|upkeep
|turn|7
|
|t:|1609007347
|move|p2a: Seismitoad|Weather Ball|p1a: Cresselia
|-damage|p1a: Cresselia|0 fnt
|-damage|p2a: Seismitoad|8/100|[from] item: Life Orb
|faint|p1a: Cresselia
|
|-weather|RainDance|[upkeep]
|upkeep
|
|t:|1609007350
|switch|p1a: Crawdaunt|Crawdaunt, M|100/100
|-damage|p1a: Crawdaunt|88/100|[from] Spikes
|turn|8
|
|t:|1609007353
|switch|p2a: Ferrothorn|Ferrothorn, M|100/100
|move|p1a: Crawdaunt|Aqua Jet|p2a: Ferrothorn
|-resisted|p2a: Ferrothorn
|-damage|p2a: Ferrothorn|84/100
|-damage|p1a: Crawdaunt|76/100|[from] ability: Iron Barbs|[of] p2a: Ferrothorn
|-damage|p1a: Crawdaunt|66/100|[from] item: Life Orb
|
|-weather|RainDance|[upkeep]
|-heal|p2a: Ferrothorn|91/100|[from] item: Leftovers
|upkeep
|turn|9
|
|t:|1609007357
|switch|p1a: Thundurus|Thundurus-Therian, M|37/100
|move|p2a: Ferrothorn|Stealth Rock|p1a: Thundurus
|-sidestart|p1: Skipthedripbayless|move: Stealth Rock
|
|-weather|RainDance|[upkeep]
|-heal|p2a: Ferrothorn|97/100|[from] item: Leftovers
|upkeep
|turn|10
|
|t:|1609007361
|switch|p2a: Seismitoad|Seismitoad, F|8/100
|move|p1a: Thundurus|Defog|p2a: Seismitoad
|-unboost|p2a: Seismitoad|evasion|1
|-sideend|p1: Skipthedripbayless|Spikes|[from] move: Defog|[of] p1a: Thundurus
|-sideend|p1: Skipthedripbayless|Stealth Rock|[from] move: Defog|[of] p1a: Thundurus
|
|-weather|RainDance|[upkeep]
|upkeep
|turn|11
|
|t:|1609007365
|switch|p1a: Pelipper|Pelipper, F|100/100
|move|p2a: Seismitoad|Weather Ball|p1a: Pelipper
|-resisted|p1a: Pelipper
|-damage|p1a: Pelipper|45/100
|-damage|p2a: Seismitoad|0 fnt|[from] item: Life Orb
|faint|p2a: Seismitoad
|
|-weather|RainDance|[upkeep]
|upkeep
|
|t:|1609007367
|switch|p2a: Zapdos|Zapdos|100/100
|turn|12
|
|t:|1609007380
|move|p2a: Zapdos|Hurricane|p1a: Pelipper
|-damage|p1a: Pelipper|0 fnt
|faint|p1a: Pelipper
|
|-weather|none
|upkeep
|
|t:|1609007382
|switch|p1a: Thundurus|Thundurus-Therian, M|37/100
|turn|13
|
|t:|1609007412
|switch|p2a: Pelipper|Pelipper, M|100/100
|-weather|RainDance|[from] ability: Drizzle|[of] p2a: Pelipper
|move|p1a: Thundurus|Volt Switch|p2a: Pelipper
|-supereffective|p2a: Pelipper
|-damage|p2a: Pelipper|0 fnt
|faint|p2a: Pelipper
|j| Vessev
|
|t:|1609007421
|switch|p1a: Magearna|Magearna-Original|99/100|[from]move: Volt Switch
|
|-weather|RainDance|[upkeep]
|-heal|p1a: Magearna|100/100|[from] item: Leftovers
|upkeep
|
|t:|1609007424
|switch|p2a: Barraskewda|Barraskewda, M|100/100
|turn|14
|
|t:|1609007428
|switch|p1a: Volcanion|Volcanion|100/100
|move|p2a: Barraskewda|Close Combat|p1a: Volcanion
|-damage|p1a: Volcanion|45/100
|-unboost|p2a: Barraskewda|def|1
|-unboost|p2a: Barraskewda|spd|1
|
|-weather|RainDance|[upkeep]
|upkeep
|turn|15
|
|t:|1609007430
|switch|p1a: Magearna|Magearna-Original|100/100
|move|p2a: Barraskewda|Close Combat|p1a: Magearna
|-damage|p1a: Magearna|60/100
|-unboost|p2a: Barraskewda|def|1
|-unboost|p2a: Barraskewda|spd|1
|
|-weather|RainDance|[upkeep]
|-heal|p1a: Magearna|66/100|[from] item: Leftovers
|upkeep
|turn|16
|
|t:|1609007433
|switch|p2a: Ferrothorn|Ferrothorn, M|97/100
|move|p1a: Magearna|Trick Room|p1a: Magearna
|-fieldstart|move: Trick Room|[of] p1a: Magearna
|
|-weather|RainDance|[upkeep]
|-heal|p2a: Ferrothorn|100/100|[from] item: Leftovers
|-heal|p1a: Magearna|72/100|[from] item: Leftovers
|upkeep
|turn|17
|
|t:|1609007436
|move|p2a: Ferrothorn|Body Press|p1a: Magearna
|-damage|p1a: Magearna|52/100
|move|p1a: Magearna|Focus Blast|p2a: Ferrothorn|[miss]
|-miss|p1a: Magearna|p2a: Ferrothorn
|
|-weather|RainDance|[upkeep]
|-heal|p1a: Magearna|58/100|[from] item: Leftovers
|upkeep
|turn|18
|
|t:|1609007441
|move|p2a: Ferrothorn|Body Press|p1a: Magearna
|-damage|p1a: Magearna|38/100
|move|p1a: Magearna|Focus Blast|p2a: Ferrothorn
|-supereffective|p2a: Ferrothorn
|-damage|p2a: Ferrothorn|40/100
|
|-weather|RainDance|[upkeep]
|-heal|p2a: Ferrothorn|47/100|[from] item: Leftovers
|-heal|p1a: Magearna|44/100|[from] item: Leftovers
|upkeep
|turn|19
|
|t:|1609007444
|move|p2a: Ferrothorn|Body Press|p1a: Magearna
|-damage|p1a: Magearna|25/100
|move|p1a: Magearna|Focus Blast|p2a: Ferrothorn
|-supereffective|p2a: Ferrothorn
|-damage|p2a: Ferrothorn|0 fnt
|faint|p2a: Ferrothorn
|-ability|p1a: Magearna|Soul-Heart|boost
|-boost|p1a: Magearna|spa|1
|
|-weather|RainDance|[upkeep]
|-heal|p1a: Magearna|32/100|[from] item: Leftovers
|upkeep
|
|t:|1609007461
|switch|p2a: Zapdos|Zapdos|100/100
|turn|20
|
|t:|1609007465
|move|p1a: Magearna|Fleur Cannon|p2a: Zapdos
|-damage|p2a: Zapdos|8/100
|-unboost|p1a: Magearna|spa|2
|move|p2a: Zapdos|Hurricane|p1a: Magearna
|-resisted|p1a: Magearna
|-damage|p1a: Magearna|9/100
|
|-weather|none
|-heal|p1a: Magearna|15/100|[from] item: Leftovers
|-fieldend|move: Trick Room
|upkeep
|turn|21
|
|t:|1609007470
|move|p2a: Zapdos|Hurricane|p1a: Magearna|[miss]
|-miss|p2a: Zapdos|p1a: Magearna
|move|p1a: Magearna|Volt Switch|p2a: Zapdos
|-damage|p2a: Zapdos|0 fnt
|faint|p2a: Zapdos
|-ability|p1a: Magearna|Soul-Heart|boost
|-boost|p1a: Magearna|spa|1
|
|t:|1609007478
|switch|p1a: Thundurus|Thundurus-Therian, M|37/100|[from]move: Volt Switch
|
|upkeep
|
|t:|1609007480
|switch|p2a: Barraskewda|Barraskewda, M|100/100
|turn|22
|
|t:|1609007483
|move|p2a: Barraskewda|Close Combat|p1a: Thundurus
|-resisted|p1a: Thundurus
|-damage|p1a: Thundurus|0 fnt
|-unboost|p2a: Barraskewda|def|1
|-unboost|p2a: Barraskewda|spd|1
|faint|p1a: Thundurus
|
|upkeep
|
|t:|1609007488
|switch|p1a: Magearna|Magearna-Original|15/100
|turn|23
|
|t:|1609007491
|move|p2a: Barraskewda|Close Combat|p1a: Magearna
|-damage|p1a: Magearna|0 fnt
|-unboost|p2a: Barraskewda|def|1
|-unboost|p2a: Barraskewda|spd|1
|faint|p1a: Magearna
|
|upkeep
|
|t:|1609007492
|switch|p1a: Volcanion|Volcanion|45/100
|turn|24
|
|t:|1609007494
|move|p2a: Barraskewda|Close Combat|p1a: Volcanion
|-damage|p1a: Volcanion|0 fnt
|-unboost|p2a: Barraskewda|def|1
|-unboost|p2a: Barraskewda|spd|1
|faint|p1a: Volcanion
|
|upkeep
|
|t:|1609007495
|switch|p1a: Crawdaunt|Crawdaunt, M|66/100
|turn|25
|
|t:|1609007496
|move|p1a: Crawdaunt|Aqua Jet|p2a: Barraskewda
|-resisted|p2a: Barraskewda
|-damage|p2a: Barraskewda|0 fnt
|-damage|p1a: Crawdaunt|56/100|[from] item: Life Orb
|faint|p2a: Barraskewda
|
|win|Skipthedripbayless
|l|☆Allgoodsntook
|l|☆Skipthedripbayless
|raw|Skipthedripbayless's rating: 1832 &rarr; <strong>1846</strong><br />(+14 for winning)
|raw|Allgoodsntook's rating: 1714 &rarr; <strong>1700</strong><br />(-14 for losing)
|l| RosasNumberOneFan
|l| Titan Toxik
