|j|☆Thruxy
|j|☆Steelix Fusion
|t:|1657077978
|gametype|singles
|player|p1|Thruxy|blue|1561
|player|p2|Steelix Fusion|marshal|1662
|teamsize|p1|6
|teamsize|p2|6
|gen|8
|tier|[Gen 8] OU
|rated|
|rule|Sleep Clause Mod: Limit one foe put to sleep
|rule|Species Clause: Limit one of each Pokémon
|rule|OHKO Clause: OHKO moves are banned
|rule|Evasion Moves Clause: Evasion moves are banned
|rule|Endless Battle Clause: Forcing endless battles is banned
|rule|HP Percentage Mod: HP is shown in percentages
|rule|Dynamax Clause: You cannot dynamax
|clearpoke
|poke|p1|Machamp, F|
|poke|p1|Dragonite, M|
|poke|p1|Gyarados, M|
|poke|p1|Nidoking, M|
|poke|p1|Arcanine, M|
|poke|p1|Clefable, M|
|poke|p2|Ninetales-Alola, F|
|poke|p2|Klefki, M|
|poke|p2|Toxapex, M|
|poke|p2|Steelix, M|
|poke|p2|Rillaboom, M|
|poke|p2|Weavile, F|
|teampreview
|inactive|Battle timer is ON: inactive players will automatically lose when time's up. (requested by Thruxy)
|inactive|Steelix Fusion has 120 seconds left.
|inactive|Steelix Fusion has 90 seconds left.
|
|t:|1657078046
|start
|switch|p1a: Arcanine|Arcanine, M|100/100
|switch|p2a: Ninetales|Ninetales-Alola, F|100/100
|-weather|Hail|[from] ability: Snow Warning|[of] p2a: Ninetales
|-ability|p1a: Arcanine|Intimidate|boost
|-unboost|p2a: Ninetales|atk|1
|turn|1
|
|t:|1657078053
|move|p2a: Ninetales|Aurora Veil|p2a: Ninetales
|-sidestart|p2: Steelix Fusion|move: Aurora Veil
|move|p1a: Arcanine|Flare Blitz|p2a: Ninetales
|-supereffective|p2a: Ninetales
|-crit|p2a: Ninetales
|-damage|p2a: Ninetales|0 fnt
|faint|p2a: Ninetales
|-damage|p1a: Arcanine|71/100|[from] Recoil
|
|-weather|Hail|[upkeep]
|-damage|p1a: Arcanine|65/100|[from] Hail
|upkeep
|
|t:|1657078065
|switch|p2a: Weavile|Weavile, F|100/100
|turn|2
|
|t:|1657078069
|move|p2a: Weavile|Knock Off|p1a: Arcanine
|-damage|p1a: Arcanine|0 fnt
|-enditem|p1a: Arcanine|Choice Band|[from] move: Knock Off|[of] p2a: Weavile
|faint|p1a: Arcanine
|-damage|p2a: Weavile|91/100|[from] item: Life Orb
|
|-weather|Hail|[upkeep]
|upkeep
|
|t:|1657078076
|switch|p1a: Clefable|Clefable, M|100/100
|turn|3
|
|t:|1657078084
|switch|p2a: Toxapex|Toxapex, M|100/100
|switch|p1a: Gyarados|Gyarados, M|100/100
|
|-weather|Hail|[upkeep]
|-damage|p1a: Gyarados|94/100|[from] Hail
|-damage|p2a: Toxapex|94/100|[from] Hail
|-heal|p1a: Gyarados|100/100|[from] item: Leftovers
|upkeep
|turn|4
|
|t:|1657078093
|move|p1a: Gyarados|Dragon Dance|p1a: Gyarados
|-boost|p1a: Gyarados|atk|1
|-boost|p1a: Gyarados|spe|1
|move|p2a: Toxapex|Knock Off|p1a: Gyarados
|-damage|p1a: Gyarados|80/100
|-enditem|p1a: Gyarados|Leftovers|[from] move: Knock Off|[of] p2a: Toxapex
|
|-weather|Hail|[upkeep]
|-damage|p1a: Gyarados|74/100|[from] Hail
|-damage|p2a: Toxapex|88/100|[from] Hail
|upkeep
|turn|5
|
|t:|1657078101
|move|p1a: Gyarados|Earthquake|p2a: Toxapex
|-supereffective|p2a: Toxapex
|-damage|p2a: Toxapex|56/100
|move|p2a: Toxapex|Scald|p1a: Gyarados
|-resisted|p1a: Gyarados
|-damage|p1a: Gyarados|65/100
|
|-weather|none
|upkeep
|turn|6
|
|t:|1657078108
|move|p1a: Gyarados|Earthquake|p2a: Toxapex
|-supereffective|p2a: Toxapex
|-damage|p2a: Toxapex|28/100
|move|p2a: Toxapex|Haze|p2a: Toxapex
|-clearallboost
|
|upkeep
|turn|7
|
|t:|1657078114
|move|p1a: Gyarados|Dragon Dance|p1a: Gyarados
|-boost|p1a: Gyarados|atk|1
|-boost|p1a: Gyarados|spe|1
|move|p2a: Toxapex|Recover|p2a: Toxapex
|-heal|p2a: Toxapex|78/100
|
|upkeep
|turn|8
|
|t:|1657078121
|move|p1a: Gyarados|Dragon Dance|p1a: Gyarados
|-boost|p1a: Gyarados|atk|1
|-boost|p1a: Gyarados|spe|1
|move|p2a: Toxapex|Haze|p2a: Toxapex
|-clearallboost
|
|-sideend|p2: Steelix Fusion|move: Aurora Veil
|upkeep
|turn|9
|j| R4MI
|
|t:|1657078133
|switch|p2a: Rillaboom|Rillaboom, M|100/100
|-fieldstart|move: Grassy Terrain|[from] ability: Grassy Surge|[of] p2a: Rillaboom
|move|p1a: Gyarados|Dragon Dance|p1a: Gyarados
|-boost|p1a: Gyarados|atk|1
|-boost|p1a: Gyarados|spe|1
|
|upkeep
|turn|10
|l| R4MI
|
|t:|1657078142
|move|p2a: Rillaboom|Grassy Glide|p1a: Gyarados
|-damage|p1a: Gyarados|4/100
|move|p1a: Gyarados|Waterfall|p2a: Rillaboom
|-resisted|p2a: Rillaboom
|-damage|p2a: Rillaboom|68/100
|
|-heal|p2a: Rillaboom|74/100|[from] Grassy Terrain
|upkeep
|turn|11
|
|t:|1657078156
|switch|p1a: Dragonite|Dragonite, M|100/100
|move|p2a: Rillaboom|Grassy Glide|p1a: Dragonite
|-resisted|p1a: Dragonite
|-damage|p1a: Dragonite|93/100
|
|-heal|p2a: Rillaboom|80/100|[from] Grassy Terrain
|-heal|p1a: Dragonite|99/100|[from] item: Leftovers
|upkeep
|turn|12
|
|t:|1657078165
|switch|p2a: Toxapex|Toxapex, M|100/100
|move|p1a: Dragonite|Dragon Dance|p1a: Dragonite
|-boost|p1a: Dragonite|atk|1
|-boost|p1a: Dragonite|spe|1
|
|-heal|p1a: Dragonite|100/100|[from] item: Leftovers
|upkeep
|turn|13
|
|t:|1657078173
|move|p1a: Dragonite|Earthquake|p2a: Toxapex
|-supereffective|p2a: Toxapex
|-damage|p2a: Toxapex|66/100
|move|p2a: Toxapex|Haze|p2a: Toxapex
|-clearallboost
|
|-heal|p2a: Toxapex|73/100|[from] Grassy Terrain
|upkeep
|turn|14
|
|t:|1657078185
|move|p1a: Dragonite|Dragon Dance|p1a: Dragonite
|-boost|p1a: Dragonite|atk|1
|-boost|p1a: Dragonite|spe|1
|move|p2a: Toxapex|Knock Off|p1a: Dragonite
|-damage|p1a: Dragonite|92/100
|-enditem|p1a: Dragonite|Leftovers|[from] move: Knock Off|[of] p2a: Toxapex
|
|-heal|p2a: Toxapex|79/100|[from] Grassy Terrain
|upkeep
|turn|15
|
|t:|1657078193
|move|p1a: Dragonite|Earthquake|p2a: Toxapex
|-supereffective|p2a: Toxapex
|-damage|p2a: Toxapex|43/100
|move|p2a: Toxapex|Haze|p2a: Toxapex
|-clearallboost
|
|-heal|p2a: Toxapex|50/100|[from] Grassy Terrain
|upkeep
|turn|16
|
|t:|1657078201
|switch|p2a: Weavile|Weavile, F|91/100
|move|p1a: Dragonite|Dragon Dance|p1a: Dragonite
|-boost|p1a: Dragonite|atk|1
|-boost|p1a: Dragonite|spe|1
|
|-heal|p2a: Weavile|97/100|[from] Grassy Terrain
|-fieldend|move: Grassy Terrain
|upkeep
|turn|17
|
|t:|1657078208
|move|p1a: Dragonite|Extreme Speed|p2a: Weavile
|-damage|p2a: Weavile|9/100
|move|p2a: Weavile|Ice Shard|p1a: Dragonite
|-supereffective|p1a: Dragonite
|-damage|p1a: Dragonite|0 fnt
|faint|p1a: Dragonite
|-damage|p2a: Weavile|0 fnt|[from] item: Life Orb
|faint|p2a: Weavile
|
|upkeep
|
|t:|1657078220
|switch|p2a: Rillaboom|Rillaboom, M|80/100
|switch|p1a: Nidoking|Nidoking, M|100/100
|-fieldstart|move: Grassy Terrain|[from] ability: Grassy Surge|[of] p2a: Rillaboom
|turn|18
|
|t:|1657078225
|move|p2a: Rillaboom|Grassy Glide|p1a: Nidoking
|-damage|p1a: Nidoking|27/100
|move|p1a: Nidoking|Sludge Wave|p2a: Rillaboom
|-supereffective|p2a: Rillaboom
|-damage|p2a: Rillaboom|0 fnt
|faint|p2a: Rillaboom
|
|-heal|p1a: Nidoking|33/100|[from] Grassy Terrain
|upkeep
|
|t:|1657078234
|switch|p2a: Klefki|Klefki, M|100/100
|turn|19
|
|t:|1657078237
|move|p2a: Klefki|Light Screen|p2a: Klefki
|-sidestart|p2: Steelix Fusion|move: Light Screen
|move|p1a: Nidoking|Flamethrower|p2a: Klefki
|-supereffective|p2a: Klefki
|-damage|p2a: Klefki|52/100
|
|-heal|p1a: Nidoking|39/100|[from] Grassy Terrain
|-heal|p2a: Klefki|59/100|[from] Grassy Terrain
|upkeep
|turn|20
|
|t:|1657078244
|switch|p1a: Gyarados|Gyarados, M|4/100
|move|p2a: Klefki|Reflect|p2a: Klefki
|-sidestart|p2: Steelix Fusion|Reflect
|
|-heal|p2a: Klefki|65/100|[from] Grassy Terrain
|upkeep
|turn|21
|
|t:|1657078250
|switch|p2a: Toxapex|Toxapex, M|83/100
|move|p1a: Gyarados|Dragon Dance|p1a: Gyarados
|-boost|p1a: Gyarados|atk|1
|-boost|p1a: Gyarados|spe|1
|
|-heal|p2a: Toxapex|89/100|[from] Grassy Terrain
|upkeep
|turn|22
|
|t:|1657078260
|switch|p1a: Clefable|Clefable, M|100/100
|move|p2a: Toxapex|Knock Off|p1a: Clefable
|-resisted|p1a: Clefable
|-damage|p1a: Clefable|94/100
|-enditem|p1a: Clefable|Leftovers|[from] move: Knock Off|[of] p2a: Toxapex
|
|-heal|p1a: Clefable|99/100|[from] Grassy Terrain
|-heal|p2a: Toxapex|95/100|[from] Grassy Terrain
|upkeep
|turn|23
|
|t:|1657078269
|move|p1a: Clefable|Flamethrower|p2a: Toxapex
|-resisted|p2a: Toxapex
|-damage|p2a: Toxapex|92/100
|move|p2a: Toxapex|Scald|p1a: Clefable
|-damage|p1a: Clefable|83/100
|
|-heal|p1a: Clefable|89/100|[from] Grassy Terrain
|-heal|p2a: Toxapex|98/100|[from] Grassy Terrain
|upkeep
|turn|24
|
|t:|1657078278
|move|p1a: Clefable|Soft-Boiled|p1a: Clefable
|-heal|p1a: Clefable|100/100
|move|p2a: Toxapex|Scald|p1a: Clefable
|-damage|p1a: Clefable|83/100
|
|-heal|p1a: Clefable|90/100|[from] Grassy Terrain
|-heal|p2a: Toxapex|100/100|[from] Grassy Terrain
|upkeep
|turn|25
|
|t:|1657078288
|move|p1a: Clefable|Flamethrower|p2a: Toxapex
|-resisted|p2a: Toxapex
|-damage|p2a: Toxapex|96/100
|move|p2a: Toxapex|Scald|p1a: Clefable
|-damage|p1a: Clefable|74/100
|-status|p1a: Clefable|brn
|
|-heal|p1a: Clefable|80/100 brn|[from] Grassy Terrain
|-heal|p2a: Toxapex|100/100|[from] Grassy Terrain
|-damage|p1a: Clefable|74/100 brn|[from] brn
|-fieldend|move: Grassy Terrain
|upkeep
|turn|26
|
|t:|1657078301
|switch|p2a: Klefki|Klefki, M|65/100
|move|p1a: Clefable|Soft-Boiled|p1a: Clefable
|-heal|p1a: Clefable|100/100 brn
|
|-damage|p1a: Clefable|94/100 brn|[from] brn
|-sideend|p2: Steelix Fusion|move: Light Screen
|upkeep
|turn|27
|
|t:|1657078307
|move|p2a: Klefki|Light Screen|p2a: Klefki
|-sidestart|p2: Steelix Fusion|move: Light Screen
|move|p1a: Clefable|Flamethrower|p2a: Klefki
|-supereffective|p2a: Klefki
|-damage|p2a: Klefki|41/100
|
|-damage|p1a: Clefable|88/100 brn|[from] brn
|-sideend|p2: Steelix Fusion|Reflect
|upkeep
|turn|28
|
|t:|1657078314
|move|p2a: Klefki|Reflect|p2a: Klefki
|-sidestart|p2: Steelix Fusion|Reflect
|move|p1a: Clefable|Flamethrower|p2a: Klefki
|-supereffective|p2a: Klefki
|-damage|p2a: Klefki|20/100
|
|-damage|p1a: Clefable|82/100 brn|[from] brn
|upkeep
|turn|29
|
|t:|1657078320
|switch|p2a: Toxapex|Toxapex, M|100/100
|switch|p1a: Nidoking|Nidoking, M|39/100
|
|upkeep
|turn|30
|
|t:|1657078325
|move|p1a: Nidoking|Earth Power|p2a: Toxapex
|-supereffective|p2a: Toxapex
|-damage|p2a: Toxapex|53/100
|move|p2a: Toxapex|Knock Off|p1a: Nidoking
|-damage|p1a: Nidoking|19/100
|-enditem|p1a: Nidoking|Life Orb|[from] move: Knock Off|[of] p2a: Toxapex
|
|upkeep
|turn|31
|
|t:|1657078333
|move|p1a: Nidoking|Earth Power|p2a: Toxapex
|-supereffective|p2a: Toxapex
|-damage|p2a: Toxapex|15/100
|move|p2a: Toxapex|Scald|p1a: Nidoking
|-supereffective|p1a: Nidoking
|-damage|p1a: Nidoking|0 fnt
|faint|p1a: Nidoking
|
|upkeep
|
|t:|1657078338
|switch|p1a: Gyarados|Gyarados, M|4/100
|turn|32
|
|t:|1657078347
|switch|p2a: Steelix|Steelix, M, shiny|100/100
|move|p1a: Gyarados|Earthquake|p2a: Steelix
|-supereffective|p2a: Steelix
|-damage|p2a: Steelix|82/100
|
|-heal|p2a: Steelix|88/100|[from] item: Leftovers
|upkeep
|turn|33
|
|t:|1657078358
|move|p1a: Gyarados|Earthquake|p2a: Steelix
|-supereffective|p2a: Steelix
|-damage|p2a: Steelix|69/100
|move|p2a: Steelix|Iron Defense|p2a: Steelix
|-boost|p2a: Steelix|def|2
|
|-heal|p2a: Steelix|75/100|[from] item: Leftovers
|upkeep
|turn|34
|
|t:|1657078368
|switch|p1a: Clefable|Clefable, M|82/100 brn
|move|p2a: Steelix|Gyro Ball|p1a: Clefable
|-supereffective|p1a: Clefable
|-damage|p1a: Clefable|49/100 brn
|
|-heal|p2a: Steelix|82/100|[from] item: Leftovers
|-damage|p1a: Clefable|43/100 brn|[from] brn
|-sideend|p2: Steelix Fusion|move: Light Screen
|upkeep
|turn|35
|
|t:|1657078376
|move|p1a: Clefable|Soft-Boiled|p1a: Clefable
|-heal|p1a: Clefable|93/100 brn
|move|p2a: Steelix|Gyro Ball|p1a: Clefable
|-supereffective|p1a: Clefable
|-damage|p1a: Clefable|62/100 brn
|
|-heal|p2a: Steelix|88/100|[from] item: Leftovers
|-damage|p1a: Clefable|56/100 brn|[from] brn
|-sideend|p2: Steelix Fusion|Reflect
|upkeep
|turn|36
|
|t:|1657078384
|move|p1a: Clefable|Soft-Boiled|p1a: Clefable
|-heal|p1a: Clefable|100/100 brn
|move|p2a: Steelix|Iron Defense|p2a: Steelix
|-boost|p2a: Steelix|def|2
|
|-heal|p2a: Steelix|94/100|[from] item: Leftovers
|-damage|p1a: Clefable|94/100 brn|[from] brn
|upkeep
|turn|37
|
|t:|1657078392
|move|p1a: Clefable|Calm Mind|p1a: Clefable
|-boost|p1a: Clefable|spa|1
|-boost|p1a: Clefable|spd|1
|move|p2a: Steelix|Gyro Ball|p1a: Clefable
|-supereffective|p1a: Clefable
|-damage|p1a: Clefable|62/100 brn
|
|-heal|p2a: Steelix|99/100|[from] item: Leftovers
|-damage|p1a: Clefable|56/100 brn|[from] brn
|upkeep
|turn|38
|
|t:|1657078400
|move|p1a: Clefable|Soft-Boiled|p1a: Clefable
|-heal|p1a: Clefable|100/100 brn
|move|p2a: Steelix|Substitute|p2a: Steelix
|-start|p2a: Steelix|Substitute
|-damage|p2a: Steelix|75/100
|
|-heal|p2a: Steelix|82/100|[from] item: Leftovers
|-damage|p1a: Clefable|94/100 brn|[from] brn
|upkeep
|turn|39
|
|t:|1657078408
|move|p1a: Clefable|Flamethrower|p2a: Steelix
|-supereffective|p2a: Steelix
|-end|p2a: Steelix|Substitute
|move|p2a: Steelix|Gyro Ball|p1a: Clefable
|-supereffective|p1a: Clefable
|-damage|p1a: Clefable|63/100 brn
|
|-heal|p2a: Steelix|88/100|[from] item: Leftovers
|-damage|p1a: Clefable|57/100 brn|[from] brn
|upkeep
|turn|40
|
|t:|1657078416
|move|p1a: Clefable|Soft-Boiled|p1a: Clefable
|-heal|p1a: Clefable|100/100 brn
|move|p2a: Steelix|Iron Defense|p2a: Steelix
|-boost|p2a: Steelix|def|2
|
|-heal|p2a: Steelix|94/100|[from] item: Leftovers
|-damage|p1a: Clefable|94/100 brn|[from] brn
|upkeep
|turn|41
|
|t:|1657078423
|move|p1a: Clefable|Flamethrower|p2a: Steelix
|-supereffective|p2a: Steelix
|-damage|p2a: Steelix|36/100
|move|p2a: Steelix|Gyro Ball|p1a: Clefable
|-supereffective|p1a: Clefable
|-damage|p1a: Clefable|61/100 brn
|
|-heal|p2a: Steelix|43/100|[from] item: Leftovers
|-damage|p1a: Clefable|55/100 brn|[from] brn
|upkeep
|turn|42
|
|t:|1657078431
|move|p1a: Clefable|Flamethrower|p2a: Steelix
|-supereffective|p2a: Steelix
|-damage|p2a: Steelix|0 fnt
|faint|p2a: Steelix
|
|-damage|p1a: Clefable|49/100 brn|[from] brn
|upkeep
|inactive|Steelix Fusion has 120 seconds left.
|
|t:|1657078475
|switch|p2a: Toxapex|Toxapex, M|48/100
|turn|43
|
|t:|1657078480
|move|p1a: Clefable|Flamethrower|p2a: Toxapex
|-resisted|p2a: Toxapex
|-damage|p2a: Toxapex|36/100
|-status|p2a: Toxapex|brn
|move|p2a: Toxapex|Haze|p2a: Toxapex
|-clearallboost
|
|-damage|p1a: Clefable|43/100 brn|[from] brn
|-damage|p2a: Toxapex|29/100 brn|[from] brn
|upkeep
|turn|44
|
|t:|1657078489
|move|p1a: Clefable|Soft-Boiled|p1a: Clefable
|-heal|p1a: Clefable|93/100 brn
|move|p2a: Toxapex|Recover|p2a: Toxapex
|-heal|p2a: Toxapex|79/100 brn
|
|-damage|p1a: Clefable|87/100 brn|[from] brn
|-damage|p2a: Toxapex|73/100 brn|[from] brn
|upkeep
|turn|45
|
|t:|1657078496
|move|p1a: Clefable|Moonblast|p2a: Toxapex
|-resisted|p2a: Toxapex
|-damage|p2a: Toxapex|61/100 brn
|move|p2a: Toxapex|Scald|p1a: Clefable
|-damage|p1a: Clefable|70/100 brn
|
|-damage|p1a: Clefable|64/100 brn|[from] brn
|-damage|p2a: Toxapex|54/100 brn|[from] brn
|upkeep
|turn|46
|
|t:|1657078504
|move|p1a: Clefable|Moonblast|p2a: Toxapex
|-resisted|p2a: Toxapex
|-damage|p2a: Toxapex|42/100 brn
|move|p2a: Toxapex|Recover|p2a: Toxapex
|-heal|p2a: Toxapex|92/100 brn
|
|-damage|p1a: Clefable|58/100 brn|[from] brn
|-damage|p2a: Toxapex|86/100 brn|[from] brn
|upkeep
|turn|47
|c|☆Steelix Fusion|lol
|c|☆Steelix Fusion|this is why i dont do stall
|c|☆Steelix Fusion|using my noob team
|c|☆Thruxy|:(
|inactive|Steelix Fusion has 120 seconds left.
|c|☆Steelix Fusion|virgins like stall tho
|c|☆Steelix Fusion|so i understand
|c|☆Thruxy|I’m not stall
|c|☆Thruxy|I’m gen 1
|inactive|Steelix Fusion has 90 seconds left.
|-message|Steelix Fusion forfeited.
|
|win|Thruxy
|raw|Thruxy's rating: 1561 &rarr; <strong>1587</strong><br />(+26 for winning)
|raw|Steelix Fusion's rating: 1677 &rarr; <strong>1651</strong><br />(-26 for losing)
|l|☆Steelix Fusion
