|html|<div class="broadcast-blue"><strong>[Gen 8] OU is currently suspecting Melmetal! For information on how to participate check out the <a href="https://www.smogon.com/forums/threads/np-ss-ou-suspect-process-round-12-monster-mash.3709234/">suspect thread</a>.</strong></div>
|j|☆Sombra Diurna
|j|☆minimax_ai
|t:|1666359527
|gametype|singles
|player|p1|Sombra Diurna|blue|1441
|player|p2|minimax_ai|lusamine-nihilego|1464
|teamsize|p1|6
|teamsize|p2|6
|gen|8
|tier|[Gen 8] OU
|rated|
|rule|Sleep Clause Mod: Limit one foe put to sleep
|rule|Species Clause: Limit one of each Pokémon
|rule|OHKO Clause: OHKO moves are banned
|rule|Evasion Items Clause: Evasion items are banned
|rule|Evasion Moves Clause: Evasion moves are banned
|rule|Endless Battle Clause: Forcing endless battles is banned
|rule|HP Percentage Mod: HP is shown in percentages
|rule|Dynamax Clause: You cannot dynamax
|clearpoke
|poke|p1|Marowak-Alola, M|
|poke|p1|Slowbro, M|
|poke|p1|Hatterene, F|
|poke|p1|Garchomp, M|
|poke|p1|Ferrothorn, M|
|poke|p1|Drampa, M|
|poke|p2|Rotom-Wash|
|poke|p2|Weavile, M|
|poke|p2|Landorus-Therian, M|
|poke|p2|Heatran, M|
|poke|p2|Tangrowth, M|
|poke|p2|Melmetal|
|teampreview
|c|☆minimax_ai|hf
|inactive|Battle timer is ON: inactive players will automatically lose when time's up. (requested by minimax_ai)
|inactive|Sombra Diurna has 120 seconds left.
|
|t:|1666359574
|start
|switch|p1a: Thorns|Ferrothorn, M|100/100
|switch|p2a: landorustherian|Landorus-Therian, M|100/100
|-ability|p2a: landorustherian|Intimidate|boost
|-unboost|p1a: Thorns|atk|1
|turn|1
|
|t:|1666359581
|move|p2a: landorustherian|Earthquake|p1a: Thorns
|-damage|p1a: Thorns|61/100
|move|p1a: Thorns|Stealth Rock|p2a: landorustherian
|-sidestart|p2: minimax_ai|move: Stealth Rock
|
|upkeep
|turn|2
|
|t:|1666359586
|switch|p1a: Sonso|Slowbro, M|100/100
|move|p2a: landorustherian|Earthquake|p1a: Sonso
|-damage|p1a: Sonso|72/100
|
|upkeep
|turn|3
|
|t:|1666359591
|move|p2a: landorustherian|Earthquake|p1a: Sonso
|-damage|p1a: Sonso|43/100
|move|p1a: Sonso|Scald|p2a: landorustherian
|-supereffective|p2a: landorustherian
|-damage|p2a: landorustherian|63/100
|
|-heal|p2a: landorustherian|69/100|[from] item: Leftovers
|upkeep
|turn|4
|
|t:|1666359599
|move|p2a: landorustherian|Earthquake|p1a: Sonso
|-damage|p1a: Sonso|14/100
|move|p1a: Sonso|Slack Off|p1a: Sonso
|-heal|p1a: Sonso|64/100
|
|-heal|p2a: landorustherian|75/100|[from] item: Leftovers
|upkeep
|turn|5
|
|t:|1666359612
|move|p2a: landorustherian|Defog|p1a: Sonso
|-unboost|p1a: Sonso|evasion|1
|-sideend|p2: minimax_ai|Stealth Rock|[from] move: Defog|[of] p2a: landorustherian
|move|p1a: Sonso|Trick Room|p1a: Sonso
|-fieldstart|move: Trick Room|[of] p1a: Sonso
|
|-heal|p2a: landorustherian|81/100|[from] item: Leftovers
|upkeep
|turn|6
|
|t:|1666359622
|switch|p1a: Falkor|Drampa, M|100/100
|move|p2a: landorustherian|Toxic|p1a: Falkor
|-status|p1a: Falkor|tox
|
|-heal|p2a: landorustherian|87/100|[from] item: Leftovers
|-damage|p1a: Falkor|94/100 tox|[from] psn
|upkeep
|turn|7
|
|t:|1666359632
|switch|p2a: Heatran|Heatran, M|100/100
|-item|p2a: Heatran|Air Balloon
|move|p1a: Falkor|Focus Blast|p2a: Heatran
|-supereffective|p2a: Heatran
|-damage|p2a: Heatran|0 fnt
|-enditem|p2a: Heatran|Air Balloon
|faint|p2a: Heatran
|
|-damage|p1a: Falkor|82/100 tox|[from] psn
|upkeep
|
|t:|1666359632
|switch|p2a: landorustherian|Landorus-Therian, M|87/100
|-ability|p2a: landorustherian|Intimidate|boost
|-unboost|p1a: Falkor|atk|1
|turn|8
|
|t:|1666359644
|move|p1a: Falkor|Ice Beam|p2a: landorustherian
|-supereffective|p2a: landorustherian
|-damage|p2a: landorustherian|0 fnt
|faint|p2a: landorustherian
|
|-damage|p1a: Falkor|64/100 tox|[from] psn
|upkeep
|
|t:|1666359644
|switch|p2a: Melmetal|Melmetal|100/100
|turn|9
|
|t:|1666359657
|switch|p1a: Thorns|Ferrothorn, M|61/100
|move|p2a: Melmetal|Thunder Punch|p1a: Thorns
|-resisted|p1a: Thorns
|-damage|p1a: Thorns|48/100
|-damage|p2a: Melmetal|88/100|[from] ability: Iron Barbs|[of] p1a: Thorns
|
|-fieldend|move: Trick Room
|upkeep
|turn|10
|
|t:|1666359664
|switch|p1a: Sonso|Slowbro, M|97/100
|move|p2a: Melmetal|Earthquake|p1a: Sonso
|-damage|p1a: Sonso|75/100
|
|upkeep
|turn|11
|
|t:|1666359670
|switch|p2a: rotomwash|Rotom-Wash|100/100
|switch|p1a: Billy B.|Marowak-Alola, M, shiny|100/100
|
|upkeep
|turn|12
|
|t:|1666359678
|switch|p1a: Thorns|Ferrothorn, M|48/100
|move|p2a: rotomwash|Hydro Pump|p1a: Thorns
|-resisted|p1a: Thorns
|-crit|p1a: Thorns
|-damage|p1a: Thorns|28/100
|
|upkeep
|turn|13
|
|t:|1666359684
|switch|p2a: Weavile|Weavile, M|100/100
|-ability|p2a: Weavile|Pressure
|move|p1a: Thorns|Stealth Rock|p2a: Weavile
|-sidestart|p2: minimax_ai|move: Stealth Rock
|
|upkeep
|turn|14
|
|t:|1666359689
|move|p2a: Weavile|Knock Off|p1a: Thorns
|-damage|p1a: Thorns|0 fnt
|-damage|p2a: Weavile|88/100|[from] ability: Iron Barbs|[of] p1a: Thorns
|-enditem|p1a: Thorns|Shed Shell|[from] move: Knock Off|[of] p2a: Weavile
|faint|p1a: Thorns
|
|upkeep
|
|t:|1666359696
|switch|p1a: Sharko|Garchomp, M|100/100
|turn|15
|
|t:|1666359700
|switch|p2a: Tangrowth|Tangrowth, M|100/100
|-damage|p2a: Tangrowth|88/100|[from] Stealth Rock
|move|p1a: Sharko|Scale Shot|p2a: Tangrowth
|-damage|p2a: Tangrowth|81/100
|-crit|p2a: Tangrowth
|-damage|p2a: Tangrowth|71/100
|-damage|p2a: Tangrowth|64/100
|-damage|p2a: Tangrowth|57/100
|-damage|p2a: Tangrowth|50/100
|-hitcount|p2a: Tangrowth|5
|-unboost|p1a: Sharko|def|1
|-boost|p1a: Sharko|spe|1
|
|upkeep
|turn|16
|
|t:|1666359716
|move|p1a: Sharko|Swords Dance|p1a: Sharko
|-boost|p1a: Sharko|atk|2
|move|p2a: Tangrowth|Giga Drain|p1a: Sharko
|-damage|p1a: Sharko|72/100
|-heal|p2a: Tangrowth|63/100|[from] drain|[of] p1a: Sharko
|
|-heal|p1a: Sharko|78/100|[from] item: Leftovers
|upkeep
|turn|17
|
|t:|1666359724
|move|p1a: Sharko|Stone Edge|p2a: Tangrowth|[miss]
|-miss|p1a: Sharko|p2a: Tangrowth
|move|p2a: Tangrowth|Sleep Powder|p1a: Sharko|[miss]
|-miss|p2a: Tangrowth|p1a: Sharko
|
|-heal|p1a: Sharko|84/100|[from] item: Leftovers
|upkeep
|turn|18
|
|t:|1666359731
|move|p1a: Sharko|Scale Shot|p2a: Tangrowth|[miss]
|-miss|p1a: Sharko|p2a: Tangrowth
|move|p2a: Tangrowth|Sleep Powder|p1a: Sharko
|-status|p1a: Sharko|slp|[from] move: Sleep Powder
|
|-heal|p1a: Sharko|90/100 slp|[from] item: Leftovers
|upkeep
|turn|19
|c|☆Sombra Diurna|come on!
|
|t:|1666359741
|switch|p2a: Weavile|Weavile, M|88/100
|-damage|p2a: Weavile|63/100|[from] Stealth Rock
|-ability|p2a: Weavile|Pressure
|cant|p1a: Sharko|slp
|
|-heal|p1a: Sharko|97/100 slp|[from] item: Leftovers
|upkeep
|turn|20
|
|t:|1666359754
|switch|p1a: Sonso|Slowbro, M|100/100
|move|p2a: Weavile|Knock Off|p1a: Sonso
|-supereffective|p1a: Sonso
|-enditem|p1a: Sonso|Colbur Berry|[eat]
|-enditem|p1a: Sonso|Colbur Berry|[weaken]
|-damage|p1a: Sonso|58/100
|
|upkeep
|turn|21
|
|t:|1666359764
|switch|p1a: Falkor|Drampa, M|64/100 tox
|move|p2a: Weavile|Knock Off|p1a: Falkor
|-damage|p1a: Falkor|0 fnt
|-enditem|p1a: Falkor|Expert Belt|[from] move: Knock Off|[of] p2a: Weavile
|faint|p1a: Falkor
|
|upkeep
|
|t:|1666359771
|switch|p1a: Sonso|Slowbro, M|91/100
|turn|22
|
|t:|1666359775
|move|p2a: Weavile|Knock Off|p1a: Sonso
|-supereffective|p1a: Sonso
|-damage|p1a: Sonso|32/100
|move|p1a: Sonso|Body Press|p2a: Weavile
|-supereffective|p2a: Weavile
|-damage|p2a: Weavile|0 fnt
|faint|p2a: Weavile
|
|upkeep
|
|t:|1666359775
|switch|p2a: Melmetal|Melmetal|88/100
|-damage|p2a: Melmetal|82/100|[from] Stealth Rock
|turn|23
|
|t:|1666359785
|switch|p2a: rotomwash|Rotom-Wash|100/100
|-damage|p2a: rotomwash|88/100|[from] Stealth Rock
|switch|p1a: Billy B.|Marowak-Alola, M, shiny|100/100
|
|-heal|p2a: rotomwash|94/100|[from] item: Leftovers
|upkeep
|turn|24
|
|t:|1666359793
|switch|p1a: Sonso|Slowbro, M|65/100
|move|p2a: rotomwash|Hydro Pump|p1a: Sonso|[miss]
|-miss|p2a: rotomwash|p1a: Sonso
|
|-heal|p2a: rotomwash|100/100|[from] item: Leftovers
|upkeep
|turn|25
|
|t:|1666359800
|switch|p1a: Sharko|Garchomp, M|97/100 slp
|move|p2a: rotomwash|Nasty Plot|p2a: rotomwash
|-boost|p2a: rotomwash|spa|2
|
|-heal|p1a: Sharko|100/100 slp|[from] item: Leftovers
|upkeep
|turn|26
|
|t:|1666359807
|cant|p1a: Sharko|slp
|move|p2a: rotomwash|Nasty Plot|p2a: rotomwash
|-boost|p2a: rotomwash|spa|2
|
|upkeep
|turn|27
|
|t:|1666359812
|cant|p1a: Sharko|slp
|move|p2a: rotomwash|Hydro Pump|p1a: Sharko|[miss]
|-miss|p2a: rotomwash|p1a: Sharko
|
|upkeep
|turn|28
|c|☆Sombra Diurna|lol
|
|t:|1666359820
|-curestatus|p1a: Sharko|slp|[msg]
|move|p1a: Sharko|Scale Shot|p2a: rotomwash
|-damage|p2a: rotomwash|87/100
|-damage|p2a: rotomwash|72/100
|-damage|p2a: rotomwash|57/100
|-hitcount|p2a: rotomwash|3
|-unboost|p1a: Sharko|def|1
|-boost|p1a: Sharko|spe|1
|move|p2a: rotomwash|Hydro Pump|p1a: Sharko
|-damage|p1a: Sharko|0 fnt
|faint|p1a: Sharko
|
|-heal|p2a: rotomwash|64/100|[from] item: Leftovers
|upkeep
|
|t:|1666359833
|switch|p1a: Gorra|Hatterene, F, shiny|100/100
|turn|29
|
|t:|1666359836
|move|p2a: rotomwash|Hydro Pump|p1a: Gorra
|-damage|p1a: Gorra|0 fnt
|faint|p1a: Gorra
|
|-heal|p2a: rotomwash|70/100|[from] item: Leftovers
|upkeep
|
|t:|1666359842
|switch|p1a: Sonso|Slowbro, M|98/100
|turn|30
|c|☆Sombra Diurna|to much lucj
|
|t:|1666359851
|move|p2a: rotomwash|Thunderbolt|p1a: Sonso
|-supereffective|p1a: Sonso
|-damage|p1a: Sonso|0 fnt
|faint|p1a: Sonso
|
|-heal|p2a: rotomwash|76/100|[from] item: Leftovers
|upkeep
|
|t:|1666359861
|switch|p1a: Billy B.|Marowak-Alola, M, shiny|100/100
|turn|31
|
|t:|1666359865
|move|p2a: rotomwash|Hydro Pump|p1a: Billy B.
|-supereffective|p1a: Billy B.
|-damage|p1a: Billy B.|0 fnt
|faint|p1a: Billy B.
|
|win|minimax_ai
|raw|Sombra Diurna's rating: 1441 &rarr; <strong>1422</strong><br />(-19 for losing)
|raw|minimax_ai's rating: 1464 &rarr; <strong>1483</strong><br />(+19 for winning)
|c|☆minimax_ai|gg
