|j|☆LegacyIsBack
|j|☆Valentine
|t:|1623111329
|gametype|singles
|player|p1|LegacyIsBack|eusine|1480
|player|p2|Valentine|101|1550
|teamsize|p1|6
|teamsize|p2|6
|gen|8
|tier|[Gen 8] OU
|rated|
|rule|Sleep Clause Mod: Limit one foe put to sleep
|rule|Species Clause: Limit one of each Pokémon
|rule|OHKO Clause: OHKO moves are banned
|rule|Evasion Moves Clause: Evasion moves are banned
|rule|Endless Battle Clause: Forcing endless battles is banned
|rule|HP Percentage Mod: HP is shown in percentages
|rule|Dynamax Clause: You cannot dynamax
|clearpoke
|poke|p1|Hippowdon, M|
|poke|p1|Urshifu-*, F|
|poke|p1|Corviknight, F|
|poke|p1|Heatran, M|
|poke|p1|Tapu Koko|
|poke|p1|Blissey, F|
|poke|p2|Pyukumuku, F|
|poke|p2|Mew|
|poke|p2|Cloyster, F|
|poke|p2|Landorus-Therian, M|
|poke|p2|Kommo-o, F|
|poke|p2|Tapu Fini|
|teampreview
|inactive|Battle timer is ON: inactive players will automatically lose when time's up. (requested by LegacyIsBack)
|
|t:|1623111346
|start
|switch|p1a: Urshifu|Urshifu-Rapid-Strike, F|100/100
|switch|p2a: Pyukumuku|Pyukumuku, F|100/100
|turn|1
|
|t:|1623111358
|move|p1a: Urshifu|U-turn|p2a: Pyukumuku
|-damage|p2a: Pyukumuku|72/100
|
|t:|1623111361
|switch|p1a: Tapu Koko|Tapu Koko|100/100|[from]move: U-turn
|-fieldstart|move: Electric Terrain|[from] ability: Electric Surge|[of] p1a: Tapu Koko
|move|p2a: Pyukumuku|Block|p1a: Tapu Koko
|-activate|p1a: Tapu Koko|trapped
|
|upkeep
|turn|2
|
|t:|1623111370
|switch|p2a: Landorus|Landorus-Therian, M|100/100
|-ability|p2a: Landorus|Intimidate|boost
|-unboost|p1a: Tapu Koko|atk|1
|move|p1a: Tapu Koko|U-turn|p2a: Landorus
|-resisted|p2a: Landorus
|-damage|p2a: Landorus|94/100
|
|t:|1623111375
|switch|p1a: Urshifu|Urshifu-Rapid-Strike, F|100/100|[from]move: U-turn
|
|upkeep
|turn|3
|
|t:|1623111383
|switch|p2a: Tapu Fini|Tapu Fini|100/100
|-fieldstart|move: Misty Terrain|[from] ability: Misty Surge|[of] p2a: Tapu Fini
|move|p1a: Urshifu|U-turn|p2a: Tapu Fini
|-resisted|p2a: Tapu Fini
|-damage|p2a: Tapu Fini|80/100
|
|t:|1623111387
|switch|p1a: Tapu Koko|Tapu Koko|100/100|[from]move: U-turn
|-fieldstart|move: Electric Terrain|[from] ability: Electric Surge|[of] p1a: Tapu Koko
|
|upkeep
|turn|4
|
|t:|1623111396
|move|p2a: Tapu Fini|Hydro Pump|p1a: Tapu Koko
|-damage|p1a: Tapu Koko|33/100
|move|p1a: Tapu Koko|Thunderbolt|p2a: Tapu Fini
|-supereffective|p2a: Tapu Fini
|-damage|p2a: Tapu Fini|0 fnt
|faint|p2a: Tapu Fini
|
|upkeep
|
|t:|1623111404
|switch|p2a: Landorus|Landorus-Therian, M|94/100
|-ability|p2a: Landorus|Intimidate|boost
|-unboost|p1a: Tapu Koko|atk|1
|turn|5
|
|t:|1623111409
|switch|p1a: Corviknight|Corviknight, F|100/100
|-ability|p1a: Corviknight|Pressure
|move|p2a: Landorus|Stealth Rock|p1a: Corviknight
|-sidestart|p1: LegacyIsBack|move: Stealth Rock
|
|upkeep
|turn|6
|
|t:|1623111417
|move|p2a: Landorus|Explosion|p1a: Corviknight
|-resisted|p1a: Corviknight
|-crit|p1a: Corviknight
|-damage|p1a: Corviknight|48/100
|faint|p2a: Landorus
|move|p1a: Corviknight|Defog|p2: Landorus|[notarget]
|-fail|p1a: Corviknight
|
|-heal|p1a: Corviknight|54/100|[from] item: Leftovers
|upkeep
|
|t:|1623111426
|switch|p2a: Mew|Mew|100/100
|turn|7
|
|t:|1623111433
|move|p2a: Mew|Cosmic Power|p2a: Mew
|-boost|p2a: Mew|def|1
|-boost|p2a: Mew|spd|1
|move|p1a: Corviknight|U-turn|p2a: Mew
|-supereffective|p2a: Mew
|-damage|p2a: Mew|84/100
|-enditem|p2a: Mew|Weakness Policy
|-boost|p2a: Mew|atk|2|[from] item: Weakness Policy
|-boost|p2a: Mew|spa|2|[from] item: Weakness Policy
|
|t:|1623111437
|switch|p1a: Heatran|Heatran, M, shiny|100/100|[from]move: U-turn
|-damage|p1a: Heatran|88/100|[from] Stealth Rock
|
|-heal|p1a: Heatran|94/100|[from] item: Leftovers
|-fieldend|move: Electric Terrain
|upkeep
|turn|8
|
|t:|1623111448
|move|p2a: Mew|Taunt|p1a: Heatran
|-start|p1a: Heatran|move: Taunt
|cant|p1a: Heatran|move: Taunt|Taunt
|
|-heal|p1a: Heatran|100/100|[from] item: Leftovers
|upkeep
|turn|9
|
|t:|1623111456
|move|p2a: Mew|Cosmic Power|p2a: Mew
|-boost|p2a: Mew|def|1
|-boost|p2a: Mew|spd|1
|move|p1a: Heatran|Magma Storm|p2a: Mew
|-damage|p2a: Mew|65/100
|-activate|p2a: Mew|move: Magma Storm|[of] p1a: Heatran
|
|-damage|p2a: Mew|52/100|[from] move: Magma Storm|[partiallytrapped]
|upkeep
|turn|10
|
|t:|1623111466
|move|p2a: Mew|Roost|p2a: Mew
|-heal|p2a: Mew|100/100
|-singleturn|p2a: Mew|move: Roost
|move|p1a: Heatran|Earth Power|p2a: Mew
|-damage|p2a: Mew|90/100
|
|-damage|p2a: Mew|78/100|[from] move: Magma Storm|[partiallytrapped]
|-end|p1a: Heatran|move: Taunt
|upkeep
|turn|11
|
|t:|1623111477
|move|p2a: Mew|Taunt|p1a: Heatran
|-start|p1a: Heatran|move: Taunt
|move|p1a: Heatran|Earth Power|p2a: Mew
|-damage|p2a: Mew|67/100
|
|-damage|p2a: Mew|54/100|[from] move: Magma Storm|[partiallytrapped]
|upkeep
|turn|12
|
|t:|1623111487
|move|p2a: Mew|Cosmic Power|p2a: Mew
|-boost|p2a: Mew|def|1
|-boost|p2a: Mew|spd|1
|move|p1a: Heatran|Earth Power|p2a: Mew
|-damage|p2a: Mew|46/100
|
|-damage|p2a: Mew|34/100|[from] move: Magma Storm|[partiallytrapped]
|upkeep
|turn|13
|
|t:|1623111498
|move|p2a: Mew|Roost|p2a: Mew
|-heal|p2a: Mew|84/100
|-singleturn|p2a: Mew|move: Roost
|move|p1a: Heatran|Earth Power|p2a: Mew
|-damage|p2a: Mew|75/100
|
|-end|p2a: Mew|Magma Storm|[partiallytrapped]
|-end|p1a: Heatran|move: Taunt
|upkeep
|turn|14
|
|t:|1623111507
|move|p2a: Mew|Taunt|p1a: Heatran
|-start|p1a: Heatran|move: Taunt
|move|p1a: Heatran|Magma Storm|p2a: Mew|[miss]
|-miss|p1a: Heatran|p2a: Mew
|
|upkeep
|turn|15
|
|t:|1623111516
|move|p2a: Mew|Cosmic Power|p2a: Mew
|-boost|p2a: Mew|def|1
|-boost|p2a: Mew|spd|1
|move|p1a: Heatran|Magma Storm|p2a: Mew
|-damage|p2a: Mew|64/100
|-activate|p2a: Mew|move: Magma Storm|[of] p1a: Heatran
|
|-damage|p2a: Mew|52/100|[from] move: Magma Storm|[partiallytrapped]
|upkeep
|turn|16
|
|t:|1623111526
|switch|p1a: Urshifu|Urshifu-Rapid-Strike, F|100/100
|-damage|p1a: Urshifu|94/100|[from] Stealth Rock
|move|p2a: Mew|Roost|p2a: Mew
|-heal|p2a: Mew|100/100
|-singleturn|p2a: Mew|move: Roost
|
|-end|p2a: Mew|Magma Storm|[partiallytrapped]|[silent]
|upkeep
|turn|17
|
|t:|1623111535
|move|p2a: Mew|Stored Power|p1a: Urshifu
|-supereffective|p1a: Urshifu
|-damage|p1a: Urshifu|0 fnt
|faint|p1a: Urshifu
|
|upkeep
|c|☆LegacyIsBack|fck mew cosmic
|
|t:|1623111545
|switch|p1a: Blissey|Blissey, F|100/100
|turn|18
|
|t:|1623111549
|move|p2a: Mew|Taunt|p1a: Blissey
|-start|p1a: Blissey|move: Taunt
|cant|p1a: Blissey|move: Taunt|Toxic
|
|upkeep
|turn|19
|
|t:|1623111560
|switch|p1a: Hippowdon|Hippowdon, M|100/100
|-damage|p1a: Hippowdon|94/100|[from] Stealth Rock
|-weather|Sandstorm|[from] ability: Sand Stream|[of] p1a: Hippowdon
|move|p2a: Mew|Cosmic Power|p2a: Mew
|-boost|p2a: Mew|def|1
|-boost|p2a: Mew|spd|1
|
|-weather|Sandstorm|[upkeep]
|-damage|p2a: Mew|94/100|[from] Sandstorm
|upkeep
|turn|20
|
|t:|1623111574
|move|p2a: Mew|Taunt|p1a: Hippowdon
|-start|p1a: Hippowdon|move: Taunt
|cant|p1a: Hippowdon|move: Taunt|Toxic
|
|-weather|Sandstorm|[upkeep]
|-damage|p2a: Mew|88/100|[from] Sandstorm
|upkeep
|turn|21
|
|t:|1623111582
|switch|p1a: Heatran|Heatran, M, shiny|100/100
|-damage|p1a: Heatran|88/100|[from] Stealth Rock
|move|p2a: Mew|Stored Power|p1a: Heatran
|-resisted|p1a: Heatran
|-damage|p1a: Heatran|20/100
|
|-weather|Sandstorm|[upkeep]
|-damage|p2a: Mew|82/100|[from] Sandstorm
|-heal|p1a: Heatran|26/100|[from] item: Leftovers
|upkeep
|turn|22
|
|t:|1623111593
|move|p2a: Mew|Stored Power|p1a: Heatran
|-resisted|p1a: Heatran
|-damage|p1a: Heatran|0 fnt
|faint|p1a: Heatran
|
|-weather|Sandstorm|[upkeep]
|-damage|p2a: Mew|76/100|[from] Sandstorm
|upkeep
|-message|LegacyIsBack forfeited.
|
|win|Valentine
|raw|LegacyIsBack's rating: 1480 &rarr; <strong>1464</strong><br />(-16 for losing)
|raw|Valentine's rating: 1550 &rarr; <strong>1566</strong><br />(+16 for winning)
|l|☆LegacyIsBack
