|raw|<div class="broadcast-blue"><strong>This battle is required to be public due to a player having a name starting with 'LT73IU'.</div>
|j|☆lt73iu watashi
|j|☆Shootingwolf
|t:|1598164302
|player|p1|lt73iu watashi|lass-gen4dp|1649
|player|p2|Shootingwolf|erika|1565
|teamsize|p1|6
|teamsize|p2|6
|gametype|singles
|gen|8
|tier|[Gen 8] OU
|rated|
|clearpoke
|poke|p1|Magnezone|
|poke|p1|Rillaboom, M|
|poke|p1|Excadrill, F|
|poke|p1|Pelipper, M|
|poke|p1|Clefable, M|
|poke|p1|Kingdra, F|
|poke|p2|Pelipper, M|
|poke|p2|Kingdra, M|
|poke|p2|Ferrothorn, F|
|poke|p2|Crawdaunt, M|
|poke|p2|Clefable, F|
|poke|p2|Scolipede, M|
|rule|Sleep Clause Mod: Limit one foe put to sleep
|rule|Species Clause: Limit one of each Pokémon
|rule|OHKO Clause: OHKO moves are banned
|rule|Evasion Moves Clause: Evasion moves are banned
|rule|Endless Battle Clause: Forcing endless battles is banned
|rule|HP Percentage Mod: HP is shown in percentages
|rule|Dynamax Clause: You cannot dynamax
|teampreview
|
|t:|1598164327
|start
|switch|p1a: Pelipper|Pelipper, M|100/100
|switch|p2a: Scolipede|Scolipede, M|100/100
|-weather|RainDance|[from] ability: Drizzle|[of] p1a: Pelipper
|turn|1
|inactive|Battle timer is ON: inactive players will automatically lose when time's up. (requested by Shootingwolf)
|
|t:|1598164362
|switch|p2a: Ferrothorn|Ferrothorn, F|100/100
|move|p1a: Pelipper|Scald|p2a: Ferrothorn
|-resisted|p2a: Ferrothorn
|-damage|p2a: Ferrothorn|83/100
|
|-weather|RainDance|[upkeep]
|-heal|p2a: Ferrothorn|89/100|[from] item: Leftovers
|upkeep
|turn|2
|
|t:|1598164370
|move|p1a: Pelipper|U-turn|p2a: Ferrothorn
|-damage|p2a: Ferrothorn|83/100
|-damage|p1a: Pelipper|88/100|[from] ability: Iron Barbs|[of] p2a: Ferrothorn
|
|t:|1598164372
|switch|p1a: Magnezone|Magnezone|100/100|[from]move: U-turn
|move|p2a: Ferrothorn|Stealth Rock|p1a: Magnezone
|-sidestart|p1: lt73iu watashi|move: Stealth Rock
|
|-weather|RainDance|[upkeep]
|-heal|p2a: Ferrothorn|89/100|[from] item: Leftovers
|upkeep
|turn|3
|
|t:|1598164375
|move|p1a: Magnezone|Iron Defense|p1a: Magnezone
|-boost|p1a: Magnezone|def|2
|move|p2a: Ferrothorn|Body Press|p1a: Magnezone
|-supereffective|p1a: Magnezone
|-damage|p1a: Magnezone|73/100
|-damage|p2a: Ferrothorn|73/100|[from] item: Rocky Helmet|[of] p1a: Magnezone
|
|-weather|RainDance|[upkeep]
|-heal|p2a: Ferrothorn|79/100|[from] item: Leftovers
|upkeep
|turn|4
|
|t:|1598164381
|move|p1a: Magnezone|Body Press|p2a: Ferrothorn
|-supereffective|p2a: Ferrothorn
|-damage|p2a: Ferrothorn|26/100
|-damage|p1a: Magnezone|61/100|[from] ability: Iron Barbs|[of] p2a: Ferrothorn
|move|p2a: Ferrothorn|Leech Seed|p1a: Magnezone
|-start|p1a: Magnezone|move: Leech Seed
|
|-weather|RainDance|[upkeep]
|-heal|p2a: Ferrothorn|32/100|[from] item: Leftovers
|-damage|p1a: Magnezone|49/100|[from] Leech Seed|[of] p2a: Ferrothorn
|-heal|p2a: Ferrothorn|42/100|[silent]
|upkeep
|turn|5
|
|t:|1598164385
|move|p1a: Magnezone|Body Press|p2a: Ferrothorn
|-supereffective|p2a: Ferrothorn
|-damage|p2a: Ferrothorn|0 fnt
|-damage|p1a: Magnezone|36/100|[from] ability: Iron Barbs|[of] p2a: Ferrothorn
|faint|p2a: Ferrothorn
|
|-weather|RainDance|[upkeep]
|upkeep
|
|t:|1598164399
|switch|p2a: Scolipede|Scolipede, M|100/100
|turn|6
|
|t:|1598164408
|move|p2a: Scolipede|Earthquake|p1a: Magnezone
|-supereffective|p1a: Magnezone
|-damage|p1a: Magnezone|0 fnt
|-damage|p2a: Scolipede|91/100|[from] item: Life Orb
|faint|p1a: Magnezone
|
|-weather|RainDance|[upkeep]
|-ability|p2a: Scolipede|Speed Boost|boost
|-boost|p2a: Scolipede|spe|1
|upkeep
|
|t:|1598164415
|switch|p1a: Kingdra|Kingdra, F|100/100
|-damage|p1a: Kingdra|88/100|[from] Stealth Rock
|turn|7
|
|t:|1598164423
|switch|p2a: Clefable|Clefable, F, shiny|100/100
|move|p1a: Kingdra|Hurricane|p2a: Clefable
|-damage|p2a: Clefable|51/100
|
|-weather|RainDance|[upkeep]
|-heal|p2a: Clefable|57/100|[from] item: Leftovers
|upkeep
|turn|8
|
|t:|1598164432
|switch|p1a: Excadrill|Excadrill, F|100/100
|-damage|p1a: Excadrill|97/100|[from] Stealth Rock
|-ability|p1a: Excadrill|Mold Breaker
|move|p2a: Clefable|Wish|p2a: Clefable
|
|-weather|none
|-heal|p1a: Excadrill|100/100|[from] item: Leftovers
|-heal|p2a: Clefable|63/100|[from] item: Leftovers
|upkeep
|turn|9
|
|t:|1598164449
|switch|p2a: Scolipede|Scolipede, M|91/100
|move|p1a: Excadrill|Rapid Spin|p2a: Scolipede
|-damage|p2a: Scolipede|68/100
|-boost|p1a: Excadrill|spe|1
|-sideend|p1: lt73iu watashi|Stealth Rock|[from] move: Rapid Spin|[of] p1a: Excadrill
|
|-heal|p2a: Scolipede|100/100|[from] move: Wish|[wisher] Clefable
|upkeep
|turn|10
|
|t:|1598164473
|move|p1a: Excadrill|Stealth Rock|p2a: Scolipede
|-sidestart|p2: Shootingwolf|move: Stealth Rock
|move|p2a: Scolipede|Swords Dance|p2a: Scolipede
|-boost|p2a: Scolipede|atk|2
|
|-ability|p2a: Scolipede|Speed Boost|boost
|-boost|p2a: Scolipede|spe|1
|upkeep
|turn|11
|
|t:|1598164480
|move|p2a: Scolipede|Earthquake|p1a: Excadrill
|-supereffective|p1a: Excadrill
|-damage|p1a: Excadrill|0 fnt
|-damage|p2a: Scolipede|91/100|[from] item: Life Orb
|faint|p1a: Excadrill
|
|-ability|p2a: Scolipede|Speed Boost|boost
|-boost|p2a: Scolipede|spe|1
|upkeep
|
|t:|1598164483
|switch|p1a: Pelipper|Pelipper, M|88/100
|-weather|RainDance|[from] ability: Drizzle|[of] p1a: Pelipper
|turn|12
|
|t:|1598164487
|move|p2a: Scolipede|Poison Jab|p1a: Pelipper
|-damage|p1a: Pelipper|0 fnt
|-damage|p2a: Scolipede|81/100|[from] item: Life Orb
|faint|p1a: Pelipper
|
|-weather|RainDance|[upkeep]
|-ability|p2a: Scolipede|Speed Boost|boost
|-boost|p2a: Scolipede|spe|1
|upkeep
|-message|lt73iu watashi forfeited.
|
|win|Shootingwolf
|l|☆lt73iu watashi
