|raw|<div class="broadcast-blue"><strong>This battle is required to be public due to a player having a name starting with 'btlt200'.</div>
|j|☆minimax_ai
|j|☆BTLT200$ FILO
|t:|1667849546
|gametype|singles
|player|p1|minimax_ai|169|1489
|player|p2|BTLT200$ FILO|emma|1765
|teamsize|p1|6
|teamsize|p2|6
|gen|8
|tier|[Gen 8] OU
|rated|
|rule|Sleep Clause Mod: Limit one foe put to sleep
|rule|Species Clause: Limit one of each Pokémon
|rule|OHKO Clause: OHKO moves are banned
|rule|Evasion Items Clause: Evasion items are banned
|rule|Evasion Moves Clause: Evasion moves are banned
|rule|Endless Battle Clause: Forcing endless battles is banned
|rule|HP Percentage Mod: HP is shown in percentages
|rule|Dynamax Clause: You cannot dynamax
|clearpoke
|poke|p1|Rotom-Wash|
|poke|p1|Weavile, M|
|poke|p1|Landorus-Therian, M|
|poke|p1|Heatran, M|
|poke|p1|Tangrowth, F|
|poke|p1|Melmetal|
|poke|p2|Pelipper, F|
|poke|p2|Araquanid, M|
|poke|p2|Landorus-Therian, M|
|poke|p2|Ferrothorn, F|
|poke|p2|Barraskewda, F|
|poke|p2|Tapu Lele|
|teampreview
|c|☆minimax_ai|hf
|inactive|Battle timer is ON: inactive players will automatically lose when time's up. (requested by minimax_ai)
|inactive|BTLT200$ FILO has 120 seconds left.
|
|t:|1667849592
|start
|switch|p1a: landorustherian|Landorus-Therian, M|100/100
|switch|p2a: Spooderman|Araquanid, M, shiny|100/100
|-ability|p1a: landorustherian|Intimidate|boost
|-unboost|p2a: Spooderman|atk|1
|turn|1
|
|t:|1667849597
|switch|p1a: rotomwash|Rotom-Wash|100/100
|move|p2a: Spooderman|Toxic|p1a: rotomwash
|-status|p1a: rotomwash|tox
|
|-damage|p1a: rotomwash|94/100 tox|[from] psn
|upkeep
|turn|2
|
|t:|1667849604
|move|p1a: rotomwash|Nasty Plot|p1a: rotomwash
|-boost|p1a: rotomwash|spa|2
|move|p2a: Spooderman|Leech Life|p1a: rotomwash
|-damage|p1a: rotomwash|73/100 tox
|
|-heal|p1a: rotomwash|79/100 tox|[from] item: Leftovers
|-damage|p1a: rotomwash|67/100 tox|[from] psn
|upkeep
|turn|3
|
|t:|1667849606
|switch|p2a: Metagrass|Ferrothorn, F|100/100
|move|p1a: rotomwash|Hydro Pump|p2a: Metagrass
|-resisted|p2a: Metagrass
|-damage|p2a: Metagrass|69/100
|
|-heal|p1a: rotomwash|73/100 tox|[from] item: Leftovers
|-heal|p2a: Metagrass|75/100|[from] item: Leftovers
|-damage|p1a: rotomwash|54/100 tox|[from] psn
|upkeep
|turn|4
|
|t:|1667849609
|switch|p1a: landorustherian|Landorus-Therian, M|100/100
|-ability|p1a: landorustherian|Intimidate|boost
|-unboost|p2a: Metagrass|atk|1
|move|p2a: Metagrass|Stealth Rock|p1a: landorustherian
|-sidestart|p1: minimax_ai|move: Stealth Rock
|
|-heal|p2a: Metagrass|81/100|[from] item: Leftovers
|upkeep
|turn|5
|inactive|BTLT200$ FILO has 120 seconds left.
|
|t:|1667849665
|move|p1a: landorustherian|Defog|p2a: Metagrass
|-unboost|p2a: Metagrass|evasion|1
|-sideend|p1: minimax_ai|Stealth Rock|[from] move: Defog|[of] p1a: landorustherian
|move|p2a: Metagrass|Leech Seed|p1a: landorustherian
|-start|p1a: landorustherian|move: Leech Seed
|
|-heal|p2a: Metagrass|88/100|[from] item: Leftovers
|-damage|p1a: landorustherian|88/100|[from] Leech Seed|[of] p2a: Metagrass
|-heal|p2a: Metagrass|100/100|[silent]
|upkeep
|turn|6
|
|t:|1667849667
|move|p1a: landorustherian|U-turn|p2a: Metagrass
|-damage|p2a: Metagrass|87/100
|-damage|p1a: landorustherian|76/100|[from] ability: Iron Barbs|[of] p2a: Metagrass
|
|t:|1667849667
|switch|p1a: Heatran|Heatran, M|100/100|[from]move: U-turn
|-item|p1a: Heatran|Air Balloon
|move|p2a: Metagrass|Stealth Rock|p1a: Heatran
|-sidestart|p1: minimax_ai|move: Stealth Rock
|
|-heal|p2a: Metagrass|93/100|[from] item: Leftovers
|upkeep
|turn|7
|
|t:|1667849671
|switch|p2a: Nigel|Pelipper, F, shiny|100/100
|-weather|RainDance|[from] ability: Drizzle|[of] p2a: Nigel
|move|p1a: Heatran|Stealth Rock|p2a: Nigel
|-sidestart|p2: BTLT200$ FILO|move: Stealth Rock
|
|-weather|RainDance|[upkeep]
|upkeep
|turn|8
|
|t:|1667849677
|move|p1a: Heatran|Magma Storm|p2a: Nigel
|-resisted|p2a: Nigel
|-damage|p2a: Nigel|79/100
|-activate|p2a: Nigel|move: Magma Storm|[of] p1a: Heatran
|move|p2a: Nigel|Weather Ball|p1a: Heatran
|-supereffective|p1a: Heatran
|-damage|p1a: Heatran|0 fnt
|-enditem|p1a: Heatran|Air Balloon
|faint|p1a: Heatran
|
|-weather|RainDance|[upkeep]
|-end|p2a: Nigel|Magma Storm|[partiallytrapped]|[silent]
|upkeep
|
|t:|1667849677
|switch|p1a: Weavile|Weavile, M|100/100
|-damage|p1a: Weavile|76/100|[from] Stealth Rock
|-ability|p1a: Weavile|Pressure
|turn|9
|inactive|BTLT200$ FILO has 120 seconds left.
|inactive|BTLT200$ FILO has 90 seconds left.
|
|t:|1667849733
|switch|p2a: Judge|Landorus-Therian, M, shiny|100/100
|-damage|p2a: Judge|88/100|[from] Stealth Rock
|-ability|p2a: Judge|Intimidate|boost
|-unboost|p1a: Weavile|atk|1
|move|p1a: Weavile|Triple Axel|p2a: Judge
|-supereffective|p2a: Judge
|-damage|p2a: Judge|50/100
|-supereffective|p2a: Judge
|-damage|p2a: Judge|0 fnt
|faint|p2a: Judge
|-hitcount|p2: Judge|2
|
|-weather|RainDance|[upkeep]
|upkeep
|
|t:|1667849736
|switch|p2a: Gar|Barraskewda, F, shiny|100/100
|-damage|p2a: Gar|88/100|[from] Stealth Rock
|turn|10
|
|t:|1667849737
|switch|p1a: Tangrowth|Tangrowth, F|100/100
|-damage|p1a: Tangrowth|88/100|[from] Stealth Rock
|move|p2a: Gar|Flip Turn|p1a: Tangrowth
|-resisted|p1a: Tangrowth
|-damage|p1a: Tangrowth|70/100
|-damage|p2a: Gar|72/100|[from] item: Rocky Helmet|[of] p1a: Tangrowth
|
|t:|1667849742
|switch|p2a: Spooderman|Araquanid, M, shiny|100/100|[from]move: Flip Turn
|-damage|p2a: Spooderman|76/100|[from] Stealth Rock
|
|-weather|RainDance|[upkeep]
|upkeep
|turn|11
|
|t:|1667849744
|move|p2a: Spooderman|Sticky Web|p1a: Tangrowth
|-sidestart|p1: minimax_ai|move: Sticky Web
|move|p1a: Tangrowth|Knock Off|p2a: Spooderman
|-damage|p2a: Spooderman|48/100
|-enditem|p2a: Spooderman|Mystic Water|[from] move: Knock Off|[of] p1a: Tangrowth
|
|-weather|none
|upkeep
|turn|12
|
|t:|1667849747
|move|p2a: Spooderman|Leech Life|p1a: Tangrowth
|-supereffective|p1a: Tangrowth
|-damage|p1a: Tangrowth|40/100
|-heal|p2a: Spooderman|68/100|[from] drain|[of] p1a: Tangrowth
|-damage|p2a: Spooderman|51/100|[from] item: Rocky Helmet|[of] p1a: Tangrowth
|move|p1a: Tangrowth|Sleep Powder|p2a: Spooderman|[miss]
|-miss|p1a: Tangrowth|p2a: Spooderman
|
|upkeep
|turn|13
|
|t:|1667849753
|move|p2a: Spooderman|Toxic|p1a: Tangrowth
|-status|p1a: Tangrowth|tox
|move|p1a: Tangrowth|Sleep Powder|p2a: Spooderman
|-status|p2a: Spooderman|slp|[from] move: Sleep Powder
|
|-damage|p1a: Tangrowth|34/100 tox|[from] psn
|upkeep
|turn|14
|
|t:|1667849756
|switch|p1a: Melmetal|Melmetal|100/100
|-damage|p1a: Melmetal|94/100|[from] Stealth Rock
|-activate|p1a: Melmetal|move: Sticky Web
|-unboost|p1a: Melmetal|spe|1
|cant|p2a: Spooderman|slp
|
|upkeep
|turn|15
|
|t:|1667849758
|-curestatus|p2a: Spooderman|slp|[msg]
|move|p2a: Spooderman|Liquidation|p1a: Melmetal
|-damage|p1a: Melmetal|60/100
|-unboost|p1a: Melmetal|def|1
|move|p1a: Melmetal|Ice Punch|p2a: Spooderman
|-resisted|p2a: Spooderman
|-damage|p2a: Spooderman|31/100
|-status|p2a: Spooderman|frz
|
|upkeep
|turn|16
|
|t:|1667849761
|cant|p2a: Spooderman|frz
|move|p1a: Melmetal|Earthquake|p2a: Spooderman
|-resisted|p2a: Spooderman
|-damage|p2a: Spooderman|9/100 frz
|
|upkeep
|turn|17
|
|t:|1667849763
|cant|p2a: Spooderman|frz
|move|p1a: Melmetal|Ice Punch|p2a: Spooderman
|-resisted|p2a: Spooderman
|-damage|p2a: Spooderman|0 fnt
|faint|p2a: Spooderman
|
|upkeep
|
|t:|1667849767
|switch|p2a: Gar|Barraskewda, F, shiny|72/100
|-damage|p2a: Gar|60/100|[from] Stealth Rock
|turn|18
|j| Maxouille
|
|t:|1667849773
|switch|p1a: Tangrowth|Tangrowth, F|67/100 tox
|-damage|p1a: Tangrowth|54/100 tox|[from] Stealth Rock
|-activate|p1a: Tangrowth|move: Sticky Web
|-unboost|p1a: Tangrowth|spe|1
|move|p2a: Gar|Liquidation|p1a: Tangrowth
|-resisted|p1a: Tangrowth
|-damage|p1a: Tangrowth|36/100 tox
|-damage|p2a: Gar|43/100|[from] item: Rocky Helmet|[of] p1a: Tangrowth
|
|-damage|p1a: Tangrowth|30/100 tox|[from] psn
|upkeep
|turn|19
|
|t:|1667849776
|switch|p2a: Metagrass|Ferrothorn, F|93/100
|-damage|p2a: Metagrass|87/100|[from] Stealth Rock
|move|p1a: Tangrowth|Focus Blast|p2a: Metagrass
|-supereffective|p2a: Metagrass
|-damage|p2a: Metagrass|40/100
|
|-heal|p2a: Metagrass|46/100|[from] item: Leftovers
|-damage|p1a: Tangrowth|17/100 tox|[from] psn
|upkeep
|turn|20
|
|t:|1667849781
|move|p1a: Tangrowth|Knock Off|p2a: Metagrass
|-damage|p2a: Metagrass|31/100
|-damage|p1a: Tangrowth|5/100 tox|[from] ability: Iron Barbs|[of] p2a: Metagrass
|-enditem|p2a: Metagrass|Leftovers|[from] move: Knock Off|[of] p1a: Tangrowth
|move|p2a: Metagrass|Leech Seed|p1a: Tangrowth
|-immune|p1a: Tangrowth
|
|-damage|p1a: Tangrowth|0 fnt|[from] psn
|faint|p1a: Tangrowth
|upkeep
|
|t:|1667849781
|switch|p1a: Weavile|Weavile, M|76/100
|-damage|p1a: Weavile|51/100|[from] Stealth Rock
|-activate|p1a: Weavile|move: Sticky Web
|-unboost|p1a: Weavile|spe|1
|-ability|p1a: Weavile|Pressure
|turn|21
|
|t:|1667849784
|move|p1a: Weavile|Triple Axel|p2a: Metagrass
|-damage|p2a: Metagrass|22/100
|-damage|p1a: Weavile|38/100|[from] ability: Iron Barbs|[of] p2a: Metagrass
|-hitcount|p2a: Metagrass|1
|move|p2a: Metagrass|Power Whip|p1a: Weavile|[miss]
|-miss|p2a: Metagrass|p1a: Weavile
|
|upkeep
|turn|22
|
|t:|1667849786
|move|p1a: Weavile|Triple Axel|p2a: Metagrass
|-damage|p2a: Metagrass|13/100
|-damage|p1a: Weavile|26/100|[from] ability: Iron Barbs|[of] p2a: Metagrass
|-damage|p2a: Metagrass|0 fnt
|-damage|p1a: Weavile|13/100|[from] ability: Iron Barbs|[of] p2a: Metagrass
|faint|p2a: Metagrass
|-hitcount|p2: Metagrass|2
|
|upkeep
|
|t:|1667849791
|switch|p2a: kane|Tapu Lele|100/100
|-damage|p2a: kane|88/100|[from] Stealth Rock
|-fieldstart|move: Psychic Terrain|[from] ability: Psychic Surge|[of] p2a: kane
|turn|23
|
|t:|1667849796
|move|p2a: kane|Moonblast|p1a: Weavile
|-supereffective|p1a: Weavile
|-damage|p1a: Weavile|0 fnt
|faint|p1a: Weavile
|
|upkeep
|
|t:|1667849797
|switch|p1a: Melmetal|Melmetal|60/100
|-damage|p1a: Melmetal|54/100|[from] Stealth Rock
|-activate|p1a: Melmetal|move: Sticky Web
|-unboost|p1a: Melmetal|spe|1
|turn|24
|
|t:|1667849808
|switch|p2a: Gar|Barraskewda, F, shiny|43/100
|-damage|p2a: Gar|31/100|[from] Stealth Rock
|move|p1a: Melmetal|Thunder Punch|p2a: Gar
|-supereffective|p2a: Gar
|-damage|p2a: Gar|0 fnt
|faint|p2a: Gar
|
|upkeep
|
|t:|1667849809
|switch|p2a: Nigel|Pelipper, F, shiny|79/100
|-damage|p2a: Nigel|54/100|[from] Stealth Rock
|-weather|RainDance|[from] ability: Drizzle|[of] p2a: Nigel
|turn|25
|
|t:|1667849814
|switch|p1a: rotomwash|Rotom-Wash|54/100 tox
|-damage|p1a: rotomwash|42/100 tox|[from] Stealth Rock
|move|p2a: Nigel|Weather Ball|p1a: rotomwash
|-resisted|p1a: rotomwash
|-damage|p1a: rotomwash|0 fnt
|faint|p1a: rotomwash
|
|-weather|RainDance|[upkeep]
|upkeep
|
|t:|1667849814
|switch|p1a: landorustherian|Landorus-Therian, M|76/100
|-damage|p1a: landorustherian|63/100|[from] Stealth Rock
|-ability|p1a: landorustherian|Intimidate|boost
|-unboost|p2a: Nigel|atk|1
|turn|26
|
|t:|1667849815
|switch|p1a: Melmetal|Melmetal|54/100
|-damage|p1a: Melmetal|48/100|[from] Stealth Rock
|-activate|p1a: Melmetal|move: Sticky Web
|-unboost|p1a: Melmetal|spe|1
|move|p2a: Nigel|Weather Ball|p1a: Melmetal
|-damage|p1a: Melmetal|0 fnt
|faint|p1a: Melmetal
|
|-weather|RainDance|[upkeep]
|upkeep
|
|t:|1667849815
|switch|p1a: landorustherian|Landorus-Therian, M|63/100
|-damage|p1a: landorustherian|51/100|[from] Stealth Rock
|-ability|p1a: landorustherian|Intimidate|boost
|-unboost|p2a: Nigel|atk|1
|turn|27
|
|t:|1667849817
|move|p2a: Nigel|Weather Ball|p1a: landorustherian
|-supereffective|p1a: landorustherian
|-damage|p1a: landorustherian|0 fnt
|faint|p1a: landorustherian
|
|win|BTLT200$ FILO
|raw|minimax_ai's rating: 1489 &rarr; <strong>1481</strong><br />(-8 for losing)
|raw|BTLT200$ FILO's rating: 1742 &rarr; <strong>1750</strong><br />(+8 for winning)
|c|☆minimax_ai|gg
