|j|☆akarihikari
|j|☆BUNCH24
|t:|1662687972
|gametype|singles
|player|p1|akarihikari|erika|1581
|player|p2|BUNCH24|2|1656
|teamsize|p1|6
|teamsize|p2|6
|gen|8
|tier|[Gen 8] OU
|rated|
|rule|Sleep Clause Mod: Limit one foe put to sleep
|rule|Species Clause: Limit one of each Pokémon
|rule|OHKO Clause: OHKO moves are banned
|rule|Evasion Items Clause: Evasion items are banned
|rule|Evasion Moves Clause: Evasion moves are banned
|rule|Endless Battle Clause: Forcing endless battles is banned
|rule|HP Percentage Mod: HP is shown in percentages
|rule|Dynamax Clause: You cannot dynamax
|clearpoke
|poke|p1|Gastrodon, F|
|poke|p1|Blissey, F|
|poke|p1|Slowking-Galar, M|
|poke|p1|Toxapex, M|
|poke|p1|Clefable, F|
|poke|p1|Corviknight, M|
|poke|p2|Seismitoad, M|
|poke|p2|Moltres|
|poke|p2|Dragapult, F|
|poke|p2|Ferrothorn, M|
|poke|p2|Mamoswine, M|
|poke|p2|Blaziken, F|
|teampreview
|
|t:|1662687989
|start
|switch|p1a: Corviknight|Corviknight, M|100/100
|switch|p2a: Ferrothorn|Ferrothorn, M|100/100
|-ability|p1a: Corviknight|Pressure
|turn|1
|
|t:|1662687992
|move|p1a: Corviknight|Iron Defense|p1a: Corviknight
|-boost|p1a: Corviknight|def|2
|move|p2a: Ferrothorn|Knock Off|p1a: Corviknight
|-damage|p1a: Corviknight|93/100
|-enditem|p1a: Corviknight|Shed Shell|[from] move: Knock Off|[of] p2a: Ferrothorn
|
|upkeep
|turn|2
|
|t:|1662687997
|switch|p2a: Moltres|Moltres|100/100
|move|p1a: Corviknight|Body Press|p2a: Moltres
|-resisted|p2a: Moltres
|-damage|p2a: Moltres|77/100
|-status|p1a: Corviknight|brn|[from] ability: Flame Body|[of] p2a: Moltres
|
|-damage|p1a: Corviknight|87/100 brn|[from] brn
|upkeep
|turn|3
|
|t:|1662688003
|switch|p2a: Ferrothorn|Ferrothorn, M|100/100
|switch|p1a: Toxapex|Toxapex, M|100/100
|
|upkeep
|turn|4
|
|t:|1662688006
|move|p1a: Toxapex|Knock Off|p2a: Ferrothorn
|-damage|p2a: Ferrothorn|91/100
|-damage|p1a: Toxapex|88/100|[from] ability: Iron Barbs|[of] p2a: Ferrothorn
|-enditem|p2a: Ferrothorn|Leftovers|[from] move: Knock Off|[of] p1a: Toxapex
|move|p2a: Ferrothorn|Knock Off|p1a: Toxapex
|-damage|p1a: Toxapex|74/100
|-enditem|p1a: Toxapex|Black Sludge|[from] move: Knock Off|[of] p2a: Ferrothorn
|
|upkeep
|turn|5
|
|t:|1662688014
|move|p1a: Toxapex|Toxic Spikes|p2a: Ferrothorn
|-sidestart|p2: BUNCH24|move: Toxic Spikes
|move|p2a: Ferrothorn|Leech Seed|p1a: Toxapex
|-start|p1a: Toxapex|move: Leech Seed
|
|-damage|p1a: Toxapex|62/100|[from] Leech Seed|[of] p2a: Ferrothorn
|-heal|p2a: Ferrothorn|100/100|[silent]
|upkeep
|turn|6
|
|t:|1662688022
|switch|p1a: Corviknight|Corviknight, M|87/100 brn
|-ability|p1a: Corviknight|Pressure
|move|p2a: Ferrothorn|Spikes|p1a: Corviknight
|-sidestart|p1: akarihikari|Spikes
|
|-damage|p1a: Corviknight|81/100 brn|[from] brn
|upkeep
|turn|7
|
|t:|1662688029
|switch|p2a: Moltres|Moltres|77/100
|move|p1a: Corviknight|Body Press|p2a: Moltres
|-resisted|p2a: Moltres
|-damage|p2a: Moltres|71/100
|
|-damage|p1a: Corviknight|75/100 brn|[from] brn
|upkeep
|turn|8
|
|t:|1662688033
|switch|p1a: Gastrodon|Gastrodon, F, shiny|100/100
|-damage|p1a: Gastrodon|88/100|[from] Spikes
|move|p2a: Moltres|Mystical Fire|p1a: Gastrodon
|-resisted|p1a: Gastrodon
|-damage|p1a: Gastrodon|78/100
|-unboost|p1a: Gastrodon|spa|1
|
|-heal|p1a: Gastrodon|84/100|[from] item: Leftovers
|upkeep
|turn|9
|
|t:|1662688037
|switch|p2a: Ferrothorn|Ferrothorn, M|100/100
|move|p1a: Gastrodon|Toxic|p2a: Ferrothorn
|-immune|p2a: Ferrothorn
|
|-heal|p1a: Gastrodon|90/100|[from] item: Leftovers
|upkeep
|turn|10
|
|t:|1662688045
|switch|p1a: Slowking|Slowking-Galar, M, shiny|100/100
|-damage|p1a: Slowking|88/100|[from] Spikes
|move|p2a: Ferrothorn|Power Whip|p1a: Slowking|[miss]
|-miss|p2a: Ferrothorn|p1a: Slowking
|
|upkeep
|turn|11
|
|t:|1662688050
|switch|p2a: Moltres|Moltres|71/100
|move|p1a: Slowking|Future Sight|p2a: Moltres
|-start|p1a: Slowking|move: Future Sight
|
|upkeep
|turn|12
|
|t:|1662688053
|move|p2a: Moltres|Mystical Fire|p1a: Slowking
|-damage|p1a: Slowking|74/100
|-unboost|p1a: Slowking|spa|1
|move|p1a: Slowking|Sludge Bomb|p2a: Moltres
|-damage|p2a: Moltres|45/100
|-status|p2a: Moltres|psn
|
|-damage|p2a: Moltres|32/100 psn|[from] psn
|upkeep
|turn|13
|
|t:|1662688063
|move|p2a: Moltres|Roost|p2a: Moltres
|-heal|p2a: Moltres|82/100 psn
|-singleturn|p2a: Moltres|move: Roost
|move|p1a: Slowking|Sludge Bomb|p2a: Moltres
|-damage|p2a: Moltres|57/100 psn
|
|-end|p2a: Moltres|move: Future Sight
|-damage|p2a: Moltres|25/100 psn
|-damage|p2a: Moltres|12/100 psn|[from] psn
|upkeep
|turn|14
|
|t:|1662688071
|move|p2a: Moltres|Roost|p2a: Moltres
|-heal|p2a: Moltres|62/100 psn
|-singleturn|p2a: Moltres|move: Roost
|move|p1a: Slowking|Future Sight|p2a: Moltres
|-start|p1a: Slowking|move: Future Sight
|
|-damage|p2a: Moltres|50/100 psn|[from] psn
|upkeep
|turn|15
|
|t:|1662688074
|move|p2a: Moltres|Roost|p2a: Moltres
|-heal|p2a: Moltres|99/100 psn
|-singleturn|p2a: Moltres|move: Roost
|move|p1a: Slowking|Scald|p2a: Moltres
|-supereffective|p2a: Moltres
|-damage|p2a: Moltres|70/100 psn
|
|-damage|p2a: Moltres|58/100 psn|[from] psn
|upkeep
|turn|16
|
|t:|1662688078
|move|p2a: Moltres|Roost|p2a: Moltres
|-heal|p2a: Moltres|100/100 psn
|-singleturn|p2a: Moltres|move: Roost
|move|p1a: Slowking|Scald|p2a: Moltres
|-supereffective|p2a: Moltres
|-damage|p2a: Moltres|69/100 psn
|
|-end|p2a: Moltres|move: Future Sight
|-damage|p2a: Moltres|33/100 psn
|-damage|p2a: Moltres|20/100 psn|[from] psn
|upkeep
|turn|17
|
|t:|1662688091
|move|p2a: Moltres|Roost|p2a: Moltres
|-heal|p2a: Moltres|71/100 psn
|-singleturn|p2a: Moltres|move: Roost
|move|p1a: Slowking|Future Sight|p2a: Moltres
|-start|p1a: Slowking|move: Future Sight
|
|-damage|p2a: Moltres|58/100 psn|[from] psn
|upkeep
|turn|18
|inactive|Battle timer is ON: inactive players will automatically lose when time's up. (requested by akarihikari)
|
|t:|1662688095
|switch|p2a: Ferrothorn|Ferrothorn, M|100/100
|move|p1a: Slowking|Sludge Bomb|p2a: Ferrothorn
|-immune|p2a: Ferrothorn
|
|upkeep
|turn|19
|
|t:|1662688098
|move|p1a: Slowking|Flamethrower|p2a: Ferrothorn
|-supereffective|p2a: Ferrothorn
|-damage|p2a: Ferrothorn|58/100
|move|p2a: Ferrothorn|Knock Off|p1a: Slowking
|-supereffective|p1a: Slowking
|-damage|p1a: Slowking|32/100
|-enditem|p1a: Slowking|Assault Vest|[from] move: Knock Off|[of] p2a: Ferrothorn
|
|-end|p2a: Ferrothorn|move: Future Sight
|-resisted|p2a: Ferrothorn
|-damage|p2a: Ferrothorn|47/100
|upkeep
|turn|20
|
|t:|1662688105
|move|p1a: Slowking|Flamethrower|p2a: Ferrothorn
|-supereffective|p2a: Ferrothorn
|-damage|p2a: Ferrothorn|3/100
|move|p2a: Ferrothorn|Leech Seed|p1a: Slowking
|-start|p1a: Slowking|move: Leech Seed
|
|-damage|p1a: Slowking|20/100|[from] Leech Seed|[of] p2a: Ferrothorn
|-heal|p2a: Ferrothorn|17/100|[silent]
|upkeep
|turn|21
|
|t:|1662688111
|switch|p1a: Corviknight|Corviknight, M|75/100 brn
|-ability|p1a: Corviknight|Pressure
|switch|p2a: Moltres|Moltres|58/100 psn
|
|-damage|p2a: Moltres|46/100 psn|[from] psn
|-damage|p1a: Corviknight|68/100 brn|[from] brn
|upkeep
|turn|22
|
|t:|1662688117
|switch|p1a: Gastrodon|Gastrodon, F, shiny|90/100
|-damage|p1a: Gastrodon|78/100|[from] Spikes
|move|p2a: Moltres|Roost|p2a: Moltres
|-heal|p2a: Moltres|96/100 psn
|-singleturn|p2a: Moltres|move: Roost
|
|-heal|p1a: Gastrodon|84/100|[from] item: Leftovers
|-damage|p2a: Moltres|84/100 psn|[from] psn
|upkeep
|turn|23
|
|t:|1662688121
|switch|p1a: Slowking|Slowking-Galar, M, shiny|53/100
|-damage|p1a: Slowking|41/100|[from] Spikes
|move|p2a: Moltres|Defog|p1a: Slowking
|-unboost|p1a: Slowking|evasion|1
|-sideend|p1: akarihikari|Spikes|[from] move: Defog|[of] p2a: Moltres
|-sideend|p2: BUNCH24|Toxic Spikes|[from] move: Defog|[of] p2a: Moltres
|
|-damage|p2a: Moltres|71/100 psn|[from] psn
|upkeep
|turn|24
|
|t:|1662688124
|switch|p2a: Seismitoad|Seismitoad, M|100/100
|switch|p1a: Gastrodon|Gastrodon, F, shiny|84/100
|
|-heal|p1a: Gastrodon|90/100|[from] item: Leftovers
|upkeep
|turn|25
|
|t:|1662688127
|move|p2a: Seismitoad|Knock Off|p1a: Gastrodon
|-damage|p1a: Gastrodon|68/100
|-enditem|p1a: Gastrodon|Leftovers|[from] move: Knock Off|[of] p2a: Seismitoad
|move|p1a: Gastrodon|Toxic|p2a: Seismitoad|[miss]
|-miss|p1a: Gastrodon|p2a: Seismitoad
|
|upkeep
|turn|26
|
|t:|1662688132
|switch|p2a: Ferrothorn|Ferrothorn, M|17/100
|move|p1a: Gastrodon|Toxic|p2a: Ferrothorn
|-immune|p2a: Ferrothorn
|
|upkeep
|turn|27
|
|t:|1662688136
|move|p1a: Gastrodon|Scald|p2a: Ferrothorn
|-resisted|p2a: Ferrothorn
|-damage|p2a: Ferrothorn|8/100
|-status|p2a: Ferrothorn|brn
|move|p2a: Ferrothorn|Leech Seed|p1a: Gastrodon
|-start|p1a: Gastrodon|move: Leech Seed
|
|-damage|p1a: Gastrodon|55/100|[from] Leech Seed|[of] p2a: Ferrothorn
|-heal|p2a: Ferrothorn|24/100 brn|[silent]
|-damage|p2a: Ferrothorn|17/100 brn|[from] brn
|upkeep
|turn|28
|
|t:|1662688145
|switch|p1a: Slowking|Slowking-Galar, M, shiny|74/100
|switch|p2a: Dragapult|Dragapult, F|100/100
|
|upkeep
|turn|29
|
|t:|1662688159
|switch|p1a: Blissey|Blissey, F|100/100
|move|p2a: Dragapult|Shadow Ball|p1a: Blissey
|-immune|p1a: Blissey
|
|upkeep
|turn|30
|
|t:|1662688172
|switch|p2a: Seismitoad|Seismitoad, M|100/100
|move|p1a: Blissey|Stealth Rock|p2a: Seismitoad
|-sidestart|p2: BUNCH24|move: Stealth Rock
|
|upkeep
|turn|31
|
|t:|1662688176
|switch|p1a: Gastrodon|Gastrodon, F, shiny|55/100
|move|p2a: Seismitoad|Stealth Rock|p1a: Gastrodon
|-sidestart|p1: akarihikari|move: Stealth Rock
|
|upkeep
|turn|32
|
|t:|1662688180
|move|p2a: Seismitoad|Earthquake|p1a: Gastrodon
|-crit|p1a: Gastrodon
|-damage|p1a: Gastrodon|8/100
|move|p1a: Gastrodon|Recover|p1a: Gastrodon
|-heal|p1a: Gastrodon|58/100
|
|upkeep
|turn|33
|
|t:|1662688183
|move|p2a: Seismitoad|Earthquake|p1a: Gastrodon
|-damage|p1a: Gastrodon|26/100
|move|p1a: Gastrodon|Recover|p1a: Gastrodon
|-heal|p1a: Gastrodon|76/100
|
|upkeep
|turn|34
|
|t:|1662688187
|move|p2a: Seismitoad|Earthquake|p1a: Gastrodon
|-damage|p1a: Gastrodon|42/100
|move|p1a: Gastrodon|Toxic|p2a: Seismitoad
|-status|p2a: Seismitoad|tox
|
|-damage|p2a: Seismitoad|94/100 tox|[from] psn
|upkeep
|turn|35
|
|t:|1662688191
|move|p2a: Seismitoad|Earthquake|p1a: Gastrodon
|-damage|p1a: Gastrodon|10/100
|move|p1a: Gastrodon|Recover|p1a: Gastrodon
|-heal|p1a: Gastrodon|60/100
|
|-heal|p2a: Seismitoad|100/100 tox|[from] item: Leftovers
|-damage|p2a: Seismitoad|88/100 tox|[from] psn
|upkeep
|turn|36
|
|t:|1662688195
|switch|p2a: Ferrothorn|Ferrothorn, M|17/100 brn
|-damage|p2a: Ferrothorn|11/100 brn|[from] Stealth Rock
|move|p1a: Gastrodon|Recover|p1a: Gastrodon
|-heal|p1a: Gastrodon|100/100
|
|-damage|p2a: Ferrothorn|5/100 brn|[from] brn
|upkeep
|turn|37
|
|t:|1662688203
|move|p1a: Gastrodon|Scald|p2a: Ferrothorn
|-resisted|p2a: Ferrothorn
|-damage|p2a: Ferrothorn|0 fnt
|faint|p2a: Ferrothorn
|
|upkeep
|
|t:|1662688209
|switch|p2a: Mamoswine|Mamoswine, M|100/100
|-damage|p2a: Mamoswine|88/100|[from] Stealth Rock
|turn|38
|
|t:|1662688218
|move|p2a: Mamoswine|Icicle Crash|p1a: Gastrodon
|-damage|p1a: Gastrodon|55/100
|move|p1a: Gastrodon|Toxic|p2a: Mamoswine
|-status|p2a: Mamoswine|tox
|
|-damage|p2a: Mamoswine|82/100 tox|[from] psn
|upkeep
|turn|39
|
|t:|1662688223
|move|p2a: Mamoswine|Icicle Crash|p1a: Gastrodon
|-damage|p1a: Gastrodon|12/100
|move|p1a: Gastrodon|Recover|p1a: Gastrodon
|-heal|p1a: Gastrodon|62/100
|
|-damage|p2a: Mamoswine|70/100 tox|[from] psn
|upkeep
|turn|40
|
|t:|1662688230
|move|p2a: Mamoswine|Earthquake|p1a: Gastrodon
|-damage|p1a: Gastrodon|6/100
|move|p1a: Gastrodon|Recover|p1a: Gastrodon
|-heal|p1a: Gastrodon|56/100
|
|-damage|p2a: Mamoswine|52/100 tox|[from] psn
|upkeep
|turn|41
|
|t:|1662688232
|switch|p1a: Corviknight|Corviknight, M|68/100 brn
|-damage|p1a: Corviknight|56/100 brn|[from] Stealth Rock
|-ability|p1a: Corviknight|Pressure
|move|p2a: Mamoswine|Icicle Crash|p1a: Corviknight
|-damage|p1a: Corviknight|28/100 brn
|
|-damage|p2a: Mamoswine|28/100 tox|[from] psn
|-damage|p1a: Corviknight|22/100 brn|[from] brn
|upkeep
|turn|42
|
|t:|1662688235
|move|p2a: Mamoswine|Icicle Crash|p1a: Corviknight
|-damage|p1a: Corviknight|0 fnt
|faint|p1a: Corviknight
|
|-damage|p2a: Mamoswine|0 fnt|[from] psn
|faint|p2a: Mamoswine
|upkeep
|
|t:|1662688250
|switch|p2a: Seismitoad|Seismitoad, M|88/100 tox
|switch|p1a: Clefable|Clefable, F, shiny|100/100
|-damage|p2a: Seismitoad|82/100 tox|[from] Stealth Rock
|-damage|p1a: Clefable|88/100|[from] Stealth Rock
|turn|43
|
|t:|1662688256
|move|p2a: Seismitoad|Knock Off|p1a: Clefable
|-resisted|p1a: Clefable
|-crit|p1a: Clefable
|-damage|p1a: Clefable|75/100
|-enditem|p1a: Clefable|Leftovers|[from] move: Knock Off|[of] p2a: Seismitoad
|move|p1a: Clefable|Calm Mind|p1a: Clefable
|-boost|p1a: Clefable|spa|1
|-boost|p1a: Clefable|spd|1
|
|-heal|p2a: Seismitoad|88/100 tox|[from] item: Leftovers
|-damage|p2a: Seismitoad|82/100 tox|[from] psn
|upkeep
|turn|44
|
|t:|1662688262
|switch|p2a: Moltres|Moltres|71/100 psn
|move|p1a: Clefable|Calm Mind|p1a: Clefable
|-boost|p1a: Clefable|spa|1
|-boost|p1a: Clefable|spd|1
|
|-damage|p2a: Moltres|59/100 psn|[from] psn
|upkeep
|turn|45
|
|t:|1662688267
|move|p2a: Moltres|Mystical Fire|p1a: Clefable
|-damage|p1a: Clefable|60/100
|-unboost|p1a: Clefable|spa|1
|move|p1a: Clefable|Moonblast|p2a: Moltres
|-resisted|p2a: Moltres
|-damage|p2a: Moltres|35/100 psn
|
|-damage|p2a: Moltres|23/100 psn|[from] psn
|upkeep
|turn|46
|
|t:|1662688270
|move|p2a: Moltres|Mystical Fire|p1a: Clefable
|-damage|p1a: Clefable|45/100
|-unboost|p1a: Clefable|spa|1
|move|p1a: Clefable|Soft-Boiled|p1a: Clefable
|-heal|p1a: Clefable|95/100
|
|-damage|p2a: Moltres|10/100 psn|[from] psn
|upkeep
|turn|47
|
|t:|1662688273
|move|p2a: Moltres|Mystical Fire|p1a: Clefable
|-damage|p1a: Clefable|81/100
|-unboost|p1a: Clefable|spa|1
|move|p1a: Clefable|Calm Mind|p1a: Clefable
|-boost|p1a: Clefable|spa|1
|-boost|p1a: Clefable|spd|1
|
|-damage|p2a: Moltres|0 fnt|[from] psn
|faint|p2a: Moltres
|upkeep
|
|t:|1662688274
|switch|p2a: Blaziken|Blaziken, F|100/100
|-damage|p2a: Blaziken|88/100|[from] Stealth Rock
|-item|p2a: Blaziken|Air Balloon
|turn|48
|
|t:|1662688279
|move|p2a: Blaziken|Flare Blitz|p1a: Clefable
|-crit|p1a: Clefable
|-damage|p1a: Clefable|5/100
|-damage|p2a: Blaziken|55/100|[from] Recoil
|move|p1a: Clefable|Moonblast|p2a: Blaziken
|-damage|p2a: Blaziken|8/100
|-enditem|p2a: Blaziken|Air Balloon
|
|-ability|p2a: Blaziken|Speed Boost|boost
|-boost|p2a: Blaziken|spe|1
|upkeep
|turn|49
|
|t:|1662688285
|move|p2a: Blaziken|Thunder Punch|p1a: Clefable
|-damage|p1a: Clefable|0 fnt
|faint|p1a: Clefable
|
|-ability|p2a: Blaziken|Speed Boost|boost
|-boost|p2a: Blaziken|spe|1
|upkeep
|
|t:|1662688290
|switch|p1a: Toxapex|Toxapex, M|96/100
|-damage|p1a: Toxapex|83/100|[from] Stealth Rock
|turn|50
|
|t:|1662688299
|move|p2a: Blaziken|Thunder Punch|p1a: Toxapex
|-supereffective|p1a: Toxapex
|-damage|p1a: Toxapex|52/100
|move|p1a: Toxapex|Knock Off|p2a: Blaziken
|-resisted|p2a: Blaziken
|-damage|p2a: Blaziken|2/100
|
|-ability|p2a: Blaziken|Speed Boost|boost
|-boost|p2a: Blaziken|spe|1
|upkeep
|turn|51
|j| Melophetamine
|
|t:|1662688306
|move|p2a: Blaziken|Thunder Punch|p1a: Toxapex
|-supereffective|p1a: Toxapex
|-damage|p1a: Toxapex|22/100
|move|p1a: Toxapex|Knock Off|p2a: Blaziken
|-resisted|p2a: Blaziken
|-damage|p2a: Blaziken|0 fnt
|faint|p2a: Blaziken
|
|upkeep
|
|t:|1662688308
|switch|p2a: Seismitoad|Seismitoad, M|82/100 tox
|-damage|p2a: Seismitoad|76/100 tox|[from] Stealth Rock
|turn|52
|j| Ctannn
|
|t:|1662688311
|switch|p1a: Blissey|Blissey, F|100/100
|move|p2a: Seismitoad|Earthquake|p1a: Blissey
|-damage|p1a: Blissey|74/100
|
|-heal|p2a: Seismitoad|82/100 tox|[from] item: Leftovers
|-damage|p2a: Seismitoad|76/100 tox|[from] psn
|upkeep
|turn|53
|-message|BUNCH24 forfeited.
|
|win|akarihikari
|raw|akarihikari's rating: 1581 &rarr; <strong>1605</strong><br />(+24 for winning)
|raw|BUNCH24's rating: 1656 &rarr; <strong>1632</strong><br />(-24 for losing)
||Ladder isn't responding, score probably updated but might not have (Request timeout).
|l|☆akarihikari
|j|☆akarihikari
|player|p1|akarihikari|erika
