|j|‽Guest 5890168
|j|☆HQSFun
|t:|1664669600
|gametype|singles
|player|p1|Guest 5890168|170|1540
|player|p2|HQSFun|veteranf|1640
|teamsize|p1|6
|teamsize|p2|6
|gen|8
|tier|[Gen 8] OU
|rated|
|rule|Sleep Clause Mod: Limit one foe put to sleep
|rule|Species Clause: Limit one of each Pokémon
|rule|OHKO Clause: OHKO moves are banned
|rule|Evasion Items Clause: Evasion items are banned
|rule|Evasion Moves Clause: Evasion moves are banned
|rule|Endless Battle Clause: Forcing endless battles is banned
|rule|HP Percentage Mod: HP is shown in percentages
|rule|Dynamax Clause: You cannot dynamax
|clearpoke
|poke|p1|Rotom-Wash|
|poke|p1|Weavile, F|
|poke|p1|Landorus-Therian, M|
|poke|p1|Heatran, M|
|poke|p1|Tangrowth, M|
|poke|p1|Melmetal|
|poke|p2|Heatran, F|
|poke|p2|Mew|
|poke|p2|Blaziken, F|
|poke|p2|Rillaboom, F|
|poke|p2|Weavile, M|
|poke|p2|Dragonite, F|
|teampreview
|inactive|Battle timer is ON: inactive players will automatically lose when time's up. (requested by Guest 5890168)
|
|t:|1664669608
|start
|switch|p1a: Landorus|Landorus-Therian, M|100/100
|switch|p2a: Heatran|Heatran, F|100/100
|-ability|p1a: Landorus|Intimidate|boost
|-unboost|p2a: Heatran|atk|1
|turn|1
|
|t:|1664669613
|move|p2a: Heatran|Taunt|p1a: Landorus
|-start|p1a: Landorus|move: Taunt
|move|p1a: Landorus|Earthquake|p2a: Heatran
|-supereffective|p2a: Heatran
|-enditem|p2a: Heatran|Focus Sash
|-damage|p2a: Heatran|1/100
|
|upkeep
|turn|2
|
|t:|1664669631
|move|p2a: Heatran|Stealth Rock|p1a: Landorus
|-sidestart|p1: Guest 5890168|move: Stealth Rock
|move|p1a: Landorus|Earthquake|p2a: Heatran
|-supereffective|p2a: Heatran
|-damage|p2a: Heatran|0 fnt
|faint|p2a: Heatran
|
|upkeep
|
|t:|1664669634
|switch|p2a: Weavile|Weavile, M|100/100
|-ability|p2a: Weavile|Pressure
|turn|3
|
|t:|1664669637
|move|p2a: Weavile|Swords Dance|p2a: Weavile
|-boost|p2a: Weavile|atk|2
|move|p1a: Landorus|Earthquake|p2a: Weavile
|-damage|p2a: Weavile|14/100
|
|-end|p1a: Landorus|move: Taunt
|upkeep
|turn|4
|
|t:|1664669643
|switch|p1a: Melmetal|Melmetal|100/100
|-damage|p1a: Melmetal|94/100|[from] Stealth Rock
|move|p2a: Weavile|Knock Off|p1a: Melmetal
|-damage|p1a: Melmetal|15/100
|-enditem|p1a: Melmetal|Assault Vest|[from] move: Knock Off|[of] p2a: Weavile
|-damage|p2a: Weavile|4/100|[from] item: Life Orb
|
|upkeep
|turn|5
|
|t:|1664669648
|move|p2a: Weavile|Knock Off|p1a: Melmetal
|-damage|p1a: Melmetal|0 fnt
|faint|p1a: Melmetal
|-damage|p2a: Weavile|0 fnt|[from] item: Life Orb
|faint|p2a: Weavile
|
|upkeep
|
|t:|1664669655
|switch|p2a: Rillaboom|Rillaboom, F|100/100
|switch|p1a: Landorus|Landorus-Therian, M|100/100
|-fieldstart|move: Grassy Terrain|[from] ability: Grassy Surge|[of] p2a: Rillaboom
|-damage|p1a: Landorus|88/100|[from] Stealth Rock
|-ability|p1a: Landorus|Intimidate|boost
|-unboost|p2a: Rillaboom|atk|1
|turn|6
|
|t:|1664669658
|move|p2a: Rillaboom|Swords Dance|p2a: Rillaboom
|-boost|p2a: Rillaboom|atk|2
|move|p1a: Landorus|Defog|p2a: Rillaboom
|-unboost|p2a: Rillaboom|evasion|1
|-sideend|p1: Guest 5890168|Stealth Rock|[from] move: Defog|[of] p1a: Landorus
|-fieldend|move: Grassy Terrain
|
|-heal|p1a: Landorus|94/100|[from] item: Leftovers
|upkeep
|turn|7
|
|t:|1664669661
|move|p2a: Rillaboom|Knock Off|p1a: Landorus
|-damage|p1a: Landorus|29/100
|-enditem|p1a: Landorus|Leftovers|[from] move: Knock Off|[of] p2a: Rillaboom
|-damage|p2a: Rillaboom|91/100|[from] item: Life Orb
|move|p1a: Landorus|U-turn|p2a: Rillaboom
|-supereffective|p2a: Rillaboom
|-damage|p2a: Rillaboom|41/100
|
|t:|1664669661
|switch|p1a: Weavile|Weavile, F|100/100|[from]move: U-turn
|-ability|p1a: Weavile|Pressure
|
|upkeep
|turn|8
|
|t:|1664669669
|move|p1a: Weavile|Knock Off|p2a: Rillaboom
|-damage|p2a: Rillaboom|0 fnt
|-enditem|p2a: Rillaboom|Life Orb|[from] move: Knock Off|[of] p1a: Weavile
|faint|p2a: Rillaboom
|
|upkeep
|
|t:|1664669671
|switch|p2a: Blaziken|Blaziken, F|100/100
|turn|9
|
|t:|1664669675
|move|p1a: Weavile|Knock Off|p2a: Blaziken
|-resisted|p2a: Blaziken
|-damage|p2a: Blaziken|52/100
|-enditem|p2a: Blaziken|Leftovers|[from] move: Knock Off|[of] p1a: Weavile
|move|p2a: Blaziken|Swords Dance|p2a: Blaziken
|-boost|p2a: Blaziken|atk|2
|
|-ability|p2a: Blaziken|Speed Boost|boost
|-boost|p2a: Blaziken|spe|1
|upkeep
|turn|10
|
|t:|1664669679
|switch|p1a: Tangrowth|Tangrowth, M|100/100
|move|p2a: Blaziken|Protect||[still]
|-fail|p2a: Blaziken
|
|-ability|p2a: Blaziken|Speed Boost|boost
|-boost|p2a: Blaziken|spe|1
|upkeep
|turn|11
|
|t:|1664669683
|move|p2a: Blaziken|Flare Blitz|p1a: Tangrowth
|-supereffective|p1a: Tangrowth
|-damage|p1a: Tangrowth|0 fnt
|-damage|p2a: Blaziken|36/100|[from] item: Rocky Helmet|[of] p1a: Tangrowth
|faint|p1a: Tangrowth
|-damage|p2a: Blaziken|0 fnt|[from] Recoil
|faint|p2a: Blaziken
|
|upkeep
|
|t:|1664669688
|switch|p2a: Dragonite|Dragonite, F|100/100
|switch|p1a: Weavile|Weavile, F|100/100
|-ability|p1a: Weavile|Pressure
|turn|12
|
|t:|1664669696
|move|p1a: Weavile|Triple Axel|p2a: Dragonite|[miss]
|-miss|p1a: Weavile|p2a: Dragonite
|move|p2a: Dragonite|Dragon Dance|p2a: Dragonite
|-boost|p2a: Dragonite|atk|1
|-boost|p2a: Dragonite|spe|1
|
|upkeep
|turn|13
|
|t:|1664669703
|switch|p1a: Rotom|Rotom-Wash|100/100
|move|p2a: Dragonite|Earthquake|p1a: Rotom
|-immune|p1a: Rotom|[from] ability: Levitate
|
|upkeep
|turn|14
|
|t:|1664669707
|move|p2a: Dragonite|Dragon Dance|p2a: Dragonite
|-boost|p2a: Dragonite|atk|1
|-boost|p2a: Dragonite|spe|1
|move|p1a: Rotom|Nasty Plot|p1a: Rotom
|-boost|p1a: Rotom|spa|2
|
|upkeep
|turn|15
|
|t:|1664669709
|move|p2a: Dragonite|Extreme Speed|p1a: Rotom
|-damage|p1a: Rotom|38/100
|move|p1a: Rotom|Thunderbolt|p2a: Dragonite
|-damage|p2a: Dragonite|61/100
|
|-heal|p1a: Rotom|44/100|[from] item: Leftovers
|upkeep
|turn|16
|
|t:|1664669711
|switch|p1a: Heatran|Heatran, M|100/100
|-item|p1a: Heatran|Air Balloon
|move|p2a: Dragonite|Extreme Speed|p1a: Heatran
|-resisted|p1a: Heatran
|-damage|p1a: Heatran|66/100
|-enditem|p1a: Heatran|Air Balloon
|
|upkeep
|turn|17
|
|t:|1664669714
|switch|p1a: Rotom|Rotom-Wash|44/100
|move|p2a: Dragonite|Earthquake|p1a: Rotom
|-immune|p1a: Rotom|[from] ability: Levitate
|
|-heal|p1a: Rotom|50/100|[from] item: Leftovers
|upkeep
|turn|18
|
|t:|1664669718
|move|p2a: Dragonite|Extreme Speed|p1a: Rotom
|-damage|p1a: Rotom|0 fnt
|faint|p1a: Rotom
|
|upkeep
|
|t:|1664669718
|switch|p1a: Weavile|Weavile, F|100/100
|-ability|p1a: Weavile|Pressure
|turn|19
|
|t:|1664669720
|move|p2a: Dragonite|Extreme Speed|p1a: Weavile
|-damage|p1a: Weavile|0 fnt
|faint|p1a: Weavile
|
|upkeep
|
|t:|1664669720
|switch|p1a: Landorus|Landorus-Therian, M|29/100
|-ability|p1a: Landorus|Intimidate|boost
|-unboost|p2a: Dragonite|atk|1
|turn|20
|
|t:|1664669723
|move|p2a: Dragonite|Ice Punch|p1a: Landorus
|-supereffective|p1a: Landorus
|-damage|p1a: Landorus|0 fnt
|faint|p1a: Landorus
|
|upkeep
|
|t:|1664669723
|switch|p1a: Heatran|Heatran, M|66/100
|turn|21
|
|t:|1664669725
|move|p2a: Dragonite|Earthquake|p1a: Heatran
|-supereffective|p1a: Heatran
|-damage|p1a: Heatran|0 fnt
|faint|p1a: Heatran
|
|win|HQSFun
|raw|Guest 5890168's rating: 1540 &rarr; <strong>1526</strong><br />(-14 for losing)
|raw|HQSFun's rating: 1640 &rarr; <strong>1654</strong><br />(+14 for winning)
