|j|☆Mutako Z
|j|☆knexhawk2
|t:|1667780742
|gametype|singles
|player|p1|Mutako Z|unknown|1724
|player|p2|knexhawk2|benga|1803
|teamsize|p1|6
|teamsize|p2|6
|gen|8
|tier|[Gen 8] OU
|rated|
|rule|Sleep Clause Mod: Limit one foe put to sleep
|rule|Species Clause: Limit one of each Pokémon
|rule|OHKO Clause: OHKO moves are banned
|rule|Evasion Items Clause: Evasion items are banned
|rule|Evasion Moves Clause: Evasion moves are banned
|rule|Endless Battle Clause: Forcing endless battles is banned
|rule|HP Percentage Mod: HP is shown in percentages
|rule|Dynamax Clause: You cannot dynamax
|clearpoke
|poke|p1|Hippowdon, M|
|poke|p1|Tyranitar, F|
|poke|p1|Excadrill, M|
|poke|p1|Dracozolt|
|poke|p1|Zapdos|
|poke|p1|Slowbro, F|
|poke|p2|Melmetal|
|poke|p2|Cresselia, F|
|poke|p2|Gastrodon-East, F|
|poke|p2|Garchomp, M|
|poke|p2|Skarmory, F|
|poke|p2|Clefable, M|
|teampreview
|inactive|Battle timer is ON: inactive players will automatically lose when time's up. (requested by Mutako Z)
|
|t:|1667780763
|start
|switch|p1a: Mao|Tyranitar, F|100/100
|switch|p2a: unbannable|Melmetal|100/100
|-weather|Sandstorm|[from] ability: Sand Stream|[of] p1a: Mao
|turn|1
|
|t:|1667780768
|switch|p1a: Foncecar|Slowbro, F|100/100
|move|p2a: unbannable|Double Iron Bash|p1a: Foncecar
|-resisted|p1a: Foncecar
|-damage|p1a: Foncecar|85/100
|-resisted|p1a: Foncecar
|-damage|p1a: Foncecar|71/100
|-hitcount|p1a: Foncecar|2
|
|-weather|Sandstorm|[upkeep]
|-damage|p1a: Foncecar|65/100|[from] Sandstorm
|upkeep
|turn|2
|
|t:|1667780777
|move|p2a: unbannable|Double Iron Bash|p1a: Foncecar
|-resisted|p1a: Foncecar
|-damage|p1a: Foncecar|50/100
|-resisted|p1a: Foncecar
|-damage|p1a: Foncecar|37/100
|-hitcount|p1a: Foncecar|2
|cant|p1a: Foncecar|flinch
|
|-weather|Sandstorm|[upkeep]
|-damage|p1a: Foncecar|30/100|[from] Sandstorm
|upkeep
|turn|3
|
|t:|1667780788
|switch|p1a: Bernard Tapie|Hippowdon, M|100/100
|move|p2a: unbannable|Double Iron Bash|p1a: Bernard Tapie
|-damage|p1a: Bernard Tapie|78/100
|-damage|p1a: Bernard Tapie|53/100
|-hitcount|p1a: Bernard Tapie|2
|
|-weather|Sandstorm|[upkeep]
|upkeep
|turn|4
|
|t:|1667780795
|move|p2a: unbannable|Double Iron Bash|p1a: Bernard Tapie
|-damage|p1a: Bernard Tapie|30/100
|-damage|p1a: Bernard Tapie|7/100
|-hitcount|p1a: Bernard Tapie|2
|move|p1a: Bernard Tapie|Earthquake|p2a: unbannable
|-supereffective|p2a: unbannable
|-damage|p2a: unbannable|54/100
|
|-weather|Sandstorm|[upkeep]
|upkeep
|turn|5
|
|t:|1667780808
|move|p2a: unbannable|Double Iron Bash|p1a: Bernard Tapie
|-damage|p1a: Bernard Tapie|0 fnt
|faint|p1a: Bernard Tapie
|-hitcount|p1: Bernard Tapie|1
|
|-weather|none
|upkeep
|
|t:|1667780814
|switch|p1a: Swagzaer|Dracozolt|100/100
|turn|6
|j| trisew
|
|t:|1667780819
|switch|p2a: slug man|Gastrodon-East, F|100/100
|move|p1a: Swagzaer|Fire Blast|p2a: slug man
|-resisted|p2a: slug man
|-damage|p2a: slug man|89/100
|-damage|p1a: Swagzaer|91/100|[from] item: Life Orb
|
|-heal|p2a: slug man|95/100|[from] item: Leftovers
|upkeep
|turn|7
|j| Her Loss SZN
|
|t:|1667780835
|move|p1a: Swagzaer|Draco Meteor|p2a: slug man
|-damage|p2a: slug man|54/100
|-unboost|p1a: Swagzaer|spa|2
|-damage|p1a: Swagzaer|81/100|[from] item: Life Orb
|move|p2a: slug man|Earth Power|p1a: Swagzaer
|-supereffective|p1a: Swagzaer
|-damage|p1a: Swagzaer|0 fnt
|faint|p1a: Swagzaer
|
|-heal|p2a: slug man|60/100|[from] item: Leftovers
|upkeep
|
|t:|1667780852
|switch|p1a: Mao|Tyranitar, F|100/100
|-weather|Sandstorm|[from] ability: Sand Stream|[of] p1a: Mao
|turn|8
|
|t:|1667780856
|switch|p2a: i hate myself too|Clefable, M|100/100
|move|p1a: Mao|Earthquake|p2a: i hate myself too
|-damage|p2a: i hate myself too|69/100
|
|-weather|Sandstorm|[upkeep]
|-heal|p2a: i hate myself too|75/100|[from] item: Leftovers
|upkeep
|turn|9
|
|t:|1667780863
|move|p1a: Mao|Thunder Wave|p2a: i hate myself too
|-status|p2a: i hate myself too|par
|cant|p2a: i hate myself too|par
|
|-weather|Sandstorm|[upkeep]
|-heal|p2a: i hate myself too|81/100 par|[from] item: Leftovers
|upkeep
|turn|10
|
|t:|1667780873
|switch|p1a: drill|Excadrill, M|100/100
|move|p2a: i hate myself too|Thunder Wave|p1a: drill
|-immune|p1a: drill
|
|-weather|Sandstorm|[upkeep]
|-heal|p2a: i hate myself too|87/100 par|[from] item: Leftovers
|upkeep
|turn|11
|
|t:|1667780880
|switch|p1a: Achilles|Zapdos|100/100
|switch|p2a: the bird|Skarmory, F|100/100
|
|-weather|Sandstorm|[upkeep]
|-damage|p1a: Achilles|94/100|[from] Sandstorm
|upkeep
|turn|12
|
|t:|1667780887
|switch|p2a: floaty|Cresselia, F|100/100
|move|p1a: Achilles|Hurricane|p2a: floaty
|-damage|p2a: floaty|73/100
|
|-weather|none
|upkeep
|turn|13
|
|t:|1667780893
|move|p2a: floaty|Trick|p1a: Achilles
|-activate|p2a: floaty|move: Trick|[of] p1a: Achilles
|-item|p1a: Achilles|Choice Scarf|[from] move: Trick
|-item|p2a: floaty|Heavy-Duty Boots|[from] move: Trick
|move|p1a: Achilles|Volt Switch|p2a: floaty
|-damage|p2a: floaty|56/100
|
|t:|1667780898
|switch|p1a: drill|Excadrill, M|100/100|[from]move: Volt Switch
|
|upkeep
|turn|14
|
|t:|1667780918
|switch|p2a: the bird|Skarmory, F|100/100
|move|p1a: drill|Swords Dance|p1a: drill
|-boost|p1a: drill|atk|2
|
|upkeep
|turn|15
|
|t:|1667780923
|move|p1a: drill|Rock Slide|p2a: the bird
|-damage|p2a: the bird|59/100
|-damage|p1a: drill|91/100|[from] item: Life Orb
|move|p2a: the bird|Body Press|p1a: drill
|-supereffective|p1a: drill
|-damage|p1a: drill|0 fnt
|faint|p1a: drill
|
|upkeep
|
|t:|1667780934
|switch|p1a: Achilles|Zapdos|94/100
|turn|16
|
|t:|1667780937
|switch|p2a: slug man|Gastrodon-East, F|60/100
|move|p1a: Achilles|Hurricane|p2a: slug man
|-damage|p2a: slug man|30/100
|
|-heal|p2a: slug man|36/100|[from] item: Leftovers
|upkeep
|turn|17
|
|t:|1667780943
|move|p1a: Achilles|Hurricane|p2a: slug man
|-crit|p2a: slug man
|-damage|p2a: slug man|0 fnt
|faint|p2a: slug man
|
|upkeep
|
|t:|1667780950
|switch|p2a: unbannable|Melmetal|54/100
|turn|18
|
|t:|1667780955
|switch|p1a: Foncecar|Slowbro, F|64/100
|move|p2a: unbannable|Thunder Punch|p1a: Foncecar
|-supereffective|p1a: Foncecar
|-damage|p1a: Foncecar|19/100
|
|upkeep
|turn|19
|
|t:|1667780962
|switch|p1a: Achilles|Zapdos|94/100
|move|p2a: unbannable|Thunder Punch|p1a: Achilles
|-damage|p1a: Achilles|70/100
|
|upkeep
|turn|20
|
|t:|1667780967
|switch|p2a: i want a sandwich|Garchomp, M|100/100
|move|p1a: Achilles|Volt Switch|p2a: i want a sandwich
|-immune|p2a: i want a sandwich
|
|upkeep
|turn|21
|
|t:|1667780973
|switch|p1a: Mao|Tyranitar, F|100/100
|-weather|Sandstorm|[from] ability: Sand Stream|[of] p1a: Mao
|move|p2a: i want a sandwich|Stealth Rock|p1a: Mao
|-sidestart|p1: Mutako Z|move: Stealth Rock
|
|-weather|Sandstorm|[upkeep]
|upkeep
|turn|22
|
|t:|1667780980
|switch|p2a: i hate myself too|Clefable, M|87/100 par
|move|p1a: Mao|Ice Punch|p2a: i hate myself too
|-damage|p2a: i hate myself too|64/100 par
|
|-weather|Sandstorm|[upkeep]
|-heal|p2a: i hate myself too|70/100 par|[from] item: Leftovers
|upkeep
|turn|23
|j| Meehdi_BGS
|
|t:|1667780986
|move|p1a: Mao|Stone Edge|p2a: i hate myself too
|-damage|p2a: i hate myself too|23/100 par
|move|p2a: i hate myself too|Thunder Wave|p1a: Mao
|-status|p1a: Mao|par
|
|-weather|Sandstorm|[upkeep]
|-heal|p2a: i hate myself too|29/100 par|[from] item: Leftovers
|upkeep
|turn|24
|j| RazorForce21
|
|t:|1667780994
|switch|p2a: unbannable|Melmetal|54/100
|cant|p1a: Mao|par
|
|-weather|Sandstorm|[upkeep]
|upkeep
|turn|25
|j|+Dragonillis
|l| trisew
|
|t:|1667781001
|switch|p1a: Achilles|Zapdos|70/100
|-damage|p1a: Achilles|45/100|[from] Stealth Rock
|move|p2a: unbannable|Double Iron Bash|p1a: Achilles
|-resisted|p1a: Achilles
|-damage|p1a: Achilles|30/100
|-resisted|p1a: Achilles
|-crit|p1a: Achilles
|-damage|p1a: Achilles|5/100
|-hitcount|p1a: Achilles|2
|
|-weather|none
|upkeep
|turn|26
|
|t:|1667781011
|move|p1a: Achilles|Hurricane|p2a: unbannable|[miss]
|-miss|p1a: Achilles|p2a: unbannable
|move|p2a: unbannable|Earthquake|p1a: Achilles
|-immune|p1a: Achilles
|
|upkeep
|turn|27
|
|t:|1667781016
|move|p1a: Achilles|Hurricane|p2a: unbannable
|-resisted|p2a: unbannable
|-damage|p2a: unbannable|29/100
|-start|p2a: unbannable|confusion
|-activate|p2a: unbannable|confusion
|move|p2a: unbannable|Thunder Punch|p1a: Achilles
|-damage|p1a: Achilles|0 fnt
|faint|p1a: Achilles
|
|upkeep
|l| Meehdi_BGS
|
|t:|1667781037
|switch|p1a: Mao|Tyranitar, F|100/100 par
|-damage|p1a: Mao|88/100 par|[from] Stealth Rock
|-weather|Sandstorm|[from] ability: Sand Stream|[of] p1a: Mao
|turn|28
|
|t:|1667781049
|switch|p2a: floaty|Cresselia, F|56/100
|cant|p1a: Mao|par
|
|-weather|Sandstorm|[upkeep]
|-damage|p2a: floaty|50/100|[from] Sandstorm
|upkeep
|turn|29
|
|t:|1667781055
|move|p2a: floaty|Lunar Dance|p2a: floaty
|faint|p2a: floaty
|move|p1a: Mao|Stone Edge|p2: floaty|[notarget]
|-fail|p1a: Mao
|
|-weather|Sandstorm|[upkeep]
|upkeep
|
|t:|1667781056
|switch|p2a: unbannable|Melmetal|29/100
|-heal|p2a: unbannable|100/100|[from] move: Lunar Dance
|turn|30
|
|t:|1667781062
|move|p2a: unbannable|Double Iron Bash|p1a: Mao
|-supereffective|p1a: Mao
|-damage|p1a: Mao|5/100 par
|-supereffective|p1a: Mao
|-damage|p1a: Mao|0 fnt
|faint|p1a: Mao
|-hitcount|p1: Mao|2
|
|-weather|Sandstorm|[upkeep]
|upkeep
|-message|Mutako Z forfeited.
|
|win|knexhawk2
|raw|Mutako Z's rating: 1724 &rarr; <strong>1708</strong><br />(-16 for losing)
|raw|knexhawk2's rating: 1803 &rarr; <strong>1819</strong><br />(+16 for winning)
|l|☆Mutako Z
|l| RazorForce21
||Ladder isn't responding, score probably updated but might not have (Request timeout).
