|j|☆I0SIS
|j|‽lt91bb FJ2K
|t:|1659279805
|gametype|singles
|player|p1|I0SIS|doctor|1662
|player|p2|lt91bb FJ2K|2|1662
|teamsize|p1|6
|teamsize|p2|6
|gen|8
|tier|[Gen 8] OU
|rated|
|rule|Sleep Clause Mod: Limit one foe put to sleep
|rule|Species Clause: Limit one of each Pokémon
|rule|OHKO Clause: OHKO moves are banned
|rule|Evasion Moves Clause: Evasion moves are banned
|rule|Endless Battle Clause: Forcing endless battles is banned
|rule|HP Percentage Mod: HP is shown in percentages
|rule|Dynamax Clause: You cannot dynamax
|clearpoke
|poke|p1|Mew|
|poke|p1|Bisharp, M|
|poke|p1|Toxtricity, M|
|poke|p1|Blaziken, M|
|poke|p1|Garchomp, F|
|poke|p1|Dragapult, F|
|poke|p2|Tyranitar, F|
|poke|p2|Rotom-Wash|
|poke|p2|Ferrothorn, M|
|poke|p2|Excadrill, F|
|poke|p2|Dragapult, F|
|poke|p2|Clefable, F|
|teampreview
|
|t:|1659279815
|start
|switch|p1a: Mew|Mew, shiny|100/100
|switch|p2a: Dragapult|Dragapult, F|100/100
|turn|1
|
|t:|1659279817
|move|p2a: Dragapult|Shadow Ball|p1a: Mew
|-supereffective|p1a: Mew
|-damage|p1a: Mew|1/100
|-enditem|p1a: Mew|Red Card|[of] p2a: Dragapult
|drag|p2a: Rotom|Rotom-Wash|100/100
|move|p1a: Mew|Stealth Rock|p2a: Rotom
|-sidestart|p2: lt91bb FJ2K|move: Stealth Rock
|
|upkeep
|turn|2
|
|t:|1659279822
|move|p1a: Mew|Taunt|p2a: Rotom
|-start|p2a: Rotom|move: Taunt
|move|p2a: Rotom|Volt Switch|p1a: Mew
|-damage|p1a: Mew|0 fnt
|faint|p1a: Mew
|
|t:|1659279837
|switch|p2a: Clefable|Clefable, F|100/100|[from]move: Volt Switch
|
|upkeep
|
|t:|1659279840
|switch|p1a: Toxtricity|Toxtricity, M|100/100
|turn|3
|inactive|Battle timer is ON: inactive players will automatically lose when time's up. (requested by lt91bb FJ2K)
|
|t:|1659279842
|switch|p2a: Ferrothorn|Ferrothorn, M|100/100
|-damage|p2a: Ferrothorn|94/100|[from] Stealth Rock
|move|p1a: Toxtricity|Shift Gear|p1a: Toxtricity
|-boost|p1a: Toxtricity|spe|2
|-boost|p1a: Toxtricity|atk|1
|
|-heal|p2a: Ferrothorn|100/100|[from] item: Leftovers
|upkeep
|turn|4
|
|t:|1659279844
|move|p1a: Toxtricity|Shift Gear|p1a: Toxtricity
|-boost|p1a: Toxtricity|spe|2
|-boost|p1a: Toxtricity|atk|1
|move|p2a: Ferrothorn|Leech Seed|p1a: Toxtricity
|-start|p1a: Toxtricity|move: Leech Seed
|
|-damage|p1a: Toxtricity|88/100|[from] Leech Seed|[of] p2a: Ferrothorn
|upkeep
|turn|5
|
|t:|1659279849
|move|p1a: Toxtricity|Boomburst|p2a: Ferrothorn
|-resisted|p2a: Ferrothorn
|-damage|p2a: Ferrothorn|83/100
|-enditem|p1a: Toxtricity|Throat Spray
|-boost|p1a: Toxtricity|spa|1|[from] item: Throat Spray
|move|p2a: Ferrothorn|Knock Off|p1a: Toxtricity
|-damage|p1a: Toxtricity|62/100
|
|-heal|p2a: Ferrothorn|89/100|[from] item: Leftovers
|-damage|p1a: Toxtricity|50/100|[from] Leech Seed|[of] p2a: Ferrothorn
|-heal|p2a: Ferrothorn|99/100|[silent]
|upkeep
|turn|6
|
|t:|1659279853
|move|p1a: Toxtricity|Drain Punch|p2a: Ferrothorn
|-supereffective|p2a: Ferrothorn
|-damage|p2a: Ferrothorn|54/100
|-heal|p1a: Toxtricity|77/100|[from] drain|[of] p2a: Ferrothorn
|-damage|p1a: Toxtricity|64/100|[from] ability: Iron Barbs|[of] p2a: Ferrothorn
|move|p2a: Ferrothorn|Spikes|p1a: Toxtricity
|-sidestart|p1: I0SIS|Spikes
|
|-heal|p2a: Ferrothorn|60/100|[from] item: Leftovers
|-damage|p1a: Toxtricity|52/100|[from] Leech Seed|[of] p2a: Ferrothorn
|-heal|p2a: Ferrothorn|71/100|[silent]
|upkeep
|turn|7
|
|t:|1659279857
|move|p1a: Toxtricity|Drain Punch|p2a: Ferrothorn
|-supereffective|p2a: Ferrothorn
|-damage|p2a: Ferrothorn|20/100
|-heal|p1a: Toxtricity|83/100|[from] drain|[of] p2a: Ferrothorn
|-damage|p1a: Toxtricity|71/100|[from] ability: Iron Barbs|[of] p2a: Ferrothorn
|move|p2a: Ferrothorn|Spikes|p1a: Toxtricity
|-sidestart|p1: I0SIS|Spikes
|
|-heal|p2a: Ferrothorn|26/100|[from] item: Leftovers
|-damage|p1a: Toxtricity|58/100|[from] Leech Seed|[of] p2a: Ferrothorn
|-heal|p2a: Ferrothorn|36/100|[silent]
|upkeep
|turn|8
|
|t:|1659279869
|move|p1a: Toxtricity|Overdrive|p2a: Ferrothorn
|-resisted|p2a: Ferrothorn
|-damage|p2a: Ferrothorn|9/100
|move|p2a: Ferrothorn|Spikes|p1a: Toxtricity
|-sidestart|p1: I0SIS|Spikes
|
|-heal|p2a: Ferrothorn|15/100|[from] item: Leftovers
|-damage|p1a: Toxtricity|46/100|[from] Leech Seed|[of] p2a: Ferrothorn
|-heal|p2a: Ferrothorn|25/100|[silent]
|upkeep
|turn|9
|
|t:|1659279873
|move|p1a: Toxtricity|Drain Punch|p2a: Ferrothorn
|-supereffective|p2a: Ferrothorn
|-damage|p2a: Ferrothorn|0 fnt
|-heal|p1a: Toxtricity|61/100|[from] drain|[of] p2a: Ferrothorn
|-damage|p1a: Toxtricity|49/100|[from] ability: Iron Barbs|[of] p2a: Ferrothorn
|faint|p2a: Ferrothorn
|
|upkeep
|
|t:|1659279875
|switch|p2a: Tyranitar|Tyranitar, F|100/100
|-damage|p2a: Tyranitar|88/100|[from] Stealth Rock
|-weather|Sandstorm|[from] ability: Sand Stream|[of] p2a: Tyranitar
|turn|10
|
|t:|1659279883
|switch|p2a: Clefable|Clefable, F|100/100
|move|p1a: Toxtricity|Drain Punch|p2a: Clefable
|-resisted|p2a: Clefable
|-damage|p2a: Clefable|86/100
|-heal|p1a: Toxtricity|58/100|[from] drain|[of] p2a: Clefable
|-damage|p1a: Toxtricity|42/100|[from] item: Rocky Helmet|[of] p2a: Clefable
|
|-weather|Sandstorm|[upkeep]
|-damage|p1a: Toxtricity|36/100|[from] Sandstorm
|-damage|p1a: Toxtricity|23/100|[from] Leech Seed|[of] p2a: Clefable
|-heal|p2a: Clefable|95/100|[silent]
|upkeep
|turn|11
|
|t:|1659279888
|move|p1a: Toxtricity|Boomburst|p2a: Clefable
|-damage|p2a: Clefable|19/100
|move|p2a: Clefable|Soft-Boiled|p2a: Clefable
|-heal|p2a: Clefable|69/100
|
|-weather|Sandstorm|[upkeep]
|-damage|p1a: Toxtricity|17/100|[from] Sandstorm
|-damage|p1a: Toxtricity|5/100|[from] Leech Seed|[of] p2a: Clefable
|-heal|p2a: Clefable|78/100|[silent]
|upkeep
|turn|12
|
|t:|1659279893
|move|p1a: Toxtricity|Overdrive|p2a: Clefable
|-damage|p2a: Clefable|4/100
|move|p2a: Clefable|Soft-Boiled|p2a: Clefable
|-heal|p2a: Clefable|54/100
|
|-weather|Sandstorm|[upkeep]
|-damage|p1a: Toxtricity|0 fnt|[from] Sandstorm
|faint|p1a: Toxtricity
|upkeep
|
|t:|1659279899
|switch|p1a: Bisharp|Bisharp, M, shiny|100/100
|-damage|p1a: Bisharp|76/100|[from] Spikes
|turn|13
|
|t:|1659279902
|move|p1a: Bisharp|Iron Head|p2a: Clefable
|-supereffective|p2a: Clefable
|-damage|p2a: Clefable|0 fnt
|-damage|p1a: Bisharp|59/100|[from] item: Rocky Helmet|[of] p2a: Clefable
|faint|p2a: Clefable
|
|-weather|Sandstorm|[upkeep]
|upkeep
|
|t:|1659279911
|switch|p2a: Rotom|Rotom-Wash|100/100
|-damage|p2a: Rotom|88/100|[from] Stealth Rock
|turn|14
|
|t:|1659279914
|move|p2a: Rotom|Hydro Pump|p1a: Bisharp|[miss]
|-miss|p2a: Rotom|p1a: Bisharp
|move|p1a: Bisharp|Knock Off|p2a: Rotom
|-damage|p2a: Rotom|17/100
|-enditem|p2a: Rotom|Leftovers|[from] move: Knock Off|[of] p1a: Bisharp
|
|-weather|none
|upkeep
|turn|15
|
|t:|1659279916
|move|p1a: Bisharp|Sucker Punch||[still]
|-fail|p1a: Bisharp
|move|p2a: Rotom|Pain Split|p1a: Bisharp
|-sethp|p1a: Bisharp|39/100|[from] move: Pain Split|[silent]
|-sethp|p2a: Rotom|35/100|[from] move: Pain Split
|
|upkeep
|turn|16
|
|t:|1659279919
|move|p2a: Rotom|Will-O-Wisp|p1a: Bisharp
|-status|p1a: Bisharp|brn
|move|p1a: Bisharp|Knock Off|p2a: Rotom
|-damage|p2a: Rotom|10/100
|
|-damage|p1a: Bisharp|33/100 brn|[from] brn
|upkeep
|turn|17
|
|t:|1659279922
|move|p2a: Rotom|Hydro Pump|p1a: Bisharp
|-damage|p1a: Bisharp|0 fnt
|faint|p1a: Bisharp
|
|upkeep
|
|t:|1659279927
|switch|p1a: Blaziken|Blaziken, M|100/100
|-item|p1a: Blaziken|Air Balloon
|turn|18
|
|t:|1659279931
|move|p2a: Rotom|Hydro Pump|p1a: Blaziken
|-supereffective|p1a: Blaziken
|-damage|p1a: Blaziken|0 fnt
|-enditem|p1a: Blaziken|Air Balloon
|faint|p1a: Blaziken
|
|upkeep
|
|t:|1659279933
|switch|p1a: Dragapult|Dragapult, F|100/100
|-damage|p1a: Dragapult|76/100|[from] Spikes
|turn|19
|
|t:|1659279936
|move|p1a: Dragapult|Dragon Darts|p2a: Rotom
|-damage|p2a: Rotom|0 fnt
|faint|p2a: Rotom
|-damage|p1a: Dragapult|66/100|[from] item: Life Orb
|
|upkeep
|
|t:|1659279940
|switch|p2a: Tyranitar|Tyranitar, F|88/100
|-damage|p2a: Tyranitar|76/100|[from] Stealth Rock
|-weather|Sandstorm|[from] ability: Sand Stream|[of] p2a: Tyranitar
|turn|20
|
|t:|1659279943
|move|p1a: Dragapult|Dragon Darts|p2a: Tyranitar
|-damage|p2a: Tyranitar|42/100
|-anim|p1a: Dragapult|Dragon Darts|p2a: Tyranitar
|-crit|p2a: Tyranitar
|-damage|p2a: Tyranitar|0 fnt
|faint|p2a: Tyranitar
|-damage|p1a: Dragapult|56/100|[from] item: Life Orb
|
|-weather|Sandstorm|[upkeep]
|-damage|p1a: Dragapult|50/100|[from] Sandstorm
|upkeep
|
|t:|1659279948
|switch|p2a: Excadrill|Excadrill, F|100/100
|-damage|p2a: Excadrill|97/100|[from] Stealth Rock
|turn|21
|
|t:|1659279951
|move|p2a: Excadrill|Earthquake|p1a: Dragapult
|-damage|p1a: Dragapult|0 fnt
|faint|p1a: Dragapult
|
|-weather|Sandstorm|[upkeep]
|-heal|p2a: Excadrill|100/100|[from] item: Leftovers
|upkeep
|
|t:|1659279952
|switch|p1a: Garchomp|Garchomp, F|100/100
|-damage|p1a: Garchomp|76/100|[from] Spikes
|turn|22
|
|t:|1659279954
|move|p2a: Excadrill|Earthquake|p1a: Garchomp
|-damage|p1a: Garchomp|21/100
|move|p1a: Garchomp|Scale Shot|p2a: Excadrill
|-resisted|p2a: Excadrill
|-damage|p2a: Excadrill|91/100
|-resisted|p2a: Excadrill
|-damage|p2a: Excadrill|81/100
|-hitcount|p2a: Excadrill|2
|-unboost|p1a: Garchomp|def|1
|-boost|p1a: Garchomp|spe|1
|
|-weather|Sandstorm|[upkeep]
|-heal|p2a: Excadrill|87/100|[from] item: Leftovers
|-heal|p1a: Garchomp|27/100|[from] item: Leftovers
|upkeep
|turn|23
|
|t:|1659279956
|move|p2a: Excadrill|Earthquake|p1a: Garchomp
|-damage|p1a: Garchomp|0 fnt
|faint|p1a: Garchomp
|
|win|lt91bb FJ2K
|raw|I0SIS's rating: 1662 &rarr; <strong>1642</strong><br />(-20 for losing)
|raw|lt91bb FJ2K's rating: 1662 &rarr; <strong>1682</strong><br />(+20 for winning)
|l|☆I0SIS
||Ladder isn't responding, score probably updated but might not have (Request timeout).
