|j|☆SkipTheDripBayless
|j|☆georgiethefirst
|t:|1662231276
|gametype|singles
|player|p1|SkipTheDripBayless|#roaladder|
|player|p2|georgiethefirst|hiker-gen2|
|teamsize|p1|6
|teamsize|p2|6
|gen|8
|tier|[Gen 8] OU
|rule|Sleep Clause Mod: Limit one foe put to sleep
|rule|Species Clause: Limit one of each Pokémon
|rule|OHKO Clause: OHKO moves are banned
|rule|Evasion Items Clause: Evasion items are banned
|rule|Evasion Moves Clause: Evasion moves are banned
|rule|Endless Battle Clause: Forcing endless battles is banned
|rule|HP Percentage Mod: HP is shown in percentages
|rule|Dynamax Clause: You cannot dynamax
|clearpoke
|poke|p1|Tapu Koko|
|poke|p1|Dragapult, F|
|poke|p1|Suicune|
|poke|p1|Cresselia, F|
|poke|p1|Volcarona, F|
|poke|p1|Heatran, M|
|poke|p2|Victini|
|poke|p2|Hippowdon, F|
|poke|p2|Excadrill, F|
|poke|p2|Clefable, M|
|poke|p2|Toxapex, F|
|poke|p2|Corviknight, F|
|teampreview
|c|☆SkipTheDripBayless|hf
|j| sufys12
|c|☆georgiethefirst|wtf bro
|j| h moment
|c|☆SkipTheDripBayless|?
|c|☆georgiethefirst|this is anti bro code stuff
|j| lou dort
|c|☆georgiethefirst|suicune and cress?
|inactive|Battle timer is ON: inactive players will automatically lose when time's up. (requested by georgiethefirst)
|c|☆SkipTheDripBayless|this is very bro code
|c|☆SkipTheDripBayless|sir
|c|☆georgiethefirst|this is the lamest team ever
|
|t:|1662231312
|start
|switch|p1a: Cresselia|Cresselia, F|100/100
|switch|p2a: Victini|Victini|100/100
|turn|1
|c| sufys12|SkipTheDripBayless 6-0ed by eleki
|c|☆georgiethefirst|oh this is trick isn't it
|c|☆SkipTheDripBayless|do u not
|
|t:|1662231329
|switch|p1a: Dragapult|Dragapult, F|100/100
|switch|p2a: Excadrill|Excadrill, F|100/100
|-item|p2a: Excadrill|Air Balloon
|
|upkeep
|turn|2
|c|☆SkipTheDripBayless|see the dragapult
|
|t:|1662231334
|switch|p2a: Clefable|Clefable, M|100/100
|move|p1a: Dragapult|Reflect|p1a: Dragapult
|-sidestart|p1: SkipTheDripBayless|Reflect
|
|upkeep
|turn|3
|c| sufys12|pult gets destroyed.
|
|t:|1662231340
|move|p1a: Dragapult|Light Screen|p1a: Dragapult
|-sidestart|p1: SkipTheDripBayless|move: Light Screen
|move|p2a: Clefable|Moonblast|p1a: Dragapult
|-supereffective|p1a: Dragapult
|-damage|p1a: Dragapult|65/100
|-unboost|p1a: Dragapult|spa|1
|
|upkeep
|turn|4
|l| sufys12
|
|t:|1662231345
|move|p1a: Dragapult|U-turn|p2a: Clefable
|-resisted|p2a: Clefable
|-damage|p2a: Clefable|90/100
|c| h moment|nice avatar btw skip
|
|t:|1662231352
|switch|p1a: Cresselia|Cresselia, F|100/100|[from]move: U-turn
|move|p2a: Clefable|Teleport|p2a: Clefable
|
|t:|1662231355
|switch|p2a: Gharial|Hippowdon, F|100/100|[from]move: Teleport
|-weather|Sandstorm|[from] ability: Sand Stream|[of] p2a: Gharial
|
|-weather|Sandstorm|[upkeep]
|-damage|p1a: Cresselia|94/100|[from] Sandstorm
|upkeep
|turn|5
|
|t:|1662231358
|switch|p2a: Excadrill|Excadrill, F|100/100
|-item|p2a: Excadrill|Air Balloon
|move|p1a: Cresselia|Trick|p2a: Excadrill
|-activate|p1a: Cresselia|move: Trick|[of] p2a: Excadrill
|-item|p2a: Excadrill|Choice Scarf|[from] move: Trick
|-item|p1a: Cresselia|Air Balloon
|-item|p1a: Cresselia|Air Balloon|[from] move: Trick
|
|-weather|Sandstorm|[upkeep]
|-damage|p1a: Cresselia|88/100|[from] Sandstorm
|upkeep
|turn|6
|c|☆SkipTheDripBayless|ty
|c|☆georgiethefirst|I wanted the scarf
|
|t:|1662231374
|switch|p2a: Gharial|Hippowdon, F|100/100
|switch|p1a: Heatran|Heatran, M|100/100
|-item|p1a: Heatran|Air Balloon
|
|-weather|Sandstorm|[upkeep]
|upkeep
|turn|7
|c|☆SkipTheDripBayless|im sure
|
|t:|1662231379
|switch|p2a: Toxapex|Toxapex, F, shiny|100/100
|move|p1a: Heatran|Will-O-Wisp|p2a: Toxapex
|-status|p2a: Toxapex|brn
|
|-weather|Sandstorm|[upkeep]
|-damage|p2a: Toxapex|95/100 brn|[from] Sandstorm
|-damage|p2a: Toxapex|89/100 brn|[from] brn
|upkeep
|turn|8
|
|t:|1662231388
|move|p1a: Heatran|Stealth Rock|p2a: Toxapex
|-sidestart|p2: georgiethefirst|move: Stealth Rock
|move|p2a: Toxapex|Knock Off|p1a: Heatran
|-damage|p1a: Heatran|98/100
|-enditem|p1a: Heatran|Air Balloon
|
|-weather|none
|-damage|p2a: Toxapex|83/100 brn|[from] brn
|upkeep
|turn|9
|
|t:|1662231393
|move|p1a: Heatran|Magma Storm|p2a: Toxapex
|-resisted|p2a: Toxapex
|-damage|p2a: Toxapex|67/100 brn
|-activate|p2a: Toxapex|move: Magma Storm|[of] p1a: Heatran
|move|p2a: Toxapex|Scald|p1a: Heatran
|-supereffective|p1a: Heatran
|-damage|p1a: Heatran|83/100
|
|-damage|p2a: Toxapex|61/100 brn|[from] brn
|-damage|p2a: Toxapex|49/100 brn|[from] move: Magma Storm|[partiallytrapped]
|-sideend|p1: SkipTheDripBayless|Reflect
|upkeep
|turn|10
|
|t:|1662231395
|move|p1a: Heatran|Earth Power|p2a: Toxapex
|-supereffective|p2a: Toxapex
|-damage|p2a: Toxapex|13/100 brn
|move|p2a: Toxapex|Recover|p2a: Toxapex
|-heal|p2a: Toxapex|64/100 brn
|
|-damage|p2a: Toxapex|58/100 brn|[from] brn
|-damage|p2a: Toxapex|45/100 brn|[from] move: Magma Storm|[partiallytrapped]
|-sideend|p1: SkipTheDripBayless|move: Light Screen
|upkeep
|turn|11
|
|t:|1662231398
|switch|p2a: Gharial|Hippowdon, F|100/100
|-damage|p2a: Gharial|94/100|[from] Stealth Rock
|-weather|Sandstorm|[from] ability: Sand Stream|[of] p2a: Gharial
|move|p1a: Heatran|Earth Power|p2a: Gharial
|-damage|p2a: Gharial|69/100
|
|-weather|Sandstorm|[upkeep]
|upkeep
|turn|12
|
|t:|1662231401
|move|p1a: Heatran|Will-O-Wisp|p2a: Gharial
|-status|p2a: Gharial|brn
|move|p2a: Gharial|Earthquake|p1a: Heatran
|-supereffective|p1a: Heatran
|-damage|p1a: Heatran|13/100
|
|-weather|Sandstorm|[upkeep]
|-damage|p2a: Gharial|63/100 brn|[from] brn
|upkeep
|turn|13
|
|t:|1662231406
|move|p1a: Heatran|Magma Storm|p2a: Gharial
|-damage|p2a: Gharial|24/100 brn
|-activate|p2a: Gharial|move: Magma Storm|[of] p1a: Heatran
|move|p2a: Gharial|Earthquake|p1a: Heatran
|-supereffective|p1a: Heatran
|-damage|p1a: Heatran|0 fnt
|faint|p1a: Heatran
|
|-weather|Sandstorm|[upkeep]
|-damage|p2a: Gharial|18/100 brn|[from] brn
|-end|p2a: Gharial|Magma Storm|[partiallytrapped]|[silent]
|upkeep
|
|t:|1662231410
|switch|p1a: Volcarona|Volcarona, F|100/100
|turn|14
|
|t:|1662231414
|switch|p2a: Victini|Victini|100/100
|move|p1a: Volcarona|Substitute|p1a: Volcarona
|-start|p1a: Volcarona|Substitute
|-damage|p1a: Volcarona|76/100
|
|-weather|Sandstorm|[upkeep]
|-damage|p2a: Victini|94/100|[from] Sandstorm
|-damage|p1a: Volcarona|70/100|[from] Sandstorm
|upkeep
|turn|15
|
|t:|1662231418
|move|p1a: Volcarona|Quiver Dance|p1a: Volcarona
|-boost|p1a: Volcarona|spa|1
|-boost|p1a: Volcarona|spd|1
|-boost|p1a: Volcarona|spe|1
|move|p2a: Victini|Bolt Strike|p1a: Volcarona|[miss]
|-miss|p2a: Victini|p1a: Volcarona
|
|-weather|none
|upkeep
|turn|16
|c|☆georgiethefirst|no way
|
|t:|1662231425
|move|p1a: Volcarona|Quiver Dance|p1a: Volcarona
|-boost|p1a: Volcarona|spa|1
|-boost|p1a: Volcarona|spd|1
|-boost|p1a: Volcarona|spe|1
|move|p2a: Victini|Bolt Strike|p1a: Volcarona
|-end|p1a: Volcarona|Substitute
|
|upkeep
|turn|17
|c|☆SkipTheDripBayless|gg
|
|t:|1662231431
|move|p1a: Volcarona|Substitute|p1a: Volcarona
|-start|p1a: Volcarona|Substitute
|-damage|p1a: Volcarona|45/100
|move|p2a: Victini|V-create|p1a: Volcarona
|-end|p1a: Volcarona|Substitute
|-unboost|p2a: Victini|spe|1
|-unboost|p2a: Victini|def|1
|-unboost|p2a: Victini|spd|1
|
|upkeep
|turn|18
|
|t:|1662231434
|switch|p2a: Gharial|Hippowdon, F|18/100 brn
|-damage|p2a: Gharial|11/100 brn|[from] Stealth Rock
|-weather|Sandstorm|[from] ability: Sand Stream|[of] p2a: Gharial
|move|p1a: Volcarona|Bug Buzz|p2a: Gharial
|-damage|p2a: Gharial|0 fnt
|faint|p2a: Gharial
|
|-weather|Sandstorm|[upkeep]
|-damage|p1a: Volcarona|39/100|[from] Sandstorm
|upkeep
|
|t:|1662231436
|switch|p2a: Excadrill|Excadrill, F|100/100
|-damage|p2a: Excadrill|97/100|[from] Stealth Rock
|turn|19
|j| sufys12
|
|t:|1662231439
|switch|p1a: Cresselia|Cresselia, F|88/100
|-item|p1a: Cresselia|Air Balloon
|move|p2a: Excadrill|Rapid Spin|p1a: Cresselia
|-damage|p1a: Cresselia|78/100
|-boost|p2a: Excadrill|spe|1
|-enditem|p1a: Cresselia|Air Balloon
|-sideend|p2: georgiethefirst|Stealth Rock|[from] move: Rapid Spin|[of] p2a: Excadrill
|
|-weather|Sandstorm|[upkeep]
|-damage|p1a: Cresselia|72/100|[from] Sandstorm
|upkeep
|turn|20
|
|t:|1662231447
|switch|p2a: Victini|Victini|94/100
|move|p1a: Cresselia|Trick|p2a: Victini
|-activate|p1a: Cresselia|move: Trick|[of] p2a: Victini
|-enditem|p2a: Victini|Heavy-Duty Boots|[silent]|[from] move: Trick
|-item|p1a: Cresselia|Heavy-Duty Boots|[from] move: Trick
|
|-weather|Sandstorm|[upkeep]
|-damage|p2a: Victini|88/100|[from] Sandstorm
|-damage|p1a: Cresselia|66/100|[from] Sandstorm
|upkeep
|turn|21
|j| Pinkacross
|j| Mon cappuccino
|
|t:|1662231457
|switch|p1a: Dragapult|Dragapult, F|65/100
|move|p2a: Victini|Bolt Strike|p1a: Dragapult
|-resisted|p1a: Dragapult
|-damage|p1a: Dragapult|43/100
|-start|p2a: Victini|Disable|Bolt Strike|[from] ability: Cursed Body|[of] p1a: Dragapult
|
|-weather|Sandstorm|[upkeep]
|-damage|p1a: Dragapult|37/100|[from] Sandstorm
|-damage|p2a: Victini|82/100|[from] Sandstorm
|upkeep
|turn|22
|j| PkmnMasterEclipse
|
|t:|1662231462
|move|p1a: Dragapult|Reflect|p1a: Dragapult
|-sidestart|p1: SkipTheDripBayless|Reflect
|move|p2a: Victini|Taunt|p1a: Dragapult
|-start|p1a: Dragapult|move: Taunt
|
|-weather|none
|upkeep
|turn|23
|
|t:|1662231470
|move|p1a: Dragapult|U-turn|p2a: Victini
|-damage|p2a: Victini|64/100
|
|t:|1662231472
|switch|p1a: Suicune|Suicune|100/100|[from]move: U-turn
|-ability|p1a: Suicune|Pressure
|move|p2a: Victini|V-create|p1a: Suicune
|-resisted|p1a: Suicune
|-damage|p1a: Suicune|88/100
|-unboost|p2a: Victini|spe|1
|-unboost|p2a: Victini|def|1
|-unboost|p2a: Victini|spd|1
|
|-heal|p1a: Suicune|94/100|[from] item: Leftovers
|upkeep
|turn|24
|
|t:|1662231477
|switch|p2a: Toxapex|Toxapex, F, shiny|79/100 brn
|move|p1a: Suicune|Scald|p2a: Toxapex
|-resisted|p2a: Toxapex
|-crit|p2a: Toxapex
|-damage|p2a: Toxapex|66/100 brn
|
|-heal|p1a: Suicune|99/100|[from] item: Leftovers
|-damage|p2a: Toxapex|60/100 brn|[from] brn
|upkeep
|turn|25
|
|t:|1662231482
|move|p1a: Suicune|Substitute|p1a: Suicune
|-start|p1a: Suicune|Substitute
|-damage|p1a: Suicune|75/100
|move|p2a: Toxapex|Knock Off|p1a: Suicune
|-activate|p1a: Suicune|move: Substitute|[damage]
|
|-heal|p1a: Suicune|81/100|[from] item: Leftovers
|-damage|p2a: Toxapex|54/100 brn|[from] brn
|upkeep
|turn|26
|
|t:|1662231484
|move|p1a: Suicune|Calm Mind|p1a: Suicune
|-boost|p1a: Suicune|spa|1
|-boost|p1a: Suicune|spd|1
|move|p2a: Toxapex|Recover|p2a: Toxapex
|-heal|p2a: Toxapex|100/100 brn
|
|-heal|p1a: Suicune|87/100|[from] item: Leftovers
|-damage|p2a: Toxapex|95/100 brn|[from] brn
|upkeep
|turn|27
|
|t:|1662231488
|move|p1a: Suicune|Scald|p2a: Toxapex
|-resisted|p2a: Toxapex
|-damage|p2a: Toxapex|81/100 brn
|move|p2a: Toxapex|Haze|p2a: Toxapex
|-clearallboost
|
|-heal|p1a: Suicune|94/100|[from] item: Leftovers
|-damage|p2a: Toxapex|75/100 brn|[from] brn
|upkeep
|turn|28
|
|t:|1662231491
|move|p1a: Suicune|Calm Mind|p1a: Suicune
|-boost|p1a: Suicune|spa|1
|-boost|p1a: Suicune|spd|1
|move|p2a: Toxapex|Recover|p2a: Toxapex
|-heal|p2a: Toxapex|100/100 brn
|
|-heal|p1a: Suicune|99/100|[from] item: Leftovers
|-damage|p2a: Toxapex|95/100 brn|[from] brn
|upkeep
|turn|29
|
|t:|1662231494
|move|p1a: Suicune|Scald|p2a: Toxapex
|-resisted|p2a: Toxapex
|-damage|p2a: Toxapex|82/100 brn
|move|p2a: Toxapex|Knock Off|p1a: Suicune
|-activate|p1a: Suicune|move: Substitute|[damage]
|
|-heal|p1a: Suicune|100/100|[from] item: Leftovers
|-damage|p2a: Toxapex|76/100 brn|[from] brn
|-sideend|p1: SkipTheDripBayless|Reflect
|upkeep
|turn|30
|
|t:|1662231499
|move|p1a: Suicune|Calm Mind|p1a: Suicune
|-boost|p1a: Suicune|spa|1
|-boost|p1a: Suicune|spd|1
|move|p2a: Toxapex|Knock Off|p1a: Suicune
|-activate|p1a: Suicune|move: Substitute|[damage]
|
|-damage|p2a: Toxapex|70/100 brn|[from] brn
|upkeep
|turn|31
|
|t:|1662231501
|move|p1a: Suicune|Scald|p2a: Toxapex
|-resisted|p2a: Toxapex
|-damage|p2a: Toxapex|53/100 brn
|move|p2a: Toxapex|Haze|p2a: Toxapex
|-clearallboost
|
|-damage|p2a: Toxapex|47/100 brn|[from] brn
|upkeep
|turn|32
|
|t:|1662231504
|move|p1a: Suicune|Scald|p2a: Toxapex
|-resisted|p2a: Toxapex
|-damage|p2a: Toxapex|38/100 brn
|move|p2a: Toxapex|Recover|p2a: Toxapex
|-heal|p2a: Toxapex|88/100 brn
|
|-damage|p2a: Toxapex|82/100 brn|[from] brn
|upkeep
|turn|33
|
|t:|1662231509
|switch|p2a: Clefable|Clefable, M|90/100
|move|p1a: Suicune|Calm Mind|p1a: Suicune
|-boost|p1a: Suicune|spa|1
|-boost|p1a: Suicune|spd|1
|
|-heal|p2a: Clefable|96/100|[from] item: Leftovers
|upkeep
|turn|34
|
|t:|1662231512
|switch|p2a: Toxapex|Toxapex, F, shiny|100/100 brn
|move|p1a: Suicune|Calm Mind|p1a: Suicune
|-boost|p1a: Suicune|spa|1
|-boost|p1a: Suicune|spd|1
|
|-damage|p2a: Toxapex|95/100 brn|[from] brn
|upkeep
|turn|35
|
|t:|1662231515
|move|p1a: Suicune|Scald|p2a: Toxapex
|-resisted|p2a: Toxapex
|-damage|p2a: Toxapex|77/100 brn
|move|p2a: Toxapex|Haze|p2a: Toxapex
|-clearallboost
|
|-damage|p2a: Toxapex|71/100 brn|[from] brn
|upkeep
|turn|36
|
|t:|1662231517
|switch|p2a: Clefable|Clefable, M|96/100
|move|p1a: Suicune|Calm Mind|p1a: Suicune
|-boost|p1a: Suicune|spa|1
|-boost|p1a: Suicune|spd|1
|
|-heal|p2a: Clefable|100/100|[from] item: Leftovers
|upkeep
|turn|37
|
|t:|1662231520
|switch|p2a: Toxapex|Toxapex, F, shiny|100/100 brn
|move|p1a: Suicune|Calm Mind|p1a: Suicune
|-boost|p1a: Suicune|spa|1
|-boost|p1a: Suicune|spd|1
|
|-damage|p2a: Toxapex|95/100 brn|[from] brn
|upkeep
|turn|38
|
|t:|1662231522
|move|p1a: Suicune|Scald|p2a: Toxapex
|-resisted|p2a: Toxapex
|-damage|p2a: Toxapex|79/100 brn
|move|p2a: Toxapex|Haze|p2a: Toxapex
|-clearallboost
|
|-damage|p2a: Toxapex|73/100 brn|[from] brn
|upkeep
|turn|39
|l| Pinkacross
|
|t:|1662231525
|switch|p2a: Clefable|Clefable, M|100/100
|move|p1a: Suicune|Scald|p2a: Clefable
|-damage|p2a: Clefable|83/100
|
|-heal|p2a: Clefable|89/100|[from] item: Leftovers
|upkeep
|turn|40
|
|t:|1662231530
|switch|p2a: Toxapex|Toxapex, F, shiny|100/100 brn
|move|p1a: Suicune|Calm Mind|p1a: Suicune
|-boost|p1a: Suicune|spa|1
|-boost|p1a: Suicune|spd|1
|
|-damage|p2a: Toxapex|95/100 brn|[from] brn
|upkeep
|turn|41
|
|t:|1662231534
|move|p1a: Suicune|Calm Mind|p1a: Suicune
|-boost|p1a: Suicune|spa|1
|-boost|p1a: Suicune|spd|1
|move|p2a: Toxapex|Haze|p2a: Toxapex
|-clearallboost
|
|-damage|p2a: Toxapex|89/100 brn|[from] brn
|upkeep
|turn|42
|
|t:|1662231537
|switch|p2a: Clefable|Clefable, M|89/100
|move|p1a: Suicune|Calm Mind|p1a: Suicune
|-boost|p1a: Suicune|spa|1
|-boost|p1a: Suicune|spd|1
|
|-heal|p2a: Clefable|95/100|[from] item: Leftovers
|upkeep
|turn|43
|
|t:|1662231539
|switch|p2a: Toxapex|Toxapex, F, shiny|100/100 brn
|move|p1a: Suicune|Calm Mind|p1a: Suicune
|-boost|p1a: Suicune|spa|1
|-boost|p1a: Suicune|spd|1
|
|-damage|p2a: Toxapex|95/100 brn|[from] brn
|upkeep
|turn|44
|c|☆georgiethefirst|how can you bring stall every friendly
|c|☆SkipTheDripBayless|hoq
|c|☆SkipTheDripBayless|is this stall
|c|☆SkipTheDripBayless|LOl
|c|☆georgiethefirst|without fail
|c|☆georgiethefirst|its all stall stall
|
|t:|1662231565
|move|p1a: Suicune|Scald|p2a: Toxapex
|-resisted|p2a: Toxapex
|-crit|p2a: Toxapex
|-damage|p2a: Toxapex|71/100 brn
|move|p2a: Toxapex|Haze|p2a: Toxapex
|-clearallboost
|
|-damage|p2a: Toxapex|65/100 brn|[from] brn
|upkeep
|turn|45
|
|t:|1662231572
|switch|p2a: Clefable|Clefable, M|95/100
|move|p1a: Suicune|Calm Mind|p1a: Suicune
|-boost|p1a: Suicune|spa|1
|-boost|p1a: Suicune|spd|1
|
|-heal|p2a: Clefable|100/100|[from] item: Leftovers
|upkeep
|turn|46
|
|t:|1662231579
|switch|p2a: Toxapex|Toxapex, F, shiny|98/100 brn
|move|p1a: Suicune|Scald|p2a: Toxapex
|-resisted|p2a: Toxapex
|-damage|p2a: Toxapex|84/100 brn
|
|-damage|p2a: Toxapex|78/100 brn|[from] brn
|upkeep
|turn|47
|
|t:|1662231584
|move|p1a: Suicune|Scald|p2a: Toxapex
|-resisted|p2a: Toxapex
|-damage|p2a: Toxapex|65/100 brn
|move|p2a: Toxapex|Haze|p2a: Toxapex
|-clearallboost
|
|-damage|p2a: Toxapex|59/100 brn|[from] brn
|upkeep
|turn|48
|
|t:|1662231586
|switch|p2a: Clefable|Clefable, M|100/100
|move|p1a: Suicune|Calm Mind|p1a: Suicune
|-boost|p1a: Suicune|spa|1
|-boost|p1a: Suicune|spd|1
|
|upkeep
|turn|49
|
|t:|1662231589
|switch|p2a: Toxapex|Toxapex, F, shiny|92/100 brn
|move|p1a: Suicune|Scald|p2a: Toxapex
|-resisted|p2a: Toxapex
|-damage|p2a: Toxapex|79/100 brn
|
|-damage|p2a: Toxapex|73/100 brn|[from] brn
|upkeep
|turn|50
|
|t:|1662231592
|move|p1a: Suicune|Protect|p1a: Suicune
|-singleturn|p1a: Suicune|Protect
|move|p2a: Toxapex|Haze|p2a: Toxapex
|-clearallboost
|
|-damage|p2a: Toxapex|67/100 brn|[from] brn
|upkeep
|turn|51
|
|t:|1662231597
|switch|p2a: Clefable|Clefable, M|100/100
|move|p1a: Suicune|Calm Mind|p1a: Suicune
|-boost|p1a: Suicune|spa|1
|-boost|p1a: Suicune|spd|1
|
|upkeep
|turn|52
|
|t:|1662231601
|move|p1a: Suicune|Scald|p2a: Clefable
|-damage|p2a: Clefable|73/100
|move|p2a: Clefable|Wish|p2a: Clefable
|
|-heal|p2a: Clefable|79/100|[from] item: Leftovers
|upkeep
|turn|53
|c| Mon cappuccino|you see, this isn't fully stall
|
|t:|1662231605
|switch|p2a: Toxapex|Toxapex, F, shiny|99/100 brn
|move|p1a: Suicune|Substitute|p1a: Suicune
|-fail|p1a: Suicune|move: Substitute
|
|-heal|p2a: Toxapex|100/100 brn|[from] move: Wish|[wisher] Clefable
|-damage|p2a: Toxapex|95/100 brn|[from] brn
|upkeep
|turn|54
|
|t:|1662231611
|move|p1a: Suicune|Protect|p1a: Suicune
|-singleturn|p1a: Suicune|Protect
|move|p2a: Toxapex|Haze|p2a: Toxapex
|-clearallboost
|
|-damage|p2a: Toxapex|89/100 brn|[from] brn
|upkeep
|turn|55
|c| Mon cappuccino|it's half a sad team
|
|t:|1662231614
|switch|p2a: Clefable|Clefable, M|79/100
|move|p1a: Suicune|Calm Mind|p1a: Suicune
|-boost|p1a: Suicune|spa|1
|-boost|p1a: Suicune|spd|1
|
|-heal|p2a: Clefable|85/100|[from] item: Leftovers
|upkeep
|turn|56
|c| Mon cappuccino|sand*
|
|t:|1662231620
|move|p1a: Suicune|Substitute|p1a: Suicune
|-fail|p1a: Suicune|move: Substitute
|move|p2a: Clefable|Wish|p2a: Clefable
|
|-heal|p2a: Clefable|91/100|[from] item: Leftovers
|upkeep
|turn|57
|
|t:|1662231623
|switch|p2a: Toxapex|Toxapex, F, shiny|100/100 brn
|move|p1a: Suicune|Substitute|p1a: Suicune
|-fail|p1a: Suicune|move: Substitute
|
|-damage|p2a: Toxapex|95/100 brn|[from] brn
|upkeep
|turn|58
|
|t:|1662231626
|switch|p2a: Clefable|Clefable, M|91/100
|move|p1a: Suicune|Calm Mind|p1a: Suicune
|-boost|p1a: Suicune|spa|1
|-boost|p1a: Suicune|spd|1
|
|-heal|p2a: Clefable|97/100|[from] item: Leftovers
|upkeep
|turn|59
|
|t:|1662231630
|switch|p2a: Toxapex|Toxapex, F, shiny|100/100 brn
|move|p1a: Suicune|Scald|p2a: Toxapex
|-resisted|p2a: Toxapex
|-damage|p2a: Toxapex|85/100 brn
|
|-damage|p2a: Toxapex|79/100 brn|[from] brn
|upkeep
|turn|60
|
|t:|1662231633
|move|p1a: Suicune|Scald|p2a: Toxapex
|-resisted|p2a: Toxapex
|-damage|p2a: Toxapex|61/100 brn
|move|p2a: Toxapex|Haze|p2a: Toxapex
|-clearallboost
|
|-damage|p2a: Toxapex|55/100 brn|[from] brn
|upkeep
|turn|61
|j|+Wildfiree
|
|t:|1662231636
|switch|p2a: Clefable|Clefable, M|97/100
|move|p1a: Suicune|Calm Mind|p1a: Suicune
|-boost|p1a: Suicune|spa|1
|-boost|p1a: Suicune|spd|1
|
|-heal|p2a: Clefable|100/100|[from] item: Leftovers
|upkeep
|turn|62
|
|t:|1662231641
|switch|p2a: Toxapex|Toxapex, F, shiny|88/100 brn
|move|p1a: Suicune|Calm Mind|p1a: Suicune
|-boost|p1a: Suicune|spa|1
|-boost|p1a: Suicune|spd|1
|
|-damage|p2a: Toxapex|82/100 brn|[from] brn
|upkeep
|turn|63
|
|t:|1662231646
|move|p1a: Suicune|Protect|p1a: Suicune
|-singleturn|p1a: Suicune|Protect
|move|p2a: Toxapex|Haze|p2a: Toxapex
|-clearallboost
|
|-damage|p2a: Toxapex|76/100 brn|[from] brn
|upkeep
|turn|64
|
|t:|1662231648
|switch|p2a: Clefable|Clefable, M|100/100
|move|p1a: Suicune|Calm Mind|p1a: Suicune
|-boost|p1a: Suicune|spa|1
|-boost|p1a: Suicune|spd|1
|
|upkeep
|turn|65
|
|t:|1662231651
|switch|p2a: Toxapex|Toxapex, F, shiny|100/100 brn
|move|p1a: Suicune|Calm Mind|p1a: Suicune
|-boost|p1a: Suicune|spa|1
|-boost|p1a: Suicune|spd|1
|
|-damage|p2a: Toxapex|95/100 brn|[from] brn
|upkeep
|turn|66
|
|t:|1662231654
|move|p1a: Suicune|Scald|p2a: Toxapex
|-resisted|p2a: Toxapex
|-damage|p2a: Toxapex|78/100 brn
|move|p2a: Toxapex|Haze|p2a: Toxapex
|-clearallboost
|
|-damage|p2a: Toxapex|72/100 brn|[from] brn
|upkeep
|turn|67
|c|☆georgiethefirst|what does this accomplish bro
|c|☆SkipTheDripBayless|i mea
|
|t:|1662231664
|switch|p2a: Clefable|Clefable, M|100/100
|move|p1a: Suicune|Calm Mind|p1a: Suicune
|-boost|p1a: Suicune|spa|1
|-boost|p1a: Suicune|spd|1
|
|upkeep
|turn|68
|c| sufys12|georgiethefirst you lose?
|c|☆SkipTheDripBayless|do /dt lunar dance
|c|☆SkipTheDripBayless|lol
|c|☆SkipTheDripBayless|and check ur hazes
|c|☆georgiethefirst|you wont get the chance
|c| sufys12|oh my god
|c|☆SkipTheDripBayless|okay
|c|☆SkipTheDripBayless|i all have to do is force drill
|c|☆SkipTheDripBayless|right
|inactive|SkipTheDripBayless has 270 seconds left.
|
|t:|1662231697
|switch|p2a: Toxapex|Toxapex, F, shiny|100/100 brn
|move|p1a: Suicune|Calm Mind|p1a: Suicune
|-boost|p1a: Suicune|spa|1
|-boost|p1a: Suicune|spd|1
|
|-damage|p2a: Toxapex|95/100 brn|[from] brn
|upkeep
|turn|69
|c|☆georgiethefirst|and how you gonna do that
|
|t:|1662231703
|move|p1a: Suicune|Substitute|p1a: Suicune
|-fail|p1a: Suicune|move: Substitute
|move|p2a: Toxapex|Haze|p2a: Toxapex
|-clearallboost
|
|-damage|p2a: Toxapex|89/100 brn|[from] brn
|upkeep
|turn|70
|
|t:|1662231706
|switch|p2a: Clefable|Clefable, M|100/100
|move|p1a: Suicune|Calm Mind|p1a: Suicune
|-boost|p1a: Suicune|spa|1
|-boost|p1a: Suicune|spd|1
|
|upkeep
|turn|71
|c|☆SkipTheDripBayless|u watch
|
|t:|1662231710
|switch|p2a: Toxapex|Toxapex, F, shiny|100/100 brn
|move|p1a: Suicune|Scald|p2a: Toxapex
|-resisted|p2a: Toxapex
|-damage|p2a: Toxapex|87/100 brn
|
|-damage|p2a: Toxapex|81/100 brn|[from] brn
|upkeep
|turn|72
|
|t:|1662231713
|switch|p2a: Clefable|Clefable, M|100/100
|move|p1a: Suicune|Protect||[still]
|-fail|p1a: Suicune
|
|upkeep
|turn|73
|
|t:|1662231716
|switch|p2a: Toxapex|Toxapex, F, shiny|100/100 brn
|move|p1a: Suicune|Protect||[still]
|-fail|p1a: Suicune
|
|-damage|p2a: Toxapex|95/100 brn|[from] brn
|upkeep
|turn|74
|l| h moment
|
|t:|1662231719
|switch|p2a: Clefable|Clefable, M|100/100
|move|p1a: Suicune|Calm Mind|p1a: Suicune
|-boost|p1a: Suicune|spa|1
|-boost|p1a: Suicune|spd|1
|
|upkeep
|turn|75
|
|t:|1662231721
|switch|p2a: Toxapex|Toxapex, F, shiny|100/100 brn
|move|p1a: Suicune|Scald|p2a: Toxapex
|-resisted|p2a: Toxapex
|-damage|p2a: Toxapex|84/100 brn
|
|-damage|p2a: Toxapex|78/100 brn|[from] brn
|upkeep
|turn|76
|
|t:|1662231724
|move|p1a: Suicune|Protect|p1a: Suicune
|-singleturn|p1a: Suicune|Protect
|move|p2a: Toxapex|Haze|p2a: Toxapex
|-clearallboost
|
|-damage|p2a: Toxapex|72/100 brn|[from] brn
|upkeep
|turn|77
|
|t:|1662231726
|switch|p2a: Clefable|Clefable, M|100/100
|move|p1a: Suicune|Calm Mind|p1a: Suicune
|-boost|p1a: Suicune|spa|1
|-boost|p1a: Suicune|spd|1
|
|upkeep
|turn|78
|
|t:|1662231729
|switch|p2a: Toxapex|Toxapex, F, shiny|100/100 brn
|move|p1a: Suicune|Calm Mind|p1a: Suicune
|-boost|p1a: Suicune|spa|1
|-boost|p1a: Suicune|spd|1
|
|-damage|p2a: Toxapex|95/100 brn|[from] brn
|upkeep
|turn|79
|
|t:|1662231733
|move|p1a: Suicune|Protect|p1a: Suicune
|-singleturn|p1a: Suicune|Protect
|move|p2a: Toxapex|Haze|p2a: Toxapex
|-clearallboost
|
|-damage|p2a: Toxapex|89/100 brn|[from] brn
|upkeep
|turn|80
|
|t:|1662231736
|switch|p2a: Clefable|Clefable, M|100/100
|move|p1a: Suicune|Calm Mind|p1a: Suicune
|-boost|p1a: Suicune|spa|1
|-boost|p1a: Suicune|spd|1
|
|upkeep
|turn|81
|
|t:|1662231739
|switch|p2a: Toxapex|Toxapex, F, shiny|100/100 brn
|move|p1a: Suicune|Calm Mind|p1a: Suicune
|-boost|p1a: Suicune|spa|1
|-boost|p1a: Suicune|spd|1
|
|-damage|p2a: Toxapex|95/100 brn|[from] brn
|upkeep
|turn|82
|
|t:|1662231743
|switch|p2a: Clefable|Clefable, M|100/100
|move|p1a: Suicune|Substitute|p1a: Suicune
|-fail|p1a: Suicune|move: Substitute
|
|upkeep
|turn|83
|
|t:|1662231747
|switch|p2a: Toxapex|Toxapex, F, shiny|100/100 brn
|move|p1a: Suicune|Substitute|p1a: Suicune
|-fail|p1a: Suicune|move: Substitute
|
|-damage|p2a: Toxapex|95/100 brn|[from] brn
|upkeep
|turn|84
|
|t:|1662231750
|switch|p2a: Clefable|Clefable, M|100/100
|move|p1a: Suicune|Scald|p2a: Clefable
|-damage|p2a: Clefable|69/100
|
|-heal|p2a: Clefable|75/100|[from] item: Leftovers
|upkeep
|turn|85
|
|t:|1662231754
|switch|p2a: Toxapex|Toxapex, F, shiny|100/100 brn
|move|p1a: Suicune|Calm Mind|p1a: Suicune
|-boost|p1a: Suicune|spa|1
|-boost|p1a: Suicune|spd|1
|
|-damage|p2a: Toxapex|95/100 brn|[from] brn
|upkeep
|turn|86
|
|t:|1662231757
|move|p1a: Suicune|Substitute|p1a: Suicune
|-fail|p1a: Suicune|move: Substitute
|move|p2a: Toxapex|Haze|p2a: Toxapex
|-clearallboost
|
|-damage|p2a: Toxapex|89/100 brn|[from] brn
|upkeep
|turn|87
|
|t:|1662231760
|switch|p2a: Victini|Victini|64/100
|move|p1a: Suicune|Calm Mind|p1a: Suicune
|-boost|p1a: Suicune|spa|1
|-boost|p1a: Suicune|spd|1
|
|upkeep
|turn|88
|
|t:|1662231764
|switch|p2a: Toxapex|Toxapex, F, shiny|100/100 brn
|move|p1a: Suicune|Calm Mind|p1a: Suicune
|-boost|p1a: Suicune|spa|1
|-boost|p1a: Suicune|spd|1
|
|-damage|p2a: Toxapex|95/100 brn|[from] brn
|upkeep
|turn|89
|
|t:|1662231768
|move|p1a: Suicune|Scald|p2a: Toxapex
|-resisted|p2a: Toxapex
|-damage|p2a: Toxapex|78/100 brn
|move|p2a: Toxapex|Haze|p2a: Toxapex
|-clearallboost
|
|-damage|p2a: Toxapex|72/100 brn|[from] brn
|upkeep
|turn|90
|
|t:|1662231773
|switch|p1a: Dragapult|Dragapult, F|37/100
|switch|p2a: Victini|Victini|64/100
|
|upkeep
|turn|91
|
|t:|1662231776
|move|p1a: Dragapult|Reflect|p1a: Dragapult
|-sidestart|p1: SkipTheDripBayless|Reflect
|move|p2a: Victini|V-create|p1a: Dragapult
|-resisted|p1a: Dragapult
|-damage|p1a: Dragapult|14/100
|-unboost|p2a: Victini|spe|1
|-unboost|p2a: Victini|def|1
|-unboost|p2a: Victini|spd|1
|
|upkeep
|turn|92
|
|t:|1662231785
|move|p1a: Dragapult|Light Screen|p1a: Dragapult
|-sidestart|p1: SkipTheDripBayless|move: Light Screen
|move|p2a: Victini|V-create|p1a: Dragapult
|-resisted|p1a: Dragapult
|-damage|p1a: Dragapult|0 fnt
|-unboost|p2a: Victini|spe|1
|-unboost|p2a: Victini|def|1
|-unboost|p2a: Victini|spd|1
|faint|p1a: Dragapult
|
|upkeep
|
|t:|1662231788
|switch|p1a: Tapu Koko|Tapu Koko|100/100
|-fieldstart|move: Electric Terrain|[from] ability: Electric Surge|[of] p1a: Tapu Koko
|turn|93
|l| Mon cappuccino
|
|t:|1662231795
|switch|p2a: Excadrill|Excadrill, F|97/100
|move|p1a: Tapu Koko|Calm Mind|p1a: Tapu Koko
|-boost|p1a: Tapu Koko|spa|1
|-boost|p1a: Tapu Koko|spd|1
|
|upkeep
|turn|94
|
|t:|1662231801
|switch|p2a: Victini|Victini|64/100
|move|p1a: Tapu Koko|Dazzling Gleam|p2a: Victini
|-resisted|p2a: Victini
|-damage|p2a: Victini|41/100
|
|upkeep
|turn|95
|
|t:|1662231807
|switch|p1a: Cresselia|Cresselia, F|66/100
|switch|p2a: Excadrill|Excadrill, F|97/100
|
|upkeep
|turn|96
|
|t:|1662231810
|move|p2a: Excadrill|Iron Head|p1a: Cresselia
|-damage|p1a: Cresselia|55/100
|move|p1a: Cresselia|Lunar Dance|p1a: Cresselia
|faint|p1a: Cresselia
|
|upkeep
|
|t:|1662231812
|switch|p1a: Suicune|Suicune|100/100
|-heal|p1a: Suicune|100/100|[from] move: Lunar Dance
|-ability|p1a: Suicune|Pressure
|turn|97
|c| sufys12|game over.
|c|☆SkipTheDripBayless|wasnt possible iht
|
|t:|1662231825
|switch|p2a: CORB|Corviknight, F|100/100
|-ability|p2a: CORB|Pressure
|switch|p1a: Volcarona|Volcarona, F|39/100
|
|-fieldend|move: Electric Terrain
|upkeep
|turn|98
|
|t:|1662231835
|move|p1a: Volcarona|Quiver Dance|p1a: Volcarona
|-boost|p1a: Volcarona|spa|1
|-boost|p1a: Volcarona|spd|1
|-boost|p1a: Volcarona|spe|1
|move|p2a: CORB|Brave Bird|p1a: Volcarona
|-supereffective|p1a: Volcarona
|-damage|p1a: Volcarona|0 fnt
|faint|p1a: Volcarona
|-damage|p2a: CORB|91/100|[from] Recoil
|
|-heal|p2a: CORB|97/100|[from] item: Leftovers
|-sideend|p1: SkipTheDripBayless|Reflect
|upkeep
|
|t:|1662231839
|switch|p1a: Suicune|Suicune|100/100
|-ability|p1a: Suicune|Pressure
|turn|99
|
|t:|1662231842
|move|p1a: Suicune|Scald|p2a: CORB
|-damage|p2a: CORB|79/100
|move|p2a: CORB|Substitute|p2a: CORB
|-start|p2a: CORB|Substitute
|-damage|p2a: CORB|54/100
|
|-heal|p2a: CORB|61/100|[from] item: Leftovers
|-sideend|p1: SkipTheDripBayless|move: Light Screen
|upkeep
|turn|100
|
|t:|1662231845
|move|p1a: Suicune|Calm Mind|p1a: Suicune
|-boost|p1a: Suicune|spa|1
|-boost|p1a: Suicune|spd|1
|move|p2a: CORB|Bulk Up|p2a: CORB
|-boost|p2a: CORB|atk|1
|-boost|p2a: CORB|def|1
|
|-heal|p2a: CORB|67/100|[from] item: Leftovers
|upkeep
|turn|101
|
|t:|1662231849
|move|p1a: Suicune|Calm Mind|p1a: Suicune
|-boost|p1a: Suicune|spa|1
|-boost|p1a: Suicune|spd|1
|move|p2a: CORB|Roost|p2a: CORB
|-heal|p2a: CORB|100/100
|-singleturn|p2a: CORB|move: Roost
|
|upkeep
|turn|102
|
|t:|1662231851
|move|p1a: Suicune|Scald|p2a: CORB
|-end|p2a: CORB|Substitute
|move|p2a: CORB|Bulk Up|p2a: CORB
|-boost|p2a: CORB|atk|1
|-boost|p2a: CORB|def|1
|
|upkeep
|turn|103
|
|t:|1662231854
|switch|p2a: Toxapex|Toxapex, F, shiny|100/100 brn
|move|p1a: Suicune|Scald|p2a: Toxapex
|-resisted|p2a: Toxapex
|-damage|p2a: Toxapex|82/100 brn
|
|-damage|p2a: Toxapex|76/100 brn|[from] brn
|upkeep
|turn|104
|
|t:|1662231857
|move|p1a: Suicune|Substitute|p1a: Suicune
|-start|p1a: Suicune|Substitute
|-damage|p1a: Suicune|75/100
|move|p2a: Toxapex|Haze|p2a: Toxapex
|-clearallboost
|
|-heal|p1a: Suicune|82/100|[from] item: Leftovers
|-damage|p2a: Toxapex|70/100 brn|[from] brn
|upkeep
|turn|105
|
|t:|1662231859
|switch|p2a: CORB|Corviknight, F|100/100
|-ability|p2a: CORB|Pressure
|move|p1a: Suicune|Calm Mind|p1a: Suicune
|-boost|p1a: Suicune|spa|1
|-boost|p1a: Suicune|spd|1
|
|-heal|p1a: Suicune|88/100|[from] item: Leftovers
|upkeep
|turn|106
|
|t:|1662231862
|move|p1a: Suicune|Scald|p2a: CORB
|-damage|p2a: CORB|71/100
|move|p2a: CORB|Substitute|p2a: CORB
|-start|p2a: CORB|Substitute
|-damage|p2a: CORB|46/100
|
|-heal|p1a: Suicune|94/100|[from] item: Leftovers
|-heal|p2a: CORB|52/100|[from] item: Leftovers
|upkeep
|turn|107
|
|t:|1662231864
|move|p1a: Suicune|Scald|p2a: CORB
|-end|p2a: CORB|Substitute
|move|p2a: CORB|Roost|p2a: CORB
|-heal|p2a: CORB|100/100
|-singleturn|p2a: CORB|move: Roost
|
|-heal|p1a: Suicune|99/100|[from] item: Leftovers
|upkeep
|turn|108
|
|t:|1662231867
|move|p1a: Suicune|Scald|p2a: CORB
|-damage|p2a: CORB|70/100
|move|p2a: CORB|Substitute|p2a: CORB
|-start|p2a: CORB|Substitute
|-damage|p2a: CORB|45/100
|
|-heal|p1a: Suicune|100/100|[from] item: Leftovers
|-heal|p2a: CORB|51/100|[from] item: Leftovers
|upkeep
|turn|109
|c|☆SkipTheDripBayless|bruh
|c|☆SkipTheDripBayless|aint no way
|c|☆SkipTheDripBayless|u risked
|c|☆georgiethefirst|yeah ok
|
|t:|1662231874
|move|p1a: Suicune|Scald|p2a: CORB
|-end|p2a: CORB|Substitute
|move|p2a: CORB|Roost|p2a: CORB
|-heal|p2a: CORB|100/100
|-singleturn|p2a: CORB|move: Roost
|
|upkeep
|turn|110
|
|t:|1662231878
|move|p1a: Suicune|Calm Mind|p1a: Suicune
|-boost|p1a: Suicune|spa|1
|-boost|p1a: Suicune|spd|1
|move|p2a: CORB|Substitute|p2a: CORB
|-start|p2a: CORB|Substitute
|-damage|p2a: CORB|75/100
|
|-heal|p2a: CORB|82/100|[from] item: Leftovers
|upkeep
|turn|111
|
|t:|1662231881
|move|p1a: Suicune|Calm Mind|p1a: Suicune
|-boost|p1a: Suicune|spa|1
|-boost|p1a: Suicune|spd|1
|move|p2a: CORB|Bulk Up|p2a: CORB
|-boost|p2a: CORB|atk|1
|-boost|p2a: CORB|def|1
|
|-heal|p2a: CORB|88/100|[from] item: Leftovers
|upkeep
|turn|112
|
|t:|1662231884
|move|p1a: Suicune|Scald|p2a: CORB
|-end|p2a: CORB|Substitute
|move|p2a: CORB|Substitute|p2a: CORB
|-start|p2a: CORB|Substitute
|-damage|p2a: CORB|63/100
|
|-heal|p2a: CORB|69/100|[from] item: Leftovers
|upkeep
|turn|113
|
|t:|1662231887
|switch|p2a: Toxapex|Toxapex, F, shiny|100/100 brn
|move|p1a: Suicune|Calm Mind|p1a: Suicune
|-boost|p1a: Suicune|spa|1
|-boost|p1a: Suicune|spd|1
|
|-damage|p2a: Toxapex|95/100 brn|[from] brn
|upkeep
|turn|114
|
|t:|1662231890
|move|p1a: Suicune|Calm Mind|p1a: Suicune
|-boost|p1a: Suicune|spa|1
|-boost|p1a: Suicune|spd|1
|move|p2a: Toxapex|Haze|p2a: Toxapex
|-clearallboost
|
|-damage|p2a: Toxapex|89/100 brn|[from] brn
|upkeep
|turn|115
|
|t:|1662231892
|switch|p2a: CORB|Corviknight, F|69/100
|-ability|p2a: CORB|Pressure
|move|p1a: Suicune|Calm Mind|p1a: Suicune
|-boost|p1a: Suicune|spa|1
|-boost|p1a: Suicune|spd|1
|
|-heal|p2a: CORB|75/100|[from] item: Leftovers
|upkeep
|turn|116
|
|t:|1662231895
|move|p1a: Suicune|Scald|p2a: CORB
|-damage|p2a: CORB|49/100
|move|p2a: CORB|Roost|p2a: CORB
|-heal|p2a: CORB|99/100
|-singleturn|p2a: CORB|move: Roost
|
|-heal|p2a: CORB|100/100|[from] item: Leftovers
|upkeep
|turn|117
|
|t:|1662231899
|switch|p2a: Toxapex|Toxapex, F, shiny|100/100 brn
|move|p1a: Suicune|Calm Mind|p1a: Suicune
|-boost|p1a: Suicune|spa|1
|-boost|p1a: Suicune|spd|1
|
|-damage|p2a: Toxapex|95/100 brn|[from] brn
|upkeep
|turn|118
|
|t:|1662231901
|move|p1a: Suicune|Calm Mind|p1a: Suicune
|-boost|p1a: Suicune|spa|1
|-boost|p1a: Suicune|spd|1
|move|p2a: Toxapex|Haze|p2a: Toxapex
|-clearallboost
|
|-damage|p2a: Toxapex|89/100 brn|[from] brn
|upkeep
|turn|119
|
|t:|1662231903
|switch|p2a: CORB|Corviknight, F|100/100
|-ability|p2a: CORB|Pressure
|move|p1a: Suicune|Calm Mind|p1a: Suicune
|-boost|p1a: Suicune|spa|1
|-boost|p1a: Suicune|spd|1
|
|upkeep
|turn|120
|
|t:|1662231907
|move|p1a: Suicune|Calm Mind|p1a: Suicune
|-boost|p1a: Suicune|spa|1
|-boost|p1a: Suicune|spd|1
|move|p2a: CORB|Substitute|p2a: CORB
|-start|p2a: CORB|Substitute
|-damage|p2a: CORB|75/100
|
|-heal|p2a: CORB|82/100|[from] item: Leftovers
|upkeep
|turn|121
|
|t:|1662231911
|move|p1a: Suicune|Calm Mind|p1a: Suicune
|-boost|p1a: Suicune|spa|1
|-boost|p1a: Suicune|spd|1
|move|p2a: CORB|Bulk Up|p2a: CORB
|-boost|p2a: CORB|atk|1
|-boost|p2a: CORB|def|1
|
|-heal|p2a: CORB|88/100|[from] item: Leftovers
|upkeep
|turn|122
|
|t:|1662231913
|move|p1a: Suicune|Calm Mind|p1a: Suicune
|-boost|p1a: Suicune|spa|1
|-boost|p1a: Suicune|spd|1
|move|p2a: CORB|Bulk Up|p2a: CORB
|-boost|p2a: CORB|atk|1
|-boost|p2a: CORB|def|1
|
|-heal|p2a: CORB|94/100|[from] item: Leftovers
|upkeep
|turn|123
|
|t:|1662231916
|move|p1a: Suicune|Calm Mind|p1a: Suicune
|-boost|p1a: Suicune|spa|1
|-boost|p1a: Suicune|spd|1
|move|p2a: CORB|Bulk Up|p2a: CORB
|-boost|p2a: CORB|atk|1
|-boost|p2a: CORB|def|1
|
|-heal|p2a: CORB|100/100|[from] item: Leftovers
|upkeep
|turn|124
|
|t:|1662231920
|move|p1a: Suicune|Calm Mind|p1a: Suicune
|-boost|p1a: Suicune|spa|1
|-boost|p1a: Suicune|spd|1
|move|p2a: CORB|Bulk Up|p2a: CORB
|-boost|p2a: CORB|atk|1
|-boost|p2a: CORB|def|1
|
|upkeep
|turn|125
|
|t:|1662231922
|move|p1a: Suicune|Protect|p1a: Suicune
|-singleturn|p1a: Suicune|Protect
|move|p2a: CORB|Substitute|p2a: CORB
|-fail|p2a: CORB|move: Substitute
|
|upkeep
|turn|126
|
|t:|1662231924
|move|p1a: Suicune|Substitute|p1a: Suicune
|-fail|p1a: Suicune|move: Substitute
|move|p2a: CORB|Substitute|p2a: CORB
|-fail|p2a: CORB|move: Substitute
|
|upkeep
|turn|127
|
|t:|1662231927
|move|p1a: Suicune|Protect|p1a: Suicune
|-singleturn|p1a: Suicune|Protect
|move|p2a: CORB|Substitute|p2a: CORB
|-fail|p2a: CORB|move: Substitute
|
|upkeep
|turn|128
|c| sufys12|wow.
|
|t:|1662231929
|move|p1a: Suicune|Substitute|p1a: Suicune
|-fail|p1a: Suicune|move: Substitute
|move|p2a: CORB|Brave Bird|p1a: Suicune
|-end|p1a: Suicune|Substitute
|-damage|p2a: CORB|92/100|[from] Recoil|[of] p1a: Suicune
|
|-heal|p2a: CORB|98/100|[from] item: Leftovers
|upkeep
|turn|129
|
|t:|1662231933
|move|p1a: Suicune|Protect|p1a: Suicune
|-singleturn|p1a: Suicune|Protect
|move|p2a: CORB|Bulk Up|p2a: CORB
|-boost|p2a: CORB|atk|1
|-boost|p2a: CORB|def|1
|
|-heal|p2a: CORB|100/100|[from] item: Leftovers
|upkeep
|turn|130
|
|t:|1662231934
|move|p1a: Suicune|Substitute|p1a: Suicune
|-start|p1a: Suicune|Substitute
|-damage|p1a: Suicune|75/100
|move|p2a: CORB|Brave Bird|p1a: Suicune
|-end|p1a: Suicune|Substitute
|-damage|p2a: CORB|92/100|[from] Recoil|[of] p1a: Suicune
|
|-heal|p1a: Suicune|82/100|[from] item: Leftovers
|-heal|p2a: CORB|98/100|[from] item: Leftovers
|upkeep
|turn|131
|
|t:|1662231939
|move|p1a: Suicune|Protect|p1a: Suicune
|-singleturn|p1a: Suicune|Protect
|move|p2a: CORB|Brave Bird|p1a: Suicune
|-activate|p1a: Suicune|move: Protect
|
|-heal|p1a: Suicune|88/100|[from] item: Leftovers
|-heal|p2a: CORB|100/100|[from] item: Leftovers
|upkeep
|turn|132
|
|t:|1662231941
|move|p1a: Suicune|Substitute|p1a: Suicune
|-start|p1a: Suicune|Substitute
|-damage|p1a: Suicune|63/100
|move|p2a: CORB|Brave Bird|p1a: Suicune
|-end|p1a: Suicune|Substitute
|-damage|p2a: CORB|92/100|[from] Recoil|[of] p1a: Suicune
|
|-heal|p1a: Suicune|69/100|[from] item: Leftovers
|-heal|p2a: CORB|98/100|[from] item: Leftovers
|upkeep
|turn|133
|
|t:|1662231947
|move|p1a: Suicune|Scald|p2a: CORB
|-end|p2a: CORB|Substitute
|move|p2a: CORB|Brave Bird|p1a: Suicune
|-damage|p1a: Suicune|0 fnt
|faint|p1a: Suicune
|-damage|p2a: CORB|76/100|[from] Recoil
|
|-heal|p2a: CORB|82/100|[from] item: Leftovers
|upkeep
|c|☆SkipTheDripBayless|i choked
|c|☆SkipTheDripBayless|this
|c|☆georgiethefirst|ik
|-message|SkipTheDripBayless forfeited.
|
|win|georgiethefirst
|l|☆SkipTheDripBayless
|c|☆georgiethefirst|nah I won anyways
|c|☆georgiethefirst|zzz
|l|☆georgiethefirst
|l| lou dort
|l| sufys12
|l|+Wildfiree
|l| PkmnMasterEclipse
