|raw|<div class="broadcast-blue"><strong>This battle is required to be public due to a player having a name starting with 'lt91bb'.</div>
|j|☆LT91BB N
|j|☆LT91BB boy
|t:|1659530641
|gametype|singles
|player|p1|LT91BB N|blue-gen3|2139
|player|p2|LT91BB boy|dawn|2125
|teamsize|p1|6
|teamsize|p2|6
|gen|8
|tier|[Gen 8] OU
|rated|
|rule|Sleep Clause Mod: Limit one foe put to sleep
|rule|Species Clause: Limit one of each Pokémon
|rule|OHKO Clause: OHKO moves are banned
|rule|Evasion Moves Clause: Evasion moves are banned
|rule|Endless Battle Clause: Forcing endless battles is banned
|rule|HP Percentage Mod: HP is shown in percentages
|rule|Dynamax Clause: You cannot dynamax
|clearpoke
|poke|p1|Corviknight, F|
|poke|p1|Clefable, M|
|poke|p1|Toxapex, F|
|poke|p1|Tornadus-Therian, M|
|poke|p1|Chansey, F|
|poke|p1|Hippowdon, M|
|poke|p2|Clefable, F|
|poke|p2|Tornadus-Therian, M|
|poke|p2|Hippowdon, F|
|poke|p2|Toxapex, M|
|poke|p2|Chansey, F|
|poke|p2|Corviknight, M|
|teampreview
|j| saki X toki
|j| Zirpurze
|j| LT91BB Originality
|c|☆LT91BB boy|hey
|j| arbok13
|j| Phxo'
|c|☆LT91BB N|Kek
|j| LT91BB Empo
|c|☆LT91BB boy|lol
|j| HiroZ
|j| Ragnnis
|j| Venositile
|j| zReptar
|inactive|Battle timer is ON: inactive players will automatically lose when time's up. (requested by LT91BB N)
|j| dorapult
|j| LT91BB Punny
|l| Zirpurze
|j| Pais
|j| LT91BB PDC
|j| AlphaRay01
|l| LT91BB PDC
|j| ripreckful
|c| Pais|che idea originale
|j| white ceiling
|c| zReptar|Well we're in for a long one
|j| LT91BB Storm
|l| white ceiling
|inactive|LT91BB boy has 120 seconds left.
|
|t:|1659530707
|start
|switch|p1a: Tornadus|Tornadus-Therian, M|100/100
|switch|p2a: Toxapex|Toxapex, M, shiny|100/100
|turn|1
|
|t:|1659530716
|switch|p1a: Toxapex|Toxapex, F|100/100
|move|p2a: Toxapex|Toxic|p1a: Toxapex
|-immune|p1a: Toxapex
|
|upkeep
|turn|2
|j| yvyews
|
|t:|1659530720
|move|p1a: Toxapex|Knock Off|p2a: Toxapex
|-damage|p2a: Toxapex|92/100
|-damage|p1a: Toxapex|84/100|[from] item: Rocky Helmet|[of] p2a: Toxapex
|-enditem|p2a: Toxapex|Rocky Helmet|[from] move: Knock Off|[of] p1a: Toxapex
|move|p2a: Toxapex|Knock Off|p1a: Toxapex
|-damage|p1a: Toxapex|74/100
|-damage|p2a: Toxapex|75/100|[from] item: Rocky Helmet|[of] p1a: Toxapex
|-enditem|p1a: Toxapex|Rocky Helmet|[from] move: Knock Off|[of] p2a: Toxapex
|
|upkeep
|turn|3
|j|+Pissog
|j| LT91BB Raizen
|j| Trickster7
|
|t:|1659530735
|move|p1a: Toxapex|Scald|p2a: Toxapex
|-resisted|p2a: Toxapex
|-damage|p2a: Toxapex|68/100
|-status|p2a: Toxapex|brn
|move|p2a: Toxapex|Scald|p1a: Toxapex
|-resisted|p1a: Toxapex
|-damage|p1a: Toxapex|68/100
|
|-damage|p2a: Toxapex|62/100 brn|[from] brn
|upkeep
|turn|4
|
|t:|1659530739
|move|p1a: Toxapex|Knock Off|p2a: Toxapex
|-damage|p2a: Toxapex|56/100 brn
|move|p2a: Toxapex|Recover|p2a: Toxapex
|-heal|p2a: Toxapex|100/100 brn
|
|-damage|p2a: Toxapex|94/100 brn|[from] brn
|upkeep
|turn|5
|
|t:|1659530742
|move|p1a: Toxapex|Knock Off|p2a: Toxapex
|-damage|p2a: Toxapex|89/100 brn
|move|p2a: Toxapex|Scald|p1a: Toxapex
|-resisted|p1a: Toxapex
|-damage|p1a: Toxapex|63/100
|
|-damage|p2a: Toxapex|82/100 brn|[from] brn
|upkeep
|turn|6
|
|t:|1659530744
|move|p1a: Toxapex|Scald|p2a: Toxapex
|-resisted|p2a: Toxapex
|-damage|p2a: Toxapex|76/100 brn
|move|p2a: Toxapex|Scald|p1a: Toxapex
|-resisted|p1a: Toxapex
|-damage|p1a: Toxapex|56/100
|-status|p1a: Toxapex|brn
|
|-damage|p1a: Toxapex|50/100 brn|[from] brn
|-damage|p2a: Toxapex|70/100 brn|[from] brn
|upkeep
|turn|7
|n| outz u|dorapult
|j| Reigen shishou
|
|t:|1659530752
|move|p1a: Toxapex|Recover|p1a: Toxapex
|-heal|p1a: Toxapex|99/100 brn
|move|p2a: Toxapex|Knock Off|p1a: Toxapex
|-damage|p1a: Toxapex|97/100 brn
|
|-damage|p1a: Toxapex|91/100 brn|[from] brn
|-damage|p2a: Toxapex|64/100 brn|[from] brn
|upkeep
|turn|8
|j| 1Pyramid King
|j| Ultimate ou
|
|t:|1659530761
|move|p1a: Toxapex|Knock Off|p2a: Toxapex
|-damage|p2a: Toxapex|61/100 brn
|move|p2a: Toxapex|Knock Off|p1a: Toxapex
|-damage|p1a: Toxapex|88/100 brn
|
|-damage|p1a: Toxapex|82/100 brn|[from] brn
|-damage|p2a: Toxapex|54/100 brn|[from] brn
|upkeep
|turn|9
|
|t:|1659530764
|move|p1a: Toxapex|Knock Off|p2a: Toxapex
|-damage|p2a: Toxapex|52/100 brn
|move|p2a: Toxapex|Recover|p2a: Toxapex
|-heal|p2a: Toxapex|100/100 brn
|
|-damage|p1a: Toxapex|76/100 brn|[from] brn
|-damage|p2a: Toxapex|94/100 brn|[from] brn
|upkeep
|turn|10
|
|t:|1659530768
|move|p1a: Toxapex|Knock Off|p2a: Toxapex
|-damage|p2a: Toxapex|91/100 brn
|move|p2a: Toxapex|Knock Off|p1a: Toxapex
|-damage|p1a: Toxapex|73/100 brn
|
|-damage|p1a: Toxapex|67/100 brn|[from] brn
|-damage|p2a: Toxapex|85/100 brn|[from] brn
|upkeep
|turn|11
|
|t:|1659530770
|move|p1a: Toxapex|Scald|p2a: Toxapex
|-resisted|p2a: Toxapex
|-damage|p2a: Toxapex|78/100 brn
|move|p2a: Toxapex|Knock Off|p1a: Toxapex
|-damage|p1a: Toxapex|65/100 brn
|
|-damage|p1a: Toxapex|59/100 brn|[from] brn
|-damage|p2a: Toxapex|72/100 brn|[from] brn
|upkeep
|turn|12
|
|t:|1659530774
|switch|p2a: Tornadus|Tornadus-Therian, M, shiny|100/100
|move|p1a: Toxapex|Scald|p2a: Tornadus
|-damage|p2a: Tornadus|82/100
|
|-damage|p1a: Toxapex|53/100 brn|[from] brn
|upkeep
|turn|13
|l| Reigen shishou
|j| Reigen shishou
|j| Keblar
|j| LT91BB Theoko
|
|t:|1659530788
|move|p2a: Tornadus|Nasty Plot|p2a: Tornadus
|-boost|p2a: Tornadus|spa|2
|move|p1a: Toxapex|Toxic|p2a: Tornadus
|-status|p2a: Tornadus|tox
|
|-damage|p2a: Tornadus|75/100 tox|[from] psn
|-damage|p1a: Toxapex|47/100 brn|[from] brn
|upkeep
|turn|14
|
|t:|1659530804
|switch|p1a: Clefable|Clefable, M|100/100
|move|p2a: Tornadus|Hurricane|p1a: Clefable
|-damage|p1a: Clefable|46/100
|-start|p1a: Clefable|confusion
|
|-heal|p1a: Clefable|52/100|[from] item: Leftovers
|-damage|p2a: Tornadus|63/100 tox|[from] psn
|upkeep
|turn|15
|j| user1_ou
|
|t:|1659530820
|switch|p2a: Chansey|Chansey, F|100/100
|switch|p1a: Chansey|Chansey, F|100/100
|
|upkeep
|turn|16
|j| animefan fan
|j| I M prad yt
|j| Master Origami♕
|
|t:|1659530830
|switch|p1a: Clefable|Clefable, M|52/100
|move|p2a: Chansey|Thunder Wave|p1a: Clefable
|-status|p1a: Clefable|par
|
|-heal|p1a: Clefable|58/100 par|[from] item: Leftovers
|upkeep
|turn|17
|
|t:|1659530834
|move|p2a: Chansey|Heal Bell|p2a: Chansey
|-activate|p2a: Chansey|move: Heal Bell
|-curestatus|p2: Toxapex|brn|[msg]
|-curestatus|p2: Tornadus|tox|[msg]
|move|p1a: Clefable|Soft-Boiled|p1a: Clefable
|-heal|p1a: Clefable|100/100 par
|
|upkeep
|turn|18
|j| Uxilon
|j| 76 keys
|
|t:|1659530842
|switch|p2a: Hippowdon|Hippowdon, F, shiny|100/100
|-weather|Sandstorm|[from] ability: Sand Stream|[of] p2a: Hippowdon
|switch|p1a: Chansey|Chansey, F|100/100
|
|-weather|Sandstorm|[upkeep]
|-damage|p1a: Chansey|94/100|[from] Sandstorm
|upkeep
|turn|19
|
|t:|1659530845
|switch|p1a: Hippowdon|Hippowdon, M|100/100
|move|p2a: Hippowdon|Stealth Rock|p1a: Hippowdon
|-sidestart|p1: LT91BB N|move: Stealth Rock
|
|-weather|Sandstorm|[upkeep]
|upkeep
|turn|20
|j| LT91BB PDC
|j| LT91BB acr1
|
|t:|1659530860
|move|p1a: Hippowdon|Stealth Rock|p2a: Hippowdon
|-sidestart|p2: LT91BB boy|move: Stealth Rock
|move|p2a: Hippowdon|Toxic|p1a: Hippowdon
|-status|p1a: Hippowdon|tox
|
|-weather|Sandstorm|[upkeep]
|-damage|p1a: Hippowdon|94/100 tox|[from] psn
|upkeep
|turn|21
|
|t:|1659530865
|switch|p1a: Chansey|Chansey, F|94/100
|-damage|p1a: Chansey|82/100|[from] Stealth Rock
|switch|p2a: Corviknight|Corviknight, M, shiny|100/100
|-damage|p2a: Corviknight|88/100|[from] Stealth Rock
|-ability|p2a: Corviknight|Pressure
|
|-weather|Sandstorm|[upkeep]
|-damage|p1a: Chansey|76/100|[from] Sandstorm
|upkeep
|turn|22
|j| jhehehehe
|
|t:|1659530884
|move|p2a: Corviknight|Body Press|p1a: Chansey
|-supereffective|p1a: Chansey
|-damage|p1a: Chansey|43/100
|move|p1a: Chansey|Thunder Wave|p2a: Corviknight
|-status|p2a: Corviknight|par
|
|-weather|none
|upkeep
|turn|23
|j| LT91BB Ahsan
|
|t:|1659530893
|switch|p2a: Tornadus|Tornadus-Therian, M, shiny|96/100
|move|p1a: Chansey|Heal Bell|p1a: Chansey
|-activate|p1a: Chansey|move: Heal Bell
|-curestatus|p1: Toxapex|brn|[msg]
|-curestatus|p1: Clefable|par|[msg]
|-curestatus|p1: Hippowdon|tox|[msg]
|
|upkeep
|turn|24
|j| LT91BB ln34
|
|t:|1659530901
|move|p2a: Tornadus|Nasty Plot|p2a: Tornadus
|-boost|p2a: Tornadus|spa|2
|move|p1a: Chansey|Thunder Wave|p2a: Tornadus
|-status|p2a: Tornadus|par
|
|upkeep
|turn|25
|j| Heiwa June
|
|t:|1659530912
|move|p2a: Tornadus|Focus Blast|p1a: Chansey
|-supereffective|p1a: Chansey
|-damage|p1a: Chansey|0 fnt
|faint|p1a: Chansey
|
|upkeep
|j| LT91BB xray
|l|uxilon
|j| lt91bb mind
|j| Goatseemen
|j| Curryisnotgood
|j| irgendwasmitmeeem
|j| Amelza
|inactive|LT91BB N has 120 seconds left.
|j| AlIoutdragadarts
|
|t:|1659530946
|switch|p1a: Tornadus|Tornadus-Therian, M|100/100
|turn|26
|j|+starmaster
|j| LT91BB Wolfiie
|j| Lunala
|l| Reigen shishou
|l| user1_ou
|
|t:|1659530973
|move|p1a: Tornadus|Nasty Plot|p1a: Tornadus
|-boost|p1a: Tornadus|spa|2
|move|p2a: Tornadus|Hurricane|p1a: Tornadus
|-damage|p1a: Tornadus|0 fnt
|faint|p1a: Tornadus
|
|upkeep
|-message|LT91BB N forfeited.
|
|win|LT91BB boy
|raw|LT91BB N's rating: 2139 &rarr; <strong>2118</strong><br />(-21 for losing)
|raw|LT91BB boy's rating: 2125 &rarr; <strong>2146</strong><br />(+21 for winning)
|l|☆LT91BB N
|c|☆LT91BB boy|kek
|j| Artificial Wood
|c|☆LT91BB boy|lol
|l| Phxo'
|c| yvyews|nice
|j| matsya nyaya
|j| Phxo'
|c| LT91BB Wolfiie|damn
|l| Lunala
|l| I M prad yt
|l| animefan fan
|j| chokst du
|c|☆LT91BB boy|steal my team and be rude
|c|☆LT91BB boy|best ones
|l| 76 keys
|l| Ultimate ou
|l| AlphaRay01
|l| LT91BB Ahsan
|j| adroreschach
|j| Pepega Trainer
|l| LT91BB xray
|l| yvyews
|l| Phxo'
|j|+Staxi
|j| 76 keys
|l| chokst du
||Ladder isn't responding, score probably updated but might not have (Request timeout).
|l| lt91bb mind
|c| irgendwasmitmeeem|zReptar: Well we're in for a long one
|c| irgendwasmitmeeem|meme
|l| matsya nyaya
|l| HiroZ
|l| 76 keys
|j| Panda le gros bebe
|l|+starmaster
|n| LT91BB Empo|lt91bbempo
