|j|☆Libski
|j|☆noudle soop
|t:|1656739990
|gametype|singles
|player|p1|Libski|bianca-pwt|1648
|player|p2|noudle soop|roxie|1736
|teamsize|p1|6
|teamsize|p2|6
|gen|8
|tier|[Gen 8] OU
|rated|
|rule|Sleep Clause Mod: Limit one foe put to sleep
|rule|Species Clause: Limit one of each Pokémon
|rule|OHKO Clause: OHKO moves are banned
|rule|Evasion Moves Clause: Evasion moves are banned
|rule|Endless Battle Clause: Forcing endless battles is banned
|rule|HP Percentage Mod: HP is shown in percentages
|rule|Dynamax Clause: You cannot dynamax
|clearpoke
|poke|p1|Victini|
|poke|p1|Hydreigon, F|
|poke|p1|Slowbro, M|
|poke|p1|Ferrothorn, M|
|poke|p1|Tapu Koko|
|poke|p1|Diggersby, F|
|poke|p2|Regieleki|
|poke|p2|Volcanion|
|poke|p2|Kartana|
|poke|p2|Mew|
|poke|p2|Landorus-Therian, M|
|poke|p2|Dragonite, M|
|teampreview
|inactive|Battle timer is ON: inactive players will automatically lose when time's up. (requested by noudle soop)
|
|t:|1656740000
|start
|switch|p1a: V Royal 😍|Victini|100/100
|switch|p2a: Landorus|Landorus-Therian, M|100/100
|-ability|p2a: Landorus|Intimidate|boost
|-unboost|p1a: V Royal 😍|atk|1
|turn|1
|
|t:|1656740017
|switch|p1a: Ong bruh 🥶|Slowbro, M|100/100
|move|p2a: Landorus|Stealth Rock|p1a: Ong bruh 🥶
|-sidestart|p1: Libski|move: Stealth Rock
|
|upkeep
|turn|2
|
|t:|1656740024
|switch|p2a: Kartana|Kartana|100/100
|move|p1a: Ong bruh 🥶|Psychic|p2a: Kartana
|-resisted|p2a: Kartana
|-damage|p2a: Kartana|63/100
|-unboost|p2a: Kartana|spd|1
|
|upkeep
|turn|3
|
|t:|1656740030
|move|p2a: Kartana|Swords Dance|p2a: Kartana
|-boost|p2a: Kartana|atk|2
|move|p1a: Ong bruh 🥶|Flamethrower|p2a: Kartana
|-supereffective|p2a: Kartana
|-damage|p2a: Kartana|0 fnt
|faint|p2a: Kartana
|
|upkeep
|
|t:|1656740032
|switch|p2a: Regieleki|Regieleki|100/100
|turn|4
|
|t:|1656740036
|switch|p2a: Mew|Mew|100/100
|switch|p1a: Spoinky Boy|Ferrothorn, M|100/100
|-damage|p1a: Spoinky Boy|94/100|[from] Stealth Rock
|
|-heal|p1a: Spoinky Boy|100/100|[from] item: Leftovers
|upkeep
|turn|5
|
|t:|1656740042
|switch|p1a: V Royal 😍|Victini|100/100
|-damage|p1a: V Royal 😍|76/100|[from] Stealth Rock
|move|p2a: Mew|Dragon Dance|p2a: Mew
|-boost|p2a: Mew|atk|1
|-boost|p2a: Mew|spe|1
|
|upkeep
|turn|6
|
|t:|1656740045
|move|p1a: V Royal 😍|Trick|p2a: Mew
|-activate|p1a: V Royal 😍|move: Trick|[of] p2a: Mew
|-item|p2a: Mew|Choice Scarf|[from] move: Trick
|-item|p1a: V Royal 😍|Expert Belt|[from] move: Trick
|move|p2a: Mew|Psychic Fangs|p1a: V Royal 😍
|-resisted|p1a: V Royal 😍
|-damage|p1a: V Royal 😍|48/100
|
|upkeep
|turn|7
|
|t:|1656740050
|switch|p2a: Landorus|Landorus-Therian, M|100/100
|-ability|p2a: Landorus|Intimidate|boost
|-unboost|p1a: V Royal 😍|atk|1
|switch|p1a: Ong bruh 🥶|Slowbro, M|100/100
|-damage|p1a: Ong bruh 🥶|88/100|[from] Stealth Rock
|
|upkeep
|turn|8
|
|t:|1656740054
|move|p2a: Landorus|Knock Off|p1a: Ong bruh 🥶
|-supereffective|p1a: Ong bruh 🥶
|-enditem|p1a: Ong bruh 🥶|Colbur Berry|[eat]
|-enditem|p1a: Ong bruh 🥶|Colbur Berry|[weaken]
|-damage|p1a: Ong bruh 🥶|64/100
|move|p1a: Ong bruh 🥶|Psychic|p2a: Landorus
|-damage|p2a: Landorus|61/100
|
|upkeep
|turn|9
|
|t:|1656740057
|move|p2a: Landorus|Earthquake|p1a: Ong bruh 🥶
|-damage|p1a: Ong bruh 🥶|25/100
|move|p1a: Ong bruh 🥶|Slack Off|p1a: Ong bruh 🥶
|-heal|p1a: Ong bruh 🥶|75/100
|
|upkeep
|turn|10
|
|t:|1656740060
|move|p2a: Landorus|Earthquake|p1a: Ong bruh 🥶
|-damage|p1a: Ong bruh 🥶|34/100
|move|p1a: Ong bruh 🥶|Ice Beam|p2a: Landorus
|-supereffective|p2a: Landorus
|-damage|p2a: Landorus|0 fnt
|faint|p2a: Landorus
|
|upkeep
|
|t:|1656740063
|switch|p2a: Volcanion|Volcanion|100/100
|turn|11
|
|t:|1656740071
|switch|p1a: Akuma|Hydreigon, F|100/100
|-damage|p1a: Akuma|88/100|[from] Stealth Rock
|move|p2a: Volcanion|Steam Eruption|p1a: Akuma
|-resisted|p1a: Akuma
|-damage|p1a: Akuma|56/100
|
|-heal|p1a: Akuma|62/100|[from] item: Leftovers
|upkeep
|turn|12
|
|t:|1656740075
|move|p1a: Akuma|Dark Pulse|p2a: Volcanion
|-damage|p2a: Volcanion|55/100
|cant|p2a: Volcanion|flinch
|
|-heal|p1a: Akuma|68/100|[from] item: Leftovers
|upkeep
|turn|13
|
|t:|1656740079
|move|p1a: Akuma|Dark Pulse|p2a: Volcanion
|-damage|p2a: Volcanion|6/100
|cant|p2a: Volcanion|flinch
|
|-heal|p1a: Akuma|74/100|[from] item: Leftovers
|upkeep
|turn|14
|c|☆Libski|mb
|j| Woody Fox
|
|t:|1656740085
|move|p1a: Akuma|Dark Pulse|p2a: Volcanion
|-damage|p2a: Volcanion|0 fnt
|faint|p2a: Volcanion
|
|-heal|p1a: Akuma|80/100|[from] item: Leftovers
|upkeep
|
|t:|1656740087
|switch|p2a: Dragonite|Dragonite, M|100/100
|turn|15
|
|t:|1656740092
|switch|p1a: Ong bruh 🥶|Slowbro, M|68/100
|-damage|p1a: Ong bruh 🥶|55/100|[from] Stealth Rock
|move|p2a: Dragonite|Dragon Dance|p2a: Dragonite
|-boost|p2a: Dragonite|atk|1
|-boost|p2a: Dragonite|spe|1
|
|upkeep
|turn|16
|
|t:|1656740097
|switch|p1a: V Royal 😍|Victini|48/100
|-damage|p1a: V Royal 😍|23/100|[from] Stealth Rock
|move|p2a: Dragonite|Dragon Dance|p2a: Dragonite
|-boost|p2a: Dragonite|atk|1
|-boost|p2a: Dragonite|spe|1
|
|upkeep
|turn|17
|
|t:|1656740101
|move|p2a: Dragonite|Earthquake|p1a: V Royal 😍
|-supereffective|p1a: V Royal 😍
|-damage|p1a: V Royal 😍|0 fnt
|faint|p1a: V Royal 😍
|
|upkeep
|
|t:|1656740105
|switch|p1a: Chungus|Diggersby, F|100/100
|-damage|p1a: Chungus|94/100|[from] Stealth Rock
|turn|18
|
|t:|1656740107
|move|p1a: Chungus|Quick Attack|p2a: Dragonite
|-damage|p2a: Dragonite|85/100
|move|p2a: Dragonite|Ice Punch|p1a: Chungus
|-supereffective|p1a: Chungus
|-damage|p1a: Chungus|0 fnt
|faint|p1a: Chungus
|
|upkeep
|
|t:|1656740109
|switch|p1a: Ong bruh 🥶|Slowbro, M|89/100
|-damage|p1a: Ong bruh 🥶|76/100|[from] Stealth Rock
|turn|19
|
|t:|1656740111
|move|p2a: Dragonite|Earthquake|p1a: Ong bruh 🥶
|-damage|p1a: Ong bruh 🥶|37/100
|move|p1a: Ong bruh 🥶|Ice Beam|p2a: Dragonite
|-supereffective|p2a: Dragonite
|-crit|p2a: Dragonite
|-damage|p2a: Dragonite|0 fnt
|faint|p2a: Dragonite
|
|upkeep
|c|☆noudle soop|jesus
|c|☆noudle soop|cmon man
|c|☆Libski|The crit dont matter
|c|☆Libski|I am sp.atk
|c|☆noudle soop|yes it does
|c|☆noudle soop|lmfao
|c|☆noudle soop|im max hp
|c|☆Libski|Wait 2sek
|
|t:|1656740137
|switch|p2a: Regieleki|Regieleki|100/100
|turn|20
|inactive|Libski has 120 seconds left.
|
|t:|1656740168
|move|p2a: Regieleki|Volt Switch|p1a: Ong bruh 🥶
|-supereffective|p1a: Ong bruh 🥶
|-damage|p1a: Ong bruh 🥶|0 fnt
|faint|p1a: Ong bruh 🥶
|
|t:|1656740172
|switch|p2a: Mew|Mew|100/100|[from]move: Volt Switch
|
|upkeep
|
|t:|1656740175
|switch|p1a: 😈😈😈|Tapu Koko, shiny|100/100
|-fieldstart|move: Electric Terrain|[from] ability: Electric Surge|[of] p1a: 😈😈😈
|turn|21
|l| Woody Fox
|
|t:|1656740184
|move|p2a: Mew|Psychic Fangs|p1a: 😈😈😈
|-damage|p1a: 😈😈😈|46/100
|move|p1a: 😈😈😈|Thunderbolt|p2a: Mew
|-damage|p2a: Mew|49/100
|
|upkeep
|turn|22
|
|t:|1656740190
|switch|p2a: Regieleki|Regieleki|100/100
|switch|p1a: Akuma|Hydreigon, F|80/100
|-damage|p1a: Akuma|68/100|[from] Stealth Rock
|
|-heal|p1a: Akuma|74/100|[from] item: Leftovers
|upkeep
|turn|23
|
|t:|1656740193
|move|p2a: Regieleki|Electro Ball|p1a: Akuma
|-resisted|p1a: Akuma
|-damage|p1a: Akuma|49/100
|move|p1a: Akuma|Roost|p1a: Akuma
|-heal|p1a: Akuma|99/100
|-singleturn|p1a: Akuma|move: Roost
|
|-heal|p1a: Akuma|100/100|[from] item: Leftovers
|upkeep
|turn|24
|
|t:|1656740200
|move|p2a: Regieleki|Rapid Spin|p1a: Akuma
|-damage|p1a: Akuma|88/100
|-boost|p2a: Regieleki|spe|1
|move|p1a: Akuma|Dark Pulse|p2a: Regieleki
|-damage|p2a: Regieleki|29/100
|
|-heal|p1a: Akuma|94/100|[from] item: Leftovers
|upkeep
|turn|25
|-message|noudle soop forfeited.
|
|win|Libski
|raw|Libski's rating: 1648 &rarr; <strong>1673</strong><br />(+25 for winning)
|raw|noudle soop's rating: 1736 &rarr; <strong>1711</strong><br />(-25 for losing)
|l|☆noudle soop
