|j|☆Fhrch
|j|☆Highv0ltag3
|t:|1658673268
|gametype|singles
|player|p1|Fhrch|102|1908
|player|p2|Highv0ltag3|volo|1951
|teamsize|p1|6
|teamsize|p2|6
|gen|8
|tier|[Gen 8] OU
|rated|
|rule|Sleep Clause Mod: Limit one foe put to sleep
|rule|Species Clause: Limit one of each Pokémon
|rule|OHKO Clause: OHKO moves are banned
|rule|Evasion Moves Clause: Evasion moves are banned
|rule|Endless Battle Clause: Forcing endless battles is banned
|rule|HP Percentage Mod: HP is shown in percentages
|rule|Dynamax Clause: You cannot dynamax
|clearpoke
|poke|p1|Pelipper, M|
|poke|p1|Seismitoad, F|
|poke|p1|Zapdos|
|poke|p1|Ferrothorn, F|
|poke|p1|Barraskewda, M|
|poke|p1|Melmetal|
|poke|p2|Porygon-Z|
|poke|p2|Toxapex, M|
|poke|p2|Corviknight, M|
|poke|p2|Urshifu-*, F|
|poke|p2|Landorus-Therian, M|
|poke|p2|Mew|
|teampreview
|j| FraggingBottom
|inactive|Battle timer is ON: inactive players will automatically lose when time's up. (requested by Fhrch)
|
|t:|1658673274
|start
|switch|p1a: Melmetal|Melmetal|100/100
|switch|p2a: Porygon-Z|Porygon-Z|100/100
|-ability|p2a: Porygon-Z|Download|boost
|-boost|p2a: Porygon-Z|spa|1
|turn|1
|j| 1 em trach thu
|inactive|Fhrch has 120 seconds left.
|
|t:|1658673317
|switch|p2a: Landorus|Landorus-Therian, M|100/100
|-ability|p2a: Landorus|Intimidate|boost
|-unboost|p1a: Melmetal|atk|1
|move|p1a: Melmetal|Double Iron Bash|p2a: Landorus
|-damage|p2a: Landorus|64/100
|-damage|p2a: Landorus|25/100
|-hitcount|p2a: Landorus|2
|
|-heal|p2a: Landorus|31/100|[from] item: Leftovers
|upkeep
|turn|2
|
|t:|1658673327
|switch|p1a: Let's in the rain|Pelipper, M|100/100
|-weather|RainDance|[from] ability: Drizzle|[of] p1a: Let's in the rain
|move|p2a: Landorus|Stealth Rock|p1a: Let's in the rain
|-sidestart|p1: Fhrch|move: Stealth Rock
|
|-weather|RainDance|[upkeep]
|-heal|p2a: Landorus|37/100|[from] item: Leftovers
|upkeep
|turn|3
|
|t:|1658673330
|move|p2a: Landorus|Toxic|p1a: Let's in the rain
|-status|p1a: Let's in the rain|tox
|move|p1a: Let's in the rain|Defog|p2a: Landorus
|-unboost|p2a: Landorus|evasion|1
|-sideend|p1: Fhrch|Stealth Rock|[from] move: Defog|[of] p1a: Let's in the rain
|
|-weather|RainDance|[upkeep]
|-heal|p2a: Landorus|43/100|[from] item: Leftovers
|-damage|p1a: Let's in the rain|94/100 tox|[from] psn
|upkeep
|turn|4
|
|t:|1658673333
|move|p2a: Landorus|Stealth Rock|p1a: Let's in the rain
|-sidestart|p1: Fhrch|move: Stealth Rock
|move|p1a: Let's in the rain|U-turn|p2a: Landorus
|-resisted|p2a: Landorus
|-damage|p2a: Landorus|40/100
|
|t:|1658673336
|switch|p1a: Barraskewda|Barraskewda, M|100/100|[from]move: U-turn
|-damage|p1a: Barraskewda|88/100|[from] Stealth Rock
|
|-weather|RainDance|[upkeep]
|-heal|p2a: Landorus|46/100|[from] item: Leftovers
|upkeep
|turn|5
|j| tapu moxo
|
|t:|1658673348
|switch|p2a: Toxapex|Toxapex, M|100/100
|move|p1a: Barraskewda|Flip Turn|p2a: Toxapex
|-resisted|p2a: Toxapex
|-crit|p2a: Toxapex
|-damage|p2a: Toxapex|68/100
|
|t:|1658673361
|switch|p1a: Ferrothorn|Ferrothorn, F|100/100|[from]move: Flip Turn
|-damage|p1a: Ferrothorn|95/100|[from] Stealth Rock
|
|-weather|RainDance|[upkeep]
|-heal|p2a: Toxapex|74/100|[from] item: Black Sludge
|upkeep
|turn|6
|
|t:|1658673364
|switch|p2a: Urshifu|Urshifu-Rapid-Strike, F|100/100
|move|p1a: Ferrothorn|Stealth Rock|p2a: Urshifu
|-sidestart|p2: Highv0ltag3|move: Stealth Rock
|
|-weather|RainDance|[upkeep]
|upkeep
|turn|7
|
|t:|1658673371
|move|p2a: Urshifu|Surging Strikes|p1a: Ferrothorn
|-resisted|p1a: Ferrothorn
|-crit|p1a: Ferrothorn
|-damage|p1a: Ferrothorn|81/100
|-damage|p2a: Urshifu|88/100|[from] ability: Iron Barbs|[of] p1a: Ferrothorn
|-resisted|p1a: Ferrothorn
|-crit|p1a: Ferrothorn
|-damage|p1a: Ferrothorn|67/100
|-damage|p2a: Urshifu|76/100|[from] ability: Iron Barbs|[of] p1a: Ferrothorn
|-resisted|p1a: Ferrothorn
|-crit|p1a: Ferrothorn
|-damage|p1a: Ferrothorn|55/100
|-damage|p2a: Urshifu|64/100|[from] ability: Iron Barbs|[of] p1a: Ferrothorn
|-hitcount|p1a: Ferrothorn|3
|move|p1a: Ferrothorn|Spikes|p2a: Urshifu
|-sidestart|p2: Highv0ltag3|Spikes
|
|-weather|RainDance|[upkeep]
|upkeep
|turn|8
|
|t:|1658673379
|move|p2a: Urshifu|Surging Strikes|p1a: Ferrothorn
|-resisted|p1a: Ferrothorn
|-crit|p1a: Ferrothorn
|-damage|p1a: Ferrothorn|40/100
|-damage|p2a: Urshifu|51/100|[from] ability: Iron Barbs|[of] p1a: Ferrothorn
|-resisted|p1a: Ferrothorn
|-crit|p1a: Ferrothorn
|-damage|p1a: Ferrothorn|26/100
|-damage|p2a: Urshifu|39/100|[from] ability: Iron Barbs|[of] p1a: Ferrothorn
|-resisted|p1a: Ferrothorn
|-crit|p1a: Ferrothorn
|-damage|p1a: Ferrothorn|12/100
|-damage|p2a: Urshifu|27/100|[from] ability: Iron Barbs|[of] p1a: Ferrothorn
|-hitcount|p1a: Ferrothorn|3
|move|p1a: Ferrothorn|Body Press|p2a: Urshifu
|-damage|p2a: Urshifu|0 fnt
|faint|p2a: Urshifu
|
|-weather|RainDance|[upkeep]
|upkeep
|j| nodragondanceinrb
|
|t:|1658673407
|switch|p2a: Mew|Mew|100/100
|-damage|p2a: Mew|88/100|[from] Stealth Rock
|-damage|p2a: Mew|76/100|[from] Spikes
|turn|9
|
|t:|1658673411
|move|p2a: Mew|Close Combat|p1a: Ferrothorn
|-supereffective|p1a: Ferrothorn
|-enditem|p1a: Ferrothorn|Chople Berry|[eat]
|-enditem|p1a: Ferrothorn|Chople Berry|[weaken]
|-damage|p1a: Ferrothorn|0 fnt
|-unboost|p2a: Mew|def|1
|-unboost|p2a: Mew|spd|1
|-damage|p2a: Mew|64/100|[from] ability: Iron Barbs|[of] p1a: Ferrothorn
|faint|p1a: Ferrothorn
|
|-weather|none
|upkeep
|l| 1 em trach thu
|
|t:|1658673431
|switch|p1a: Barraskewda|Barraskewda, M|88/100
|-damage|p1a: Barraskewda|76/100|[from] Stealth Rock
|turn|10
|
|t:|1658673434
|switch|p1a: Let's in the rain|Pelipper, M|94/100 tox
|-damage|p1a: Let's in the rain|70/100 tox|[from] Stealth Rock
|-weather|RainDance|[from] ability: Drizzle|[of] p1a: Let's in the rain
|move|p2a: Mew|Close Combat|p1a: Let's in the rain
|-resisted|p1a: Let's in the rain
|-damage|p1a: Let's in the rain|50/100 tox
|-unboost|p2a: Mew|def|1
|-unboost|p2a: Mew|spd|1
|
|-weather|RainDance|[upkeep]
|-damage|p1a: Let's in the rain|44/100 tox|[from] psn
|upkeep
|turn|11
|c| tapu moxo|porygon z in ou: viable?
|c|☆Highv0ltag3|its insane
|
|t:|1658673444
|switch|p2a: Corviknight|Corviknight, M|100/100
|-damage|p2a: Corviknight|88/100|[from] Stealth Rock
|-ability|p2a: Corviknight|Pressure
|move|p1a: Let's in the rain|Roost|p1a: Let's in the rain
|-heal|p1a: Let's in the rain|94/100 tox
|-singleturn|p1a: Let's in the rain|move: Roost
|
|-weather|RainDance|[upkeep]
|-heal|p2a: Corviknight|94/100|[from] item: Leftovers
|-damage|p1a: Let's in the rain|82/100 tox|[from] psn
|upkeep
|turn|12
|c|☆Highv0ltag3|people are stupid for not using it
|
|t:|1658673454
|move|p2a: Corviknight|Defog|p1a: Let's in the rain
|-unboost|p1a: Let's in the rain|evasion|1
|-sideend|p1: Fhrch|Stealth Rock|[from] move: Defog|[of] p2a: Corviknight
|-sideend|p2: Highv0ltag3|Spikes|[from] move: Defog|[of] p2a: Corviknight
|-sideend|p2: Highv0ltag3|Stealth Rock|[from] move: Defog|[of] p2a: Corviknight
|move|p1a: Let's in the rain|U-turn|p2a: Corviknight
|-resisted|p2a: Corviknight
|-crit|p2a: Corviknight
|-damage|p2a: Corviknight|92/100
|
|t:|1658673473
|switch|p1a: Seismitoad|Seismitoad, F|100/100|[from]move: U-turn
|
|-weather|RainDance|[upkeep]
|-heal|p2a: Corviknight|98/100|[from] item: Leftovers
|upkeep
|turn|13
|
|t:|1658673483
|move|p1a: Seismitoad|Weather Ball|p2a: Corviknight
|-damage|p2a: Corviknight|26/100
|-damage|p1a: Seismitoad|91/100|[from] item: Life Orb
|move|p2a: Corviknight|Roost|p2a: Corviknight
|-heal|p2a: Corviknight|76/100
|-singleturn|p2a: Corviknight|move: Roost
|
|-weather|RainDance|[upkeep]
|-heal|p2a: Corviknight|82/100|[from] item: Leftovers
|upkeep
|turn|14
|
|t:|1658673490
|switch|p2a: Toxapex|Toxapex, M|100/100
|move|p1a: Seismitoad|Weather Ball|p2a: Toxapex
|-resisted|p2a: Toxapex
|-damage|p2a: Toxapex|68/100
|-damage|p1a: Seismitoad|81/100|[from] item: Life Orb
|
|-weather|RainDance|[upkeep]
|-heal|p2a: Toxapex|74/100|[from] item: Black Sludge
|upkeep
|turn|15
|
|t:|1658673499
|switch|p2a: Corviknight|Corviknight, M|82/100
|-ability|p2a: Corviknight|Pressure
|move|p1a: Seismitoad|Weather Ball|p2a: Corviknight
|-damage|p2a: Corviknight|4/100
|-damage|p1a: Seismitoad|71/100|[from] item: Life Orb
|
|-weather|RainDance|[upkeep]
|-heal|p2a: Corviknight|10/100|[from] item: Leftovers
|upkeep
|turn|16
|
|t:|1658673507
|switch|p2a: Toxapex|Toxapex, M|100/100
|move|p1a: Seismitoad|Weather Ball|p2a: Toxapex
|-resisted|p2a: Toxapex
|-damage|p2a: Toxapex|67/100
|-damage|p1a: Seismitoad|61/100|[from] item: Life Orb
|
|-weather|RainDance|[upkeep]
|-heal|p2a: Toxapex|73/100|[from] item: Black Sludge
|upkeep
|turn|17
|
|t:|1658673516
|switch|p2a: Corviknight|Corviknight, M|10/100
|-ability|p2a: Corviknight|Pressure
|move|p1a: Seismitoad|Earth Power|p2a: Corviknight
|-immune|p2a: Corviknight
|
|-weather|none
|-heal|p2a: Corviknight|17/100|[from] item: Leftovers
|upkeep
|turn|18
|
|t:|1658673523
|move|p1a: Seismitoad|Focus Blast|p2a: Corviknight
|-damage|p2a: Corviknight|0 fnt
|faint|p2a: Corviknight
|-damage|p1a: Seismitoad|51/100|[from] item: Life Orb
|
|upkeep
|j| Dedbze
|
|t:|1658673526
|switch|p2a: Porygon-Z|Porygon-Z|100/100
|-ability|p2a: Porygon-Z|Download|boost
|-boost|p2a: Porygon-Z|atk|1
|turn|19
|
|t:|1658673542
|switch|p1a: Let's in the rain|Pelipper, M|82/100 tox
|-weather|RainDance|[from] ability: Drizzle|[of] p1a: Let's in the rain
|move|p2a: Porygon-Z|Tri Attack|p1a: Let's in the rain
|-damage|p1a: Let's in the rain|22/100 tox
|
|-weather|RainDance|[upkeep]
|-damage|p1a: Let's in the rain|16/100 tox|[from] psn
|upkeep
|turn|20
|c| Dedbze|ll
|
|t:|1658673566
|switch|p2a: Landorus|Landorus-Therian, M|46/100
|-ability|p2a: Landorus|Intimidate|boost
|-unboost|p1a: Let's in the rain|atk|1
|move|p1a: Let's in the rain|U-turn|p2a: Landorus
|-resisted|p2a: Landorus
|-damage|p2a: Landorus|43/100
|
|t:|1658673573
|switch|p1a: Zapdos|Zapdos|100/100|[from]move: U-turn
|
|-weather|RainDance|[upkeep]
|-heal|p2a: Landorus|49/100|[from] item: Leftovers
|upkeep
|turn|21
|
|t:|1658673576
|switch|p2a: Toxapex|Toxapex, M|100/100
|move|p1a: Zapdos|Hurricane|p2a: Toxapex
|-damage|p2a: Toxapex|37/100
|
|-weather|RainDance|[upkeep]
|-heal|p2a: Toxapex|43/100|[from] item: Black Sludge
|upkeep
|turn|22
|
|t:|1658673585
|switch|p2a: Porygon-Z|Porygon-Z|100/100
|-ability|p2a: Porygon-Z|Download|boost
|-boost|p2a: Porygon-Z|atk|1
|move|p1a: Zapdos|Hurricane|p2a: Porygon-Z
|-damage|p2a: Porygon-Z|0 fnt
|faint|p2a: Porygon-Z
|
|-weather|RainDance|[upkeep]
|upkeep
|
|t:|1658673586
|switch|p2a: Mew|Mew|64/100
|turn|23
|c|☆Highv0ltag3|lets go mew
|
|t:|1658673599
|switch|p1a: Melmetal|Melmetal|100/100
|move|p2a: Mew|Triple Axel|p1a: Melmetal
|-resisted|p1a: Melmetal
|-damage|p1a: Melmetal|99/100
|-resisted|p1a: Melmetal
|-damage|p1a: Melmetal|95/100
|-resisted|p1a: Melmetal
|-damage|p1a: Melmetal|90/100
|-hitcount|p1a: Melmetal|3
|
|-weather|RainDance|[upkeep]
|upkeep
|turn|24
|j| stewpeed
|
|t:|1658673618
|switch|p2a: Toxapex|Toxapex, M|76/100
|move|p1a: Melmetal|Double Iron Bash|p2a: Toxapex
|-resisted|p2a: Toxapex
|-damage|p2a: Toxapex|55/100
|-resisted|p2a: Toxapex
|-damage|p2a: Toxapex|37/100
|-hitcount|p2a: Toxapex|2
|
|-weather|RainDance|[upkeep]
|-heal|p2a: Toxapex|43/100|[from] item: Black Sludge
|upkeep
|turn|25
|
|t:|1658673627
|switch|p1a: Zapdos|Zapdos|100/100
|move|p2a: Toxapex|Recover|p2a: Toxapex
|-heal|p2a: Toxapex|93/100
|
|-weather|RainDance|[upkeep]
|-heal|p2a: Toxapex|99/100|[from] item: Black Sludge
|upkeep
|turn|26
|
|t:|1658673637
|move|p1a: Zapdos|Thunder|p2a: Toxapex
|-supereffective|p2a: Toxapex
|-damage|p2a: Toxapex|0 fnt
|faint|p2a: Toxapex
|
|-weather|none
|upkeep
|
|t:|1658673638
|switch|p2a: Landorus|Landorus-Therian, M|49/100
|-ability|p2a: Landorus|Intimidate|boost
|-unboost|p1a: Zapdos|atk|1
|turn|27
|
|t:|1658673640
|switch|p1a: Let's in the rain|Pelipper, M|16/100 tox
|-weather|RainDance|[from] ability: Drizzle|[of] p1a: Let's in the rain
|move|p2a: Landorus|Stealth Rock|p1a: Let's in the rain
|-sidestart|p1: Fhrch|move: Stealth Rock
|
|-weather|RainDance|[upkeep]
|-heal|p2a: Landorus|55/100|[from] item: Leftovers
|-damage|p1a: Let's in the rain|10/100 tox|[from] psn
|upkeep
|turn|28
|
|t:|1658673645
|move|p2a: Landorus|U-turn|p1a: Let's in the rain
|-resisted|p1a: Let's in the rain
|-damage|p1a: Let's in the rain|0 fnt
|faint|p1a: Let's in the rain
|
|t:|1658673650
|switch|p2a: Mew|Mew|64/100|[from]move: U-turn
|
|-weather|RainDance|[upkeep]
|upkeep
|
|t:|1658673652
|switch|p1a: Barraskewda|Barraskewda, M|76/100
|-damage|p1a: Barraskewda|64/100|[from] Stealth Rock
|turn|29
|
|t:|1658673655
|switch|p2a: Landorus|Landorus-Therian, M|55/100
|-ability|p2a: Landorus|Intimidate|boost
|-unboost|p1a: Barraskewda|atk|1
|move|p1a: Barraskewda|Liquidation|p2a: Landorus
|-supereffective|p2a: Landorus
|-damage|p2a: Landorus|0 fnt
|faint|p2a: Landorus
|
|-weather|RainDance|[upkeep]
|upkeep
|
|t:|1658673657
|switch|p2a: Mew|Mew|64/100
|turn|30
|c|☆Highv0ltag3|gg
|
|t:|1658673666
|move|p1a: Barraskewda|Liquidation|p2a: Mew
|-damage|p2a: Mew|0 fnt
|faint|p2a: Mew
|
|win|Fhrch
|raw|Fhrch's rating: 1908 &rarr; <strong>1930</strong><br />(+22 for winning)
|raw|Highv0ltag3's rating: 1951 &rarr; <strong>1929</strong><br />(-22 for losing)
|l|☆Highv0ltag3
|c|☆Fhrch|gg
