|j|☆NeoNaruto®++
|j|☆pastagirl
|inactive|Battle timer is ON: inactive players will automatically lose when time's up.
|t:|1640675723
|gametype|singles
|player|p1|NeoNaruto®++|medium|
|player|p2|pastagirl|elesa|
|teamsize|p1|6
|teamsize|p2|6
|gen|8
|tier|[Gen 8] OU
|rated|Tournament battle
|rule|Sleep Clause Mod: Limit one foe put to sleep
|rule|Species Clause: Limit one of each Pokémon
|rule|OHKO Clause: OHKO moves are banned
|rule|Evasion Moves Clause: Evasion moves are banned
|rule|Endless Battle Clause: Forcing endless battles is banned
|rule|HP Percentage Mod: HP is shown in percentages
|rule|Dynamax Clause: You cannot dynamax
|clearpoke
|poke|p1|Landorus-Therian, M|
|poke|p1|Slowbro, M|
|poke|p1|Tapu Koko|
|poke|p1|Dragonite, M|
|poke|p1|Darmanitan, M|
|poke|p1|Tyranitar, F|
|poke|p2|Weavile, F|
|poke|p2|Tapu Bulu|
|poke|p2|Rotom-Wash|
|poke|p2|Heatran, F|
|poke|p2|Tornadus-Therian, M|
|poke|p2|Garchomp, F|
|teampreview
|inactive|NeoNaruto®++ also wants the timer to be on.
|j| heloo anakin
|j| Groundlance
|j| Kyurem
|j|%Mimikyu Stardust
|j| galaxyxxivory
|j| bandiiit
|j|%Vittorioso ✿
|j| akldajs
|
|t:|1640675751
|start
|switch|p1a: Bernie Landers|Landorus-Therian, M|100/100
|switch|p2a: Rotom|Rotom-Wash|100/100
|-ability|p1a: Bernie Landers|Intimidate|boost
|-unboost|p2a: Rotom|atk|1
|turn|1
|
|t:|1640675756
|switch|p1a: spvceghvstpvrrp|Slowbro, M, shiny|100/100
|move|p2a: Rotom|Hydro Pump|p1a: spvceghvstpvrrp
|-resisted|p1a: spvceghvstpvrrp
|-damage|p1a: spvceghvstpvrrp|79/100
|
|upkeep
|turn|2
|
|t:|1640675766
|move|p2a: Rotom|Volt Switch|p1a: spvceghvstpvrrp
|-supereffective|p1a: spvceghvstpvrrp
|-damage|p1a: spvceghvstpvrrp|25/100
|
|t:|1640675770
|switch|p2a: Weavile|Weavile, F|100/100|[from]move: Volt Switch
|-ability|p2a: Weavile|Pressure
|move|p1a: spvceghvstpvrrp|Teleport|p1a: spvceghvstpvrrp
|
|t:|1640675772
|switch|p1a: VODECi|Tapu Koko|100/100|[from]move: Teleport
|-fieldstart|move: Electric Terrain|[from] ability: Electric Surge|[of] p1a: VODECi
|
|upkeep
|turn|3
|
|t:|1640675781
|switch|p2a: Heatran|Heatran, F|100/100
|move|p1a: VODECi|Volt Switch|p2a: Heatran
|-damage|p2a: Heatran|55/100
|
|t:|1640675785
|switch|p1a: Fat Charizard|Dragonite, M, shiny|100/100|[from]move: Volt Switch
|
|-heal|p2a: Heatran|61/100|[from] item: Leftovers
|upkeep
|turn|4
|
|t:|1640675794
|switch|p2a: Rotom|Rotom-Wash|100/100
|move|p1a: Fat Charizard|Earthquake|p2a: Rotom
|-immune|p2a: Rotom|[from] ability: Levitate
|
|upkeep
|turn|5
|
|t:|1640675797
|switch|p1a: DA LAST REX(3005)|Tyranitar, F|100/100
|-weather|Sandstorm|[from] ability: Sand Stream|[of] p1a: DA LAST REX(3005)
|move|p2a: Rotom|Thunder Wave|p1a: DA LAST REX(3005)
|-status|p1a: DA LAST REX(3005)|par
|
|-weather|Sandstorm|[upkeep]
|-damage|p2a: Rotom|94/100|[from] Sandstorm
|-heal|p2a: Rotom|100/100|[from] item: Leftovers
|upkeep
|turn|6
|
|t:|1640675803
|move|p2a: Rotom|Volt Switch|p1a: DA LAST REX(3005)
|-damage|p1a: DA LAST REX(3005)|93/100 par
|
|t:|1640675806
|switch|p2a: Garchomp|Garchomp, F|100/100|[from]move: Volt Switch
|move|p1a: DA LAST REX(3005)|Stone Edge|p2a: Garchomp|[miss]
|-miss|p1a: DA LAST REX(3005)|p2a: Garchomp
|
|-weather|Sandstorm|[upkeep]
|-fieldend|move: Electric Terrain
|upkeep
|turn|7
|
|t:|1640675815
|switch|p1a: Bernie Landers|Landorus-Therian, M|100/100
|-ability|p1a: Bernie Landers|Intimidate|boost
|-unboost|p2a: Garchomp|atk|1
|move|p2a: Garchomp|Stealth Rock|p1a: Bernie Landers
|-sidestart|p1: NeoNaruto®++|move: Stealth Rock
|
|-weather|Sandstorm|[upkeep]
|upkeep
|turn|8
|
|t:|1640675821
|move|p2a: Garchomp|Toxic|p1a: Bernie Landers|[miss]
|-miss|p2a: Garchomp|p1a: Bernie Landers
|move|p1a: Bernie Landers|Stealth Rock|p2a: Garchomp
|-sidestart|p2: pastagirl|move: Stealth Rock
|
|-weather|Sandstorm|[upkeep]
|upkeep
|turn|9
|
|t:|1640675833
|move|p2a: Garchomp|Toxic|p1a: Bernie Landers
|-status|p1a: Bernie Landers|tox
|move|p1a: Bernie Landers|Toxic|p2a: Garchomp|[miss]
|-miss|p1a: Bernie Landers|p2a: Garchomp
|
|-weather|none
|-damage|p1a: Bernie Landers|94/100 tox|[from] psn
|upkeep
|turn|10
|c|☆pastagirl|justice
|
|t:|1640675843
|move|p2a: Garchomp|Protect|p2a: Garchomp
|-singleturn|p2a: Garchomp|Protect
|move|p1a: Bernie Landers|Toxic|p2a: Garchomp
|-activate|p2a: Garchomp|move: Protect
|
|-damage|p1a: Bernie Landers|82/100 tox|[from] psn
|upkeep
|turn|11
|
|t:|1640675852
|switch|p2a: Tornadus|Tornadus-Therian, M|100/100
|move|p1a: Bernie Landers|Knock Off|p2a: Tornadus
|-damage|p2a: Tornadus|68/100
|-enditem|p2a: Tornadus|Heavy-Duty Boots|[from] move: Knock Off|[of] p1a: Bernie Landers
|
|-damage|p1a: Bernie Landers|64/100 tox|[from] psn
|upkeep
|turn|12
|
|t:|1640675860
|switch|p1a: DA LAST REX(3005)|Tyranitar, F|93/100 par
|-damage|p1a: DA LAST REX(3005)|80/100 par|[from] Stealth Rock
|-weather|Sandstorm|[from] ability: Sand Stream|[of] p1a: DA LAST REX(3005)
|move|p2a: Tornadus|Knock Off|p1a: DA LAST REX(3005)
|-resisted|p1a: DA LAST REX(3005)
|-damage|p1a: DA LAST REX(3005)|73/100 par
|-enditem|p1a: DA LAST REX(3005)|Assault Vest|[from] move: Knock Off|[of] p2a: Tornadus
|
|-weather|Sandstorm|[upkeep]
|-damage|p2a: Tornadus|62/100|[from] Sandstorm
|upkeep
|turn|13
|
|t:|1640675867
|move|p2a: Tornadus|U-turn|p1a: DA LAST REX(3005)
|-supereffective|p1a: DA LAST REX(3005)
|-damage|p1a: DA LAST REX(3005)|50/100 par
|
|t:|1640675871
|switch|p2a: Garchomp|Garchomp, F|100/100|[from]move: U-turn
|-damage|p2a: Garchomp|94/100|[from] Stealth Rock
|cant|p1a: DA LAST REX(3005)|par
|
|-weather|Sandstorm|[upkeep]
|-heal|p2a: Garchomp|100/100|[from] item: Leftovers
|upkeep
|turn|14
|
|t:|1640675882
|switch|p2a: Weavile|Weavile, F|100/100
|-damage|p2a: Weavile|76/100|[from] Stealth Rock
|-ability|p2a: Weavile|Pressure
|switch|p1a: Bernie Landers|Landorus-Therian, M|64/100 tox
|-damage|p1a: Bernie Landers|52/100 tox|[from] Stealth Rock
|-ability|p1a: Bernie Landers|Intimidate|boost
|-unboost|p2a: Weavile|atk|1
|
|-weather|Sandstorm|[upkeep]
|-damage|p2a: Weavile|70/100|[from] Sandstorm
|-damage|p1a: Bernie Landers|46/100 tox|[from] psn
|upkeep
|turn|15
|
|t:|1640675890
|switch|p1a: DA LAST REX(3005)|Tyranitar, F|50/100 par
|-damage|p1a: DA LAST REX(3005)|38/100 par|[from] Stealth Rock
|move|p2a: Weavile|Knock Off|p1a: DA LAST REX(3005)
|-resisted|p1a: DA LAST REX(3005)
|-damage|p1a: DA LAST REX(3005)|24/100 par
|
|-weather|Sandstorm|[upkeep]
|-damage|p2a: Weavile|63/100|[from] Sandstorm
|upkeep
|turn|16
|
|t:|1640675900
|switch|p2a: Tornadus|Tornadus-Therian, M|96/100
|-damage|p2a: Tornadus|71/100|[from] Stealth Rock
|cant|p1a: DA LAST REX(3005)|par
|
|-weather|none
|upkeep
|turn|17
|c|☆pastagirl|sorry
|
|t:|1640675905
|move|p2a: Tornadus|U-turn|p1a: DA LAST REX(3005)
|-supereffective|p1a: DA LAST REX(3005)
|-damage|p1a: DA LAST REX(3005)|0 fnt
|faint|p1a: DA LAST REX(3005)
|n| Just Snatched|vittorioso
|
|t:|1640675925
|switch|p2a: Rotom|Rotom-Wash|100/100|[from]move: U-turn
|-damage|p2a: Rotom|88/100|[from] Stealth Rock
|
|-heal|p2a: Rotom|94/100|[from] item: Leftovers
|upkeep
|j| d18l
|
|t:|1640675929
|switch|p1a: VODECi|Tapu Koko|100/100
|-damage|p1a: VODECi|88/100|[from] Stealth Rock
|-fieldstart|move: Electric Terrain|[from] ability: Electric Surge|[of] p1a: VODECi
|turn|18
|
|t:|1640675936
|move|p1a: VODECi|Dazzling Gleam|p2a: Rotom
|-damage|p2a: Rotom|48/100
|move|p2a: Rotom|Pain Split|p1a: VODECi
|-sethp|p1a: VODECi|70/100|[from] move: Pain Split|[silent]
|-sethp|p2a: Rotom|65/100|[from] move: Pain Split
|
|-heal|p2a: Rotom|71/100|[from] item: Leftovers
|upkeep
|turn|19
|
|t:|1640675941
|switch|p2a: Heatran|Heatran, F|61/100
|-damage|p2a: Heatran|48/100|[from] Stealth Rock
|move|p1a: VODECi|Dazzling Gleam|p2a: Heatran
|-resisted|p2a: Heatran
|-damage|p2a: Heatran|37/100
|
|-heal|p2a: Heatran|43/100|[from] item: Leftovers
|upkeep
|turn|20
|
|t:|1640675952
|switch|p1a: spvceghvstpvrrp|Slowbro, M, shiny|58/100
|-damage|p1a: spvceghvstpvrrp|46/100|[from] Stealth Rock
|switch|p2a: Garchomp|Garchomp, F|100/100
|-damage|p2a: Garchomp|94/100|[from] Stealth Rock
|
|-heal|p2a: Garchomp|100/100|[from] item: Leftovers
|upkeep
|turn|21
|
|t:|1640675963
|move|p2a: Garchomp|Toxic|p1a: spvceghvstpvrrp
|-status|p1a: spvceghvstpvrrp|tox
|move|p1a: spvceghvstpvrrp|Slack Off|p1a: spvceghvstpvrrp
|-heal|p1a: spvceghvstpvrrp|96/100 tox
|
|-damage|p1a: spvceghvstpvrrp|90/100 tox|[from] psn
|upkeep
|turn|22
|
|t:|1640675969
|switch|p2a: Tornadus|Tornadus-Therian, M|100/100
|-damage|p2a: Tornadus|76/100|[from] Stealth Rock
|move|p1a: spvceghvstpvrrp|Teleport|p1a: spvceghvstpvrrp
|
|t:|1640675972
|switch|p1a: VODECi|Tapu Koko|70/100|[from]move: Teleport
|-damage|p1a: VODECi|57/100|[from] Stealth Rock
|
|-fieldend|move: Electric Terrain
|upkeep
|turn|23
|
|t:|1640675982
|switch|p2a: Garchomp|Garchomp, F|100/100
|-damage|p2a: Garchomp|94/100|[from] Stealth Rock
|move|p1a: VODECi|Roost|p1a: VODECi
|-heal|p1a: VODECi|100/100
|-singleturn|p1a: VODECi|move: Roost
|
|-heal|p2a: Garchomp|100/100|[from] item: Leftovers
|upkeep
|turn|24
|
|t:|1640675992
|switch|p1a: spvceghvstpvrrp|Slowbro, M, shiny|100/100 tox
|-damage|p1a: spvceghvstpvrrp|88/100 tox|[from] Stealth Rock
|move|p2a: Garchomp|Stomping Tantrum|p1a: spvceghvstpvrrp
|-damage|p1a: spvceghvstpvrrp|71/100 tox
|-damage|p2a: Garchomp|84/100|[from] item: Rocky Helmet|[of] p1a: spvceghvstpvrrp
|
|-heal|p2a: Garchomp|90/100|[from] item: Leftovers
|-damage|p1a: spvceghvstpvrrp|64/100 tox|[from] psn
|upkeep
|turn|25
|
|t:|1640676020
|move|p2a: Garchomp|Protect|p2a: Garchomp
|-singleturn|p2a: Garchomp|Protect
|move|p1a: spvceghvstpvrrp|Teleport|p1a: spvceghvstpvrrp
|
|t:|1640676023
|switch|p1a: VODECi|Tapu Koko|100/100|[from]move: Teleport
|-damage|p1a: VODECi|88/100|[from] Stealth Rock
|-fieldstart|move: Electric Terrain|[from] ability: Electric Surge|[of] p1a: VODECi
|
|-heal|p2a: Garchomp|96/100|[from] item: Leftovers
|upkeep
|turn|26
|
|t:|1640676027
|move|p1a: VODECi|Dazzling Gleam|p2a: Garchomp
|-supereffective|p2a: Garchomp
|-damage|p2a: Garchomp|13/100
|move|p2a: Garchomp|Stomping Tantrum|p1a: VODECi
|-supereffective|p1a: VODECi
|-damage|p1a: VODECi|4/100
|
|-heal|p2a: Garchomp|19/100|[from] item: Leftovers
|upkeep
|turn|27
|
|t:|1640676038
|move|p1a: VODECi|Dazzling Gleam|p2a: Garchomp
|-supereffective|p2a: Garchomp
|-damage|p2a: Garchomp|0 fnt
|faint|p2a: Garchomp
|
|upkeep
|inactive|pastagirl has 120 seconds left.
|
|t:|1640676069
|switch|p2a: Weavile|Weavile, F|63/100
|-damage|p2a: Weavile|39/100|[from] Stealth Rock
|-ability|p2a: Weavile|Pressure
|turn|28
|inactive|pastagirl has 120 seconds left.
|
|t:|1640676075
|move|p2a: Weavile|Ice Shard|p1a: VODECi
|-damage|p1a: VODECi|0 fnt
|faint|p1a: VODECi
|
|upkeep
|
|t:|1640676077
|switch|p1a: spvceghvstpvrrp|Slowbro, M, shiny|98/100 tox
|-damage|p1a: spvceghvstpvrrp|85/100 tox|[from] Stealth Rock
|turn|29
|
|t:|1640676082
|switch|p2a: Tornadus|Tornadus-Therian, M|100/100
|-damage|p2a: Tornadus|76/100|[from] Stealth Rock
|move|p1a: spvceghvstpvrrp|Teleport|p1a: spvceghvstpvrrp
|l| Just Snatched
|
|t:|1640676085
|switch|p1a: PURRP FOR SALE|Darmanitan, M|100/100|[from]move: Teleport
|
|-fieldend|move: Electric Terrain
|upkeep
|turn|30
|
|t:|1640676095
|move|p2a: Tornadus|Defog|p1a: PURRP FOR SALE
|-unboost|p1a: PURRP FOR SALE|evasion|1
|-sideend|p1: NeoNaruto®++|Stealth Rock|[from] move: Defog|[of] p2a: Tornadus
|-sideend|p2: pastagirl|Stealth Rock|[from] move: Defog|[of] p2a: Tornadus
|move|p1a: PURRP FOR SALE|Flare Blitz|p2a: Tornadus
|-damage|p2a: Tornadus|0 fnt
|faint|p2a: Tornadus
|-damage|p1a: PURRP FOR SALE|75/100|[from] Recoil
|
|upkeep
|
|t:|1640676101
|switch|p2a: Weavile|Weavile, F|39/100
|-ability|p2a: Weavile|Pressure
|turn|31
|
|t:|1640676110
|switch|p1a: Bernie Landers|Landorus-Therian, M|46/100 tox
|-ability|p1a: Bernie Landers|Intimidate|boost
|-unboost|p2a: Weavile|atk|1
|move|p2a: Weavile|Knock Off|p1a: Bernie Landers
|-damage|p1a: Bernie Landers|12/100 tox
|-damage|p2a: Weavile|22/100|[from] item: Rocky Helmet|[of] p1a: Bernie Landers
|-enditem|p1a: Bernie Landers|Rocky Helmet|[from] move: Knock Off|[of] p2a: Weavile
|
|-damage|p1a: Bernie Landers|6/100 tox|[from] psn
|upkeep
|turn|32
|
|t:|1640676113
|switch|p1a: spvceghvstpvrrp|Slowbro, M, shiny|100/100 tox
|move|p2a: Weavile|Knock Off|p1a: spvceghvstpvrrp
|-supereffective|p1a: spvceghvstpvrrp
|-damage|p1a: spvceghvstpvrrp|42/100 tox
|-damage|p2a: Weavile|6/100|[from] item: Rocky Helmet|[of] p1a: spvceghvstpvrrp
|-enditem|p1a: spvceghvstpvrrp|Rocky Helmet|[from] move: Knock Off|[of] p2a: Weavile
|
|-damage|p1a: spvceghvstpvrrp|36/100 tox|[from] psn
|upkeep
|turn|33
|
|t:|1640676119
|switch|p2a: Tapu Bulu|Tapu Bulu|100/100
|-fieldstart|move: Grassy Terrain|[from] ability: Grassy Surge|[of] p2a: Tapu Bulu
|move|p1a: spvceghvstpvrrp|Scald|p2a: Tapu Bulu
|-resisted|p2a: Tapu Bulu
|-damage|p2a: Tapu Bulu|84/100
|
|-heal|p2a: Tapu Bulu|90/100|[from] Grassy Terrain
|-heal|p2a: Tapu Bulu|96/100|[from] item: Leftovers
|-heal|p1a: spvceghvstpvrrp|42/100 tox|[from] Grassy Terrain
|-damage|p1a: spvceghvstpvrrp|30/100 tox|[from] psn
|upkeep
|turn|34
|j| Mani1517
|
|t:|1640676126
|switch|p1a: Bernie Landers|Landorus-Therian, M|6/100 tox
|-ability|p1a: Bernie Landers|Intimidate|boost
|-unboost|p2a: Tapu Bulu|atk|1
|move|p2a: Tapu Bulu|Stone Edge|p1a: Bernie Landers
|-damage|p1a: Bernie Landers|0 fnt
|faint|p1a: Bernie Landers
|
|-heal|p2a: Tapu Bulu|100/100|[from] Grassy Terrain
|upkeep
|
|t:|1640676132
|switch|p1a: PURRP FOR SALE|Darmanitan, M|75/100
|turn|35
|
|t:|1640676140
|switch|p2a: Heatran|Heatran, F|43/100
|move|p1a: PURRP FOR SALE|Flare Blitz|p2a: Heatran
|-damage|p2a: Heatran|0 fnt
|faint|p2a: Heatran
|-damage|p1a: PURRP FOR SALE|59/100|[from] Recoil
|
|-heal|p1a: PURRP FOR SALE|65/100|[from] Grassy Terrain
|upkeep
|
|t:|1640676148
|switch|p2a: Weavile|Weavile, F|6/100
|-ability|p2a: Weavile|Pressure
|turn|36
|
|t:|1640676154
|switch|p1a: spvceghvstpvrrp|Slowbro, M, shiny|63/100 tox
|move|p2a: Weavile|Knock Off|p1a: spvceghvstpvrrp
|-supereffective|p1a: spvceghvstpvrrp
|-damage|p1a: spvceghvstpvrrp|5/100 tox
|
|-heal|p2a: Weavile|12/100|[from] Grassy Terrain
|-heal|p1a: spvceghvstpvrrp|11/100 tox|[from] Grassy Terrain
|-damage|p1a: spvceghvstpvrrp|5/100 tox|[from] psn
|upkeep
|turn|37
|
|t:|1640676156
|move|p2a: Weavile|Knock Off|p1a: spvceghvstpvrrp
|-supereffective|p1a: spvceghvstpvrrp
|-damage|p1a: spvceghvstpvrrp|0 fnt
|faint|p1a: spvceghvstpvrrp
|
|-heal|p2a: Weavile|18/100|[from] Grassy Terrain
|-fieldend|move: Grassy Terrain
|upkeep
|
|t:|1640676158
|switch|p1a: Fat Charizard|Dragonite, M, shiny|100/100
|turn|38
|
|t:|1640676160
|switch|p2a: Rotom|Rotom-Wash|71/100
|move|p1a: Fat Charizard|Extreme Speed|p2a: Rotom
|-damage|p2a: Rotom|40/100
|
|-heal|p2a: Rotom|46/100|[from] item: Leftovers
|upkeep
|turn|39
|
|t:|1640676169
|switch|p1a: PURRP FOR SALE|Darmanitan, M|65/100
|move|p2a: Rotom|Pain Split|p1a: PURRP FOR SALE
|-sethp|p1a: PURRP FOR SALE|53/100|[from] move: Pain Split|[silent]
|-sethp|p2a: Rotom|61/100|[from] move: Pain Split
|
|-heal|p2a: Rotom|67/100|[from] item: Leftovers
|upkeep
|turn|40
|
|t:|1640676172
|move|p1a: PURRP FOR SALE|Flare Blitz|p2a: Rotom
|-resisted|p2a: Rotom
|-damage|p2a: Rotom|21/100
|-damage|p1a: PURRP FOR SALE|40/100|[from] Recoil
|move|p2a: Rotom|Hydro Pump|p1a: PURRP FOR SALE|[miss]
|-miss|p2a: Rotom|p1a: PURRP FOR SALE
|
|-heal|p2a: Rotom|27/100|[from] item: Leftovers
|upkeep
|turn|41
|c| Kyurem|:(
|
|t:|1640676188
|switch|p2a: Tapu Bulu|Tapu Bulu|100/100
|-fieldstart|move: Grassy Terrain|[from] ability: Grassy Surge|[of] p2a: Tapu Bulu
|move|p1a: PURRP FOR SALE|Flare Blitz|p2a: Tapu Bulu
|-supereffective|p2a: Tapu Bulu
|-damage|p2a: Tapu Bulu|0 fnt
|faint|p2a: Tapu Bulu
|-damage|p1a: PURRP FOR SALE|12/100|[from] Recoil
|
|-heal|p1a: PURRP FOR SALE|18/100|[from] Grassy Terrain
|upkeep
|
|t:|1640676193
|switch|p2a: Weavile|Weavile, F|18/100
|-ability|p2a: Weavile|Pressure
|turn|42
|c|%Mimikyu Stardust|wait pasta... did u lose
|c|☆pastagirl|i don't think so
|c|☆pastagirl|wait
|c|☆pastagirl|yes
|c|☆pastagirl|it's espeed
|c|☆pastagirl|lmao
|inactive|pastagirl has 120 seconds left.
|c|%Mimikyu Stardust|aw..
|j| memesketch
|l| memesketch
|
|t:|1640676248
|move|p2a: Weavile|Knock Off|p1a: PURRP FOR SALE
|-damage|p1a: PURRP FOR SALE|0 fnt
|-enditem|p1a: PURRP FOR SALE|Heavy-Duty Boots|[from] move: Knock Off|[of] p2a: Weavile
|faint|p1a: PURRP FOR SALE
|
|-heal|p2a: Weavile|24/100|[from] Grassy Terrain
|upkeep
|
|t:|1640676251
|switch|p1a: Fat Charizard|Dragonite, M, shiny|100/100
|turn|43
|
|t:|1640676254
|move|p1a: Fat Charizard|Extreme Speed|p2a: Weavile
|-crit|p2a: Weavile
|-damage|p2a: Weavile|0 fnt
|faint|p2a: Weavile
|
|upkeep
|
|t:|1640676256
|switch|p2a: Rotom|Rotom-Wash|27/100
|turn|44
|c| akldajs|flame body tran
|
|t:|1640676257
|move|p1a: Fat Charizard|Extreme Speed|p2a: Rotom
|-damage|p2a: Rotom|0 fnt
|faint|p2a: Rotom
|
|win|NeoNaruto®++
|n|☆NeoNaruto®++|neonaruto
|n|☆pastagirl|pastagirl
|n| heloo anakin|helooanakin
|n| Groundlance|groundlance
|n| Kyurem|kyurem
|n| Mimikyu Stardust|mimikyustardust
|n| galaxyxxivory|galaxyxxivory
|n| bandiiit|bandiiit
|n| akldajs|akldajs
|n| d18l|d18l
|n| Mani1517|mani1517
|c| akldajs|deserved
|l|☆NeoNaruto®++
|c|☆pastagirl|lmao
|l| Kyurem
|l| Mimikyu Stardust
|l| Groundlance
|l| akldajs
|l| galaxyxxivory
|j| Fusien
|l| heloo anakin
|l| d18l
|l| bandiiit
|l| Mani1517
|j| Mimikyu Stardust
|j| faless
|l| faless
|j| youseemlikebad
|l| Mimikyu Stardust
|l| youseemlikebad
|l| Fusien
|j| Fusien
