|j|☆LT71LX Abd1710
|j|☆isheavydead
|t:|1596904298
|player|p1|LT71LX Abd1710|bruno|1566
|player|p2|isheavydead|265|1632
|teamsize|p1|6
|teamsize|p2|6
|gametype|singles
|gen|8
|tier|[Gen 8] OU
|rated|
|clearpoke
|poke|p1|Zeraora|
|poke|p1|Blissey, F|
|poke|p1|Skarmory, M|
|poke|p1|Clefable, M|
|poke|p1|Toxapex, M|
|poke|p1|Ditto|
|poke|p2|Haxorus, F|
|poke|p2|Volcarona, F|
|poke|p2|Ninetales-Alola, M|
|poke|p2|Excadrill, F|
|poke|p2|Urshifu-*, F|
|poke|p2|Azumarill, F|
|rule|Sleep Clause Mod: Limit one foe put to sleep
|rule|Species Clause: Limit one of each Pokémon
|rule|OHKO Clause: OHKO moves are banned
|rule|Evasion Moves Clause: Evasion moves are banned
|rule|Endless Battle Clause: Forcing endless battles is banned
|rule|HP Percentage Mod: HP is shown in percentages
|rule|Dynamax Clause: You cannot dynamax
|teampreview
|j| Veronica volt
|inactive|Battle timer is ON: inactive players will automatically lose when time's up. (requested by LT71LX Abd1710)
|l| Veronica volt
|
|t:|1596904331
|start
|switch|p1a: Ditto|Ditto|100/100
|switch|p2a: Ninetales|Ninetales-Alola, M, shiny|100/100
|-weather|Hail|[from] ability: Snow Warning|[of] p2a: Ninetales
|-transform|p1a: Ditto|p2a: Ninetales|[from] ability: Imposter
|turn|1
|
|t:|1596904342
|move|p1a: Ditto|Aurora Veil|p1a: Ditto
|-sidestart|p1: LT71LX Abd1710|move: Aurora Veil
|move|p2a: Ninetales|Aurora Veil|p2a: Ninetales
|-sidestart|p2: isheavydead|move: Aurora Veil
|
|-weather|Hail|[upkeep]
|upkeep
|turn|2
|
|t:|1596904354
|switch|p1a: Blissey|Blissey, F|100/100
|switch|p2a: Haxorus|Haxorus, F, shiny|100/100
|-ability|p2a: Haxorus|Mold Breaker
|
|-weather|Hail|[upkeep]
|-damage|p2a: Haxorus|94/100|[from] Hail
|-damage|p1a: Blissey|94/100|[from] Hail
|upkeep
|turn|3
|
|t:|1596904371
|switch|p1a: Skarmory|Skarmory, M|100/100
|move|p2a: Haxorus|Swords Dance|p2a: Haxorus
|-boost|p2a: Haxorus|atk|2
|
|-weather|Hail|[upkeep]
|-damage|p2a: Haxorus|88/100|[from] Hail
|-damage|p1a: Skarmory|95/100|[from] Hail
|-heal|p1a: Skarmory|100/100|[from] item: Leftovers
|upkeep
|turn|4
|
|t:|1596904384
|move|p2a: Haxorus|Close Combat|p1a: Skarmory
|-damage|p1a: Skarmory|76/100
|-unboost|p2a: Haxorus|def|1
|-unboost|p2a: Haxorus|spd|1
|move|p1a: Skarmory|Spikes|p2a: Haxorus
|-sidestart|p2: isheavydead|Spikes
|
|-weather|Hail|[upkeep]
|-damage|p2a: Haxorus|82/100|[from] Hail
|-damage|p1a: Skarmory|70/100|[from] Hail
|-heal|p1a: Skarmory|76/100|[from] item: Leftovers
|upkeep
|turn|5
|
|t:|1596904390
|switch|p2a: Excadrill|Excadrill, F, shiny|100/100
|-damage|p2a: Excadrill|88/100|[from] Spikes
|-ability|p2a: Excadrill|Mold Breaker
|move|p1a: Skarmory|Toxic|p2a: Excadrill
|-immune|p2a: Excadrill
|
|-weather|none
|-heal|p1a: Skarmory|82/100|[from] item: Leftovers
|-sideend|p1: LT71LX Abd1710|move: Aurora Veil
|upkeep
|turn|6
|
|t:|1596904396
|move|p2a: Excadrill|Stealth Rock|p1a: Skarmory
|-sidestart|p1: LT71LX Abd1710|move: Stealth Rock
|move|p1a: Skarmory|Body Press|p2a: Excadrill
|-supereffective|p2a: Excadrill
|-damage|p2a: Excadrill|40/100
|
|-heal|p1a: Skarmory|88/100|[from] item: Leftovers
|upkeep
|turn|7
|
|t:|1596904403
|move|p2a: Excadrill|Rapid Spin|p1a: Skarmory
|-resisted|p1a: Skarmory
|-damage|p1a: Skarmory|83/100
|-boost|p2a: Excadrill|spe|1
|-sideend|p2: isheavydead|Spikes|[from] move: Rapid Spin|[of] p2a: Excadrill
|move|p1a: Skarmory|Spikes|p2a: Excadrill
|-sidestart|p2: isheavydead|Spikes
|
|-heal|p1a: Skarmory|89/100|[from] item: Leftovers
|upkeep
|turn|8
|
|t:|1596904410
|move|p2a: Excadrill|Rapid Spin|p1a: Skarmory
|-resisted|p1a: Skarmory
|-damage|p1a: Skarmory|83/100
|-boost|p2a: Excadrill|spe|1
|-sideend|p2: isheavydead|Spikes|[from] move: Rapid Spin|[of] p2a: Excadrill
|move|p1a: Skarmory|Body Press|p2a: Excadrill
|-supereffective|p2a: Excadrill
|-damage|p2a: Excadrill|0 fnt
|faint|p2a: Excadrill
|
|-heal|p1a: Skarmory|89/100|[from] item: Leftovers
|-sideend|p2: isheavydead|move: Aurora Veil
|upkeep
|
|t:|1596904439
|switch|p2a: Volcarona|Volcarona, F|100/100
|turn|9
|
|t:|1596904443
|switch|p2a: Azumarill|Azumarill, F|100/100
|switch|p1a: Blissey|Blissey, F|94/100
|
|upkeep
|turn|10
|
|t:|1596904449
|switch|p1a: Toxapex|Toxapex, M|100/100
|-damage|p1a: Toxapex|88/100|[from] Stealth Rock
|move|p2a: Azumarill|Belly Drum|p2a: Azumarill
|-damage|p2a: Azumarill|50/100
|-setboost|p2a: Azumarill|atk|6|[from] move: Belly Drum
|-enditem|p2a: Azumarill|Sitrus Berry|[eat]
|-heal|p2a: Azumarill|75/100|[from] item: Sitrus Berry
|
|upkeep
|turn|11
|
|t:|1596904453
|move|p2a: Azumarill|Knock Off|p1a: Toxapex
|-damage|p1a: Toxapex|0 fnt
|-damage|p2a: Azumarill|59/100|[from] item: Rocky Helmet|[of] p1a: Toxapex
|-enditem|p1a: Toxapex|Rocky Helmet|[from] move: Knock Off|[of] p2a: Azumarill
|faint|p1a: Toxapex
|
|upkeep
|
|t:|1596904476
|switch|p1a: Ditto|Ditto|100/100
|-damage|p1a: Ditto|88/100|[from] Stealth Rock
|-transform|p1a: Ditto|p2a: Azumarill|[from] ability: Imposter
|turn|12
|
|t:|1596904482
|move|p1a: Ditto|Play Rough|p2a: Azumarill
|-damage|p2a: Azumarill|0 fnt
|faint|p2a: Azumarill
|
|upkeep
|
|t:|1596904488
|switch|p2a: Ninetales|Ninetales-Alola, M, shiny|100/100
|-weather|Hail|[from] ability: Snow Warning|[of] p2a: Ninetales
|turn|13
|
|t:|1596904494
|switch|p1a: Blissey|Blissey, F|94/100
|move|p2a: Ninetales|Aurora Veil|p2a: Ninetales
|-sidestart|p2: isheavydead|move: Aurora Veil
|
|-weather|Hail|[upkeep]
|-damage|p1a: Blissey|88/100|[from] Hail
|upkeep
|turn|14
|
|t:|1596904501
|move|p2a: Ninetales|Freeze-Dry|p1a: Blissey
|-damage|p1a: Blissey|80/100
|move|p1a: Blissey|Toxic|p2a: Ninetales
|-status|p2a: Ninetales|tox
|
|-weather|Hail|[upkeep]
|-damage|p1a: Blissey|74/100|[from] Hail
|-damage|p2a: Ninetales|94/100 tox|[from] psn
|upkeep
|turn|15
|
|t:|1596904508
|switch|p2a: Haxorus|Haxorus, F, shiny|82/100
|-ability|p2a: Haxorus|Mold Breaker
|move|p1a: Blissey|Teleport|p1a: Blissey
|
|t:|1596904515
|switch|p1a: Skarmory|Skarmory, M|89/100|[from]move: Teleport
|-damage|p1a: Skarmory|77/100|[from] Stealth Rock
|
|-weather|Hail|[upkeep]
|-damage|p2a: Haxorus|76/100|[from] Hail
|-damage|p1a: Skarmory|71/100|[from] Hail
|-heal|p1a: Skarmory|77/100|[from] item: Leftovers
|upkeep
|turn|16
|
|t:|1596904520
|move|p2a: Haxorus|Swords Dance|p2a: Haxorus
|-boost|p2a: Haxorus|atk|2
|move|p1a: Skarmory|Toxic|p2a: Haxorus
|-status|p2a: Haxorus|tox
|-enditem|p2a: Haxorus|Lum Berry|[eat]
|-curestatus|p2a: Haxorus|tox|[msg]
|
|-weather|Hail|[upkeep]
|-damage|p2a: Haxorus|70/100|[from] Hail
|-damage|p1a: Skarmory|71/100|[from] Hail
|-heal|p1a: Skarmory|77/100|[from] item: Leftovers
|upkeep
|turn|17
|
|t:|1596904526
|move|p2a: Haxorus|Close Combat|p1a: Skarmory
|-damage|p1a: Skarmory|28/100
|-unboost|p2a: Haxorus|def|1
|-unboost|p2a: Haxorus|spd|1
|move|p1a: Skarmory|Toxic|p2a: Haxorus
|-status|p2a: Haxorus|tox
|
|-weather|none
|-heal|p1a: Skarmory|34/100|[from] item: Leftovers
|-damage|p2a: Haxorus|64/100 tox|[from] psn
|upkeep
|turn|18
|
|t:|1596904536
|switch|p1a: Clefable|Clefable, M|100/100
|move|p2a: Haxorus|Close Combat|p1a: Clefable
|-resisted|p1a: Clefable
|-damage|p1a: Clefable|68/100
|-unboost|p2a: Haxorus|def|1
|-unboost|p2a: Haxorus|spd|1
|
|-heal|p1a: Clefable|74/100|[from] item: Leftovers
|-damage|p2a: Haxorus|51/100 tox|[from] psn
|upkeep
|turn|19
|
|t:|1596904543
|switch|p1a: Skarmory|Skarmory, M|34/100
|-damage|p1a: Skarmory|21/100|[from] Stealth Rock
|move|p2a: Haxorus|Poison Jab|p1a: Skarmory
|-immune|p1a: Skarmory
|
|-heal|p1a: Skarmory|27/100|[from] item: Leftovers
|-damage|p2a: Haxorus|33/100 tox|[from] psn
|upkeep
|turn|20
|
|t:|1596904551
|move|p2a: Haxorus|Close Combat|p1a: Skarmory
|-damage|p1a: Skarmory|0 fnt
|-unboost|p2a: Haxorus|def|1
|-unboost|p2a: Haxorus|spd|1
|faint|p1a: Skarmory
|
|-damage|p2a: Haxorus|8/100 tox|[from] psn
|-sideend|p2: isheavydead|move: Aurora Veil
|upkeep
|
|t:|1596904555
|switch|p1a: Ditto|Ditto|88/100
|-damage|p1a: Ditto|76/100|[from] Stealth Rock
|-transform|p1a: Ditto|p2a: Haxorus|[from] ability: Imposter
|-ability|p1a: Ditto|Mold Breaker
|turn|21
|
|t:|1596904571
|move|p1a: Ditto|Poison Jab|p2a: Haxorus
|-damage|p2a: Haxorus|0 fnt
|faint|p2a: Haxorus
|
|upkeep
|
|t:|1596904580
|switch|p2a: Volcarona|Volcarona, F|100/100
|turn|22
|
|t:|1596904586
|switch|p1a: Blissey|Blissey, F|74/100
|switch|p2a: Ninetales|Ninetales-Alola, M, shiny|94/100 tox
|-weather|Hail|[from] ability: Snow Warning|[of] p2a: Ninetales
|
|-weather|Hail|[upkeep]
|-damage|p1a: Blissey|68/100|[from] Hail
|-damage|p2a: Ninetales|88/100 tox|[from] psn
|upkeep
|turn|23
|
|t:|1596904593
|move|p2a: Ninetales|Aurora Veil|p2a: Ninetales
|-sidestart|p2: isheavydead|move: Aurora Veil
|move|p1a: Blissey|Seismic Toss|p2a: Ninetales
|-damage|p2a: Ninetales|60/100 tox
|
|-weather|Hail|[upkeep]
|-damage|p1a: Blissey|62/100|[from] Hail
|-damage|p2a: Ninetales|48/100 tox|[from] psn
|upkeep
|turn|24
|
|t:|1596904600
|move|p2a: Ninetales|Encore|p1a: Blissey
|-start|p1a: Blissey|Encore
|move|p1a: Blissey|Seismic Toss|p2a: Ninetales
|-damage|p2a: Ninetales|19/100 tox
|
|-weather|Hail|[upkeep]
|-damage|p1a: Blissey|56/100|[from] Hail
|-damage|p2a: Ninetales|1/100 tox|[from] psn
|upkeep
|turn|25
|
|t:|1596904607
|switch|p1a: Clefable|Clefable, M|74/100
|move|p2a: Ninetales|Moonblast|p1a: Clefable
|-damage|p1a: Clefable|48/100
|
|-weather|Hail|[upkeep]
|-heal|p1a: Clefable|54/100|[from] item: Leftovers
|-damage|p2a: Ninetales|0 fnt|[from] psn
|faint|p2a: Ninetales
|upkeep
|
|t:|1596904611
|switch|p2a: Volcarona|Volcarona, F|100/100
|turn|26
|
|t:|1596904617
|switch|p2a: Urshifu|Urshifu, F|100/100
|switch|p1a: Blissey|Blissey, F|56/100
|
|-weather|none
|upkeep
|turn|27
|
|t:|1596904624
|move|p2a: Urshifu|Bulk Up|p2a: Urshifu
|-boost|p2a: Urshifu|atk|1
|-boost|p2a: Urshifu|def|1
|move|p1a: Blissey|Toxic|p2a: Urshifu
|-status|p2a: Urshifu|tox
|
|-damage|p2a: Urshifu|94/100 tox|[from] psn
|upkeep
|turn|28
|
|t:|1596904631
|switch|p1a: Clefable|Clefable, M|54/100
|move|p2a: Urshifu|Wicked Blow|p1a: Clefable
|-resisted|p1a: Clefable
|-crit|p1a: Clefable
|-damage|p1a: Clefable|13/100
|
|-heal|p1a: Clefable|19/100|[from] item: Leftovers
|-damage|p2a: Urshifu|82/100 tox|[from] psn
|upkeep
|turn|29
|inactive|isheavydead has 120 seconds left.
|
|t:|1596904670
|move|p2a: Urshifu|Drain Punch|p1a: Clefable
|-resisted|p1a: Clefable
|-damage|p1a: Clefable|0 fnt
|-heal|p2a: Urshifu|93/100 tox|[from] drain|[of] p1a: Clefable
|faint|p1a: Clefable
|
|-damage|p2a: Urshifu|74/100 tox|[from] psn
|upkeep
|
|t:|1596904684
|switch|p1a: Zeraora|Zeraora|100/100
|turn|30
|inactive|isheavydead has 120 seconds left.
|
|t:|1596904718
|switch|p2a: Volcarona|Volcarona, F|100/100
|move|p1a: Zeraora|Close Combat|p2a: Volcarona
|-resisted|p2a: Volcarona
|-damage|p2a: Volcarona|89/100
|-unboost|p1a: Zeraora|def|1
|-unboost|p1a: Zeraora|spd|1
|-status|p1a: Zeraora|brn|[from] ability: Flame Body|[of] p2a: Volcarona
|
|-damage|p1a: Zeraora|95/100 brn|[from] brn
|-sideend|p2: isheavydead|move: Aurora Veil
|upkeep
|turn|31
|
|t:|1596904728
|switch|p2a: Urshifu|Urshifu, F|74/100 tox
|move|p1a: Zeraora|Volt Switch|p2a: Urshifu
|-damage|p2a: Urshifu|42/100 tox
|
|t:|1596904735
|switch|p1a: Ditto|Ditto|76/100|[from]move: Volt Switch
|-damage|p1a: Ditto|63/100|[from] Stealth Rock
|-transform|p1a: Ditto|p2a: Urshifu|[from] ability: Imposter
|
|-damage|p2a: Urshifu|36/100 tox|[from] psn
|upkeep
|turn|32
|inactive|isheavydead has 120 seconds left.
|
|t:|1596904742
|switch|p2a: Volcarona|Volcarona, F|89/100
|move|p1a: Ditto|Drain Punch|p2a: Volcarona
|-resisted|p2a: Volcarona
|-damage|p2a: Volcarona|65/100
|-heal|p1a: Ditto|76/100|[from] drain|[of] p2a: Volcarona
|
|upkeep
|turn|33
|
|t:|1596904748
|switch|p1a: Zeraora|Zeraora|95/100 brn
|move|p2a: Volcarona|Fiery Dance|p1a: Zeraora
|-damage|p1a: Zeraora|48/100 brn
|-boost|p2a: Volcarona|spa|1
|
|-damage|p1a: Zeraora|42/100 brn|[from] brn
|upkeep
|turn|34
|
|t:|1596904761
|move|p1a: Zeraora|Plasma Fists|p2a: Volcarona
|-damage|p2a: Volcarona|35/100
|-fieldactivate|move: Ion Deluge
|move|p2a: Volcarona|Quiver Dance|p2a: Volcarona
|-boost|p2a: Volcarona|spa|1
|-boost|p2a: Volcarona|spd|1
|-boost|p2a: Volcarona|spe|1
|
|-damage|p1a: Zeraora|36/100 brn|[from] brn
|upkeep
|turn|35
|
|t:|1596904768
|move|p2a: Volcarona|Fiery Dance|p1a: Zeraora
|-damage|p1a: Zeraora|0 fnt
|faint|p1a: Zeraora
|
|upkeep
|
|t:|1596904771
|switch|p1a: Ditto|Ditto|76/100
|-damage|p1a: Ditto|64/100|[from] Stealth Rock
|-transform|p1a: Ditto|p2a: Volcarona|[from] ability: Imposter
|turn|36
|
|t:|1596904779
|move|p1a: Ditto|Fiery Dance|p2a: Volcarona
|-damage|p2a: Volcarona|0 fnt
|faint|p2a: Volcarona
|
|upkeep
|
|t:|1596904781
|switch|p2a: Urshifu|Urshifu, F|36/100 tox
|turn|37
|
|t:|1596904784
|switch|p1a: Blissey|Blissey, F|56/100
|move|p2a: Urshifu|Sucker Punch||[still]
|-fail|p2a: Urshifu
|
|-damage|p2a: Urshifu|30/100 tox|[from] psn
|upkeep
|turn|38
|
|t:|1596904790
|move|p2a: Urshifu|Drain Punch|p1a: Blissey
|-supereffective|p1a: Blissey
|-damage|p1a: Blissey|0 fnt
|-heal|p2a: Urshifu|88/100 tox|[from] drain|[of] p1a: Blissey
|faint|p1a: Blissey
|
|-damage|p2a: Urshifu|76/100 tox|[from] psn
|upkeep
|
|t:|1596904796
|switch|p1a: Ditto|Ditto|64/100
|-damage|p1a: Ditto|51/100|[from] Stealth Rock
|-transform|p1a: Ditto|p2a: Urshifu|[from] ability: Imposter
|turn|39
|
|t:|1596904801
|move|p1a: Ditto|Drain Punch|p2a: Urshifu
|-supereffective|p2a: Urshifu
|-damage|p2a: Urshifu|1/100 tox
|-heal|p1a: Ditto|94/100|[from] drain|[of] p2a: Urshifu
|move|p2a: Urshifu|Drain Punch|p1a: Ditto
|-supereffective|p1a: Ditto
|-damage|p1a: Ditto|9/100
|-heal|p2a: Urshifu|38/100 tox|[from] drain|[of] p1a: Ditto
|
|-damage|p2a: Urshifu|20/100 tox|[from] psn
|upkeep
|turn|40
|
|t:|1596904807
|move|p2a: Urshifu|Sucker Punch|p1a: Ditto
|-resisted|p1a: Ditto
|-damage|p1a: Ditto|0 fnt
|faint|p1a: Ditto
|
|win|isheavydead
|c|☆isheavydead|gg
|c|☆LT71LX Abd1710|So close
|c|☆LT71LX Abd1710|Gg
|c|☆isheavydead|ikr
|l|☆LT71LX Abd1710
|c|☆isheavydead|gg
|j| sdgdgsadgs
|j| Chemical_Jackfruit
|j| eleeeeesa
|j| Chati.s
|j| luchaboom
|l| Chati.s
|l| eleeeeesa
||Ladder (probably) updated, but score could not be retrieved (Request timeout).
