|j|☆i was the rain
|j|☆TheonReekGreyjoy
|t:|1633460982
|gametype|singles
|player|p1|i was the rain|oak-gen1|1825
|player|p2|TheonReekGreyjoy|102|1906
|teamsize|p1|6
|teamsize|p2|6
|gen|8
|tier|[Gen 8] OU
|rated|
|rule|Sleep Clause Mod: Limit one foe put to sleep
|rule|Species Clause: Limit one of each Pokémon
|rule|OHKO Clause: OHKO moves are banned
|rule|Evasion Moves Clause: Evasion moves are banned
|rule|Endless Battle Clause: Forcing endless battles is banned
|rule|HP Percentage Mod: HP is shown in percentages
|rule|Dynamax Clause: You cannot dynamax
|clearpoke
|poke|p1|Tornadus-Therian, M|
|poke|p1|Pelipper, M|
|poke|p1|Seismitoad, F|
|poke|p1|Crawdaunt, F|
|poke|p1|Ferrothorn, F|
|poke|p1|Jirachi|
|poke|p2|Heatran, M|
|poke|p2|Tapu Bulu|
|poke|p2|Kyurem|
|poke|p2|Torkoal, M|
|poke|p2|Landorus-Therian, M|
|poke|p2|Victini|
|teampreview
|j| StandardSlambo
|
|t:|1633460995
|start
|switch|p1a: Pelipper|Pelipper, M|100/100
|switch|p2a: Kyurem|Kyurem|100/100
|-ability|p2a: Kyurem|Pressure
|-weather|RainDance|[from] ability: Drizzle|[of] p1a: Pelipper
|turn|1
|inactive|Battle timer is ON: inactive players will automatically lose when time's up. (requested by TheonReekGreyjoy)
|
|t:|1633461004
|switch|p2a: Torkoal|Torkoal, M|100/100
|-weather|SunnyDay|[from] ability: Drought|[of] p2a: Torkoal
|switch|p1a: Jirachi|Jirachi|100/100
|
|-weather|SunnyDay|[upkeep]
|upkeep
|turn|2
|
|t:|1633461018
|move|p1a: Jirachi|Trick|p2a: Torkoal
|-activate|p1a: Jirachi|move: Trick|[of] p2a: Torkoal
|-item|p2a: Torkoal|Choice Scarf|[from] move: Trick
|-item|p1a: Jirachi|Heat Rock|[from] move: Trick
|move|p2a: Torkoal|Will-O-Wisp|p1a: Jirachi
|-status|p1a: Jirachi|brn
|
|-weather|SunnyDay|[upkeep]
|-damage|p1a: Jirachi|94/100 brn|[from] brn
|upkeep
|turn|3
|
|t:|1633461035
|switch|p2a: Kyurem|Kyurem|100/100
|-ability|p2a: Kyurem|Pressure
|move|p1a: Jirachi|U-turn|p2a: Kyurem
|-damage|p2a: Kyurem|91/100
|
|t:|1633461039
|switch|p1a: Pelipper|Pelipper, M|100/100|[from]move: U-turn
|-weather|RainDance|[from] ability: Drizzle|[of] p1a: Pelipper
|
|-weather|RainDance|[upkeep]
|upkeep
|turn|4
|j| OnGroveStreet
|c| OnGroveStreet|were u the rain??
|
|t:|1633461056
|switch|p1a: Jirachi|Jirachi|94/100 brn
|move|p2a: Kyurem|Freeze-Dry|p1a: Jirachi
|-resisted|p1a: Jirachi
|-damage|p1a: Jirachi|77/100 brn
|
|-weather|RainDance|[upkeep]
|-damage|p1a: Jirachi|71/100 brn|[from] brn
|upkeep
|turn|5
|l| StandardSlambo
|
|t:|1633461065
|switch|p2a: Victini|Victini|100/100
|move|p1a: Jirachi|U-turn|p2a: Victini
|-damage|p2a: Victini|91/100
|j| Road to 1.6k elo
|
|t:|1633461069
|switch|p1a: Seismitoad|Seismitoad, F|100/100|[from]move: U-turn
|
|-weather|RainDance|[upkeep]
|upkeep
|turn|6
|
|t:|1633461076
|switch|p2a: Tapu Bulu|Tapu Bulu|100/100
|-fieldstart|move: Grassy Terrain|[from] ability: Grassy Surge|[of] p2a: Tapu Bulu
|move|p1a: Seismitoad|Scald|p2a: Tapu Bulu
|-resisted|p2a: Tapu Bulu
|-damage|p2a: Tapu Bulu|66/100
|-status|p2a: Tapu Bulu|brn
|
|-weather|RainDance|[upkeep]
|-heal|p2a: Tapu Bulu|72/100 brn|[from] Grassy Terrain
|-heal|p2a: Tapu Bulu|78/100 brn|[from] item: Leftovers
|-damage|p2a: Tapu Bulu|72/100 brn|[from] brn
|upkeep
|turn|7
|
|t:|1633461084
|switch|p1a: Ferrothorn|Ferrothorn, F|100/100
|switch|p2a: Torkoal|Torkoal, M|100/100
|-weather|SunnyDay|[from] ability: Drought|[of] p2a: Torkoal
|
|-weather|SunnyDay|[upkeep]
|upkeep
|turn|8
|
|t:|1633461089
|switch|p1a: Pelipper|Pelipper, M|100/100
|-weather|RainDance|[from] ability: Drizzle|[of] p1a: Pelipper
|move|p2a: Torkoal|Stealth Rock|p1a: Pelipper
|-sidestart|p1: i was the rain|move: Stealth Rock
|
|-weather|RainDance|[upkeep]
|upkeep
|turn|9
|
|t:|1633461096
|switch|p2a: Kyurem|Kyurem|91/100
|-ability|p2a: Kyurem|Pressure
|move|p1a: Pelipper|Defog|p2a: Kyurem
|-unboost|p2a: Kyurem|evasion|1
|-sideend|p1: i was the rain|Stealth Rock|[from] move: Defog|[of] p1a: Pelipper
|-fieldend|move: Grassy Terrain
|
|-weather|RainDance|[upkeep]
|upkeep
|turn|10
|j| Gaiolinhas
|
|t:|1633461107
|switch|p2a: Torkoal|Torkoal, M|100/100
|-weather|SunnyDay|[from] ability: Drought|[of] p2a: Torkoal
|switch|p1a: Jirachi|Jirachi|71/100 brn
|
|-weather|SunnyDay|[upkeep]
|-damage|p1a: Jirachi|64/100 brn|[from] brn
|upkeep
|turn|11
|
|t:|1633461114
|move|p1a: Jirachi|U-turn|p2a: Torkoal
|-resisted|p2a: Torkoal
|-damage|p2a: Torkoal|98/100
|
|t:|1633461116
|switch|p1a: Pelipper|Pelipper, M|100/100|[from]move: U-turn
|-weather|RainDance|[from] ability: Drizzle|[of] p1a: Pelipper
|move|p2a: Torkoal|Stealth Rock|p1a: Pelipper
|-sidestart|p1: i was the rain|move: Stealth Rock
|
|-weather|RainDance|[upkeep]
|upkeep
|turn|12
|
|t:|1633461133
|switch|p2a: Kyurem|Kyurem|91/100
|-ability|p2a: Kyurem|Pressure
|move|p1a: Pelipper|Defog|p2a: Kyurem
|-unboost|p2a: Kyurem|evasion|1
|-sideend|p1: i was the rain|Stealth Rock|[from] move: Defog|[of] p1a: Pelipper
|
|-weather|RainDance|[upkeep]
|upkeep
|turn|13
|j| antimetameta
|j| HarryPS
|
|t:|1633461149
|switch|p1a: Ferrothorn|Ferrothorn, F|100/100
|move|p2a: Kyurem|Freeze-Dry|p1a: Ferrothorn
|-damage|p1a: Ferrothorn|75/100
|
|-weather|RainDance|[upkeep]
|upkeep
|turn|14
|
|t:|1633461158
|switch|p2a: Torkoal|Torkoal, M|98/100
|-weather|SunnyDay|[from] ability: Drought|[of] p2a: Torkoal
|move|p1a: Ferrothorn|Stealth Rock|p2a: Torkoal
|-sidestart|p2: TheonReekGreyjoy|move: Stealth Rock
|
|-weather|SunnyDay|[upkeep]
|upkeep
|turn|15
|
|t:|1633461165
|switch|p1a: Pelipper|Pelipper, M|100/100
|-weather|RainDance|[from] ability: Drizzle|[of] p1a: Pelipper
|move|p2a: Torkoal|Stealth Rock|p1a: Pelipper
|-sidestart|p1: i was the rain|move: Stealth Rock
|
|-weather|RainDance|[upkeep]
|upkeep
|turn|16
|
|t:|1633461169
|switch|p2a: Kyurem|Kyurem|91/100
|-ability|p2a: Kyurem|Pressure
|move|p1a: Pelipper|U-turn|p2a: Kyurem
|-damage|p2a: Kyurem|83/100
|
|t:|1633461191
|switch|p1a: Jirachi|Jirachi|64/100 brn|[from]move: U-turn
|-damage|p1a: Jirachi|58/100 brn|[from] Stealth Rock
|
|-weather|RainDance|[upkeep]
|-damage|p1a: Jirachi|52/100 brn|[from] brn
|upkeep
|turn|17
|
|t:|1633461199
|move|p1a: Jirachi|U-turn|p2a: Kyurem
|-damage|p2a: Kyurem|74/100
|
|t:|1633461203
|switch|p1a: Tornadus|Tornadus-Therian, M|100/100|[from]move: U-turn
|move|p2a: Kyurem|Weather Ball|p1a: Tornadus
|-damage|p1a: Tornadus|30/100
|
|-weather|RainDance|[upkeep]
|upkeep
|turn|18
|
|t:|1633461215
|move|p1a: Tornadus|Focus Blast|p2a: Kyurem|[miss]
|-miss|p1a: Tornadus|p2a: Kyurem
|move|p2a: Kyurem|Weather Ball|p1a: Tornadus
|-damage|p1a: Tornadus|0 fnt
|faint|p1a: Tornadus
|
|-weather|RainDance|[upkeep]
|upkeep
|-message|i was the rain forfeited.
|
|win|TheonReekGreyjoy
|raw|i was the rain's rating: 1825 &rarr; <strong>1810</strong><br />(-15 for losing)
|raw|TheonReekGreyjoy's rating: 1906 &rarr; <strong>1921</strong><br />(+15 for winning)
|l|☆i was the rain
