|j|☆ulosesir
|j|☆friedfreak
|t:|1614211134
|player|p1|ulosesir|lucas|1930
|player|p2|friedfreak|1|1752
|teamsize|p1|6
|teamsize|p2|6
|gametype|singles
|gen|8
|tier|[Gen 8] OU
|rated|
|clearpoke
|poke|p1|Magnezone|
|poke|p1|Swampert, F|
|poke|p1|Clefable, M|
|poke|p1|Rillaboom, F|
|poke|p1|Dragonite, F|
|poke|p1|Nidoking, M|
|poke|p2|Pelipper, M|
|poke|p2|Urshifu-*, M|
|poke|p2|Dragapult, M|
|poke|p2|Blissey, F|
|poke|p2|Seismitoad, M|
|poke|p2|Ferrothorn, F|
|rule|Sleep Clause Mod: Limit one foe put to sleep
|rule|Species Clause: Limit one of each Pokémon
|rule|OHKO Clause: OHKO moves are banned
|rule|Evasion Moves Clause: Evasion moves are banned
|rule|Endless Battle Clause: Forcing endless battles is banned
|rule|HP Percentage Mod: HP is shown in percentages
|rule|Dynamax Clause: You cannot dynamax
|teampreview
|inactive|Battle timer is ON: inactive players will automatically lose when time's up. (requested by ulosesir)
|
|t:|1614211162
|start
|switch|p1a: Magnezone|Magnezone|100/100
|switch|p2a: Dragapult|Dragapult, M|100/100
|turn|1
|j| Pepinilloroxo
|
|t:|1614211169
|move|p2a: Dragapult|U-turn|p1a: Magnezone
|-resisted|p1a: Magnezone
|-damage|p1a: Magnezone|92/100
|
|t:|1614211175
|switch|p2a: Ferrothorn|Ferrothorn, F|100/100|[from]move: U-turn
|move|p1a: Magnezone|Steel Beam|p2a: Ferrothorn
|-resisted|p2a: Ferrothorn
|-damage|p2a: Ferrothorn|30/100
|-damage|p1a: Magnezone|42/100|[from] mindblown
|
|-heal|p2a: Ferrothorn|36/100|[from] item: Leftovers
|upkeep
|turn|2
|
|t:|1614211188
|switch|p1a: Nidoking|Nidoking, M|100/100
|move|p2a: Ferrothorn|Spikes|p1a: Nidoking
|-sidestart|p1: ulosesir|Spikes
|
|-heal|p2a: Ferrothorn|42/100|[from] item: Leftovers
|upkeep
|turn|3
|
|t:|1614211194
|switch|p2a: Blissey|Blissey, F|100/100
|move|p1a: Nidoking|Toxic Spikes|p2a: Blissey
|-sidestart|p2: friedfreak|move: Toxic Spikes
|
|upkeep
|turn|4
|j| Xephix
|j| HYper
|
|t:|1614211214
|switch|p1a: Clefable|Clefable, M|100/100
|move|p2a: Blissey|Stealth Rock|p1a: Clefable
|-sidestart|p1: ulosesir|move: Stealth Rock
|
|upkeep
|turn|5
|
|t:|1614211222
|move|p1a: Clefable|Calm Mind|p1a: Clefable
|-boost|p1a: Clefable|spa|1
|-boost|p1a: Clefable|spd|1
|move|p2a: Blissey|Seismic Toss|p1a: Clefable
|-damage|p1a: Clefable|75/100
|
|upkeep
|turn|6
|j| bitcheslovechomp
|
|t:|1614211228
|switch|p2a: Pelipper|Pelipper, M|100/100
|-weather|RainDance|[from] ability: Drizzle|[of] p2a: Pelipper
|move|p1a: Clefable|Soft-Boiled|p1a: Clefable
|-heal|p1a: Clefable|100/100
|
|-weather|RainDance|[upkeep]
|upkeep
|turn|7
|
|t:|1614211240
|switch|p2a: Blissey|Blissey, F|100/100
|move|p1a: Clefable|Trick|p2a: Blissey
|-activate|p1a: Clefable|move: Trick|[of] p2a: Blissey
|-item|p2a: Blissey|Sticky Barb|[from] move: Trick
|-item|p1a: Clefable|Heavy-Duty Boots|[from] move: Trick
|
|-weather|RainDance|[upkeep]
|-damage|p2a: Blissey|88/100|[from] item: Sticky Barb
|upkeep
|turn|8
|j| BlazingZephyr
|
|t:|1614211248
|move|p1a: Clefable|Moonblast|p2a: Blissey
|-damage|p2a: Blissey|72/100
|-unboost|p2a: Blissey|spa|1
|move|p2a: Blissey|Seismic Toss|p1a: Clefable
|-damage|p1a: Clefable|75/100
|
|-weather|RainDance|[upkeep]
|-damage|p2a: Blissey|59/100|[from] item: Sticky Barb
|upkeep
|turn|9
|j| vanilla uxie
|
|t:|1614211253
|move|p1a: Clefable|Soft-Boiled|p1a: Clefable
|-heal|p1a: Clefable|100/100
|move|p2a: Blissey|Teleport|p2a: Blissey
|
|t:|1614211255
|switch|p2a: Urshifu|Urshifu-Rapid-Strike, M|100/100|[from]move: Teleport
|-status|p2a: Urshifu|psn
|
|-weather|RainDance|[upkeep]
|-damage|p2a: Urshifu|88/100 psn|[from] psn
|upkeep
|turn|10
|
|t:|1614211260
|switch|p1a: Dragonite|Dragonite, F|100/100
|move|p2a: Urshifu|Surging Strikes|p1a: Dragonite
|-resisted|p1a: Dragonite
|-crit|p1a: Dragonite
|-damage|p1a: Dragonite|94/100
|-resisted|p1a: Dragonite
|-crit|p1a: Dragonite
|-damage|p1a: Dragonite|79/100
|-resisted|p1a: Dragonite
|-crit|p1a: Dragonite
|-damage|p1a: Dragonite|65/100
|-hitcount|p1a: Dragonite|3
|
|-weather|RainDance|[upkeep]
|-damage|p2a: Urshifu|76/100 psn|[from] psn
|upkeep
|turn|11
|
|t:|1614211270
|switch|p2a: Ferrothorn|Ferrothorn, F|42/100
|move|p1a: Dragonite|Roost|p1a: Dragonite
|-heal|p1a: Dragonite|100/100
|-singleturn|p1a: Dragonite|move: Roost
|
|-weather|RainDance|[upkeep]
|-heal|p2a: Ferrothorn|48/100|[from] item: Leftovers
|upkeep
|turn|12
|
|t:|1614211274
|switch|p1a: Clefable|Clefable, M|100/100
|move|p2a: Ferrothorn|Knock Off|p1a: Clefable
|-resisted|p1a: Clefable
|-damage|p1a: Clefable|92/100
|-enditem|p1a: Clefable|Heavy-Duty Boots|[from] move: Knock Off|[of] p2a: Ferrothorn
|
|-weather|RainDance|[upkeep]
|-heal|p2a: Ferrothorn|54/100|[from] item: Leftovers
|upkeep
|turn|13
|
|t:|1614211284
|move|p1a: Clefable|Trick|p2a: Ferrothorn
|-activate|p1a: Clefable|move: Trick|[of] p2a: Ferrothorn
|-enditem|p2a: Ferrothorn|Leftovers|[silent]|[from] move: Trick
|-item|p1a: Clefable|Leftovers|[from] move: Trick
|move|p2a: Ferrothorn|Leech Seed|p1a: Clefable|[miss]
|-miss|p2a: Ferrothorn|p1a: Clefable
|
|-weather|none
|-heal|p1a: Clefable|98/100|[from] item: Leftovers
|upkeep
|turn|14
|
|t:|1614211300
|move|p1a: Clefable|Moonblast|p2a: Ferrothorn
|-resisted|p2a: Ferrothorn
|-damage|p2a: Ferrothorn|40/100
|move|p2a: Ferrothorn|Leech Seed|p1a: Clefable
|-start|p1a: Clefable|move: Leech Seed
|
|-heal|p1a: Clefable|100/100|[from] item: Leftovers
|upkeep
|turn|15
|
|t:|1614211309
|move|p1a: Clefable|Moonblast|p2a: Ferrothorn
|-resisted|p2a: Ferrothorn
|-damage|p2a: Ferrothorn|26/100
|move|p2a: Ferrothorn|Spikes|p1a: Clefable
|-sidestart|p1: ulosesir|Spikes
|
|upkeep
|turn|16
|
|t:|1614211316
|switch|p2a: Blissey|Blissey, F|59/100
|-status|p2a: Blissey|psn
|move|p1a: Clefable|Moonblast|p2a: Blissey
|-damage|p2a: Blissey|48/100 psn
|-unboost|p2a: Blissey|spa|1
|
|-damage|p2a: Blissey|35/100 psn|[from] psn
|-damage|p2a: Blissey|23/100 psn|[from] item: Sticky Barb
|upkeep
|turn|17
|
|t:|1614211321
|move|p1a: Clefable|Calm Mind|p1a: Clefable
|-boost|p1a: Clefable|spa|1
|-boost|p1a: Clefable|spd|1
|move|p2a: Blissey|Soft-Boiled|p2a: Blissey
|-heal|p2a: Blissey|73/100 psn
|
|-damage|p2a: Blissey|60/100 psn|[from] psn
|-damage|p2a: Blissey|48/100 psn|[from] item: Sticky Barb
|upkeep
|turn|18
|
|t:|1614211325
|move|p1a: Clefable|Calm Mind|p1a: Clefable
|-boost|p1a: Clefable|spa|1
|-boost|p1a: Clefable|spd|1
|move|p2a: Blissey|Soft-Boiled|p2a: Blissey
|-heal|p2a: Blissey|98/100 psn
|
|-damage|p2a: Blissey|85/100 psn|[from] psn
|-damage|p2a: Blissey|73/100 psn|[from] item: Sticky Barb
|upkeep
|turn|19
|
|t:|1614211332
|move|p1a: Clefable|Moonblast|p2a: Blissey
|-damage|p2a: Blissey|50/100 psn
|move|p2a: Blissey|Teleport|p2a: Blissey
|
|t:|1614211336
|switch|p2a: Pelipper|Pelipper, M|100/100|[from]move: Teleport
|-weather|RainDance|[from] ability: Drizzle|[of] p2a: Pelipper
|
|-weather|RainDance|[upkeep]
|upkeep
|turn|20
|
|t:|1614211339
|switch|p2a: Blissey|Blissey, F|50/100
|-status|p2a: Blissey|psn
|move|p1a: Clefable|Moonblast|p2a: Blissey
|-damage|p2a: Blissey|29/100 psn
|
|-weather|RainDance|[upkeep]
|-damage|p2a: Blissey|17/100 psn|[from] psn
|-damage|p2a: Blissey|4/100 psn|[from] item: Sticky Barb
|upkeep
|turn|21
|
|t:|1614211342
|move|p1a: Clefable|Moonblast|p2a: Blissey
|-crit|p2a: Blissey
|-damage|p2a: Blissey|0 fnt
|faint|p2a: Blissey
|
|-weather|RainDance|[upkeep]
|upkeep
|
|t:|1614211345
|switch|p2a: Urshifu|Urshifu-Rapid-Strike, M|76/100 psn
|turn|22
|l| HYper
|j| I am wb
|
|t:|1614211357
|switch|p1a: Dragonite|Dragonite, F|100/100
|move|p2a: Urshifu|Surging Strikes|p1a: Dragonite
|-resisted|p1a: Dragonite
|-crit|p1a: Dragonite
|-damage|p1a: Dragonite|94/100
|-resisted|p1a: Dragonite
|-crit|p1a: Dragonite
|-damage|p1a: Dragonite|80/100
|-resisted|p1a: Dragonite
|-crit|p1a: Dragonite
|-damage|p1a: Dragonite|66/100
|-hitcount|p1a: Dragonite|3
|
|-weather|RainDance|[upkeep]
|-damage|p2a: Urshifu|64/100 psn|[from] psn
|upkeep
|turn|23
|
|t:|1614211362
|move|p2a: Urshifu|Surging Strikes|p1a: Dragonite
|-resisted|p1a: Dragonite
|-crit|p1a: Dragonite
|-damage|p1a: Dragonite|52/100
|-resisted|p1a: Dragonite
|-crit|p1a: Dragonite
|-damage|p1a: Dragonite|37/100
|-resisted|p1a: Dragonite
|-crit|p1a: Dragonite
|-damage|p1a: Dragonite|23/100
|-hitcount|p1a: Dragonite|3
|move|p1a: Dragonite|Roost|p1a: Dragonite
|-heal|p1a: Dragonite|73/100
|-singleturn|p1a: Dragonite|move: Roost
|
|-weather|RainDance|[upkeep]
|-damage|p2a: Urshifu|51/100 psn|[from] psn
|upkeep
|turn|24
|
|t:|1614211368
|switch|p2a: Dragapult|Dragapult, M|100/100
|-status|p2a: Dragapult|psn
|move|p1a: Dragonite|Roost|p1a: Dragonite
|-heal|p1a: Dragonite|100/100
|-singleturn|p1a: Dragonite|move: Roost
|
|-weather|RainDance|[upkeep]
|-damage|p2a: Dragapult|88/100 psn|[from] psn
|upkeep
|turn|25
|-message|friedfreak forfeited.
|
|win|ulosesir
|l|☆friedfreak
|l| Xephix
|l| bitcheslovechomp
||Ladder (probably) updated, but score could not be retrieved (Request timeout).
