|j|‽brettfavreinnocent
|j|☆dddjfdw
|t:|1667715016
|gametype|singles
|player|p1|brettfavreinnocent|harlequin|1769
|player|p2|dddjfdw|102|1771
|teamsize|p1|6
|teamsize|p2|6
|gen|8
|tier|[Gen 8] OU
|rated|
|rule|Sleep Clause Mod: Limit one foe put to sleep
|rule|Species Clause: Limit one of each Pokémon
|rule|OHKO Clause: OHKO moves are banned
|rule|Evasion Items Clause: Evasion items are banned
|rule|Evasion Moves Clause: Evasion moves are banned
|rule|Endless Battle Clause: Forcing endless battles is banned
|rule|HP Percentage Mod: HP is shown in percentages
|rule|Dynamax Clause: You cannot dynamax
|clearpoke
|poke|p1|Pelipper, F|
|poke|p1|Buzzwole|
|poke|p1|Inteleon, M|
|poke|p1|Ferrothorn, F|
|poke|p1|Barraskewda, M|
|poke|p1|Seismitoad, F|
|poke|p2|Landorus-Therian, M|
|poke|p2|Tyranitar, M|
|poke|p2|Ferrothorn, F|
|poke|p2|Excadrill, F|
|poke|p2|Tangrowth, F|
|poke|p2|Volcanion|
|teampreview
|inactive|Battle timer is ON: inactive players will automatically lose when time's up. (requested by brettfavreinnocent)
|
|t:|1667715034
|start
|switch|p1a: Ferrothorn|Ferrothorn, F|100/100
|switch|p2a: Tyranitar|Tyranitar, M|100/100
|-weather|Sandstorm|[from] ability: Sand Stream|[of] p2a: Tyranitar
|turn|1
|
|t:|1667715039
|switch|p2a: Ferrothorn|Ferrothorn, F|100/100
|move|p1a: Ferrothorn|Knock Off|p2a: Ferrothorn
|-damage|p2a: Ferrothorn|89/100
|-damage|p1a: Ferrothorn|88/100|[from] ability: Iron Barbs|[of] p2a: Ferrothorn
|-enditem|p2a: Ferrothorn|Leftovers|[from] move: Knock Off|[of] p1a: Ferrothorn
|
|-weather|Sandstorm|[upkeep]
|-heal|p1a: Ferrothorn|94/100|[from] item: Leftovers
|upkeep
|turn|2
|
|t:|1667715046
|move|p2a: Ferrothorn|Knock Off|p1a: Ferrothorn
|-damage|p1a: Ferrothorn|78/100
|-damage|p2a: Ferrothorn|76/100|[from] ability: Iron Barbs|[of] p1a: Ferrothorn
|-enditem|p1a: Ferrothorn|Leftovers|[from] move: Knock Off|[of] p2a: Ferrothorn
|move|p1a: Ferrothorn|Stealth Rock|p2a: Ferrothorn
|-sidestart|p2: dddjfdw|move: Stealth Rock
|
|-weather|Sandstorm|[upkeep]
|upkeep
|turn|3
|
|t:|1667715054
|switch|p1a: Buzzwole|Buzzwole, shiny|100/100
|move|p2a: Ferrothorn|Spikes|p1a: Buzzwole
|-sidestart|p1: brettfavreinnocent|Spikes
|
|-weather|Sandstorm|[upkeep]
|-damage|p1a: Buzzwole|94/100|[from] Sandstorm
|upkeep
|turn|4
|
|t:|1667715059
|switch|p2a: Tangrowth|Tangrowth, F|100/100
|-damage|p2a: Tangrowth|88/100|[from] Stealth Rock
|move|p1a: Buzzwole|Close Combat|p2a: Tangrowth
|-damage|p2a: Tangrowth|54/100
|-unboost|p1a: Buzzwole|def|1
|-unboost|p1a: Buzzwole|spd|1
|-damage|p1a: Buzzwole|78/100|[from] item: Rocky Helmet|[of] p2a: Tangrowth
|
|-weather|Sandstorm|[upkeep]
|-damage|p1a: Buzzwole|72/100|[from] Sandstorm
|-damage|p2a: Tangrowth|48/100|[from] Sandstorm
|upkeep
|turn|5
|
|t:|1667715071
|switch|p2a: Landorus|Landorus-Therian, M|100/100
|-damage|p2a: Landorus|88/100|[from] Stealth Rock
|-ability|p2a: Landorus|Intimidate|boost
|-unboost|p1a: Buzzwole|atk|1
|move|p1a: Buzzwole|Poison Jab|p2a: Landorus
|-resisted|p2a: Landorus
|-damage|p2a: Landorus|79/100
|
|-weather|none
|-heal|p2a: Landorus|85/100|[from] item: Leftovers
|upkeep
|turn|6
|
|t:|1667715087
|switch|p2a: Ferrothorn|Ferrothorn, F|76/100
|-damage|p2a: Ferrothorn|70/100|[from] Stealth Rock
|move|p1a: Buzzwole|Ice Punch|p2a: Ferrothorn
|-damage|p2a: Ferrothorn|59/100
|-damage|p1a: Buzzwole|59/100|[from] ability: Iron Barbs|[of] p2a: Ferrothorn
|
|upkeep
|turn|7
|j| cypherstest
|
|t:|1667715105
|switch|p2a: Tangrowth|Tangrowth, F|81/100
|-damage|p2a: Tangrowth|69/100|[from] Stealth Rock
|move|p1a: Buzzwole|Close Combat|p2a: Tangrowth
|-damage|p2a: Tangrowth|47/100
|-unboost|p1a: Buzzwole|def|1
|-unboost|p1a: Buzzwole|spd|1
|-damage|p1a: Buzzwole|43/100|[from] item: Rocky Helmet|[of] p2a: Tangrowth
|
|upkeep
|turn|8
|
|t:|1667715120
|switch|p1a: Ferrothorn|Ferrothorn, F|78/100
|-damage|p1a: Ferrothorn|65/100|[from] Spikes
|move|p2a: Tangrowth|Focus Blast|p1a: Ferrothorn|[miss]
|-miss|p2a: Tangrowth|p1a: Ferrothorn
|
|upkeep
|turn|9
|
|t:|1667715129
|move|p2a: Tangrowth|Focus Blast|p1a: Ferrothorn
|-supereffective|p1a: Ferrothorn
|-damage|p1a: Ferrothorn|28/100
|move|p1a: Ferrothorn|Knock Off|p2a: Tangrowth
|-damage|p2a: Tangrowth|36/100
|-damage|p1a: Ferrothorn|12/100|[from] item: Rocky Helmet|[of] p2a: Tangrowth
|-enditem|p2a: Tangrowth|Rocky Helmet|[from] move: Knock Off|[of] p1a: Ferrothorn
|
|upkeep
|turn|10
|j| IIIodyne
|
|t:|1667715140
|move|p2a: Tangrowth|Focus Blast|p1a: Ferrothorn
|-supereffective|p1a: Ferrothorn
|-damage|p1a: Ferrothorn|0 fnt
|faint|p1a: Ferrothorn
|
|upkeep
|
|t:|1667715169
|switch|p1a: Inteleon|Inteleon, M|100/100
|-damage|p1a: Inteleon|88/100|[from] Spikes
|turn|11
|
|t:|1667715177
|switch|p2a: Tyranitar|Tyranitar, M|100/100
|-damage|p2a: Tyranitar|88/100|[from] Stealth Rock
|-weather|Sandstorm|[from] ability: Sand Stream|[of] p2a: Tyranitar
|move|p1a: Inteleon|Focus Energy|p1a: Inteleon
|-start|p1a: Inteleon|move: Focus Energy
|
|-weather|Sandstorm|[upkeep]
|-damage|p1a: Inteleon|82/100|[from] Sandstorm
|-heal|p2a: Tyranitar|94/100|[from] item: Leftovers
|upkeep
|turn|12
|
|t:|1667715188
|move|p2a: Tyranitar|Protect|p2a: Tyranitar
|-singleturn|p2a: Tyranitar|Protect
|move|p1a: Inteleon|Snipe Shot|p2a: Tyranitar
|-activate|p2a: Tyranitar|move: Protect
|
|-weather|Sandstorm|[upkeep]
|-damage|p1a: Inteleon|76/100|[from] Sandstorm
|-heal|p2a: Tyranitar|100/100|[from] item: Leftovers
|upkeep
|turn|13
|
|t:|1667715198
|move|p1a: Inteleon|Snipe Shot|p2a: Tyranitar
|-supereffective|p2a: Tyranitar
|-crit|p2a: Tyranitar
|-damage|p2a: Tyranitar|8/100
|move|p2a: Tyranitar|Stealth Rock|p1a: Inteleon
|-sidestart|p1: brettfavreinnocent|move: Stealth Rock
|
|-weather|Sandstorm|[upkeep]
|-damage|p1a: Inteleon|71/100|[from] Sandstorm
|-heal|p2a: Tyranitar|14/100|[from] item: Leftovers
|upkeep
|turn|14
|
|t:|1667715207
|move|p2a: Tyranitar|Protect|p2a: Tyranitar
|-singleturn|p2a: Tyranitar|Protect
|move|p1a: Inteleon|Snipe Shot|p2a: Tyranitar
|-activate|p2a: Tyranitar|move: Protect
|
|-weather|Sandstorm|[upkeep]
|-damage|p1a: Inteleon|65/100|[from] Sandstorm
|-heal|p2a: Tyranitar|20/100|[from] item: Leftovers
|upkeep
|turn|15
|
|t:|1667715225
|switch|p2a: Volcanion|Volcanion|100/100
|move|p1a: Inteleon|Snipe Shot|p2a: Volcanion
|-immune|p2a: Volcanion|[from] ability: Water Absorb
|
|-weather|none
|upkeep
|turn|16
|
|t:|1667715238
|move|p1a: Inteleon|Hyper Beam|p2a: Volcanion
|-crit|p2a: Volcanion
|-damage|p2a: Volcanion|0 fnt
|-mustrecharge|p1a: Inteleon
|faint|p2a: Volcanion
|
|upkeep
|
|t:|1667715246
|switch|p2a: Tyranitar|Tyranitar, M|20/100
|-damage|p2a: Tyranitar|8/100|[from] Stealth Rock
|-weather|Sandstorm|[from] ability: Sand Stream|[of] p2a: Tyranitar
|turn|17
|
|t:|1667715248
|move|p2a: Tyranitar|Protect|p2a: Tyranitar
|-singleturn|p2a: Tyranitar|Protect
|cant|p1a: Inteleon|recharge
|
|-weather|Sandstorm|[upkeep]
|-damage|p1a: Inteleon|59/100|[from] Sandstorm
|-heal|p2a: Tyranitar|14/100|[from] item: Leftovers
|upkeep
|turn|18
|c| IIIodyne|lol
|c| cypherstest|lol
|
|t:|1667715266
|switch|p2a: Landorus|Landorus-Therian, M|85/100
|-damage|p2a: Landorus|72/100|[from] Stealth Rock
|-ability|p2a: Landorus|Intimidate|boost
|-unboost|p1a: Inteleon|atk|1
|move|p1a: Inteleon|Snipe Shot|p2a: Landorus
|-supereffective|p2a: Landorus
|-crit|p2a: Landorus
|-damage|p2a: Landorus|0 fnt
|faint|p2a: Landorus
|
|-weather|Sandstorm|[upkeep]
|-damage|p1a: Inteleon|53/100|[from] Sandstorm
|upkeep
|
|t:|1667715275
|switch|p2a: Excadrill|Excadrill, F|100/100
|-damage|p2a: Excadrill|97/100|[from] Stealth Rock
|-item|p2a: Excadrill|Air Balloon
|turn|19
|c| IIIodyne|worst choke i think ive ever seen
|inactive|dddjfdw has 120 seconds left.
|
|t:|1667715330
|switch|p1a: Pelipper|Pelipper, F|100/100
|-damage|p1a: Pelipper|76/100|[from] Stealth Rock
|-weather|RainDance|[from] ability: Drizzle|[of] p1a: Pelipper
|move|p2a: Excadrill|Earthquake|p1a: Pelipper
|-immune|p1a: Pelipper
|
|-weather|RainDance|[upkeep]
|upkeep
|turn|20
|
|t:|1667715341
|switch|p2a: Tyranitar|Tyranitar, M|14/100
|-damage|p2a: Tyranitar|1/100|[from] Stealth Rock
|-weather|Sandstorm|[from] ability: Sand Stream|[of] p2a: Tyranitar
|move|p1a: Pelipper|Scald|p2a: Tyranitar
|-supereffective|p2a: Tyranitar
|-damage|p2a: Tyranitar|0 fnt
|faint|p2a: Tyranitar
|
|-weather|Sandstorm|[upkeep]
|-damage|p1a: Pelipper|70/100|[from] Sandstorm
|upkeep
|
|t:|1667715349
|switch|p2a: Excadrill|Excadrill, F|97/100
|-damage|p2a: Excadrill|94/100|[from] Stealth Rock
|-item|p2a: Excadrill|Air Balloon
|turn|21
|
|t:|1667715353
|switch|p1a: Buzzwole|Buzzwole, shiny|43/100
|-damage|p1a: Buzzwole|31/100|[from] Spikes
|-damage|p1a: Buzzwole|18/100|[from] Stealth Rock
|move|p2a: Excadrill|Rapid Spin|p1a: Buzzwole
|-damage|p1a: Buzzwole|6/100
|-boost|p2a: Excadrill|spe|1
|-sideend|p2: dddjfdw|Stealth Rock|[from] move: Rapid Spin|[of] p2a: Excadrill
|
|-weather|Sandstorm|[upkeep]
|-damage|p1a: Buzzwole|0 fnt|[from] Sandstorm
|faint|p1a: Buzzwole
|upkeep
|
|t:|1667715356
|switch|p1a: Pelipper|Pelipper, F|70/100
|-damage|p1a: Pelipper|45/100|[from] Stealth Rock
|-weather|RainDance|[from] ability: Drizzle|[of] p1a: Pelipper
|turn|22
|inactive|dddjfdw has 90 seconds left.
|inactive|dddjfdw has 60 seconds left.
|
|t:|1667715427
|move|p2a: Excadrill|Iron Head|p1a: Pelipper
|-resisted|p1a: Pelipper
|-damage|p1a: Pelipper|26/100
|move|p1a: Pelipper|U-turn|p2a: Excadrill
|-resisted|p2a: Excadrill
|-damage|p2a: Excadrill|88/100
|-enditem|p2a: Excadrill|Air Balloon
|
|t:|1667715434
|switch|p1a: Barraskewda|Barraskewda, M, shiny|100/100|[from]move: U-turn
|-damage|p1a: Barraskewda|88/100|[from] Spikes
|-damage|p1a: Barraskewda|76/100|[from] Stealth Rock
|
|-weather|RainDance|[upkeep]
|upkeep
|turn|23
|inactive|dddjfdw has 60 seconds left.
|
|t:|1667715444
|switch|p2a: Tangrowth|Tangrowth, F|69/100
|move|p1a: Barraskewda|Close Combat|p2a: Tangrowth
|-damage|p2a: Tangrowth|33/100
|-unboost|p1a: Barraskewda|def|1
|-unboost|p1a: Barraskewda|spd|1
|
|-weather|RainDance|[upkeep]
|upkeep
|turn|24
|inactive|dddjfdw has 60 seconds left.
|-message|dddjfdw forfeited.
|
|win|brettfavreinnocent
|raw|brettfavreinnocent's rating: 1769 &rarr; <strong>1789</strong><br />(+20 for winning)
|raw|dddjfdw's rating: 1771 &rarr; <strong>1751</strong><br />(-20 for losing)
|l|☆dddjfdw
|l| cypherstest
