|j|☆IM AT MY LIMIT
|j|☆OU make me yawn ¤
|t:|1617343771
|gametype|singles
|player|p1|IM AT MY LIMIT|dawn|
|player|p2|OU make me yawn ¤|nate|
|teamsize|p1|6
|teamsize|p2|6
|gen|8
|tier|[Gen 8] OU
|clearpoke
|poke|p1|Avalugg, M|
|poke|p1|Clefable, F|
|poke|p1|Xatu, M|
|poke|p1|Hydreigon, F|
|poke|p1|Heatran, F|
|poke|p1|Gastrodon, M|
|poke|p2|Slowking-Galar, M|
|poke|p2|Urshifu-*, M|
|poke|p2|Landorus-Therian, M|
|poke|p2|Tapu Koko|
|poke|p2|Ferrothorn, F|
|poke|p2|Mandibuzz, F|
|rule|Sleep Clause Mod: Limit one foe put to sleep
|rule|Species Clause: Limit one of each Pokémon
|rule|OHKO Clause: OHKO moves are banned
|rule|Evasion Moves Clause: Evasion moves are banned
|rule|Endless Battle Clause: Forcing endless battles is banned
|rule|HP Percentage Mod: HP is shown in percentages
|rule|Dynamax Clause: You cannot dynamax
|teampreview
|inactive|Battle timer is ON: inactive players will automatically lose when time's up. (requested by OU make me yawn ¤)
|c|☆OU make me yawn ¤|Uhhh
|c|☆OU make me yawn ¤|what happened to qaug
|c|☆IM AT MY LIMIT|Gastro seemed 10x better
|inactive|IM AT MY LIMIT has 270 seconds left.
|inactive|OU make me yawn ¤ has 270 seconds left.
|c|☆OU make me yawn ¤|fair enough
|
|t:|1617343816
|start
|switch|p1a: harold|Heatran, F|100/100
|switch|p2a: Not good|Landorus-Therian, M, shiny|100/100
|-ability|p2a: Not good|Intimidate|boost
|-unboost|p1a: harold|atk|1
|turn|1
|
|t:|1617343822
|switch|p1a: Trolled|Avalugg, M|100/100
|move|p2a: Not good|U-turn|p1a: Trolled
|-damage|p1a: Trolled|91/100
|
|t:|1617343826
|switch|p2a: T|Tapu Koko|100/100|[from]move: U-turn
|-fieldstart|move: Electric Terrain|[from] ability: Electric Surge|[of] p2a: T
|
|upkeep
|turn|2
|
|t:|1617343833
|switch|p1a: HAHAHAHAH|Gastrodon, M|100/100
|move|p2a: T|U-turn|p1a: HAHAHAHAH
|-damage|p1a: HAHAHAHAH|89/100
|-damage|p2a: T|84/100|[from] item: Rocky Helmet|[of] p1a: HAHAHAHAH
|c|☆OU make me yawn ¤|rocky helmet
|c|☆OU make me yawn ¤|What
|c|☆IM AT MY LIMIT|troll the urshifu
|
|t:|1617343858
|switch|p2a: The trolleage|Urshifu-Rapid-Strike, M|100/100|[from]move: U-turn
|
|upkeep
|turn|3
|
|t:|1617343863
|switch|p2a: 😭|Ferrothorn, F, shiny|100/100
|move|p1a: HAHAHAHAH|Toxic|p2a: 😭
|-immune|p2a: 😭
|
|upkeep
|turn|4
|
|t:|1617343872
|switch|p1a: ur mom|Xatu, M|100/100
|switch|p2a: T|Tapu Koko|84/100
|
|upkeep
|turn|5
|
|t:|1617343877
|switch|p2a: 😭|Ferrothorn, F, shiny|100/100
|switch|p1a: HAHAHAHAH|Gastrodon, M|89/100
|
|-fieldend|move: Electric Terrain
|upkeep
|turn|6
|
|t:|1617343885
|switch|p1a: harold|Heatran, F|100/100
|move|p2a: 😭|Knock Off|p1a: harold
|-damage|p1a: harold|83/100
|-enditem|p1a: harold|Leftovers|[from] move: Knock Off|[of] p2a: 😭
|
|upkeep
|turn|7
|
|t:|1617343900
|switch|p2a: The trolleage|Urshifu-Rapid-Strike, M|100/100
|move|p1a: harold|Magma Storm|p2a: The trolleage|[miss]
|-miss|p1a: harold|p2a: The trolleage
|
|upkeep
|turn|8
|c|☆IM AT MY LIMIT|you gotta be shitting me LOL
|
|t:|1617343918
|switch|p2a: 😭|Ferrothorn, F, shiny|100/100
|switch|p1a: HAHAHAHAH|Gastrodon, M|89/100
|
|upkeep
|turn|9
|
|t:|1617343933
|switch|p1a: ur mom|Xatu, M|100/100
|move|p2a: 😭|Knock Off|p1a: ur mom
|-supereffective|p1a: ur mom
|-damage|p1a: ur mom|63/100
|-enditem|p1a: ur mom|Leftovers|[from] move: Knock Off|[of] p2a: 😭
|
|upkeep
|turn|10
|
|t:|1617343939
|move|p1a: ur mom|Roost|p1a: ur mom
|-heal|p1a: ur mom|100/100
|-singleturn|p1a: ur mom|move: Roost
|move|p2a: 😭|Knock Off|p1a: ur mom
|-supereffective|p1a: ur mom
|-damage|p1a: ur mom|75/100
|
|upkeep
|turn|11
|
|t:|1617343946
|switch|p2a: T|Tapu Koko|84/100
|-fieldstart|move: Electric Terrain|[from] ability: Electric Surge|[of] p2a: T
|move|p1a: ur mom|Wish|p1a: ur mom
|
|upkeep
|turn|12
|
|t:|1617343953
|switch|p2a: 😭|Ferrothorn, F, shiny|100/100
|switch|p1a: HAHAHAHAH|Gastrodon, M|89/100
|
|-heal|p1a: HAHAHAHAH|100/100|[from] move: Wish|[wisher] ur mom
|upkeep
|turn|13
|
|t:|1617343964
|switch|p1a: ur mom|Xatu, M|75/100
|switch|p2a: 👀|Slowking-Galar, M|100/100
|
|upkeep
|turn|14
|
|t:|1617343973
|switch|p1a: HAHAHAHAH|Gastrodon, M|100/100
|move|p2a: 👀|Future Sight|p1a: HAHAHAHAH
|-start|p2a: 👀|move: Future Sight
|
|upkeep
|turn|15
|
|t:|1617343988
|switch|p2a: The trolleage|Urshifu-Rapid-Strike, M|100/100
|move|p1a: HAHAHAHAH|Earthquake|p2a: The trolleage
|-damage|p2a: The trolleage|71/100
|
|-fieldend|move: Electric Terrain
|upkeep
|turn|16
|
|t:|1617343995
|move|p2a: The trolleage|Close Combat|p1a: HAHAHAHAH
|-damage|p1a: HAHAHAHAH|36/100
|-unboost|p2a: The trolleage|def|1
|-unboost|p2a: The trolleage|spd|1
|-damage|p2a: The trolleage|54/100|[from] item: Rocky Helmet|[of] p1a: HAHAHAHAH
|move|p1a: HAHAHAHAH|Recover|p1a: HAHAHAHAH
|-heal|p1a: HAHAHAHAH|86/100
|
|-end|p1a: HAHAHAHAH|move: Future Sight
|-damage|p1a: HAHAHAHAH|29/100
|upkeep
|turn|17
|
|t:|1617344006
|switch|p1a: ASS|Clefable, F|100/100
|move|p2a: The trolleage|Close Combat|p1a: ASS
|-resisted|p1a: ASS
|-damage|p1a: ASS|68/100
|-unboost|p2a: The trolleage|def|1
|-unboost|p2a: The trolleage|spd|1
|
|upkeep
|turn|18
|
|t:|1617344033
|switch|p1a: HAHAHAHAH|Gastrodon, M|29/100
|move|p2a: The trolleage|Close Combat|p1a: HAHAHAHAH
|-damage|p1a: HAHAHAHAH|0 fnt
|-unboost|p2a: The trolleage|def|1
|-unboost|p2a: The trolleage|spd|1
|-damage|p2a: The trolleage|38/100|[from] item: Rocky Helmet|[of] p1a: HAHAHAHAH
|faint|p1a: HAHAHAHAH
|
|upkeep
|c|☆IM AT MY LIMIT|WHY DONT U SWITCH
|c|☆IM AT MY LIMIT|WTH
|c|☆OU make me yawn ¤|Because
|inactive|IM AT MY LIMIT has 270 seconds left.
|c|☆OU make me yawn ¤|You thought i was gonna go slowking
|c|☆OU make me yawn ¤|which gives you a free recover with gastro
|c|☆OU make me yawn ¤|can't take that risk LOL
|inactive|IM AT MY LIMIT has 240 seconds left.
|c|☆IM AT MY LIMIT|ok
|-message|IM AT MY LIMIT forfeited.
|
|win|OU make me yawn ¤
|n|☆IM AT MY LIMIT@!|imatmylimit
|n|☆IM AT MY LIMIT|imatmylimit
|player|p2|OU make me yawn ¤|nate
|inactive|Battle timer is ON: inactive players will automatically lose when time's up. (requested by OU make me yawn ¤)
