|j|☆tesla roadster
|j|☆Surko
|t:|1667487379
|gametype|singles
|player|p1|tesla roadster|1|1877
|player|p2|Surko|blue-gen3two|1785
|teamsize|p1|6
|teamsize|p2|6
|gen|8
|tier|[Gen 8] OU
|rated|
|rule|Sleep Clause Mod: Limit one foe put to sleep
|rule|Species Clause: Limit one of each Pokémon
|rule|OHKO Clause: OHKO moves are banned
|rule|Evasion Items Clause: Evasion items are banned
|rule|Evasion Moves Clause: Evasion moves are banned
|rule|Endless Battle Clause: Forcing endless battles is banned
|rule|HP Percentage Mod: HP is shown in percentages
|rule|Dynamax Clause: You cannot dynamax
|clearpoke
|poke|p1|Kommo-o, F|
|poke|p1|Clefable, F|
|poke|p1|Ferrothorn, M|
|poke|p1|Zapdos-Galar|
|poke|p1|Zeraora|
|poke|p1|Landorus-Therian, M|
|poke|p2|Zeraora|
|poke|p2|Garchomp, F|
|poke|p2|Zapdos|
|poke|p2|Blacephalon|
|poke|p2|Tyranitar, M|
|poke|p2|Buzzwole|
|teampreview
|inactive|Battle timer is ON: inactive players will automatically lose when time's up. (requested by Surko)
|inactive|tesla roadster has 120 seconds left.
|
|t:|1667487473
|start
|switch|p1a: Zeraora|Zeraora|100/100
|switch|p2a: Zapdos|Zapdos|100/100
|turn|1
|
|t:|1667487480
|move|p1a: Zeraora|Knock Off|p2a: Zapdos
|-damage|p2a: Zapdos|74/100
|-enditem|p2a: Zapdos|Heavy-Duty Boots|[from] move: Knock Off|[of] p1a: Zeraora
|move|p2a: Zapdos|Hurricane|p1a: Zeraora|[miss]
|-miss|p2a: Zapdos|p1a: Zeraora
|
|upkeep
|turn|2
|
|t:|1667487498
|move|p1a: Zeraora|Bulk Up|p1a: Zeraora
|-boost|p1a: Zeraora|atk|1
|-boost|p1a: Zeraora|def|1
|move|p2a: Zapdos|Hurricane|p1a: Zeraora
|-resisted|p1a: Zeraora
|-damage|p1a: Zeraora|66/100
|-start|p1a: Zeraora|confusion
|
|upkeep
|turn|3
|
|t:|1667487507
|switch|p2a: Buzzwole|Buzzwole|100/100
|-activate|p1a: Zeraora|confusion
|move|p1a: Zeraora|Knock Off|p2a: Buzzwole
|-resisted|p2a: Buzzwole
|-damage|p2a: Buzzwole|89/100
|-damage|p1a: Zeraora|49/100|[from] item: Rocky Helmet|[of] p2a: Buzzwole
|-enditem|p2a: Buzzwole|Rocky Helmet|[from] move: Knock Off|[of] p1a: Zeraora
|
|upkeep
|turn|4
|
|t:|1667487514
|switch|p1a: Clefable|Clefable, F|100/100
|move|p2a: Buzzwole|Ice Punch|p1a: Clefable
|-damage|p1a: Clefable|81/100
|
|-heal|p1a: Clefable|87/100|[from] item: Leftovers
|upkeep
|turn|5
|
|t:|1667487522
|switch|p2a: Tyranitar|Tyranitar, M|100/100
|-weather|Sandstorm|[from] ability: Sand Stream|[of] p2a: Tyranitar
|move|p1a: Clefable|Moonblast|p2a: Tyranitar
|-supereffective|p2a: Tyranitar
|-damage|p2a: Tyranitar|72/100
|
|-weather|Sandstorm|[upkeep]
|-heal|p2a: Tyranitar|79/100|[from] item: Leftovers
|-heal|p1a: Clefable|93/100|[from] item: Leftovers
|upkeep
|turn|6
|
|t:|1667487530
|switch|p1a: Kommo-o|Kommo-o, F|100/100
|move|p2a: Tyranitar|Stealth Rock|p1a: Kommo-o
|-sidestart|p1: tesla roadster|move: Stealth Rock
|
|-weather|Sandstorm|[upkeep]
|-damage|p1a: Kommo-o|94/100|[from] Sandstorm
|-heal|p2a: Tyranitar|85/100|[from] item: Leftovers
|upkeep
|turn|7
|
|t:|1667487535
|move|p1a: Kommo-o|Stealth Rock|p2a: Tyranitar
|-sidestart|p2: Surko|move: Stealth Rock
|move|p2a: Tyranitar|Ice Beam|p1a: Kommo-o
|-supereffective|p1a: Kommo-o
|-damage|p1a: Kommo-o|61/100
|
|-weather|Sandstorm|[upkeep]
|-damage|p1a: Kommo-o|55/100|[from] Sandstorm
|-heal|p2a: Tyranitar|91/100|[from] item: Leftovers
|upkeep
|turn|8
|
|t:|1667487545
|switch|p1a: Ferrothorn|Ferrothorn, M|100/100
|-damage|p1a: Ferrothorn|94/100|[from] Stealth Rock
|switch|p2a: Zapdos|Zapdos|74/100
|-damage|p2a: Zapdos|50/100|[from] Stealth Rock
|
|-weather|Sandstorm|[upkeep]
|-damage|p2a: Zapdos|43/100|[from] Sandstorm
|-heal|p1a: Ferrothorn|100/100|[from] item: Leftovers
|upkeep
|turn|9
|
|t:|1667487561
|move|p2a: Zapdos|Defog|p1a: Ferrothorn
|-unboost|p1a: Ferrothorn|evasion|1
|-sideend|p1: tesla roadster|Stealth Rock|[from] move: Defog|[of] p2a: Zapdos
|-sideend|p2: Surko|Stealth Rock|[from] move: Defog|[of] p2a: Zapdos
|move|p1a: Ferrothorn|Leech Seed|p2a: Zapdos
|-start|p2a: Zapdos|move: Leech Seed
|
|-weather|none
|-damage|p2a: Zapdos|31/100|[from] Leech Seed|[of] p1a: Ferrothorn
|upkeep
|turn|10
|
|t:|1667487570
|move|p2a: Zapdos|Roost|p2a: Zapdos
|-heal|p2a: Zapdos|81/100
|-singleturn|p2a: Zapdos|move: Roost
|move|p1a: Ferrothorn|Spikes|p2a: Zapdos
|-sidestart|p2: Surko|Spikes
|
|-damage|p2a: Zapdos|69/100|[from] Leech Seed|[of] p1a: Ferrothorn
|upkeep
|turn|11
|
|t:|1667487585
|move|p2a: Zapdos|Hurricane|p1a: Ferrothorn
|-damage|p1a: Ferrothorn|52/100
|move|p1a: Ferrothorn|Spikes|p2a: Zapdos
|-sidestart|p2: Surko|Spikes
|
|-heal|p1a: Ferrothorn|58/100|[from] item: Leftovers
|-damage|p2a: Zapdos|57/100|[from] Leech Seed|[of] p1a: Ferrothorn
|-heal|p1a: Ferrothorn|70/100|[silent]
|upkeep
|turn|12
|
|t:|1667487591
|switch|p1a: Zeraora|Zeraora|49/100
|move|p2a: Zapdos|Defog|p1a: Zeraora
|-unboost|p1a: Zeraora|evasion|1
|-sideend|p2: Surko|Spikes|[from] move: Defog|[of] p2a: Zapdos
|
|-damage|p2a: Zapdos|44/100|[from] Leech Seed|[of] p1a: Zeraora
|-heal|p1a: Zeraora|63/100|[silent]
|upkeep
|turn|13
|
|t:|1667487602
|switch|p2a: Buzzwole|Buzzwole|89/100
|move|p1a: Zeraora|Plasma Fists|p2a: Buzzwole
|-damage|p2a: Buzzwole|67/100
|-fieldactivate|move: Ion Deluge
|-hint|Normal-type moves become Electric-type after using Plasma Fists.
|
|upkeep
|turn|14
|
|t:|1667487612
|switch|p1a: Clefable|Clefable, F|93/100
|switch|p2a: Tyranitar|Tyranitar, M|91/100
|-weather|Sandstorm|[from] ability: Sand Stream|[of] p2a: Tyranitar
|
|-weather|Sandstorm|[upkeep]
|-heal|p2a: Tyranitar|97/100|[from] item: Leftovers
|-heal|p1a: Clefable|99/100|[from] item: Leftovers
|upkeep
|turn|15
|
|t:|1667487620
|move|p2a: Tyranitar|Stealth Rock|p1a: Clefable
|-sidestart|p1: tesla roadster|move: Stealth Rock
|move|p1a: Clefable|Wish|p1a: Clefable
|
|-weather|Sandstorm|[upkeep]
|-heal|p2a: Tyranitar|100/100|[from] item: Leftovers
|-heal|p1a: Clefable|100/100|[from] item: Leftovers
|upkeep
|turn|16
|j| Mehdii_BGS
|
|t:|1667487625
|switch|p1a: Kommo-o|Kommo-o, F|55/100
|-damage|p1a: Kommo-o|49/100|[from] Stealth Rock
|move|p2a: Tyranitar|Flamethrower|p1a: Kommo-o
|-resisted|p1a: Kommo-o
|-damage|p1a: Kommo-o|41/100
|
|-weather|Sandstorm|[upkeep]
|-damage|p1a: Kommo-o|34/100|[from] Sandstorm
|-heal|p1a: Kommo-o|90/100|[from] move: Wish|[wisher] Clefable
|upkeep
|turn|17
|
|t:|1667487635
|switch|p2a: Zapdos|Zapdos|44/100
|move|p1a: Kommo-o|Stealth Rock|p2a: Zapdos
|-sidestart|p2: Surko|move: Stealth Rock
|
|-weather|Sandstorm|[upkeep]
|-damage|p2a: Zapdos|38/100|[from] Sandstorm
|-damage|p1a: Kommo-o|84/100|[from] Sandstorm
|upkeep
|turn|18
|
|t:|1667487651
|switch|p1a: Zeraora|Zeraora|63/100
|move|p2a: Zapdos|Roost|p2a: Zapdos
|-heal|p2a: Zapdos|88/100
|-singleturn|p2a: Zapdos|move: Roost
|
|-weather|none
|upkeep
|turn|19
|
|t:|1667487658
|move|p1a: Zeraora|Plasma Fists|p2a: Zapdos
|-damage|p2a: Zapdos|49/100
|-fieldactivate|move: Ion Deluge
|-hint|Normal-type moves become Electric-type after using Plasma Fists.
|move|p2a: Zapdos|Defog|p1a: Zeraora
|-unboost|p1a: Zeraora|evasion|1
|-sideend|p1: tesla roadster|Stealth Rock|[from] move: Defog|[of] p2a: Zapdos
|-sideend|p2: Surko|Stealth Rock|[from] move: Defog|[of] p2a: Zapdos
|
|upkeep
|turn|20
|
|t:|1667487681
|move|p1a: Zeraora|Bulk Up|p1a: Zeraora
|-boost|p1a: Zeraora|atk|1
|-boost|p1a: Zeraora|def|1
|move|p2a: Zapdos|Roost|p2a: Zapdos
|-heal|p2a: Zapdos|99/100
|-singleturn|p2a: Zapdos|move: Roost
|
|upkeep
|turn|21
|
|t:|1667487695
|switch|p2a: Buzzwole|Buzzwole|67/100
|move|p1a: Zeraora|Close Combat|p2a: Buzzwole
|-resisted|p2a: Buzzwole
|-damage|p2a: Buzzwole|53/100
|-unboost|p1a: Zeraora|def|1
|-unboost|p1a: Zeraora|spd|1
|
|upkeep
|turn|22
|
|t:|1667487706
|switch|p1a: Clefable|Clefable, F|100/100
|move|p2a: Buzzwole|Roost|p2a: Buzzwole
|-heal|p2a: Buzzwole|100/100
|-singleturn|p2a: Buzzwole|move: Roost
|
|upkeep
|turn|23
|
|t:|1667487716
|switch|p2a: Tyranitar|Tyranitar, M|100/100
|-weather|Sandstorm|[from] ability: Sand Stream|[of] p2a: Tyranitar
|switch|p1a: Kommo-o|Kommo-o, F|84/100
|
|-weather|Sandstorm|[upkeep]
|-damage|p1a: Kommo-o|78/100|[from] Sandstorm
|upkeep
|turn|24
|
|t:|1667487740
|move|p1a: Kommo-o|Toxic|p2a: Tyranitar
|-status|p2a: Tyranitar|tox
|move|p2a: Tyranitar|Thunder Wave|p1a: Kommo-o
|-status|p1a: Kommo-o|par
|
|-weather|Sandstorm|[upkeep]
|-damage|p1a: Kommo-o|71/100 par|[from] Sandstorm
|-damage|p2a: Tyranitar|94/100 tox|[from] psn
|upkeep
|turn|25
|
|t:|1667487760
|switch|p2a: Zapdos|Zapdos|99/100
|cant|p1a: Kommo-o|par
|
|-weather|Sandstorm|[upkeep]
|-damage|p2a: Zapdos|93/100|[from] Sandstorm
|-damage|p1a: Kommo-o|65/100 par|[from] Sandstorm
|upkeep
|turn|26
|
|t:|1667487765
|switch|p1a: Landorus|Landorus-Therian, M|100/100
|-ability|p1a: Landorus|Intimidate|boost
|-unboost|p2a: Zapdos|atk|1
|move|p2a: Zapdos|Hurricane|p1a: Landorus
|-damage|p1a: Landorus|55/100
|
|-weather|Sandstorm|[upkeep]
|-damage|p2a: Zapdos|87/100|[from] Sandstorm
|-heal|p1a: Landorus|61/100|[from] item: Leftovers
|upkeep
|turn|27
|
|t:|1667487773
|move|p2a: Zapdos|Hurricane|p1a: Landorus
|-damage|p1a: Landorus|20/100
|-start|p1a: Landorus|confusion
|-activate|p1a: Landorus|confusion
|-damage|p1a: Landorus|8/100|[from] confusion
|
|-weather|none
|-heal|p1a: Landorus|14/100|[from] item: Leftovers
|upkeep
|turn|28
|
|t:|1667487786
|move|p2a: Zapdos|Hurricane|p1a: Landorus|[miss]
|-miss|p2a: Zapdos|p1a: Landorus
|-end|p1a: Landorus|confusion
|move|p1a: Landorus|Toxic|p2a: Zapdos
|-status|p2a: Zapdos|tox
|
|-heal|p1a: Landorus|20/100|[from] item: Leftovers
|-damage|p2a: Zapdos|81/100 tox|[from] psn
|upkeep
|turn|29
|l| Mehdii_BGS
|
|t:|1667487811
|switch|p1a: Zeraora|Zeraora|63/100
|move|p2a: Zapdos|Hurricane|p1a: Zeraora|[miss]
|-miss|p2a: Zapdos|p1a: Zeraora
|
|-damage|p2a: Zapdos|69/100 tox|[from] psn
|upkeep
|turn|30
|
|t:|1667487822
|switch|p1a: Landorus|Landorus-Therian, M|20/100
|-ability|p1a: Landorus|Intimidate|boost
|-unboost|p2a: Zapdos|atk|1
|switch|p2a: Buzzwole|Buzzwole|100/100
|
|-heal|p1a: Landorus|26/100|[from] item: Leftovers
|upkeep
|turn|31
|j| sammag
|
|t:|1667487829
|switch|p1a: Clefable|Clefable, F|100/100
|move|p2a: Buzzwole|Ice Punch|p1a: Clefable
|-damage|p1a: Clefable|81/100
|
|-heal|p1a: Clefable|87/100|[from] item: Leftovers
|upkeep
|turn|32
|
|t:|1667487835
|switch|p2a: Tyranitar|Tyranitar, M|94/100 tox
|-weather|Sandstorm|[from] ability: Sand Stream|[of] p2a: Tyranitar
|move|p1a: Clefable|Wish|p1a: Clefable
|
|-weather|Sandstorm|[upkeep]
|-heal|p2a: Tyranitar|100/100 tox|[from] item: Leftovers
|-heal|p1a: Clefable|93/100|[from] item: Leftovers
|-damage|p2a: Tyranitar|94/100 tox|[from] psn
|upkeep
|turn|33
|
|t:|1667487843
|switch|p1a: Kommo-o|Kommo-o, F|65/100 par
|move|p2a: Tyranitar|Ice Beam|p1a: Kommo-o
|-supereffective|p1a: Kommo-o
|-damage|p1a: Kommo-o|34/100 par
|
|-weather|Sandstorm|[upkeep]
|-damage|p1a: Kommo-o|28/100 par|[from] Sandstorm
|-heal|p1a: Kommo-o|84/100 par|[from] move: Wish|[wisher] Clefable
|-heal|p2a: Tyranitar|100/100 tox|[from] item: Leftovers
|-damage|p2a: Tyranitar|88/100 tox|[from] psn
|upkeep
|turn|34
|
|t:|1667487858
|switch|p2a: Zapdos|Zapdos|69/100 tox
|move|p1a: Kommo-o|Stealth Rock|p2a: Zapdos
|-sidestart|p2: Surko|move: Stealth Rock
|
|-weather|Sandstorm|[upkeep]
|-damage|p2a: Zapdos|62/100 tox|[from] Sandstorm
|-damage|p1a: Kommo-o|77/100 par|[from] Sandstorm
|-damage|p2a: Zapdos|56/100 tox|[from] psn
|upkeep
|turn|35
|
|t:|1667487870
|switch|p1a: Zapdos|Zapdos-Galar|100/100
|move|p2a: Zapdos|Defog|p1a: Zapdos
|-unboost|p1a: Zapdos|evasion|1
|-ability|p1a: Zapdos|Defiant|boost
|-boost|p1a: Zapdos|atk|2
|-sideend|p2: Surko|Stealth Rock|[from] move: Defog|[of] p2a: Zapdos
|
|-weather|Sandstorm|[upkeep]
|-damage|p1a: Zapdos|94/100|[from] Sandstorm
|-damage|p2a: Zapdos|50/100 tox|[from] Sandstorm
|-damage|p2a: Zapdos|38/100 tox|[from] psn
|upkeep
|turn|36
|inactive|tesla roadster has 120 seconds left.
|
|t:|1667487905
|move|p1a: Zapdos|Drill Peck|p2a: Zapdos
|-resisted|p2a: Zapdos
|-damage|p2a: Zapdos|0 fnt
|-status|p1a: Zapdos|par|[from] ability: Static|[of] p2a: Zapdos
|faint|p2a: Zapdos
|
|-weather|none
|upkeep
|
|t:|1667487917
|switch|p2a: Zeraora|Zeraora|100/100
|turn|37
|inactive|tesla roadster has 120 seconds left.
|
|t:|1667487949
|switch|p1a: Landorus|Landorus-Therian, M|26/100
|-ability|p1a: Landorus|Intimidate|boost
|-unboost|p2a: Zeraora|atk|1
|move|p2a: Zeraora|Knock Off|p1a: Landorus
|-damage|p1a: Landorus|6/100
|-enditem|p1a: Landorus|Leftovers|[from] move: Knock Off|[of] p2a: Zeraora
|
|upkeep
|turn|38
|
|t:|1667487960
|switch|p1a: Kommo-o|Kommo-o, F|77/100 par
|move|p2a: Zeraora|Knock Off|p1a: Kommo-o
|-resisted|p1a: Kommo-o
|-damage|p1a: Kommo-o|70/100 par
|-damage|p2a: Zeraora|84/100|[from] item: Rocky Helmet|[of] p1a: Kommo-o
|-enditem|p1a: Kommo-o|Rocky Helmet|[from] move: Knock Off|[of] p2a: Zeraora
|
|upkeep
|turn|39
|
|t:|1667487965
|move|p2a: Zeraora|Volt Switch|p1a: Kommo-o
|-resisted|p1a: Kommo-o
|-damage|p1a: Kommo-o|62/100 par
|
|t:|1667487971
|switch|p2a: Garchomp|Garchomp, F|100/100|[from]move: Volt Switch
|move|p1a: Kommo-o|Stealth Rock|p2a: Garchomp
|-sidestart|p2: Surko|move: Stealth Rock
|
|upkeep
|turn|40
|inactive|tesla roadster has 120 seconds left.
|
|t:|1667487983
|move|p2a: Garchomp|Swords Dance|p2a: Garchomp
|-boost|p2a: Garchomp|atk|2
|move|p1a: Kommo-o|Toxic|p2a: Garchomp
|-status|p2a: Garchomp|tox
|-enditem|p2a: Garchomp|Lum Berry|[eat]
|-curestatus|p2a: Garchomp|tox|[msg]
|
|upkeep
|turn|41
|
|t:|1667487993
|switch|p1a: Landorus|Landorus-Therian, M|6/100
|-ability|p1a: Landorus|Intimidate|boost
|-unboost|p2a: Garchomp|atk|1
|move|p2a: Garchomp|Earthquake|p1a: Landorus
|-immune|p1a: Landorus
|
|upkeep
|turn|42
|inactive|tesla roadster has 120 seconds left.
|
|t:|1667488009
|switch|p1a: Clefable|Clefable, F|93/100
|move|p2a: Garchomp|Fire Fang|p1a: Clefable
|-damage|p1a: Clefable|64/100
|
|-heal|p1a: Clefable|70/100|[from] item: Leftovers
|upkeep
|turn|43
|inactive|tesla roadster has 120 seconds left.
|
|t:|1667488021
|move|p2a: Garchomp|Earthquake|p1a: Clefable
|-damage|p1a: Clefable|12/100
|move|p1a: Clefable|Moonblast|p2a: Garchomp
|-supereffective|p2a: Garchomp
|-damage|p2a: Garchomp|33/100
|
|-heal|p1a: Clefable|18/100|[from] item: Leftovers
|upkeep
|turn|44
|inactive|tesla roadster has 120 seconds left.
|inactive|tesla roadster has 90 seconds left.
|
|t:|1667488065
|switch|p1a: Landorus|Landorus-Therian, M|6/100
|-ability|p1a: Landorus|Intimidate|boost
|-unboost|p2a: Garchomp|atk|1
|move|p2a: Garchomp|Fire Fang|p1a: Landorus
|-damage|p1a: Landorus|0 fnt
|faint|p1a: Landorus
|
|upkeep
|inactive|tesla roadster has 90 seconds left.
|
|t:|1667488072
|switch|p1a: Zeraora|Zeraora|63/100
|turn|45
|j| Bacilisco3
|inactive|tesla roadster has 90 seconds left.
|
|t:|1667488086
|switch|p1a: Clefable|Clefable, F|18/100
|switch|p2a: Buzzwole|Buzzwole|100/100
|-damage|p2a: Buzzwole|88/100|[from] Stealth Rock
|
|-heal|p1a: Clefable|24/100|[from] item: Leftovers
|upkeep
|turn|46
|inactive|tesla roadster has 90 seconds left.
|
|t:|1667488099
|switch|p2a: Tyranitar|Tyranitar, M|88/100 tox
|-damage|p2a: Tyranitar|76/100 tox|[from] Stealth Rock
|-weather|Sandstorm|[from] ability: Sand Stream|[of] p2a: Tyranitar
|move|p1a: Clefable|Soft-Boiled|p1a: Clefable
|-heal|p1a: Clefable|74/100
|
|-weather|Sandstorm|[upkeep]
|-heal|p2a: Tyranitar|82/100 tox|[from] item: Leftovers
|-heal|p1a: Clefable|80/100|[from] item: Leftovers
|-damage|p2a: Tyranitar|76/100 tox|[from] psn
|upkeep
|turn|47
|
|t:|1667488105
|move|p2a: Tyranitar|Thunder Wave|p1a: Clefable
|-status|p1a: Clefable|par
|move|p1a: Clefable|Aromatherapy|p1a: Clefable
|-activate|p1a: Clefable|move: Aromatherapy
|-curestatus|p1a: Clefable|par|[msg]
|-curestatus|p1: Kommo-o|par|[msg]
|-curestatus|p1: Zapdos|par|[msg]
|
|-weather|Sandstorm|[upkeep]
|-heal|p2a: Tyranitar|82/100 tox|[from] item: Leftovers
|-heal|p1a: Clefable|87/100|[from] item: Leftovers
|-damage|p2a: Tyranitar|70/100 tox|[from] psn
|upkeep
|turn|48
|inactive|tesla roadster has 90 seconds left.
|
|t:|1667488132
|move|p2a: Tyranitar|Stealth Rock|p1a: Clefable
|-sidestart|p1: tesla roadster|move: Stealth Rock
|move|p1a: Clefable|Moonblast|p2a: Tyranitar
|-supereffective|p2a: Tyranitar
|-damage|p2a: Tyranitar|42/100 tox
|
|-weather|Sandstorm|[upkeep]
|-heal|p2a: Tyranitar|48/100 tox|[from] item: Leftovers
|-heal|p1a: Clefable|93/100|[from] item: Leftovers
|-damage|p2a: Tyranitar|30/100 tox|[from] psn
|upkeep
|turn|49
|inactive|tesla roadster has 90 seconds left.
|
|t:|1667488146
|move|p2a: Tyranitar|Thunder Wave|p1a: Clefable
|-status|p1a: Clefable|par
|move|p1a: Clefable|Aromatherapy|p1a: Clefable
|-activate|p1a: Clefable|move: Aromatherapy
|-curestatus|p1a: Clefable|par|[msg]
|
|-weather|Sandstorm|[upkeep]
|-heal|p2a: Tyranitar|36/100 tox|[from] item: Leftovers
|-heal|p1a: Clefable|99/100|[from] item: Leftovers
|-damage|p2a: Tyranitar|11/100 tox|[from] psn
|upkeep
|turn|50
|inactive|tesla roadster has 90 seconds left.
|
|t:|1667488151
|move|p2a: Tyranitar|Thunder Wave|p1a: Clefable|[miss]
|-miss|p2a: Tyranitar|p1a: Clefable
|move|p1a: Clefable|Aromatherapy||[still]
|-activate|p1a: Clefable|move: Aromatherapy
|-fail|p1a: Clefable
|
|-weather|none
|-heal|p2a: Tyranitar|18/100 tox|[from] item: Leftovers
|-heal|p1a: Clefable|100/100|[from] item: Leftovers
|-damage|p2a: Tyranitar|0 fnt|[from] psn
|faint|p2a: Tyranitar
|upkeep
|
|t:|1667488155
|switch|p2a: Blacephalon|Blacephalon|100/100
|-damage|p2a: Blacephalon|76/100|[from] Stealth Rock
|turn|51
|inactive|tesla roadster has 90 seconds left.
|
|t:|1667488176
|switch|p1a: Ferrothorn|Ferrothorn, M|70/100
|-damage|p1a: Ferrothorn|64/100|[from] Stealth Rock
|move|p2a: Blacephalon|Heat Wave|p1a: Ferrothorn
|-supereffective|p1a: Ferrothorn
|-crit|p1a: Ferrothorn
|-damage|p1a: Ferrothorn|0 fnt
|faint|p1a: Ferrothorn
|-ability|p2a: Blacephalon|Beast Boost|boost
|-boost|p2a: Blacephalon|spa|1
|
|upkeep
|
|t:|1667488182
|switch|p1a: Kommo-o|Kommo-o, F|62/100
|-damage|p1a: Kommo-o|56/100|[from] Stealth Rock
|turn|52
|
|t:|1667488186
|move|p2a: Blacephalon|Heat Wave|p1a: Kommo-o
|-resisted|p1a: Kommo-o
|-damage|p1a: Kommo-o|26/100
|-status|p1a: Kommo-o|brn
|move|p1a: Kommo-o|Earthquake|p2a: Blacephalon
|-supereffective|p2a: Blacephalon
|-damage|p2a: Blacephalon|18/100
|
|-damage|p1a: Kommo-o|20/100 brn|[from] brn
|upkeep
|turn|53
|c|☆tesla roadster|are you
|c|☆tesla roadster|omg
|inactive|tesla roadster has 90 seconds left.
|
|t:|1667488210
|move|p2a: Blacephalon|Heat Wave|p1a: Kommo-o
|-resisted|p1a: Kommo-o
|-damage|p1a: Kommo-o|0 fnt
|faint|p1a: Kommo-o
|-ability|p2a: Blacephalon|Beast Boost|boost
|-boost|p2a: Blacephalon|spa|1
|
|upkeep
|
|t:|1667488212
|switch|p1a: Clefable|Clefable, F|100/100
|turn|54
|
|t:|1667488219
|move|p2a: Blacephalon|Heat Wave|p1a: Clefable
|-crit|p1a: Clefable
|-damage|p1a: Clefable|0 fnt
|faint|p1a: Clefable
|-ability|p2a: Blacephalon|Beast Boost|boost
|-boost|p2a: Blacephalon|spa|1
|
|upkeep
|c|☆tesla roadster|LOOOOOOOOOL
|c|☆Surko|Gg
|l| sammag
|c|☆tesla roadster|fuck off bitch
|inactive|tesla roadster has 90 seconds left.
|c|☆Surko|Lol
|c|☆Surko|calm down
|c|☆tesla roadster|ur so lucky
|c|☆Surko|Nah
|
|t:|1667488254
|switch|p1a: Zapdos|Zapdos-Galar|94/100
|-damage|p1a: Zapdos|82/100|[from] Stealth Rock
|turn|55
|c|☆tesla roadster|bro has the audacity to say gg
|inactive|tesla roadster has 60 seconds left.
|c|☆Surko|Was due some after my last few battles
|c|☆tesla roadster|after burn and crit
|c|☆Surko|if you don’t like chance don’t play Pokémon
|
|t:|1667488285
|move|p2a: Blacephalon|Heat Wave|p1a: Zapdos|[miss]
|-miss|p2a: Blacephalon|p1a: Zapdos
|move|p1a: Zapdos|Drill Peck|p2a: Blacephalon
|-damage|p2a: Blacephalon|0 fnt
|faint|p2a: Blacephalon
|
|upkeep
|
|t:|1667488292
|switch|p2a: Zeraora|Zeraora|84/100
|-damage|p2a: Zeraora|72/100|[from] Stealth Rock
|turn|56
|inactive|tesla roadster has 60 seconds left.
|c|☆tesla roadster|dont say gg when you get lucky though
|j| Alberteken
|
|t:|1667488311
|move|p2a: Zeraora|Knock Off|p1a: Zapdos
|-resisted|p1a: Zapdos
|-damage|p1a: Zapdos|64/100
|-enditem|p1a: Zapdos|Choice Band|[from] move: Knock Off|[of] p2a: Zeraora
|move|p1a: Zapdos|Drill Peck|p2a: Zeraora
|-resisted|p2a: Zeraora
|-damage|p2a: Zeraora|46/100
|
|upkeep
|turn|57
|
|t:|1667488324
|switch|p1a: Zeraora|Zeraora|63/100
|move|p2a: Zeraora|Close Combat|p1a: Zeraora
|-damage|p1a: Zeraora|10/100
|-unboost|p2a: Zeraora|def|1
|-unboost|p2a: Zeraora|spd|1
|
|upkeep
|turn|58
|
|t:|1667488336
|switch|p1a: Zapdos|Zapdos-Galar|64/100
|-damage|p1a: Zapdos|51/100|[from] Stealth Rock
|switch|p2a: Buzzwole|Buzzwole|88/100
|-damage|p2a: Buzzwole|76/100|[from] Stealth Rock
|
|upkeep
|turn|59
|c|☆Surko|Gg
|
|t:|1667488349
|switch|p2a: Garchomp|Garchomp, F|33/100
|-damage|p2a: Garchomp|27/100|[from] Stealth Rock
|move|p1a: Zapdos|Drill Peck|p2a: Garchomp
|-damage|p2a: Garchomp|0 fnt
|-damage|p1a: Zapdos|39/100|[from] ability: Rough Skin|[of] p2a: Garchomp
|faint|p2a: Garchomp
|
|upkeep
|
|t:|1667488353
|switch|p2a: Zeraora|Zeraora|46/100
|-damage|p2a: Zeraora|33/100|[from] Stealth Rock
|turn|60
|inactive|tesla roadster has 60 seconds left.
|
|t:|1667488359
|switch|p1a: Zeraora|Zeraora|10/100
|move|p2a: Zeraora|Plasma Fists|p1a: Zeraora
|-heal|p1a: Zeraora|35/100|[from] ability: Volt Absorb|[of] p2a: Zeraora
|
|upkeep
|turn|61
|
|t:|1667488368
|move|p2a: Zeraora|Close Combat|p1a: Zeraora
|-damage|p1a: Zeraora|0 fnt
|-unboost|p2a: Zeraora|def|1
|-unboost|p2a: Zeraora|spd|1
|faint|p1a: Zeraora
|
|upkeep
|c|☆tesla roadster|even won the tie
|
|t:|1667488374
|switch|p1a: Zapdos|Zapdos-Galar|39/100
|-damage|p1a: Zapdos|26/100|[from] Stealth Rock
|turn|62
|c|☆Surko|Gg
|-message|tesla roadster forfeited.
|
|win|Surko
|raw|tesla roadster's rating: 1877 &rarr; <strong>1852</strong><br />(-25 for losing)
|raw|Surko's rating: 1785 &rarr; <strong>1810</strong><br />(+25 for winning)
|l|☆tesla roadster
|l| Alberteken
||Ladder isn't responding, score probably updated but might not have (Request timeout).
