|j|☆Arnaud senju vgc
|j|☆Peewee McGee XXX
|player|p1|Arnaud senju vgc|juggler|1918
|player|p2|Peewee McGee XXX|170|1951
|teamsize|p1|6
|teamsize|p2|6
|gametype|singles
|gen|8
|tier|[Gen 8] OU
|rated|
|clearpoke
|poke|p1|Ribombee, M|
|poke|p1|Togekiss, M|
|poke|p1|Excadrill, M|
|poke|p1|Cloyster, M|
|poke|p1|Urshifu-*, M|
|poke|p1|Magearna|
|poke|p2|Chansey, F|
|poke|p2|Togekiss, F|
|poke|p2|Rillaboom, M|
|poke|p2|Aegislash, F|
|poke|p2|Cinderace, F|
|poke|p2|Alakazam, M|
|rule|Sleep Clause Mod: Limit one foe put to sleep
|rule|Species Clause: Limit one of each Pokémon
|rule|OHKO Clause: OHKO moves are banned
|rule|Evasion Moves Clause: Evasion moves are banned
|rule|Endless Battle Clause: Forcing endless battles is banned
|rule|HP Percentage Mod: HP is shown in percentages
|rule|Dynamax Clause: You cannot dynamax
|teampreview
|inactive|Battle timer is ON: inactive players will automatically lose when time's up. (requested by Peewee McGee XXX)
|j| hipster garbage
|
|start
|switch|p1a: Ribombee|Ribombee, M|100/100
|switch|p2a: Aegislash|Aegislash, F|100/100
|turn|1
|j| Broduen
|j| Percquake
|
|move|p1a: Ribombee|Sticky Web|p2a: Aegislash
|-sidestart|p2: Peewee McGee XXX|move: Sticky Web
|move|p2a: Aegislash|Toxic|p1a: Ribombee
|-status|p1a: Ribombee|tox
|
|-damage|p1a: Ribombee|94/100 tox|[from] psn
|upkeep
|turn|2
|
|switch|p2a: Cinderace|Cinderace, F|100/100
|move|p1a: Ribombee|Stun Spore|p2a: Cinderace
|-status|p2a: Cinderace|par
|
|-damage|p1a: Ribombee|82/100 tox|[from] psn
|upkeep
|turn|3
|
|move|p1a: Ribombee|Moonblast|p2a: Cinderace
|-resisted|p2a: Cinderace
|-damage|p2a: Cinderace|74/100 par
|-unboost|p2a: Cinderace|spa|1
|cant|p2a: Cinderace|par
|
|-damage|p1a: Ribombee|64/100 tox|[from] psn
|upkeep
|turn|4
|
|move|p1a: Ribombee|Moonblast|p2a: Cinderace
|-resisted|p2a: Cinderace
|-damage|p2a: Cinderace|47/100 par
|cant|p2a: Cinderace|par
|
|-damage|p1a: Ribombee|39/100 tox|[from] psn
|upkeep
|turn|5
|
|move|p1a: Ribombee|Moonblast|p2a: Cinderace
|-resisted|p2a: Cinderace
|-damage|p2a: Cinderace|20/100 par
|-unboost|p2a: Cinderace|spa|1
|move|p2a: Cinderace|Court Change|p2a: Cinderace
|-start|p2a: Cinderace|typechange|Normal|[from] ability: Libero
|-sideend|p2: Peewee McGee XXX|Sticky Web|[silent]
|-sidestart|p1: Arnaud senju vgc|Sticky Web|[silent]
|-activate|p2a: Cinderace|move: Court Change
|
|-damage|p1a: Ribombee|9/100 tox|[from] psn
|upkeep
|turn|6
|j| fojnds
|
|move|p1a: Ribombee|Sticky Web|p2a: Cinderace
|-sidestart|p2: Peewee McGee XXX|move: Sticky Web
|move|p2a: Cinderace|U-turn|p1a: Ribombee
|-start|p2a: Cinderace|typechange|Bug|[from] ability: Libero
|-resisted|p1a: Ribombee
|-damage|p1a: Ribombee|0 fnt
|faint|p1a: Ribombee
|
|switch|p2a: Aegislash|Aegislash, F|100/100|[from]move: U-turn
|-activate|p2a: Aegislash|move: Sticky Web
|-unboost|p2a: Aegislash|spe|1
|
|upkeep
|j| Kukulkan2658
|l|☆Arnaud senju vgc
|inactive|Arnaud senju vgc disconnected and has a minute to reconnect!
|player|p1|
|j| ChimeWizard
|inactive|Arnaud senju vgc has 30 seconds to reconnect!
|inactive|Arnaud senju vgc has 20 seconds to reconnect!
|inactive|Arnaud senju vgc has 15 seconds to reconnect!
|inactive|Arnaud senju vgc has 10 seconds to reconnect!
|inactive|Arnaud senju vgc has 5 seconds to reconnect!
|j|☆Arnaud senju vgc
|inactive|Arnaud senju vgc reconnected and has 85 seconds left.
|player|p1|Arnaud senju vgc|juggler
|
|switch|p1a: Togekiss|Togekiss, M|100/100
|turn|7
|
|move|p1a: Togekiss|Substitute|p1a: Togekiss
|-start|p1a: Togekiss|Substitute
|-damage|p1a: Togekiss|75/100
|-formechange|p2a: Aegislash|Aegislash-Blade||[from] ability: Stance Change
|move|p2a: Aegislash|Shadow Ball|p1a: Togekiss
|-end|p1a: Togekiss|Substitute
|
|-heal|p1a: Togekiss|82/100|[from] item: Leftovers
|upkeep
|turn|8
|
|move|p1a: Togekiss|Flamethrower|p2a: Aegislash
|-supereffective|p2a: Aegislash
|-damage|p2a: Aegislash|2/100
|-status|p2a: Aegislash|brn
|move|p2a: Aegislash|Shadow Ball|p1a: Togekiss
|-damage|p1a: Togekiss|19/100
|-unboost|p1a: Togekiss|spd|1
|
|-heal|p1a: Togekiss|25/100|[from] item: Leftovers
|-damage|p2a: Aegislash|0 fnt|[from] brn
|faint|p2a: Aegislash
|upkeep
|
|switch|p2a: Alakazam|Alakazam, M|100/100
|-activate|p2a: Alakazam|move: Sticky Web
|-unboost|p2a: Alakazam|spe|1
|turn|9
|j| DjangoUnchained
|l| Broduen
|
|switch|p2a: Cinderace|Cinderace, F|20/100 par
|move|p1a: Togekiss|Air Slash|p2a: Cinderace
|-damage|p2a: Cinderace|0 fnt
|faint|p2a: Cinderace
|
|-heal|p1a: Togekiss|31/100|[from] item: Leftovers
|upkeep
|
|switch|p2a: Togekiss|Togekiss, F|100/100
|turn|10
|
|move|p2a: Togekiss|Air Slash|p1a: Togekiss
|-damage|p1a: Togekiss|0 fnt
|faint|p1a: Togekiss
|
|upkeep
|l| hipster garbage
|
|switch|p1a: Excadrill|Excadrill, M|100/100
|-activate|p1a: Excadrill|move: Sticky Web
|-unboost|p1a: Excadrill|spe|1
|-ability|p1a: Excadrill|Mold Breaker
|turn|11
|inactive|Arnaud senju vgc has 120 seconds left.
|j| Gussy
|
|move|p2a: Togekiss|Air Slash|p1a: Excadrill
|-resisted|p1a: Excadrill
|-damage|p1a: Excadrill|77/100
|cant|p1a: Excadrill|flinch
|
|upkeep
|turn|12
|
|move|p2a: Togekiss|Flamethrower|p1a: Excadrill
|-supereffective|p1a: Excadrill
|-damage|p1a: Excadrill|0 fnt
|faint|p1a: Excadrill
|
|upkeep
|inactive|Arnaud senju vgc has 120 seconds left.
|
|switch|p1a: Cloyster|Cloyster, M|100/100
|-activate|p1a: Cloyster|move: Sticky Web
|-unboost|p1a: Cloyster|spe|1
|turn|13
|inactive|Arnaud senju vgc has 120 seconds left.
|
|move|p1a: Cloyster|Ice Shard|p2a: Togekiss
|-supereffective|p2a: Togekiss
|-damage|p2a: Togekiss|65/100
|move|p2a: Togekiss|Air Slash|p1a: Cloyster
|-damage|p1a: Cloyster|18/100
|
|-heal|p2a: Togekiss|71/100|[from] item: Leftovers
|upkeep
|turn|14
|
|move|p1a: Cloyster|Ice Shard|p2a: Togekiss
|-supereffective|p2a: Togekiss
|-damage|p2a: Togekiss|36/100
|move|p2a: Togekiss|Flamethrower|p1a: Cloyster
|-damage|p1a: Cloyster|0 fnt
|faint|p1a: Cloyster
|
|-heal|p2a: Togekiss|42/100|[from] item: Leftovers
|upkeep
|inactive|Arnaud senju vgc has 120 seconds left.
|
|switch|p1a: Urshifu|Urshifu-Rapid-Strike, M|100/100
|-activate|p1a: Urshifu|move: Sticky Web
|-unboost|p1a: Urshifu|spe|1
|turn|15
|j| Coronavirus EUW
|
|move|p1a: Urshifu|Aqua Jet|p2a: Togekiss
|-damage|p2a: Togekiss|6/100
|move|p2a: Togekiss|Air Slash|p1a: Urshifu
|-supereffective|p1a: Urshifu
|-damage|p1a: Urshifu|0 fnt
|faint|p1a: Urshifu
|
|-heal|p2a: Togekiss|12/100|[from] item: Leftovers
|upkeep
|j| yosoychungusgrande
|j| Gyorg Costanza
|l| Coronavirus EUW
|inactive|Arnaud senju vgc has 120 seconds left.
|j| foedy_foe
|
|switch|p1a: Magearna|Magearna|100/100
|-activate|p1a: Magearna|move: Sticky Web
|-unboost|p1a: Magearna|spe|1
|turn|16
|inactive|Arnaud senju vgc has 120 seconds left.
|
|move|p2a: Togekiss|Flamethrower|p1a: Magearna
|-supereffective|p1a: Magearna
|-damage|p1a: Magearna|61/100
|move|p1a: Magearna|Draining Kiss|p2a: Togekiss
|-damage|p2a: Togekiss|0 fnt
|-heal|p1a: Magearna|69/100|[from] drain|[of] p2a: Togekiss
|faint|p2a: Togekiss
|-ability|p1a: Magearna|Soul-Heart|boost
|-boost|p1a: Magearna|spa|1
|
|-heal|p1a: Magearna|75/100|[from] item: Leftovers
|upkeep
|
|switch|p2a: Chansey|Chansey, F|100/100
|-activate|p2a: Chansey|move: Sticky Web
|-unboost|p2a: Chansey|spe|1
|turn|17
|
|move|p1a: Magearna|Iron Defense|p1a: Magearna
|-boost|p1a: Magearna|def|2
|move|p2a: Chansey|Thunder Wave|p1a: Magearna|[miss]
|-miss|p2a: Chansey|p1a: Magearna
|
|-heal|p1a: Magearna|81/100|[from] item: Leftovers
|upkeep
|turn|18
|
|move|p1a: Magearna|Calm Mind|p1a: Magearna
|-boost|p1a: Magearna|spa|1
|-boost|p1a: Magearna|spd|1
|move|p2a: Chansey|Thunder Wave|p1a: Magearna
|-status|p1a: Magearna|par
|
|-heal|p1a: Magearna|87/100 par|[from] item: Leftovers
|upkeep
|turn|19
|
|move|p2a: Chansey|Seismic Toss|p1a: Magearna
|-damage|p1a: Magearna|60/100 par
|move|p1a: Magearna|Calm Mind|p1a: Magearna
|-boost|p1a: Magearna|spa|1
|-boost|p1a: Magearna|spd|1
|
|-heal|p1a: Magearna|66/100 par|[from] item: Leftovers
|upkeep
|turn|20
|
|move|p2a: Chansey|Seismic Toss|p1a: Magearna
|-damage|p1a: Magearna|38/100 par
|move|p1a: Magearna|Calm Mind|p1a: Magearna
|-boost|p1a: Magearna|spa|1
|-boost|p1a: Magearna|spd|1
|
|-heal|p1a: Magearna|44/100 par|[from] item: Leftovers
|upkeep
|turn|21
|
|move|p2a: Chansey|Seismic Toss|p1a: Magearna
|-damage|p1a: Magearna|17/100 par
|cant|p1a: Magearna|par
|
|-heal|p1a: Magearna|23/100 par|[from] item: Leftovers
|upkeep
|turn|22
|
|move|p2a: Chansey|Seismic Toss|p1a: Magearna
|-damage|p1a: Magearna|0 fnt
|faint|p1a: Magearna
|
|win|Peewee McGee XXX
|l| fojnds
|l|☆Peewee McGee XXX
|l| Gussy
|l| DjangoUnchained
|l| foedy_foe
|l|☆Arnaud senju vgc
|l| Kukulkan2658
||Ladder (probably) updated, but score could not be retrieved (Request timeout).
|l| yosoychungusgrande
|l| Gyorg Costanza
|j| Broduen
