|j|☆Gotmyvanson
|j|☆Kakarotto Prime
|t:|1658031743
|gametype|singles
|player|p1|Gotmyvanson|ghetsis|1637
|player|p2|Kakarotto Prime|1|1775
|teamsize|p1|6
|teamsize|p2|6
|gen|8
|tier|[Gen 8] OU
|rated|
|rule|Sleep Clause Mod: Limit one foe put to sleep
|rule|Species Clause: Limit one of each Pokémon
|rule|OHKO Clause: OHKO moves are banned
|rule|Evasion Moves Clause: Evasion moves are banned
|rule|Endless Battle Clause: Forcing endless battles is banned
|rule|HP Percentage Mod: HP is shown in percentages
|rule|Dynamax Clause: You cannot dynamax
|clearpoke
|poke|p1|Tapu Koko|
|poke|p1|Nidoking, M|
|poke|p1|Urshifu-*, F|
|poke|p1|Buzzwole|
|poke|p1|Blissey, F|
|poke|p1|Slowbro, M|
|poke|p2|Rillaboom, M|
|poke|p2|Latios, M|
|poke|p2|Suicune|
|poke|p2|Volcarona, F|
|poke|p2|Zeraora|
|poke|p2|Lycanroc-Dusk, M|
|teampreview
|j| DiscoinChurno
|
|t:|1658031770
|start
|switch|p1a: Blissey|Blissey, F|100/100
|switch|p2a: Panthro|Suicune|100/100
|-ability|p2a: Panthro|Pressure
|turn|1
|
|t:|1658031775
|move|p2a: Panthro|Substitute|p2a: Panthro
|-start|p2a: Panthro|Substitute
|-damage|p2a: Panthro|75/100
|move|p1a: Blissey|Toxic||[still]
|-fail|p1a: Blissey
|
|-heal|p2a: Panthro|82/100|[from] item: Leftovers
|upkeep
|turn|2
|
|t:|1658031777
|move|p2a: Panthro|Calm Mind|p2a: Panthro
|-boost|p2a: Panthro|spa|1
|-boost|p2a: Panthro|spd|1
|move|p1a: Blissey|Teleport|p1a: Blissey
|j| CB Bhris Breezy
|
|t:|1658031779
|switch|p1a: Tapu Koko|Tapu Koko|100/100|[from]move: Teleport
|-fieldstart|move: Electric Terrain|[from] ability: Electric Surge|[of] p1a: Tapu Koko
|
|-heal|p2a: Panthro|88/100|[from] item: Leftovers
|upkeep
|turn|3
|
|t:|1658031781
|move|p1a: Tapu Koko|Thunderbolt|p2a: Panthro
|-supereffective|p2a: Panthro
|-end|p2a: Panthro|Substitute
|move|p2a: Panthro|Calm Mind|p2a: Panthro
|-boost|p2a: Panthro|spa|1
|-boost|p2a: Panthro|spd|1
|
|-heal|p2a: Panthro|94/100|[from] item: Leftovers
|upkeep
|turn|4
|
|t:|1658031783
|move|p1a: Tapu Koko|Thunderbolt|p2a: Panthro
|-supereffective|p2a: Panthro
|-damage|p2a: Panthro|57/100
|move|p2a: Panthro|Scald|p1a: Tapu Koko
|-damage|p1a: Tapu Koko|0 fnt
|faint|p1a: Tapu Koko
|
|-heal|p2a: Panthro|63/100|[from] item: Leftovers
|upkeep
|
|t:|1658031795
|switch|p1a: Urshifu|Urshifu-Rapid-Strike, F|100/100
|turn|5
|
|t:|1658031798
|move|p1a: Urshifu|Close Combat|p2a: Panthro
|-damage|p2a: Panthro|0 fnt
|-unboost|p1a: Urshifu|def|1
|-unboost|p1a: Urshifu|spd|1
|faint|p2a: Panthro
|
|upkeep
|
|t:|1658031802
|switch|p2a: Kong|Rillaboom, M|100/100
|-fieldstart|move: Grassy Terrain|[from] ability: Grassy Surge|[of] p2a: Kong
|-enditem|p2a: Kong|Grassy Seed
|-boost|p2a: Kong|def|1|[from] item: Grassy Seed
|turn|6
|
|t:|1658031806
|switch|p1a: Buzzwole|Buzzwole|100/100
|move|p2a: Kong|Swords Dance|p2a: Kong
|-boost|p2a: Kong|atk|2
|
|upkeep
|turn|7
|
|t:|1658031811
|move|p2a: Kong|Acrobatics|p1a: Buzzwole
|-supereffective|p1a: Buzzwole
|-damage|p1a: Buzzwole|0 fnt
|-damage|p2a: Kong|84/100|[from] item: Rocky Helmet|[of] p1a: Buzzwole
|faint|p1a: Buzzwole
|
|-heal|p2a: Kong|90/100|[from] Grassy Terrain
|upkeep
|
|t:|1658031818
|switch|p1a: Slowbro|Slowbro, M, shiny|100/100
|turn|8
|
|t:|1658031825
|move|p2a: Kong|Grassy Glide|p1a: Slowbro
|-supereffective|p1a: Slowbro
|-damage|p1a: Slowbro|0 fnt
|faint|p1a: Slowbro
|
|-heal|p2a: Kong|96/100|[from] Grassy Terrain
|upkeep
|
|t:|1658031844
|switch|p1a: Nidoking|Nidoking, M, shiny|100/100
|turn|9
|
|t:|1658031848
|move|p2a: Kong|Grassy Glide|p1a: Nidoking
|-damage|p1a: Nidoking|0 fnt
|faint|p1a: Nidoking
|
|-heal|p2a: Kong|100/100|[from] Grassy Terrain
|upkeep
|l| DiscoinChurno
|c| CB Bhris Breezy|oof the rillaboom came straight outta hell lmao
|-message|Gotmyvanson forfeited.
|
|win|Kakarotto Prime
|raw|Gotmyvanson's rating: 1637 &rarr; <strong>1625</strong><br />(-12 for losing)
|raw|Kakarotto Prime's rating: 1775 &rarr; <strong>1787</strong><br />(+12 for winning)
|l|☆Gotmyvanson
