|j|☆minimax_ai
|j|☆cute pink team
|t:|1668046582
|gametype|singles
|player|p1|minimax_ai|169|1584
|player|p2|cute pink team|misty-gen1|1760
|teamsize|p1|6
|teamsize|p2|6
|gen|8
|tier|[Gen 8] OU
|rated|
|rule|Sleep Clause Mod: Limit one foe put to sleep
|rule|Species Clause: Limit one of each Pokémon
|rule|OHKO Clause: OHKO moves are banned
|rule|Evasion Items Clause: Evasion items are banned
|rule|Evasion Moves Clause: Evasion moves are banned
|rule|Endless Battle Clause: Forcing endless battles is banned
|rule|HP Percentage Mod: HP is shown in percentages
|rule|Dynamax Clause: You cannot dynamax
|clearpoke
|poke|p1|Rotom-Wash|
|poke|p1|Weavile, M|
|poke|p1|Landorus-Therian, M|
|poke|p1|Heatran, M|
|poke|p1|Tangrowth, F|
|poke|p1|Melmetal|
|poke|p2|Blissey, F|
|poke|p2|Toxapex, F|
|poke|p2|Quagsire, F|
|poke|p2|Slowking-Galar, F|
|poke|p2|Corviknight, M|
|poke|p2|Zapdos|
|teampreview
|c|☆minimax_ai|hf
|inactive|Battle timer is ON: inactive players will automatically lose when time's up. (requested by minimax_ai)
|
|t:|1668046604
|start
|switch|p1a: landorustherian|Landorus-Therian, M|100/100
|switch|p2a: Quagsire|Quagsire, F|100/100
|-ability|p1a: landorustherian|Intimidate|boost
|-unboost|p2a: Quagsire|atk|1
|turn|1
|
|t:|1668046608
|switch|p2a: Corviknight|Corviknight, M|100/100
|-ability|p2a: Corviknight|Pressure
|move|p1a: landorustherian|Earthquake|p2a: Corviknight
|-immune|p2a: Corviknight
|
|upkeep
|turn|2
|
|t:|1668046610
|move|p1a: landorustherian|U-turn|p2a: Corviknight
|-resisted|p2a: Corviknight
|-damage|p2a: Corviknight|96/100
|
|t:|1668046611
|switch|p1a: rotomwash|Rotom-Wash|100/100|[from]move: U-turn
|move|p2a: Corviknight|Brave Bird|p1a: rotomwash
|-resisted|p1a: rotomwash
|-damage|p1a: rotomwash|79/100
|-damage|p2a: Corviknight|91/100|[from] Recoil
|
|-heal|p1a: rotomwash|86/100|[from] item: Leftovers
|-heal|p2a: Corviknight|97/100|[from] item: Leftovers
|upkeep
|turn|3
|
|t:|1668046616
|switch|p2a: Slowking|Slowking-Galar, F|100/100
|move|p1a: rotomwash|Nasty Plot|p1a: rotomwash
|-boost|p1a: rotomwash|spa|2
|
|-heal|p1a: rotomwash|92/100|[from] item: Leftovers
|upkeep
|turn|4
|
|t:|1668046618
|move|p1a: rotomwash|Nasty Plot|p1a: rotomwash
|-boost|p1a: rotomwash|spa|2
|move|p2a: Slowking|Sludge Bomb|p1a: rotomwash
|-damage|p1a: rotomwash|58/100
|
|-heal|p1a: rotomwash|64/100|[from] item: Leftovers
|upkeep
|turn|5
|
|t:|1668046620
|move|p1a: rotomwash|Hydro Pump|p2a: Slowking
|-damage|p2a: Slowking|52/100
|move|p2a: Slowking|Sludge Bomb|p1a: rotomwash
|-damage|p1a: rotomwash|26/100
|-status|p1a: rotomwash|psn
|
|-heal|p1a: rotomwash|32/100 psn|[from] item: Leftovers
|-damage|p1a: rotomwash|20/100 psn|[from] psn
|upkeep
|turn|6
|
|t:|1668046624
|move|p1a: rotomwash|Hydro Pump|p2a: Slowking
|-damage|p2a: Slowking|2/100
|move|p2a: Slowking|Sludge Bomb|p1a: rotomwash
|-crit|p1a: rotomwash
|-damage|p1a: rotomwash|0 fnt
|faint|p1a: rotomwash
|
|upkeep
|
|t:|1668046625
|switch|p1a: Heatran|Heatran, M|100/100
|-item|p1a: Heatran|Air Balloon
|turn|7
|
|t:|1668046632
|switch|p2a: Blissey|Blissey, F|100/100
|move|p1a: Heatran|Magma Storm|p2a: Blissey
|-damage|p2a: Blissey|84/100
|-activate|p2a: Blissey|move: Magma Storm|[of] p1a: Heatran
|
|-damage|p2a: Blissey|72/100|[from] move: Magma Storm|[partiallytrapped]
|upkeep
|turn|8
|
|t:|1668046635
|move|p1a: Heatran|Stealth Rock|p2a: Blissey
|-sidestart|p2: cute pink team|move: Stealth Rock
|move|p2a: Blissey|Seismic Toss|p1a: Heatran
|-damage|p1a: Heatran|70/100
|-enditem|p1a: Heatran|Air Balloon
|
|-damage|p2a: Blissey|59/100|[from] move: Magma Storm|[partiallytrapped]
|upkeep
|turn|9
|
|t:|1668046637
|switch|p1a: Weavile|Weavile, M|100/100
|-ability|p1a: Weavile|Pressure
|move|p2a: Blissey|Soft-Boiled|p2a: Blissey
|-heal|p2a: Blissey|100/100
|
|-end|p2a: Blissey|Magma Storm|[partiallytrapped]|[silent]
|upkeep
|turn|10
|
|t:|1668046639
|switch|p2a: Toxapex|Toxapex, F|100/100
|-damage|p2a: Toxapex|88/100|[from] Stealth Rock
|move|p1a: Weavile|Knock Off|p2a: Toxapex
|-crit|p2a: Toxapex
|-damage|p2a: Toxapex|19/100
|-enditem|p2a: Toxapex|Black Sludge|[from] move: Knock Off|[of] p1a: Weavile
|
|upkeep
|turn|11
|
|t:|1668046641
|move|p2a: Toxapex|Baneful Bunker|p2a: Toxapex
|-singleturn|p2a: Toxapex|move: Protect
|move|p1a: Weavile|Knock Off|p2a: Toxapex
|-activate|p2a: Toxapex|move: Protect
|-status|p1a: Weavile|psn
|
|-damage|p1a: Weavile|88/100 psn|[from] psn
|upkeep
|turn|12
|
|t:|1668046652
|switch|p2a: Slowking|Slowking-Galar, F|35/100
|-damage|p2a: Slowking|23/100|[from] Stealth Rock
|move|p1a: Weavile|Knock Off|p2a: Slowking
|-supereffective|p2a: Slowking
|-damage|p2a: Slowking|0 fnt
|-enditem|p2a: Slowking|Assault Vest|[from] move: Knock Off|[of] p1a: Weavile
|faint|p2a: Slowking
|
|-damage|p1a: Weavile|76/100 psn|[from] psn
|upkeep
|
|t:|1668046655
|switch|p2a: Corviknight|Corviknight, M|97/100
|-damage|p2a: Corviknight|84/100|[from] Stealth Rock
|-ability|p2a: Corviknight|Pressure
|turn|13
|
|t:|1668046657
|switch|p1a: Heatran|Heatran, M|70/100
|move|p2a: Corviknight|Body Press|p1a: Heatran
|-supereffective|p1a: Heatran
|-damage|p1a: Heatran|31/100
|
|-heal|p2a: Corviknight|91/100|[from] item: Leftovers
|upkeep
|turn|14
|
|t:|1668046663
|switch|p2a: Blissey|Blissey, F|100/100
|move|p1a: Heatran|Magma Storm|p2a: Blissey
|-damage|p2a: Blissey|83/100
|-activate|p2a: Blissey|move: Magma Storm|[of] p1a: Heatran
|
|-damage|p2a: Blissey|71/100|[from] move: Magma Storm|[partiallytrapped]
|upkeep
|turn|15
|
|t:|1668046669
|switch|p1a: Melmetal|Melmetal|100/100
|move|p2a: Blissey|Seismic Toss|p1a: Melmetal
|-damage|p1a: Melmetal|78/100
|
|-end|p2a: Blissey|Magma Storm|[partiallytrapped]|[silent]
|upkeep
|turn|16
|
|t:|1668046672
|switch|p2a: Quagsire|Quagsire, F|100/100
|-damage|p2a: Quagsire|94/100|[from] Stealth Rock
|move|p1a: Melmetal|Ice Punch|p2a: Quagsire
|-damage|p2a: Quagsire|71/100
|
|-heal|p2a: Quagsire|77/100|[from] item: Leftovers
|upkeep
|turn|17
|
|t:|1668046676
|switch|p2a: Corviknight|Corviknight, M|91/100
|-damage|p2a: Corviknight|78/100|[from] Stealth Rock
|-ability|p2a: Corviknight|Pressure
|move|p1a: Melmetal|Double Iron Bash|p2a: Corviknight
|-resisted|p2a: Corviknight
|-damage|p2a: Corviknight|62/100
|-resisted|p2a: Corviknight
|-damage|p2a: Corviknight|46/100
|-hitcount|p2a: Corviknight|2
|
|-heal|p2a: Corviknight|52/100|[from] item: Leftovers
|upkeep
|turn|18
|
|t:|1668046679
|move|p2a: Corviknight|Roost|p2a: Corviknight
|-heal|p2a: Corviknight|100/100
|-singleturn|p2a: Corviknight|move: Roost
|move|p1a: Melmetal|Thunder Punch|p2a: Corviknight
|-damage|p2a: Corviknight|72/100
|
|-heal|p2a: Corviknight|78/100|[from] item: Leftovers
|upkeep
|turn|19
|
|t:|1668046684
|switch|p2a: Quagsire|Quagsire, F|77/100
|-damage|p2a: Quagsire|71/100|[from] Stealth Rock
|move|p1a: Melmetal|Thunder Punch|p2a: Quagsire
|-immune|p2a: Quagsire
|
|-heal|p2a: Quagsire|77/100|[from] item: Leftovers
|upkeep
|turn|20
|
|t:|1668046686
|move|p1a: Melmetal|Double Iron Bash|p2a: Quagsire
|-resisted|p2a: Quagsire
|-damage|p2a: Quagsire|62/100
|-resisted|p2a: Quagsire
|-damage|p2a: Quagsire|49/100
|-hitcount|p2a: Quagsire|2
|cant|p2a: Quagsire|flinch
|
|-heal|p2a: Quagsire|55/100|[from] item: Leftovers
|upkeep
|turn|21
|
|t:|1668046688
|move|p1a: Melmetal|Double Iron Bash|p2a: Quagsire
|-resisted|p2a: Quagsire
|-damage|p2a: Quagsire|42/100
|-resisted|p2a: Quagsire
|-damage|p2a: Quagsire|27/100
|-hitcount|p2a: Quagsire|2
|move|p2a: Quagsire|Recover|p2a: Quagsire
|-heal|p2a: Quagsire|77/100
|
|-heal|p2a: Quagsire|83/100|[from] item: Leftovers
|upkeep
|turn|22
|
|t:|1668046691
|move|p1a: Melmetal|Double Iron Bash|p2a: Quagsire
|-resisted|p2a: Quagsire
|-damage|p2a: Quagsire|68/100
|-resisted|p2a: Quagsire
|-damage|p2a: Quagsire|55/100
|-hitcount|p2a: Quagsire|2
|move|p2a: Quagsire|Recover|p2a: Quagsire
|-heal|p2a: Quagsire|100/100
|
|upkeep
|turn|23
|
|t:|1668046697
|move|p1a: Melmetal|Double Iron Bash|p2a: Quagsire
|-resisted|p2a: Quagsire
|-damage|p2a: Quagsire|87/100
|-resisted|p2a: Quagsire
|-damage|p2a: Quagsire|74/100
|-hitcount|p2a: Quagsire|2
|cant|p2a: Quagsire|flinch
|
|-heal|p2a: Quagsire|80/100|[from] item: Leftovers
|upkeep
|turn|24
|
|t:|1668046699
|move|p1a: Melmetal|Double Iron Bash|p2a: Quagsire
|-resisted|p2a: Quagsire
|-damage|p2a: Quagsire|65/100
|-resisted|p2a: Quagsire
|-damage|p2a: Quagsire|52/100
|-hitcount|p2a: Quagsire|2
|cant|p2a: Quagsire|flinch
|
|-heal|p2a: Quagsire|58/100|[from] item: Leftovers
|upkeep
|turn|25
|
|t:|1668046700
|move|p1a: Melmetal|Double Iron Bash|p2a: Quagsire
|-resisted|p2a: Quagsire
|-damage|p2a: Quagsire|42/100
|-resisted|p2a: Quagsire
|-damage|p2a: Quagsire|29/100
|-hitcount|p2a: Quagsire|2
|cant|p2a: Quagsire|flinch
|
|-heal|p2a: Quagsire|35/100|[from] item: Leftovers
|upkeep
|turn|26
|
|t:|1668046703
|move|p1a: Melmetal|Ice Punch|p2a: Quagsire
|-damage|p2a: Quagsire|11/100
|move|p2a: Quagsire|Recover|p2a: Quagsire
|-heal|p2a: Quagsire|61/100
|
|-heal|p2a: Quagsire|67/100|[from] item: Leftovers
|upkeep
|turn|27
|
|t:|1668046704
|switch|p1a: landorustherian|Landorus-Therian, M|100/100
|-ability|p1a: landorustherian|Intimidate|boost
|-unboost|p2a: Quagsire|atk|1
|move|p2a: Quagsire|Recover|p2a: Quagsire
|-heal|p2a: Quagsire|100/100
|
|upkeep
|turn|28
|
|t:|1668046708
|switch|p2a: Corviknight|Corviknight, M|78/100
|-damage|p2a: Corviknight|65/100|[from] Stealth Rock
|-ability|p2a: Corviknight|Pressure
|move|p1a: landorustherian|U-turn|p2a: Corviknight
|-resisted|p2a: Corviknight
|-damage|p2a: Corviknight|61/100
|
|t:|1668046708
|switch|p1a: Heatran|Heatran, M|31/100|[from]move: U-turn
|
|-heal|p2a: Corviknight|67/100|[from] item: Leftovers
|upkeep
|turn|29
|
|t:|1668046710
|switch|p2a: Blissey|Blissey, F|71/100
|move|p1a: Heatran|Magma Storm|p2a: Blissey
|-damage|p2a: Blissey|54/100
|-activate|p2a: Blissey|move: Magma Storm|[of] p1a: Heatran
|
|-damage|p2a: Blissey|41/100|[from] move: Magma Storm|[partiallytrapped]
|upkeep
|turn|30
|
|t:|1668046715
|switch|p1a: Melmetal|Melmetal|78/100
|move|p2a: Blissey|Stealth Rock|p1a: Melmetal
|-sidestart|p1: minimax_ai|move: Stealth Rock
|
|-end|p2a: Blissey|Magma Storm|[partiallytrapped]|[silent]
|upkeep
|turn|31
|
|t:|1668046716
|switch|p2a: Quagsire|Quagsire, F|100/100
|-damage|p2a: Quagsire|94/100|[from] Stealth Rock
|move|p1a: Melmetal|Ice Punch|p2a: Quagsire
|-damage|p2a: Quagsire|72/100
|
|-heal|p2a: Quagsire|78/100|[from] item: Leftovers
|upkeep
|turn|32
|
|t:|1668046719
|switch|p1a: Tangrowth|Tangrowth, F|100/100
|-damage|p1a: Tangrowth|88/100|[from] Stealth Rock
|move|p2a: Quagsire|Toxic|p1a: Tangrowth
|-status|p1a: Tangrowth|tox
|
|-heal|p2a: Quagsire|84/100|[from] item: Leftovers
|-damage|p1a: Tangrowth|82/100 tox|[from] psn
|upkeep
|turn|33
|
|t:|1668046724
|switch|p2a: Blissey|Blissey, F|41/100
|move|p1a: Tangrowth|Giga Drain|p2a: Blissey
|-crit|p2a: Blissey
|-damage|p2a: Blissey|28/100
|-heal|p1a: Tangrowth|93/100 tox|[from] drain|[of] p2a: Blissey
|
|-damage|p1a: Tangrowth|80/100 tox|[from] psn
|upkeep
|turn|34
|
|t:|1668046726
|switch|p1a: Melmetal|Melmetal|78/100
|-damage|p1a: Melmetal|72/100|[from] Stealth Rock
|move|p2a: Blissey|Soft-Boiled|p2a: Blissey
|-heal|p2a: Blissey|78/100
|
|upkeep
|turn|35
|
|t:|1668046728
|switch|p2a: Quagsire|Quagsire, F|84/100
|-damage|p2a: Quagsire|78/100|[from] Stealth Rock
|move|p1a: Melmetal|Earthquake|p2a: Quagsire
|-damage|p2a: Quagsire|52/100
|
|-heal|p2a: Quagsire|58/100|[from] item: Leftovers
|upkeep
|turn|36
|
|t:|1668046730
|switch|p1a: landorustherian|Landorus-Therian, M|100/100
|-damage|p1a: landorustherian|88/100|[from] Stealth Rock
|-ability|p1a: landorustherian|Intimidate|boost
|-unboost|p2a: Quagsire|atk|1
|move|p2a: Quagsire|Recover|p2a: Quagsire
|-heal|p2a: Quagsire|100/100
|
|-heal|p1a: landorustherian|94/100|[from] item: Leftovers
|upkeep
|turn|37
|
|t:|1668046733
|move|p1a: landorustherian|Earthquake|p2a: Quagsire
|-damage|p2a: Quagsire|65/100
|move|p2a: Quagsire|Toxic|p1a: landorustherian
|-status|p1a: landorustherian|tox
|
|-heal|p1a: landorustherian|99/100 tox|[from] item: Leftovers
|-heal|p2a: Quagsire|71/100|[from] item: Leftovers
|-damage|p1a: landorustherian|94/100 tox|[from] psn
|upkeep
|turn|38
|
|t:|1668046736
|move|p1a: landorustherian|Toxic|p2a: Quagsire
|-status|p2a: Quagsire|tox
|move|p2a: Quagsire|Recover|p2a: Quagsire
|-heal|p2a: Quagsire|100/100 tox
|
|-heal|p1a: landorustherian|99/100 tox|[from] item: Leftovers
|-damage|p1a: landorustherian|88/100 tox|[from] psn
|-damage|p2a: Quagsire|94/100 tox|[from] psn
|upkeep
|turn|39
|
|t:|1668046744
|switch|p1a: Melmetal|Melmetal|72/100
|-damage|p1a: Melmetal|66/100|[from] Stealth Rock
|switch|p2a: Corviknight|Corviknight, M|67/100
|-damage|p2a: Corviknight|55/100|[from] Stealth Rock
|-ability|p2a: Corviknight|Pressure
|
|-heal|p2a: Corviknight|61/100|[from] item: Leftovers
|upkeep
|turn|40
|
|t:|1668046747
|switch|p2a: Quagsire|Quagsire, F|94/100 tox
|-damage|p2a: Quagsire|88/100 tox|[from] Stealth Rock
|move|p1a: Melmetal|Thunder Punch|p2a: Quagsire
|-immune|p2a: Quagsire
|
|-heal|p2a: Quagsire|94/100 tox|[from] item: Leftovers
|-damage|p2a: Quagsire|88/100 tox|[from] psn
|upkeep
|turn|41
|
|t:|1668046749
|move|p1a: Melmetal|Earthquake|p2a: Quagsire
|-damage|p2a: Quagsire|61/100 tox
|move|p2a: Quagsire|Earthquake|p1a: Melmetal
|-supereffective|p1a: Melmetal
|-damage|p1a: Melmetal|34/100
|
|-heal|p2a: Quagsire|68/100 tox|[from] item: Leftovers
|-damage|p2a: Quagsire|55/100 tox|[from] psn
|upkeep
|turn|42
|
|t:|1668046752
|switch|p1a: Tangrowth|Tangrowth, F|100/100 tox
|-damage|p1a: Tangrowth|88/100 tox|[from] Stealth Rock
|move|p2a: Quagsire|Recover|p2a: Quagsire
|-heal|p2a: Quagsire|100/100 tox
|
|-damage|p1a: Tangrowth|82/100 tox|[from] psn
|-damage|p2a: Quagsire|82/100 tox|[from] psn
|upkeep
|turn|43
|
|t:|1668046754
|switch|p2a: Blissey|Blissey, F|78/100
|move|p1a: Tangrowth|Sleep Powder|p2a: Blissey
|-status|p2a: Blissey|slp|[from] move: Sleep Powder
|
|-damage|p1a: Tangrowth|70/100 tox|[from] psn
|upkeep
|turn|44
|
|t:|1668046757
|-curestatus|p2a: Blissey|slp|[from] ability: Natural Cure
|switch|p2a: Toxapex|Toxapex, F|52/100
|-damage|p2a: Toxapex|40/100|[from] Stealth Rock
|switch|p1a: landorustherian|Landorus-Therian, M|88/100 tox
|-damage|p1a: landorustherian|76/100 tox|[from] Stealth Rock
|-ability|p1a: landorustherian|Intimidate|boost
|-unboost|p2a: Toxapex|atk|1
|
|-heal|p1a: landorustherian|82/100 tox|[from] item: Leftovers
|-damage|p1a: landorustherian|76/100 tox|[from] psn
|upkeep
|turn|45
|
|t:|1668046759
|move|p2a: Toxapex|Baneful Bunker|p2a: Toxapex
|-singleturn|p2a: Toxapex|move: Protect
|move|p1a: landorustherian|Defog|p2a: Toxapex
|-activate|p2a: Toxapex|move: Protect
|
|-heal|p1a: landorustherian|82/100 tox|[from] item: Leftovers
|-damage|p1a: landorustherian|70/100 tox|[from] psn
|upkeep
|turn|46
|
|t:|1668046761
|switch|p2a: Corviknight|Corviknight, M|61/100
|-damage|p2a: Corviknight|48/100|[from] Stealth Rock
|-ability|p2a: Corviknight|Pressure
|move|p1a: landorustherian|Defog|p2a: Corviknight
|-unboost|p2a: Corviknight|evasion|1
|-sideend|p2: cute pink team|Stealth Rock|[from] move: Defog|[of] p1a: landorustherian
|-sideend|p1: minimax_ai|Stealth Rock|[from] move: Defog|[of] p1a: landorustherian
|
|-heal|p1a: landorustherian|76/100 tox|[from] item: Leftovers
|-heal|p2a: Corviknight|55/100|[from] item: Leftovers
|-damage|p1a: landorustherian|58/100 tox|[from] psn
|upkeep
|turn|47
|
|t:|1668046769
|move|p1a: landorustherian|U-turn|p2a: Corviknight
|-resisted|p2a: Corviknight
|-damage|p2a: Corviknight|50/100
|
|t:|1668046769
|switch|p1a: Tangrowth|Tangrowth, F|100/100 tox|[from]move: U-turn
|move|p2a: Corviknight|Brave Bird|p1a: Tangrowth
|-supereffective|p1a: Tangrowth
|-damage|p1a: Tangrowth|64/100 tox
|-damage|p2a: Corviknight|34/100|[from] item: Rocky Helmet|[of] p1a: Tangrowth
|-damage|p2a: Corviknight|22/100|[from] Recoil
|
|-heal|p2a: Corviknight|28/100|[from] item: Leftovers
|-damage|p1a: Tangrowth|58/100 tox|[from] psn
|upkeep
|turn|48
|
|t:|1668046773
|switch|p1a: landorustherian|Landorus-Therian, M|58/100 tox
|-ability|p1a: landorustherian|Intimidate|boost
|-unboost|p2a: Corviknight|atk|1
|move|p2a: Corviknight|Roost|p2a: Corviknight
|-heal|p2a: Corviknight|78/100
|-singleturn|p2a: Corviknight|move: Roost
|
|-heal|p1a: landorustherian|64/100 tox|[from] item: Leftovers
|-heal|p2a: Corviknight|84/100|[from] item: Leftovers
|-damage|p1a: landorustherian|58/100 tox|[from] psn
|upkeep
|turn|49
|
|t:|1668046775
|move|p1a: landorustherian|U-turn|p2a: Corviknight
|-resisted|p2a: Corviknight
|-damage|p2a: Corviknight|80/100
|
|t:|1668046775
|switch|p1a: Tangrowth|Tangrowth, F|91/100 tox|[from]move: U-turn
|move|p2a: Corviknight|Brave Bird|p1a: Tangrowth
|-supereffective|p1a: Tangrowth
|-damage|p1a: Tangrowth|66/100 tox
|-damage|p2a: Corviknight|64/100|[from] item: Rocky Helmet|[of] p1a: Tangrowth
|-damage|p2a: Corviknight|55/100|[from] Recoil
|
|-heal|p2a: Corviknight|61/100|[from] item: Leftovers
|-damage|p1a: Tangrowth|60/100 tox|[from] psn
|upkeep
|turn|50
|
|t:|1668046778
|switch|p2a: Blissey|Blissey, F|78/100
|move|p1a: Tangrowth|Sleep Powder|p2a: Blissey
|-status|p2a: Blissey|slp|[from] move: Sleep Powder
|
|-damage|p1a: Tangrowth|48/100 tox|[from] psn
|upkeep
|turn|51
|
|t:|1668046779
|switch|p1a: Melmetal|Melmetal|34/100
|cant|p2a: Blissey|slp
|
|upkeep
|turn|52
|
|t:|1668046781
|-curestatus|p2a: Blissey|slp|[from] ability: Natural Cure
|switch|p2a: Toxapex|Toxapex, F|73/100
|move|p1a: Melmetal|Ice Punch|p2a: Toxapex
|-resisted|p2a: Toxapex
|-damage|p2a: Toxapex|63/100
|
|upkeep
|turn|53
|
|t:|1668046785
|switch|p1a: Tangrowth|Tangrowth, F|81/100 tox
|switch|p2a: Zapdos|Zapdos|100/100
|-ability|p2a: Zapdos|Pressure
|
|-damage|p1a: Tangrowth|75/100 tox|[from] psn
|upkeep
|turn|54
|
|t:|1668046787
|switch|p1a: landorustherian|Landorus-Therian, M|58/100 tox
|-ability|p1a: landorustherian|Intimidate|boost
|-unboost|p2a: Zapdos|atk|1
|move|p2a: Zapdos|Substitute|p2a: Zapdos
|-start|p2a: Zapdos|Substitute
|-damage|p2a: Zapdos|76/100
|
|-heal|p2a: Zapdos|82/100|[from] item: Leftovers
|-heal|p1a: landorustherian|64/100 tox|[from] item: Leftovers
|-damage|p1a: landorustherian|58/100 tox|[from] psn
|upkeep
|turn|55
|
|t:|1668046789
|switch|p1a: Melmetal|Melmetal|34/100
|move|p2a: Zapdos|Hurricane|p1a: Melmetal
|-resisted|p1a: Melmetal
|-damage|p1a: Melmetal|16/100
|
|-heal|p2a: Zapdos|88/100|[from] item: Leftovers
|upkeep
|turn|56
|
|t:|1668046791
|switch|p1a: landorustherian|Landorus-Therian, M|58/100 tox
|-ability|p1a: landorustherian|Intimidate|boost
|-immune|p2a: Zapdos
|move|p2a: Zapdos|Charge Beam|p1a: landorustherian
|-immune|p1a: landorustherian
|
|-heal|p2a: Zapdos|94/100|[from] item: Leftovers
|-heal|p1a: landorustherian|64/100 tox|[from] item: Leftovers
|-damage|p1a: landorustherian|58/100 tox|[from] psn
|upkeep
|turn|57
|
|t:|1668046793
|move|p2a: Zapdos|Hurricane|p1a: landorustherian|[miss]
|-miss|p2a: Zapdos|p1a: landorustherian
|move|p1a: landorustherian|Defog||[still]
|-fail|p1a: landorustherian
|
|-heal|p2a: Zapdos|100/100|[from] item: Leftovers
|-heal|p1a: landorustherian|64/100 tox|[from] item: Leftovers
|-damage|p1a: landorustherian|52/100 tox|[from] psn
|upkeep
|turn|58
|
|t:|1668046795
|switch|p1a: Melmetal|Melmetal|16/100
|move|p2a: Zapdos|Hurricane|p1a: Melmetal
|-resisted|p1a: Melmetal
|-damage|p1a: Melmetal|1/100
|
|upkeep
|turn|59
|
|t:|1668046799
|switch|p1a: landorustherian|Landorus-Therian, M|52/100 tox
|-ability|p1a: landorustherian|Intimidate|boost
|-immune|p2a: Zapdos
|move|p2a: Zapdos|Hurricane|p1a: landorustherian
|-damage|p1a: landorustherian|9/100 tox
|
|-heal|p1a: landorustherian|15/100 tox|[from] item: Leftovers
|-damage|p1a: landorustherian|9/100 tox|[from] psn
|upkeep
|turn|60
|
|t:|1668046801
|move|p2a: Zapdos|Hurricane|p1a: landorustherian
|-damage|p1a: landorustherian|0 fnt
|faint|p1a: landorustherian
|
|upkeep
|
|t:|1668046801
|switch|p1a: Heatran|Heatran, M|31/100
|turn|61
|
|t:|1668046803
|move|p2a: Zapdos|Charge Beam|p1a: Heatran
|-damage|p1a: Heatran|4/100
|-boost|p2a: Zapdos|spa|1
|move|p1a: Heatran|Magma Storm|p2a: Zapdos
|-end|p2a: Zapdos|Substitute
|
|upkeep
|turn|62
|
|t:|1668046805
|move|p2a: Zapdos|Charge Beam|p1a: Heatran
|-damage|p1a: Heatran|0 fnt
|-boost|p2a: Zapdos|spa|1
|faint|p1a: Heatran
|
|upkeep
|
|t:|1668046805
|switch|p1a: Weavile|Weavile, M|76/100 psn
|-ability|p1a: Weavile|Pressure
|turn|63
|
|t:|1668046808
|switch|p2a: Toxapex|Toxapex, F|96/100
|move|p1a: Weavile|Triple Axel|p2a: Toxapex|[miss]
|-miss|p1a: Weavile|p2a: Toxapex
|
|-damage|p1a: Weavile|63/100 psn|[from] psn
|upkeep
|turn|64
|
|t:|1668046812
|move|p1a: Weavile|Triple Axel|p2a: Toxapex
|-resisted|p2a: Toxapex
|-damage|p2a: Toxapex|92/100
|-resisted|p2a: Toxapex
|-crit|p2a: Toxapex
|-damage|p2a: Toxapex|77/100
|-resisted|p2a: Toxapex
|-damage|p2a: Toxapex|63/100
|-hitcount|p2a: Toxapex|3
|move|p2a: Toxapex|Toxic Spikes|p1a: Weavile
|-sidestart|p1: minimax_ai|move: Toxic Spikes
|
|-damage|p1a: Weavile|51/100 psn|[from] psn
|upkeep
|turn|65
|
|t:|1668046814
|move|p1a: Weavile|Triple Axel|p2a: Toxapex
|-resisted|p2a: Toxapex
|-damage|p2a: Toxapex|58/100
|-resisted|p2a: Toxapex
|-damage|p2a: Toxapex|50/100
|-resisted|p2a: Toxapex
|-damage|p2a: Toxapex|35/100
|-hitcount|p2a: Toxapex|3
|move|p2a: Toxapex|Recover|p2a: Toxapex
|-heal|p2a: Toxapex|85/100
|
|-damage|p1a: Weavile|38/100 psn|[from] psn
|upkeep
|turn|66
|
|t:|1668046816
|move|p2a: Toxapex|Baneful Bunker|p2a: Toxapex
|-singleturn|p2a: Toxapex|move: Protect
|move|p1a: Weavile|Triple Axel|p2a: Toxapex
|-activate|p2a: Toxapex|move: Protect
|
|-damage|p1a: Weavile|26/100 psn|[from] psn
|upkeep
|turn|67
|
|t:|1668046817
|move|p1a: Weavile|Triple Axel|p2a: Toxapex|[miss]
|-miss|p1a: Weavile|p2a: Toxapex
|move|p2a: Toxapex|Scald|p1a: Weavile
|-damage|p1a: Weavile|4/100 psn
|
|-damage|p1a: Weavile|0 fnt|[from] psn
|faint|p1a: Weavile
|upkeep
|
|t:|1668046817
|switch|p1a: Tangrowth|Tangrowth, F|100/100 tox
|turn|68
|
|t:|1668046821
|move|p2a: Toxapex|Baneful Bunker|p2a: Toxapex
|-singleturn|p2a: Toxapex|move: Protect
|move|p1a: Tangrowth|Sleep Powder|p2a: Toxapex
|-activate|p2a: Toxapex|move: Protect
|
|-damage|p1a: Tangrowth|94/100 tox|[from] psn
|upkeep
|turn|69
|
|t:|1668046823
|switch|p2a: Blissey|Blissey, F|78/100
|move|p1a: Tangrowth|Sleep Powder|p2a: Blissey
|-status|p2a: Blissey|slp|[from] move: Sleep Powder
|
|-damage|p1a: Tangrowth|82/100 tox|[from] psn
|upkeep
|turn|70
|
|t:|1668046825
|-curestatus|p2a: Blissey|slp|[from] ability: Natural Cure
|switch|p2a: Zapdos|Zapdos|100/100
|-ability|p2a: Zapdos|Pressure
|move|p1a: Tangrowth|Sleep Powder|p2a: Zapdos
|-status|p2a: Zapdos|slp|[from] move: Sleep Powder
|
|-damage|p1a: Tangrowth|63/100 tox|[from] psn
|upkeep
|turn|71
|
|t:|1668046828
|switch|p1a: Melmetal|Melmetal|1/100
|cant|p2a: Zapdos|slp
|
|upkeep
|turn|72
|
|t:|1668046830
|cant|p2a: Zapdos|slp
|move|p1a: Melmetal|Thunder Punch|p2a: Zapdos
|-damage|p2a: Zapdos|63/100 slp
|
|-heal|p2a: Zapdos|70/100 slp|[from] item: Leftovers
|upkeep
|turn|73
|
|t:|1668046831
|-curestatus|p2a: Zapdos|slp|[msg]
|move|p2a: Zapdos|Charge Beam|p1a: Melmetal
|-damage|p1a: Melmetal|0 fnt
|faint|p1a: Melmetal
|
|-heal|p2a: Zapdos|76/100|[from] item: Leftovers
|upkeep
|
|t:|1668046831
|switch|p1a: Tangrowth|Tangrowth, F|97/100 tox
|turn|74
|
|t:|1668046833
|move|p2a: Zapdos|Substitute|p2a: Zapdos
|-start|p2a: Zapdos|Substitute
|-damage|p2a: Zapdos|51/100
|move|p1a: Tangrowth|Sleep Powder|p2a: Zapdos|[miss]
|-miss|p1a: Tangrowth|p2a: Zapdos
|
|-heal|p2a: Zapdos|57/100|[from] item: Leftovers
|-damage|p1a: Tangrowth|90/100 tox|[from] psn
|upkeep
|turn|75
|
|t:|1668046834
|move|p2a: Zapdos|Hurricane|p1a: Tangrowth
|-supereffective|p1a: Tangrowth
|-damage|p1a: Tangrowth|0 fnt
|faint|p1a: Tangrowth
|
|win|cute pink team
|raw|minimax_ai's rating: 1584 &rarr; <strong>1573</strong><br />(-11 for losing)
|raw|cute pink team's rating: 1760 &rarr; <strong>1771</strong><br />(+11 for winning)
|c|☆minimax_ai|gg
