|j|☆rickylafleur420
|j|☆tanishq1
|t:|1653231413
|gametype|singles
|player|p1|rickylafleur420|marley|1707
|player|p2|tanishq1|102|1743
|teamsize|p1|6
|teamsize|p2|6
|gen|8
|tier|[Gen 8] OU
|rated|
|rule|Sleep Clause Mod: Limit one foe put to sleep
|rule|Species Clause: Limit one of each Pokémon
|rule|OHKO Clause: OHKO moves are banned
|rule|Evasion Moves Clause: Evasion moves are banned
|rule|Endless Battle Clause: Forcing endless battles is banned
|rule|HP Percentage Mod: HP is shown in percentages
|rule|Dynamax Clause: You cannot dynamax
|clearpoke
|poke|p1|Mew|
|poke|p1|Cloyster, M|
|poke|p1|Gengar, M|
|poke|p1|Bisharp, F|
|poke|p1|Rillaboom, M|
|poke|p1|Hawlucha, F|
|poke|p2|Tapu Lele|
|poke|p2|Dragapult, M|
|poke|p2|Landorus-Therian, M|
|poke|p2|Weavile, M|
|poke|p2|Tapu Fini|
|poke|p2|Heatran, M|
|teampreview
|inactive|Battle timer is ON: inactive players will automatically lose when time's up. (requested by tanishq1)
|
|t:|1653231418
|start
|switch|p1a: Mew|Mew, shiny|100/100
|switch|p2a: Weavile|Weavile, M|100/100
|-ability|p2a: Weavile|Pressure
|turn|1
|
|t:|1653231421
|move|p2a: Weavile|Knock Off|p1a: Mew
|-supereffective|p1a: Mew
|-damage|p1a: Mew|19/100
|-enditem|p1a: Mew|Red Card|[from] move: Knock Off|[of] p2a: Weavile
|move|p1a: Mew|Stealth Rock|p2a: Weavile
|-sidestart|p2: tanishq1|move: Stealth Rock
|
|upkeep
|turn|2
|
|t:|1653231426
|switch|p1a: Zero|Bisharp, F|100/100
|move|p2a: Weavile|Knock Off|p1a: Zero
|-resisted|p1a: Zero
|-damage|p1a: Zero|70/100
|-enditem|p1a: Zero|Black Glasses|[from] move: Knock Off|[of] p2a: Weavile
|
|upkeep
|turn|3
|
|t:|1653231430
|switch|p1a: Mew|Mew, shiny|19/100
|move|p2a: Weavile|Low Kick|p1a: Mew
|-resisted|p1a: Mew
|-crit|p1a: Mew
|-damage|p1a: Mew|14/100
|
|upkeep
|turn|4
|j| Kratosurtur
|
|t:|1653231439
|move|p2a: Weavile|Knock Off|p1a: Mew
|-supereffective|p1a: Mew
|-damage|p1a: Mew|0 fnt
|faint|p1a: Mew
|
|upkeep
|
|t:|1653231457
|switch|p1a: MagicConch|Cloyster, M|100/100
|turn|5
|
|t:|1653231460
|switch|p2a: Heatran|Heatran, M|100/100
|-damage|p2a: Heatran|88/100|[from] Stealth Rock
|move|p1a: MagicConch|Shell Smash|p1a: MagicConch
|-unboost|p1a: MagicConch|def|1
|-unboost|p1a: MagicConch|spd|1
|-boost|p1a: MagicConch|atk|2
|-boost|p1a: MagicConch|spa|2
|-boost|p1a: MagicConch|spe|2
|
|-heal|p2a: Heatran|94/100|[from] item: Leftovers
|upkeep
|turn|6
|
|t:|1653231465
|move|p1a: MagicConch|Rock Blast|p2a: Heatran|[miss]
|-miss|p1a: MagicConch|p2a: Heatran
|move|p2a: Heatran|Magma Storm|p1a: MagicConch
|-enditem|p1a: MagicConch|Focus Sash
|-damage|p1a: MagicConch|1/100
|-activate|p1a: MagicConch|move: Magma Storm|[of] p2a: Heatran
|
|-heal|p2a: Heatran|100/100|[from] item: Leftovers
|-damage|p1a: MagicConch|0 fnt|[from] move: Magma Storm|[partiallytrapped]
|faint|p1a: MagicConch
|upkeep
|
|t:|1653231473
|switch|p1a: Adam West|Hawlucha, F|100/100
|turn|7
|
|t:|1653231476
|switch|p2a: Tapu Fini|Tapu Fini|100/100
|-damage|p2a: Tapu Fini|88/100|[from] Stealth Rock
|-fieldstart|move: Misty Terrain|[from] ability: Misty Surge|[of] p2a: Tapu Fini
|move|p1a: Adam West|Close Combat|p2a: Tapu Fini
|-resisted|p2a: Tapu Fini
|-damage|p2a: Tapu Fini|68/100
|-unboost|p1a: Adam West|def|1
|-unboost|p1a: Adam West|spd|1
|
|-heal|p2a: Tapu Fini|74/100|[from] item: Leftovers
|upkeep
|turn|8
|
|t:|1653231481
|switch|p1a: DK did it first|Rillaboom, M|100/100
|-fieldstart|move: Grassy Terrain|[from] ability: Grassy Surge|[of] p1a: DK did it first
|move|p2a: Tapu Fini|Draining Kiss|p1a: DK did it first
|-damage|p1a: DK did it first|78/100
|-heal|p2a: Tapu Fini|91/100|[from] drain|[of] p1a: DK did it first
|
|-heal|p1a: DK did it first|84/100|[from] Grassy Terrain
|-heal|p2a: Tapu Fini|97/100|[from] Grassy Terrain
|-heal|p2a: Tapu Fini|100/100|[from] item: Leftovers
|upkeep
|turn|9
|
|t:|1653231485
|switch|p2a: Heatran|Heatran, M|100/100
|-damage|p2a: Heatran|88/100|[from] Stealth Rock
|move|p1a: DK did it first|Swords Dance|p1a: DK did it first
|-boost|p1a: DK did it first|atk|2
|
|-heal|p1a: DK did it first|90/100|[from] Grassy Terrain
|-heal|p2a: Heatran|94/100|[from] Grassy Terrain
|-heal|p2a: Heatran|100/100|[from] item: Leftovers
|upkeep
|turn|10
|
|t:|1653231487
|switch|p2a: Landorus|Landorus-Therian, M|100/100
|-damage|p2a: Landorus|88/100|[from] Stealth Rock
|-ability|p2a: Landorus|Intimidate|boost
|-unboost|p1a: DK did it first|atk|1
|move|p1a: DK did it first|Drain Punch|p2a: Landorus
|-resisted|p2a: Landorus
|-damage|p2a: Landorus|64/100
|-heal|p1a: DK did it first|100/100|[from] drain|[of] p2a: Landorus
|-damage|p1a: DK did it first|91/100|[from] item: Life Orb
|
|-heal|p1a: DK did it first|97/100|[from] Grassy Terrain
|-heal|p2a: Landorus|70/100|[from] item: Leftovers
|upkeep
|turn|11
|
|t:|1653231490
|switch|p2a: Heatran|Heatran, M|100/100
|-damage|p2a: Heatran|88/100|[from] Stealth Rock
|move|p1a: DK did it first|Grassy Glide|p2a: Heatran
|-resisted|p2a: Heatran
|-damage|p2a: Heatran|67/100
|-status|p1a: DK did it first|brn|[from] ability: Flame Body|[of] p2a: Heatran
|-damage|p1a: DK did it first|87/100 brn|[from] item: Life Orb
|
|-heal|p1a: DK did it first|93/100 brn|[from] Grassy Terrain
|-heal|p2a: Heatran|73/100|[from] Grassy Terrain
|-heal|p2a: Heatran|79/100|[from] item: Leftovers
|-damage|p1a: DK did it first|87/100 brn|[from] brn
|upkeep
|turn|12
|
|t:|1653231506
|move|p1a: DK did it first|Drain Punch|p2a: Heatran
|-supereffective|p2a: Heatran
|-damage|p2a: Heatran|30/100
|-heal|p1a: DK did it first|100/100 brn|[from] drain|[of] p2a: Heatran
|-damage|p1a: DK did it first|91/100 brn|[from] item: Life Orb
|move|p2a: Heatran|Stealth Rock|p1a: DK did it first
|-sidestart|p1: rickylafleur420|move: Stealth Rock
|
|-heal|p1a: DK did it first|97/100 brn|[from] Grassy Terrain
|-heal|p2a: Heatran|36/100|[from] Grassy Terrain
|-heal|p2a: Heatran|42/100|[from] item: Leftovers
|-damage|p1a: DK did it first|91/100 brn|[from] brn
|-fieldend|move: Grassy Terrain
|upkeep
|turn|13
|
|t:|1653231511
|move|p1a: DK did it first|Drain Punch|p2a: Heatran
|-supereffective|p2a: Heatran
|-damage|p2a: Heatran|0 fnt
|-heal|p1a: DK did it first|100/100 brn|[from] drain|[of] p2a: Heatran
|faint|p2a: Heatran
|-damage|p1a: DK did it first|91/100 brn|[from] item: Life Orb
|
|-damage|p1a: DK did it first|84/100 brn|[from] brn
|upkeep
|
|t:|1653231514
|switch|p2a: Tapu Lele|Tapu Lele|100/100
|-damage|p2a: Tapu Lele|88/100|[from] Stealth Rock
|-fieldstart|move: Psychic Terrain|[from] ability: Psychic Surge|[of] p2a: Tapu Lele
|turn|14
|
|t:|1653231519
|switch|p1a: Okage|Gengar, M|100/100
|-damage|p1a: Okage|88/100|[from] Stealth Rock
|move|p2a: Tapu Lele|Moonblast|p1a: Okage
|-resisted|p1a: Okage
|-damage|p1a: Okage|21/100
|
|upkeep
|turn|15
|
|t:|1653231529
|switch|p2a: Landorus|Landorus-Therian, M|70/100
|-damage|p2a: Landorus|58/100|[from] Stealth Rock
|-ability|p2a: Landorus|Intimidate|boost
|-unboost|p1a: Okage|atk|1
|move|p1a: Okage|Shadow Ball|p2a: Landorus
|-damage|p2a: Landorus|29/100
|
|-heal|p2a: Landorus|35/100|[from] item: Leftovers
|upkeep
|turn|16
|
|t:|1653231546
|move|p1a: Okage|Shadow Ball|p2a: Landorus
|-damage|p2a: Landorus|3/100
|move|p2a: Landorus|Knock Off|p1a: Okage
|-supereffective|p1a: Okage
|-damage|p1a: Okage|0 fnt
|-enditem|p1a: Okage|Focus Sash|[from] move: Knock Off|[of] p2a: Landorus
|faint|p1a: Okage
|
|-heal|p2a: Landorus|9/100|[from] item: Leftovers
|upkeep
|
|t:|1653231551
|switch|p1a: DK did it first|Rillaboom, M|84/100 brn
|-damage|p1a: DK did it first|72/100 brn|[from] Stealth Rock
|-fieldstart|move: Grassy Terrain|[from] ability: Grassy Surge|[of] p1a: DK did it first
|turn|17
|
|t:|1653231555
|switch|p1a: Adam West|Hawlucha, F|100/100
|-damage|p1a: Adam West|88/100|[from] Stealth Rock
|-enditem|p1a: Adam West|Grassy Seed
|-boost|p1a: Adam West|def|1|[from] item: Grassy Seed
|move|p2a: Landorus|U-turn|p1a: Adam West
|-resisted|p1a: Adam West
|-damage|p1a: Adam West|84/100
|
|t:|1653231559
|switch|p2a: Tapu Fini|Tapu Fini|100/100|[from]move: U-turn
|-damage|p2a: Tapu Fini|88/100|[from] Stealth Rock
|-fieldstart|move: Misty Terrain|[from] ability: Misty Surge|[of] p2a: Tapu Fini
|
|-heal|p2a: Tapu Fini|94/100|[from] item: Leftovers
|upkeep
|turn|18
|
|t:|1653231562
|move|p1a: Adam West|Swords Dance|p1a: Adam West
|-boost|p1a: Adam West|atk|2
|move|p2a: Tapu Fini|Calm Mind|p2a: Tapu Fini
|-boost|p2a: Tapu Fini|spa|1
|-boost|p2a: Tapu Fini|spd|1
|
|-heal|p2a: Tapu Fini|100/100|[from] item: Leftovers
|upkeep
|turn|19
|j| testing3000
|
|t:|1653231566
|move|p1a: Adam West|Acrobatics|p2a: Tapu Fini
|-damage|p2a: Tapu Fini|23/100
|move|p2a: Tapu Fini|Draining Kiss|p1a: Adam West
|-supereffective|p1a: Adam West
|-damage|p1a: Adam West|1/100
|-heal|p2a: Tapu Fini|82/100|[from] drain|[of] p1a: Adam West
|
|-heal|p2a: Tapu Fini|88/100|[from] item: Leftovers
|upkeep
|turn|20
|
|t:|1653231570
|move|p1a: Adam West|Acrobatics|p2a: Tapu Fini
|-damage|p2a: Tapu Fini|16/100
|move|p2a: Tapu Fini|Scald|p1a: Adam West
|-damage|p1a: Adam West|0 fnt
|faint|p1a: Adam West
|
|-heal|p2a: Tapu Fini|22/100|[from] item: Leftovers
|upkeep
|
|t:|1653231575
|switch|p1a: DK did it first|Rillaboom, M|72/100 brn
|-damage|p1a: DK did it first|60/100 brn|[from] Stealth Rock
|-fieldstart|move: Grassy Terrain|[from] ability: Grassy Surge|[of] p1a: DK did it first
|turn|21
|
|t:|1653231579
|move|p1a: DK did it first|Grassy Glide|p2a: Tapu Fini
|-supereffective|p2a: Tapu Fini
|-damage|p2a: Tapu Fini|0 fnt
|faint|p2a: Tapu Fini
|-damage|p1a: DK did it first|50/100 brn|[from] item: Life Orb
|
|-heal|p1a: DK did it first|56/100 brn|[from] Grassy Terrain
|-damage|p1a: DK did it first|50/100 brn|[from] brn
|upkeep
|
|t:|1653231585
|switch|p2a: Tapu Lele|Tapu Lele|88/100
|-damage|p2a: Tapu Lele|76/100|[from] Stealth Rock
|-fieldstart|move: Psychic Terrain|[from] ability: Psychic Surge|[of] p2a: Tapu Lele
|turn|22
|
|t:|1653231592
|move|p2a: Tapu Lele|Focus Blast|p1a: DK did it first
|-damage|p1a: DK did it first|0 fnt
|faint|p1a: DK did it first
|
|upkeep
|
|t:|1653231595
|switch|p1a: Zero|Bisharp, F|70/100
|-damage|p1a: Zero|64/100|[from] Stealth Rock
|turn|23
|
|t:|1653231601
|move|p2a: Tapu Lele|Focus Blast|p1a: Zero
|-supereffective|p1a: Zero
|-damage|p1a: Zero|0 fnt
|faint|p1a: Zero
|
|win|tanishq1
|raw|rickylafleur420's rating: 1707 &rarr; <strong>1689</strong><br />(-18 for losing)
|raw|tanishq1's rating: 1743 &rarr; <strong>1761</strong><br />(+18 for winning)
|l|☆rickylafleur420
|l|☆tanishq1
|l| testing3000
||Ladder isn't responding, score probably updated but might not have (Request timeout).
