|html|<div class="broadcast-blue"><strong>[Gen 8] OU is currently suspecting Melmetal! For information on how to participate check out the <a href="https://www.smogon.com/forums/threads/np-ss-ou-suspect-process-round-12-monster-mash.3709234/">suspect thread</a>.</strong></div>
|j|☆ultimategoogolplex
|j|☆Run For Me Plz
|t:|1666561174
|gametype|singles
|player|p1|ultimategoogolplex|101|1668
|player|p2|Run For Me Plz|zinnia|1760
|teamsize|p1|6
|teamsize|p2|6
|gen|8
|tier|[Gen 8] OU
|rated|
|rule|Sleep Clause Mod: Limit one foe put to sleep
|rule|Species Clause: Limit one of each Pokémon
|rule|OHKO Clause: OHKO moves are banned
|rule|Evasion Items Clause: Evasion items are banned
|rule|Evasion Moves Clause: Evasion moves are banned
|rule|Endless Battle Clause: Forcing endless battles is banned
|rule|HP Percentage Mod: HP is shown in percentages
|rule|Dynamax Clause: You cannot dynamax
|clearpoke
|poke|p1|Weavile, M|
|poke|p1|Volcanion|
|poke|p1|Zapdos|
|poke|p1|Landorus-Therian, M|
|poke|p1|Kartana|
|poke|p1|Melmetal|
|poke|p2|Tyranitar, F|
|poke|p2|Buzzwole|
|poke|p2|Slowking, M|
|poke|p2|Hippowdon, M|
|poke|p2|Zapdos|
|poke|p2|Toxapex, F|
|teampreview
|inactive|Battle timer is ON: inactive players will automatically lose when time's up. (requested by ultimategoogolplex)
|
|t:|1666561201
|start
|switch|p1a: Landorus|Landorus-Therian, M|100/100
|switch|p2a: Zapdos|Zapdos, shiny|100/100
|-ability|p1a: Landorus|Intimidate|boost
|-unboost|p2a: Zapdos|atk|1
|turn|1
|
|t:|1666561213
|switch|p1a: Melmetal|Melmetal|100/100
|move|p2a: Zapdos|Toxic|p1a: Melmetal|[miss]
|-miss|p2a: Zapdos|p1a: Melmetal
|
|upkeep
|turn|2
|
|t:|1666561220
|move|p2a: Zapdos|Discharge|p1a: Melmetal
|-damage|p1a: Melmetal|83/100
|move|p1a: Melmetal|Ice Punch|p2a: Zapdos
|-supereffective|p2a: Zapdos
|-damage|p2a: Zapdos|51/100
|
|upkeep
|turn|3
|
|t:|1666561227
|move|p2a: Zapdos|Roost|p2a: Zapdos
|-heal|p2a: Zapdos|100/100
|-singleturn|p2a: Zapdos|move: Roost
|move|p1a: Melmetal|Earthquake|p2a: Zapdos
|-supereffective|p2a: Zapdos
|-damage|p2a: Zapdos|47/100
|
|upkeep
|turn|4
|
|t:|1666561237
|switch|p1a: Zapdos|Zapdos|100/100
|move|p2a: Zapdos|Roost|p2a: Zapdos
|-heal|p2a: Zapdos|97/100
|-singleturn|p2a: Zapdos|move: Roost
|
|upkeep
|turn|5
|
|t:|1666561244
|switch|p1a: Landorus|Landorus-Therian, M|100/100
|-ability|p1a: Landorus|Intimidate|boost
|-unboost|p2a: Zapdos|atk|1
|move|p2a: Zapdos|Toxic|p1a: Landorus
|-status|p1a: Landorus|tox
|
|-damage|p1a: Landorus|94/100 tox|[from] psn
|upkeep
|turn|6
|
|t:|1666561252
|switch|p2a: Hippowdon|Hippowdon, M, shiny|100/100
|-weather|Sandstorm|[from] ability: Sand Stream|[of] p2a: Hippowdon
|move|p1a: Landorus|Toxic|p2a: Hippowdon
|-status|p2a: Hippowdon|tox
|
|-weather|Sandstorm|[upkeep]
|-heal|p1a: Landorus|100/100 tox|[from] item: Leftovers
|-damage|p1a: Landorus|88/100 tox|[from] psn
|-damage|p2a: Hippowdon|94/100 tox|[from] psn
|upkeep
|turn|7
|
|t:|1666561267
|switch|p1a: Kartana|Kartana|100/100
|move|p2a: Hippowdon|Stealth Rock|p1a: Kartana
|-sidestart|p1: ultimategoogolplex|move: Stealth Rock
|
|-weather|Sandstorm|[upkeep]
|-heal|p2a: Hippowdon|100/100 tox|[from] item: Leftovers
|-damage|p2a: Hippowdon|88/100 tox|[from] psn
|upkeep
|turn|8
|
|t:|1666561279
|switch|p2a: Toxapex|Toxapex, F, shiny|100/100
|move|p1a: Kartana|Knock Off|p2a: Toxapex
|-damage|p2a: Toxapex|64/100
|-enditem|p2a: Toxapex|Black Sludge|[from] move: Knock Off|[of] p1a: Kartana
|
|-weather|Sandstorm|[upkeep]
|-damage|p2a: Toxapex|57/100|[from] Sandstorm
|upkeep
|turn|9
|
|t:|1666561299
|switch|p1a: Zapdos|Zapdos|100/100
|move|p2a: Toxapex|Knock Off|p1a: Zapdos
|-damage|p1a: Zapdos|89/100
|-status|p2a: Toxapex|par|[from] ability: Static|[of] p1a: Zapdos
|-enditem|p1a: Zapdos|Heavy-Duty Boots|[from] move: Knock Off|[of] p2a: Toxapex
|
|-weather|Sandstorm|[upkeep]
|-damage|p1a: Zapdos|83/100|[from] Sandstorm
|-damage|p2a: Toxapex|51/100 par|[from] Sandstorm
|upkeep
|turn|10
|
|t:|1666561308
|switch|p2a: Tyranitar|Tyranitar, F, shiny|100/100
|move|p1a: Zapdos|Defog|p2a: Tyranitar
|-unboost|p2a: Tyranitar|evasion|1
|-sideend|p1: ultimategoogolplex|Stealth Rock|[from] move: Defog|[of] p1a: Zapdos
|
|-weather|none
|upkeep
|turn|11
|
|t:|1666561315
|move|p1a: Zapdos|Volt Switch|p2a: Tyranitar
|-damage|p2a: Tyranitar|74/100
|
|t:|1666561319
|switch|p1a: Melmetal|Melmetal|83/100|[from]move: Volt Switch
|move|p2a: Tyranitar|Stone Edge|p1a: Melmetal|[miss]
|-miss|p2a: Tyranitar|p1a: Melmetal
|
|upkeep
|turn|12
|
|t:|1666561328
|switch|p2a: Zapdos|Zapdos, shiny|97/100
|move|p1a: Melmetal|Earthquake|p2a: Zapdos
|-immune|p2a: Zapdos
|
|upkeep
|turn|13
|
|t:|1666561339
|switch|p1a: Zapdos|Zapdos|83/100
|move|p2a: Zapdos|Discharge|p1a: Zapdos
|-damage|p1a: Zapdos|49/100
|
|upkeep
|turn|14
|
|t:|1666561348
|switch|p2a: Hippowdon|Hippowdon, M, shiny|88/100 tox
|-weather|Sandstorm|[from] ability: Sand Stream|[of] p2a: Hippowdon
|move|p1a: Zapdos|Roost|p1a: Zapdos
|-heal|p1a: Zapdos|99/100
|-singleturn|p1a: Zapdos|move: Roost
|
|-weather|Sandstorm|[upkeep]
|-damage|p1a: Zapdos|93/100|[from] Sandstorm
|-heal|p2a: Hippowdon|94/100 tox|[from] item: Leftovers
|-damage|p2a: Hippowdon|88/100 tox|[from] psn
|upkeep
|turn|15
|
|t:|1666561359
|switch|p1a: Landorus|Landorus-Therian, M|88/100 tox
|-ability|p1a: Landorus|Intimidate|boost
|-unboost|p2a: Hippowdon|atk|1
|move|p2a: Hippowdon|Stealth Rock|p1a: Landorus
|-sidestart|p1: ultimategoogolplex|move: Stealth Rock
|
|-weather|Sandstorm|[upkeep]
|-heal|p1a: Landorus|94/100 tox|[from] item: Leftovers
|-heal|p2a: Hippowdon|94/100 tox|[from] item: Leftovers
|-damage|p1a: Landorus|88/100 tox|[from] psn
|-damage|p2a: Hippowdon|82/100 tox|[from] psn
|upkeep
|turn|16
|
|t:|1666561372
|switch|p2a: Toxapex|Toxapex, F, shiny|84/100 par
|move|p1a: Landorus|Stealth Rock|p2a: Toxapex
|-sidestart|p2: Run For Me Plz|move: Stealth Rock
|
|-weather|Sandstorm|[upkeep]
|-damage|p2a: Toxapex|78/100 par|[from] Sandstorm
|-heal|p1a: Landorus|94/100 tox|[from] item: Leftovers
|-damage|p1a: Landorus|82/100 tox|[from] psn
|upkeep
|turn|17
|
|t:|1666561381
|switch|p2a: Zapdos|Zapdos, shiny|97/100
|move|p1a: Landorus|Earthquake|p2a: Zapdos
|-immune|p2a: Zapdos
|
|-weather|Sandstorm|[upkeep]
|-damage|p2a: Zapdos|91/100|[from] Sandstorm
|-heal|p1a: Landorus|88/100 tox|[from] item: Leftovers
|-damage|p1a: Landorus|70/100 tox|[from] psn
|upkeep
|turn|18
|
|t:|1666561391
|switch|p1a: Zapdos|Zapdos|93/100
|-damage|p1a: Zapdos|68/100|[from] Stealth Rock
|switch|p2a: Toxapex|Toxapex, F, shiny|100/100 par
|-damage|p2a: Toxapex|88/100 par|[from] Stealth Rock
|
|-weather|none
|upkeep
|turn|19
|
|t:|1666561399
|move|p1a: Zapdos|Defog|p2a: Toxapex
|-unboost|p2a: Toxapex|evasion|1
|-sideend|p2: Run For Me Plz|Stealth Rock|[from] move: Defog|[of] p1a: Zapdos
|-sideend|p1: ultimategoogolplex|Stealth Rock|[from] move: Defog|[of] p1a: Zapdos
|move|p2a: Toxapex|Recover|p2a: Toxapex
|-heal|p2a: Toxapex|100/100 par
|
|upkeep
|turn|20
|
|t:|1666561409
|move|p1a: Zapdos|Hurricane|p2a: Toxapex
|-damage|p2a: Toxapex|72/100 par
|cant|p2a: Toxapex|par
|
|upkeep
|turn|21
|
|t:|1666561417
|switch|p1a: Kartana|Kartana|100/100
|switch|p2a: Hippowdon|Hippowdon, M, shiny|82/100 tox
|-weather|Sandstorm|[from] ability: Sand Stream|[of] p2a: Hippowdon
|
|-weather|Sandstorm|[upkeep]
|-heal|p2a: Hippowdon|88/100 tox|[from] item: Leftovers
|-damage|p2a: Hippowdon|82/100 tox|[from] psn
|upkeep
|turn|22
|
|t:|1666561427
|switch|p2a: Toxapex|Toxapex, F, shiny|100/100 par
|move|p1a: Kartana|Knock Off|p2a: Toxapex
|-damage|p2a: Toxapex|78/100 par
|
|-weather|Sandstorm|[upkeep]
|-damage|p2a: Toxapex|72/100 par|[from] Sandstorm
|upkeep
|turn|23
|
|t:|1666561436
|switch|p1a: Zapdos|Zapdos|68/100
|move|p2a: Toxapex|Poison Jab|p1a: Zapdos
|-damage|p1a: Zapdos|55/100
|
|-weather|Sandstorm|[upkeep]
|-damage|p1a: Zapdos|49/100|[from] Sandstorm
|-damage|p2a: Toxapex|65/100 par|[from] Sandstorm
|upkeep
|turn|24
|
|t:|1666561445
|switch|p2a: Slowking|Slowking, M, shiny|100/100
|move|p1a: Zapdos|Hurricane|p2a: Slowking
|-damage|p2a: Slowking|71/100
|
|-weather|Sandstorm|[upkeep]
|-damage|p1a: Zapdos|43/100|[from] Sandstorm
|-damage|p2a: Slowking|65/100|[from] Sandstorm
|upkeep
|turn|25
|
|t:|1666561452
|move|p1a: Zapdos|Roost|p1a: Zapdos
|-heal|p1a: Zapdos|93/100
|-singleturn|p1a: Zapdos|move: Roost
|move|p2a: Slowking|Scald|p1a: Zapdos
|-damage|p1a: Zapdos|66/100
|-status|p1a: Zapdos|brn
|
|-weather|none
|-damage|p1a: Zapdos|60/100 brn|[from] brn
|upkeep
|turn|26
|
|t:|1666561462
|switch|p2a: Hippowdon|Hippowdon, M, shiny|82/100 tox
|-weather|Sandstorm|[from] ability: Sand Stream|[of] p2a: Hippowdon
|move|p1a: Zapdos|Roost|p1a: Zapdos
|-heal|p1a: Zapdos|100/100 brn
|-singleturn|p1a: Zapdos|move: Roost
|
|-weather|Sandstorm|[upkeep]
|-damage|p1a: Zapdos|94/100 brn|[from] Sandstorm
|-heal|p2a: Hippowdon|88/100 tox|[from] item: Leftovers
|-damage|p2a: Hippowdon|82/100 tox|[from] psn
|-damage|p1a: Zapdos|88/100 brn|[from] brn
|upkeep
|turn|27
|j| Shotintheheart
|
|t:|1666561475
|move|p1a: Zapdos|Hurricane|p2a: Hippowdon
|-damage|p2a: Hippowdon|51/100 tox
|move|p2a: Hippowdon|Stealth Rock|p1a: Zapdos
|-sidestart|p1: ultimategoogolplex|move: Stealth Rock
|
|-weather|Sandstorm|[upkeep]
|-damage|p1a: Zapdos|82/100 brn|[from] Sandstorm
|-heal|p2a: Hippowdon|57/100 tox|[from] item: Leftovers
|-damage|p2a: Hippowdon|45/100 tox|[from] psn
|-damage|p1a: Zapdos|76/100 brn|[from] brn
|upkeep
|turn|28
|
|t:|1666561485
|move|p1a: Zapdos|Defog|p2a: Hippowdon
|-unboost|p2a: Hippowdon|evasion|1
|-sideend|p1: ultimategoogolplex|Stealth Rock|[from] move: Defog|[of] p1a: Zapdos
|move|p2a: Hippowdon|Slack Off|p2a: Hippowdon
|-heal|p2a: Hippowdon|95/100 tox
|
|-weather|Sandstorm|[upkeep]
|-damage|p1a: Zapdos|70/100 brn|[from] Sandstorm
|-heal|p2a: Hippowdon|100/100 tox|[from] item: Leftovers
|-damage|p2a: Hippowdon|82/100 tox|[from] psn
|-damage|p1a: Zapdos|64/100 brn|[from] brn
|upkeep
|turn|29
|
|t:|1666561495
|switch|p2a: Slowking|Slowking, M, shiny|98/100
|move|p1a: Zapdos|Hurricane|p2a: Slowking|[miss]
|-miss|p1a: Zapdos|p2a: Slowking
|
|-weather|Sandstorm|[upkeep]
|-damage|p1a: Zapdos|58/100 brn|[from] Sandstorm
|-damage|p2a: Slowking|92/100|[from] Sandstorm
|-damage|p1a: Zapdos|52/100 brn|[from] brn
|upkeep
|turn|30
|l| Shotintheheart
|
|t:|1666561504
|move|p1a: Zapdos|Roost|p1a: Zapdos
|-heal|p1a: Zapdos|100/100 brn
|-singleturn|p1a: Zapdos|move: Roost
|move|p2a: Slowking|Future Sight|p1a: Zapdos
|-start|p2a: Slowking|move: Future Sight
|
|-weather|none
|-damage|p1a: Zapdos|94/100 brn|[from] brn
|upkeep
|turn|31
|
|t:|1666561511
|move|p1a: Zapdos|Volt Switch|p2a: Slowking
|-supereffective|p2a: Slowking
|-damage|p2a: Slowking|58/100
|
|t:|1666561519
|switch|p1a: Weavile|Weavile, M|100/100|[from]move: Volt Switch
|-ability|p1a: Weavile|Pressure
|move|p2a: Slowking|Teleport|p2a: Slowking
|
|t:|1666561524
|switch|p2a: Buzzwole|Buzzwole, shiny|100/100|[from]move: Teleport
|
|upkeep
|turn|32
|
|t:|1666561543
|switch|p1a: Zapdos|Zapdos|94/100 brn
|move|p2a: Buzzwole|Ice Punch|p1a: Zapdos
|-supereffective|p1a: Zapdos
|-damage|p1a: Zapdos|60/100 brn
|-status|p2a: Buzzwole|par|[from] ability: Static|[of] p1a: Zapdos
|
|-end|p1a: Zapdos|move: Future Sight
|-damage|p1a: Zapdos|20/100 brn
|-damage|p1a: Zapdos|14/100 brn|[from] brn
|upkeep
|turn|33
|
|t:|1666561553
|switch|p2a: Tyranitar|Tyranitar, F, shiny|74/100
|-weather|Sandstorm|[from] ability: Sand Stream|[of] p2a: Tyranitar
|move|p1a: Zapdos|Roost|p1a: Zapdos
|-heal|p1a: Zapdos|64/100 brn
|-singleturn|p1a: Zapdos|move: Roost
|
|-weather|Sandstorm|[upkeep]
|-damage|p1a: Zapdos|58/100 brn|[from] Sandstorm
|-damage|p1a: Zapdos|52/100 brn|[from] brn
|upkeep
|turn|34
|
|t:|1666561565
|move|p1a: Zapdos|Volt Switch|p2a: Tyranitar
|-damage|p2a: Tyranitar|55/100
|
|t:|1666561568
|switch|p1a: Melmetal|Melmetal|83/100|[from]move: Volt Switch
|move|p2a: Tyranitar|Crunch|p1a: Melmetal
|-damage|p1a: Melmetal|46/100
|
|-weather|Sandstorm|[upkeep]
|upkeep
|turn|35
|
|t:|1666561582
|switch|p2a: Zapdos|Zapdos, shiny|91/100
|move|p1a: Melmetal|Earthquake|p2a: Zapdos
|-immune|p2a: Zapdos
|
|-weather|Sandstorm|[upkeep]
|-damage|p2a: Zapdos|85/100|[from] Sandstorm
|upkeep
|turn|36
|
|t:|1666561591
|move|p2a: Zapdos|Discharge|p1a: Melmetal
|-damage|p1a: Melmetal|29/100
|move|p1a: Melmetal|Ice Punch|p2a: Zapdos
|-supereffective|p2a: Zapdos
|-damage|p2a: Zapdos|34/100
|
|-weather|Sandstorm|[upkeep]
|-damage|p2a: Zapdos|28/100|[from] Sandstorm
|upkeep
|turn|37
|
|t:|1666561606
|switch|p1a: Weavile|Weavile, M|100/100
|-ability|p1a: Weavile|Pressure
|move|p2a: Zapdos|Discharge|p1a: Weavile
|-damage|p1a: Weavile|57/100
|
|-weather|none
|upkeep
|turn|38
|
|t:|1666561615
|switch|p2a: Buzzwole|Buzzwole, shiny|100/100 par
|move|p1a: Weavile|Knock Off|p2a: Buzzwole
|-resisted|p2a: Buzzwole
|-damage|p2a: Buzzwole|82/100 par
|-enditem|p2a: Buzzwole|Heavy-Duty Boots|[from] move: Knock Off|[of] p1a: Weavile
|
|upkeep
|turn|39
|
|t:|1666561624
|switch|p1a: Zapdos|Zapdos|52/100 brn
|move|p2a: Buzzwole|Drain Punch|p1a: Zapdos
|-resisted|p1a: Zapdos
|-damage|p1a: Zapdos|39/100 brn
|-heal|p2a: Buzzwole|88/100 par|[from] drain|[of] p1a: Zapdos
|
|-damage|p1a: Zapdos|33/100 brn|[from] brn
|upkeep
|turn|40
|
|t:|1666561632
|switch|p2a: Tyranitar|Tyranitar, F, shiny|55/100
|-weather|Sandstorm|[from] ability: Sand Stream|[of] p2a: Tyranitar
|move|p1a: Zapdos|Roost|p1a: Zapdos
|-heal|p1a: Zapdos|83/100 brn
|-singleturn|p1a: Zapdos|move: Roost
|
|-weather|Sandstorm|[upkeep]
|-damage|p1a: Zapdos|77/100 brn|[from] Sandstorm
|-damage|p1a: Zapdos|71/100 brn|[from] brn
|upkeep
|turn|41
|
|t:|1666561644
|move|p1a: Zapdos|Volt Switch|p2a: Tyranitar
|-damage|p2a: Tyranitar|35/100
|
|t:|1666561647
|switch|p1a: Landorus|Landorus-Therian, M|70/100 tox|[from]move: Volt Switch
|-ability|p1a: Landorus|Intimidate|boost
|-unboost|p2a: Tyranitar|atk|1
|move|p2a: Tyranitar|Stone Edge|p1a: Landorus|[miss]
|-miss|p2a: Tyranitar|p1a: Landorus
|
|-weather|Sandstorm|[upkeep]
|-heal|p1a: Landorus|76/100 tox|[from] item: Leftovers
|-damage|p1a: Landorus|70/100 tox|[from] psn
|upkeep
|turn|42
|c|☆Run For Me Plz|Love this game
|
|t:|1666561661
|switch|p2a: Hippowdon|Hippowdon, M, shiny|82/100 tox
|move|p1a: Landorus|U-turn|p2a: Hippowdon
|-damage|p2a: Hippowdon|66/100 tox
|
|t:|1666561668
|switch|p1a: Kartana|Kartana|100/100|[from]move: U-turn
|
|-weather|Sandstorm|[upkeep]
|-heal|p2a: Hippowdon|72/100 tox|[from] item: Leftovers
|-damage|p2a: Hippowdon|66/100 tox|[from] psn
|upkeep
|turn|43
|
|t:|1666561677
|switch|p2a: Buzzwole|Buzzwole, shiny|88/100 par
|move|p1a: Kartana|Smart Strike|p2a: Buzzwole
|-damage|p2a: Buzzwole|63/100 par
|
|-weather|Sandstorm|[upkeep]
|-damage|p2a: Buzzwole|57/100 par|[from] Sandstorm
|upkeep
|turn|44
|
|t:|1666561685
|switch|p1a: Volcanion|Volcanion|100/100
|cant|p2a: Buzzwole|par
|
|-weather|none
|upkeep
|turn|45
|
|t:|1666561691
|switch|p1a: Kartana|Kartana|100/100
|switch|p2a: Slowking|Slowking, M, shiny|92/100
|
|upkeep
|turn|46
|
|t:|1666561700
|switch|p2a: Zapdos|Zapdos, shiny|28/100
|move|p1a: Kartana|Smart Strike|p2a: Zapdos
|-resisted|p2a: Zapdos
|-damage|p2a: Zapdos|12/100
|-status|p1a: Kartana|par|[from] ability: Static|[of] p2a: Zapdos
|
|upkeep
|turn|47
|
|t:|1666561712
|move|p1a: Kartana|Smart Strike|p2a: Zapdos
|-resisted|p2a: Zapdos
|-damage|p2a: Zapdos|0 fnt
|faint|p2a: Zapdos
|-ability|p1a: Kartana|Beast Boost|boost
|-boost|p1a: Kartana|atk|1
|
|upkeep
|
|t:|1666561714
|switch|p2a: Buzzwole|Buzzwole, shiny|57/100 par
|turn|48
|
|t:|1666561721
|switch|p1a: Zapdos|Zapdos|71/100 brn
|cant|p2a: Buzzwole|par
|
|-damage|p1a: Zapdos|65/100 brn|[from] brn
|upkeep
|turn|49
|
|t:|1666561727
|switch|p2a: Hippowdon|Hippowdon, M, shiny|66/100 tox
|-weather|Sandstorm|[from] ability: Sand Stream|[of] p2a: Hippowdon
|move|p1a: Zapdos|Hurricane|p2a: Hippowdon
|-damage|p2a: Hippowdon|30/100 tox
|
|-weather|Sandstorm|[upkeep]
|-damage|p1a: Zapdos|59/100 brn|[from] Sandstorm
|-heal|p2a: Hippowdon|36/100 tox|[from] item: Leftovers
|-damage|p2a: Hippowdon|30/100 tox|[from] psn
|-damage|p1a: Zapdos|53/100 brn|[from] brn
|upkeep
|turn|50
|
|t:|1666561740
|switch|p2a: Slowking|Slowking, M, shiny|100/100
|move|p1a: Zapdos|Hurricane|p2a: Slowking
|-damage|p2a: Slowking|75/100
|
|-weather|Sandstorm|[upkeep]
|-damage|p1a: Zapdos|47/100 brn|[from] Sandstorm
|-damage|p2a: Slowking|69/100|[from] Sandstorm
|-damage|p1a: Zapdos|41/100 brn|[from] brn
|upkeep
|turn|51
|
|t:|1666561749
|move|p1a: Zapdos|Roost|p1a: Zapdos
|-heal|p1a: Zapdos|91/100 brn
|-singleturn|p1a: Zapdos|move: Roost
|move|p2a: Slowking|Slack Off|p2a: Slowking
|-heal|p2a: Slowking|100/100
|
|-weather|Sandstorm|[upkeep]
|-damage|p1a: Zapdos|85/100 brn|[from] Sandstorm
|-damage|p2a: Slowking|94/100|[from] Sandstorm
|-damage|p1a: Zapdos|79/100 brn|[from] brn
|upkeep
|turn|52
|
|t:|1666561758
|move|p1a: Zapdos|Volt Switch|p2a: Slowking
|-supereffective|p2a: Slowking
|-damage|p2a: Slowking|58/100
|
|t:|1666561762
|switch|p1a: Volcanion|Volcanion|100/100|[from]move: Volt Switch
|move|p2a: Slowking|Teleport|p2a: Slowking
|
|t:|1666561767
|switch|p2a: Toxapex|Toxapex, F, shiny|99/100 par|[from]move: Teleport
|
|-weather|Sandstorm|[upkeep]
|-damage|p1a: Volcanion|95/100|[from] Sandstorm
|-damage|p2a: Toxapex|92/100 par|[from] Sandstorm
|upkeep
|turn|53
|
|t:|1666561777
|switch|p1a: Zapdos|Zapdos|79/100 brn
|move|p2a: Toxapex|Knock Off|p1a: Zapdos
|-damage|p1a: Zapdos|72/100 brn
|
|-weather|none
|-damage|p1a: Zapdos|66/100 brn|[from] brn
|upkeep
|turn|54
|
|t:|1666561783
|switch|p2a: Hippowdon|Hippowdon, M, shiny|30/100 tox
|-weather|Sandstorm|[from] ability: Sand Stream|[of] p2a: Hippowdon
|move|p1a: Zapdos|Volt Switch|p2a: Hippowdon
|-immune|p2a: Hippowdon
|
|-weather|Sandstorm|[upkeep]
|-damage|p1a: Zapdos|60/100 brn|[from] Sandstorm
|-heal|p2a: Hippowdon|36/100 tox|[from] item: Leftovers
|-damage|p2a: Hippowdon|30/100 tox|[from] psn
|-damage|p1a: Zapdos|54/100 brn|[from] brn
|upkeep
|turn|55
|
|t:|1666561795
|switch|p2a: Slowking|Slowking, M, shiny|91/100
|move|p1a: Zapdos|Hurricane|p2a: Slowking
|-damage|p2a: Slowking|64/100
|
|-weather|Sandstorm|[upkeep]
|-damage|p1a: Zapdos|47/100 brn|[from] Sandstorm
|-damage|p2a: Slowking|58/100|[from] Sandstorm
|-damage|p1a: Zapdos|41/100 brn|[from] brn
|upkeep
|turn|56
|
|t:|1666561805
|move|p1a: Zapdos|Roost|p1a: Zapdos
|-heal|p1a: Zapdos|92/100 brn
|-singleturn|p1a: Zapdos|move: Roost
|move|p2a: Slowking|Slack Off|p2a: Slowking
|-heal|p2a: Slowking|100/100
|
|-weather|Sandstorm|[upkeep]
|-damage|p1a: Zapdos|86/100 brn|[from] Sandstorm
|-damage|p2a: Slowking|94/100|[from] Sandstorm
|-damage|p1a: Zapdos|80/100 brn|[from] brn
|upkeep
|turn|57
|
|t:|1666561815
|switch|p1a: Volcanion|Volcanion|95/100
|move|p2a: Slowking|Scald|p1a: Volcanion
|-heal|p1a: Volcanion|100/100|[from] ability: Water Absorb|[of] p2a: Slowking
|
|-weather|Sandstorm|[upkeep]
|-damage|p1a: Volcanion|95/100|[from] Sandstorm
|-damage|p2a: Slowking|88/100|[from] Sandstorm
|upkeep
|turn|58
|
|t:|1666561824
|move|p1a: Volcanion|Earth Power|p2a: Slowking
|-damage|p2a: Slowking|58/100
|-unboost|p2a: Slowking|spd|1
|move|p2a: Slowking|Teleport|p2a: Slowking
|
|t:|1666561831
|switch|p2a: Toxapex|Toxapex, F, shiny|100/100 par|[from]move: Teleport
|
|-weather|none
|upkeep
|turn|59
|
|t:|1666561836
|switch|p1a: Zapdos|Zapdos|80/100 brn
|switch|p2a: Slowking|Slowking, M, shiny|92/100
|
|-damage|p1a: Zapdos|74/100 brn|[from] brn
|upkeep
|turn|60
|
|t:|1666561842
|move|p1a: Zapdos|Volt Switch|p2a: Slowking
|-supereffective|p2a: Slowking
|-damage|p2a: Slowking|54/100
|
|t:|1666561847
|switch|p1a: Kartana|Kartana|100/100 par|[from]move: Volt Switch
|move|p2a: Slowking|Scald|p1a: Kartana
|-resisted|p1a: Kartana
|-damage|p1a: Kartana|60/100 par
|
|upkeep
|turn|61
|
|t:|1666561858
|switch|p1a: Volcanion|Volcanion|95/100
|switch|p2a: Toxapex|Toxapex, F, shiny|100/100 par
|
|upkeep
|turn|62
|
|t:|1666561864
|switch|p1a: Zapdos|Zapdos|74/100 brn
|switch|p2a: Slowking|Slowking, M, shiny|87/100
|
|-damage|p1a: Zapdos|68/100 brn|[from] brn
|upkeep
|turn|63
|
|t:|1666561870
|move|p1a: Zapdos|Hurricane|p2a: Slowking
|-damage|p2a: Slowking|61/100
|move|p2a: Slowking|Slack Off|p2a: Slowking
|-heal|p2a: Slowking|100/100
|
|-damage|p1a: Zapdos|62/100 brn|[from] brn
|upkeep
|turn|64
|
|t:|1666561878
|move|p1a: Zapdos|Volt Switch|p2a: Slowking
|-supereffective|p2a: Slowking
|-damage|p2a: Slowking|62/100
|
|t:|1666561883
|switch|p1a: Volcanion|Volcanion|95/100|[from]move: Volt Switch
|move|p2a: Slowking|Teleport|p2a: Slowking
|
|t:|1666561887
|switch|p2a: Tyranitar|Tyranitar, F, shiny|35/100|[from]move: Teleport
|-weather|Sandstorm|[from] ability: Sand Stream|[of] p2a: Tyranitar
|
|-weather|Sandstorm|[upkeep]
|-damage|p1a: Volcanion|89/100|[from] Sandstorm
|upkeep
|turn|65
|
|t:|1666561896
|switch|p2a: Toxapex|Toxapex, F, shiny|100/100 par
|move|p1a: Volcanion|Earth Power|p2a: Toxapex
|-supereffective|p2a: Toxapex
|-damage|p2a: Toxapex|46/100 par
|
|-weather|Sandstorm|[upkeep]
|-damage|p1a: Volcanion|83/100|[from] Sandstorm
|-damage|p2a: Toxapex|40/100 par|[from] Sandstorm
|upkeep
|turn|66
|
|t:|1666561904
|switch|p1a: Kartana|Kartana|60/100 par
|switch|p2a: Slowking|Slowking, M, shiny|96/100
|
|-weather|Sandstorm|[upkeep]
|-damage|p2a: Slowking|90/100|[from] Sandstorm
|upkeep
|turn|67
|
|t:|1666561911
|switch|p2a: Toxapex|Toxapex, F, shiny|73/100 par
|move|p1a: Kartana|Smart Strike|p2a: Toxapex
|-resisted|p2a: Toxapex
|-damage|p2a: Toxapex|55/100 par
|
|-weather|Sandstorm|[upkeep]
|-damage|p2a: Toxapex|49/100 par|[from] Sandstorm
|upkeep
|turn|68
|
|t:|1666561920
|switch|p1a: Zapdos|Zapdos|62/100 brn
|switch|p2a: Buzzwole|Buzzwole, shiny|57/100 par
|
|-weather|none
|-damage|p1a: Zapdos|56/100 brn|[from] brn
|upkeep
|turn|69
|
|t:|1666561927
|switch|p2a: Slowking|Slowking, M, shiny|100/100
|move|p1a: Zapdos|Volt Switch|p2a: Slowking
|-supereffective|p2a: Slowking
|-damage|p2a: Slowking|69/100
|
|t:|1666561932
|switch|p1a: Weavile|Weavile, M|57/100|[from]move: Volt Switch
|-ability|p1a: Weavile|Pressure
|
|upkeep
|turn|70
|
|t:|1666561942
|switch|p2a: Hippowdon|Hippowdon, M, shiny|30/100 tox
|-weather|Sandstorm|[from] ability: Sand Stream|[of] p2a: Hippowdon
|move|p1a: Weavile|Triple Axel|p2a: Hippowdon|[miss]
|-miss|p1a: Weavile|p2a: Hippowdon
|
|-weather|Sandstorm|[upkeep]
|-damage|p1a: Weavile|51/100|[from] Sandstorm
|-heal|p2a: Hippowdon|36/100 tox|[from] item: Leftovers
|-damage|p2a: Hippowdon|30/100 tox|[from] psn
|upkeep
|turn|71
|
|t:|1666561953
|switch|p2a: Toxapex|Toxapex, F, shiny|82/100 par
|move|p1a: Weavile|Triple Axel|p2a: Toxapex
|-resisted|p2a: Toxapex
|-damage|p2a: Toxapex|75/100 par
|-resisted|p2a: Toxapex
|-damage|p2a: Toxapex|61/100 par
|-resisted|p2a: Toxapex
|-crit|p2a: Toxapex
|-damage|p2a: Toxapex|33/100 par
|-hitcount|p2a: Toxapex|3
|
|-weather|Sandstorm|[upkeep]
|-damage|p1a: Weavile|45/100|[from] Sandstorm
|-damage|p2a: Toxapex|26/100 par|[from] Sandstorm
|upkeep
|turn|72
|
|t:|1666561973
|move|p1a: Weavile|Triple Axel|p2a: Toxapex
|-resisted|p2a: Toxapex
|-damage|p2a: Toxapex|21/100 par
|-resisted|p2a: Toxapex
|-damage|p2a: Toxapex|9/100 par
|-resisted|p2a: Toxapex
|-crit|p2a: Toxapex
|-damage|p2a: Toxapex|0 fnt
|faint|p2a: Toxapex
|-hitcount|p2: Toxapex|3
|
|-weather|Sandstorm|[upkeep]
|-damage|p1a: Weavile|39/100|[from] Sandstorm
|upkeep
|
|t:|1666561975
|switch|p2a: Buzzwole|Buzzwole, shiny|57/100 par
|turn|73
|
|t:|1666561985
|switch|p1a: Zapdos|Zapdos|56/100 brn
|cant|p2a: Buzzwole|par
|
|-weather|Sandstorm|[upkeep]
|-damage|p1a: Zapdos|50/100 brn|[from] Sandstorm
|-damage|p2a: Buzzwole|51/100 par|[from] Sandstorm
|-damage|p1a: Zapdos|44/100 brn|[from] brn
|upkeep
|turn|74
|c|☆Run For Me Plz|Love the hax all game
|
|t:|1666561999
|switch|p2a: Slowking|Slowking, M, shiny|100/100
|move|p1a: Zapdos|Volt Switch|p2a: Slowking
|-supereffective|p2a: Slowking
|-damage|p2a: Slowking|68/100
|
|t:|1666562004
|switch|p1a: Weavile|Weavile, M|39/100|[from]move: Volt Switch
|-ability|p1a: Weavile|Pressure
|
|-weather|none
|upkeep
|turn|75
|
|t:|1666562012
|switch|p2a: Buzzwole|Buzzwole, shiny|51/100 par
|move|p1a: Weavile|Knock Off|p2a: Buzzwole
|-resisted|p2a: Buzzwole
|-damage|p2a: Buzzwole|37/100 par
|
|upkeep
|turn|76
|
|t:|1666562019
|switch|p1a: Volcanion|Volcanion|83/100
|cant|p2a: Buzzwole|par
|
|upkeep
|turn|77
|c|☆Run For Me Plz|ykw you got it
|-message|Run For Me Plz forfeited.
|
|win|ultimategoogolplex
|raw|ultimategoogolplex's rating: 1668 &rarr; <strong>1693</strong><br />(+25 for winning)
|raw|Run For Me Plz's rating: 1760 &rarr; <strong>1735</strong><br />(-25 for losing)
