|j|‽minimax_ai
|j|☆firepunch917
|t:|1667719127
|gametype|singles
|player|p1|minimax_ai|169|1602
|player|p2|firepunch917|101|1585
|teamsize|p1|6
|teamsize|p2|6
|gen|8
|tier|[Gen 8] OU
|rated|
|rule|Sleep Clause Mod: Limit one foe put to sleep
|rule|Species Clause: Limit one of each Pokémon
|rule|OHKO Clause: OHKO moves are banned
|rule|Evasion Items Clause: Evasion items are banned
|rule|Evasion Moves Clause: Evasion moves are banned
|rule|Endless Battle Clause: Forcing endless battles is banned
|rule|HP Percentage Mod: HP is shown in percentages
|rule|Dynamax Clause: You cannot dynamax
|clearpoke
|poke|p1|Rotom-Wash|
|poke|p1|Weavile, M|
|poke|p1|Landorus-Therian, M|
|poke|p1|Heatran, M|
|poke|p1|Tangrowth, M|
|poke|p1|Melmetal|
|poke|p2|Tapu Lele|
|poke|p2|Urshifu-*, M|
|poke|p2|Garchomp, F|
|poke|p2|Ferrothorn, F|
|poke|p2|Zapdos|
|poke|p2|Clefable, M|
|teampreview
|inactive|Battle timer is ON: inactive players will automatically lose when time's up. (requested by minimax_ai)
|
|t:|1667719135
|start
|switch|p1a: Landorus|Landorus-Therian, M|100/100
|switch|p2a: Tapu Lele|Tapu Lele|100/100
|-fieldstart|move: Psychic Terrain|[from] ability: Psychic Surge|[of] p2a: Tapu Lele
|-ability|p1a: Landorus|Intimidate|boost
|-unboost|p2a: Tapu Lele|atk|1
|turn|1
|
|t:|1667719143
|move|p2a: Tapu Lele|Psychic|p1a: Landorus
|-crit|p1a: Landorus
|-damage|p1a: Landorus|22/100
|move|p1a: Landorus|Earthquake|p2a: Tapu Lele
|-damage|p2a: Tapu Lele|26/100
|
|-heal|p1a: Landorus|28/100|[from] item: Leftovers
|upkeep
|turn|2
|
|t:|1667719152
|switch|p2a: Zapdos|Zapdos|100/100
|switch|p1a: Heatran|Heatran, M|100/100
|-item|p1a: Heatran|Air Balloon
|
|upkeep
|turn|3
|j| Ghhha
|
|t:|1667719156
|move|p1a: Heatran|Magma Storm|p2a: Zapdos|[miss]
|-miss|p1a: Heatran|p2a: Zapdos
|move|p2a: Zapdos|Volt Switch|p1a: Heatran
|-damage|p1a: Heatran|70/100
|-enditem|p1a: Heatran|Air Balloon
|
|t:|1667719160
|switch|p2a: Garchomp|Garchomp, F|100/100|[from]move: Volt Switch
|
|upkeep
|turn|4
|
|t:|1667719165
|switch|p1a: Tangrowth|Tangrowth, M|100/100
|move|p2a: Garchomp|Swords Dance|p2a: Garchomp
|-boost|p2a: Garchomp|atk|2
|
|upkeep
|turn|5
|
|t:|1667719169
|move|p2a: Garchomp|Scale Shot|p1a: Tangrowth
|-damage|p1a: Tangrowth|86/100
|-damage|p1a: Tangrowth|72/100
|-crit|p1a: Tangrowth
|-damage|p1a: Tangrowth|52/100
|-hitcount|p1a: Tangrowth|3
|-unboost|p2a: Garchomp|def|1
|-boost|p2a: Garchomp|spe|1
|move|p1a: Tangrowth|Giga Drain|p2a: Garchomp
|-damage|p2a: Garchomp|69/100
|-heal|p1a: Tangrowth|66/100|[from] drain|[of] p2a: Garchomp
|
|-heal|p2a: Garchomp|75/100|[from] item: Leftovers
|-fieldend|move: Psychic Terrain
|upkeep
|turn|6
|
|t:|1667719175
|move|p2a: Garchomp|Scale Shot|p1a: Tangrowth
|-damage|p1a: Tangrowth|53/100
|-damage|p1a: Tangrowth|38/100
|-damage|p1a: Tangrowth|24/100
|-hitcount|p1a: Tangrowth|3
|-unboost|p2a: Garchomp|def|1
|-boost|p2a: Garchomp|spe|1
|move|p1a: Tangrowth|Sleep Powder|p2a: Garchomp
|-status|p2a: Garchomp|slp|[from] move: Sleep Powder
|
|-heal|p2a: Garchomp|81/100 slp|[from] item: Leftovers
|upkeep
|turn|7
|l| Ghhha
|
|t:|1667719183
|switch|p1a: Landorus|Landorus-Therian, M|28/100
|-ability|p1a: Landorus|Intimidate|boost
|-unboost|p2a: Garchomp|atk|1
|cant|p2a: Garchomp|slp
|
|-heal|p2a: Garchomp|87/100 slp|[from] item: Leftovers
|-heal|p1a: Landorus|34/100|[from] item: Leftovers
|upkeep
|turn|8
|
|t:|1667719189
|switch|p2a: Clefable|Clefable, M|100/100
|move|p1a: Landorus|Earthquake|p2a: Clefable
|-damage|p2a: Clefable|65/100
|
|-heal|p1a: Landorus|40/100|[from] item: Leftovers
|-heal|p2a: Clefable|71/100|[from] item: Leftovers
|upkeep
|turn|9
|
|t:|1667719192
|move|p1a: Landorus|Toxic|p2a: Clefable
|-status|p2a: Clefable|tox
|move|p2a: Clefable|Stealth Rock|p1a: Landorus
|-sidestart|p1: minimax_ai|move: Stealth Rock
|
|-heal|p1a: Landorus|46/100|[from] item: Leftovers
|-heal|p2a: Clefable|77/100 tox|[from] item: Leftovers
|upkeep
|turn|10
|
|t:|1667719195
|move|p1a: Landorus|Defog|p2a: Clefable
|-unboost|p2a: Clefable|evasion|1
|-sideend|p1: minimax_ai|Stealth Rock|[from] move: Defog|[of] p1a: Landorus
|move|p2a: Clefable|Moonblast|p1a: Landorus
|-damage|p1a: Landorus|21/100
|
|-heal|p1a: Landorus|27/100|[from] item: Leftovers
|-heal|p2a: Clefable|83/100 tox|[from] item: Leftovers
|upkeep
|turn|11
|
|t:|1667719197
|move|p1a: Landorus|Earthquake|p2a: Clefable
|-damage|p2a: Clefable|45/100 tox
|move|p2a: Clefable|Stealth Rock|p1a: Landorus
|-sidestart|p1: minimax_ai|move: Stealth Rock
|
|-heal|p1a: Landorus|33/100|[from] item: Leftovers
|-heal|p2a: Clefable|51/100 tox|[from] item: Leftovers
|upkeep
|turn|12
|
|t:|1667719199
|move|p1a: Landorus|Defog|p2a: Clefable
|-unboost|p2a: Clefable|evasion|1
|-sideend|p1: minimax_ai|Stealth Rock|[from] move: Defog|[of] p1a: Landorus
|move|p2a: Clefable|Soft-Boiled|p2a: Clefable
|-heal|p2a: Clefable|100/100 tox
|
|-heal|p1a: Landorus|39/100|[from] item: Leftovers
|upkeep
|turn|13
|
|t:|1667719200
|move|p1a: Landorus|Earthquake|p2a: Clefable
|-damage|p2a: Clefable|62/100 tox
|move|p2a: Clefable|Moonblast|p1a: Landorus
|-damage|p1a: Landorus|15/100
|
|-heal|p1a: Landorus|21/100|[from] item: Leftovers
|-heal|p2a: Clefable|68/100 tox|[from] item: Leftovers
|upkeep
|turn|14
|
|t:|1667719203
|switch|p1a: Heatran|Heatran, M|70/100
|move|p2a: Clefable|Thunder Wave|p1a: Heatran
|-status|p1a: Heatran|par
|
|-heal|p2a: Clefable|75/100 tox|[from] item: Leftovers
|upkeep
|turn|15
|
|t:|1667719206
|move|p2a: Clefable|Stealth Rock|p1a: Heatran
|-sidestart|p1: minimax_ai|move: Stealth Rock
|move|p1a: Heatran|Stealth Rock|p2a: Clefable
|-sidestart|p2: firepunch917|move: Stealth Rock
|
|-heal|p2a: Clefable|81/100 tox|[from] item: Leftovers
|upkeep
|turn|16
|
|t:|1667719211
|switch|p2a: Garchomp|Garchomp, F|87/100 slp
|-damage|p2a: Garchomp|81/100 slp|[from] Stealth Rock
|cant|p1a: Heatran|par
|
|-heal|p2a: Garchomp|87/100 slp|[from] item: Leftovers
|upkeep
|turn|17
|
|t:|1667719215
|switch|p1a: Landorus|Landorus-Therian, M|21/100
|-damage|p1a: Landorus|9/100|[from] Stealth Rock
|-ability|p1a: Landorus|Intimidate|boost
|-unboost|p2a: Garchomp|atk|1
|-curestatus|p2a: Garchomp|slp|[msg]
|move|p2a: Garchomp|Earthquake|p1a: Landorus
|-immune|p1a: Landorus
|
|-heal|p2a: Garchomp|93/100|[from] item: Leftovers
|-heal|p1a: Landorus|15/100|[from] item: Leftovers
|upkeep
|turn|18
|
|t:|1667719220
|switch|p1a: Tangrowth|Tangrowth, M|57/100
|-damage|p1a: Tangrowth|45/100|[from] Stealth Rock
|move|p2a: Garchomp|Scale Shot|p1a: Tangrowth|[miss]
|-miss|p2a: Garchomp|p1a: Tangrowth
|
|-heal|p2a: Garchomp|99/100|[from] item: Leftovers
|upkeep
|turn|19
|
|t:|1667719224
|switch|p2a: Ferrothorn|Ferrothorn, F|100/100
|-damage|p2a: Ferrothorn|95/100|[from] Stealth Rock
|move|p1a: Tangrowth|Giga Drain|p2a: Ferrothorn
|-resisted|p2a: Ferrothorn
|-damage|p2a: Ferrothorn|90/100
|-heal|p1a: Tangrowth|47/100|[from] drain|[of] p2a: Ferrothorn
|
|-heal|p2a: Ferrothorn|96/100|[from] item: Leftovers
|upkeep
|turn|20
|
|t:|1667719226
|move|p1a: Tangrowth|Focus Blast|p2a: Ferrothorn
|-supereffective|p2a: Ferrothorn
|-damage|p2a: Ferrothorn|56/100
|move|p2a: Ferrothorn|Spikes|p1a: Tangrowth
|-sidestart|p1: minimax_ai|Spikes
|
|-heal|p2a: Ferrothorn|62/100|[from] item: Leftovers
|upkeep
|turn|21
|
|t:|1667719230
|move|p1a: Tangrowth|Focus Blast|p2a: Ferrothorn
|-supereffective|p2a: Ferrothorn
|-damage|p2a: Ferrothorn|22/100
|-unboost|p2a: Ferrothorn|spd|1
|move|p2a: Ferrothorn|Knock Off|p1a: Tangrowth
|-damage|p1a: Tangrowth|36/100
|-damage|p2a: Ferrothorn|6/100|[from] item: Rocky Helmet|[of] p1a: Tangrowth
|-enditem|p1a: Tangrowth|Rocky Helmet|[from] move: Knock Off|[of] p2a: Ferrothorn
|
|-heal|p2a: Ferrothorn|12/100|[from] item: Leftovers
|upkeep
|turn|22
|
|t:|1667719236
|move|p1a: Tangrowth|Knock Off|p2a: Ferrothorn
|-damage|p2a: Ferrothorn|0 fnt
|-damage|p1a: Tangrowth|23/100|[from] ability: Iron Barbs|[of] p2a: Ferrothorn
|-enditem|p2a: Ferrothorn|Leftovers|[from] move: Knock Off|[of] p1a: Tangrowth
|faint|p2a: Ferrothorn
|
|upkeep
|
|t:|1667719239
|switch|p2a: Garchomp|Garchomp, F|99/100
|-damage|p2a: Garchomp|93/100|[from] Stealth Rock
|turn|23
|
|t:|1667719241
|switch|p1a: Rotom|Rotom-Wash|100/100
|-damage|p1a: Rotom|88/100|[from] Stealth Rock
|move|p2a: Garchomp|Scale Shot|p1a: Rotom
|-damage|p1a: Rotom|75/100
|-damage|p1a: Rotom|60/100
|-damage|p1a: Rotom|45/100
|-damage|p1a: Rotom|31/100
|-damage|p1a: Rotom|16/100
|-hitcount|p1a: Rotom|5
|-unboost|p2a: Garchomp|def|1
|-boost|p2a: Garchomp|spe|1
|
|-heal|p2a: Garchomp|99/100|[from] item: Leftovers
|-heal|p1a: Rotom|23/100|[from] item: Leftovers
|upkeep
|turn|24
|
|t:|1667719244
|move|p2a: Garchomp|Scale Shot|p1a: Rotom|[miss]
|-miss|p2a: Garchomp|p1a: Rotom
|move|p1a: Rotom|Pain Split|p2a: Garchomp
|-sethp|p2a: Garchomp|59/100|[from] move: Pain Split|[silent]
|-sethp|p1a: Rotom|70/100|[from] move: Pain Split
|
|-heal|p2a: Garchomp|65/100|[from] item: Leftovers
|-heal|p1a: Rotom|76/100|[from] item: Leftovers
|upkeep
|turn|25
|
|t:|1667719248
|move|p2a: Garchomp|Swords Dance|p2a: Garchomp
|-boost|p2a: Garchomp|atk|2
|move|p1a: Rotom|Hydro Pump|p2a: Garchomp
|-damage|p2a: Garchomp|18/100
|
|-heal|p2a: Garchomp|24/100|[from] item: Leftovers
|-heal|p1a: Rotom|82/100|[from] item: Leftovers
|upkeep
|turn|26
|
|t:|1667719253
|switch|p1a: Landorus|Landorus-Therian, M|15/100
|-damage|p1a: Landorus|2/100|[from] Stealth Rock
|-ability|p1a: Landorus|Intimidate|boost
|-unboost|p2a: Garchomp|atk|1
|move|p2a: Garchomp|Scale Shot|p1a: Landorus
|-damage|p1a: Landorus|0 fnt
|faint|p1a: Landorus
|-hitcount|p1: Landorus|1
|-unboost|p2a: Garchomp|def|1
|-boost|p2a: Garchomp|spe|1
|
|-heal|p2a: Garchomp|30/100|[from] item: Leftovers
|upkeep
|
|t:|1667719253
|switch|p1a: Rotom|Rotom-Wash|82/100
|-damage|p1a: Rotom|70/100|[from] Stealth Rock
|turn|27
|
|t:|1667719257
|move|p2a: Garchomp|Scale Shot|p1a: Rotom
|-damage|p1a: Rotom|47/100
|-damage|p1a: Rotom|27/100
|-hitcount|p1a: Rotom|2
|-unboost|p2a: Garchomp|def|1
|-boost|p2a: Garchomp|spe|1
|move|p1a: Rotom|Hydro Pump|p2a: Garchomp
|-damage|p2a: Garchomp|0 fnt
|faint|p2a: Garchomp
|
|-heal|p1a: Rotom|33/100|[from] item: Leftovers
|upkeep
|
|t:|1667719264
|switch|p2a: Urshifu|Urshifu-Rapid-Strike, M|100/100
|-damage|p2a: Urshifu|94/100|[from] Stealth Rock
|turn|28
|
|t:|1667719266
|move|p2a: Urshifu|U-turn|p1a: Rotom
|-damage|p1a: Rotom|0 fnt
|faint|p1a: Rotom
|
|t:|1667719271
|switch|p2a: Clefable|Clefable, M|81/100 tox|[from]move: U-turn
|
|-heal|p2a: Clefable|87/100 tox|[from] item: Leftovers
|upkeep
|
|t:|1667719271
|switch|p1a: Melmetal|Melmetal|100/100
|-damage|p1a: Melmetal|94/100|[from] Stealth Rock
|-damage|p1a: Melmetal|82/100|[from] Spikes
|turn|29
|
|t:|1667719273
|move|p2a: Clefable|Thunder Wave|p1a: Melmetal
|-status|p1a: Melmetal|par
|move|p1a: Melmetal|Thunder Punch|p2a: Clefable
|-damage|p2a: Clefable|62/100 tox
|
|-heal|p2a: Clefable|68/100 tox|[from] item: Leftovers
|upkeep
|turn|30
|
|t:|1667719278
|switch|p2a: Zapdos|Zapdos|100/100
|move|p1a: Melmetal|Thunder Punch|p2a: Zapdos
|-damage|p2a: Zapdos|75/100
|
|upkeep
|turn|31
|
|t:|1667719282
|move|p2a: Zapdos|Heat Wave|p1a: Melmetal
|-supereffective|p1a: Melmetal
|-damage|p1a: Melmetal|55/100 par
|move|p1a: Melmetal|Thunder Punch|p2a: Zapdos
|-damage|p2a: Zapdos|48/100
|
|upkeep
|turn|32
|
|t:|1667719287
|move|p2a: Zapdos|Roost|p2a: Zapdos
|-heal|p2a: Zapdos|98/100
|-singleturn|p2a: Zapdos|move: Roost
|move|p1a: Melmetal|Thunder Punch|p2a: Zapdos
|-resisted|p2a: Zapdos
|-damage|p2a: Zapdos|86/100
|
|upkeep
|turn|33
|
|t:|1667719291
|move|p2a: Zapdos|Heat Wave|p1a: Melmetal
|-supereffective|p1a: Melmetal
|-crit|p1a: Melmetal
|-damage|p1a: Melmetal|9/100 par
|move|p1a: Melmetal|Thunder Punch|p2a: Zapdos
|-damage|p2a: Zapdos|61/100
|
|upkeep
|turn|34
|
|t:|1667719294
|move|p2a: Zapdos|Roost|p2a: Zapdos
|-heal|p2a: Zapdos|100/100
|-singleturn|p2a: Zapdos|move: Roost
|move|p1a: Melmetal|Ice Punch|p2a: Zapdos
|-damage|p2a: Zapdos|76/100
|
|upkeep
|turn|35
|
|t:|1667719296
|move|p2a: Zapdos|Roost|p2a: Zapdos
|-heal|p2a: Zapdos|100/100
|-singleturn|p2a: Zapdos|move: Roost
|move|p1a: Melmetal|Ice Punch|p2a: Zapdos
|-crit|p2a: Zapdos
|-damage|p2a: Zapdos|64/100
|
|upkeep
|turn|36
|
|t:|1667719298
|move|p2a: Zapdos|Roost|p2a: Zapdos
|-heal|p2a: Zapdos|100/100
|-singleturn|p2a: Zapdos|move: Roost
|move|p1a: Melmetal|Ice Punch|p2a: Zapdos
|-damage|p2a: Zapdos|76/100
|
|upkeep
|turn|37
|
|t:|1667719303
|move|p2a: Zapdos|Volt Switch|p1a: Melmetal
|-damage|p1a: Melmetal|0 fnt
|faint|p1a: Melmetal
|
|t:|1667719306
|switch|p2a: Clefable|Clefable, M|68/100 tox|[from]move: Volt Switch
|
|-heal|p2a: Clefable|75/100 tox|[from] item: Leftovers
|upkeep
|
|t:|1667719306
|switch|p1a: Weavile|Weavile, M|100/100
|-damage|p1a: Weavile|76/100|[from] Stealth Rock
|-damage|p1a: Weavile|63/100|[from] Spikes
|-ability|p1a: Weavile|Pressure
|turn|38
|
|t:|1667719308
|move|p1a: Weavile|Triple Axel|p2a: Clefable
|-damage|p2a: Clefable|62/100 tox
|-damage|p2a: Clefable|38/100 tox
|-damage|p2a: Clefable|7/100 tox
|-hitcount|p2a: Clefable|3
|move|p2a: Clefable|Moonblast|p1a: Weavile
|-supereffective|p1a: Weavile
|-damage|p1a: Weavile|0 fnt
|faint|p1a: Weavile
|
|-heal|p2a: Clefable|13/100 tox|[from] item: Leftovers
|upkeep
|
|t:|1667719308
|switch|p1a: Heatran|Heatran, M|70/100 par
|-damage|p1a: Heatran|57/100 par|[from] Stealth Rock
|-damage|p1a: Heatran|45/100 par|[from] Spikes
|turn|39
|
|t:|1667719310
|move|p2a: Clefable|Soft-Boiled|p2a: Clefable
|-heal|p2a: Clefable|63/100 tox
|move|p1a: Heatran|Earth Power|p2a: Clefable
|-damage|p2a: Clefable|35/100 tox
|
|-heal|p2a: Clefable|41/100 tox|[from] item: Leftovers
|upkeep
|turn|40
|
|t:|1667719312
|move|p2a: Clefable|Soft-Boiled|p2a: Clefable
|-heal|p2a: Clefable|91/100 tox
|move|p1a: Heatran|Earth Power|p2a: Clefable
|-damage|p2a: Clefable|63/100 tox
|
|-heal|p2a: Clefable|69/100 tox|[from] item: Leftovers
|upkeep
|turn|41
|
|t:|1667719315
|move|p2a: Clefable|Soft-Boiled|p2a: Clefable
|-heal|p2a: Clefable|100/100 tox
|move|p1a: Heatran|Earth Power|p2a: Clefable
|-damage|p2a: Clefable|73/100 tox
|
|-heal|p2a: Clefable|79/100 tox|[from] item: Leftovers
|upkeep
|turn|42
|
|t:|1667719318
|move|p2a: Clefable|Moonblast|p1a: Heatran
|-resisted|p1a: Heatran
|-damage|p1a: Heatran|37/100 par
|move|p1a: Heatran|Earth Power|p2a: Clefable
|-damage|p2a: Clefable|50/100 tox
|
|-heal|p2a: Clefable|56/100 tox|[from] item: Leftovers
|upkeep
|turn|43
|
|t:|1667719319
|move|p2a: Clefable|Moonblast|p1a: Heatran
|-resisted|p1a: Heatran
|-damage|p1a: Heatran|30/100 par
|move|p1a: Heatran|Earth Power|p2a: Clefable
|-damage|p2a: Clefable|25/100 tox
|
|-heal|p2a: Clefable|31/100 tox|[from] item: Leftovers
|upkeep
|turn|44
|
|t:|1667719322
|move|p2a: Clefable|Soft-Boiled|p2a: Clefable
|-heal|p2a: Clefable|81/100 tox
|move|p1a: Heatran|Magma Storm|p2a: Clefable
|-damage|p2a: Clefable|31/100 tox
|-activate|p2a: Clefable|move: Magma Storm|[of] p1a: Heatran
|
|-heal|p2a: Clefable|37/100 tox|[from] item: Leftovers
|upkeep
|turn|45
|
|t:|1667719324
|move|p2a: Clefable|Soft-Boiled|p2a: Clefable
|-heal|p2a: Clefable|87/100 tox
|move|p1a: Heatran|Magma Storm|p2a: Clefable
|-damage|p2a: Clefable|36/100 tox
|
|-heal|p2a: Clefable|42/100 tox|[from] item: Leftovers
|upkeep
|turn|46
|
|t:|1667719326
|move|p2a: Clefable|Soft-Boiled|p2a: Clefable
|-heal|p2a: Clefable|92/100 tox
|move|p1a: Heatran|Magma Storm|p2a: Clefable
|-damage|p2a: Clefable|44/100 tox
|
|-heal|p2a: Clefable|50/100 tox|[from] item: Leftovers
|upkeep
|turn|47
|
|t:|1667719328
|move|p2a: Clefable|Moonblast|p1a: Heatran
|-resisted|p1a: Heatran
|-damage|p1a: Heatran|22/100 par
|move|p1a: Heatran|Magma Storm|p2a: Clefable
|-damage|p2a: Clefable|2/100 tox
|
|-heal|p2a: Clefable|8/100 tox|[from] item: Leftovers
|upkeep
|turn|48
|
|t:|1667719330
|move|p2a: Clefable|Soft-Boiled|p2a: Clefable
|-heal|p2a: Clefable|58/100 tox
|move|p1a: Heatran|Magma Storm|p2a: Clefable
|-damage|p2a: Clefable|9/100 tox
|
|-heal|p2a: Clefable|15/100 tox|[from] item: Leftovers
|upkeep
|turn|49
|
|t:|1667719332
|move|p2a: Clefable|Soft-Boiled|p2a: Clefable
|-heal|p2a: Clefable|65/100 tox
|move|p1a: Heatran|Magma Storm|p2a: Clefable
|-damage|p2a: Clefable|19/100 tox
|
|-heal|p2a: Clefable|25/100 tox|[from] item: Leftovers
|-end|p2a: Clefable|Magma Storm|[partiallytrapped]
|upkeep
|turn|50
|
|t:|1667719334
|move|p2a: Clefable|Soft-Boiled|p2a: Clefable
|-heal|p2a: Clefable|75/100 tox
|move|p1a: Heatran|Magma Storm|p2a: Clefable
|-damage|p2a: Clefable|28/100 tox
|-activate|p2a: Clefable|move: Magma Storm|[of] p1a: Heatran
|
|-heal|p2a: Clefable|34/100 tox|[from] item: Leftovers
|upkeep
|turn|51
|
|t:|1667719335
|move|p2a: Clefable|Soft-Boiled|p2a: Clefable
|-heal|p2a: Clefable|84/100 tox
|cant|p1a: Heatran|par
|
|-heal|p2a: Clefable|90/100 tox|[from] item: Leftovers
|upkeep
|turn|52
|
|t:|1667719337
|move|p2a: Clefable|Moonblast|p1a: Heatran
|-resisted|p1a: Heatran
|-damage|p1a: Heatran|15/100 par
|-unboost|p1a: Heatran|spa|1
|move|p1a: Heatran|Eruption|p2a: Clefable
|-damage|p2a: Clefable|83/100 tox
|
|-heal|p2a: Clefable|89/100 tox|[from] item: Leftovers
|upkeep
|turn|53
|
|t:|1667719339
|move|p2a: Clefable|Moonblast|p1a: Heatran
|-resisted|p1a: Heatran
|-damage|p1a: Heatran|7/100 par
|-unboost|p1a: Heatran|spa|1
|move|p1a: Heatran|Eruption|p2a: Clefable
|-damage|p2a: Clefable|86/100 tox
|
|-heal|p2a: Clefable|92/100 tox|[from] item: Leftovers
|upkeep
|turn|54
|
|t:|1667719340
|move|p2a: Clefable|Moonblast|p1a: Heatran
|-resisted|p1a: Heatran
|-damage|p1a: Heatran|0 fnt
|faint|p1a: Heatran
|
|-heal|p2a: Clefable|98/100 tox|[from] item: Leftovers
|-end|p2a: Clefable|Magma Storm|[partiallytrapped]|[silent]
|upkeep
|
|t:|1667719340
|switch|p1a: Tangrowth|Tangrowth, M|56/100
|-damage|p1a: Tangrowth|44/100|[from] Stealth Rock
|-damage|p1a: Tangrowth|32/100|[from] Spikes
|turn|55
|
|t:|1667719342
|move|p2a: Clefable|Thunder Wave|p1a: Tangrowth
|-status|p1a: Tangrowth|par
|move|p1a: Tangrowth|Knock Off|p2a: Clefable
|-resisted|p2a: Clefable
|-damage|p2a: Clefable|89/100 tox
|-enditem|p2a: Clefable|Leftovers|[from] move: Knock Off|[of] p1a: Tangrowth
|
|upkeep
|turn|56
|
|t:|1667719345
|move|p2a: Clefable|Moonblast|p1a: Tangrowth
|-damage|p1a: Tangrowth|0 fnt
|faint|p1a: Tangrowth
|
|win|firepunch917
|raw|minimax_ai's rating: 1602 &rarr; <strong>1581</strong><br />(-21 for losing)
|raw|firepunch917's rating: 1585 &rarr; <strong>1606</strong><br />(+21 for winning)
|l|‽minimax_ai
