|j|☆Platum
|j|☆jawabarat
|t:|1650711516
|gametype|singles
|player|p1|Platum|erika-gen1|1820
|player|p2|jawabarat|artist-gen4|1897
|teamsize|p1|6
|teamsize|p2|6
|gen|8
|tier|[Gen 8] OU
|rated|
|rule|Sleep Clause Mod: Limit one foe put to sleep
|rule|Species Clause: Limit one of each Pokémon
|rule|OHKO Clause: OHKO moves are banned
|rule|Evasion Moves Clause: Evasion moves are banned
|rule|Endless Battle Clause: Forcing endless battles is banned
|rule|HP Percentage Mod: HP is shown in percentages
|rule|Dynamax Clause: You cannot dynamax
|clearpoke
|poke|p1|Zapdos|
|poke|p1|Tapu Fini|
|poke|p1|Ferrothorn, M|
|poke|p1|Heatran, M|
|poke|p1|Buzzwole|
|poke|p1|Hippowdon, M|
|poke|p2|Kartana|
|poke|p2|Weavile, F|
|poke|p2|Dragapult, M|
|poke|p2|Volcanion|
|poke|p2|Landorus-Therian, M|
|poke|p2|Melmetal|
|teampreview
|j| Undertaker68
|inactive|Battle timer is ON: inactive players will automatically lose when time's up. (requested by jawabarat)
|
|t:|1650711559
|start
|switch|p1a: Tapu Fini|Tapu Fini|100/100
|switch|p2a: EYVEL|Volcanion|100/100
|-fieldstart|move: Misty Terrain|[from] ability: Misty Surge|[of] p1a: Tapu Fini
|turn|1
|j| N0vaTheDestroyer
|
|t:|1650711576
|switch|p2a: DAGDA|Melmetal|100/100
|move|p1a: Tapu Fini|Trick|p2a: DAGDA
|-activate|p1a: Tapu Fini|move: Trick|[of] p2a: DAGDA
|-item|p2a: DAGDA|Choice Scarf|[from] move: Trick
|-item|p1a: Tapu Fini|Protective Pads|[from] move: Trick
|
|upkeep
|turn|2
|
|t:|1650711592
|switch|p1a: Hippowdon|Hippowdon, M|100/100
|-weather|Sandstorm|[from] ability: Sand Stream|[of] p1a: Hippowdon
|switch|p2a: EYVEL|Volcanion|100/100
|
|-weather|Sandstorm|[upkeep]
|-damage|p2a: EYVEL|95/100|[from] Sandstorm
|upkeep
|turn|3
|
|t:|1650711602
|move|p2a: EYVEL|Steam Eruption|p1a: Hippowdon
|-supereffective|p1a: Hippowdon
|-damage|p1a: Hippowdon|4/100
|move|p1a: Hippowdon|Earthquake|p2a: EYVEL
|-supereffective|p2a: EYVEL
|-damage|p2a: EYVEL|21/100
|
|-weather|Sandstorm|[upkeep]
|-damage|p2a: EYVEL|15/100|[from] Sandstorm
|-heal|p1a: Hippowdon|10/100|[from] item: Leftovers
|upkeep
|turn|4
|
|t:|1650711610
|switch|p1a: Tapu Fini|Tapu Fini|100/100
|move|p2a: EYVEL|Steam Eruption|p1a: Tapu Fini
|-resisted|p1a: Tapu Fini
|-damage|p1a: Tapu Fini|77/100
|
|-weather|Sandstorm|[upkeep]
|-damage|p1a: Tapu Fini|70/100|[from] Sandstorm
|-damage|p2a: EYVEL|9/100|[from] Sandstorm
|upkeep
|turn|5
|
|t:|1650711622
|move|p1a: Tapu Fini|Moonblast|p2a: EYVEL
|-resisted|p2a: EYVEL
|-damage|p2a: EYVEL|0 fnt
|faint|p2a: EYVEL
|
|-weather|Sandstorm|[upkeep]
|-damage|p1a: Tapu Fini|64/100|[from] Sandstorm
|-fieldend|Misty Terrain
|upkeep
|
|t:|1650711626
|switch|p2a: MARTY PARTY|Kartana|100/100
|turn|6
|
|t:|1650711633
|switch|p2a: PUGI|Weavile, F|100/100
|-ability|p2a: PUGI|Pressure
|switch|p1a: Zapdos|Zapdos|100/100
|
|-weather|none
|upkeep
|turn|7
|
|t:|1650711641
|switch|p1a: Buzzwole|Buzzwole|100/100
|move|p2a: PUGI|Knock Off|p1a: Buzzwole
|-resisted|p1a: Buzzwole
|-damage|p1a: Buzzwole|79/100
|-enditem|p1a: Buzzwole|Heavy-Duty Boots|[from] move: Knock Off|[of] p2a: PUGI
|
|upkeep
|turn|8
|
|t:|1650711649
|switch|p2a: LEADERSHIP STARS|Landorus-Therian, M|100/100
|-ability|p2a: LEADERSHIP STARS|Intimidate|boost
|-unboost|p1a: Buzzwole|atk|1
|move|p1a: Buzzwole|Roost|p1a: Buzzwole
|-heal|p1a: Buzzwole|100/100
|-singleturn|p1a: Buzzwole|move: Roost
|
|upkeep
|turn|9
|
|t:|1650711656
|switch|p2a: DAGDA|Melmetal|100/100
|move|p1a: Buzzwole|Ice Punch|p2a: DAGDA
|-resisted|p2a: DAGDA
|-damage|p2a: DAGDA|95/100
|
|upkeep
|turn|10
|
|t:|1650711669
|switch|p1a: Ferrothorn|Ferrothorn, M|100/100
|move|p2a: DAGDA|Ice Punch|p1a: Ferrothorn
|-damage|p1a: Ferrothorn|79/100
|-damage|p2a: DAGDA|83/100|[from] ability: Iron Barbs|[of] p1a: Ferrothorn
|
|-heal|p1a: Ferrothorn|86/100|[from] item: Leftovers
|upkeep
|turn|11
|
|t:|1650711675
|switch|p2a: MARTY PARTY|Kartana|100/100
|move|p1a: Ferrothorn|Spikes|p2a: MARTY PARTY
|-sidestart|p2: jawabarat|Spikes
|
|-heal|p1a: Ferrothorn|92/100|[from] item: Leftovers
|upkeep
|turn|12
|
|t:|1650711683
|switch|p1a: Zapdos|Zapdos|100/100
|move|p2a: MARTY PARTY|Knock Off|p1a: Zapdos
|-damage|p1a: Zapdos|51/100
|-status|p2a: MARTY PARTY|par|[from] ability: Static|[of] p1a: Zapdos
|-enditem|p1a: Zapdos|Heavy-Duty Boots|[from] move: Knock Off|[of] p2a: MARTY PARTY
|
|upkeep
|turn|13
|
|t:|1650711688
|switch|p2a: LEADERSHIP STARS|Landorus-Therian, M|100/100
|-ability|p2a: LEADERSHIP STARS|Intimidate|boost
|-unboost|p1a: Zapdos|atk|1
|move|p1a: Zapdos|Roost|p1a: Zapdos
|-heal|p1a: Zapdos|100/100
|-singleturn|p1a: Zapdos|move: Roost
|
|upkeep
|turn|14
|
|t:|1650711692
|switch|p1a: Buzzwole|Buzzwole|100/100
|move|p2a: LEADERSHIP STARS|Stealth Rock|p1a: Buzzwole
|-sidestart|p1: Platum|move: Stealth Rock
|
|upkeep
|turn|15
|
|t:|1650711697
|switch|p2a: MARTY PARTY|Kartana|100/100 par
|-damage|p2a: MARTY PARTY|88/100 par|[from] Spikes
|move|p1a: Buzzwole|Ice Punch|p2a: MARTY PARTY
|-crit|p2a: MARTY PARTY
|-damage|p2a: MARTY PARTY|40/100 par
|
|upkeep
|turn|16
|
|t:|1650711703
|switch|p2a: FOG OF WAR|Dragapult, M|100/100
|-damage|p2a: FOG OF WAR|88/100|[from] Spikes
|move|p1a: Buzzwole|Close Combat|p2a: FOG OF WAR
|-immune|p2a: FOG OF WAR
|
|upkeep
|turn|17
|
|t:|1650711712
|switch|p1a: Hippowdon|Hippowdon, M|10/100
|-damage|p1a: Hippowdon|4/100|[from] Stealth Rock
|-weather|Sandstorm|[from] ability: Sand Stream|[of] p1a: Hippowdon
|move|p2a: FOG OF WAR|Phantom Force||[still]
|-prepare|p2a: FOG OF WAR|Phantom Force
|
|-weather|Sandstorm|[upkeep]
|-damage|p2a: FOG OF WAR|82/100|[from] Sandstorm
|-heal|p1a: Hippowdon|10/100|[from] item: Leftovers
|upkeep
|turn|18
|
|t:|1650711725
|move|p2a: FOG OF WAR|Phantom Force|p1a: Hippowdon|[from]lockedmove
|-damage|p1a: Hippowdon|0 fnt
|faint|p1a: Hippowdon
|
|-weather|Sandstorm|[upkeep]
|-damage|p2a: FOG OF WAR|76/100|[from] Sandstorm
|upkeep
|
|t:|1650711732
|switch|p1a: Heatran|Heatran, M|100/100
|-damage|p1a: Heatran|88/100|[from] Stealth Rock
|turn|19
|
|t:|1650711739
|move|p2a: FOG OF WAR|Phantom Force||[still]
|-prepare|p2a: FOG OF WAR|Phantom Force
|move|p1a: Heatran|Magma Storm|p2a: FOG OF WAR|[miss]
|-miss|p1a: Heatran|p2a: FOG OF WAR
|
|-weather|Sandstorm|[upkeep]
|-damage|p2a: FOG OF WAR|70/100|[from] Sandstorm
|-heal|p1a: Heatran|94/100|[from] item: Leftovers
|upkeep
|turn|20
|
|t:|1650711743
|move|p2a: FOG OF WAR|Phantom Force|p1a: Heatran|[from]lockedmove
|-damage|p1a: Heatran|38/100
|move|p1a: Heatran|Earth Power|p2a: FOG OF WAR
|-damage|p2a: FOG OF WAR|33/100
|
|-weather|Sandstorm|[upkeep]
|-damage|p2a: FOG OF WAR|27/100|[from] Sandstorm
|-heal|p1a: Heatran|44/100|[from] item: Leftovers
|upkeep
|turn|21
|
|t:|1650711752
|move|p2a: FOG OF WAR|Phantom Force||[still]
|-prepare|p2a: FOG OF WAR|Phantom Force
|move|p1a: Heatran|Magma Storm|p2a: FOG OF WAR|[miss]
|-miss|p1a: Heatran|p2a: FOG OF WAR
|
|-weather|none
|-heal|p1a: Heatran|50/100|[from] item: Leftovers
|upkeep
|turn|22
|
|t:|1650711756
|switch|p1a: Ferrothorn|Ferrothorn, M|92/100
|-damage|p1a: Ferrothorn|86/100|[from] Stealth Rock
|move|p2a: FOG OF WAR|Phantom Force|p1a: Ferrothorn|[from]lockedmove
|-damage|p1a: Ferrothorn|46/100
|-damage|p2a: FOG OF WAR|15/100|[from] ability: Iron Barbs|[of] p1a: Ferrothorn
|
|-heal|p1a: Ferrothorn|52/100|[from] item: Leftovers
|upkeep
|turn|23
|
|t:|1650711768
|move|p2a: FOG OF WAR|Phantom Force||[still]
|-prepare|p2a: FOG OF WAR|Phantom Force
|move|p1a: Ferrothorn|Spikes|p2a: FOG OF WAR
|-sidestart|p2: jawabarat|Spikes
|
|-heal|p1a: Ferrothorn|59/100|[from] item: Leftovers
|upkeep
|turn|24
|
|t:|1650711771
|move|p2a: FOG OF WAR|Phantom Force|p1a: Ferrothorn|[from]lockedmove
|-damage|p1a: Ferrothorn|24/100
|-damage|p2a: FOG OF WAR|2/100|[from] ability: Iron Barbs|[of] p1a: Ferrothorn
|move|p1a: Ferrothorn|Leech Seed|p2a: FOG OF WAR
|-start|p2a: FOG OF WAR|move: Leech Seed
|
|-heal|p1a: Ferrothorn|30/100|[from] item: Leftovers
|-damage|p2a: FOG OF WAR|0 fnt|[from] Leech Seed|[of] p1a: Ferrothorn
|-heal|p1a: Ferrothorn|31/100|[silent]
|faint|p2a: FOG OF WAR
|upkeep
|
|t:|1650711784
|switch|p2a: PUGI|Weavile, F|100/100
|-damage|p2a: PUGI|84/100|[from] Spikes
|-ability|p2a: PUGI|Pressure
|turn|25
|
|t:|1650711788
|move|p2a: PUGI|Triple Axel|p1a: Ferrothorn
|-damage|p1a: Ferrothorn|23/100
|-damage|p2a: PUGI|72/100|[from] ability: Iron Barbs|[of] p1a: Ferrothorn
|-damage|p1a: Ferrothorn|6/100
|-damage|p2a: PUGI|59/100|[from] ability: Iron Barbs|[of] p1a: Ferrothorn
|-damage|p1a: Ferrothorn|0 fnt
|-damage|p2a: PUGI|47/100|[from] ability: Iron Barbs|[of] p1a: Ferrothorn
|faint|p1a: Ferrothorn
|-hitcount|p1: Ferrothorn|3
|
|upkeep
|
|t:|1650711798
|switch|p1a: Tapu Fini|Tapu Fini|64/100
|-damage|p1a: Tapu Fini|52/100|[from] Stealth Rock
|-fieldstart|move: Misty Terrain|[from] ability: Misty Surge|[of] p1a: Tapu Fini
|turn|26
|
|t:|1650711803
|switch|p2a: MARTY PARTY|Kartana|40/100 par
|-damage|p2a: MARTY PARTY|24/100 par|[from] Spikes
|move|p1a: Tapu Fini|Scald|p2a: MARTY PARTY
|-resisted|p2a: MARTY PARTY
|-damage|p2a: MARTY PARTY|0 fnt
|faint|p2a: MARTY PARTY
|
|upkeep
|j| Jjjddd
|
|t:|1650711807
|switch|p2a: DAGDA|Melmetal|83/100
|-damage|p2a: DAGDA|66/100|[from] Spikes
|turn|27
|
|t:|1650711815
|move|p1a: Tapu Fini|Scald|p2a: DAGDA
|-damage|p2a: DAGDA|40/100
|move|p2a: DAGDA|Ice Punch|p1a: Tapu Fini
|-resisted|p1a: Tapu Fini
|-crit|p1a: Tapu Fini
|-damage|p1a: Tapu Fini|28/100
|
|upkeep
|turn|28
|
|t:|1650711821
|move|p1a: Tapu Fini|Scald|p2a: DAGDA
|-damage|p2a: DAGDA|12/100
|move|p2a: DAGDA|Ice Punch|p1a: Tapu Fini
|-resisted|p1a: Tapu Fini
|-damage|p1a: Tapu Fini|13/100
|
|upkeep
|turn|29
|
|t:|1650711825
|move|p1a: Tapu Fini|Scald|p2a: DAGDA
|-crit|p2a: DAGDA
|-damage|p2a: DAGDA|0 fnt
|faint|p2a: DAGDA
|
|upkeep
|
|t:|1650711830
|switch|p2a: LEADERSHIP STARS|Landorus-Therian, M|100/100
|-ability|p2a: LEADERSHIP STARS|Intimidate|boost
|-unboost|p1a: Tapu Fini|atk|1
|turn|30
|
|t:|1650711835
|move|p1a: Tapu Fini|Scald|p2a: LEADERSHIP STARS
|-supereffective|p2a: LEADERSHIP STARS
|-damage|p2a: LEADERSHIP STARS|64/100
|move|p2a: LEADERSHIP STARS|Earthquake|p1a: Tapu Fini
|-damage|p1a: Tapu Fini|0 fnt
|faint|p1a: Tapu Fini
|
|-heal|p2a: LEADERSHIP STARS|70/100|[from] item: Leftovers
|-fieldend|Misty Terrain
|upkeep
|l| Jjjddd
|
|t:|1650711842
|switch|p1a: Buzzwole|Buzzwole|100/100
|-damage|p1a: Buzzwole|88/100|[from] Stealth Rock
|turn|31
|
|t:|1650711845
|move|p1a: Buzzwole|Ice Punch|p2a: LEADERSHIP STARS
|-supereffective|p2a: LEADERSHIP STARS
|-damage|p2a: LEADERSHIP STARS|0 fnt
|faint|p2a: LEADERSHIP STARS
|-ability|p1a: Buzzwole|Beast Boost|boost
|-boost|p1a: Buzzwole|atk|1
|
|upkeep
|-message|jawabarat forfeited.
|
|win|Platum
|raw|Platum's rating: 1820 &rarr; <strong>1844</strong><br />(+24 for winning)
|raw|jawabarat's rating: 1897 &rarr; <strong>1873</strong><br />(-24 for losing)
|l|☆Platum
