|j|☆30orless
|j|☆Highv0ltag3
|t:|1667928635
|gametype|singles
|player|p1|30orless|170|1758
|player|p2|Highv0ltag3|volo|1997
|teamsize|p1|6
|teamsize|p2|6
|gen|8
|tier|[Gen 8] OU
|rated|
|rule|Sleep Clause Mod: Limit one foe put to sleep
|rule|Species Clause: Limit one of each Pokémon
|rule|OHKO Clause: OHKO moves are banned
|rule|Evasion Items Clause: Evasion items are banned
|rule|Evasion Moves Clause: Evasion moves are banned
|rule|Endless Battle Clause: Forcing endless battles is banned
|rule|HP Percentage Mod: HP is shown in percentages
|rule|Dynamax Clause: You cannot dynamax
|clearpoke
|poke|p1|Moltres|
|poke|p1|Hydreigon, M|
|poke|p1|Blaziken, F|
|poke|p1|Volcanion|
|poke|p1|Zapdos|
|poke|p1|Mamoswine, F|
|poke|p2|Aegislash, F|
|poke|p2|Hydreigon, F|
|poke|p2|Toxapex, M|
|poke|p2|Landorus-Therian, M|
|poke|p2|Kartana|
|poke|p2|Weavile, M|
|teampreview
|inactive|Battle timer is ON: inactive players will automatically lose when time's up. (requested by 30orless)
|
|t:|1667928654
|start
|switch|p1a: Hydreigon|Hydreigon, M|100/100
|switch|p2a: Kartana|Kartana|100/100
|turn|1
|
|t:|1667928665
|switch|p2a: Landorus|Landorus-Therian, M|100/100
|-ability|p2a: Landorus|Intimidate|boost
|-unboost|p1a: Hydreigon|atk|1
|move|p1a: Hydreigon|Draco Meteor|p2a: Landorus
|-damage|p2a: Landorus|50/100
|-unboost|p1a: Hydreigon|spa|2
|
|-heal|p2a: Landorus|56/100|[from] item: Leftovers
|upkeep
|turn|2
|
|t:|1667928674
|switch|p1a: Moltres|Moltres|100/100
|move|p2a: Landorus|Toxic|p1a: Moltres
|-status|p1a: Moltres|tox
|
|-heal|p2a: Landorus|62/100|[from] item: Leftovers
|-damage|p1a: Moltres|94/100 tox|[from] psn
|upkeep
|turn|3
|j| Crancher
|
|t:|1667928690
|switch|p2a: Toxapex|Toxapex, M|100/100
|move|p1a: Moltres|Brave Bird|p2a: Toxapex
|-damage|p2a: Toxapex|67/100
|-damage|p1a: Moltres|78/100 tox|[from] item: Rocky Helmet|[of] p2a: Toxapex
|-damage|p1a: Moltres|69/100 tox|[from] Recoil
|
|-damage|p1a: Moltres|57/100 tox|[from] psn
|upkeep
|turn|4
|
|t:|1667928696
|move|p1a: Moltres|Scorching Sands|p2a: Toxapex
|-supereffective|p2a: Toxapex
|-damage|p2a: Toxapex|33/100
|-status|p2a: Toxapex|brn
|move|p2a: Toxapex|Toxic|p1a: Moltres
|-fail|p1a: Moltres|tox
|
|-damage|p1a: Moltres|39/100 tox|[from] psn
|-damage|p2a: Toxapex|27/100 brn|[from] brn
|upkeep
|turn|5
|
|t:|1667928705
|switch|p2a: Hydreigon|Hydreigon, F|100/100
|move|p1a: Moltres|Brave Bird|p2a: Hydreigon
|-damage|p2a: Hydreigon|45/100
|-damage|p1a: Moltres|20/100 tox|[from] Recoil
|
|-heal|p2a: Hydreigon|51/100|[from] item: Leftovers
|-damage|p1a: Moltres|0 fnt|[from] psn
|faint|p1a: Moltres
|upkeep
|
|t:|1667928710
|switch|p1a: Mamoswine|Mamoswine, F|100/100
|turn|6
|
|t:|1667928720
|switch|p2a: Toxapex|Toxapex, M|60/100 brn
|move|p1a: Mamoswine|Stealth Rock|p2a: Toxapex
|-sidestart|p2: Highv0ltag3|move: Stealth Rock
|
|-damage|p2a: Toxapex|54/100 brn|[from] brn
|upkeep
|turn|7
|
|t:|1667928726
|switch|p2a: Landorus|Landorus-Therian, M|62/100
|-damage|p2a: Landorus|50/100|[from] Stealth Rock
|-ability|p2a: Landorus|Intimidate|boost
|-fail|p1a: Mamoswine|unboost|Attack|[from] ability: Oblivious|[of] p1a: Mamoswine
|move|p1a: Mamoswine|Earthquake|p2a: Landorus
|-immune|p2a: Landorus
|
|-heal|p2a: Landorus|56/100|[from] item: Leftovers
|upkeep
|turn|8
|
|t:|1667928730
|switch|p2a: Weavile|Weavile, M|100/100
|-ability|p2a: Weavile|Pressure
|move|p1a: Mamoswine|Icicle Crash|p2a: Weavile
|-resisted|p2a: Weavile
|-damage|p2a: Weavile|56/100
|
|upkeep
|turn|9
|
|t:|1667928738
|move|p2a: Weavile|Triple Axel|p1a: Mamoswine
|-damage|p1a: Mamoswine|90/100
|-crit|p1a: Mamoswine
|-damage|p1a: Mamoswine|58/100
|-damage|p1a: Mamoswine|22/100
|-hitcount|p1a: Mamoswine|3
|move|p1a: Mamoswine|Earthquake|p2a: Weavile
|-damage|p2a: Weavile|0 fnt
|faint|p2a: Weavile
|
|upkeep
|
|t:|1667928745
|switch|p2a: Kartana|Kartana|100/100
|-damage|p2a: Kartana|94/100|[from] Stealth Rock
|turn|10
|j| thehellevenisthat
|
|t:|1667928748
|switch|p1a: Blaziken|Blaziken, F|100/100
|move|p2a: Kartana|Knock Off|p1a: Blaziken
|-resisted|p1a: Blaziken
|-damage|p1a: Blaziken|52/100
|-enditem|p1a: Blaziken|Life Orb|[from] move: Knock Off|[of] p2a: Kartana
|
|upkeep
|turn|11
|
|t:|1667928757
|switch|p2a: Landorus|Landorus-Therian, M|56/100
|-damage|p2a: Landorus|43/100|[from] Stealth Rock
|-ability|p2a: Landorus|Intimidate|boost
|-unboost|p1a: Blaziken|atk|1
|move|p1a: Blaziken|Overheat|p2a: Landorus
|-damage|p2a: Landorus|2/100
|-unboost|p1a: Blaziken|spa|2
|
|-heal|p2a: Landorus|8/100|[from] item: Leftovers
|-ability|p1a: Blaziken|Speed Boost|boost
|-boost|p1a: Blaziken|spe|1
|upkeep
|turn|12
|
|t:|1667928762
|switch|p2a: Toxapex|Toxapex, M|87/100 brn
|-damage|p2a: Toxapex|75/100 brn|[from] Stealth Rock
|move|p1a: Blaziken|Overheat|p2a: Toxapex
|-resisted|p2a: Toxapex
|-damage|p2a: Toxapex|63/100 brn
|-unboost|p1a: Blaziken|spa|2
|
|-damage|p2a: Toxapex|57/100 brn|[from] brn
|-ability|p1a: Blaziken|Speed Boost|boost
|-boost|p1a: Blaziken|spe|1
|upkeep
|turn|13
|
|t:|1667928770
|switch|p1a: Zapdos|Zapdos|100/100
|move|p2a: Toxapex|Toxic|p1a: Zapdos
|-status|p1a: Zapdos|tox
|
|-damage|p1a: Zapdos|94/100 tox|[from] psn
|-damage|p2a: Toxapex|51/100 brn|[from] brn
|upkeep
|turn|14
|
|t:|1667928776
|switch|p2a: Hydreigon|Hydreigon, F|51/100
|-damage|p2a: Hydreigon|38/100|[from] Stealth Rock
|move|p1a: Zapdos|Discharge|p2a: Hydreigon
|-resisted|p2a: Hydreigon
|-damage|p2a: Hydreigon|21/100
|
|-heal|p2a: Hydreigon|27/100|[from] item: Leftovers
|-damage|p1a: Zapdos|82/100 tox|[from] psn
|upkeep
|turn|15
|
|t:|1667928786
|move|p1a: Zapdos|Hurricane|p2a: Hydreigon
|-damage|p2a: Hydreigon|0 fnt
|faint|p2a: Hydreigon
|
|-damage|p1a: Zapdos|64/100 tox|[from] psn
|upkeep
|
|t:|1667928800
|switch|p2a: Toxapex|Toxapex, M|84/100 brn
|-damage|p2a: Toxapex|72/100 brn|[from] Stealth Rock
|turn|16
|
|t:|1667928812
|switch|p2a: Landorus|Landorus-Therian, M|8/100
|-damage|p2a: Landorus|0 fnt|[from] Stealth Rock
|faint|p2a: Landorus
|move|p1a: Zapdos|Discharge|p2: Landorus|[notarget]
|-fail|p1a: Zapdos
|
|-damage|p1a: Zapdos|40/100 tox|[from] psn
|upkeep
|
|t:|1667928815
|switch|p2a: Kartana|Kartana|94/100
|-damage|p2a: Kartana|88/100|[from] Stealth Rock
|turn|17
|
|t:|1667928817
|switch|p1a: Blaziken|Blaziken, F|52/100
|move|p2a: Kartana|Leaf Blade|p1a: Blaziken
|-resisted|p1a: Blaziken
|-damage|p1a: Blaziken|0 fnt
|faint|p1a: Blaziken
|-ability|p2a: Kartana|Beast Boost|boost
|-boost|p2a: Kartana|atk|1
|
|upkeep
|
|t:|1667928823
|switch|p1a: Hydreigon|Hydreigon, M|100/100
|turn|18
|
|t:|1667928825
|switch|p2a: Toxapex|Toxapex, M|100/100 brn
|-damage|p2a: Toxapex|88/100 brn|[from] Stealth Rock
|move|p1a: Hydreigon|Dark Pulse|p2a: Toxapex
|-damage|p2a: Toxapex|51/100 brn
|
|-damage|p2a: Toxapex|45/100 brn|[from] brn
|upkeep
|turn|19
|
|t:|1667928830
|move|p1a: Hydreigon|Dark Pulse|p2a: Toxapex
|-damage|p2a: Toxapex|8/100 brn
|cant|p2a: Toxapex|flinch
|
|-damage|p2a: Toxapex|2/100 brn|[from] brn
|upkeep
|turn|20
|
|t:|1667928839
|move|p1a: Hydreigon|Dark Pulse|p2a: Toxapex
|-damage|p2a: Toxapex|0 fnt
|faint|p2a: Toxapex
|
|upkeep
|
|t:|1667928846
|switch|p2a: Kartana|Kartana|88/100
|-damage|p2a: Kartana|82/100|[from] Stealth Rock
|turn|21
|
|t:|1667928849
|move|p1a: Hydreigon|Dark Pulse|p2a: Kartana
|-damage|p2a: Kartana|0 fnt
|faint|p2a: Kartana
|
|upkeep
|-message|Highv0ltag3 forfeited.
|
|win|30orless
|raw|30orless's rating: 1758 &rarr; <strong>1790</strong><br />(+32 for winning)
|raw|Highv0ltag3's rating: 1997 &rarr; <strong>1965</strong><br />(-32 for losing)
|l|☆Highv0ltag3
|l| Crancher
