|j|☆Daymo
|j|☆I'm back from Mars
|t:|1634377552
|gametype|singles
|player|p1|Daymo|lance|1719
|player|p2|I'm back from Mars|dawn|1874
|teamsize|p1|6
|teamsize|p2|6
|gen|8
|tier|[Gen 8] OU
|rated|
|rule|Sleep Clause Mod: Limit one foe put to sleep
|rule|Species Clause: Limit one of each Pokémon
|rule|OHKO Clause: OHKO moves are banned
|rule|Evasion Moves Clause: Evasion moves are banned
|rule|Endless Battle Clause: Forcing endless battles is banned
|rule|HP Percentage Mod: HP is shown in percentages
|rule|Dynamax Clause: You cannot dynamax
|clearpoke
|poke|p1|Ninetales-Alola, M|
|poke|p1|Bisharp, M|
|poke|p1|Latios, M|
|poke|p1|Garchomp, F|
|poke|p1|Celesteela|
|poke|p1|Azumarill, F|
|poke|p2|Shedinja|
|poke|p2|Skarmory, M|
|poke|p2|Gastrodon, M|
|poke|p2|Toxapex, F|
|poke|p2|Clefable, F|
|poke|p2|Hydreigon, F|
|teampreview
|j| Sersi Lanistar
|j| jeanmilapipe
|
|t:|1634377575
|start
|switch|p1a: Ninetales|Ninetales-Alola, M|100/100
|switch|p2a: Skarmory|Skarmory, M|100/100
|-weather|Hail|[from] ability: Snow Warning|[of] p1a: Ninetales
|turn|1
|
|t:|1634377580
|move|p1a: Ninetales|Aurora Veil|p1a: Ninetales
|-sidestart|p1: Daymo|move: Aurora Veil
|move|p2a: Skarmory|Toxic|p1a: Ninetales
|-status|p1a: Ninetales|tox
|
|-weather|Hail|[upkeep]
|-damage|p2a: Skarmory|95/100|[from] Hail
|-damage|p1a: Ninetales|94/100 tox|[from] psn
|upkeep
|turn|2
|
|t:|1634377592
|move|p1a: Ninetales|Encore|p2a: Skarmory
|-start|p2a: Skarmory|Encore
|move|p2a: Skarmory|Toxic|p1a: Ninetales
|-fail|p1a: Ninetales|tox
|
|-weather|Hail|[upkeep]
|-damage|p2a: Skarmory|89/100|[from] Hail
|-damage|p1a: Ninetales|82/100 tox|[from] psn
|upkeep
|turn|3
|
|t:|1634377598
|switch|p1a: Bisharp|Bisharp, M, shiny|100/100
|move|p2a: Skarmory|Toxic|p1a: Bisharp
|-immune|p1a: Bisharp
|
|-weather|Hail|[upkeep]
|-damage|p1a: Bisharp|95/100|[from] Hail
|-damage|p2a: Skarmory|83/100|[from] Hail
|upkeep
|turn|4
|
|t:|1634377625
|switch|p2a: Hydreigon|Hydreigon, F|100/100
|move|p1a: Bisharp|Swords Dance|p1a: Bisharp
|-boost|p1a: Bisharp|atk|2
|
|-weather|Hail|[upkeep]
|-damage|p2a: Hydreigon|94/100|[from] Hail
|-damage|p1a: Bisharp|89/100|[from] Hail
|-heal|p2a: Hydreigon|100/100|[from] item: Leftovers
|upkeep
|turn|5
|
|t:|1634377632
|move|p2a: Hydreigon|Flamethrower|p1a: Bisharp
|-supereffective|p1a: Bisharp
|-damage|p1a: Bisharp|34/100
|move|p1a: Bisharp|Iron Head|p2a: Hydreigon
|-damage|p2a: Hydreigon|0 fnt
|faint|p2a: Hydreigon
|-damage|p1a: Bisharp|24/100|[from] item: Life Orb
|
|-weather|none
|upkeep
|
|t:|1634377644
|switch|p2a: Toxapex|Toxapex, F|100/100
|turn|6
|
|t:|1634377647
|move|p1a: Bisharp|Knock Off|p2a: Toxapex
|-damage|p2a: Toxapex|13/100
|-damage|p1a: Bisharp|8/100|[from] item: Rocky Helmet|[of] p2a: Toxapex
|-enditem|p2a: Toxapex|Rocky Helmet|[from] move: Knock Off|[of] p1a: Bisharp
|-damage|p1a: Bisharp|0 fnt|[from] item: Life Orb
|faint|p1a: Bisharp
|move|p2a: Toxapex|Knock Off|p1: Bisharp|[notarget]
|-fail|p2a: Toxapex
|
|upkeep
|
|t:|1634377670
|switch|p1a: Celesteela|Celesteela, shiny|100/100
|turn|7
|
|t:|1634377674
|switch|p2a: Gastrodon|Gastrodon, M|100/100
|move|p1a: Celesteela|Air Slash|p2a: Gastrodon
|-damage|p2a: Gastrodon|74/100
|
|-heal|p2a: Gastrodon|81/100|[from] item: Leftovers
|upkeep
|turn|8
|
|t:|1634377680
|move|p1a: Celesteela|Air Slash|p2a: Gastrodon
|-damage|p2a: Gastrodon|57/100
|move|p2a: Gastrodon|Scald|p1a: Celesteela
|-damage|p1a: Celesteela|88/100
|-status|p1a: Celesteela|brn
|
|-heal|p2a: Gastrodon|63/100|[from] item: Leftovers
|-damage|p1a: Celesteela|82/100 brn|[from] brn
|-sideend|p1: Daymo|move: Aurora Veil
|upkeep
|turn|9
|
|t:|1634377686
|switch|p1a: Ninetales|Ninetales-Alola, M|82/100 tox
|-weather|Hail|[from] ability: Snow Warning|[of] p1a: Ninetales
|move|p2a: Gastrodon|Recover|p2a: Gastrodon
|-heal|p2a: Gastrodon|100/100
|
|-weather|Hail|[upkeep]
|-damage|p2a: Gastrodon|94/100|[from] Hail
|-heal|p2a: Gastrodon|100/100|[from] item: Leftovers
|-damage|p1a: Ninetales|76/100 tox|[from] psn
|upkeep
|turn|10
|
|t:|1634377696
|switch|p2a: Skarmory|Skarmory, M|83/100
|move|p1a: Ninetales|Aurora Veil|p1a: Ninetales
|-sidestart|p1: Daymo|move: Aurora Veil
|
|-weather|Hail|[upkeep]
|-damage|p2a: Skarmory|77/100|[from] Hail
|-damage|p1a: Ninetales|64/100 tox|[from] psn
|upkeep
|turn|11
|
|t:|1634377700
|move|p1a: Ninetales|Hypnosis|p2a: Skarmory|[miss]
|-miss|p1a: Ninetales|p2a: Skarmory
|move|p2a: Skarmory|Roost|p2a: Skarmory
|-heal|p2a: Skarmory|100/100
|-singleturn|p2a: Skarmory|move: Roost
|
|-weather|Hail|[upkeep]
|-damage|p2a: Skarmory|95/100|[from] Hail
|-damage|p1a: Ninetales|46/100 tox|[from] psn
|upkeep
|turn|12
|
|t:|1634377707
|move|p1a: Ninetales|Hypnosis|p2a: Skarmory
|-status|p2a: Skarmory|slp|[from] move: Hypnosis
|cant|p2a: Skarmory|slp
|
|-weather|Hail|[upkeep]
|-damage|p2a: Skarmory|89/100 slp|[from] Hail
|-damage|p1a: Ninetales|22/100 tox|[from] psn
|upkeep
|turn|13
|
|t:|1634377719
|switch|p1a: Azumarill|Azumarill, F|100/100
|switch|p2a: Clefable|Clefable, F|100/100
|
|-weather|none
|upkeep
|turn|14
|
|t:|1634377726
|move|p1a: Azumarill|Belly Drum|p1a: Azumarill
|-damage|p1a: Azumarill|50/100
|-setboost|p1a: Azumarill|atk|6|[from] move: Belly Drum
|-enditem|p1a: Azumarill|Sitrus Berry|[eat]
|-heal|p1a: Azumarill|75/100|[from] item: Sitrus Berry
|move|p2a: Clefable|Calm Mind|p2a: Clefable
|-boost|p2a: Clefable|spa|1
|-boost|p2a: Clefable|spd|1
|
|upkeep
|turn|15
|
|t:|1634377733
|move|p1a: Azumarill|Play Rough|p2a: Clefable
|-damage|p2a: Clefable|55/100
|move|p2a: Clefable|Moonblast|p1a: Azumarill
|-damage|p1a: Azumarill|46/100
|
|-heal|p2a: Clefable|61/100|[from] item: Leftovers
|upkeep
|turn|16
|
|t:|1634377741
|move|p1a: Azumarill|Play Rough|p2a: Clefable
|-damage|p2a: Clefable|19/100
|move|p2a: Clefable|Soft-Boiled|p2a: Clefable
|-heal|p2a: Clefable|69/100
|
|-heal|p2a: Clefable|75/100|[from] item: Leftovers
|upkeep
|turn|17
|
|t:|1634377744
|move|p1a: Azumarill|Play Rough|p2a: Clefable
|-damage|p2a: Clefable|30/100
|-unboost|p2a: Clefable|atk|1
|move|p2a: Clefable|Soft-Boiled|p2a: Clefable
|-heal|p2a: Clefable|80/100
|
|-heal|p2a: Clefable|86/100|[from] item: Leftovers
|-sideend|p1: Daymo|move: Aurora Veil
|upkeep
|turn|18
|
|t:|1634377747
|move|p1a: Azumarill|Play Rough|p2a: Clefable
|-damage|p2a: Clefable|41/100
|move|p2a: Clefable|Soft-Boiled|p2a: Clefable
|-heal|p2a: Clefable|91/100
|
|-heal|p2a: Clefable|97/100|[from] item: Leftovers
|upkeep
|turn|19
|j| Xpndkirrdji
|
|t:|1634377758
|move|p1a: Azumarill|Play Rough|p2a: Clefable
|-damage|p2a: Clefable|55/100
|move|p2a: Clefable|Soft-Boiled|p2a: Clefable
|-heal|p2a: Clefable|100/100
|
|upkeep
|turn|20
|
|t:|1634377764
|move|p1a: Azumarill|Play Rough|p2a: Clefable|[miss]
|-miss|p1a: Azumarill|p2a: Clefable
|move|p2a: Clefable|Moonblast|p1a: Azumarill
|-damage|p1a: Azumarill|0 fnt
|faint|p1a: Azumarill
|
|upkeep
|
|t:|1634377769
|switch|p1a: Celesteela|Celesteela, shiny|82/100 brn
|turn|21
|
|t:|1634377775
|switch|p2a: Gastrodon|Gastrodon, M|100/100
|move|p1a: Celesteela|Meteor Beam||[still]
|-prepare|p1a: Celesteela|Meteor Beam
|-boost|p1a: Celesteela|spa|1
|-enditem|p1a: Celesteela|Power Herb
|-anim|p1a: Celesteela|Meteor Beam|p2a: Gastrodon
|-resisted|p2a: Gastrodon
|-damage|p2a: Gastrodon|82/100
|
|-heal|p2a: Gastrodon|88/100|[from] item: Leftovers
|-damage|p1a: Celesteela|76/100 brn|[from] brn
|upkeep
|turn|22
|
|t:|1634377783
|move|p1a: Celesteela|Air Slash|p2a: Gastrodon
|-damage|p2a: Gastrodon|54/100
|move|p2a: Gastrodon|Scald|p1a: Celesteela
|-damage|p1a: Celesteela|51/100 brn
|
|-heal|p2a: Gastrodon|61/100|[from] item: Leftovers
|-damage|p1a: Celesteela|45/100 brn|[from] brn
|upkeep
|turn|23
|
|t:|1634377791
|move|p1a: Celesteela|Air Slash|p2a: Gastrodon
|-damage|p2a: Gastrodon|24/100
|move|p2a: Gastrodon|Recover|p2a: Gastrodon
|-heal|p2a: Gastrodon|74/100
|
|-heal|p2a: Gastrodon|81/100|[from] item: Leftovers
|-damage|p1a: Celesteela|39/100 brn|[from] brn
|upkeep
|turn|24
|
|t:|1634377801
|move|p1a: Celesteela|Air Slash|p2a: Gastrodon
|-damage|p2a: Gastrodon|46/100
|cant|p2a: Gastrodon|flinch
|
|-heal|p2a: Gastrodon|52/100|[from] item: Leftovers
|-damage|p1a: Celesteela|33/100 brn|[from] brn
|upkeep
|turn|25
|
|t:|1634377809
|move|p1a: Celesteela|Air Slash|p2a: Gastrodon
|-damage|p2a: Gastrodon|17/100
|move|p2a: Gastrodon|Recover|p2a: Gastrodon
|-heal|p2a: Gastrodon|67/100
|
|-heal|p2a: Gastrodon|73/100|[from] item: Leftovers
|-damage|p1a: Celesteela|27/100 brn|[from] brn
|upkeep
|turn|26
|j| dw its easy alija
|
|t:|1634377812
|move|p1a: Celesteela|Air Slash|p2a: Gastrodon
|-damage|p2a: Gastrodon|38/100
|cant|p2a: Gastrodon|flinch
|
|-heal|p2a: Gastrodon|44/100|[from] item: Leftovers
|-damage|p1a: Celesteela|21/100 brn|[from] brn
|upkeep
|turn|27
|
|t:|1634377819
|move|p1a: Celesteela|Air Slash|p2a: Gastrodon
|-damage|p2a: Gastrodon|9/100
|move|p2a: Gastrodon|Recover|p2a: Gastrodon
|-heal|p2a: Gastrodon|59/100
|
|-heal|p2a: Gastrodon|65/100|[from] item: Leftovers
|-damage|p1a: Celesteela|15/100 brn|[from] brn
|upkeep
|turn|28
|j| Sciror
|
|t:|1634377822
|move|p1a: Celesteela|Air Slash|p2a: Gastrodon
|-damage|p2a: Gastrodon|26/100
|cant|p2a: Gastrodon|flinch
|
|-heal|p2a: Gastrodon|32/100|[from] item: Leftovers
|-damage|p1a: Celesteela|9/100 brn|[from] brn
|upkeep
|turn|29
|j| NULX ruins
|
|t:|1634377841
|move|p1a: Celesteela|Air Slash|p2a: Gastrodon
|-damage|p2a: Gastrodon|0 fnt
|faint|p2a: Gastrodon
|-ability|p1a: Celesteela|Beast Boost|boost
|-boost|p1a: Celesteela|spa|1
|
|-damage|p1a: Celesteela|3/100 brn|[from] brn
|upkeep
|
|t:|1634377845
|switch|p2a: Shedinja|Shedinja|100/100
|turn|30
|
|t:|1634377862
|move|p2a: Shedinja|Shadow Sneak|p1a: Celesteela
|-damage|p1a: Celesteela|0 fnt
|faint|p1a: Celesteela
|
|upkeep
|
|t:|1634377865
|switch|p1a: Ninetales|Ninetales-Alola, M|22/100 tox
|-weather|Hail|[from] ability: Snow Warning|[of] p1a: Ninetales
|turn|31
|
|t:|1634377876
|switch|p2a: Skarmory|Skarmory, M|89/100 slp
|move|p1a: Ninetales|Aurora Veil|p1a: Ninetales
|-sidestart|p1: Daymo|move: Aurora Veil
|
|-weather|Hail|[upkeep]
|-damage|p2a: Skarmory|83/100 slp|[from] Hail
|-damage|p1a: Ninetales|16/100 tox|[from] psn
|upkeep
|turn|32
|
|t:|1634377888
|switch|p1a: Latios|Latios, M|100/100
|cant|p2a: Skarmory|slp
|
|-weather|Hail|[upkeep]
|-damage|p1a: Latios|95/100|[from] Hail
|-damage|p2a: Skarmory|77/100 slp|[from] Hail
|upkeep
|turn|33
|
|t:|1634377896
|move|p1a: Latios|Calm Mind|p1a: Latios
|-boost|p1a: Latios|spa|1
|-boost|p1a: Latios|spd|1
|-curestatus|p2a: Skarmory|slp|[msg]
|move|p2a: Skarmory|Toxic|p1a: Latios
|-status|p1a: Latios|tox
|
|-weather|Hail|[upkeep]
|-damage|p1a: Latios|89/100 tox|[from] Hail
|-damage|p2a: Skarmory|71/100|[from] Hail
|-damage|p1a: Latios|83/100 tox|[from] psn
|upkeep
|turn|34
|
|t:|1634377905
|move|p1a: Latios|Agility|p1a: Latios
|-boost|p1a: Latios|spe|2
|move|p2a: Skarmory|Roost|p2a: Skarmory
|-heal|p2a: Skarmory|100/100
|-singleturn|p2a: Skarmory|move: Roost
|
|-weather|Hail|[upkeep]
|-damage|p1a: Latios|77/100 tox|[from] Hail
|-damage|p2a: Skarmory|95/100|[from] Hail
|-damage|p1a: Latios|65/100 tox|[from] psn
|upkeep
|turn|35
|
|t:|1634377909
|move|p1a: Latios|Calm Mind|p1a: Latios
|-boost|p1a: Latios|spa|1
|-boost|p1a: Latios|spd|1
|move|p2a: Skarmory|Roost|p2a: Skarmory
|-heal|p2a: Skarmory|100/100
|-singleturn|p2a: Skarmory|move: Roost
|
|-weather|none
|-damage|p1a: Latios|47/100 tox|[from] psn
|upkeep
|turn|36
|
|t:|1634377917
|move|p1a: Latios|Aura Sphere|p2a: Skarmory
|-damage|p2a: Skarmory|17/100
|move|p2a: Skarmory|Roost|p2a: Skarmory
|-heal|p2a: Skarmory|67/100
|-singleturn|p2a: Skarmory|move: Roost
|
|-damage|p1a: Latios|23/100 tox|[from] psn
|upkeep
|turn|37
|
|t:|1634377954
|switch|p2a: Shedinja|Shedinja|100/100
|move|p1a: Latios|Aura Sphere|p2a: Shedinja
|-immune|p2a: Shedinja|[from] ability: Wonder Guard
|
|-damage|p1a: Latios|0 fnt|[from] psn
|faint|p1a: Latios
|upkeep
|
|t:|1634377956
|switch|p1a: Ninetales|Ninetales-Alola, M|16/100 tox
|-weather|Hail|[from] ability: Snow Warning|[of] p1a: Ninetales
|turn|38
|
|t:|1634377979
|move|p2a: Shedinja|Shadow Sneak|p1a: Ninetales
|-damage|p1a: Ninetales|6/100 tox
|move|p1a: Ninetales|Hypnosis|p2a: Shedinja
|-status|p2a: Shedinja|slp|[from] move: Hypnosis
|
|-weather|Hail|[upkeep]
|-damage|p2a: Shedinja|0 fnt|[from] Hail
|faint|p2a: Shedinja
|-damage|p1a: Ninetales|0 fnt|[from] psn
|faint|p1a: Ninetales
|-sideend|p1: Daymo|move: Aurora Veil
|upkeep
|
|t:|1634378001
|switch|p1a: Garchomp|Garchomp, F|100/100
|switch|p2a: Skarmory|Skarmory, M|67/100
|turn|39
|
|t:|1634378003
|move|p1a: Garchomp|Fire Blast|p2a: Skarmory
|-supereffective|p2a: Skarmory
|-damage|p2a: Skarmory|5/100
|-damage|p1a: Garchomp|91/100|[from] item: Life Orb
|move|p2a: Skarmory|Toxic|p1a: Garchomp
|-status|p1a: Garchomp|tox
|
|-weather|Hail|[upkeep]
|-damage|p1a: Garchomp|85/100 tox|[from] Hail
|-damage|p2a: Skarmory|0 fnt|[from] Hail
|faint|p2a: Skarmory
|-damage|p1a: Garchomp|78/100 tox|[from] psn
|upkeep
|
|t:|1634378007
|switch|p2a: Clefable|Clefable, F|100/100
|turn|40
|
|t:|1634378016
|move|p1a: Garchomp|Earthquake|p2a: Clefable
|-damage|p2a: Clefable|52/100
|-damage|p1a: Garchomp|69/100 tox|[from] item: Life Orb
|move|p2a: Clefable|Soft-Boiled|p2a: Clefable
|-heal|p2a: Clefable|100/100
|
|-weather|Hail|[upkeep]
|-damage|p1a: Garchomp|62/100 tox|[from] Hail
|-damage|p2a: Clefable|94/100|[from] Hail
|-heal|p2a: Clefable|100/100|[from] item: Leftovers
|-damage|p1a: Garchomp|50/100 tox|[from] psn
|upkeep
|turn|41
|-message|Daymo forfeited.
|
|win|I'm back from Mars
|raw|Daymo's rating: 1719 &rarr; <strong>1707</strong><br />(-12 for losing)
|raw|I&apos;m back from Mars's rating: 1874 &rarr; <strong>1886</strong><br />(+12 for winning)
|l|☆Daymo
