|j|☆TheonReekGreyjoy
|j|☆WarioNear
|t:|1632156265
|gametype|singles
|player|p1|TheonReekGreyjoy|265|1789
|player|p2|WarioNear|1|1895
|teamsize|p1|6
|teamsize|p2|6
|gen|8
|tier|[Gen 8] OU
|rated|
|rule|Sleep Clause Mod: Limit one foe put to sleep
|rule|Species Clause: Limit one of each Pokémon
|rule|OHKO Clause: OHKO moves are banned
|rule|Evasion Moves Clause: Evasion moves are banned
|rule|Endless Battle Clause: Forcing endless battles is banned
|rule|HP Percentage Mod: HP is shown in percentages
|rule|Dynamax Clause: You cannot dynamax
|clearpoke
|poke|p1|Ninetales-Alola, F|
|poke|p1|Arctozolt|
|poke|p1|Landorus-Therian, M|
|poke|p1|Corviknight, M|
|poke|p1|Tornadus-Therian, M|
|poke|p1|Volcanion|
|poke|p2|Pelipper, M|
|poke|p2|Zapdos|
|poke|p2|Ferrothorn, F|
|poke|p2|Garchomp, F|
|poke|p2|Kingdra, M|
|poke|p2|Barraskewda, M|
|teampreview
|j| 2DpkmN
|j| lexlexlez
|c|☆WarioNear|gl hf
|j| BlackFeather666
|j| made in 1998
|j| Daddy Vaush
|
|t:|1632156302
|start
|switch|p1a: Landorus|Landorus-Therian, M|100/100
|switch|p2a: Zapdos|Zapdos|100/100
|-ability|p1a: Landorus|Intimidate|boost
|-unboost|p2a: Zapdos|atk|1
|turn|1
|
|t:|1632156309
|move|p2a: Zapdos|Hurricane|p1a: Landorus
|-damage|p1a: Landorus|59/100
|move|p1a: Landorus|Toxic|p2a: Zapdos
|-status|p2a: Zapdos|tox
|
|-heal|p1a: Landorus|65/100|[from] item: Leftovers
|-damage|p2a: Zapdos|94/100 tox|[from] psn
|upkeep
|turn|2
|j| polskiposki
|j| kira's queen
|
|t:|1632156324
|switch|p2a: Ferrothorn|Ferrothorn, F|100/100
|switch|p1a: Tornadus|Tornadus-Therian, M|100/100
|
|upkeep
|turn|3
|
|t:|1632156331
|switch|p2a: Garchomp|Garchomp, F|100/100
|move|p1a: Tornadus|Heat Wave|p2a: Garchomp
|-resisted|p2a: Garchomp
|-damage|p2a: Garchomp|88/100
|
|upkeep
|turn|4
|j| Tabata Tyrogue
|
|t:|1632156340
|move|p1a: Tornadus|U-turn|p2a: Garchomp
|-damage|p2a: Garchomp|74/100
|-damage|p1a: Tornadus|88/100|[from] ability: Rough Skin|[of] p2a: Garchomp
|
|t:|1632156344
|switch|p1a: Corviknight|Corviknight, M|100/100|[from]move: U-turn
|-ability|p1a: Corviknight|Pressure
|move|p2a: Garchomp|Toxic|p1a: Corviknight
|-immune|p1a: Corviknight
|
|upkeep
|turn|5
|
|t:|1632156355
|switch|p2a: Pelipper|Pelipper, M|100/100
|-weather|RainDance|[from] ability: Drizzle|[of] p2a: Pelipper
|move|p1a: Corviknight|Body Press|p2a: Pelipper
|-resisted|p2a: Pelipper
|-damage|p2a: Pelipper|90/100
|
|-weather|RainDance|[upkeep]
|upkeep
|turn|6
|
|t:|1632156359
|move|p1a: Corviknight|U-turn|p2a: Pelipper
|-resisted|p2a: Pelipper
|-damage|p2a: Pelipper|84/100
|j| Bobby Fresh
|
|t:|1632156365
|switch|p1a: Ninetales|Ninetales-Alola, F|100/100|[from]move: U-turn
|-weather|Hail|[from] ability: Snow Warning|[of] p1a: Ninetales
|move|p2a: Pelipper|U-turn|p1a: Ninetales
|-resisted|p1a: Ninetales
|-damage|p1a: Ninetales|96/100
|
|t:|1632156372
|switch|p2a: Barraskewda|Barraskewda, M|100/100|[from]move: U-turn
|
|-weather|Hail|[upkeep]
|-damage|p2a: Barraskewda|94/100|[from] Hail
|upkeep
|turn|7
|j| OU make me yawn♤
|
|t:|1632156379
|switch|p1a: Corviknight|Corviknight, M|100/100
|-ability|p1a: Corviknight|Pressure
|move|p2a: Barraskewda|Close Combat|p1a: Corviknight
|-damage|p1a: Corviknight|60/100
|-unboost|p2a: Barraskewda|def|1
|-unboost|p2a: Barraskewda|spd|1
|-damage|p2a: Barraskewda|78/100|[from] item: Rocky Helmet|[of] p1a: Corviknight
|
|-weather|Hail|[upkeep]
|-damage|p2a: Barraskewda|72/100|[from] Hail
|-damage|p1a: Corviknight|53/100|[from] Hail
|upkeep
|turn|8
|
|t:|1632156386
|switch|p2a: Ferrothorn|Ferrothorn, F|100/100
|move|p1a: Corviknight|Roost|p1a: Corviknight
|-heal|p1a: Corviknight|100/100
|-singleturn|p1a: Corviknight|move: Roost
|
|-weather|Hail|[upkeep]
|-damage|p1a: Corviknight|94/100|[from] Hail
|-damage|p2a: Ferrothorn|94/100|[from] Hail
|-heal|p2a: Ferrothorn|100/100|[from] item: Leftovers
|upkeep
|turn|9
|
|t:|1632156389
|switch|p1a: Volcanion|Volcanion|100/100
|move|p2a: Ferrothorn|Stealth Rock|p1a: Volcanion
|-sidestart|p1: TheonReekGreyjoy|move: Stealth Rock
|
|-weather|Hail|[upkeep]
|-damage|p1a: Volcanion|94/100|[from] Hail
|-damage|p2a: Ferrothorn|94/100|[from] Hail
|-heal|p2a: Ferrothorn|100/100|[from] item: Leftovers
|upkeep
|turn|10
|j| jptoroglass
|c| OU make me yawn♤|This mu looks like hell for rain
|
|t:|1632156394
|switch|p2a: Kingdra|Kingdra, M|100/100
|move|p1a: Volcanion|Steam Eruption|p2a: Kingdra
|-resisted|p2a: Kingdra
|-damage|p2a: Kingdra|73/100
|
|-weather|Hail|[upkeep]
|-damage|p2a: Kingdra|67/100|[from] Hail
|-damage|p1a: Volcanion|88/100|[from] Hail
|upkeep
|turn|11
|c| OU make me yawn♤|what weather doesn’t though
|
|t:|1632156410
|switch|p1a: Tornadus|Tornadus-Therian, M|100/100
|-damage|p1a: Tornadus|76/100|[from] Stealth Rock
|move|p2a: Kingdra|Draco Meteor|p1a: Tornadus
|-damage|p1a: Tornadus|15/100
|-unboost|p2a: Kingdra|spa|2
|
|-weather|Hail|[upkeep]
|-damage|p1a: Tornadus|9/100|[from] Hail
|-damage|p2a: Kingdra|61/100|[from] Hail
|upkeep
|turn|12
|
|t:|1632156421
|switch|p1a: Ninetales|Ninetales-Alola, F|96/100
|-damage|p1a: Ninetales|71/100|[from] Stealth Rock
|move|p2a: Kingdra|Draco Meteor|p1a: Ninetales
|-immune|p1a: Ninetales
|
|-weather|Hail|[upkeep]
|-damage|p2a: Kingdra|55/100|[from] Hail
|upkeep
|turn|13
|
|t:|1632156428
|switch|p2a: Ferrothorn|Ferrothorn, F|100/100
|move|p1a: Ninetales|Aurora Veil|p1a: Ninetales
|-sidestart|p1: TheonReekGreyjoy|move: Aurora Veil
|
|-weather|none
|upkeep
|turn|14
|
|t:|1632156434
|switch|p1a: Corviknight|Corviknight, M|94/100
|-damage|p1a: Corviknight|82/100|[from] Stealth Rock
|-ability|p1a: Corviknight|Pressure
|move|p2a: Ferrothorn|Leech Seed|p1a: Corviknight
|-start|p1a: Corviknight|move: Leech Seed
|
|-damage|p1a: Corviknight|69/100|[from] Leech Seed|[of] p2a: Ferrothorn
|upkeep
|turn|15
|
|t:|1632156441
|switch|p2a: Zapdos|Zapdos|94/100 tox
|move|p1a: Corviknight|Defog|p2a: Zapdos
|-unboost|p2a: Zapdos|evasion|1
|-sideend|p1: TheonReekGreyjoy|Stealth Rock|[from] move: Defog|[of] p1a: Corviknight
|
|-damage|p1a: Corviknight|57/100|[from] Leech Seed|[of] p2a: Zapdos
|-heal|p2a: Zapdos|100/100 tox|[silent]
|-damage|p2a: Zapdos|94/100 tox|[from] psn
|upkeep
|turn|16
|
|t:|1632156448
|switch|p2a: Pelipper|Pelipper, M|84/100
|-weather|RainDance|[from] ability: Drizzle|[of] p2a: Pelipper
|switch|p1a: Landorus|Landorus-Therian, M|65/100
|-ability|p1a: Landorus|Intimidate|boost
|-unboost|p2a: Pelipper|atk|1
|
|-weather|RainDance|[upkeep]
|-heal|p1a: Landorus|71/100|[from] item: Leftovers
|upkeep
|turn|17
|
|t:|1632156469
|move|p1a: Landorus|U-turn|p2a: Pelipper
|-resisted|p2a: Pelipper
|-damage|p2a: Pelipper|75/100
|
|t:|1632156472
|switch|p1a: Tornadus|Tornadus-Therian, M|42/100|[from]move: U-turn
|move|p2a: Pelipper|U-turn|p1a: Tornadus
|-resisted|p1a: Tornadus
|-damage|p1a: Tornadus|40/100
|c|☆WarioNear|Yeah it's a pretty hard mu
|
|t:|1632156484
|switch|p2a: Kingdra|Kingdra, M|55/100|[from]move: U-turn
|
|-weather|RainDance|[upkeep]
|-sideend|p1: TheonReekGreyjoy|move: Aurora Veil
|upkeep
|turn|18
|
|t:|1632156496
|switch|p1a: Ninetales|Ninetales-Alola, F|71/100
|-weather|Hail|[from] ability: Snow Warning|[of] p1a: Ninetales
|move|p2a: Kingdra|Dragon Pulse|p1a: Ninetales
|-immune|p1a: Ninetales
|
|-weather|Hail|[upkeep]
|-damage|p2a: Kingdra|49/100|[from] Hail
|upkeep
|turn|19
|
|t:|1632156506
|switch|p1a: Volcanion|Volcanion|88/100
|switch|p2a: Ferrothorn|Ferrothorn, F|100/100
|
|-weather|Hail|[upkeep]
|-damage|p1a: Volcanion|82/100|[from] Hail
|-damage|p2a: Ferrothorn|94/100|[from] Hail
|-heal|p2a: Ferrothorn|100/100|[from] item: Leftovers
|upkeep
|turn|20
|
|t:|1632156515
|switch|p2a: Garchomp|Garchomp, F|74/100
|move|p1a: Volcanion|Steam Eruption|p2a: Garchomp|[miss]
|-miss|p1a: Volcanion|p2a: Garchomp
|
|-weather|Hail|[upkeep]
|-damage|p2a: Garchomp|68/100|[from] Hail
|-damage|p1a: Volcanion|76/100|[from] Hail
|upkeep
|turn|21
|
|t:|1632156526
|switch|p1a: Corviknight|Corviknight, M|57/100
|-ability|p1a: Corviknight|Pressure
|move|p2a: Garchomp|Scale Shot|p1a: Corviknight
|-resisted|p1a: Corviknight
|-damage|p1a: Corviknight|51/100
|-resisted|p1a: Corviknight
|-damage|p1a: Corviknight|46/100
|-hitcount|p1a: Corviknight|2
|-unboost|p2a: Garchomp|def|1
|-boost|p2a: Garchomp|spe|1
|-damage|p2a: Garchomp|58/100|[from] item: Life Orb
|
|-weather|Hail|[upkeep]
|-damage|p2a: Garchomp|52/100|[from] Hail
|-damage|p1a: Corviknight|40/100|[from] Hail
|upkeep
|turn|22
|
|t:|1632156536
|switch|p2a: Pelipper|Pelipper, M|75/100
|-weather|RainDance|[from] ability: Drizzle|[of] p2a: Pelipper
|move|p1a: Corviknight|Roost|p1a: Corviknight
|-heal|p1a: Corviknight|90/100
|-singleturn|p1a: Corviknight|move: Roost
|
|-weather|RainDance|[upkeep]
|upkeep
|turn|23
|
|t:|1632156540
|move|p1a: Corviknight|U-turn|p2a: Pelipper
|-resisted|p2a: Pelipper
|-damage|p2a: Pelipper|69/100
|
|t:|1632156547
|switch|p1a: Tornadus|Tornadus-Therian, M|74/100|[from]move: U-turn
|move|p2a: Pelipper|U-turn|p1a: Tornadus
|-resisted|p1a: Tornadus
|-damage|p1a: Tornadus|69/100
|
|t:|1632156555
|switch|p2a: Zapdos|Zapdos|94/100 tox|[from]move: U-turn
|
|-weather|RainDance|[upkeep]
|-damage|p2a: Zapdos|88/100 tox|[from] psn
|upkeep
|turn|24
|
|t:|1632156564
|switch|p1a: Volcanion|Volcanion|76/100
|move|p2a: Zapdos|Thunder|p1a: Volcanion
|-supereffective|p1a: Volcanion
|-damage|p1a: Volcanion|0 fnt
|faint|p1a: Volcanion
|
|-weather|RainDance|[upkeep]
|-damage|p2a: Zapdos|76/100 tox|[from] psn
|upkeep
|
|t:|1632156572
|switch|p1a: Ninetales|Ninetales-Alola, F|71/100
|-weather|Hail|[from] ability: Snow Warning|[of] p1a: Ninetales
|turn|25
|l| made in 1998
|
|t:|1632156587
|switch|p2a: Ferrothorn|Ferrothorn, F|100/100
|move|p1a: Ninetales|Freeze-Dry|p2a: Ferrothorn
|-damage|p2a: Ferrothorn|87/100
|
|-weather|Hail|[upkeep]
|-damage|p2a: Ferrothorn|81/100|[from] Hail
|-heal|p2a: Ferrothorn|87/100|[from] item: Leftovers
|upkeep
|turn|26
|
|t:|1632156593
|switch|p1a: Tornadus|Tornadus-Therian, M|100/100
|move|p2a: Ferrothorn|Iron Head|p1a: Tornadus
|-damage|p1a: Tornadus|73/100
|
|-weather|Hail|[upkeep]
|-damage|p1a: Tornadus|67/100|[from] Hail
|-damage|p2a: Ferrothorn|81/100|[from] Hail
|-heal|p2a: Ferrothorn|87/100|[from] item: Leftovers
|upkeep
|turn|27
|
|t:|1632156600
|switch|p2a: Pelipper|Pelipper, M|69/100
|-weather|RainDance|[from] ability: Drizzle|[of] p2a: Pelipper
|move|p1a: Tornadus|Knock Off|p2a: Pelipper
|-damage|p2a: Pelipper|53/100
|-enditem|p2a: Pelipper|Damp Rock|[from] move: Knock Off|[of] p1a: Tornadus
|
|-weather|RainDance|[upkeep]
|upkeep
|turn|28
|
|t:|1632156612
|switch|p2a: Ferrothorn|Ferrothorn, F|87/100
|move|p1a: Tornadus|U-turn|p2a: Ferrothorn
|-damage|p2a: Ferrothorn|76/100
|-damage|p1a: Tornadus|55/100|[from] ability: Iron Barbs|[of] p2a: Ferrothorn
|l| 2DpkmN
|
|t:|1632156626
|switch|p1a: Corviknight|Corviknight, M|90/100|[from]move: U-turn
|-ability|p1a: Corviknight|Pressure
|
|-weather|RainDance|[upkeep]
|-heal|p2a: Ferrothorn|82/100|[from] item: Leftovers
|upkeep
|turn|29
|
|t:|1632156629
|move|p1a: Corviknight|Body Press|p2a: Ferrothorn
|-supereffective|p2a: Ferrothorn
|-damage|p2a: Ferrothorn|44/100
|-damage|p1a: Corviknight|78/100|[from] ability: Iron Barbs|[of] p2a: Ferrothorn
|move|p2a: Ferrothorn|Leech Seed|p1a: Corviknight
|-start|p1a: Corviknight|move: Leech Seed
|
|-weather|RainDance|[upkeep]
|-heal|p2a: Ferrothorn|50/100|[from] item: Leftovers
|-damage|p1a: Corviknight|65/100|[from] Leech Seed|[of] p2a: Ferrothorn
|-heal|p2a: Ferrothorn|64/100|[silent]
|upkeep
|turn|30
|
|t:|1632156637
|switch|p1a: Landorus|Landorus-Therian, M|71/100
|-ability|p1a: Landorus|Intimidate|boost
|-unboost|p2a: Ferrothorn|atk|1
|switch|p2a: Zapdos|Zapdos|76/100 tox
|
|-weather|RainDance|[upkeep]
|-heal|p1a: Landorus|77/100|[from] item: Leftovers
|-damage|p2a: Zapdos|69/100 tox|[from] psn
|upkeep
|turn|31
|
|t:|1632156649
|switch|p1a: Ninetales|Ninetales-Alola, F|71/100
|-weather|Hail|[from] ability: Snow Warning|[of] p1a: Ninetales
|move|p2a: Zapdos|Weather Ball|p1a: Ninetales
|-resisted|p1a: Ninetales
|-damage|p1a: Ninetales|53/100
|
|-weather|Hail|[upkeep]
|-damage|p2a: Zapdos|63/100 tox|[from] Hail
|-damage|p2a: Zapdos|51/100 tox|[from] psn
|upkeep
|turn|32
|
|t:|1632156658
|switch|p2a: Ferrothorn|Ferrothorn, F|64/100
|move|p1a: Ninetales|Freeze-Dry|p2a: Ferrothorn
|-damage|p2a: Ferrothorn|50/100
|
|-weather|Hail|[upkeep]
|-damage|p2a: Ferrothorn|43/100|[from] Hail
|-heal|p2a: Ferrothorn|50/100|[from] item: Leftovers
|upkeep
|turn|33
|
|t:|1632156668
|switch|p1a: Tornadus|Tornadus-Therian, M|88/100
|move|p2a: Ferrothorn|Stealth Rock|p1a: Tornadus
|-sidestart|p1: TheonReekGreyjoy|move: Stealth Rock
|
|-weather|Hail|[upkeep]
|-damage|p1a: Tornadus|82/100|[from] Hail
|-damage|p2a: Ferrothorn|43/100|[from] Hail
|-heal|p2a: Ferrothorn|50/100|[from] item: Leftovers
|upkeep
|turn|34
|
|t:|1632156679
|switch|p2a: Pelipper|Pelipper, M|53/100
|-weather|RainDance|[from] ability: Drizzle|[of] p2a: Pelipper
|move|p1a: Tornadus|Weather Ball|p2a: Pelipper
|-resisted|p2a: Pelipper
|-damage|p2a: Pelipper|26/100
|
|-weather|RainDance|[upkeep]
|upkeep
|turn|35
|l| Bobby Fresh
|
|t:|1632156690
|switch|p2a: Kingdra|Kingdra, M|49/100
|move|p1a: Tornadus|U-turn|p2a: Kingdra
|-damage|p2a: Kingdra|31/100
|
|t:|1632156697
|switch|p1a: Ninetales|Ninetales-Alola, F|53/100|[from]move: U-turn
|-damage|p1a: Ninetales|28/100|[from] Stealth Rock
|-weather|Hail|[from] ability: Snow Warning|[of] p1a: Ninetales
|
|-weather|Hail|[upkeep]
|-damage|p2a: Kingdra|25/100|[from] Hail
|upkeep
|turn|36
|
|t:|1632156720
|switch|p2a: Ferrothorn|Ferrothorn, F|50/100
|move|p1a: Ninetales|Freeze-Dry|p2a: Ferrothorn
|-damage|p2a: Ferrothorn|37/100
|
|-weather|Hail|[upkeep]
|-damage|p2a: Ferrothorn|31/100|[from] Hail
|-heal|p2a: Ferrothorn|37/100|[from] item: Leftovers
|upkeep
|turn|37
|
|t:|1632156729
|switch|p1a: Corviknight|Corviknight, M|65/100
|-damage|p1a: Corviknight|53/100|[from] Stealth Rock
|-ability|p1a: Corviknight|Pressure
|move|p2a: Ferrothorn|Leech Seed|p1a: Corviknight|[miss]
|-miss|p2a: Ferrothorn|p1a: Corviknight
|
|-weather|Hail|[upkeep]
|-damage|p1a: Corviknight|46/100|[from] Hail
|-damage|p2a: Ferrothorn|31/100|[from] Hail
|-heal|p2a: Ferrothorn|37/100|[from] item: Leftovers
|upkeep
|turn|38
|
|t:|1632156739
|move|p1a: Corviknight|Defog|p2a: Ferrothorn
|-unboost|p2a: Ferrothorn|evasion|1
|-sideend|p1: TheonReekGreyjoy|Stealth Rock|[from] move: Defog|[of] p1a: Corviknight
|move|p2a: Ferrothorn|Leech Seed|p1a: Corviknight
|-start|p1a: Corviknight|move: Leech Seed
|
|-weather|Hail|[upkeep]
|-damage|p1a: Corviknight|40/100|[from] Hail
|-damage|p2a: Ferrothorn|31/100|[from] Hail
|-heal|p2a: Ferrothorn|37/100|[from] item: Leftovers
|-damage|p1a: Corviknight|28/100|[from] Leech Seed|[of] p2a: Ferrothorn
|-heal|p2a: Ferrothorn|51/100|[silent]
|upkeep
|turn|39
|
|t:|1632156742
|move|p1a: Corviknight|Body Press|p2a: Ferrothorn
|-supereffective|p2a: Ferrothorn
|-damage|p2a: Ferrothorn|16/100
|-damage|p1a: Corviknight|15/100|[from] ability: Iron Barbs|[of] p2a: Ferrothorn
|move|p2a: Ferrothorn|Stealth Rock|p1a: Corviknight
|-sidestart|p1: TheonReekGreyjoy|move: Stealth Rock
|
|-weather|Hail|[upkeep]
|-damage|p1a: Corviknight|9/100|[from] Hail
|-damage|p2a: Ferrothorn|10/100|[from] Hail
|-heal|p2a: Ferrothorn|16/100|[from] item: Leftovers
|-damage|p1a: Corviknight|0 fnt|[from] Leech Seed|[of] p2a: Ferrothorn
|-heal|p2a: Ferrothorn|25/100|[silent]
|faint|p1a: Corviknight
|upkeep
|
|t:|1632156748
|switch|p1a: Landorus|Landorus-Therian, M|77/100
|-damage|p1a: Landorus|65/100|[from] Stealth Rock
|-ability|p1a: Landorus|Intimidate|boost
|-unboost|p2a: Ferrothorn|atk|1
|turn|40
|
|t:|1632156756
|move|p1a: Landorus|Defog|p2a: Ferrothorn
|-unboost|p2a: Ferrothorn|evasion|1
|-sideend|p1: TheonReekGreyjoy|Stealth Rock|[from] move: Defog|[of] p1a: Landorus
|move|p2a: Ferrothorn|Leech Seed|p1a: Landorus
|-start|p1a: Landorus|move: Leech Seed
|
|-weather|Hail|[upkeep]
|-damage|p1a: Landorus|59/100|[from] Hail
|-damage|p2a: Ferrothorn|19/100|[from] Hail
|-heal|p1a: Landorus|65/100|[from] item: Leftovers
|-heal|p2a: Ferrothorn|25/100|[from] item: Leftovers
|-damage|p1a: Landorus|52/100|[from] Leech Seed|[of] p2a: Ferrothorn
|-heal|p2a: Ferrothorn|39/100|[silent]
|upkeep
|turn|41
|
|t:|1632156759
|move|p1a: Landorus|Earthquake|p2a: Ferrothorn
|-damage|p2a: Ferrothorn|4/100
|move|p2a: Ferrothorn|Stealth Rock|p1a: Landorus
|-sidestart|p1: TheonReekGreyjoy|move: Stealth Rock
|
|-weather|Hail|[upkeep]
|-damage|p1a: Landorus|46/100|[from] Hail
|-damage|p2a: Ferrothorn|0 fnt|[from] Hail
|faint|p2a: Ferrothorn
|-heal|p1a: Landorus|52/100|[from] item: Leftovers
|upkeep
|j| Marquesa-10%
|
|t:|1632156767
|switch|p2a: Barraskewda|Barraskewda, M|72/100
|turn|42
|
|t:|1632156775
|move|p2a: Barraskewda|Liquidation|p1a: Landorus
|-supereffective|p1a: Landorus
|-damage|p1a: Landorus|0 fnt
|faint|p1a: Landorus
|
|-weather|none
|upkeep
|
|t:|1632156780
|switch|p1a: Ninetales|Ninetales-Alola, F|28/100
|-damage|p1a: Ninetales|3/100|[from] Stealth Rock
|-weather|Hail|[from] ability: Snow Warning|[of] p1a: Ninetales
|turn|43
|
|t:|1632156785
|move|p2a: Barraskewda|Liquidation|p1a: Ninetales
|-damage|p1a: Ninetales|0 fnt
|faint|p1a: Ninetales
|
|-weather|Hail|[upkeep]
|-damage|p2a: Barraskewda|66/100|[from] Hail
|upkeep
|
|t:|1632156786
|switch|p1a: Arctozolt|Arctozolt|100/100
|-damage|p1a: Arctozolt|76/100|[from] Stealth Rock
|turn|44
|
|t:|1632156789
|switch|p2a: Pelipper|Pelipper, M|26/100
|-weather|RainDance|[from] ability: Drizzle|[of] p2a: Pelipper
|move|p1a: Arctozolt|Substitute|p1a: Arctozolt
|-start|p1a: Arctozolt|Substitute
|-damage|p1a: Arctozolt|51/100
|
|-weather|RainDance|[upkeep]
|-heal|p1a: Arctozolt|57/100|[from] item: Leftovers
|upkeep
|turn|45
|
|t:|1632156801
|switch|p2a: Zapdos|Zapdos|51/100 tox
|move|p1a: Arctozolt|Bolt Beak|p2a: Zapdos
|-damage|p2a: Zapdos|0 fnt
|faint|p2a: Zapdos
|
|-weather|RainDance|[upkeep]
|-heal|p1a: Arctozolt|63/100|[from] item: Leftovers
|upkeep
|
|t:|1632156805
|switch|p2a: Kingdra|Kingdra, M|25/100
|turn|46
|
|t:|1632156810
|move|p2a: Kingdra|Surf|p1a: Arctozolt
|-end|p1a: Arctozolt|Substitute
|move|p1a: Arctozolt|Bolt Beak|p2a: Kingdra
|-damage|p2a: Kingdra|0 fnt
|faint|p2a: Kingdra
|
|-weather|RainDance|[upkeep]
|-heal|p1a: Arctozolt|69/100|[from] item: Leftovers
|upkeep
|
|t:|1632156814
|switch|p2a: Barraskewda|Barraskewda, M|66/100
|turn|47
|
|t:|1632156817
|move|p2a: Barraskewda|Liquidation|p1a: Arctozolt
|-crit|p1a: Arctozolt
|-damage|p1a: Arctozolt|0 fnt
|faint|p1a: Arctozolt
|
|-weather|RainDance|[upkeep]
|upkeep
|
|t:|1632156819
|switch|p1a: Tornadus|Tornadus-Therian, M|100/100
|-damage|p1a: Tornadus|76/100|[from] Stealth Rock
|turn|48
|j| IM A BEGINNERZ
|
|t:|1632156828
|move|p2a: Barraskewda|Liquidation|p1a: Tornadus
|-damage|p1a: Tornadus|0 fnt
|faint|p1a: Tornadus
|
|win|WarioNear
|raw|TheonReekGreyjoy's rating: 1789 &rarr; <strong>1775</strong><br />(-14 for losing)
|raw|WarioNear's rating: 1895 &rarr; <strong>1909</strong><br />(+14 for winning)
|c|☆WarioNear|gg
|l| IM A BEGINNERZ
|l| lexlexlez
||Ladder isn't responding, score probably updated but might not have (Request timeout).
|l| Tabata Tyrogue
