|j|☆Colonel Rivai
|j|☆Senzumii
|t:|1656000978
|gametype|singles
|player|p1|Colonel Rivai|101|1794
|player|p2|Senzumii|psychicf-gen4|1753
|teamsize|p1|6
|teamsize|p2|6
|gen|8
|tier|[Gen 8] OU
|rated|
|rule|Sleep Clause Mod: Limit one foe put to sleep
|rule|Species Clause: Limit one of each Pokémon
|rule|OHKO Clause: OHKO moves are banned
|rule|Evasion Moves Clause: Evasion moves are banned
|rule|Endless Battle Clause: Forcing endless battles is banned
|rule|HP Percentage Mod: HP is shown in percentages
|rule|Dynamax Clause: You cannot dynamax
|clearpoke
|poke|p1|Glastrier|
|poke|p1|Tapu Fini|
|poke|p1|Ferrothorn, F|
|poke|p1|Krookodile, F|
|poke|p1|Zapdos|
|poke|p1|Victini|
|poke|p2|Tapu Koko|
|poke|p2|Victini|
|poke|p2|Clefable, F|
|poke|p2|Landorus-Therian, M|
|poke|p2|Ferrothorn, M|
|poke|p2|Dragonite, F|
|teampreview
|inactive|Battle timer is ON: inactive players will automatically lose when time's up. (requested by Colonel Rivai)
|
|t:|1656001005
|start
|switch|p1a: Panamera|Glastrier|100/100
|switch|p2a: Clefable|Clefable, F|100/100
|turn|1
|j| xiao123
|j| ash_won_kalos
|
|t:|1656001030
|switch|p2a: Ferrothorn|Ferrothorn, M|100/100
|move|p1a: Panamera|Icicle Crash|p2a: Ferrothorn
|-damage|p2a: Ferrothorn|54/100
|
|upkeep
|turn|2
|inactive|Senzumii has 120 seconds left.
|
|t:|1656001057
|move|p1a: Panamera|Icicle Crash|p2a: Ferrothorn
|-damage|p2a: Ferrothorn|7/100
|move|p2a: Ferrothorn|Spikes|p1a: Panamera
|-sidestart|p1: Colonel Rivai|Spikes
|
|upkeep
|turn|3
|
|t:|1656001066
|move|p1a: Panamera|Icicle Crash|p2a: Ferrothorn
|-damage|p2a: Ferrothorn|0 fnt
|faint|p2a: Ferrothorn
|-ability|p1a: Panamera|Chilling Neigh|boost
|-boost|p1a: Panamera|atk|1
|
|upkeep
|
|t:|1656001068
|switch|p2a: Victini|Victini|100/100
|turn|4
|
|t:|1656001071
|switch|p1a: Hellcat|Victini|100/100
|move|p2a: Victini|V-create|p1a: Hellcat
|-resisted|p1a: Hellcat
|-damage|p1a: Hellcat|60/100
|-unboost|p2a: Victini|spe|1
|-unboost|p2a: Victini|def|1
|-unboost|p2a: Victini|spd|1
|
|upkeep
|turn|5
|
|t:|1656001077
|switch|p2a: Dragonite|Dragonite, F|100/100
|move|p1a: Hellcat|V-create|p2a: Dragonite
|-resisted|p2a: Dragonite
|-damage|p2a: Dragonite|78/100
|-unboost|p1a: Hellcat|spe|1
|-unboost|p1a: Hellcat|def|1
|-unboost|p1a: Hellcat|spd|1
|
|upkeep
|turn|6
|
|t:|1656001081
|move|p2a: Dragonite|Roost|p2a: Dragonite
|-heal|p2a: Dragonite|100/100
|-singleturn|p2a: Dragonite|move: Roost
|move|p1a: Hellcat|Encore|p2a: Dragonite
|-start|p2a: Dragonite|Encore
|
|upkeep
|turn|7
|
|t:|1656001090
|move|p2a: Dragonite|Roost||[still]
|-fail|p2a: Dragonite|heal
|move|p1a: Hellcat|U-turn|p2a: Dragonite
|-resisted|p2a: Dragonite
|-damage|p2a: Dragonite|95/100
|
|t:|1656001093
|switch|p1a: Tesla|Zapdos|100/100|[from]move: U-turn
|
|upkeep
|turn|8
|
|t:|1656001102
|switch|p2a: Landorus|Landorus-Therian, M|100/100
|-ability|p2a: Landorus|Intimidate|boost
|-unboost|p1a: Tesla|atk|1
|move|p1a: Tesla|Defog|p2a: Landorus
|-unboost|p2a: Landorus|evasion|1
|-sideend|p1: Colonel Rivai|Spikes|[from] move: Defog|[of] p1a: Tesla
|
|upkeep
|turn|9
|
|t:|1656001104
|move|p2a: Landorus|Knock Off|p1a: Tesla
|-damage|p1a: Tesla|75/100
|-enditem|p1a: Tesla|Heavy-Duty Boots|[from] move: Knock Off|[of] p2a: Landorus
|move|p1a: Tesla|Hurricane|p2a: Landorus
|-damage|p2a: Landorus|38/100
|
|upkeep
|turn|10
|
|t:|1656001110
|move|p2a: Landorus|Explosion|p1a: Tesla
|-enditem|p2a: Landorus|Normal Gem|[from] gem
|-damage|p1a: Tesla|0 fnt
|faint|p2a: Landorus
|faint|p1a: Tesla
|
|upkeep
|
|t:|1656001120
|switch|p2a: Victini|Victini|100/100
|switch|p1a: F-150|Ferrothorn, F|100/100
|turn|11
|
|t:|1656001125
|switch|p1a: Shelby|Tapu Fini|100/100
|-fieldstart|move: Misty Terrain|[from] ability: Misty Surge|[of] p1a: Shelby
|move|p2a: Victini|Bolt Strike|p1a: Shelby
|-supereffective|p1a: Shelby
|-damage|p1a: Shelby|53/100
|
|-heal|p1a: Shelby|59/100|[from] item: Leftovers
|upkeep
|turn|12
|
|t:|1656001132
|move|p2a: Victini|Bolt Strike|p1a: Shelby
|-supereffective|p1a: Shelby
|-damage|p1a: Shelby|10/100
|move|p1a: Shelby|Draining Kiss|p2a: Victini
|-resisted|p2a: Victini
|-damage|p2a: Victini|93/100
|-heal|p1a: Shelby|16/100|[from] drain|[of] p2a: Victini
|
|-heal|p1a: Shelby|22/100|[from] item: Leftovers
|upkeep
|turn|13
|
|t:|1656001136
|switch|p1a: F-150|Ferrothorn, F|100/100
|move|p2a: Victini|V-create|p1a: F-150
|-supereffective|p1a: F-150
|-damage|p1a: F-150|0 fnt
|-unboost|p2a: Victini|spe|1
|-unboost|p2a: Victini|def|1
|-unboost|p2a: Victini|spd|1
|-damage|p2a: Victini|81/100|[from] ability: Iron Barbs|[of] p1a: F-150
|-damage|p2a: Victini|64/100|[from] item: Rocky Helmet|[of] p1a: F-150
|faint|p1a: F-150
|
|upkeep
|
|t:|1656001143
|switch|p1a: Charger|Krookodile, F|100/100
|turn|14
|
|t:|1656001147
|switch|p2a: Clefable|Clefable, F|100/100
|move|p1a: Charger|Knock Off|p2a: Clefable
|-resisted|p2a: Clefable
|-damage|p2a: Clefable|83/100
|-enditem|p2a: Clefable|Leftovers|[from] move: Knock Off|[of] p1a: Charger
|
|upkeep
|turn|15
|
|t:|1656001151
|switch|p1a: Hellcat|Victini|60/100
|move|p2a: Clefable|Moonblast|p1a: Hellcat
|-resisted|p1a: Hellcat
|-damage|p1a: Hellcat|43/100
|
|-fieldend|Misty Terrain
|upkeep
|turn|16
|
|t:|1656001156
|switch|p2a: Dragonite|Dragonite, F|95/100
|move|p1a: Hellcat|V-create|p2a: Dragonite
|-resisted|p2a: Dragonite
|-damage|p2a: Dragonite|55/100
|-unboost|p1a: Hellcat|spe|1
|-unboost|p1a: Hellcat|def|1
|-unboost|p1a: Hellcat|spd|1
|
|upkeep
|turn|17
|
|t:|1656001163
|switch|p1a: Panamera|Glastrier|100/100
|move|p2a: Dragonite|Roost|p2a: Dragonite
|-heal|p2a: Dragonite|100/100
|-singleturn|p2a: Dragonite|move: Roost
|
|upkeep
|turn|18
|
|t:|1656001190
|switch|p2a: Clefable|Clefable, F|83/100
|move|p1a: Panamera|Icicle Crash|p2a: Clefable
|-damage|p2a: Clefable|18/100
|
|upkeep
|turn|19
|l| xiao123
|
|t:|1656001204
|move|p2a: Clefable|Moonblast|p1a: Panamera
|-damage|p1a: Panamera|73/100
|move|p1a: Panamera|Icicle Crash|p2a: Clefable
|-damage|p2a: Clefable|0 fnt
|faint|p2a: Clefable
|-ability|p1a: Panamera|Chilling Neigh|boost
|-boost|p1a: Panamera|atk|1
|
|upkeep
|j| pollopollopo
|
|t:|1656001207
|switch|p2a: Tapu Koko|Tapu Koko|100/100
|-fieldstart|move: Electric Terrain|[from] ability: Electric Surge|[of] p2a: Tapu Koko
|turn|20
|
|t:|1656001211
|switch|p1a: Shelby|Tapu Fini|22/100
|-fieldstart|move: Misty Terrain|[from] ability: Misty Surge|[of] p1a: Shelby
|move|p2a: Tapu Koko|Volt Switch|p1a: Shelby
|-supereffective|p1a: Shelby
|-damage|p1a: Shelby|0 fnt
|faint|p1a: Shelby
|
|t:|1656001219
|switch|p2a: Victini|Victini|64/100|[from]move: Volt Switch
|
|upkeep
|
|t:|1656001222
|switch|p1a: Charger|Krookodile, F|100/100
|turn|21
|
|t:|1656001226
|switch|p2a: Dragonite|Dragonite, F|100/100
|move|p1a: Charger|Knock Off|p2a: Dragonite
|-damage|p2a: Dragonite|73/100
|-enditem|p2a: Dragonite|Heavy-Duty Boots|[from] move: Knock Off|[of] p1a: Charger
|
|upkeep
|turn|22
|
|t:|1656001242
|switch|p1a: Hellcat|Victini|43/100
|switch|p2a: Tapu Koko|Tapu Koko|100/100
|-fieldstart|move: Electric Terrain|[from] ability: Electric Surge|[of] p2a: Tapu Koko
|
|upkeep
|turn|23
|
|t:|1656001247
|move|p2a: Tapu Koko|Volt Switch|p1a: Hellcat
|-damage|p1a: Hellcat|6/100
|
|t:|1656001250
|switch|p2a: Dragonite|Dragonite, F|73/100|[from]move: Volt Switch
|move|p1a: Hellcat|V-create|p2a: Dragonite
|-resisted|p2a: Dragonite
|-damage|p2a: Dragonite|31/100
|-unboost|p1a: Hellcat|spe|1
|-unboost|p1a: Hellcat|def|1
|-unboost|p1a: Hellcat|spd|1
|
|upkeep
|turn|24
|
|t:|1656001253
|switch|p2a: Tapu Koko|Tapu Koko|100/100
|move|p1a: Hellcat|Bolt Strike|p2a: Tapu Koko
|-resisted|p2a: Tapu Koko
|-damage|p2a: Tapu Koko|67/100
|
|upkeep
|turn|25
|
|t:|1656001257
|move|p2a: Tapu Koko|Dazzling Gleam|p1a: Hellcat
|-resisted|p1a: Hellcat
|-damage|p1a: Hellcat|0 fnt
|faint|p1a: Hellcat
|
|upkeep
|
|t:|1656001260
|switch|p1a: Charger|Krookodile, F|100/100
|turn|26
|
|t:|1656001262
|move|p1a: Charger|Stealth Rock|p2a: Tapu Koko
|-sidestart|p2: Senzumii|move: Stealth Rock
|move|p2a: Tapu Koko|Dazzling Gleam|p1a: Charger
|-supereffective|p1a: Charger
|-damage|p1a: Charger|7/100
|
|-fieldend|move: Electric Terrain
|upkeep
|turn|27
|
|t:|1656001282
|switch|p1a: Panamera|Glastrier|73/100
|move|p2a: Tapu Koko|Volt Switch|p1a: Panamera
|-damage|p1a: Panamera|48/100
|
|t:|1656001284
|switch|p2a: Victini|Victini|64/100|[from]move: Volt Switch
|
|upkeep
|turn|28
|
|t:|1656001287
|move|p2a: Victini|V-create|p1a: Panamera
|-supereffective|p1a: Panamera
|-damage|p1a: Panamera|0 fnt
|-unboost|p2a: Victini|spe|1
|-unboost|p2a: Victini|def|1
|-unboost|p2a: Victini|spd|1
|faint|p1a: Panamera
|
|upkeep
|
|t:|1656001289
|switch|p1a: Charger|Krookodile, F|7/100
|turn|29
|
|t:|1656001292
|move|p1a: Charger|Stone Edge|p2a: Victini
|-supereffective|p2a: Victini
|-damage|p2a: Victini|0 fnt
|faint|p2a: Victini
|-ability|p1a: Charger|Moxie|boost
|-boost|p1a: Charger|atk|1
|
|upkeep
|c|☆Senzumii|uh oh
|
|t:|1656001304
|switch|p2a: Tapu Koko|Tapu Koko|67/100
|-fieldstart|move: Electric Terrain|[from] ability: Electric Surge|[of] p2a: Tapu Koko
|turn|30
|
|t:|1656001308
|move|p1a: Charger|Stone Edge|p2a: Tapu Koko|[miss]
|-miss|p1a: Charger|p2a: Tapu Koko
|move|p2a: Tapu Koko|Dazzling Gleam|p1a: Charger
|-supereffective|p1a: Charger
|-damage|p1a: Charger|0 fnt
|faint|p1a: Charger
|
|win|Senzumii
|raw|Colonel Rivai's rating: 1794 &rarr; <strong>1772</strong><br />(-22 for losing)
|raw|Senzumii's rating: 1753 &rarr; <strong>1775</strong><br />(+22 for winning)
|c|☆Colonel Rivai|fuck
|c|☆Colonel Rivai|gg
|c|☆Senzumii|gg
|l|☆Colonel Rivai
|c|☆Senzumii|wp near the end
