|j|☆wsdfg
|j|☆Sombra Diurna
|t:|1650660416
|gametype|singles
|player|p1|wsdfg|169|1645
|player|p2|Sombra Diurna|blue|1708
|teamsize|p1|6
|teamsize|p2|6
|gen|8
|tier|[Gen 8] OU
|rated|
|rule|Sleep Clause Mod: Limit one foe put to sleep
|rule|Species Clause: Limit one of each Pokémon
|rule|OHKO Clause: OHKO moves are banned
|rule|Evasion Moves Clause: Evasion moves are banned
|rule|Endless Battle Clause: Forcing endless battles is banned
|rule|HP Percentage Mod: HP is shown in percentages
|rule|Dynamax Clause: You cannot dynamax
|clearpoke
|poke|p1|Tapu Lele|
|poke|p1|Dragapult, F|
|poke|p1|Landorus-Therian, M|
|poke|p1|Weavile, F|
|poke|p1|Tapu Fini|
|poke|p1|Heatran, M|
|poke|p2|Marowak-Alola, M|
|poke|p2|Slowbro, M|
|poke|p2|Hatterene, F|
|poke|p2|Garchomp, M|
|poke|p2|Ferrothorn, M|
|poke|p2|Drampa, M|
|teampreview
|inactive|Battle timer is ON: inactive players will automatically lose when time's up. (requested by Sombra Diurna)
|
|t:|1650660437
|start
|switch|p1a: Heatran|Heatran, M|100/100
|switch|p2a: Sonso|Slowbro, M|100/100
|turn|1
|
|t:|1650660460
|move|p1a: Heatran|Stealth Rock|p2a: Sonso
|-sidestart|p2: Sombra Diurna|move: Stealth Rock
|move|p2a: Sonso|Scald|p1a: Heatran
|-supereffective|p1a: Heatran
|-damage|p1a: Heatran|65/100
|
|-heal|p1a: Heatran|71/100|[from] item: Leftovers
|upkeep
|turn|2
|
|t:|1650660467
|move|p1a: Heatran|Magma Storm|p2a: Sonso
|-resisted|p2a: Sonso
|-damage|p2a: Sonso|79/100
|-activate|p2a: Sonso|move: Magma Storm|[of] p1a: Heatran
|move|p2a: Sonso|Trick Room|p2a: Sonso
|-fieldstart|move: Trick Room|[of] p2a: Sonso
|
|-heal|p1a: Heatran|77/100|[from] item: Leftovers
|-damage|p2a: Sonso|66/100|[from] move: Magma Storm|[partiallytrapped]
|upkeep
|turn|3
|
|t:|1650660475
|move|p2a: Sonso|Scald|p1a: Heatran
|-supereffective|p1a: Heatran
|-damage|p1a: Heatran|40/100
|move|p1a: Heatran|Taunt|p2a: Sonso
|-start|p2a: Sonso|move: Taunt
|
|-heal|p1a: Heatran|46/100|[from] item: Leftovers
|-damage|p2a: Sonso|54/100|[from] move: Magma Storm|[partiallytrapped]
|upkeep
|turn|4
|
|t:|1650660485
|move|p2a: Sonso|Scald|p1a: Heatran
|-supereffective|p1a: Heatran
|-damage|p1a: Heatran|9/100
|move|p1a: Heatran|Earth Power|p2a: Sonso
|-crit|p2a: Sonso
|-damage|p2a: Sonso|10/100
|-unboost|p2a: Sonso|spd|1
|
|-heal|p1a: Heatran|15/100|[from] item: Leftovers
|-damage|p2a: Sonso|0 fnt|[from] move: Magma Storm|[partiallytrapped]
|faint|p2a: Sonso
|upkeep
|c|☆Sombra Diurna|lol
|c|☆Sombra Diurna|of curse
|
|t:|1650660500
|switch|p2a: Falkor|Drampa, M|100/100
|-damage|p2a: Falkor|88/100|[from] Stealth Rock
|turn|5
|
|t:|1650660504
|move|p2a: Falkor|Thunderbolt|p1a: Heatran
|-damage|p1a: Heatran|0 fnt
|faint|p1a: Heatran
|
|upkeep
|
|t:|1650660510
|switch|p1a: Tapu Lele|Tapu Lele|100/100
|-fieldstart|move: Psychic Terrain|[from] ability: Psychic Surge|[of] p1a: Tapu Lele
|turn|6
|
|t:|1650660516
|switch|p2a: Thorns|Ferrothorn, M|100/100
|-damage|p2a: Thorns|94/100|[from] Stealth Rock
|move|p1a: Tapu Lele|Psychic|p2a: Thorns
|-resisted|p2a: Thorns
|-damage|p2a: Thorns|64/100
|
|-heal|p2a: Thorns|70/100|[from] item: Leftovers
|-fieldend|move: Trick Room
|upkeep
|turn|7
|
|t:|1650660528
|switch|p1a: Landorus|Landorus-Therian, M|100/100
|-ability|p1a: Landorus|Intimidate|boost
|-unboost|p2a: Thorns|atk|1
|move|p2a: Thorns|Stealth Rock|p1a: Landorus
|-sidestart|p1: wsdfg|move: Stealth Rock
|
|-heal|p2a: Thorns|76/100|[from] item: Leftovers
|upkeep
|turn|8
|
|t:|1650660536
|move|p1a: Landorus|Knock Off|p2a: Thorns
|-damage|p2a: Thorns|53/100
|-damage|p1a: Landorus|88/100|[from] ability: Iron Barbs|[of] p2a: Thorns
|-enditem|p2a: Thorns|Leftovers|[from] move: Knock Off|[of] p1a: Landorus
|move|p2a: Thorns|Leech Seed|p1a: Landorus
|-start|p1a: Landorus|move: Leech Seed
|
|-heal|p1a: Landorus|94/100|[from] item: Leftovers
|-damage|p1a: Landorus|82/100|[from] Leech Seed|[of] p2a: Thorns
|-heal|p2a: Thorns|66/100|[silent]
|upkeep
|turn|9
|
|t:|1650660547
|switch|p2a: Sharko|Garchomp, M|100/100
|-damage|p2a: Sharko|94/100|[from] Stealth Rock
|move|p1a: Landorus|U-turn|p2a: Sharko
|-damage|p2a: Sharko|70/100
|-damage|p1a: Landorus|70/100|[from] ability: Rough Skin|[of] p2a: Sharko
|
|t:|1650660552
|switch|p1a: Weavile|Weavile, F|100/100|[from]move: U-turn
|-ability|p1a: Weavile|Pressure
|
|-heal|p2a: Sharko|76/100|[from] item: Leftovers
|upkeep
|turn|10
|
|t:|1650660574
|move|p1a: Weavile|Swords Dance|p1a: Weavile
|-boost|p1a: Weavile|atk|2
|move|p2a: Sharko|Stone Edge|p1a: Weavile|[miss]
|-miss|p2a: Sharko|p1a: Weavile
|
|-heal|p2a: Sharko|83/100|[from] item: Leftovers
|-fieldend|move: Psychic Terrain
|upkeep
|turn|11
|c|☆Sombra Diurna|hahahaha
|inactive|Sombra Diurna has 120 seconds left.
|
|t:|1650660600
|move|p1a: Weavile|Ice Shard|p2a: Sharko
|-supereffective|p2a: Sharko
|-damage|p2a: Sharko|0 fnt
|faint|p2a: Sharko
|
|upkeep
|
|t:|1650660605
|switch|p2a: Thorns|Ferrothorn, M|66/100
|-damage|p2a: Thorns|60/100|[from] Stealth Rock
|turn|12
|
|t:|1650660609
|move|p1a: Weavile|Triple Axel|p2a: Thorns
|-damage|p2a: Thorns|44/100
|-damage|p1a: Weavile|88/100|[from] ability: Iron Barbs|[of] p2a: Thorns
|-hitcount|p2a: Thorns|1
|move|p2a: Thorns|Gyro Ball|p1a: Weavile
|-supereffective|p1a: Weavile
|-damage|p1a: Weavile|0 fnt
|faint|p1a: Weavile
|
|upkeep
|
|t:|1650660622
|switch|p1a: Dragapult|Dragapult, F|100/100
|-damage|p1a: Dragapult|88/100|[from] Stealth Rock
|turn|13
|
|t:|1650660636
|switch|p2a: Falkor|Drampa, M|88/100
|-damage|p2a: Falkor|76/100|[from] Stealth Rock
|move|p1a: Dragapult|Flamethrower|p2a: Falkor
|-resisted|p2a: Falkor
|-damage|p2a: Falkor|55/100
|
|upkeep
|turn|14
|
|t:|1650660650
|move|p1a: Dragapult|Flamethrower|p2a: Falkor
|-resisted|p2a: Falkor
|-damage|p2a: Falkor|34/100
|-ability|p2a: Falkor|Berserk|boost
|-boost|p2a: Falkor|spa|1
|move|p2a: Falkor|Ice Beam|p1a: Dragapult
|-supereffective|p1a: Dragapult
|-damage|p1a: Dragapult|0 fnt
|faint|p1a: Dragapult
|
|upkeep
|
|t:|1650660656
|switch|p1a: Tapu Lele|Tapu Lele|100/100
|-damage|p1a: Tapu Lele|88/100|[from] Stealth Rock
|-fieldstart|move: Psychic Terrain|[from] ability: Psychic Surge|[of] p1a: Tapu Lele
|turn|15
|inactive|Sombra Diurna has 120 seconds left.
|inactive|Sombra Diurna has 90 seconds left.
|
|t:|1650660721
|move|p1a: Tapu Lele|Psyshock|p2a: Falkor
|-crit|p2a: Falkor
|-damage|p2a: Falkor|0 fnt
|faint|p2a: Falkor
|
|upkeep
|
|t:|1650660726
|switch|p2a: Gorra|Hatterene, F, shiny|100/100
|-damage|p2a: Gorra|88/100|[from] Stealth Rock
|turn|16
|inactive|Sombra Diurna has 90 seconds left.
|
|t:|1650660739
|move|p1a: Tapu Lele|Psyshock|p2a: Gorra
|-resisted|p2a: Gorra
|-damage|p2a: Gorra|36/100
|move|p2a: Gorra|Mystical Fire|p1a: Tapu Lele
|-damage|p1a: Tapu Lele|62/100
|-unboost|p1a: Tapu Lele|spa|1
|
|upkeep
|turn|17
|
|t:|1650660746
|move|p1a: Tapu Lele|Psyshock|p2a: Gorra
|-resisted|p2a: Gorra
|-damage|p2a: Gorra|3/100
|move|p2a: Gorra|Trick Room|p2a: Gorra
|-fieldstart|move: Trick Room|[of] p2a: Gorra
|
|upkeep
|turn|18
|
|t:|1650660751
|move|p2a: Gorra|Healing Wish|p2a: Gorra
|faint|p2a: Gorra
|move|p1a: Tapu Lele|Psyshock|p2: Gorra|[notarget]
|-fail|p1a: Tapu Lele
|
|upkeep
|
|t:|1650660757
|switch|p2a: Billy B.|Marowak-Alola, M, shiny|100/100
|-damage|p2a: Billy B.|76/100|[from] Stealth Rock
|turn|19
|inactive|wsdfg has 120 seconds left.
|
|t:|1650660798
|move|p2a: Billy B.|Poltergeist|p1a: Tapu Lele
|-activate|p1a: Tapu Lele|move: Poltergeist|Choice Specs
|-supereffective|p1a: Tapu Lele
|-damage|p1a: Tapu Lele|0 fnt
|faint|p1a: Tapu Lele
|
|-fieldend|move: Psychic Terrain
|upkeep
|inactive|wsdfg has 120 seconds left.
|
|t:|1650660805
|switch|p1a: Landorus|Landorus-Therian, M|70/100
|-damage|p1a: Landorus|57/100|[from] Stealth Rock
|-ability|p1a: Landorus|Intimidate|boost
|-unboost|p2a: Billy B.|atk|1
|turn|20
|
|t:|1650660815
|move|p2a: Billy B.|Poltergeist|p1a: Landorus
|-activate|p1a: Landorus|move: Poltergeist|Leftovers
|-damage|p1a: Landorus|0 fnt
|faint|p1a: Landorus
|
|upkeep
|
|t:|1650660819
|switch|p1a: Tapu Fini|Tapu Fini|100/100
|-damage|p1a: Tapu Fini|88/100|[from] Stealth Rock
|-fieldstart|move: Misty Terrain|[from] ability: Misty Surge|[of] p1a: Tapu Fini
|turn|21
|
|t:|1650660826
|move|p2a: Billy B.|Poltergeist|p1a: Tapu Fini
|-activate|p1a: Tapu Fini|move: Poltergeist|Leftovers
|-damage|p1a: Tapu Fini|46/100
|move|p1a: Tapu Fini|Calm Mind|p1a: Tapu Fini
|-boost|p1a: Tapu Fini|spa|1
|-boost|p1a: Tapu Fini|spd|1
|
|-heal|p1a: Tapu Fini|52/100|[from] item: Leftovers
|-fieldend|move: Trick Room
|upkeep
|turn|22
|
|t:|1650660836
|switch|p2a: Thorns|Ferrothorn, M|44/100
|-heal|p2a: Thorns|100/100|[from] move: Healing Wish
|-damage|p2a: Thorns|94/100|[from] Stealth Rock
|move|p1a: Tapu Fini|Scald|p2a: Thorns
|-resisted|p2a: Thorns
|-damage|p2a: Thorns|81/100
|
|-heal|p1a: Tapu Fini|58/100|[from] item: Leftovers
|upkeep
|turn|23
|
|t:|1650660845
|move|p1a: Tapu Fini|Taunt|p2a: Thorns
|-start|p2a: Thorns|move: Taunt
|move|p2a: Thorns|Power Whip|p1a: Tapu Fini|[miss]
|-miss|p2a: Thorns|p1a: Tapu Fini
|
|-heal|p1a: Tapu Fini|64/100|[from] item: Leftovers
|upkeep
|turn|24
|inactive|Sombra Diurna has 120 seconds left.
|c|☆Sombra Diurna|lol
|
|t:|1650660853
|move|p1a: Tapu Fini|Scald|p2a: Thorns
|-resisted|p2a: Thorns
|-damage|p2a: Thorns|68/100
|move|p2a: Thorns|Power Whip|p1a: Tapu Fini
|-supereffective|p1a: Tapu Fini
|-damage|p1a: Tapu Fini|7/100
|
|-heal|p1a: Tapu Fini|13/100|[from] item: Leftovers
|upkeep
|turn|25
|
|t:|1650660861
|move|p1a: Tapu Fini|Scald|p2a: Thorns
|-resisted|p2a: Thorns
|-damage|p2a: Thorns|54/100
|move|p2a: Thorns|Gyro Ball|p1a: Tapu Fini
|-damage|p1a: Tapu Fini|0 fnt
|faint|p1a: Tapu Fini
|
|win|Sombra Diurna
|raw|wsdfg's rating: 1645 &rarr; <strong>1629</strong><br />(-16 for losing)
|raw|Sombra Diurna's rating: 1708 &rarr; <strong>1724</strong><br />(+16 for winning)
|l|☆wsdfg
||Ladder isn't responding, score probably updated but might not have (Request timeout).
