|j|☆a funny cat
|j|☆chansey and lulu
|t:|1664852210
|gametype|singles
|player|p1|a funny cat|acetrainerf-gen4dp|
|player|p2|chansey and lulu|266|
|teamsize|p1|6
|teamsize|p2|6
|gen|8
|tier|[Gen 8] OU
|rule|Sleep Clause Mod: Limit one foe put to sleep
|rule|Species Clause: Limit one of each Pokémon
|rule|OHKO Clause: OHKO moves are banned
|rule|Evasion Items Clause: Evasion items are banned
|rule|Evasion Moves Clause: Evasion moves are banned
|rule|Endless Battle Clause: Forcing endless battles is banned
|rule|HP Percentage Mod: HP is shown in percentages
|rule|Dynamax Clause: You cannot dynamax
|clearpoke
|poke|p1|Blacephalon|
|poke|p1|Corviknight, M|
|poke|p1|Tapu Lele|
|poke|p1|Tyranitar, M|
|poke|p1|Landorus-Therian, M|
|poke|p1|Toxapex, M|
|poke|p2|Tapu Lele|
|poke|p2|Tyranitar, M|
|poke|p2|Excadrill, M|
|poke|p2|Ferrothorn, F|
|poke|p2|Zapdos|
|poke|p2|Urshifu-*, F|
|teampreview
|
|t:|1664852239
|start
|switch|p1a: Blacephalon|Blacephalon|100/100
|switch|p2a: Urshifu|Urshifu-Rapid-Strike, F|100/100
|turn|1
|
|t:|1664852253
|switch|p2a: Tyranitar|Tyranitar, M|100/100
|-weather|Sandstorm|[from] ability: Sand Stream|[of] p2a: Tyranitar
|move|p1a: Blacephalon|Shadow Ball|p2a: Tyranitar
|-resisted|p2a: Tyranitar
|-damage|p2a: Tyranitar|77/100
|
|-weather|Sandstorm|[upkeep]
|-damage|p1a: Blacephalon|94/100|[from] Sandstorm
|upkeep
|turn|2
|
|t:|1664852264
|switch|p1a: Toxapex|Toxapex, M|100/100
|move|p2a: Tyranitar|Stone Edge|p1a: Toxapex
|-damage|p1a: Toxapex|51/100
|-enditem|p1a: Toxapex|Eject Button
|
|t:|1664852270
|switch|p1a: Landorus|Landorus-Therian, M|100/100
|-ability|p1a: Landorus|Intimidate|boost
|-unboost|p2a: Tyranitar|atk|1
|
|-weather|Sandstorm|[upkeep]
|upkeep
|turn|3
|
|t:|1664852279
|switch|p2a: Urshifu|Urshifu-Rapid-Strike, F|100/100
|move|p1a: Landorus|Stealth Rock|p2a: Urshifu
|-sidestart|p2: chansey and lulu|move: Stealth Rock
|
|-weather|Sandstorm|[upkeep]
|-damage|p2a: Urshifu|94/100|[from] Sandstorm
|upkeep
|turn|4
|
|t:|1664852291
|switch|p1a: Toxapex|Toxapex, M|84/100
|move|p2a: Urshifu|U-turn|p1a: Toxapex
|-resisted|p1a: Toxapex
|-damage|p1a: Toxapex|78/100
|
|t:|1664852304
|switch|p2a: Tapu Lele|Tapu Lele|100/100|[from]move: U-turn
|-damage|p2a: Tapu Lele|88/100|[from] Stealth Rock
|-fieldstart|move: Psychic Terrain|[from] ability: Psychic Surge|[of] p2a: Tapu Lele
|
|-weather|Sandstorm|[upkeep]
|-damage|p2a: Tapu Lele|82/100|[from] Sandstorm
|-damage|p1a: Toxapex|72/100|[from] Sandstorm
|upkeep
|turn|5
|
|t:|1664852318
|switch|p1a: Tyranitar|Tyranitar, M|100/100
|move|p2a: Tapu Lele|Future Sight|p1a: Tyranitar
|-start|p2a: Tapu Lele|move: Future Sight
|
|-weather|none
|upkeep
|turn|6
|
|t:|1664852325
|switch|p2a: Urshifu|Urshifu-Rapid-Strike, F|94/100
|-damage|p2a: Urshifu|88/100|[from] Stealth Rock
|move|p1a: Tyranitar|Crunch|p2a: Urshifu
|-resisted|p2a: Urshifu
|-damage|p2a: Urshifu|53/100
|
|upkeep
|turn|7
|
|t:|1664852348
|switch|p1a: Corviknight|Corviknight, M|100/100
|-ability|p1a: Corviknight|Pressure
|move|p2a: Urshifu|Surging Strikes|p1a: Corviknight
|-crit|p1a: Corviknight
|-damage|p1a: Corviknight|86/100
|-crit|p1a: Corviknight
|-damage|p1a: Corviknight|72/100
|-crit|p1a: Corviknight
|-damage|p1a: Corviknight|59/100
|-hitcount|p1a: Corviknight|3
|
|-end|p1a: Corviknight|move: Future Sight
|-resisted|p1a: Corviknight
|-damage|p1a: Corviknight|21/100
|-heal|p1a: Corviknight|27/100|[from] item: Leftovers
|upkeep
|turn|8
|
|t:|1664852369
|switch|p1a: Toxapex|Toxapex, M|100/100
|move|p2a: Urshifu|Surging Strikes|p1a: Toxapex
|-resisted|p1a: Toxapex
|-crit|p1a: Toxapex
|-damage|p1a: Toxapex|94/100
|-resisted|p1a: Toxapex
|-crit|p1a: Toxapex
|-damage|p1a: Toxapex|88/100
|-resisted|p1a: Toxapex
|-crit|p1a: Toxapex
|-damage|p1a: Toxapex|82/100
|-hitcount|p1a: Toxapex|3
|
|-fieldend|move: Psychic Terrain
|upkeep
|turn|9
|
|t:|1664852382
|move|p2a: Urshifu|U-turn|p1a: Toxapex
|-resisted|p1a: Toxapex
|-damage|p1a: Toxapex|75/100
|
|t:|1664852386
|switch|p2a: Ferrothorn|Ferrothorn, F|100/100|[from]move: U-turn
|-damage|p2a: Ferrothorn|94/100|[from] Stealth Rock
|move|p1a: Toxapex|Knock Off|p2a: Ferrothorn
|-damage|p2a: Ferrothorn|84/100
|-damage|p1a: Toxapex|63/100|[from] ability: Iron Barbs|[of] p2a: Ferrothorn
|-enditem|p2a: Ferrothorn|Leftovers|[from] move: Knock Off|[of] p1a: Toxapex
|
|upkeep
|turn|10
|
|t:|1664852398
|switch|p1a: Corviknight|Corviknight, M|27/100
|-ability|p1a: Corviknight|Pressure
|move|p2a: Ferrothorn|Stealth Rock|p1a: Corviknight
|-sidestart|p1: a funny cat|move: Stealth Rock
|
|-heal|p1a: Corviknight|33/100|[from] item: Leftovers
|upkeep
|turn|11
|
|t:|1664852408
|move|p1a: Corviknight|Roost|p1a: Corviknight
|-heal|p1a: Corviknight|83/100
|-singleturn|p1a: Corviknight|move: Roost
|move|p2a: Ferrothorn|Knock Off|p1a: Corviknight
|-crit|p1a: Corviknight
|-damage|p1a: Corviknight|61/100
|-enditem|p1a: Corviknight|Leftovers|[from] move: Knock Off|[of] p2a: Ferrothorn
|
|upkeep
|turn|12
|
|t:|1664852417
|switch|p2a: Zapdos|Zapdos|100/100
|move|p1a: Corviknight|Roost|p1a: Corviknight
|-heal|p1a: Corviknight|100/100
|-singleturn|p1a: Corviknight|move: Roost
|
|upkeep
|turn|13
|
|t:|1664852452
|switch|p2a: Urshifu|Urshifu-Rapid-Strike, F|53/100
|-damage|p2a: Urshifu|47/100|[from] Stealth Rock
|switch|p1a: Toxapex|Toxapex, M|96/100
|-damage|p1a: Toxapex|84/100|[from] Stealth Rock
|
|upkeep
|turn|14
|
|t:|1664852462
|move|p2a: Urshifu|U-turn|p1a: Toxapex
|-resisted|p1a: Toxapex
|-damage|p1a: Toxapex|76/100
|
|t:|1664852469
|switch|p2a: Tapu Lele|Tapu Lele|82/100|[from]move: U-turn
|-damage|p2a: Tapu Lele|70/100|[from] Stealth Rock
|-fieldstart|move: Psychic Terrain|[from] ability: Psychic Surge|[of] p2a: Tapu Lele
|move|p1a: Toxapex|Scald|p2a: Tapu Lele
|-damage|p2a: Tapu Lele|51/100
|
|upkeep
|turn|15
|
|t:|1664852488
|switch|p1a: Landorus|Landorus-Therian, M|100/100
|-damage|p1a: Landorus|88/100|[from] Stealth Rock
|-ability|p1a: Landorus|Intimidate|boost
|-unboost|p2a: Tapu Lele|atk|1
|move|p2a: Tapu Lele|Future Sight|p1a: Landorus
|-start|p2a: Tapu Lele|move: Future Sight
|
|-heal|p1a: Landorus|94/100|[from] item: Leftovers
|upkeep
|turn|16
|
|t:|1664852507
|switch|p2a: Ferrothorn|Ferrothorn, F|84/100
|-damage|p2a: Ferrothorn|77/100|[from] Stealth Rock
|move|p1a: Landorus|U-turn|p2a: Ferrothorn
|-damage|p2a: Ferrothorn|61/100
|-damage|p1a: Landorus|82/100|[from] ability: Iron Barbs|[of] p2a: Ferrothorn
|
|t:|1664852524
|switch|p1a: Tapu Lele|Tapu Lele|100/100|[from]move: U-turn
|-damage|p1a: Tapu Lele|88/100|[from] Stealth Rock
|
|upkeep
|turn|17
|
|t:|1664852533
|switch|p2a: Zapdos|Zapdos|100/100
|move|p1a: Tapu Lele|Focus Blast|p2a: Zapdos
|-resisted|p2a: Zapdos
|-damage|p2a: Zapdos|81/100
|
|-end|p1a: Tapu Lele|move: Future Sight
|-resisted|p1a: Tapu Lele
|-damage|p1a: Tapu Lele|40/100
|upkeep
|turn|18
|
|t:|1664852560
|switch|p1a: Toxapex|Toxapex, M|100/100
|-damage|p1a: Toxapex|88/100|[from] Stealth Rock
|move|p2a: Zapdos|Heat Wave|p1a: Toxapex
|-resisted|p1a: Toxapex
|-damage|p1a: Toxapex|76/100
|
|-fieldend|move: Psychic Terrain
|upkeep
|turn|19
|
|t:|1664852570
|move|p2a: Zapdos|Volt Switch|p1a: Toxapex
|-supereffective|p1a: Toxapex
|-damage|p1a: Toxapex|27/100
|
|t:|1664852576
|switch|p2a: Ferrothorn|Ferrothorn, F|61/100|[from]move: Volt Switch
|-damage|p2a: Ferrothorn|55/100|[from] Stealth Rock
|move|p1a: Toxapex|Recover|p1a: Toxapex
|-heal|p1a: Toxapex|77/100
|
|upkeep
|turn|20
|
|t:|1664852599
|move|p1a: Toxapex|Scald|p2a: Ferrothorn
|-resisted|p2a: Ferrothorn
|-damage|p2a: Ferrothorn|50/100
|-status|p2a: Ferrothorn|brn
|move|p2a: Ferrothorn|Leech Seed|p1a: Toxapex
|-start|p1a: Toxapex|move: Leech Seed
|
|-damage|p1a: Toxapex|64/100|[from] Leech Seed|[of] p2a: Ferrothorn
|-heal|p2a: Ferrothorn|61/100 brn|[silent]
|-damage|p2a: Ferrothorn|54/100 brn|[from] brn
|upkeep
|turn|21
|
|t:|1664852611
|move|p1a: Toxapex|Recover|p1a: Toxapex
|-heal|p1a: Toxapex|100/100
|move|p2a: Ferrothorn|Leech Seed||[still]
|-fail|p2a: Ferrothorn
|
|-damage|p1a: Toxapex|88/100|[from] Leech Seed|[of] p2a: Ferrothorn
|-heal|p2a: Ferrothorn|65/100 brn|[silent]
|-damage|p2a: Ferrothorn|59/100 brn|[from] brn
|upkeep
|turn|22
|
|t:|1664852622
|move|p1a: Toxapex|Scald|p2a: Ferrothorn
|-resisted|p2a: Ferrothorn
|-damage|p2a: Ferrothorn|53/100 brn
|move|p2a: Ferrothorn|Knock Off|p1a: Toxapex
|-damage|p1a: Toxapex|83/100
|
|-damage|p1a: Toxapex|71/100|[from] Leech Seed|[of] p2a: Ferrothorn
|-heal|p2a: Ferrothorn|64/100 brn|[silent]
|-damage|p2a: Ferrothorn|58/100 brn|[from] brn
|upkeep
|turn|23
|
|t:|1664852633
|move|p1a: Toxapex|Scald|p2a: Ferrothorn
|-resisted|p2a: Ferrothorn
|-damage|p2a: Ferrothorn|52/100 brn
|move|p2a: Ferrothorn|Leech Seed||[still]
|-fail|p2a: Ferrothorn
|
|-damage|p1a: Toxapex|58/100|[from] Leech Seed|[of] p2a: Ferrothorn
|-heal|p2a: Ferrothorn|63/100 brn|[silent]
|-damage|p2a: Ferrothorn|57/100 brn|[from] brn
|upkeep
|turn|24
|
|t:|1664852648
|move|p1a: Toxapex|Scald|p2a: Ferrothorn
|-resisted|p2a: Ferrothorn
|-damage|p2a: Ferrothorn|52/100 brn
|move|p2a: Ferrothorn|Power Whip|p1a: Toxapex
|-damage|p1a: Toxapex|47/100
|
|-damage|p1a: Toxapex|34/100|[from] Leech Seed|[of] p2a: Ferrothorn
|-heal|p2a: Ferrothorn|63/100 brn|[silent]
|-damage|p2a: Ferrothorn|56/100 brn|[from] brn
|upkeep
|turn|25
|
|t:|1664852660
|move|p1a: Toxapex|Recover|p1a: Toxapex
|-heal|p1a: Toxapex|84/100
|move|p2a: Ferrothorn|Power Whip|p1a: Toxapex|[miss]
|-miss|p2a: Ferrothorn|p1a: Toxapex
|
|-damage|p1a: Toxapex|72/100|[from] Leech Seed|[of] p2a: Ferrothorn
|-heal|p2a: Ferrothorn|67/100 brn|[silent]
|-damage|p2a: Ferrothorn|61/100 brn|[from] brn
|upkeep
|turn|26
|
|t:|1664852680
|move|p1a: Toxapex|Scald|p2a: Ferrothorn
|-resisted|p2a: Ferrothorn
|-damage|p2a: Ferrothorn|56/100 brn
|move|p2a: Ferrothorn|Leech Seed||[still]
|-fail|p2a: Ferrothorn
|
|-damage|p1a: Toxapex|59/100|[from] Leech Seed|[of] p2a: Ferrothorn
|-heal|p2a: Ferrothorn|67/100 brn|[silent]
|-damage|p2a: Ferrothorn|60/100 brn|[from] brn
|upkeep
|turn|27
|
|t:|1664852690
|move|p1a: Toxapex|Recover|p1a: Toxapex
|-heal|p1a: Toxapex|100/100
|move|p2a: Ferrothorn|Power Whip|p1a: Toxapex
|-damage|p1a: Toxapex|89/100
|
|-damage|p1a: Toxapex|76/100|[from] Leech Seed|[of] p2a: Ferrothorn
|-heal|p2a: Ferrothorn|71/100 brn|[silent]
|-damage|p2a: Ferrothorn|65/100 brn|[from] brn
|upkeep
|turn|28
|
|t:|1664852704
|move|p1a: Toxapex|Scald|p2a: Ferrothorn
|-resisted|p2a: Ferrothorn
|-damage|p2a: Ferrothorn|60/100 brn
|move|p2a: Ferrothorn|Power Whip|p1a: Toxapex
|-damage|p1a: Toxapex|64/100
|
|-damage|p1a: Toxapex|51/100|[from] Leech Seed|[of] p2a: Ferrothorn
|-heal|p2a: Ferrothorn|71/100 brn|[silent]
|-damage|p2a: Ferrothorn|64/100 brn|[from] brn
|upkeep
|turn|29
|
|t:|1664852715
|switch|p1a: Corviknight|Corviknight, M|100/100
|-damage|p1a: Corviknight|88/100|[from] Stealth Rock
|-ability|p1a: Corviknight|Pressure
|move|p2a: Ferrothorn|Leech Seed|p1a: Corviknight
|-start|p1a: Corviknight|move: Leech Seed
|
|-damage|p1a: Corviknight|76/100|[from] Leech Seed|[of] p2a: Ferrothorn
|-heal|p2a: Ferrothorn|78/100 brn|[silent]
|-damage|p2a: Ferrothorn|72/100 brn|[from] brn
|upkeep
|turn|30
|
|t:|1664852727
|switch|p2a: Zapdos|Zapdos|81/100
|move|p1a: Corviknight|Defog|p2a: Zapdos
|-unboost|p2a: Zapdos|evasion|1
|-sideend|p2: chansey and lulu|Stealth Rock|[from] move: Defog|[of] p1a: Corviknight
|-sideend|p1: a funny cat|Stealth Rock|[from] move: Defog|[of] p1a: Corviknight
|
|-damage|p1a: Corviknight|64/100|[from] Leech Seed|[of] p2a: Zapdos
|-heal|p2a: Zapdos|94/100|[silent]
|upkeep
|turn|31
|
|t:|1664852746
|switch|p1a: Tyranitar|Tyranitar, M|100/100
|-weather|Sandstorm|[from] ability: Sand Stream|[of] p1a: Tyranitar
|move|p2a: Zapdos|Heat Wave|p1a: Tyranitar
|-resisted|p1a: Tyranitar
|-damage|p1a: Tyranitar|91/100
|
|-weather|Sandstorm|[upkeep]
|-damage|p2a: Zapdos|87/100|[from] Sandstorm
|upkeep
|turn|32
|
|t:|1664852757
|move|p2a: Zapdos|Volt Switch|p1a: Tyranitar
|-damage|p1a: Tyranitar|72/100
|
|t:|1664852779
|switch|p2a: Excadrill|Excadrill, M|100/100|[from]move: Volt Switch
|move|p1a: Tyranitar|Crunch|p2a: Excadrill
|-damage|p2a: Excadrill|3/100
|
|-weather|Sandstorm|[upkeep]
|upkeep
|turn|33
|
|t:|1664852794
|switch|p1a: Landorus|Landorus-Therian, M|82/100
|-ability|p1a: Landorus|Intimidate|boost
|-unboost|p2a: Excadrill|atk|1
|move|p2a: Excadrill|Iron Head|p1a: Landorus
|-damage|p1a: Landorus|42/100
|
|-weather|Sandstorm|[upkeep]
|-heal|p1a: Landorus|48/100|[from] item: Leftovers
|upkeep
|turn|34
|
|t:|1664852804
|switch|p1a: Corviknight|Corviknight, M|64/100
|-ability|p1a: Corviknight|Pressure
|move|p2a: Excadrill|Iron Head|p1a: Corviknight
|-resisted|p1a: Corviknight
|-damage|p1a: Corviknight|48/100
|
|-weather|Sandstorm|[upkeep]
|upkeep
|turn|35
|
|t:|1664852814
|switch|p2a: Zapdos|Zapdos|87/100
|move|p1a: Corviknight|Roost|p1a: Corviknight
|-heal|p1a: Corviknight|98/100
|-singleturn|p1a: Corviknight|move: Roost
|
|-weather|none
|upkeep
|turn|36
|
|t:|1664852828
|switch|p1a: Landorus|Landorus-Therian, M|48/100
|-ability|p1a: Landorus|Intimidate|boost
|-unboost|p2a: Zapdos|atk|1
|move|p2a: Zapdos|Heat Wave|p1a: Landorus
|-damage|p1a: Landorus|24/100
|
|-heal|p1a: Landorus|30/100|[from] item: Leftovers
|upkeep
|turn|37
|
|t:|1664852839
|switch|p1a: Tyranitar|Tyranitar, M|72/100
|-weather|Sandstorm|[from] ability: Sand Stream|[of] p1a: Tyranitar
|move|p2a: Zapdos|Hurricane|p1a: Tyranitar
|-resisted|p1a: Tyranitar
|-damage|p1a: Tyranitar|56/100
|
|-weather|Sandstorm|[upkeep]
|-damage|p2a: Zapdos|81/100|[from] Sandstorm
|upkeep
|turn|38
|
|t:|1664852853
|move|p2a: Zapdos|Volt Switch|p1a: Tyranitar
|-damage|p1a: Tyranitar|37/100
|
|t:|1664852862
|switch|p2a: Urshifu|Urshifu-Rapid-Strike, F|47/100|[from]move: Volt Switch
|move|p1a: Tyranitar|Crunch|p2a: Urshifu
|-resisted|p2a: Urshifu
|-damage|p2a: Urshifu|12/100
|-unboost|p2a: Urshifu|def|1
|
|-weather|Sandstorm|[upkeep]
|-damage|p2a: Urshifu|5/100|[from] Sandstorm
|upkeep
|turn|39
|
|t:|1664852876
|switch|p1a: Corviknight|Corviknight, M|98/100
|-ability|p1a: Corviknight|Pressure
|move|p2a: Urshifu|U-turn|p1a: Corviknight
|-resisted|p1a: Corviknight
|-damage|p1a: Corviknight|94/100
|
|t:|1664852884
|switch|p2a: Zapdos|Zapdos|81/100|[from]move: U-turn
|
|-weather|Sandstorm|[upkeep]
|-damage|p2a: Zapdos|75/100|[from] Sandstorm
|upkeep
|turn|40
|
|t:|1664852899
|switch|p1a: Toxapex|Toxapex, M|84/100
|move|p2a: Zapdos|Heat Wave|p1a: Toxapex
|-resisted|p1a: Toxapex
|-damage|p1a: Toxapex|74/100
|-status|p1a: Toxapex|brn
|
|-weather|Sandstorm|[upkeep]
|-damage|p2a: Zapdos|69/100|[from] Sandstorm
|-damage|p1a: Toxapex|68/100 brn|[from] Sandstorm
|-damage|p1a: Toxapex|61/100 brn|[from] brn
|upkeep
|turn|41
|
|t:|1664852911
|move|p2a: Zapdos|Volt Switch|p1a: Toxapex
|-supereffective|p1a: Toxapex
|-damage|p1a: Toxapex|15/100 brn
|
|t:|1664852914
|switch|p2a: Tapu Lele|Tapu Lele|51/100|[from]move: Volt Switch
|-fieldstart|move: Psychic Terrain|[from] ability: Psychic Surge|[of] p2a: Tapu Lele
|move|p1a: Toxapex|Recover|p1a: Toxapex
|-heal|p1a: Toxapex|65/100 brn
|
|-weather|none
|-damage|p1a: Toxapex|59/100 brn|[from] brn
|upkeep
|turn|42
|
|t:|1664852932
|switch|p1a: Landorus|Landorus-Therian, M|30/100
|-ability|p1a: Landorus|Intimidate|boost
|-unboost|p2a: Tapu Lele|atk|1
|move|p2a: Tapu Lele|Thunderbolt|p1a: Landorus
|-immune|p1a: Landorus
|
|-heal|p1a: Landorus|36/100|[from] item: Leftovers
|upkeep
|turn|43
|
|t:|1664852944
|switch|p2a: Urshifu|Urshifu-Rapid-Strike, F|5/100
|move|p1a: Landorus|Stealth Rock|p2a: Urshifu
|-sidestart|p2: chansey and lulu|move: Stealth Rock
|
|-heal|p1a: Landorus|43/100|[from] item: Leftovers
|upkeep
|turn|44
|
|t:|1664852952
|switch|p1a: Toxapex|Toxapex, M|92/100 brn
|move|p2a: Urshifu|Surging Strikes|p1a: Toxapex
|-resisted|p1a: Toxapex
|-crit|p1a: Toxapex
|-damage|p1a: Toxapex|87/100 brn
|-resisted|p1a: Toxapex
|-crit|p1a: Toxapex
|-damage|p1a: Toxapex|81/100 brn
|-resisted|p1a: Toxapex
|-crit|p1a: Toxapex
|-damage|p1a: Toxapex|75/100 brn
|-hitcount|p1a: Toxapex|3
|
|-damage|p1a: Toxapex|69/100 brn|[from] brn
|upkeep
|turn|45
|
|t:|1664852966
|move|p2a: Urshifu|U-turn|p1a: Toxapex
|-resisted|p1a: Toxapex
|-damage|p1a: Toxapex|62/100 brn
|
|t:|1664852969
|switch|p2a: Ferrothorn|Ferrothorn, F|72/100 brn|[from]move: U-turn
|-damage|p2a: Ferrothorn|66/100 brn|[from] Stealth Rock
|move|p1a: Toxapex|Knock Off|p2a: Ferrothorn
|-damage|p2a: Ferrothorn|63/100 brn
|-damage|p1a: Toxapex|49/100 brn|[from] ability: Iron Barbs|[of] p2a: Ferrothorn
|
|-damage|p1a: Toxapex|43/100 brn|[from] brn
|-damage|p2a: Ferrothorn|56/100 brn|[from] brn
|-fieldend|move: Psychic Terrain
|upkeep
|turn|46
|
|t:|1664852981
|switch|p1a: Blacephalon|Blacephalon|94/100
|move|p2a: Ferrothorn|Stealth Rock|p1a: Blacephalon
|-sidestart|p1: a funny cat|move: Stealth Rock
|
|-damage|p2a: Ferrothorn|50/100 brn|[from] brn
|upkeep
|turn|47
|
|t:|1664852992
|switch|p2a: Excadrill|Excadrill, M|3/100
|-damage|p2a: Excadrill|0 fnt|[from] Stealth Rock
|faint|p2a: Excadrill
|move|p1a: Blacephalon|Overheat|p2: Excadrill|[notarget]
|-fail|p1a: Blacephalon
|
|upkeep
|
|t:|1664853000
|switch|p2a: Tyranitar|Tyranitar, M|77/100
|-damage|p2a: Tyranitar|64/100|[from] Stealth Rock
|-weather|Sandstorm|[from] ability: Sand Stream|[of] p2a: Tyranitar
|turn|48
|
|t:|1664853022
|switch|p1a: Toxapex|Toxapex, M|76/100 brn
|-damage|p1a: Toxapex|64/100 brn|[from] Stealth Rock
|move|p2a: Tyranitar|Crunch|p1a: Toxapex
|-damage|p1a: Toxapex|19/100 brn
|
|-weather|Sandstorm|[upkeep]
|-damage|p1a: Toxapex|13/100 brn|[from] Sandstorm
|-damage|p1a: Toxapex|7/100 brn|[from] brn
|upkeep
|turn|49
|
|t:|1664853036
|move|p2a: Tyranitar|Crunch|p1a: Toxapex
|-damage|p1a: Toxapex|0 fnt
|faint|p1a: Toxapex
|
|-weather|Sandstorm|[upkeep]
|upkeep
|
|t:|1664853040
|switch|p1a: Landorus|Landorus-Therian, M|43/100
|-damage|p1a: Landorus|30/100|[from] Stealth Rock
|-ability|p1a: Landorus|Intimidate|boost
|-unboost|p2a: Tyranitar|atk|1
|turn|50
|
|t:|1664853048
|switch|p2a: Zapdos|Zapdos|69/100
|move|p1a: Landorus|U-turn|p2a: Zapdos
|-resisted|p2a: Zapdos
|-damage|p2a: Zapdos|61/100
|
|t:|1664853059
|switch|p1a: Blacephalon|Blacephalon|94/100|[from]move: U-turn
|-damage|p1a: Blacephalon|70/100|[from] Stealth Rock
|
|-weather|Sandstorm|[upkeep]
|-damage|p1a: Blacephalon|64/100|[from] Sandstorm
|-damage|p2a: Zapdos|54/100|[from] Sandstorm
|upkeep
|turn|51
|
|t:|1664853069
|switch|p2a: Urshifu|Urshifu-Rapid-Strike, F|5/100
|-damage|p2a: Urshifu|0 fnt|[from] Stealth Rock
|faint|p2a: Urshifu
|move|p1a: Blacephalon|Flamethrower|p2: Urshifu|[notarget]
|-fail|p1a: Blacephalon
|
|-weather|Sandstorm|[upkeep]
|-damage|p1a: Blacephalon|58/100|[from] Sandstorm
|upkeep
|
|t:|1664853079
|switch|p2a: Tyranitar|Tyranitar, M|64/100
|-damage|p2a: Tyranitar|52/100|[from] Stealth Rock
|turn|52
|
|t:|1664853124
|switch|p1a: Tyranitar|Tyranitar, M|37/100
|-damage|p1a: Tyranitar|25/100|[from] Stealth Rock
|move|p2a: Tyranitar|Crunch|p1a: Tyranitar
|-resisted|p1a: Tyranitar
|-damage|p1a: Tyranitar|0 fnt
|faint|p1a: Tyranitar
|
|-weather|none
|upkeep
|
|t:|1664853130
|switch|p1a: Landorus|Landorus-Therian, M|30/100
|-damage|p1a: Landorus|18/100|[from] Stealth Rock
|-ability|p1a: Landorus|Intimidate|boost
|-unboost|p2a: Tyranitar|atk|1
|turn|53
|
|t:|1664853138
|switch|p2a: Ferrothorn|Ferrothorn, F|50/100 brn
|-damage|p2a: Ferrothorn|44/100 brn|[from] Stealth Rock
|move|p1a: Landorus|Knock Off|p2a: Ferrothorn
|-damage|p2a: Ferrothorn|30/100 brn
|-damage|p1a: Landorus|6/100|[from] ability: Iron Barbs|[of] p2a: Ferrothorn
|
|-heal|p1a: Landorus|12/100|[from] item: Leftovers
|-damage|p2a: Ferrothorn|24/100 brn|[from] brn
|upkeep
|turn|54
|
|t:|1664853150
|move|p1a: Landorus|Earthquake|p2a: Ferrothorn
|-damage|p2a: Ferrothorn|0 fnt
|faint|p2a: Ferrothorn
|
|-heal|p1a: Landorus|18/100|[from] item: Leftovers
|upkeep
|
|t:|1664853161
|switch|p2a: Tapu Lele|Tapu Lele|51/100
|-damage|p2a: Tapu Lele|39/100|[from] Stealth Rock
|-fieldstart|move: Psychic Terrain|[from] ability: Psychic Surge|[of] p2a: Tapu Lele
|turn|55
|
|t:|1664853172
|switch|p1a: Blacephalon|Blacephalon|58/100
|-damage|p1a: Blacephalon|33/100|[from] Stealth Rock
|move|p2a: Tapu Lele|Psychic|p1a: Blacephalon
|-crit|p1a: Blacephalon
|-damage|p1a: Blacephalon|0 fnt
|faint|p1a: Blacephalon
|
|upkeep
|
|t:|1664853177
|switch|p1a: Corviknight|Corviknight, M|94/100
|-damage|p1a: Corviknight|82/100|[from] Stealth Rock
|-ability|p1a: Corviknight|Pressure
|turn|56
|
|t:|1664853195
|move|p2a: Tapu Lele|Psychic|p1a: Corviknight
|-resisted|p1a: Corviknight
|-damage|p1a: Corviknight|56/100
|move|p1a: Corviknight|U-turn|p2a: Tapu Lele
|-damage|p2a: Tapu Lele|18/100
|
|t:|1664853204
|switch|p1a: Landorus|Landorus-Therian, M|18/100|[from]move: U-turn
|-damage|p1a: Landorus|6/100|[from] Stealth Rock
|-ability|p1a: Landorus|Intimidate|boost
|-unboost|p2a: Tapu Lele|atk|1
|
|-heal|p1a: Landorus|12/100|[from] item: Leftovers
|upkeep
|turn|57
|
|t:|1664853212
|move|p2a: Tapu Lele|Psychic|p1a: Landorus
|-damage|p1a: Landorus|0 fnt
|faint|p1a: Landorus
|
|upkeep
|
|t:|1664853215
|switch|p1a: Corviknight|Corviknight, M|56/100
|-damage|p1a: Corviknight|43/100|[from] Stealth Rock
|-ability|p1a: Corviknight|Pressure
|turn|58
|
|t:|1664853222
|switch|p2a: Zapdos|Zapdos|54/100
|move|p1a: Corviknight|U-turn|p2a: Zapdos
|-resisted|p2a: Zapdos
|-damage|p2a: Zapdos|48/100
|
|t:|1664853226
|switch|p1a: Tapu Lele|Tapu Lele|40/100|[from]move: U-turn
|-damage|p1a: Tapu Lele|28/100|[from] Stealth Rock
|
|upkeep
|turn|59
|
|t:|1664853233
|move|p1a: Tapu Lele|Moonblast|p2a: Zapdos
|-damage|p2a: Zapdos|0 fnt
|faint|p2a: Zapdos
|
|-fieldend|move: Psychic Terrain
|upkeep
|
|t:|1664853239
|switch|p2a: Tapu Lele|Tapu Lele|18/100
|-damage|p2a: Tapu Lele|5/100|[from] Stealth Rock
|-fieldstart|move: Psychic Terrain|[from] ability: Psychic Surge|[of] p2a: Tapu Lele
|turn|60
|
|t:|1664853264
|switch|p1a: Corviknight|Corviknight, M|43/100
|-damage|p1a: Corviknight|31/100|[from] Stealth Rock
|-ability|p1a: Corviknight|Pressure
|move|p2a: Tapu Lele|Thunderbolt|p1a: Corviknight
|-supereffective|p1a: Corviknight
|-damage|p1a: Corviknight|0 fnt
|faint|p1a: Corviknight
|
|upkeep
|
|t:|1664853267
|switch|p1a: Tapu Lele|Tapu Lele|28/100
|-damage|p1a: Tapu Lele|15/100|[from] Stealth Rock
|turn|61
|
|t:|1664853278
|move|p1a: Tapu Lele|Moonblast|p2a: Tapu Lele
|-damage|p2a: Tapu Lele|0 fnt
|faint|p2a: Tapu Lele
|
|upkeep
|-message|chansey and lulu forfeited.
|
|win|a funny cat
|l|☆chansey and lulu
|j|☆chansey and lulu
|player|p2|chansey and lulu|266
|l|☆chansey and lulu
|player|p2|
|j|☆chansey and lulu
|player|p2|chansey and lulu|266
