|j|‽testtt me
|j|‽Steelix Fusion
|t:|1657505498
|gametype|singles
|player|p1|testtt me|lucas-gen4pt|1744
|player|p2|Steelix Fusion|marshal|1790
|teamsize|p1|6
|teamsize|p2|6
|gen|8
|tier|[Gen 8] OU
|rated|
|rule|Sleep Clause Mod: Limit one foe put to sleep
|rule|Species Clause: Limit one of each Pokémon
|rule|OHKO Clause: OHKO moves are banned
|rule|Evasion Moves Clause: Evasion moves are banned
|rule|Endless Battle Clause: Forcing endless battles is banned
|rule|HP Percentage Mod: HP is shown in percentages
|rule|Dynamax Clause: You cannot dynamax
|clearpoke
|poke|p1|Chansey, F|
|poke|p1|Landorus-Therian, M|
|poke|p1|Dragapult, M|
|poke|p1|Toxapex, M|
|poke|p1|Corviknight, M|
|poke|p1|Suicune|
|poke|p2|Ninetales-Alola, F|
|poke|p2|Klefki, M|
|poke|p2|Scolipede, M|
|poke|p2|Gyarados, M|
|poke|p2|Garchomp, F|
|poke|p2|Blaziken, F|
|teampreview
|inactive|Battle timer is ON: inactive players will automatically lose when time's up. (requested by Steelix Fusion)
|j| ekt0m0rf
|
|t:|1657505514
|start
|switch|p1a: Toxapex|Toxapex, M|100/100
|switch|p2a: Ninetales|Ninetales-Alola, F|100/100
|-weather|Hail|[from] ability: Snow Warning|[of] p2a: Ninetales
|turn|1
|
|t:|1657505524
|move|p2a: Ninetales|Safeguard|p2a: Ninetales
|-sidestart|p2: Steelix Fusion|Safeguard
|move|p1a: Toxapex|Toxic Spikes|p2a: Ninetales
|-sidestart|p2: Steelix Fusion|move: Toxic Spikes
|
|-weather|Hail|[upkeep]
|-damage|p1a: Toxapex|94/100|[from] Hail
|upkeep
|turn|2
|
|t:|1657505529
|move|p2a: Ninetales|Encore|p1a: Toxapex
|-start|p1a: Toxapex|Encore
|move|p1a: Toxapex|Toxic Spikes|p2a: Ninetales
|-sidestart|p2: Steelix Fusion|move: Toxic Spikes
|
|-weather|Hail|[upkeep]
|-damage|p1a: Toxapex|88/100|[from] Hail
|upkeep
|turn|3
|
|t:|1657505537
|switch|p1a: Chansey|Chansey, F|100/100
|move|p2a: Ninetales|Aurora Veil|p2a: Ninetales
|-sidestart|p2: Steelix Fusion|move: Aurora Veil
|
|-weather|Hail|[upkeep]
|-damage|p1a: Chansey|94/100|[from] Hail
|upkeep
|turn|4
|
|t:|1657505543
|switch|p2a: Scolipede|Scolipede, M|100/100
|-sideend|p2: Steelix Fusion|move: Toxic Spikes|[of] p2a: Scolipede
|move|p1a: Chansey|Wish|p1a: Chansey
|
|-weather|Hail|[upkeep]
|-damage|p2a: Scolipede|94/100|[from] Hail
|-damage|p1a: Chansey|88/100|[from] Hail
|upkeep
|turn|5
|
|t:|1657505554
|switch|p2a: Blaziken|Blaziken, F|100/100
|switch|p1a: Corviknight|Corviknight, M|100/100
|-ability|p1a: Corviknight|Pressure
|
|-weather|none
|-sideend|p2: Steelix Fusion|Safeguard
|upkeep
|turn|6
|
|t:|1657505561
|switch|p1a: Landorus|Landorus-Therian, M|100/100
|-ability|p1a: Landorus|Intimidate|boost
|-unboost|p2a: Blaziken|atk|1
|move|p2a: Blaziken|Swords Dance|p2a: Blaziken
|-boost|p2a: Blaziken|atk|2
|
|-ability|p2a: Blaziken|Speed Boost|boost
|-boost|p2a: Blaziken|spe|1
|upkeep
|turn|7
|
|t:|1657505569
|move|p2a: Blaziken|Flare Blitz|p1a: Landorus
|-damage|p1a: Landorus|0 fnt
|faint|p1a: Landorus
|-damage|p2a: Blaziken|59/100|[from] Recoil
|-damage|p2a: Blaziken|49/100|[from] item: Life Orb
|
|-ability|p2a: Blaziken|Speed Boost|boost
|-boost|p2a: Blaziken|spe|1
|upkeep
|
|t:|1657505584
|switch|p1a: Dragapult|Dragapult, M|100/100
|turn|8
|
|t:|1657505586
|move|p2a: Blaziken|Flare Blitz|p1a: Dragapult
|-resisted|p1a: Dragapult
|-damage|p1a: Dragapult|28/100
|-damage|p2a: Blaziken|20/100|[from] Recoil
|-damage|p2a: Blaziken|10/100|[from] item: Life Orb
|move|p1a: Dragapult|Thunder Wave|p2a: Blaziken
|-status|p2a: Blaziken|par
|
|-heal|p1a: Dragapult|34/100|[from] item: Leftovers
|-ability|p2a: Blaziken|Speed Boost|boost
|-boost|p2a: Blaziken|spe|1
|upkeep
|turn|9
|
|t:|1657505597
|switch|p1a: Toxapex|Toxapex, M|100/100
|move|p2a: Blaziken|Flare Blitz|p1a: Toxapex
|-resisted|p1a: Toxapex
|-damage|p1a: Toxapex|61/100
|-damage|p2a: Blaziken|0 fnt|[from] item: Rocky Helmet|[of] p1a: Toxapex
|faint|p2a: Blaziken
|
|upkeep
|
|t:|1657505605
|switch|p2a: Garchomp|Garchomp, F|100/100
|turn|10
|
|t:|1657505608
|switch|p1a: Corviknight|Corviknight, M|100/100
|-ability|p1a: Corviknight|Pressure
|move|p2a: Garchomp|Swords Dance|p2a: Garchomp
|-boost|p2a: Garchomp|atk|2
|
|-sideend|p2: Steelix Fusion|move: Aurora Veil
|upkeep
|turn|11
|
|t:|1657505615
|move|p2a: Garchomp|Fire Fang|p1a: Corviknight
|-supereffective|p1a: Corviknight
|-damage|p1a: Corviknight|27/100
|-damage|p2a: Garchomp|84/100|[from] item: Rocky Helmet|[of] p1a: Corviknight
|-damage|p2a: Garchomp|74/100|[from] item: Life Orb
|move|p1a: Corviknight|Iron Defense|p1a: Corviknight
|-boost|p1a: Corviknight|def|2
|
|upkeep
|turn|12
|
|t:|1657505623
|move|p2a: Garchomp|Fire Fang|p1a: Corviknight
|-supereffective|p1a: Corviknight
|-damage|p1a: Corviknight|0 fnt
|-damage|p2a: Garchomp|58/100|[from] item: Rocky Helmet|[of] p1a: Corviknight
|faint|p1a: Corviknight
|-damage|p2a: Garchomp|48/100|[from] item: Life Orb
|
|upkeep
|
|t:|1657505625
|switch|p1a: Dragapult|Dragapult, M|34/100
|turn|13
|
|t:|1657505631
|switch|p2a: Klefki|Klefki, M, shiny|100/100
|move|p1a: Dragapult|Will-O-Wisp|p2a: Klefki|[miss]
|-miss|p1a: Dragapult|p2a: Klefki
|
|-heal|p1a: Dragapult|40/100|[from] item: Leftovers
|upkeep
|turn|14
|
|t:|1657505640
|switch|p1a: Suicune|Suicune|100/100
|-ability|p1a: Suicune|Pressure
|switch|p2a: Garchomp|Garchomp, F|48/100
|
|upkeep
|turn|15
|
|t:|1657505647
|move|p2a: Garchomp|Swords Dance|p2a: Garchomp
|-boost|p2a: Garchomp|atk|2
|move|p1a: Suicune|Scald|p2a: Garchomp
|-damage|p2a: Garchomp|21/100
|-status|p2a: Garchomp|brn
|
|-damage|p2a: Garchomp|15/100 brn|[from] brn
|upkeep
|turn|16
|
|t:|1657505658
|move|p2a: Garchomp|Earthquake|p1a: Suicune
|-damage|p1a: Suicune|57/100
|-damage|p2a: Garchomp|5/100 brn|[from] item: Life Orb
|move|p1a: Suicune|Scald|p2a: Garchomp
|-damage|p2a: Garchomp|0 fnt
|faint|p2a: Garchomp
|
|-heal|p1a: Suicune|63/100|[from] item: Leftovers
|upkeep
|j| ctlh
|
|t:|1657505668
|switch|p2a: Ninetales|Ninetales-Alola, F|100/100
|-weather|Hail|[from] ability: Snow Warning|[of] p2a: Ninetales
|turn|17
|
|t:|1657505675
|switch|p1a: Toxapex|Toxapex, M|94/100
|move|p2a: Ninetales|Safeguard|p2a: Ninetales
|-sidestart|p2: Steelix Fusion|Safeguard
|
|-weather|Hail|[upkeep]
|-damage|p1a: Toxapex|88/100|[from] Hail
|upkeep
|turn|18
|j| Bad Players
|
|t:|1657505687
|switch|p1a: Chansey|Chansey, F|88/100
|move|p2a: Ninetales|Aurora Veil|p2a: Ninetales
|-sidestart|p2: Steelix Fusion|move: Aurora Veil
|
|-weather|Hail|[upkeep]
|-damage|p1a: Chansey|82/100|[from] Hail
|upkeep
|turn|19
|
|t:|1657505693
|switch|p2a: Gyarados|Gyarados, M, shiny|100/100
|move|p1a: Chansey|Wish|p1a: Chansey
|
|-weather|Hail|[upkeep]
|-damage|p2a: Gyarados|94/100|[from] Hail
|-damage|p1a: Chansey|76/100|[from] Hail
|-heal|p2a: Gyarados|100/100|[from] item: Leftovers
|upkeep
|turn|20
|
|t:|1657505700
|switch|p1a: Toxapex|Toxapex, M|100/100
|move|p2a: Gyarados|Dragon Dance|p2a: Gyarados
|-boost|p2a: Gyarados|atk|1
|-boost|p2a: Gyarados|spe|1
|
|-weather|Hail|[upkeep]
|-damage|p2a: Gyarados|94/100|[from] Hail
|-damage|p1a: Toxapex|94/100|[from] Hail
|-heal|p1a: Toxapex|100/100|[from] move: Wish|[wisher] Chansey
|-heal|p2a: Gyarados|100/100|[from] item: Leftovers
|upkeep
|turn|21
|
|t:|1657505710
|move|p2a: Gyarados|Earthquake|p1a: Toxapex
|-supereffective|p1a: Toxapex
|-damage|p1a: Toxapex|39/100
|move|p1a: Toxapex|Haze|p1a: Toxapex
|-clearallboost
|
|-weather|none
|-sideend|p2: Steelix Fusion|Safeguard
|upkeep
|turn|22
|
|t:|1657505720
|switch|p1a: Dragapult|Dragapult, M|40/100
|move|p2a: Gyarados|Dragon Dance|p2a: Gyarados
|-boost|p2a: Gyarados|atk|1
|-boost|p2a: Gyarados|spe|1
|
|-heal|p1a: Dragapult|46/100|[from] item: Leftovers
|upkeep
|turn|23
|
|t:|1657505726
|move|p1a: Dragapult|Will-O-Wisp|p2a: Gyarados
|-status|p2a: Gyarados|brn
|move|p2a: Gyarados|Earthquake|p1a: Dragapult
|-damage|p1a: Dragapult|11/100
|
|-heal|p1a: Dragapult|17/100|[from] item: Leftovers
|-damage|p2a: Gyarados|94/100 brn|[from] brn
|upkeep
|turn|24
|j| SMW M4R10
|j| HaloKappa
|l| SMW M4R10
|
|t:|1657505740
|move|p1a: Dragapult|Hex|p2a: Gyarados
|-damage|p2a: Gyarados|49/100 brn
|move|p2a: Gyarados|Dragon Dance|p2a: Gyarados
|-boost|p2a: Gyarados|atk|1
|-boost|p2a: Gyarados|spe|1
|
|-heal|p2a: Gyarados|55/100 brn|[from] item: Leftovers
|-heal|p1a: Dragapult|23/100|[from] item: Leftovers
|-damage|p2a: Gyarados|49/100 brn|[from] brn
|upkeep
|turn|25
|
|t:|1657505749
|move|p2a: Gyarados|Earthquake|p1a: Dragapult
|-damage|p1a: Dragapult|0 fnt
|faint|p1a: Dragapult
|-ability|p2a: Gyarados|Moxie|boost
|-boost|p2a: Gyarados|atk|1
|
|-heal|p2a: Gyarados|55/100 brn|[from] item: Leftovers
|-damage|p2a: Gyarados|49/100 brn|[from] brn
|-sideend|p2: Steelix Fusion|move: Aurora Veil
|upkeep
|
|t:|1657505752
|switch|p1a: Toxapex|Toxapex, M|73/100
|turn|26
|
|t:|1657505758
|move|p2a: Gyarados|Earthquake|p1a: Toxapex
|-supereffective|p1a: Toxapex
|-damage|p1a: Toxapex|16/100
|move|p1a: Toxapex|Haze|p1a: Toxapex
|-clearallboost
|
|-heal|p2a: Gyarados|55/100 brn|[from] item: Leftovers
|-damage|p2a: Gyarados|49/100 brn|[from] brn
|upkeep
|turn|27
|
|t:|1657505767
|switch|p1a: Suicune|Suicune|63/100
|-ability|p1a: Suicune|Pressure
|move|p2a: Gyarados|Earthquake|p1a: Suicune
|-damage|p1a: Suicune|54/100
|
|-heal|p2a: Gyarados|55/100 brn|[from] item: Leftovers
|-heal|p1a: Suicune|60/100|[from] item: Leftovers
|-damage|p2a: Gyarados|49/100 brn|[from] brn
|upkeep
|turn|28
|j| Betty Botter
|
|t:|1657505777
|move|p2a: Gyarados|Dragon Dance|p2a: Gyarados
|-boost|p2a: Gyarados|atk|1
|-boost|p2a: Gyarados|spe|1
|move|p1a: Suicune|Calm Mind|p1a: Suicune
|-boost|p1a: Suicune|spa|1
|-boost|p1a: Suicune|spd|1
|
|-heal|p2a: Gyarados|55/100 brn|[from] item: Leftovers
|-heal|p1a: Suicune|66/100|[from] item: Leftovers
|-damage|p2a: Gyarados|49/100 brn|[from] brn
|upkeep
|turn|29
|
|t:|1657505786
|move|p2a: Gyarados|Dragon Dance|p2a: Gyarados
|-boost|p2a: Gyarados|atk|1
|-boost|p2a: Gyarados|spe|1
|move|p1a: Suicune|Scald|p2a: Gyarados
|-resisted|p2a: Gyarados
|-damage|p2a: Gyarados|29/100 brn
|
|-heal|p2a: Gyarados|35/100 brn|[from] item: Leftovers
|-heal|p1a: Suicune|72/100|[from] item: Leftovers
|-damage|p2a: Gyarados|29/100 brn|[from] brn
|upkeep
|turn|30
|
|t:|1657505797
|move|p2a: Gyarados|Earthquake|p1a: Suicune
|-damage|p1a: Suicune|54/100
|move|p1a: Suicune|Scald|p2a: Gyarados
|-resisted|p2a: Gyarados
|-damage|p2a: Gyarados|9/100 brn
|
|-heal|p2a: Gyarados|15/100 brn|[from] item: Leftovers
|-heal|p1a: Suicune|60/100|[from] item: Leftovers
|-damage|p2a: Gyarados|9/100 brn|[from] brn
|upkeep
|turn|31
|
|t:|1657505807
|move|p2a: Gyarados|Bounce||[still]
|-prepare|p2a: Gyarados|Bounce
|move|p1a: Suicune|Calm Mind|p1a: Suicune
|-boost|p1a: Suicune|spa|1
|-boost|p1a: Suicune|spd|1
|
|-heal|p2a: Gyarados|15/100 brn|[from] item: Leftovers
|-heal|p1a: Suicune|66/100|[from] item: Leftovers
|-damage|p2a: Gyarados|9/100 brn|[from] brn
|upkeep
|turn|32
|
|t:|1657505814
|move|p2a: Gyarados|Bounce|p1a: Suicune|[from]lockedmove
|-damage|p1a: Suicune|39/100
|move|p1a: Suicune|Rest|p1a: Suicune
|-status|p1a: Suicune|slp|[from] move: Rest
|-heal|p1a: Suicune|100/100 slp|[silent]
|
|-heal|p2a: Gyarados|15/100 brn|[from] item: Leftovers
|-damage|p2a: Gyarados|9/100 brn|[from] brn
|upkeep
|turn|33
|j| 0meltdown
|
|t:|1657505822
|move|p2a: Gyarados|Dragon Dance|p2a: Gyarados
|-boost|p2a: Gyarados|atk|1
|-boost|p2a: Gyarados|spe|1
|cant|p1a: Suicune|slp
|move|p1a: Suicune|Sleep Talk|p1a: Suicune
|move|p1a: Suicune|Calm Mind|p1a: Suicune|[from]move: Sleep Talk
|-boost|p1a: Suicune|spa|1
|-boost|p1a: Suicune|spd|1
|
|-heal|p2a: Gyarados|15/100 brn|[from] item: Leftovers
|-damage|p2a: Gyarados|9/100 brn|[from] brn
|upkeep
|turn|34
|
|t:|1657505832
|move|p2a: Gyarados|Bounce||[still]
|-prepare|p2a: Gyarados|Bounce
|cant|p1a: Suicune|slp
|move|p1a: Suicune|Sleep Talk|p1a: Suicune
|move|p1a: Suicune|Calm Mind|p1a: Suicune|[from]move: Sleep Talk
|-boost|p1a: Suicune|spa|1
|-boost|p1a: Suicune|spd|1
|
|-heal|p2a: Gyarados|15/100 brn|[from] item: Leftovers
|-damage|p2a: Gyarados|9/100 brn|[from] brn
|upkeep
|turn|35
|
|t:|1657505841
|move|p2a: Gyarados|Bounce|p1a: Suicune|[from]lockedmove|[miss]
|-miss|p2a: Gyarados|p1a: Suicune
|-curestatus|p1a: Suicune|slp|[msg]
|move|p1a: Suicune|Scald|p2a: Gyarados
|-resisted|p2a: Gyarados
|-damage|p2a: Gyarados|0 fnt
|faint|p2a: Gyarados
|
|upkeep
|j| I've Peaked
|
|t:|1657505848
|switch|p2a: Klefki|Klefki, M, shiny|100/100
|turn|36
|
|t:|1657505852
|move|p2a: Klefki|Thunder Wave|p1a: Suicune
|-status|p1a: Suicune|par
|cant|p1a: Suicune|par
|
|upkeep
|turn|37
|
|t:|1657505857
|switch|p2a: Ninetales|Ninetales-Alola, F|100/100
|-weather|Hail|[from] ability: Snow Warning|[of] p2a: Ninetales
|cant|p1a: Suicune|par
|
|-weather|Hail|[upkeep]
|-damage|p1a: Suicune|94/100 par|[from] Hail
|-heal|p1a: Suicune|100/100 par|[from] item: Leftovers
|upkeep
|turn|38
|
|t:|1657505864
|move|p2a: Ninetales|Aurora Veil|p2a: Ninetales
|-sidestart|p2: Steelix Fusion|move: Aurora Veil
|move|p1a: Suicune|Scald|p2a: Ninetales
|-damage|p2a: Ninetales|57/100
|
|-weather|Hail|[upkeep]
|-damage|p1a: Suicune|94/100 par|[from] Hail
|-heal|p1a: Suicune|100/100 par|[from] item: Leftovers
|upkeep
|turn|39
|
|t:|1657505871
|move|p2a: Ninetales|Freeze-Dry|p1a: Suicune
|-supereffective|p1a: Suicune
|-damage|p1a: Suicune|89/100 par
|move|p1a: Suicune|Scald|p2a: Ninetales
|-damage|p2a: Ninetales|17/100
|
|-weather|Hail|[upkeep]
|-damage|p1a: Suicune|82/100 par|[from] Hail
|-heal|p1a: Suicune|89/100 par|[from] item: Leftovers
|upkeep
|turn|40
|
|t:|1657505880
|move|p2a: Ninetales|Freeze-Dry|p1a: Suicune
|-supereffective|p1a: Suicune
|-damage|p1a: Suicune|78/100 par
|move|p1a: Suicune|Scald|p2a: Ninetales
|-damage|p2a: Ninetales|0 fnt
|faint|p2a: Ninetales
|
|-weather|Hail|[upkeep]
|-damage|p1a: Suicune|71/100 par|[from] Hail
|-heal|p1a: Suicune|78/100 par|[from] item: Leftovers
|upkeep
|
|t:|1657505889
|switch|p2a: Scolipede|Scolipede, M|94/100
|turn|41
|j| qingshu0918
|
|t:|1657505893
|move|p2a: Scolipede|Swords Dance|p2a: Scolipede
|-boost|p2a: Scolipede|atk|2
|move|p1a: Suicune|Scald|p2a: Scolipede
|-damage|p2a: Scolipede|28/100
|-status|p2a: Scolipede|brn
|
|-weather|none
|-heal|p1a: Suicune|84/100 par|[from] item: Leftovers
|-damage|p2a: Scolipede|22/100 brn|[from] brn
|-ability|p2a: Scolipede|Speed Boost|boost
|-boost|p2a: Scolipede|spe|1
|upkeep
|turn|42
|l| 0meltdown
|l| ctlh
|inactive|Steelix Fusion has 120 seconds left.
|inactive|Steelix Fusion has 90 seconds left.
|j| Staticdpp
|inactive|Steelix Fusion has 60 seconds left.
|inactive|Steelix Fusion has 30 seconds left.
|inactive|Steelix Fusion has 20 seconds left.
|l| qingshu0918
|inactive|Steelix Fusion has 15 seconds left.
|l| HaloKappa
|inactive|Steelix Fusion has 10 seconds left.
|l| ekt0m0rf
|inactive|Steelix Fusion has 5 seconds left.
|-message|Steelix Fusion lost due to inactivity.
|
|win|testtt me
|raw|testtt me's rating: 1744 &rarr; <strong>1765</strong><br />(+21 for winning)
|raw|Steelix Fusion's rating: 1762 &rarr; <strong>1741</strong><br />(-21 for losing)
|c| I've Peaked|theres no way dude was that mad about that burn
|l|‽Steelix Fusion
|c| Betty Botter|xD
|l| Betty Botter
|l| I've Peaked
||Ladder isn't responding, score probably updated but might not have (Request timeout).
