|j|☆A New King
|j|☆groundt
|player|p1|A New King|unknown|1502
|player|p2|groundt|101|1485
|teamsize|p1|6
|teamsize|p2|6
|gametype|singles
|gen|8
|tier|[Gen 8] OU
|rated|
|rule|Sleep Clause Mod: Limit one foe put to sleep
|rule|Species Clause: Limit one of each Pokémon
|rule|OHKO Clause: OHKO moves are banned
|rule|Evasion Moves Clause: Evasion moves are banned
|rule|Endless Battle Clause: Forcing endless battles is banned
|rule|HP Percentage Mod: HP is shown in percentages
|clearpoke
|poke|p1|Charizard, F|item
|poke|p1|Hatterene, F|item
|poke|p1|Conkeldurr, M|item
|poke|p1|Excadrill, M|item
|poke|p1|Rotom-Wash|item
|poke|p1|Diggersby, F|item
|poke|p2|Kommo-o, M|item
|poke|p2|Cinderace, M|item
|poke|p2|Dugtrio, M|item
|poke|p2|Dracozolt|item
|poke|p2|Corviknight, F|item
|poke|p2|Hydreigon, F|item
|teampreview
|
|start
|switch|p1a: Diggersby|Diggersby, F|100/100
|switch|p2a: Hydreigon|Hydreigon, F|100/100
|turn|1
|
|move|p1a: Diggersby|U-turn|p2a: Hydreigon
|-supereffective|p2a: Hydreigon
|-damage|p2a: Hydreigon|72/100
|
|switch|p1a: Conkeldurr|Conkeldurr, M|100/100|[from]move: U-turn
|move|p2a: Hydreigon|U-turn|p1a: Conkeldurr
|-resisted|p1a: Conkeldurr
|-damage|p1a: Conkeldurr|93/100
|
|switch|p2a: Corviknight|Corviknight, F|100/100|[from]move: U-turn
|
|-status|p1a: Conkeldurr|brn|[from] item: Flame Orb
|upkeep
|turn|2
|
|switch|p2a: Dracozolt|Dracozolt|100/100
|switch|p1a: Rotom|Rotom-Wash|100/100
|
|upkeep
|turn|3
|
|move|p1a: Rotom|Protect|p1a: Rotom
|-singleturn|p1a: Rotom|Protect
|move|p2a: Dracozolt|Bolt Beak|p1a: Rotom
|-activate|p1a: Rotom|move: Protect
|
|upkeep
|turn|4
|
|switch|p2a: Dugtrio|Dugtrio, M|100/100
|switch|p1a: Diggersby|Diggersby, F|100/100
|
|upkeep
|turn|5
|
|switch|p2a: Corviknight|Corviknight, F|100/100
|move|p1a: Diggersby|U-turn|p2a: Corviknight
|-resisted|p2a: Corviknight
|-damage|p2a: Corviknight|98/100
|
|switch|p1a: Charizard|Charizard, F|100/100|[from]move: U-turn
|
|-heal|p2a: Corviknight|100/100|[from] item: Leftovers
|upkeep
|turn|6
|
|switch|p2a: Dracozolt|Dracozolt|100/100
|move|p1a: Charizard|Hurricane|p2a: Dracozolt
|-resisted|p2a: Dracozolt
|-damage|p2a: Dracozolt|51/100
|
|upkeep
|turn|7
|
|switch|p1a: Excadrill|Excadrill, M|100/100
|-ability|p1a: Excadrill|Mold Breaker
|move|p2a: Dracozolt|Low Kick|p1a: Excadrill
|-supereffective|p1a: Excadrill
|-damage|p1a: Excadrill|30/100
|
|-heal|p1a: Excadrill|36/100|[from] item: Leftovers
|upkeep
|turn|8
|
|switch|p1a: Hatterene|Hatterene, F|100/100
|move|p2a: Dracozolt|Low Kick|p1a: Hatterene
|-resisted|p1a: Hatterene
|-damage|p1a: Hatterene|98/100
|
|-heal|p1a: Hatterene|100/100|[from] item: Leftovers
|upkeep
|turn|9
|
|switch|p2a: Corviknight|Corviknight, F|100/100
|move|p1a: Hatterene|Calm Mind|p1a: Hatterene
|-boost|p1a: Hatterene|spa|1
|-boost|p1a: Hatterene|spd|1
|
|upkeep
|turn|10
|
|move|p2a: Corviknight|Bulk Up|p2a: Corviknight
|-boost|p2a: Corviknight|atk|1
|-boost|p2a: Corviknight|def|1
|move|p1a: Hatterene|Mystical Fire|p2a: Corviknight
|-supereffective|p2a: Corviknight
|-damage|p2a: Corviknight|26/100
|-ability|p2a: Corviknight|Mirror Armor
|-unboost|p1a: Hatterene|spa|1
|
|-heal|p2a: Corviknight|33/100|[from] item: Leftovers
|upkeep
|turn|11
|
|move|p2a: Corviknight|Roost|p2a: Corviknight
|-heal|p2a: Corviknight|83/100
|-singleturn|p2a: Corviknight|move: Roost
|move|p1a: Hatterene|Mystical Fire|p2a: Corviknight
|-supereffective|p2a: Corviknight
|-damage|p2a: Corviknight|33/100
|-ability|p2a: Corviknight|Mirror Armor
|-unboost|p1a: Hatterene|spa|1
|
|-heal|p2a: Corviknight|39/100|[from] item: Leftovers
|upkeep
|turn|12
|
|move|p2a: Corviknight|Roost|p2a: Corviknight
|-heal|p2a: Corviknight|89/100
|-singleturn|p2a: Corviknight|move: Roost
|move|p1a: Hatterene|Mystical Fire|p2a: Corviknight
|-supereffective|p2a: Corviknight
|-damage|p2a: Corviknight|53/100
|-ability|p2a: Corviknight|Mirror Armor
|-unboost|p1a: Hatterene|spa|1
|
|-heal|p2a: Corviknight|59/100|[from] item: Leftovers
|upkeep
|turn|13
|
|move|p2a: Corviknight|Roost|p2a: Corviknight
|-heal|p2a: Corviknight|100/100
|-singleturn|p2a: Corviknight|move: Roost
|move|p1a: Hatterene|Mystical Fire|p2a: Corviknight
|-supereffective|p2a: Corviknight
|-damage|p2a: Corviknight|72/100
|-ability|p2a: Corviknight|Mirror Armor
|-unboost|p1a: Hatterene|spa|1
|
|-heal|p2a: Corviknight|78/100|[from] item: Leftovers
|upkeep
|turn|14
|
|switch|p1a: Rotom|Rotom-Wash|100/100
|move|p2a: Corviknight|Brave Bird|p1a: Rotom
|-resisted|p1a: Rotom
|-damage|p1a: Rotom|77/100
|-damage|p2a: Corviknight|72/100|[from] Recoil
|
|-heal|p1a: Rotom|84/100|[from] item: Leftovers
|-heal|p2a: Corviknight|79/100|[from] item: Leftovers
|upkeep
|turn|15
|
|move|p1a: Rotom|Will-O-Wisp|p2a: Corviknight
|-status|p2a: Corviknight|brn
|move|p2a: Corviknight|Roost|p2a: Corviknight
|-heal|p2a: Corviknight|100/100 brn
|-singleturn|p2a: Corviknight|move: Roost
|
|-heal|p1a: Rotom|90/100|[from] item: Leftovers
|-damage|p2a: Corviknight|94/100 brn|[from] brn
|upkeep
|turn|16
|
|move|p1a: Rotom|Hydro Pump|p2a: Corviknight
|-damage|p2a: Corviknight|61/100 brn
|move|p2a: Corviknight|Brave Bird|p1a: Rotom
|-resisted|p1a: Rotom
|-damage|p1a: Rotom|79/100
|-damage|p2a: Corviknight|58/100 brn|[from] Recoil
|
|-heal|p1a: Rotom|86/100|[from] item: Leftovers
|-heal|p2a: Corviknight|65/100 brn|[from] item: Leftovers
|-damage|p2a: Corviknight|58/100 brn|[from] brn
|upkeep
|turn|17
|
|move|p1a: Rotom|Volt Switch|p2a: Corviknight
|-supereffective|p2a: Corviknight
|-damage|p2a: Corviknight|16/100 brn
|
|switch|p1a: Charizard|Charizard, F|100/100|[from]move: Volt Switch
|move|p2a: Corviknight|Brave Bird|p1a: Charizard
|-damage|p1a: Charizard|60/100
|-damage|p2a: Corviknight|6/100 brn|[from] Recoil
|
|-heal|p2a: Corviknight|12/100 brn|[from] item: Leftovers
|-damage|p2a: Corviknight|6/100 brn|[from] brn
|upkeep
|turn|18
|
|move|p1a: Charizard|Fire Blast|p2a: Corviknight|[miss]
|-miss|p1a: Charizard|p2a: Corviknight
|move|p2a: Corviknight|Brave Bird|p1a: Charizard
|-damage|p1a: Charizard|22/100
|-damage|p2a: Corviknight|0 fnt|[from] Recoil
|faint|p2a: Corviknight
|
|upkeep
|
|switch|p2a: Kommo-o|Kommo-o, M|100/100
|turn|19
|
|switch|p2a: Cinderace|Cinderace, M|100/100
|-start|p1a: Charizard|Dynamax
|-heal|p1a: Charizard|22/100|[silent]
|move|p1a: Charizard|Max Airstream|p2a: Cinderace
|-damage|p2a: Cinderace|5/100
|-boost|p1a: Charizard|spe|1
|
|upkeep
|turn|20
|
|move|p2a: Cinderace|Sucker Punch|p1a: Charizard
|-damage|p1a: Charizard|7/100
|move|p1a: Charizard|Max Flare|p2a: Cinderace
|-resisted|p2a: Cinderace
|-damage|p2a: Cinderace|0 fnt
|-weather|SunnyDay
|faint|p2a: Cinderace
|
|-weather|SunnyDay|[upkeep]
|upkeep
|
|switch|p2a: Dugtrio|Dugtrio, M|100/100
|turn|21
|
|-hint|Dynamax ended.
|switch|p1a: Diggersby|Diggersby, F|100/100
|move|p2a: Dugtrio|Sucker Punch||[still]
|-fail|p2a: Dugtrio
|
|-weather|SunnyDay|[upkeep]
|upkeep
|turn|22
|
|move|p1a: Diggersby|U-turn|p2a: Dugtrio
|-crit|p2a: Dugtrio
|-damage|p2a: Dugtrio|35/100
|
|switch|p1a: Rotom|Rotom-Wash|86/100|[from]move: U-turn
|move|p2a: Dugtrio|Memento|p1a: Rotom
|-unboost|p1a: Rotom|atk|2
|-unboost|p1a: Rotom|spa|2
|faint|p2a: Dugtrio
|
|-weather|SunnyDay|[upkeep]
|-heal|p1a: Rotom|92/100|[from] item: Leftovers
|upkeep
|
|switch|p2a: Kommo-o|Kommo-o, M|100/100
|turn|23
|
|move|p2a: Kommo-o|Clangorous Soul|p2a: Kommo-o
|-boost|p2a: Kommo-o|atk|1
|-boost|p2a: Kommo-o|def|1
|-boost|p2a: Kommo-o|spa|1
|-boost|p2a: Kommo-o|spd|1
|-boost|p2a: Kommo-o|spe|1
|-damage|p2a: Kommo-o|67/100
|-enditem|p2a: Kommo-o|Throat Spray
|-boost|p2a: Kommo-o|spa|1
|move|p1a: Rotom|Will-O-Wisp|p2a: Kommo-o
|-status|p2a: Kommo-o|brn
|
|-weather|SunnyDay|[upkeep]
|-heal|p1a: Rotom|98/100|[from] item: Leftovers
|-damage|p2a: Kommo-o|61/100 brn|[from] brn
|upkeep
|turn|24
|
|move|p2a: Kommo-o|Clanging Scales|p1a: Rotom
|-damage|p1a: Rotom|4/100
|-unboost|p2a: Kommo-o|def|1
|move|p1a: Rotom|Volt Switch|p2a: Kommo-o
|-resisted|p2a: Kommo-o
|-damage|p2a: Kommo-o|56/100 brn
|
|switch|p1a: Hatterene|Hatterene, F|100/100|[from]move: Volt Switch
|
|-weather|none
|-damage|p2a: Kommo-o|50/100 brn|[from] brn
|upkeep
|turn|25
|
|-start|p2a: Kommo-o|Dynamax
|-heal|p2a: Kommo-o|50/100 brn|[silent]
|move|p2a: Kommo-o|Max Steelspike|p1a: Hatterene
|-supereffective|p1a: Hatterene
|-damage|p1a: Hatterene|0 fnt
|-boost|p2a: Kommo-o|def|1
|faint|p1a: Hatterene
|
|-damage|p2a: Kommo-o|44/100 brn|[from] brn
|upkeep
|
|switch|p1a: Rotom|Rotom-Wash|4/100
|turn|26
|
|move|p1a: Rotom|Protect|p1a: Rotom
|-singleturn|p1a: Rotom|Protect
|move|p2a: Kommo-o|Max Wyrmwind|p1a: Rotom
|-zbroken|p1a: Rotom
|-damage|p1a: Rotom|0 fnt
|faint|p1a: Rotom
|
|-damage|p2a: Kommo-o|38/100 brn|[from] brn
|upkeep
|
|switch|p1a: Charizard|Charizard, F|7/100
|turn|27
|
|move|p2a: Kommo-o|Max Steelspike|p1a: Charizard
|-resisted|p1a: Charizard
|-damage|p1a: Charizard|0 fnt
|-boost|p2a: Kommo-o|def|1
|faint|p1a: Charizard
|
|-damage|p2a: Kommo-o|31/100 brn|[from] brn
|-end|p2a: Kommo-o|Dynamax
|-heal|p2a: Kommo-o|31/100 brn|[silent]
|upkeep
|
|switch|p1a: Diggersby|Diggersby, F|100/100
|turn|28
|
|move|p2a: Kommo-o|Clanging Scales|p1a: Diggersby
|-damage|p1a: Diggersby|0 fnt
|-unboost|p2a: Kommo-o|def|1
|faint|p1a: Diggersby
|
|-damage|p2a: Kommo-o|25/100 brn|[from] brn
|upkeep
|
|switch|p1a: Conkeldurr|Conkeldurr, M|93/100 brn
|turn|29
|
|move|p1a: Conkeldurr|Mach Punch|p2a: Kommo-o
|-damage|p2a: Kommo-o|3/100 brn
|move|p2a: Kommo-o|Clanging Scales|p1a: Conkeldurr
|-damage|p1a: Conkeldurr|0 fnt
|-unboost|p2a: Kommo-o|def|1
|faint|p1a: Conkeldurr
|
|-damage|p2a: Kommo-o|0 fnt|[from] brn
|faint|p2a: Kommo-o
|upkeep
|
|switch|p1a: Excadrill|Excadrill, M|36/100
|switch|p2a: Dracozolt|Dracozolt|51/100
|-ability|p1a: Excadrill|Mold Breaker
|turn|30
|
|move|p2a: Dracozolt|Earthquake|p1a: Excadrill
|-supereffective|p1a: Excadrill
|-damage|p1a: Excadrill|0 fnt
|faint|p1a: Excadrill
|
|win|groundt
||Ladder (probably) updated, but score could not be retrieved (Response not received).
