|html|<div class="broadcast-blue"><strong>[Gen 8] OU is currently suspecting Melmetal! For information on how to participate check out the <a href="https://www.smogon.com/forums/threads/np-ss-ou-suspect-process-round-12-monster-mash.3709234/">suspect thread</a>.</strong></div>
|j|☆maxinyuuu
|j|☆badslowking
|t:|1665810359
|gametype|singles
|player|p1|maxinyuuu|lusamine-nihilego|
|player|p2|badslowking|lusamine-nihilego|
|teamsize|p1|6
|teamsize|p2|6
|gen|8
|tier|[Gen 8] OU
|rule|Sleep Clause Mod: Limit one foe put to sleep
|rule|Species Clause: Limit one of each Pokémon
|rule|OHKO Clause: OHKO moves are banned
|rule|Evasion Items Clause: Evasion items are banned
|rule|Evasion Moves Clause: Evasion moves are banned
|rule|Endless Battle Clause: Forcing endless battles is banned
|rule|HP Percentage Mod: HP is shown in percentages
|rule|Dynamax Clause: You cannot dynamax
|clearpoke
|poke|p1|Melmetal|
|poke|p1|Porygon2|
|poke|p1|Cresselia, F|
|poke|p1|Marowak-Alola, F|
|poke|p1|Hatterene, F|
|poke|p1|Crawdaunt, F|
|poke|p2|Melmetal|
|poke|p2|Marowak-Alola, F|
|poke|p2|Crawdaunt, M|
|poke|p2|Cresselia, F|
|poke|p2|Hatterene, F|
|poke|p2|Porygon2|
|teampreview
|
|t:|1665810433
|start
|switch|p1a: 不是石脑的|Marowak-Alola, F|100/100
|switch|p2a: Melmetal|Melmetal|100/100
|turn|1
|
|t:|1665810452
|switch|p2a: Crawdaunt|Crawdaunt, M|100/100
|move|p1a: 不是石脑的|Flare Blitz|p2a: Crawdaunt
|-resisted|p2a: Crawdaunt
|-damage|p2a: Crawdaunt|47/100
|-damage|p1a: 不是石脑的|83/100|[from] Recoil
|
|upkeep
|turn|2
|
|t:|1665810469
|switch|p1a: 没吃吃我一拳*2|Crawdaunt, F|100/100
|move|p2a: Crawdaunt|Aqua Jet|p1a: 没吃吃我一拳*2
|-resisted|p1a: 没吃吃我一拳*2
|-damage|p1a: 没吃吃我一拳*2|76/100
|-damage|p2a: Crawdaunt|37/100|[from] item: Life Orb
|
|upkeep
|turn|3
|
|t:|1665810481
|switch|p1a: 你水流连打一个试试？|Cresselia, F|100/100
|move|p2a: Crawdaunt|Close Combat|p1a: 你水流连打一个试试？
|-resisted|p1a: 你水流连打一个试试？
|-damage|p1a: 你水流连打一个试试？|88/100
|-unboost|p2a: Crawdaunt|def|1
|-unboost|p2a: Crawdaunt|spd|1
|-damage|p2a: Crawdaunt|20/100|[from] item: Rocky Helmet|[of] p1a: 你水流连打一个试试？
|-damage|p2a: Crawdaunt|10/100|[from] item: Life Orb
|
|upkeep
|turn|4
|
|t:|1665810491
|switch|p2a: Melmetal|Melmetal|100/100
|move|p1a: 你水流连打一个试试？|Trick Room|p1a: 你水流连打一个试试？
|-fieldstart|move: Trick Room|[of] p1a: 你水流连打一个试试？
|
|upkeep
|turn|5
|
|t:|1665810503
|switch|p1a: 不是石脑的|Marowak-Alola, F|83/100
|move|p2a: Melmetal|Double Iron Bash|p1a: 不是石脑的
|-resisted|p1a: 不是石脑的
|-damage|p1a: 不是石脑的|48/100
|-resisted|p1a: 不是石脑的
|-damage|p1a: 不是石脑的|14/100
|-hitcount|p1a: 不是石脑的|2
|
|upkeep
|turn|6
|
|t:|1665810517
|move|p2a: Melmetal|Double Iron Bash|p1a: 不是石脑的
|-resisted|p1a: 不是石脑的
|-damage|p1a: 不是石脑的|0 fnt
|faint|p1a: 不是石脑的
|-hitcount|p1: 不是石脑的|1
|
|upkeep
|
|t:|1665810520
|switch|p1a: 吃了吗，没吃吃我两拳|Melmetal|100/100
|turn|7
|
|t:|1665810529
|switch|p2a: Marowak|Marowak-Alola, F|100/100
|move|p1a: 吃了吗，没吃吃我两拳|Earthquake|p2a: Marowak
|-supereffective|p2a: Marowak
|-damage|p2a: Marowak|0 fnt
|faint|p2a: Marowak
|
|upkeep
|
|t:|1665810536
|switch|p2a: Cresselia|Cresselia, F|100/100
|turn|8
|
|t:|1665810547
|switch|p1a: 死鸭子哪都硬|Porygon2|100/100
|-ability|p1a: 死鸭子哪都硬|Levitate|[from] ability: Trace|[of] p2a: Cresselia
|move|p2a: Cresselia|Moonblast|p1a: 死鸭子哪都硬
|-crit|p1a: 死鸭子哪都硬
|-damage|p1a: 死鸭子哪都硬|88/100
|
|-fieldend|move: Trick Room
|upkeep
|turn|9
|
|t:|1665810557
|switch|p1a: 一号炮灰|Hatterene, F|100/100
|move|p2a: Cresselia|Toxic|p1a: 一号炮灰
|move|p1a: 一号炮灰|Toxic|p2a: Cresselia|[from]ability: Magic Bounce
|-status|p2a: Cresselia|tox
|
|-damage|p2a: Cresselia|94/100 tox|[from] psn
|upkeep
|turn|10
|
|t:|1665810573
|move|p2a: Cresselia|Moonblast|p1a: 一号炮灰
|-damage|p1a: 一号炮灰|81/100
|-unboost|p1a: 一号炮灰|spa|1
|move|p1a: 一号炮灰|Psychic|p2a: Cresselia
|-resisted|p2a: Cresselia
|-damage|p2a: Cresselia|86/100 tox
|
|-damage|p2a: Cresselia|74/100 tox|[from] psn
|upkeep
|turn|11
|
|t:|1665810590
|switch|p1a: 吃了吗，没吃吃我两拳|Melmetal|100/100
|move|p2a: Cresselia|Moonblast|p1a: 吃了吗，没吃吃我两拳
|-resisted|p1a: 吃了吗，没吃吃我两拳
|-damage|p1a: 吃了吗，没吃吃我两拳|92/100
|
|-damage|p2a: Cresselia|55/100 tox|[from] psn
|upkeep
|turn|12
|
|t:|1665810596
|move|p1a: 吃了吗，没吃吃我两拳|Double Iron Bash|p2a: Cresselia
|-damage|p2a: Cresselia|10/100 tox
|-damage|p1a: 吃了吗，没吃吃我两拳|76/100|[from] item: Rocky Helmet|[of] p2a: Cresselia
|-damage|p2a: Cresselia|0 fnt
|-damage|p1a: 吃了吗，没吃吃我两拳|59/100|[from] item: Rocky Helmet|[of] p2a: Cresselia
|faint|p2a: Cresselia
|-hitcount|p2: Cresselia|2
|
|upkeep
|
|t:|1665810602
|switch|p2a: Melmetal|Melmetal|100/100
|turn|13
|
|t:|1665810609
|switch|p1a: 你水流连打一个试试？|Cresselia, F|88/100
|move|p2a: Melmetal|Double Iron Bash|p1a: 你水流连打一个试试？
|-damage|p1a: 你水流连打一个试试？|57/100
|-damage|p2a: Melmetal|84/100|[from] item: Rocky Helmet|[of] p1a: 你水流连打一个试试？
|-damage|p1a: 你水流连打一个试试？|25/100
|-damage|p2a: Melmetal|67/100|[from] item: Rocky Helmet|[of] p1a: 你水流连打一个试试？
|-hitcount|p1a: 你水流连打一个试试？|2
|
|upkeep
|turn|14
|
|t:|1665810616
|switch|p1a: 吃了吗，没吃吃我两拳|Melmetal|59/100
|move|p2a: Melmetal|Double Iron Bash|p1a: 吃了吗，没吃吃我两拳
|-resisted|p1a: 吃了吗，没吃吃我两拳
|-damage|p1a: 吃了吗，没吃吃我两拳|42/100
|-resisted|p1a: 吃了吗，没吃吃我两拳
|-damage|p1a: 吃了吗，没吃吃我两拳|26/100
|-hitcount|p1a: 吃了吗，没吃吃我两拳|2
|
|upkeep
|turn|15
|
|t:|1665810626
|switch|p1a: 你水流连打一个试试？|Cresselia, F|25/100
|move|p2a: Melmetal|Double Iron Bash|p1a: 你水流连打一个试试？
|-damage|p1a: 你水流连打一个试试？|0 fnt
|-damage|p2a: Melmetal|50/100|[from] item: Rocky Helmet|[of] p1a: 你水流连打一个试试？
|faint|p1a: 你水流连打一个试试？
|-hitcount|p1: 你水流连打一个试试？|1
|
|upkeep
|
|t:|1665810629
|switch|p1a: 没吃吃我一拳*2|Crawdaunt, F|76/100
|turn|16
|
|t:|1665810638
|switch|p2a: Crawdaunt|Crawdaunt, M|10/100
|move|p1a: 没吃吃我一拳*2|Close Combat|p2a: Crawdaunt
|-supereffective|p2a: Crawdaunt
|-damage|p2a: Crawdaunt|0 fnt
|-unboost|p1a: 没吃吃我一拳*2|def|1
|-unboost|p1a: 没吃吃我一拳*2|spd|1
|faint|p2a: Crawdaunt
|-damage|p1a: 没吃吃我一拳*2|66/100|[from] item: Life Orb
|
|upkeep
|
|t:|1665810647
|switch|p2a: Hatterene|Hatterene, F|100/100
|turn|17
|
|t:|1665810655
|move|p1a: 没吃吃我一拳*2|Knock Off|p2a: Hatterene
|-damage|p2a: Hatterene|1/100
|-enditem|p2a: Hatterene|Focus Sash|[from] move: Knock Off|[of] p1a: 没吃吃我一拳*2
|-damage|p1a: 没吃吃我一拳*2|56/100|[from] item: Life Orb
|move|p2a: Hatterene|Trick Room|p2a: Hatterene
|-fieldstart|move: Trick Room|[of] p2a: Hatterene
|
|upkeep
|turn|18
|
|t:|1665810661
|move|p1a: 没吃吃我一拳*2|Aqua Jet|p2a: Hatterene
|-damage|p2a: Hatterene|0 fnt
|faint|p2a: Hatterene
|-damage|p1a: 没吃吃我一拳*2|47/100|[from] item: Life Orb
|
|upkeep
|
|t:|1665810663
|switch|p2a: Melmetal|Melmetal|50/100
|turn|19
|
|t:|1665810678
|switch|p1a: 吃了吗，没吃吃我两拳|Melmetal|26/100
|move|p2a: Melmetal|Double Iron Bash|p1a: 吃了吗，没吃吃我两拳
|-resisted|p1a: 吃了吗，没吃吃我两拳
|-damage|p1a: 吃了吗，没吃吃我两拳|10/100
|-resisted|p1a: 吃了吗，没吃吃我两拳
|-damage|p1a: 吃了吗，没吃吃我两拳|0 fnt
|faint|p1a: 吃了吗，没吃吃我两拳
|-hitcount|p1: 吃了吗，没吃吃我两拳|2
|
|upkeep
|
|t:|1665810694
|switch|p1a: 死鸭子哪都硬|Porygon2|88/100
|-ability|p1a: 死鸭子哪都硬|Iron Fist|[from] ability: Trace|[of] p2a: Melmetal
|turn|20
|
|t:|1665810698
|move|p2a: Melmetal|Double Iron Bash|p1a: 死鸭子哪都硬
|-damage|p1a: 死鸭子哪都硬|46/100
|-damage|p1a: 死鸭子哪都硬|0 fnt
|faint|p1a: 死鸭子哪都硬
|-hitcount|p1: 死鸭子哪都硬|2
|
|upkeep
|
|t:|1665810704
|switch|p1a: 一号炮灰|Hatterene, F|81/100
|turn|21
|
|t:|1665810710
|move|p1a: 一号炮灰|Mystical Fire|p2a: Melmetal
|-supereffective|p2a: Melmetal
|-damage|p2a: Melmetal|0 fnt
|faint|p2a: Melmetal
|
|-fieldend|move: Trick Room
|upkeep
|
|t:|1665810716
|switch|p2a: Porygon2|Porygon2|100/100
|-ability|p2a: Porygon2|Magic Bounce|[from] ability: Trace|[of] p1a: 一号炮灰
|turn|22
|
|t:|1665810724
|move|p2a: Porygon2|Ice Beam|p1a: 一号炮灰
|-damage|p1a: 一号炮灰|60/100
|move|p1a: 一号炮灰|Trick Room|p1a: 一号炮灰
|-fieldstart|move: Trick Room|[of] p1a: 一号炮灰
|
|upkeep
|turn|23
|
|t:|1665810733
|move|p1a: 一号炮灰|Psychic|p2a: Porygon2
|-damage|p2a: Porygon2|75/100
|move|p2a: Porygon2|Ice Beam|p1a: 一号炮灰
|-damage|p1a: 一号炮灰|37/100
|
|upkeep
|turn|24
|
|t:|1665810740
|move|p1a: 一号炮灰|Psychic|p2a: Porygon2
|-damage|p2a: Porygon2|50/100
|move|p2a: Porygon2|Ice Beam|p1a: 一号炮灰
|-damage|p1a: 一号炮灰|13/100
|
|upkeep
|turn|25
|
|t:|1665810747
|move|p1a: 一号炮灰|Misty Explosion|p2a: Porygon2
|-damage|p2a: Porygon2|22/100
|faint|p1a: 一号炮灰
|move|p2a: Porygon2|Recover|p2a: Porygon2
|-heal|p2a: Porygon2|72/100
|
|upkeep
|
|t:|1665810750
|switch|p1a: 没吃吃我一拳*2|Crawdaunt, F|47/100
|turn|26
|
|t:|1665810757
|move|p1a: 没吃吃我一拳*2|Close Combat|p2a: Porygon2
|-supereffective|p2a: Porygon2
|-damage|p2a: Porygon2|0 fnt
|-unboost|p1a: 没吃吃我一拳*2|def|1
|-unboost|p1a: 没吃吃我一拳*2|spd|1
|faint|p2a: Porygon2
|-damage|p1a: 没吃吃我一拳*2|37/100|[from] item: Life Orb
|
|win|maxinyuuu
