|raw|<div class="broadcast-blue"><strong>This battle is required to be public due to a player having a name starting with 'lt92pf'.</div>
|j|☆OUT Kazt
|j|☆LT92PF Theoko
|t:|1660006121
|gametype|singles
|player|p1|OUT Kazt|acetrainersnowf|1714
|player|p2|LT92PF Theoko|juggler|1731
|teamsize|p1|6
|teamsize|p2|6
|gen|8
|tier|[Gen 8] OU
|rated|
|rule|Sleep Clause Mod: Limit one foe put to sleep
|rule|Species Clause: Limit one of each Pokémon
|rule|OHKO Clause: OHKO moves are banned
|rule|Evasion Items Clause: Evasion items are banned
|rule|Evasion Moves Clause: Evasion moves are banned
|rule|Endless Battle Clause: Forcing endless battles is banned
|rule|HP Percentage Mod: HP is shown in percentages
|rule|Dynamax Clause: You cannot dynamax
|clearpoke
|poke|p1|Heatran, F|
|poke|p1|Heracross, F|
|poke|p1|Landorus-Therian, M|
|poke|p1|Slowbro, M|
|poke|p1|Mandibuzz, F|
|poke|p1|Gengar, M|
|poke|p2|Mew|
|poke|p2|Hawlucha, F|
|poke|p2|Bisharp, F|
|poke|p2|Kartana|
|poke|p2|Dragapult, F|
|poke|p2|Garchomp, F|
|teampreview
|inactive|Battle timer is ON: inactive players will automatically lose when time's up. (requested by LT92PF Theoko)
|
|t:|1660006127
|start
|switch|p1a: Heracross|Heracross, F|100/100
|switch|p2a: Mew|Mew|100/100
|turn|1
|
|t:|1660006131
|move|p2a: Mew|Psychic|p1a: Heracross
|-supereffective|p1a: Heracross
|-damage|p1a: Heracross|0 fnt
|faint|p1a: Heracross
|
|upkeep
|
|t:|1660006134
|switch|p1a: Gengar|Gengar, M|100/100
|turn|2
|
|t:|1660006137
|move|p1a: Gengar|Shadow Ball|p2a: Mew
|-supereffective|p2a: Mew
|-damage|p2a: Mew|0 fnt
|faint|p2a: Mew
|
|upkeep
|
|t:|1660006145
|switch|p2a: Bisharp|Bisharp, F|100/100
|turn|3
|
|t:|1660006149
|move|p1a: Gengar|Shadow Ball|p2a: Bisharp
|-resisted|p2a: Bisharp
|-damage|p2a: Bisharp|46/100
|move|p2a: Bisharp|Low Kick|p1a: Gengar
|-immune|p1a: Gengar
|
|upkeep
|turn|4
|
|t:|1660006154
|move|p1a: Gengar|Shadow Ball|p2a: Bisharp
|-resisted|p2a: Bisharp
|-damage|p2a: Bisharp|0 fnt
|faint|p2a: Bisharp
|
|upkeep
|
|t:|1660006156
|switch|p2a: Garchomp|Garchomp, F|100/100
|turn|5
|
|t:|1660006159
|move|p1a: Gengar|Shadow Ball|p2a: Garchomp
|-damage|p2a: Garchomp|37/100
|-unboost|p2a: Garchomp|spd|1
|move|p2a: Garchomp|Earthquake|p1a: Gengar
|-supereffective|p1a: Gengar
|-damage|p1a: Gengar|0 fnt
|faint|p1a: Gengar
|-damage|p2a: Garchomp|27/100|[from] item: Life Orb
|
|upkeep
|
|t:|1660006169
|switch|p1a: Slowbro|Slowbro, M|100/100
|turn|6
|
|t:|1660006176
|move|p2a: Garchomp|Earthquake|p1a: Slowbro
|-damage|p1a: Slowbro|61/100
|-damage|p2a: Garchomp|18/100|[from] item: Life Orb
|move|p1a: Slowbro|Future Sight|p2a: Garchomp
|-start|p1a: Slowbro|move: Future Sight
|
|upkeep
|turn|7
|
|t:|1660006181
|move|p2a: Garchomp|Earthquake|p1a: Slowbro
|-damage|p1a: Slowbro|24/100
|-damage|p2a: Garchomp|8/100|[from] item: Life Orb
|move|p1a: Slowbro|Scald|p2a: Garchomp
|-damage|p2a: Garchomp|0 fnt
|faint|p2a: Garchomp
|
|upkeep
|
|t:|1660006186
|switch|p2a: Dragapult|Dragapult, F|100/100
|turn|8
|
|t:|1660006190
|move|p2a: Dragapult|Phantom Force||[still]
|-prepare|p2a: Dragapult|Phantom Force
|move|p1a: Slowbro|Teleport|p1a: Slowbro
|
|t:|1660006192
|switch|p1a: Mandibuzz|Mandibuzz, F|100/100|[from]move: Teleport
|
|-end|p2a: Dragapult|move: Future Sight
|-miss|p1: Slowbro|p2a: Dragapult
|upkeep
|turn|9
|
|t:|1660006194
|move|p2a: Dragapult|Phantom Force|p1a: Mandibuzz|[from]lockedmove
|-resisted|p1a: Mandibuzz
|-damage|p1a: Mandibuzz|86/100
|move|p1a: Mandibuzz|Foul Play|p2a: Dragapult
|-supereffective|p2a: Dragapult
|-damage|p2a: Dragapult|0 fnt
|faint|p2a: Dragapult
|
|upkeep
|
|t:|1660006198
|switch|p2a: Kartana|Kartana|100/100
|turn|10
|
|t:|1660006203
|move|p2a: Kartana|Smart Strike|p1a: Mandibuzz
|-damage|p1a: Mandibuzz|67/100
|move|p1a: Mandibuzz|Foul Play|p2a: Kartana
|-damage|p2a: Kartana|61/100
|
|upkeep
|turn|11
|
|t:|1660006208
|move|p2a: Kartana|Smart Strike|p1a: Mandibuzz
|-damage|p1a: Mandibuzz|49/100
|move|p1a: Mandibuzz|Roost|p1a: Mandibuzz
|-heal|p1a: Mandibuzz|99/100
|-singleturn|p1a: Mandibuzz|move: Roost
|
|upkeep
|turn|12
|
|t:|1660006211
|move|p2a: Kartana|Smart Strike|p1a: Mandibuzz
|-damage|p1a: Mandibuzz|77/100
|move|p1a: Mandibuzz|Foul Play|p2a: Kartana
|-damage|p2a: Kartana|19/100
|-enditem|p2a: Kartana|Sitrus Berry|[eat]
|-heal|p2a: Kartana|44/100|[from] item: Sitrus Berry
|
|upkeep
|turn|13
|
|t:|1660006217
|move|p2a: Kartana|Smart Strike|p1a: Mandibuzz
|-damage|p1a: Mandibuzz|57/100
|move|p1a: Mandibuzz|Roost|p1a: Mandibuzz
|-heal|p1a: Mandibuzz|100/100
|-singleturn|p1a: Mandibuzz|move: Roost
|
|upkeep
|turn|14
|
|t:|1660006222
|move|p2a: Kartana|Smart Strike|p1a: Mandibuzz
|-damage|p1a: Mandibuzz|79/100
|move|p1a: Mandibuzz|Foul Play|p2a: Kartana
|-damage|p2a: Kartana|1/100
|
|upkeep
|turn|15
|
|t:|1660006232
|move|p2a: Kartana|Swords Dance|p2a: Kartana
|-boost|p2a: Kartana|atk|2
|move|p1a: Mandibuzz|U-turn|p2a: Kartana
|-damage|p2a: Kartana|0 fnt
|faint|p2a: Kartana
|
|t:|1660006234
|switch|p1a: Slowbro|Slowbro, M|57/100|[from]move: U-turn
|
|upkeep
|
|t:|1660006239
|switch|p2a: Hawlucha|Hawlucha, F|100/100
|turn|16
|
|t:|1660006241
|move|p2a: Hawlucha|Swords Dance|p2a: Hawlucha
|-boost|p2a: Hawlucha|atk|2
|move|p1a: Slowbro|Future Sight|p2a: Hawlucha
|-start|p1a: Slowbro|move: Future Sight
|
|upkeep
|turn|17
|
|t:|1660006247
|switch|p1a: Landorus|Landorus-Therian, M|100/100
|-ability|p1a: Landorus|Intimidate|boost
|-unboost|p2a: Hawlucha|atk|1
|move|p2a: Hawlucha|Acrobatics|p1a: Landorus
|-damage|p1a: Landorus|58/100
|
|upkeep
|turn|18
|
|t:|1660006250
|move|p1a: Landorus|Stone Edge|p2a: Hawlucha
|-crit|p2a: Hawlucha
|-damage|p2a: Hawlucha|19/100
|-enditem|p2a: Hawlucha|Sitrus Berry|[eat]
|-heal|p2a: Hawlucha|44/100|[from] item: Sitrus Berry
|move|p2a: Hawlucha|Swords Dance|p2a: Hawlucha
|-boost|p2a: Hawlucha|atk|2
|
|-end|p2a: Hawlucha|move: Future Sight
|-supereffective|p2a: Hawlucha
|-damage|p2a: Hawlucha|0 fnt
|faint|p2a: Hawlucha
|
|win|OUT Kazt
|upkeep
|raw|OUT Kazt's rating: 1714 &rarr; <strong>1735</strong><br />(+21 for winning)
|raw|LT92PF Theoko's rating: 1731 &rarr; <strong>1710</strong><br />(-21 for losing)
|l|☆LT92PF Theoko
||Ladder isn't responding, score probably updated but might not have (Request timeout).
