|j|☆LT92PF Separa
|j|‽hypervortexreturns
|t:|1660284726
|gametype|singles
|player|p1|LT92PF Separa|acetrainerf-gen4dp|1990
|player|p2|hypervortexreturns|101|1964
|teamsize|p1|6
|teamsize|p2|6
|gen|8
|tier|[Gen 8] OU
|rated|
|rule|Sleep Clause Mod: Limit one foe put to sleep
|rule|Species Clause: Limit one of each Pokémon
|rule|OHKO Clause: OHKO moves are banned
|rule|Evasion Items Clause: Evasion items are banned
|rule|Evasion Moves Clause: Evasion moves are banned
|rule|Endless Battle Clause: Forcing endless battles is banned
|rule|HP Percentage Mod: HP is shown in percentages
|rule|Dynamax Clause: You cannot dynamax
|clearpoke
|poke|p1|Weavile, M|
|poke|p1|Slowking-Galar, M|
|poke|p1|Melmetal|
|poke|p1|Garchomp, F|
|poke|p1|Urshifu-*, M|
|poke|p1|Corviknight, F|
|poke|p2|Hydreigon, F|
|poke|p2|Zapdos|
|poke|p2|Tangrowth, F|
|poke|p2|Corviknight, M|
|poke|p2|Excadrill, M|
|poke|p2|Azumarill, F|
|teampreview
|j| averagechiefer
|j| LT92P Fever
|l| LT92P Fever
|
|t:|1660284747
|start
|switch|p1a: Garchomp|Garchomp, F|100/100
|switch|p2a: Tangrowth|Tangrowth, F|100/100
|turn|1
|l| averagechiefer
|j| rydeen ride
|j| Referrals
|j| LT92PF Golgo
|j| Tace
|j| lt92pf star
|
|t:|1660284762
|move|p1a: Garchomp|Toxic|p2a: Tangrowth
|-status|p2a: Tangrowth|tox
|move|p2a: Tangrowth|Sleep Powder|p1a: Garchomp|[miss]
|-miss|p2a: Tangrowth|p1a: Garchomp
|
|-damage|p2a: Tangrowth|94/100 tox|[from] psn
|upkeep
|turn|2
|
|t:|1660284772
|move|p1a: Garchomp|Stealth Rock|p2a: Tangrowth
|-sidestart|p2: hypervortexreturns|move: Stealth Rock
|move|p2a: Tangrowth|Knock Off|p1a: Garchomp
|-crit|p1a: Garchomp
|-damage|p1a: Garchomp|71/100
|-damage|p2a: Tangrowth|82/100 tox|[from] ability: Rough Skin|[of] p1a: Garchomp
|-enditem|p1a: Garchomp|Leftovers|[from] move: Knock Off|[of] p2a: Tangrowth
|
|-damage|p2a: Tangrowth|70/100 tox|[from] psn
|upkeep
|turn|3
|j| LittleMinun
|j|+playerW17
|j|+Mengy ㋛
|
|t:|1660284790
|switch|p2a: Corviknight|Corviknight, M|100/100
|-damage|p2a: Corviknight|88/100|[from] Stealth Rock
|-ability|p2a: Corviknight|Pressure
|move|p1a: Garchomp|Protect||[still]
|-fail|p1a: Garchomp
|
|-heal|p2a: Corviknight|94/100|[from] item: Leftovers
|upkeep
|turn|4
|j| dragonitenb
|j| Lunarr
|j| BeastBraedon
|
|t:|1660284805
|switch|p1a: Slowking|Slowking-Galar, M|100/100
|move|p2a: Corviknight|Bulk Up|p2a: Corviknight
|-boost|p2a: Corviknight|atk|1
|-boost|p2a: Corviknight|def|1
|
|-heal|p2a: Corviknight|100/100|[from] item: Leftovers
|upkeep
|turn|5
|j| Sullyoon
|
|t:|1660284826
|move|p2a: Corviknight|Brave Bird|p1a: Slowking
|-damage|p1a: Slowking|45/100
|-damage|p2a: Corviknight|82/100|[from] Recoil
|move|p1a: Slowking|Flamethrower|p2a: Corviknight
|-supereffective|p2a: Corviknight
|-damage|p2a: Corviknight|36/100
|
|-heal|p2a: Corviknight|42/100|[from] item: Leftovers
|upkeep
|turn|6
|j| maeve68
|j| Ajsaysno
|j| LT92PF fardin
|j| averagechiefer
|
|t:|1660284846
|switch|p1a: Melmetal|Melmetal|100/100
|move|p2a: Corviknight|Roost|p2a: Corviknight
|-heal|p2a: Corviknight|92/100
|-singleturn|p2a: Corviknight|move: Roost
|
|-heal|p2a: Corviknight|98/100|[from] item: Leftovers
|upkeep
|turn|7
|j| Keblar
|j| Tarkov Main
|j| L9 motopapi
|j|+kino
|j| top 10 on main
|
|t:|1660284858
|move|p2a: Corviknight|Taunt|p1a: Melmetal
|-start|p1a: Melmetal|move: Taunt
|move|p1a: Melmetal|Thunder Punch|p2a: Corviknight
|-supereffective|p2a: Corviknight
|-damage|p2a: Corviknight|60/100
|
|-heal|p2a: Corviknight|66/100|[from] item: Leftovers
|upkeep
|turn|8
|j| Masaki Suda
|l| averagechiefer
|
|t:|1660284871
|move|p2a: Corviknight|Bulk Up|p2a: Corviknight
|-boost|p2a: Corviknight|atk|1
|-boost|p2a: Corviknight|def|1
|move|p1a: Melmetal|Thunder Punch|p2a: Corviknight
|-supereffective|p2a: Corviknight
|-damage|p2a: Corviknight|37/100
|
|-heal|p2a: Corviknight|44/100|[from] item: Leftovers
|upkeep
|turn|9
|
|t:|1660284880
|move|p2a: Corviknight|Roost|p2a: Corviknight
|-heal|p2a: Corviknight|94/100
|-singleturn|p2a: Corviknight|move: Roost
|move|p1a: Melmetal|Thunder Punch|p2a: Corviknight
|-damage|p2a: Corviknight|78/100
|
|-heal|p2a: Corviknight|84/100|[from] item: Leftovers
|-end|p1a: Melmetal|move: Taunt
|upkeep
|turn|10
|j| averagechiefer
|
|t:|1660284891
|move|p2a: Corviknight|Bulk Up|p2a: Corviknight
|-boost|p2a: Corviknight|atk|1
|-boost|p2a: Corviknight|def|1
|move|p1a: Melmetal|Thunder Punch|p2a: Corviknight
|-supereffective|p2a: Corviknight
|-damage|p2a: Corviknight|57/100
|
|-heal|p2a: Corviknight|64/100|[from] item: Leftovers
|upkeep
|turn|11
|l| averagechiefer
|j| AlIoutdragadarts
|
|t:|1660284906
|move|p2a: Corviknight|Roost|p2a: Corviknight
|-heal|p2a: Corviknight|100/100
|-singleturn|p2a: Corviknight|move: Roost
|move|p1a: Melmetal|Thunder Punch|p2a: Corviknight
|-damage|p2a: Corviknight|89/100
|
|-heal|p2a: Corviknight|95/100|[from] item: Leftovers
|upkeep
|turn|12
|inactive|Battle timer is ON: inactive players will automatically lose when time's up. (requested by LT92PF Separa)
|
|t:|1660284922
|move|p2a: Corviknight|Bulk Up|p2a: Corviknight
|-boost|p2a: Corviknight|atk|1
|-boost|p2a: Corviknight|def|1
|move|p1a: Melmetal|Thunder Wave|p2a: Corviknight
|-status|p2a: Corviknight|par
|
|-heal|p2a: Corviknight|100/100 par|[from] item: Leftovers
|upkeep
|turn|13
|
|t:|1660284933
|move|p1a: Melmetal|Thunder Punch|p2a: Corviknight
|-supereffective|p2a: Corviknight
|-damage|p2a: Corviknight|78/100 par
|move|p2a: Corviknight|Brave Bird|p1a: Melmetal
|-resisted|p1a: Melmetal
|-damage|p1a: Melmetal|65/100
|-damage|p2a: Corviknight|66/100 par|[from] Recoil
|
|-heal|p2a: Corviknight|73/100 par|[from] item: Leftovers
|upkeep
|turn|14
|
|t:|1660284952
|move|p1a: Melmetal|Thunder Punch|p2a: Corviknight
|-supereffective|p2a: Corviknight
|-damage|p2a: Corviknight|51/100 par
|move|p2a: Corviknight|Roost|p2a: Corviknight
|-heal|p2a: Corviknight|100/100 par
|-singleturn|p2a: Corviknight|move: Roost
|
|upkeep
|turn|15
|
|t:|1660284960
|switch|p1a: Corviknight|Corviknight, F|100/100
|-ability|p1a: Corviknight|Pressure
|move|p2a: Corviknight|Brave Bird|p1a: Corviknight
|-resisted|p1a: Corviknight
|-damage|p1a: Corviknight|66/100
|-damage|p2a: Corviknight|84/100 par|[from] item: Rocky Helmet|[of] p1a: Corviknight
|-damage|p2a: Corviknight|73/100 par|[from] Recoil
|
|-heal|p2a: Corviknight|79/100 par|[from] item: Leftovers
|upkeep
|turn|16
|
|t:|1660284973
|move|p1a: Corviknight|Roost|p1a: Corviknight
|-heal|p1a: Corviknight|100/100
|-singleturn|p1a: Corviknight|move: Roost
|move|p2a: Corviknight|Taunt|p1a: Corviknight
|-start|p1a: Corviknight|move: Taunt
|
|-heal|p2a: Corviknight|85/100 par|[from] item: Leftovers
|upkeep
|turn|17
|
|t:|1660284985
|move|p1a: Corviknight|U-turn|p2a: Corviknight
|-resisted|p2a: Corviknight
|-damage|p2a: Corviknight|84/100 par
|
|t:|1660284989
|switch|p1a: Melmetal|Melmetal|65/100|[from]move: U-turn
|move|p2a: Corviknight|Bulk Up|p2a: Corviknight
|-boost|p2a: Corviknight|atk|1
|-boost|p2a: Corviknight|def|1
|
|-heal|p2a: Corviknight|90/100 par|[from] item: Leftovers
|upkeep
|turn|18
|j| ghanrx
|
|t:|1660285002
|move|p1a: Melmetal|Thunder Punch|p2a: Corviknight
|-supereffective|p2a: Corviknight
|-damage|p2a: Corviknight|73/100 par
|move|p2a: Corviknight|Taunt|p1a: Melmetal
|-start|p1a: Melmetal|move: Taunt
|
|-heal|p2a: Corviknight|80/100 par|[from] item: Leftovers
|upkeep
|turn|19
|
|t:|1660285012
|move|p1a: Melmetal|Thunder Punch|p2a: Corviknight
|-supereffective|p2a: Corviknight
|-damage|p2a: Corviknight|61/100 par
|move|p2a: Corviknight|Bulk Up|p2a: Corviknight
|-boost|p2a: Corviknight|atk|1
|-boost|p2a: Corviknight|def|1
|
|-heal|p2a: Corviknight|67/100 par|[from] item: Leftovers
|upkeep
|turn|20
|
|t:|1660285022
|move|p1a: Melmetal|Thunder Punch|p2a: Corviknight
|-supereffective|p2a: Corviknight
|-damage|p2a: Corviknight|51/100 par
|move|p2a: Corviknight|Roost|p2a: Corviknight
|-heal|p2a: Corviknight|100/100 par
|-singleturn|p2a: Corviknight|move: Roost
|
|upkeep
|turn|21
|j| kind of liked it
|
|t:|1660285031
|move|p1a: Melmetal|Thunder Punch|p2a: Corviknight
|-supereffective|p2a: Corviknight
|-damage|p2a: Corviknight|83/100 par
|move|p2a: Corviknight|Brave Bird|p1a: Melmetal
|-resisted|p1a: Melmetal
|-damage|p1a: Melmetal|19/100
|-damage|p2a: Corviknight|68/100 par|[from] Recoil
|
|-heal|p2a: Corviknight|74/100 par|[from] item: Leftovers
|-end|p1a: Melmetal|move: Taunt
|upkeep
|turn|22
|j| Lt92pf nagi
|
|t:|1660285047
|move|p1a: Melmetal|Thunder Punch|p2a: Corviknight
|-supereffective|p2a: Corviknight
|-damage|p2a: Corviknight|58/100 par
|move|p2a: Corviknight|Brave Bird|p1a: Melmetal
|-resisted|p1a: Melmetal
|-damage|p1a: Melmetal|0 fnt
|faint|p1a: Melmetal
|-damage|p2a: Corviknight|52/100 par|[from] Recoil
|
|-heal|p2a: Corviknight|58/100 par|[from] item: Leftovers
|upkeep
|
|t:|1660285050
|switch|p1a: Slowking|Slowking-Galar, M|78/100
|turn|23
|l| Lt92pf nagi
|
|t:|1660285071
|move|p1a: Slowking|Flamethrower|p2a: Corviknight
|-supereffective|p2a: Corviknight
|-damage|p2a: Corviknight|13/100 par
|move|p2a: Corviknight|Brave Bird|p1a: Slowking
|-damage|p1a: Slowking|0 fnt
|faint|p1a: Slowking
|-damage|p2a: Corviknight|0 fnt|[from] Recoil
|faint|p2a: Corviknight
|
|upkeep
|l| ghanrx
|inactive|hypervortexreturns has 120 seconds left.
|l| Ajsaysno
|j| Ajsaysno
|
|t:|1660285100
|switch|p2a: Tangrowth|Tangrowth, F|100/100 tox
|switch|p1a: Urshifu|Urshifu-Rapid-Strike, M|100/100
|-damage|p2a: Tangrowth|88/100 tox|[from] Stealth Rock
|turn|24
|inactive|hypervortexreturns has 120 seconds left.
|
|t:|1660285114
|move|p1a: Urshifu|Taunt|p2a: Tangrowth
|-start|p2a: Tangrowth|move: Taunt
|cant|p2a: Tangrowth|move: Taunt|Sleep Powder
|
|-damage|p2a: Tangrowth|82/100 tox|[from] psn
|upkeep
|turn|25
|inactive|hypervortexreturns has 120 seconds left.
|
|t:|1660285122
|move|p1a: Urshifu|U-turn|p2a: Tangrowth
|-supereffective|p2a: Tangrowth
|-damage|p2a: Tangrowth|56/100 tox
|
|t:|1660285125
|switch|p1a: Corviknight|Corviknight, F|100/100|[from]move: U-turn
|-ability|p1a: Corviknight|Pressure
|move|p2a: Tangrowth|Knock Off|p1a: Corviknight
|-damage|p1a: Corviknight|86/100
|-damage|p2a: Tangrowth|40/100 tox|[from] item: Rocky Helmet|[of] p1a: Corviknight
|-enditem|p1a: Corviknight|Rocky Helmet|[from] move: Knock Off|[of] p2a: Tangrowth
|
|-damage|p2a: Tangrowth|27/100 tox|[from] psn
|upkeep
|turn|26
|j| flame of magnus
|inactive|hypervortexreturns has 120 seconds left.
|
|t:|1660285142
|switch|p2a: Zapdos|Zapdos|100/100
|move|p1a: Corviknight|U-turn|p2a: Zapdos
|-resisted|p2a: Zapdos
|-damage|p2a: Zapdos|93/100
|j| souvenir d'amour
|l| LT92PF fardin
|
|t:|1660285145
|switch|p1a: Weavile|Weavile, M|100/100|[from]move: U-turn
|-ability|p1a: Weavile|Pressure
|
|upkeep
|turn|27
|j| LT92PF fardin
|j| Allen-xia
|inactive|hypervortexreturns has 120 seconds left.
|
|t:|1660285184
|switch|p2a: Hydreigon|Hydreigon, F|100/100
|-damage|p2a: Hydreigon|88/100|[from] Stealth Rock
|move|p1a: Weavile|Triple Axel|p2a: Hydreigon
|-supereffective|p2a: Hydreigon
|-damage|p2a: Hydreigon|69/100
|-supereffective|p2a: Hydreigon
|-damage|p2a: Hydreigon|29/100
|-supereffective|p2a: Hydreigon
|-damage|p2a: Hydreigon|0 fnt
|faint|p2a: Hydreigon
|-hitcount|p2: Hydreigon|3
|
|upkeep
|inactive|hypervortexreturns has 90 seconds left.
|
|t:|1660285205
|switch|p2a: Excadrill|Excadrill, M|100/100
|-damage|p2a: Excadrill|97/100|[from] Stealth Rock
|turn|28
|l| flame of magnus
|inactive|hypervortexreturns has 90 seconds left.
|
|t:|1660285216
|switch|p1a: Urshifu|Urshifu-Rapid-Strike, M|100/100
|move|p2a: Excadrill|Stealth Rock|p1a: Urshifu
|-sidestart|p1: LT92PF Separa|move: Stealth Rock
|
|-heal|p2a: Excadrill|100/100|[from] item: Leftovers
|upkeep
|turn|29
|j| flame of magnus
|inactive|hypervortexreturns has 90 seconds left.
|
|t:|1660285232
|switch|p2a: Zapdos|Zapdos|93/100
|move|p1a: Urshifu|Surging Strikes|p2a: Zapdos
|-crit|p2a: Zapdos
|-damage|p2a: Zapdos|73/100
|-crit|p2a: Zapdos
|-damage|p2a: Zapdos|53/100
|-crit|p2a: Zapdos
|-damage|p2a: Zapdos|34/100
|-hitcount|p2a: Zapdos|3
|
|upkeep
|turn|30
|inactive|hypervortexreturns has 90 seconds left.
|j| fhcmgvjh
|
|t:|1660285245
|switch|p1a: Garchomp|Garchomp, F|71/100
|-damage|p1a: Garchomp|65/100|[from] Stealth Rock
|move|p2a: Zapdos|Discharge|p1a: Garchomp
|-immune|p1a: Garchomp
|
|upkeep
|turn|31
|inactive|hypervortexreturns has 90 seconds left.
|
|t:|1660285258
|switch|p2a: Tangrowth|Tangrowth, F|60/100 tox
|-damage|p2a: Tangrowth|48/100 tox|[from] Stealth Rock
|move|p1a: Garchomp|Earthquake|p2a: Tangrowth
|-resisted|p2a: Tangrowth
|-damage|p2a: Tangrowth|37/100 tox
|
|-damage|p2a: Tangrowth|31/100 tox|[from] psn
|upkeep
|turn|32
|l| top 10 on main
|inactive|hypervortexreturns has 90 seconds left.
|l| souvenir d'amour
|j| xujing691691
|inactive|hypervortexreturns has 60 seconds left.
|
|t:|1660285295
|switch|p2a: Zapdos|Zapdos|34/100
|move|p1a: Garchomp|Protect||[still]
|-fail|p1a: Garchomp
|
|upkeep
|turn|33
|
|t:|1660285304
|switch|p2a: Tangrowth|Tangrowth, F|64/100 tox
|-damage|p2a: Tangrowth|51/100 tox|[from] Stealth Rock
|move|p1a: Garchomp|Earthquake|p2a: Tangrowth
|-resisted|p2a: Tangrowth
|-damage|p2a: Tangrowth|41/100 tox
|
|-damage|p2a: Tangrowth|34/100 tox|[from] psn
|upkeep
|turn|34
|l|+kino
|
|t:|1660285314
|move|p1a: Garchomp|Protect|p1a: Garchomp
|-singleturn|p1a: Garchomp|Protect
|move|p2a: Tangrowth|Sleep Powder|p1a: Garchomp
|-activate|p1a: Garchomp|move: Protect
|
|-damage|p2a: Tangrowth|22/100 tox|[from] psn
|upkeep
|turn|35
|
|t:|1660285324
|move|p1a: Garchomp|Earthquake|p2a: Tangrowth
|-resisted|p2a: Tangrowth
|-damage|p2a: Tangrowth|11/100 tox
|move|p2a: Tangrowth|Sleep Powder|p1a: Garchomp
|-status|p1a: Garchomp|slp|[from] move: Sleep Powder
|
|-damage|p2a: Tangrowth|0 fnt|[from] psn
|faint|p2a: Tangrowth
|upkeep
|
|t:|1660285336
|switch|p2a: Azumarill|Azumarill, F|100/100
|-damage|p2a: Azumarill|88/100|[from] Stealth Rock
|turn|36
|
|t:|1660285342
|switch|p1a: Corviknight|Corviknight, F|86/100
|-damage|p1a: Corviknight|74/100|[from] Stealth Rock
|-ability|p1a: Corviknight|Pressure
|move|p2a: Azumarill|Belly Drum|p2a: Azumarill
|-damage|p2a: Azumarill|38/100
|-setboost|p2a: Azumarill|atk|6|[from] move: Belly Drum
|-enditem|p2a: Azumarill|Sitrus Berry|[eat]
|-heal|p2a: Azumarill|63/100|[from] item: Sitrus Berry
|
|upkeep
|turn|37
|l| Tarkov Main
|j| GeniusX
|
|t:|1660285355
|move|p2a: Azumarill|Knock Off|p1a: Corviknight
|-damage|p1a: Corviknight|8/100
|move|p1a: Corviknight|Brave Bird|p2a: Azumarill
|-damage|p2a: Azumarill|17/100
|-damage|p1a: Corviknight|0 fnt|[from] Recoil
|faint|p1a: Corviknight
|
|upkeep
|l| GeniusX
|
|t:|1660285360
|switch|p1a: Urshifu|Urshifu-Rapid-Strike, M|100/100
|-damage|p1a: Urshifu|94/100|[from] Stealth Rock
|turn|38
|
|t:|1660285369
|move|p2a: Azumarill|Aqua Jet|p1a: Urshifu
|-resisted|p1a: Urshifu
|-damage|p1a: Urshifu|46/100
|move|p1a: Urshifu|Surging Strikes|p2a: Azumarill
|-resisted|p2a: Azumarill
|-crit|p2a: Azumarill
|-damage|p2a: Azumarill|5/100
|-resisted|p2a: Azumarill
|-crit|p2a: Azumarill
|-damage|p2a: Azumarill|0 fnt
|faint|p2a: Azumarill
|-hitcount|p2: Azumarill|2
|
|upkeep
|
|t:|1660285381
|switch|p2a: Zapdos|Zapdos|34/100
|turn|39
|
|t:|1660285396
|move|p2a: Zapdos|Discharge|p1a: Urshifu
|-supereffective|p1a: Urshifu
|-damage|p1a: Urshifu|0 fnt
|faint|p1a: Urshifu
|
|upkeep
|
|t:|1660285399
|switch|p1a: Weavile|Weavile, M|100/100
|-ability|p1a: Weavile|Pressure
|turn|40
|
|t:|1660285406
|move|p1a: Weavile|Swords Dance|p1a: Weavile
|-boost|p1a: Weavile|atk|2
|move|p2a: Zapdos|Discharge|p1a: Weavile
|-damage|p1a: Weavile|51/100
|-status|p1a: Weavile|par
|
|upkeep
|turn|41
|inactive|hypervortexreturns has 90 seconds left.
|l| LT92PF fardin
|
|t:|1660285416
|move|p1a: Weavile|Ice Shard|p2a: Zapdos
|-supereffective|p2a: Zapdos
|-damage|p2a: Zapdos|0 fnt
|faint|p2a: Zapdos
|
|upkeep
|inactive|hypervortexreturns has 90 seconds left.
|
|t:|1660285421
|switch|p2a: Excadrill|Excadrill, M|100/100
|-damage|p2a: Excadrill|97/100|[from] Stealth Rock
|turn|42
|l| Ajsaysno
|inactive|hypervortexreturns has 90 seconds left.
|
|t:|1660285432
|cant|p1a: Weavile|par
|move|p2a: Excadrill|Earthquake|p1a: Weavile
|-damage|p1a: Weavile|0 fnt
|faint|p1a: Weavile
|
|-heal|p2a: Excadrill|100/100|[from] item: Leftovers
|upkeep
|l| flame of magnus
|
|t:|1660285435
|switch|p1a: Garchomp|Garchomp, F|65/100 slp
|-damage|p1a: Garchomp|59/100 slp|[from] Stealth Rock
|turn|43
|
|t:|1660285445
|move|p2a: Excadrill|Earthquake|p1a: Garchomp
|-damage|p1a: Garchomp|12/100 slp
|cant|p1a: Garchomp|slp
|
|upkeep
|turn|44
|
|t:|1660285451
|move|p2a: Excadrill|Earthquake|p1a: Garchomp
|-damage|p1a: Garchomp|0 fnt
|faint|p1a: Garchomp
|
|win|hypervortexreturns
|raw|LT92PF Separa's rating: 1990 &rarr; <strong>1969</strong><br />(-21 for losing)
|raw|hypervortexreturns's rating: 1964 &rarr; <strong>1985</strong><br />(+21 for winning)
|j| Amelza
|l| L9 motopapi
|l| rydeen ride
|l|☆LT92PF Separa
|l| LT92PF Golgo
|l| kind of liked it
|l| fhcmgvjh
|l| Masaki Suda
|l| LittleMinun
|j| flame of magnus
|l| Tace
|l| Amelza
|l| Sullyoon
|l| flame of magnus
