|j|☆pizzalover420
|j|☆Cryzat
|inactive|Battle timer is ON: inactive players will automatically lose when time's up.
|t:|1649193071
|gametype|singles
|player|p1|pizzalover420|blackbelt-gen4dp|
|player|p2|Cryzat|clair|
|teamsize|p1|6
|teamsize|p2|6
|gen|8
|tier|[Gen 8] OU
|rated|Tournament battle
|rule|Sleep Clause Mod: Limit one foe put to sleep
|rule|Species Clause: Limit one of each Pokémon
|rule|OHKO Clause: OHKO moves are banned
|rule|Evasion Moves Clause: Evasion moves are banned
|rule|Endless Battle Clause: Forcing endless battles is banned
|rule|HP Percentage Mod: HP is shown in percentages
|rule|Dynamax Clause: You cannot dynamax
|clearpoke
|poke|p1|Regieleki|
|poke|p1|Melmetal|
|poke|p1|Tapu Fini|
|poke|p1|Zeraora|
|poke|p1|Blacephalon|
|poke|p1|Kommo-o, M|
|poke|p2|Buzzwole|
|poke|p2|Tapu Lele|
|poke|p2|Zeraora|
|poke|p2|Toxapex, M|
|poke|p2|Corviknight, M|
|poke|p2|Melmetal|
|teampreview
|c|☆Cryzat|glhf
|c|☆pizzalover420|Hf
|inactive|pizzalover420 has 120 seconds left.
|
|t:|1649193109
|start
|switch|p1a: Regieleki|Regieleki|100/100
|switch|p2a: Zeraora|Zeraora|100/100
|turn|1
|
|t:|1649193121
|switch|p1a: Kommo-o|Kommo-o, M|100/100
|move|p2a: Zeraora|Knock Off|p1a: Kommo-o
|-resisted|p1a: Kommo-o
|-damage|p1a: Kommo-o|86/100
|-enditem|p1a: Kommo-o|Leftovers|[from] move: Knock Off|[of] p2a: Zeraora
|
|upkeep
|turn|2
|j| TheNewBrends11
|
|t:|1649193130
|switch|p2a: Buzzwole|Buzzwole|100/100
|move|p1a: Kommo-o|Stealth Rock|p2a: Buzzwole
|-sidestart|p2: Cryzat|move: Stealth Rock
|
|upkeep
|turn|3
|
|t:|1649193142
|switch|p1a: Tapu Fini|Tapu Fini|100/100
|-fieldstart|move: Misty Terrain|[from] ability: Misty Surge|[of] p1a: Tapu Fini
|switch|p2a: Corviknight|Corviknight, M|100/100
|-damage|p2a: Corviknight|88/100|[from] Stealth Rock
|-ability|p2a: Corviknight|Pressure
|
|-heal|p2a: Corviknight|94/100|[from] item: Leftovers
|upkeep
|turn|4
|
|t:|1649193154
|move|p1a: Tapu Fini|Taunt|p2a: Corviknight
|-start|p2a: Corviknight|move: Taunt
|cant|p2a: Corviknight|move: Taunt|Defog
|
|-heal|p2a: Corviknight|100/100|[from] item: Leftovers
|upkeep
|turn|5
|
|t:|1649193160
|move|p1a: Tapu Fini|Nature's Madness|p2a: Corviknight
|-damage|p2a: Corviknight|50/100
|move|p2a: Corviknight|U-turn|p1a: Tapu Fini
|-resisted|p1a: Tapu Fini
|-damage|p1a: Tapu Fini|96/100
|
|t:|1649193169
|switch|p2a: Tapu Lele|Tapu Lele|100/100|[from]move: U-turn
|-damage|p2a: Tapu Lele|88/100|[from] Stealth Rock
|-fieldstart|move: Psychic Terrain|[from] ability: Psychic Surge|[of] p2a: Tapu Lele
|
|-heal|p1a: Tapu Fini|100/100|[from] item: Leftovers
|upkeep
|turn|6
|
|t:|1649193179
|switch|p1a: Melmetal|Melmetal|100/100
|move|p2a: Tapu Lele|Psychic|p1a: Melmetal
|-resisted|p1a: Melmetal
|-damage|p1a: Melmetal|80/100
|
|upkeep
|turn|7
|
|t:|1649193188
|switch|p2a: Buzzwole|Buzzwole|100/100
|-damage|p2a: Buzzwole|88/100|[from] Stealth Rock
|switch|p1a: Blacephalon|Blacephalon|100/100
|
|upkeep
|turn|8
|
|t:|1649193196
|switch|p2a: Toxapex|Toxapex, M|100/100
|-damage|p2a: Toxapex|88/100|[from] Stealth Rock
|move|p1a: Blacephalon|Trick|p2a: Toxapex
|-activate|p1a: Blacephalon|move: Trick|[of] p2a: Toxapex
|-item|p2a: Toxapex|Choice Scarf|[from] move: Trick
|-item|p1a: Blacephalon|Black Sludge|[from] move: Trick
|
|-damage|p1a: Blacephalon|88/100|[from] item: Black Sludge
|upkeep
|turn|9
|
|t:|1649193205
|move|p1a: Blacephalon|Psychic|p2a: Toxapex
|-supereffective|p2a: Toxapex
|-damage|p2a: Toxapex|22/100
|-unboost|p2a: Toxapex|spd|1
|move|p2a: Toxapex|Light Screen|p2a: Toxapex
|-sidestart|p2: Cryzat|move: Light Screen
|
|-damage|p1a: Blacephalon|76/100|[from] item: Black Sludge
|-fieldend|move: Psychic Terrain
|upkeep
|turn|10
|
|t:|1649193219
|switch|p2a: Corviknight|Corviknight, M|50/100
|-damage|p2a: Corviknight|38/100|[from] Stealth Rock
|-ability|p2a: Corviknight|Pressure
|move|p1a: Blacephalon|Trick|p2a: Corviknight
|-activate|p1a: Blacephalon|move: Trick|[of] p2a: Corviknight
|-item|p2a: Corviknight|Black Sludge|[from] move: Trick
|-item|p1a: Blacephalon|Leftovers|[from] move: Trick
|
|-heal|p1a: Blacephalon|82/100|[from] item: Leftovers
|-damage|p2a: Corviknight|25/100|[from] item: Black Sludge
|upkeep
|turn|11
|
|t:|1649193235
|switch|p2a: Toxapex|Toxapex, M|55/100
|-damage|p2a: Toxapex|43/100|[from] Stealth Rock
|move|p1a: Blacephalon|Flamethrower|p2a: Toxapex
|-resisted|p2a: Toxapex
|-damage|p2a: Toxapex|34/100
|
|-heal|p1a: Blacephalon|88/100|[from] item: Leftovers
|upkeep
|turn|12
|j| Amigento1958
|
|t:|1649193250
|move|p1a: Blacephalon|Psychic|p2a: Toxapex
|-supereffective|p2a: Toxapex
|-damage|p2a: Toxapex|9/100
|move|p2a: Toxapex|Scald|p1a: Blacephalon
|-supereffective|p1a: Blacephalon
|-damage|p1a: Blacephalon|37/100
|
|-heal|p1a: Blacephalon|43/100|[from] item: Leftovers
|upkeep
|turn|13
|
|t:|1649193261
|switch|p2a: Melmetal|Melmetal|100/100
|-damage|p2a: Melmetal|94/100|[from] Stealth Rock
|move|p1a: Blacephalon|Shadow Ball|p2a: Melmetal
|-damage|p2a: Melmetal|73/100
|
|-heal|p1a: Blacephalon|49/100|[from] item: Leftovers
|-heal|p2a: Melmetal|79/100|[from] item: Leftovers
|-sideend|p2: Cryzat|move: Light Screen
|upkeep
|turn|14
|
|t:|1649193273
|move|p1a: Blacephalon|Flamethrower|p2a: Melmetal
|-supereffective|p2a: Melmetal
|-damage|p2a: Melmetal|0 fnt
|faint|p2a: Melmetal
|-ability|p1a: Blacephalon|Beast Boost|boost
|-boost|p1a: Blacephalon|spa|1
|
|-heal|p1a: Blacephalon|55/100|[from] item: Leftovers
|upkeep
|
|t:|1649193286
|switch|p2a: Zeraora|Zeraora|100/100
|turn|15
|
|t:|1649193297
|switch|p1a: Kommo-o|Kommo-o, M|86/100
|move|p2a: Zeraora|Plasma Fists|p1a: Kommo-o
|-resisted|p1a: Kommo-o
|-damage|p1a: Kommo-o|64/100
|-fieldactivate|move: Ion Deluge
|-hint|Normal-type moves become Electric-type after using Plasma Fists.
|
|upkeep
|turn|16
|
|t:|1649193306
|switch|p2a: Buzzwole|Buzzwole|88/100
|-damage|p2a: Buzzwole|75/100|[from] Stealth Rock
|move|p1a: Kommo-o|Earthquake|p2a: Buzzwole
|-resisted|p2a: Buzzwole
|-damage|p2a: Buzzwole|67/100
|
|upkeep
|turn|17
|
|t:|1649193314
|switch|p1a: Tapu Fini|Tapu Fini|100/100
|-fieldstart|move: Misty Terrain|[from] ability: Misty Surge|[of] p1a: Tapu Fini
|move|p2a: Buzzwole|Close Combat|p1a: Tapu Fini
|-resisted|p1a: Tapu Fini
|-damage|p1a: Tapu Fini|81/100
|-unboost|p2a: Buzzwole|def|1
|-unboost|p2a: Buzzwole|spd|1
|
|-heal|p1a: Tapu Fini|87/100|[from] item: Leftovers
|upkeep
|turn|18
|
|t:|1649193327
|switch|p2a: Toxapex|Toxapex, M|43/100
|-damage|p2a: Toxapex|30/100|[from] Stealth Rock
|move|p1a: Tapu Fini|Moonblast|p2a: Toxapex
|-resisted|p2a: Toxapex
|-crit|p2a: Toxapex
|-damage|p2a: Toxapex|14/100
|
|-heal|p1a: Tapu Fini|94/100|[from] item: Leftovers
|upkeep
|turn|19
|
|t:|1649193336
|switch|p2a: Zeraora|Zeraora|100/100
|move|p1a: Tapu Fini|Taunt|p2a: Zeraora
|-start|p2a: Zeraora|move: Taunt
|
|-heal|p1a: Tapu Fini|99/100|[from] item: Leftovers
|upkeep
|turn|20
|
|t:|1649193344
|move|p2a: Zeraora|Plasma Fists|p1a: Tapu Fini
|-supereffective|p1a: Tapu Fini
|-damage|p1a: Tapu Fini|33/100
|-fieldactivate|move: Ion Deluge
|-hint|Normal-type moves become Electric-type after using Plasma Fists.
|move|p1a: Tapu Fini|Nature's Madness|p2a: Zeraora
|-damage|p2a: Zeraora|51/100
|
|-heal|p1a: Tapu Fini|39/100|[from] item: Leftovers
|upkeep
|turn|21
|
|t:|1649193353
|switch|p1a: Kommo-o|Kommo-o, M|64/100
|move|p2a: Zeraora|Knock Off|p1a: Kommo-o
|-resisted|p1a: Kommo-o
|-damage|p1a: Kommo-o|53/100
|
|-end|p2a: Zeraora|move: Taunt
|-fieldend|Misty Terrain
|upkeep
|turn|22
|
|t:|1649193361
|switch|p2a: Corviknight|Corviknight, M|25/100
|-damage|p2a: Corviknight|13/100|[from] Stealth Rock
|-ability|p2a: Corviknight|Pressure
|move|p1a: Kommo-o|Scale Shot|p2a: Corviknight
|-resisted|p2a: Corviknight
|-damage|p2a: Corviknight|9/100
|-resisted|p2a: Corviknight
|-damage|p2a: Corviknight|5/100
|-resisted|p2a: Corviknight
|-damage|p2a: Corviknight|1/100
|-hitcount|p2a: Corviknight|3
|-unboost|p1a: Kommo-o|def|1
|-boost|p1a: Kommo-o|spe|1
|
|-damage|p2a: Corviknight|0 fnt|[from] item: Black Sludge
|faint|p2a: Corviknight
|upkeep
|
|t:|1649193383
|switch|p2a: Tapu Lele|Tapu Lele|88/100
|-damage|p2a: Tapu Lele|76/100|[from] Stealth Rock
|-fieldstart|move: Psychic Terrain|[from] ability: Psychic Surge|[of] p2a: Tapu Lele
|turn|23
|
|t:|1649193389
|switch|p1a: Melmetal|Melmetal|80/100
|move|p2a: Tapu Lele|Focus Blast|p1a: Melmetal
|-supereffective|p1a: Melmetal
|-damage|p1a: Melmetal|14/100
|
|upkeep
|turn|24
|
|t:|1649193397
|switch|p1a: Blacephalon|Blacephalon|55/100
|move|p2a: Tapu Lele|Focus Blast|p1a: Blacephalon
|-immune|p1a: Blacephalon
|
|-heal|p1a: Blacephalon|61/100|[from] item: Leftovers
|upkeep
|turn|25
|
|t:|1649193405
|switch|p2a: Toxapex|Toxapex, M|48/100
|-damage|p2a: Toxapex|35/100|[from] Stealth Rock
|move|p1a: Blacephalon|Shadow Ball|p2a: Toxapex
|-damage|p2a: Toxapex|2/100
|-unboost|p2a: Toxapex|spd|1
|
|-heal|p1a: Blacephalon|67/100|[from] item: Leftovers
|upkeep
|turn|26
|
|t:|1649193415
|move|p1a: Blacephalon|Flamethrower|p2a: Toxapex
|-resisted|p2a: Toxapex
|-damage|p2a: Toxapex|0 fnt
|faint|p2a: Toxapex
|-ability|p1a: Blacephalon|Beast Boost|boost
|-boost|p1a: Blacephalon|spa|1
|
|-heal|p1a: Blacephalon|73/100|[from] item: Leftovers
|upkeep
|
|t:|1649193423
|switch|p2a: Zeraora|Zeraora|51/100
|turn|27
|
|t:|1649193426
|switch|p1a: Melmetal|Melmetal|14/100
|move|p2a: Zeraora|Bulk Up|p2a: Zeraora
|-boost|p2a: Zeraora|atk|1
|-boost|p2a: Zeraora|def|1
|
|-fieldend|move: Psychic Terrain
|upkeep
|turn|28
|
|t:|1649193433
|move|p2a: Zeraora|Knock Off|p1a: Melmetal
|-damage|p1a: Melmetal|0 fnt
|-enditem|p1a: Melmetal|Assault Vest|[from] move: Knock Off|[of] p2a: Zeraora
|faint|p1a: Melmetal
|
|upkeep
|
|t:|1649193435
|switch|p1a: Kommo-o|Kommo-o, M|53/100
|turn|29
|
|t:|1649193444
|switch|p2a: Buzzwole|Buzzwole|67/100
|-damage|p2a: Buzzwole|55/100|[from] Stealth Rock
|move|p1a: Kommo-o|Scale Shot|p2a: Buzzwole
|-damage|p2a: Buzzwole|49/100
|-damage|p2a: Buzzwole|43/100
|-hitcount|p2a: Buzzwole|2
|-unboost|p1a: Kommo-o|def|1
|-boost|p1a: Kommo-o|spe|1
|
|upkeep
|turn|30
|
|t:|1649193454
|switch|p1a: Tapu Fini|Tapu Fini|39/100
|-fieldstart|move: Misty Terrain|[from] ability: Misty Surge|[of] p1a: Tapu Fini
|move|p2a: Buzzwole|Roost|p2a: Buzzwole
|-heal|p2a: Buzzwole|93/100
|-singleturn|p2a: Buzzwole|move: Roost
|
|-heal|p1a: Tapu Fini|45/100|[from] item: Leftovers
|upkeep
|turn|31
|
|t:|1649193463
|switch|p2a: Tapu Lele|Tapu Lele|76/100
|-damage|p2a: Tapu Lele|63/100|[from] Stealth Rock
|-fieldstart|move: Psychic Terrain|[from] ability: Psychic Surge|[of] p2a: Tapu Lele
|move|p1a: Tapu Fini|Moonblast|p2a: Tapu Lele
|-damage|p2a: Tapu Lele|26/100
|
|-heal|p1a: Tapu Fini|52/100|[from] item: Leftovers
|upkeep
|turn|32
|
|t:|1649193479
|move|p2a: Tapu Lele|Psychic|p1a: Tapu Fini
|-damage|p1a: Tapu Fini|0 fnt
|faint|p1a: Tapu Fini
|
|upkeep
|
|t:|1649193481
|switch|p1a: Blacephalon|Blacephalon|73/100
|turn|33
|
|t:|1649193491
|move|p1a: Blacephalon|Shadow Ball|p2a: Tapu Lele
|-supereffective|p2a: Tapu Lele
|-damage|p2a: Tapu Lele|0 fnt
|faint|p2a: Tapu Lele
|-ability|p1a: Blacephalon|Beast Boost|boost
|-boost|p1a: Blacephalon|spa|1
|
|-heal|p1a: Blacephalon|79/100|[from] item: Leftovers
|upkeep
|
|t:|1649193498
|switch|p2a: Zeraora|Zeraora|51/100
|turn|34
|
|t:|1649193503
|move|p2a: Zeraora|Knock Off|p1a: Blacephalon
|-supereffective|p1a: Blacephalon
|-damage|p1a: Blacephalon|0 fnt
|-enditem|p1a: Blacephalon|Leftovers|[from] move: Knock Off|[of] p2a: Zeraora
|faint|p1a: Blacephalon
|
|upkeep
|
|t:|1649193509
|switch|p1a: Kommo-o|Kommo-o, M|53/100
|turn|35
|
|t:|1649193512
|switch|p2a: Buzzwole|Buzzwole|93/100
|-damage|p2a: Buzzwole|80/100|[from] Stealth Rock
|switch|p1a: Regieleki|Regieleki|100/100
|
|-fieldend|move: Psychic Terrain
|upkeep
|turn|36
|
|t:|1649193519
|switch|p2a: Zeraora|Zeraora|51/100
|move|p1a: Regieleki|Ancient Power|p2a: Zeraora
|-damage|p2a: Zeraora|27/100
|
|upkeep
|turn|37
|
|t:|1649193527
|move|p1a: Regieleki|Ancient Power|p2a: Zeraora
|-damage|p2a: Zeraora|6/100
|-boost|p1a: Regieleki|atk|1
|-boost|p1a: Regieleki|def|1
|-boost|p1a: Regieleki|spa|1
|-boost|p1a: Regieleki|spd|1
|-boost|p1a: Regieleki|spe|1
|move|p2a: Zeraora|Knock Off|p1a: Regieleki
|-damage|p1a: Regieleki|60/100
|-enditem|p1a: Regieleki|Heavy-Duty Boots|[from] move: Knock Off|[of] p2a: Zeraora
|
|upkeep
|turn|38
|j| Amongus24923424
|
|t:|1649193535
|move|p1a: Regieleki|Ancient Power|p2a: Zeraora
|-damage|p2a: Zeraora|0 fnt
|-boost|p1a: Regieleki|atk|1
|-boost|p1a: Regieleki|def|1
|-boost|p1a: Regieleki|spa|1
|-boost|p1a: Regieleki|spd|1
|-boost|p1a: Regieleki|spe|1
|faint|p2a: Zeraora
|
|upkeep
|
|t:|1649193541
|switch|p2a: Buzzwole|Buzzwole|80/100
|-damage|p2a: Buzzwole|68/100|[from] Stealth Rock
|turn|39
|c| Amongus24923424|lol
|
|t:|1649193546
|move|p1a: Regieleki|Thunderbolt|p2a: Buzzwole
|-damage|p2a: Buzzwole|0 fnt
|faint|p2a: Buzzwole
|
|win|pizzalover420
|n|☆pizzalover420|pizzalover420
|n|☆Cryzat|cryzat
|n| TheNewBrends11|thenewbrends11
|n| Amigento1958|amigento1958
|n| Amongus24923424|amongus24923424
|c|☆pizzalover420|gg
|c|☆Cryzat|gg
|l|☆pizzalover420
|l|☆Cryzat
|l| Amongus24923424
|l| Amigento1958
