|j|☆PQPP214
|j|☆lowattentionacc2
|t:|1646187763
|gametype|singles
|player|p1|PQPP214|266|1448
|player|p2|lowattentionacc2|169|1519
|teamsize|p1|6
|teamsize|p2|6
|gen|8
|tier|[Gen 8] OU
|rated|
|rule|Sleep Clause Mod: Limit one foe put to sleep
|rule|Species Clause: Limit one of each Pokémon
|rule|OHKO Clause: OHKO moves are banned
|rule|Evasion Moves Clause: Evasion moves are banned
|rule|Endless Battle Clause: Forcing endless battles is banned
|rule|HP Percentage Mod: HP is shown in percentages
|rule|Dynamax Clause: You cannot dynamax
|clearpoke
|poke|p1|Landorus-Therian, M|
|poke|p1|Tornadus-Therian, M|
|poke|p1|Zeraora|
|poke|p1|Zapdos-Galar|
|poke|p1|Jirachi|
|poke|p1|Toxapex, M|
|poke|p2|Garchomp, F|
|poke|p2|Kartana|
|poke|p2|Blissey, F|
|poke|p2|Heatran, M|
|poke|p2|Volcarona, F|
|poke|p2|Tapu Fini|
|teampreview
|
|t:|1646187773
|start
|switch|p1a: Landorus|Landorus-Therian, M, shiny|100/100
|switch|p2a: Garchomp|Garchomp, F|100/100
|-ability|p1a: Landorus|Intimidate|boost
|-unboost|p2a: Garchomp|atk|1
|turn|1
|
|t:|1646187782
|switch|p2a: Tapu Fini|Tapu Fini|100/100
|-fieldstart|move: Misty Terrain|[from] ability: Misty Surge|[of] p2a: Tapu Fini
|move|p1a: Landorus|Toxic|p2a: Tapu Fini
|-activate|p2a: Tapu Fini|move: Misty Terrain
|
|upkeep
|turn|2
|
|t:|1646187788
|switch|p1a: Jirachi|Jirachi, shiny|100/100
|move|p2a: Tapu Fini|Trick|p1a: Jirachi
|-activate|p2a: Tapu Fini|move: Trick|[of] p1a: Jirachi
|-item|p1a: Jirachi|Choice Scarf|[from] move: Trick
|-item|p2a: Tapu Fini|Leftovers|[from] move: Trick
|
|upkeep
|turn|3
|
|t:|1646187802
|switch|p2a: Garchomp|Garchomp, F|100/100
|move|p1a: Jirachi|U-turn|p2a: Garchomp
|-damage|p2a: Garchomp|83/100
|-damage|p1a: Jirachi|88/100|[from] ability: Rough Skin|[of] p2a: Garchomp
|-damage|p1a: Jirachi|71/100|[from] item: Rocky Helmet|[of] p2a: Garchomp
|
|t:|1646187807
|switch|p1a: Zapdos|Zapdos-Galar|100/100|[from]move: U-turn
|
|upkeep
|turn|4
|
|t:|1646187815
|move|p2a: Garchomp|Stealth Rock|p1a: Zapdos
|-sidestart|p1: PQPP214|move: Stealth Rock
|move|p1a: Zapdos|Brave Bird|p2a: Garchomp
|-damage|p2a: Garchomp|0 fnt
|-damage|p1a: Zapdos|88/100|[from] ability: Rough Skin|[of] p2a: Garchomp
|-damage|p1a: Zapdos|72/100|[from] item: Rocky Helmet|[of] p2a: Garchomp
|faint|p2a: Garchomp
|-damage|p1a: Zapdos|41/100|[from] Recoil
|
|upkeep
|inactive|Battle timer is ON: inactive players will automatically lose when time's up. (requested by PQPP214)
|
|t:|1646187835
|switch|p2a: Tapu Fini|Tapu Fini|100/100
|turn|5
|
|t:|1646187849
|switch|p1a: Toxapex|Toxapex, M, shiny|100/100
|-damage|p1a: Toxapex|88/100|[from] Stealth Rock
|switch|p2a: Heatran|Heatran, M|100/100
|
|-fieldend|Misty Terrain
|upkeep
|turn|6
|
|t:|1646187857
|switch|p1a: Landorus|Landorus-Therian, M, shiny|100/100
|-damage|p1a: Landorus|88/100|[from] Stealth Rock
|-ability|p1a: Landorus|Intimidate|boost
|-unboost|p2a: Heatran|atk|1
|move|p2a: Heatran|Magma Storm|p1a: Landorus
|-damage|p1a: Landorus|49/100
|-activate|p1a: Landorus|move: Magma Storm|[of] p2a: Heatran
|
|-heal|p1a: Landorus|55/100|[from] item: Leftovers
|-damage|p1a: Landorus|42/100|[from] move: Magma Storm|[partiallytrapped]
|upkeep
|turn|7
|inactive|lowattentionacc2 has 120 seconds left.
|
|t:|1646187896
|switch|p2a: Tapu Fini|Tapu Fini|100/100
|-fieldstart|move: Misty Terrain|[from] ability: Misty Surge|[of] p2a: Tapu Fini
|move|p1a: Landorus|Earthquake|p2a: Tapu Fini
|-damage|p2a: Tapu Fini|47/100
|
|-heal|p2a: Tapu Fini|53/100|[from] item: Leftovers
|-heal|p1a: Landorus|48/100|[from] item: Leftovers
|-end|p1a: Landorus|Magma Storm|[partiallytrapped]|[silent]
|upkeep
|turn|8
|
|t:|1646187905
|move|p2a: Tapu Fini|Hydro Pump|p1a: Landorus
|-supereffective|p1a: Landorus
|-damage|p1a: Landorus|0 fnt
|faint|p1a: Landorus
|
|-heal|p2a: Tapu Fini|59/100|[from] item: Leftovers
|upkeep
|
|t:|1646187909
|switch|p1a: Zeraora|Zeraora, shiny|100/100
|turn|9
|
|t:|1646187927
|switch|p2a: Volcarona|Volcarona, F|100/100
|move|p1a: Zeraora|Plasma Fists|p2a: Volcarona
|-damage|p2a: Volcarona|44/100
|-fieldactivate|move: Ion Deluge
|-hint|Normal-type moves become Electric-type after using Plasma Fists.
|
|upkeep
|turn|10
|
|t:|1646187933
|move|p1a: Zeraora|Plasma Fists|p2a: Volcarona
|-damage|p2a: Volcarona|0 fnt
|-fieldactivate|move: Ion Deluge
|-hint|Normal-type moves become Electric-type after using Plasma Fists.
|faint|p2a: Volcarona
|
|upkeep
|
|t:|1646187938
|switch|p2a: Kartana|Kartana|100/100
|turn|11
|
|t:|1646187942
|switch|p1a: Toxapex|Toxapex, M, shiny|100/100
|-damage|p1a: Toxapex|88/100|[from] Stealth Rock
|move|p2a: Kartana|Leaf Blade|p1a: Toxapex
|-damage|p1a: Toxapex|49/100
|-enditem|p1a: Toxapex|Eject Button
|
|t:|1646187952
|switch|p1a: Tornadus|Tornadus-Therian, M, shiny|100/100
|
|-fieldend|Misty Terrain
|upkeep
|turn|12
|
|t:|1646187960
|move|p1a: Tornadus|Knock Off|p2a: Kartana
|-damage|p2a: Kartana|79/100
|-enditem|p2a: Kartana|Expert Belt|[from] move: Knock Off|[of] p1a: Tornadus
|move|p2a: Kartana|Swords Dance|p2a: Kartana
|-boost|p2a: Kartana|atk|2
|
|upkeep
|turn|13
|
|t:|1646187966
|move|p1a: Tornadus|Heat Wave|p2a: Kartana
|-supereffective|p2a: Kartana
|-damage|p2a: Kartana|0 fnt
|faint|p2a: Kartana
|
|upkeep
|
|t:|1646187968
|switch|p2a: Heatran|Heatran, M|100/100
|turn|14
|
|t:|1646187981
|move|p1a: Tornadus|Knock Off|p2a: Heatran
|-damage|p2a: Heatran|79/100
|-enditem|p2a: Heatran|Leftovers|[from] move: Knock Off|[of] p1a: Tornadus
|move|p2a: Heatran|Magma Storm|p1a: Tornadus
|-damage|p1a: Tornadus|46/100
|-activate|p1a: Tornadus|move: Magma Storm|[of] p2a: Heatran
|
|-damage|p1a: Tornadus|33/100|[from] move: Magma Storm|[partiallytrapped]
|upkeep
|turn|15
|
|t:|1646187988
|move|p1a: Tornadus|U-turn|p2a: Heatran
|-resisted|p2a: Heatran
|-damage|p2a: Heatran|76/100
|
|t:|1646187990
|switch|p1a: Toxapex|Toxapex, M, shiny|83/100|[from]move: U-turn
|-damage|p1a: Toxapex|70/100|[from] Stealth Rock
|move|p2a: Heatran|Magma Storm|p1a: Toxapex|[miss]
|-miss|p2a: Heatran|p1a: Toxapex
|
|upkeep
|turn|16
|
|t:|1646187997
|move|p2a: Heatran|Magma Storm|p1a: Toxapex
|-resisted|p1a: Toxapex
|-damage|p1a: Toxapex|48/100
|-activate|p1a: Toxapex|move: Magma Storm|[of] p2a: Heatran
|move|p1a: Toxapex|Scald|p2a: Heatran
|-supereffective|p2a: Heatran
|-damage|p2a: Heatran|41/100
|
|-damage|p1a: Toxapex|35/100|[from] move: Magma Storm|[partiallytrapped]
|upkeep
|turn|17
|
|t:|1646188000
|move|p2a: Heatran|Earth Power|p1a: Toxapex
|-supereffective|p1a: Toxapex
|-damage|p1a: Toxapex|0 fnt
|faint|p1a: Toxapex
|
|upkeep
|
|t:|1646188009
|switch|p1a: Zapdos|Zapdos-Galar|41/100
|-damage|p1a: Zapdos|29/100|[from] Stealth Rock
|turn|18
|
|t:|1646188013
|move|p1a: Zapdos|Close Combat|p2a: Heatran
|-supereffective|p2a: Heatran
|-damage|p2a: Heatran|0 fnt
|-unboost|p1a: Zapdos|def|1
|-unboost|p1a: Zapdos|spd|1
|faint|p2a: Heatran
|
|upkeep
|
|t:|1646188016
|switch|p2a: Tapu Fini|Tapu Fini|59/100
|-fieldstart|move: Misty Terrain|[from] ability: Misty Surge|[of] p2a: Tapu Fini
|turn|19
|
|t:|1646188021
|switch|p1a: Jirachi|Jirachi, shiny|71/100
|-damage|p1a: Jirachi|65/100|[from] Stealth Rock
|move|p2a: Tapu Fini|Hydro Pump|p1a: Jirachi|[miss]
|-miss|p2a: Tapu Fini|p1a: Jirachi
|
|-heal|p2a: Tapu Fini|65/100|[from] item: Leftovers
|upkeep
|turn|20
|
|t:|1646188032
|move|p1a: Jirachi|Iron Head|p2a: Tapu Fini
|-damage|p2a: Tapu Fini|38/100
|cant|p2a: Tapu Fini|flinch
|
|-heal|p2a: Tapu Fini|44/100|[from] item: Leftovers
|upkeep
|turn|21
|
|t:|1646188036
|move|p1a: Jirachi|Iron Head|p2a: Tapu Fini
|-damage|p2a: Tapu Fini|16/100
|move|p2a: Tapu Fini|Hydro Pump|p1a: Jirachi
|-damage|p1a: Jirachi|34/100
|
|-heal|p2a: Tapu Fini|22/100|[from] item: Leftovers
|upkeep
|turn|22
|
|t:|1646188040
|move|p1a: Jirachi|Iron Head|p2a: Tapu Fini
|-damage|p2a: Tapu Fini|0 fnt
|faint|p2a: Tapu Fini
|
|upkeep
|
|t:|1646188042
|switch|p2a: Blissey|Blissey, F|100/100
|turn|23
|
|t:|1646188045
|move|p1a: Jirachi|Iron Head|p2a: Blissey
|-damage|p2a: Blissey|78/100
|move|p2a: Blissey|Seismic Toss|p1a: Jirachi
|-damage|p1a: Jirachi|10/100
|
|-fieldend|Misty Terrain
|upkeep
|turn|24
|
|t:|1646188048
|move|p1a: Jirachi|Iron Head|p2a: Blissey
|-damage|p2a: Blissey|53/100
|cant|p2a: Blissey|flinch
|
|upkeep
|turn|25
|
|t:|1646188052
|move|p1a: Jirachi|Iron Head|p2a: Blissey
|-damage|p2a: Blissey|30/100
|cant|p2a: Blissey|flinch
|
|upkeep
|turn|26
|
|t:|1646188055
|move|p1a: Jirachi|Iron Head|p2a: Blissey
|-damage|p2a: Blissey|6/100
|move|p2a: Blissey|Soft-Boiled|p2a: Blissey
|-heal|p2a: Blissey|56/100
|
|upkeep
|turn|27
|
|t:|1646188058
|move|p1a: Jirachi|Iron Head|p2a: Blissey
|-damage|p2a: Blissey|30/100
|cant|p2a: Blissey|flinch
|
|upkeep
|turn|28
|
|t:|1646188060
|move|p1a: Jirachi|Iron Head|p2a: Blissey
|-damage|p2a: Blissey|5/100
|move|p2a: Blissey|Soft-Boiled|p2a: Blissey
|-heal|p2a: Blissey|55/100
|
|upkeep
|turn|29
|
|t:|1646188062
|move|p1a: Jirachi|Iron Head|p2a: Blissey
|-damage|p2a: Blissey|29/100
|cant|p2a: Blissey|flinch
|
|upkeep
|turn|30
|
|t:|1646188066
|move|p1a: Jirachi|Iron Head|p2a: Blissey
|-damage|p2a: Blissey|5/100
|move|p2a: Blissey|Soft-Boiled|p2a: Blissey
|-heal|p2a: Blissey|55/100
|
|upkeep
|turn|31
|
|t:|1646188070
|move|p1a: Jirachi|Iron Head|p2a: Blissey
|-damage|p2a: Blissey|32/100
|cant|p2a: Blissey|flinch
|
|upkeep
|turn|32
|
|t:|1646188073
|move|p1a: Jirachi|Iron Head|p2a: Blissey
|-damage|p2a: Blissey|9/100
|move|p2a: Blissey|Soft-Boiled|p2a: Blissey
|-heal|p2a: Blissey|59/100
|
|upkeep
|turn|33
|
|t:|1646188075
|move|p1a: Jirachi|Iron Head|p2a: Blissey
|-damage|p2a: Blissey|36/100
|cant|p2a: Blissey|flinch
|
|upkeep
|turn|34
|
|t:|1646188077
|move|p1a: Jirachi|Iron Head|p2a: Blissey
|-damage|p2a: Blissey|11/100
|move|p2a: Blissey|Soft-Boiled|p2a: Blissey
|-heal|p2a: Blissey|61/100
|
|upkeep
|turn|35
|
|t:|1646188079
|move|p1a: Jirachi|Iron Head|p2a: Blissey
|-damage|p2a: Blissey|37/100
|move|p2a: Blissey|Soft-Boiled|p2a: Blissey
|-heal|p2a: Blissey|87/100
|
|upkeep
|turn|36
|
|t:|1646188082
|move|p1a: Jirachi|Iron Head|p2a: Blissey
|-damage|p2a: Blissey|64/100
|move|p2a: Blissey|Seismic Toss|p1a: Jirachi
|-damage|p1a: Jirachi|0 fnt
|faint|p1a: Jirachi
|
|upkeep
|
|t:|1646188085
|switch|p1a: Zapdos|Zapdos-Galar|29/100
|-damage|p1a: Zapdos|16/100|[from] Stealth Rock
|turn|37
|
|t:|1646188088
|move|p1a: Zapdos|Close Combat|p2a: Blissey
|-supereffective|p2a: Blissey
|-damage|p2a: Blissey|0 fnt
|-unboost|p1a: Zapdos|def|1
|-unboost|p1a: Zapdos|spd|1
|faint|p2a: Blissey
|
|win|PQPP214
|raw|PQPP214's rating: 1448 &rarr; <strong>1473</strong><br />(+25 for winning)
|raw|lowattentionacc2's rating: 1535 &rarr; <strong>1510</strong><br />(-25 for losing)
|l|☆lowattentionacc2
