|j|☆pokebizness
|j|☆IIIodyne
|t:|1664836276
|gametype|singles
|player|p1|pokebizness|dragontamer|1681
|player|p2|IIIodyne|2|1713
|teamsize|p1|6
|teamsize|p2|6
|gen|8
|tier|[Gen 8] OU
|rated|
|rule|Sleep Clause Mod: Limit one foe put to sleep
|rule|Species Clause: Limit one of each Pokémon
|rule|OHKO Clause: OHKO moves are banned
|rule|Evasion Items Clause: Evasion items are banned
|rule|Evasion Moves Clause: Evasion moves are banned
|rule|Endless Battle Clause: Forcing endless battles is banned
|rule|HP Percentage Mod: HP is shown in percentages
|rule|Dynamax Clause: You cannot dynamax
|clearpoke
|poke|p1|Blaziken, F|
|poke|p1|Mimikyu, F|
|poke|p1|Zapdos|
|poke|p1|Nidoqueen, F|
|poke|p1|Kartana|
|poke|p1|Ribombee, M|
|poke|p2|Snorlax, F|
|poke|p2|Suicune|
|poke|p2|Melmetal|
|poke|p2|Victini|
|poke|p2|Landorus-Therian, M|
|poke|p2|Zapdos|
|teampreview
|inactive|Battle timer is ON: inactive players will automatically lose when time's up. (requested by pokebizness)
|
|t:|1664836297
|start
|switch|p1a: Nidoqueen|Nidoqueen, F|100/100
|switch|p2a: Melmetal|Melmetal|100/100
|turn|1
|
|t:|1664836300
|move|p1a: Nidoqueen|Earth Power|p2a: Melmetal
|-supereffective|p2a: Melmetal
|-damage|p2a: Melmetal|22/100
|move|p2a: Melmetal|Double Iron Bash|p1a: Nidoqueen
|-damage|p1a: Nidoqueen|48/100
|-damage|p1a: Nidoqueen|0 fnt
|faint|p1a: Nidoqueen
|-hitcount|p1: Nidoqueen|2
|
|upkeep
|
|t:|1664836311
|switch|p1a: Mimikyu|Mimikyu, F|100/100
|turn|2
|
|t:|1664836339
|move|p1a: Mimikyu|Drain Punch|p2a: Melmetal
|-supereffective|p2a: Melmetal
|-damage|p2a: Melmetal|0 fnt
|faint|p2a: Melmetal
|-damage|p1a: Mimikyu|91/100|[from] item: Life Orb
|
|upkeep
|
|t:|1664836341
|switch|p2a: Landorus|Landorus-Therian, M|100/100
|-ability|p2a: Landorus|Intimidate|boost
|-unboost|p1a: Mimikyu|atk|1
|turn|3
|
|t:|1664836345
|move|p2a: Landorus|U-turn|p1a: Mimikyu
|-activate|p1a: Mimikyu|ability: Disguise
|-damage|p1a: Mimikyu|91/100
|detailschange|p1a: Mimikyu|Mimikyu-Busted, F
|-damage|p1a: Mimikyu|78/100|[from] pokemon: Mimikyu-Busted
|
|t:|1664836354
|switch|p2a: Suicune|Suicune|100/100|[from]move: U-turn
|-ability|p2a: Suicune|Pressure
|move|p1a: Mimikyu|Swords Dance|p1a: Mimikyu
|-boost|p1a: Mimikyu|atk|2
|
|upkeep
|turn|4
|
|t:|1664836361
|move|p1a: Mimikyu|Play Rough|p2a: Suicune
|-damage|p2a: Suicune|59/100
|-damage|p1a: Mimikyu|68/100|[from] item: Life Orb
|move|p2a: Suicune|Scald|p1a: Mimikyu
|-damage|p1a: Mimikyu|37/100
|
|-heal|p2a: Suicune|66/100|[from] item: Leftovers
|upkeep
|turn|5
|j| cHiCo
|
|t:|1664836400
|switch|p1a: Zapdos|Zapdos|100/100
|move|p2a: Suicune|Scald|p1a: Zapdos
|-damage|p1a: Zapdos|72/100
|-status|p1a: Zapdos|brn
|
|-heal|p2a: Suicune|72/100|[from] item: Leftovers
|-damage|p1a: Zapdos|66/100 brn|[from] brn
|upkeep
|turn|6
|
|t:|1664836405
|switch|p2a: Snorlax|Snorlax, F|100/100
|move|p1a: Zapdos|Discharge|p2a: Snorlax
|-damage|p2a: Snorlax|83/100
|-status|p2a: Snorlax|par
|
|-heal|p2a: Snorlax|89/100 par|[from] item: Leftovers
|-damage|p1a: Zapdos|60/100 brn|[from] brn
|upkeep
|turn|7
|
|t:|1664836410
|switch|p1a: Mimikyu|Mimikyu-Busted, F|37/100
|cant|p2a: Snorlax|par
|
|-heal|p2a: Snorlax|95/100 par|[from] item: Leftovers
|upkeep
|turn|8
|
|t:|1664836415
|switch|p2a: Landorus|Landorus-Therian, M|100/100
|-ability|p2a: Landorus|Intimidate|boost
|-unboost|p1a: Mimikyu|atk|1
|move|p1a: Mimikyu|Swords Dance|p1a: Mimikyu
|-boost|p1a: Mimikyu|atk|2
|
|upkeep
|turn|9
|
|t:|1664836421
|move|p2a: Landorus|Knock Off|p1a: Mimikyu
|-crit|p1a: Mimikyu
|-damage|p1a: Mimikyu|0 fnt
|-enditem|p1a: Mimikyu|Life Orb|[from] move: Knock Off|[of] p2a: Landorus
|faint|p1a: Mimikyu
|
|upkeep
|
|t:|1664836436
|switch|p1a: Zapdos|Zapdos|60/100 brn
|turn|10
|
|t:|1664836446
|move|p2a: Landorus|Knock Off|p1a: Zapdos
|-damage|p1a: Zapdos|19/100 brn
|-enditem|p1a: Zapdos|Heavy-Duty Boots|[from] move: Knock Off|[of] p2a: Landorus
|move|p1a: Zapdos|Hurricane|p2a: Landorus|[miss]
|-miss|p1a: Zapdos|p2a: Landorus
|
|-damage|p1a: Zapdos|13/100 brn|[from] brn
|upkeep
|turn|11
|
|t:|1664836454
|move|p2a: Landorus|Knock Off|p1a: Zapdos
|-crit|p1a: Zapdos
|-damage|p1a: Zapdos|0 fnt
|-status|p2a: Landorus|par|[from] ability: Static|[of] p1a: Zapdos
|faint|p1a: Zapdos
|
|upkeep
|
|t:|1664836461
|switch|p1a: Kartana|Kartana|100/100
|turn|12
|
|t:|1664836463
|switch|p2a: Zapdos|Zapdos|100/100
|move|p1a: Kartana|Knock Off|p2a: Zapdos
|-damage|p2a: Zapdos|40/100
|-enditem|p2a: Zapdos|Heavy-Duty Boots|[from] move: Knock Off|[of] p1a: Kartana
|-damage|p1a: Kartana|91/100|[from] item: Life Orb
|
|upkeep
|turn|13
|
|t:|1664836472
|move|p1a: Kartana|Leaf Blade|p2a: Zapdos
|-resisted|p2a: Zapdos
|-damage|p2a: Zapdos|0 fnt
|faint|p2a: Zapdos
|-ability|p1a: Kartana|Beast Boost|boost
|-boost|p1a: Kartana|atk|1
|-damage|p1a: Kartana|81/100|[from] item: Life Orb
|
|upkeep
|
|t:|1664836476
|switch|p2a: Landorus|Landorus-Therian, M|100/100 par
|-ability|p2a: Landorus|Intimidate|boost
|-unboost|p1a: Kartana|atk|1
|turn|14
|
|t:|1664836481
|move|p1a: Kartana|Knock Off|p2a: Landorus
|-damage|p2a: Landorus|31/100 par
|-enditem|p2a: Landorus|Choice Scarf|[from] move: Knock Off|[of] p1a: Kartana
|-damage|p1a: Kartana|72/100|[from] item: Life Orb
|cant|p2a: Landorus|par
|
|upkeep
|turn|15
|
|t:|1664836489
|move|p1a: Kartana|Leaf Blade|p2a: Landorus
|-damage|p2a: Landorus|0 fnt
|faint|p2a: Landorus
|-ability|p1a: Kartana|Beast Boost|boost
|-boost|p1a: Kartana|atk|1
|-damage|p1a: Kartana|62/100|[from] item: Life Orb
|
|upkeep
|
|t:|1664836494
|switch|p2a: Snorlax|Snorlax, F|95/100 par
|turn|16
|
|t:|1664836497
|move|p1a: Kartana|Knock Off|p2a: Snorlax
|-damage|p2a: Snorlax|19/100 par
|-enditem|p2a: Snorlax|Leftovers|[from] move: Knock Off|[of] p1a: Kartana
|-damage|p1a: Kartana|52/100|[from] item: Life Orb
|move|p2a: Snorlax|Heat Crash|p1a: Kartana
|-supereffective|p1a: Kartana
|-damage|p1a: Kartana|0 fnt
|faint|p1a: Kartana
|
|upkeep
|
|t:|1664836508
|switch|p1a: Ribombee|Ribombee, M|100/100
|turn|17
|
|t:|1664836529
|move|p1a: Ribombee|Moonblast|p2a: Snorlax
|-damage|p2a: Snorlax|1/100 par
|cant|p2a: Snorlax|par
|
|upkeep
|turn|18
|
|t:|1664836533
|move|p1a: Ribombee|Moonblast|p2a: Snorlax
|-damage|p2a: Snorlax|0 fnt
|faint|p2a: Snorlax
|
|upkeep
|
|t:|1664836546
|switch|p2a: Victini|Victini|100/100
|turn|19
|
|t:|1664836556
|move|p1a: Ribombee|Bug Buzz|p2a: Victini
|-damage|p2a: Victini|64/100
|move|p2a: Victini|Trick|p1a: Ribombee
|-activate|p2a: Victini|move: Trick|[of] p1a: Ribombee
|-item|p1a: Ribombee|Choice Band|[from] move: Trick
|-item|p2a: Victini|Focus Sash|[from] move: Trick
|
|upkeep
|turn|20
|
|t:|1664836562
|move|p1a: Ribombee|Bug Buzz|p2a: Victini
|-damage|p2a: Victini|24/100
|move|p2a: Victini|V-create|p1a: Ribombee
|-supereffective|p1a: Ribombee
|-damage|p1a: Ribombee|0 fnt
|-unboost|p2a: Victini|spe|1
|-unboost|p2a: Victini|def|1
|-unboost|p2a: Victini|spd|1
|faint|p1a: Ribombee
|
|upkeep
|
|t:|1664836568
|switch|p1a: Blaziken|Blaziken, F|100/100
|turn|21
|
|t:|1664836573
|move|p1a: Blaziken|Protect|p1a: Blaziken
|-singleturn|p1a: Blaziken|Protect
|move|p2a: Victini|V-create|p1a: Blaziken
|-activate|p1a: Blaziken|move: Protect
|
|-ability|p1a: Blaziken|Speed Boost|boost
|-boost|p1a: Blaziken|spe|1
|upkeep
|turn|22
|
|t:|1664836584
|move|p1a: Blaziken|Thunder Punch|p2a: Victini
|-damage|p2a: Victini|0 fnt
|faint|p2a: Victini
|-damage|p1a: Blaziken|91/100|[from] item: Life Orb
|
|-ability|p1a: Blaziken|Speed Boost|boost
|-boost|p1a: Blaziken|spe|1
|upkeep
|
|t:|1664836588
|switch|p2a: Suicune|Suicune|72/100
|-ability|p2a: Suicune|Pressure
|turn|23
|
|t:|1664836590
|move|p1a: Blaziken|Thunder Punch|p2a: Suicune
|-supereffective|p2a: Suicune
|-damage|p2a: Suicune|34/100
|-damage|p1a: Blaziken|81/100|[from] item: Life Orb
|move|p2a: Suicune|Scald|p1a: Blaziken
|-supereffective|p1a: Blaziken
|-damage|p1a: Blaziken|10/100
|
|-heal|p2a: Suicune|40/100|[from] item: Leftovers
|-ability|p1a: Blaziken|Speed Boost|boost
|-boost|p1a: Blaziken|spe|1
|upkeep
|turn|24
|
|t:|1664836595
|move|p1a: Blaziken|Thunder Punch|p2a: Suicune
|-supereffective|p2a: Suicune
|-damage|p2a: Suicune|0 fnt
|faint|p2a: Suicune
|-damage|p1a: Blaziken|0 fnt|[from] item: Life Orb
|faint|p1a: Blaziken
|
|win|pokebizness
|raw|pokebizness's rating: 1681 &rarr; <strong>1703</strong><br />(+22 for winning)
|raw|IIIodyne's rating: 1713 &rarr; <strong>1691</strong><br />(-22 for losing)
|c|☆pokebizness|GG
|c|☆IIIodyne|lol
|c|☆IIIodyne|gg
