|j|‽Delibird Heart
|j|☆OPJellicent❤️
|t:|1652950792
|gametype|singles
|player|p1|Delibird Heart|koga-gen1|1753
|player|p2|OPJellicent❤️|lucas-gen4pt|1812
|teamsize|p1|6
|teamsize|p2|6
|gen|8
|tier|[Gen 8] OU
|rated|
|rule|Sleep Clause Mod: Limit one foe put to sleep
|rule|Species Clause: Limit one of each Pokémon
|rule|OHKO Clause: OHKO moves are banned
|rule|Evasion Moves Clause: Evasion moves are banned
|rule|Endless Battle Clause: Forcing endless battles is banned
|rule|HP Percentage Mod: HP is shown in percentages
|rule|Dynamax Clause: You cannot dynamax
|clearpoke
|poke|p1|Ninetales-Alola, F|
|poke|p1|Arctozolt|
|poke|p1|Blissey, F|
|poke|p1|Zapdos|
|poke|p1|Garchomp, F|
|poke|p1|Ferrothorn, F|
|poke|p2|Landorus-Therian, M|
|poke|p2|Weavile, M|
|poke|p2|Ferrothorn, M|
|poke|p2|Zapdos|
|poke|p2|Urshifu-*, M|
|poke|p2|Volcarona, M|
|teampreview
|inactive|Battle timer is ON: inactive players will automatically lose when time's up. (requested by Delibird Heart)
|
|t:|1652950799
|start
|switch|p1a: Ferrothorn|Ferrothorn, F|100/100
|switch|p2a: Weavile|Weavile, M|100/100
|-ability|p2a: Weavile|Pressure
|turn|1
|
|t:|1652950802
|switch|p2a: Zapdos|Zapdos|100/100
|move|p1a: Ferrothorn|Knock Off|p2a: Zapdos
|-damage|p2a: Zapdos|74/100
|-enditem|p2a: Zapdos|Choice Specs|[from] move: Knock Off|[of] p1a: Ferrothorn
|
|upkeep
|turn|2
|
|t:|1652950809
|switch|p1a: Blissey|Blissey, F|100/100
|move|p2a: Zapdos|Heat Wave|p1a: Blissey|[miss]
|-miss|p2a: Zapdos|p1a: Blissey
|
|upkeep
|turn|3
|
|t:|1652950814
|move|p2a: Zapdos|Volt Switch|p1a: Blissey
|-damage|p1a: Blissey|87/100
|
|t:|1652950816
|switch|p2a: Ferrothorn|Ferrothorn, M|100/100|[from]move: Volt Switch
|move|p1a: Blissey|Teleport|p1a: Blissey
|
|t:|1652950822
|switch|p1a: Ferrothorn|Ferrothorn, F|100/100|[from]move: Teleport
|
|upkeep
|turn|4
|j| Raining drawing
|
|t:|1652950826
|move|p2a: Ferrothorn|Stealth Rock|p1a: Ferrothorn
|-sidestart|p1: Delibird Heart|move: Stealth Rock
|move|p1a: Ferrothorn|Spikes|p2a: Ferrothorn
|-sidestart|p2: OPJellicent❤️|Spikes
|
|upkeep
|turn|5
|
|t:|1652950832
|move|p2a: Ferrothorn|Iron Defense|p2a: Ferrothorn
|-boost|p2a: Ferrothorn|def|2
|move|p1a: Ferrothorn|Knock Off|p2a: Ferrothorn
|-damage|p2a: Ferrothorn|94/100
|-damage|p1a: Ferrothorn|88/100|[from] ability: Iron Barbs|[of] p2a: Ferrothorn
|-enditem|p2a: Ferrothorn|Leftovers|[from] move: Knock Off|[of] p1a: Ferrothorn
|
|-heal|p1a: Ferrothorn|94/100|[from] item: Leftovers
|upkeep
|turn|6
|
|t:|1652950835
|switch|p1a: Zapdos|Zapdos|100/100
|move|p2a: Ferrothorn|Body Press|p1a: Zapdos
|-resisted|p1a: Zapdos
|-damage|p1a: Zapdos|80/100
|
|upkeep
|turn|7
|
|t:|1652950841
|switch|p2a: Landorus|Landorus-Therian, M|100/100
|-ability|p2a: Landorus|Intimidate|boost
|-unboost|p1a: Zapdos|atk|1
|move|p1a: Zapdos|Heat Wave|p2a: Landorus|[miss]
|-miss|p1a: Zapdos|p2a: Landorus
|
|upkeep
|turn|8
|
|t:|1652950845
|switch|p1a: Garchomp|Garchomp, F|100/100
|-damage|p1a: Garchomp|94/100|[from] Stealth Rock
|move|p2a: Landorus|Toxic|p1a: Garchomp
|-status|p1a: Garchomp|tox
|
|-damage|p1a: Garchomp|88/100 tox|[from] psn
|upkeep
|turn|9
|
|t:|1652950848
|move|p1a: Garchomp|Stealth Rock|p2a: Landorus
|-sidestart|p2: OPJellicent❤️|move: Stealth Rock
|move|p2a: Landorus|Defog|p1a: Garchomp
|-unboost|p1a: Garchomp|evasion|1
|-sideend|p1: Delibird Heart|Stealth Rock|[from] move: Defog|[of] p2a: Landorus
|-sideend|p2: OPJellicent❤️|Spikes|[from] move: Defog|[of] p2a: Landorus
|-sideend|p2: OPJellicent❤️|Stealth Rock|[from] move: Defog|[of] p2a: Landorus
|
|-damage|p1a: Garchomp|76/100 tox|[from] psn
|upkeep
|turn|10
|
|t:|1652950855
|move|p1a: Garchomp|Stealth Rock|p2a: Landorus
|-sidestart|p2: OPJellicent❤️|move: Stealth Rock
|move|p2a: Landorus|Earthquake|p1a: Garchomp
|-damage|p1a: Garchomp|38/100 tox
|
|-damage|p1a: Garchomp|20/100 tox|[from] psn
|upkeep
|turn|11
|
|t:|1652950858
|move|p1a: Garchomp|Toxic|p2a: Landorus
|-status|p2a: Landorus|tox
|move|p2a: Landorus|Defog|p1a: Garchomp
|-unboost|p1a: Garchomp|evasion|1
|-sideend|p2: OPJellicent❤️|Stealth Rock|[from] move: Defog|[of] p2a: Landorus
|
|-damage|p1a: Garchomp|0 fnt|[from] psn
|faint|p1a: Garchomp
|-damage|p2a: Landorus|94/100 tox|[from] psn
|upkeep
|
|t:|1652950863
|switch|p1a: Ninetales|Ninetales-Alola, F|100/100
|-weather|Hail|[from] ability: Snow Warning|[of] p1a: Ninetales
|turn|12
|
|t:|1652950867
|switch|p1a: Blissey|Blissey, F|87/100
|move|p2a: Landorus|U-turn|p1a: Blissey
|-damage|p1a: Blissey|67/100
|
|t:|1652950870
|switch|p2a: Urshifu|Urshifu-Rapid-Strike, M|100/100|[from]move: U-turn
|
|-weather|Hail|[upkeep]
|-damage|p2a: Urshifu|94/100|[from] Hail
|-damage|p1a: Blissey|61/100|[from] Hail
|upkeep
|turn|13
|
|t:|1652950874
|switch|p1a: Zapdos|Zapdos|80/100
|move|p2a: Urshifu|Surging Strikes|p1a: Zapdos
|-crit|p1a: Zapdos
|-damage|p1a: Zapdos|65/100
|-crit|p1a: Zapdos
|-damage|p1a: Zapdos|50/100
|-crit|p1a: Zapdos
|-damage|p1a: Zapdos|36/100
|-hitcount|p1a: Zapdos|3
|
|-weather|Hail|[upkeep]
|-damage|p2a: Urshifu|88/100|[from] Hail
|-damage|p1a: Zapdos|30/100|[from] Hail
|upkeep
|turn|14
|
|t:|1652950878
|switch|p2a: Landorus|Landorus-Therian, M|94/100 tox
|-ability|p2a: Landorus|Intimidate|boost
|-unboost|p1a: Zapdos|atk|1
|move|p1a: Zapdos|Roost|p1a: Zapdos
|-heal|p1a: Zapdos|80/100
|-singleturn|p1a: Zapdos|move: Roost
|
|-weather|Hail|[upkeep]
|-damage|p1a: Zapdos|74/100|[from] Hail
|-damage|p2a: Landorus|88/100 tox|[from] Hail
|-heal|p2a: Landorus|94/100 tox|[from] item: Leftovers
|-damage|p2a: Landorus|88/100 tox|[from] psn
|upkeep
|turn|15
|j| Jelly cookie
|
|t:|1652950886
|switch|p1a: Ferrothorn|Ferrothorn, F|94/100
|move|p2a: Landorus|U-turn|p1a: Ferrothorn
|-damage|p1a: Ferrothorn|81/100
|-damage|p2a: Landorus|76/100 tox|[from] ability: Iron Barbs|[of] p1a: Ferrothorn
|
|t:|1652950889
|switch|p2a: Volcarona|Volcarona, M|100/100|[from]move: U-turn
|
|-weather|Hail|[upkeep]
|-damage|p2a: Volcarona|94/100|[from] Hail
|-damage|p1a: Ferrothorn|75/100|[from] Hail
|-heal|p1a: Ferrothorn|81/100|[from] item: Leftovers
|upkeep
|turn|16
|
|t:|1652950895
|move|p2a: Volcarona|Quiver Dance|p2a: Volcarona
|-boost|p2a: Volcarona|spa|1
|-boost|p2a: Volcarona|spd|1
|-boost|p2a: Volcarona|spe|1
|move|p1a: Ferrothorn|Knock Off|p2a: Volcarona
|-damage|p2a: Volcarona|72/100
|-status|p1a: Ferrothorn|brn|[from] ability: Flame Body|[of] p2a: Volcarona
|-enditem|p2a: Volcarona|Heavy-Duty Boots|[from] move: Knock Off|[of] p1a: Ferrothorn
|
|-weather|Hail|[upkeep]
|-damage|p2a: Volcarona|66/100|[from] Hail
|-damage|p1a: Ferrothorn|75/100 brn|[from] Hail
|-heal|p1a: Ferrothorn|81/100 brn|[from] item: Leftovers
|-damage|p1a: Ferrothorn|75/100 brn|[from] brn
|upkeep
|turn|17
|
|t:|1652950899
|switch|p1a: Blissey|Blissey, F|61/100
|move|p2a: Volcarona|Quiver Dance|p2a: Volcarona
|-boost|p2a: Volcarona|spa|1
|-boost|p2a: Volcarona|spd|1
|-boost|p2a: Volcarona|spe|1
|
|-weather|Hail|[upkeep]
|-damage|p2a: Volcarona|59/100|[from] Hail
|-damage|p1a: Blissey|55/100|[from] Hail
|upkeep
|turn|18
|
|t:|1652950901
|move|p2a: Volcarona|Safeguard|p2a: Volcarona
|-sidestart|p2: OPJellicent❤️|Safeguard
|move|p1a: Blissey|Soft-Boiled|p1a: Blissey
|-heal|p1a: Blissey|100/100
|
|-weather|Hail|[upkeep]
|-damage|p2a: Volcarona|53/100|[from] Hail
|-damage|p1a: Blissey|94/100|[from] Hail
|upkeep
|turn|19
|
|t:|1652950904
|move|p2a: Volcarona|Roost|p2a: Volcarona
|-heal|p2a: Volcarona|100/100
|-singleturn|p2a: Volcarona|move: Roost
|move|p1a: Blissey|Seismic Toss|p2a: Volcarona
|-damage|p2a: Volcarona|74/100
|
|-weather|none
|upkeep
|turn|20
|
|t:|1652950906
|move|p2a: Volcarona|Quiver Dance|p2a: Volcarona
|-boost|p2a: Volcarona|spa|1
|-boost|p2a: Volcarona|spd|1
|-boost|p2a: Volcarona|spe|1
|move|p1a: Blissey|Seismic Toss|p2a: Volcarona
|-damage|p2a: Volcarona|47/100
|-status|p1a: Blissey|brn|[from] ability: Flame Body|[of] p2a: Volcarona
|
|-damage|p1a: Blissey|88/100 brn|[from] brn
|upkeep
|turn|21
|
|t:|1652950909
|move|p2a: Volcarona|Quiver Dance|p2a: Volcarona
|-boost|p2a: Volcarona|spa|1
|-boost|p2a: Volcarona|spd|1
|-boost|p2a: Volcarona|spe|1
|move|p1a: Blissey|Seismic Toss|p2a: Volcarona
|-damage|p2a: Volcarona|20/100
|
|-damage|p1a: Blissey|82/100 brn|[from] brn
|upkeep
|turn|22
|-message|Delibird Heart forfeited.
|
|win|OPJellicent❤️
|raw|Delibird Heart's rating: 1753 &rarr; <strong>1736</strong><br />(-17 for losing)
|raw|OPJellicent❤️'s rating: 1812 &rarr; <strong>1829</strong><br />(+17 for winning)
|l|‽Delibird Heart
