|j|☆NeoNaruto®++
|j|☆Stazi
|t:|1613391641
|player|p1|NeoNaruto®++|medium|1729
|player|p2|Stazi|rocketgrunt|1718
|teamsize|p1|6
|teamsize|p2|6
|gametype|singles
|gen|8
|tier|[Gen 8] OU
|rated|
|clearpoke
|poke|p1|Landorus-Therian, M|
|poke|p1|Slowbro, M|
|poke|p1|Tapu Koko|
|poke|p1|Dragonite, F|
|poke|p1|Darmanitan, F|
|poke|p1|Tyranitar, M|
|poke|p2|Landorus-Therian, M|
|poke|p2|Kartana|
|poke|p2|Magnezone|
|poke|p2|Dragapult, F|
|poke|p2|Heatran, M|
|poke|p2|Tapu Fini|
|rule|Sleep Clause Mod: Limit one foe put to sleep
|rule|Species Clause: Limit one of each Pokémon
|rule|OHKO Clause: OHKO moves are banned
|rule|Evasion Moves Clause: Evasion moves are banned
|rule|Endless Battle Clause: Forcing endless battles is banned
|rule|HP Percentage Mod: HP is shown in percentages
|rule|Dynamax Clause: You cannot dynamax
|teampreview
|inactive|Battle timer is ON: inactive players will automatically lose when time's up. (requested by NeoNaruto®++)
|
|t:|1613391648
|start
|switch|p1a: Bernie Landers|Landorus-Therian, M|100/100
|switch|p2a: Landorus|Landorus-Therian, M|100/100
|-ability|p2a: Landorus|Intimidate|boost
|-unboost|p1a: Bernie Landers|atk|1
|-ability|p1a: Bernie Landers|Intimidate|boost
|-unboost|p2a: Landorus|atk|1
|turn|1
|
|t:|1613391652
|move|p2a: Landorus|Toxic|p1a: Bernie Landers
|-status|p1a: Bernie Landers|tox
|move|p1a: Bernie Landers|Knock Off|p2a: Landorus
|-damage|p2a: Landorus|84/100
|-enditem|p2a: Landorus|Leftovers|[from] move: Knock Off|[of] p1a: Bernie Landers
|
|-damage|p1a: Bernie Landers|94/100 tox|[from] psn
|upkeep
|turn|2
|
|t:|1613391654
|move|p2a: Landorus|Stealth Rock|p1a: Bernie Landers
|-sidestart|p1: NeoNaruto®++|move: Stealth Rock
|move|p1a: Bernie Landers|Stealth Rock|p2a: Landorus
|-sidestart|p2: Stazi|move: Stealth Rock
|
|-damage|p1a: Bernie Landers|82/100 tox|[from] psn
|upkeep
|turn|3
|
|t:|1613391656
|move|p2a: Landorus|U-turn|p1a: Bernie Landers
|-resisted|p1a: Bernie Landers
|-damage|p1a: Bernie Landers|78/100 tox
|-damage|p2a: Landorus|68/100|[from] item: Rocky Helmet|[of] p1a: Bernie Landers
|
|t:|1613391660
|switch|p2a: Tapu Fini|Tapu Fini, shiny|100/100|[from]move: U-turn
|-damage|p2a: Tapu Fini|88/100|[from] Stealth Rock
|-fieldstart|move: Misty Terrain|[from] ability: Misty Surge|[of] p2a: Tapu Fini
|move|p1a: Bernie Landers|U-turn|p2a: Tapu Fini
|-resisted|p2a: Tapu Fini
|-damage|p2a: Tapu Fini|79/100
|
|t:|1613391663
|switch|p1a: Tapu Koko|Tapu Koko|100/100|[from]move: U-turn
|-damage|p1a: Tapu Koko|88/100|[from] Stealth Rock
|-fieldstart|move: Electric Terrain|[from] ability: Electric Surge|[of] p1a: Tapu Koko
|
|upkeep
|turn|4
|
|t:|1613391666
|move|p2a: Tapu Fini|Trick|p1a: Tapu Koko
|-activate|p2a: Tapu Fini|move: Trick|[of] p1a: Tapu Koko
|-item|p1a: Tapu Koko|Choice Scarf|[from] move: Trick
|-item|p2a: Tapu Fini|Choice Specs|[from] move: Trick
|move|p1a: Tapu Koko|Thunderbolt|p2a: Tapu Fini
|-supereffective|p2a: Tapu Fini
|-damage|p2a: Tapu Fini|0 fnt
|faint|p2a: Tapu Fini
|
|upkeep
|
|t:|1613391674
|switch|p2a: Landorus|Landorus-Therian, M|68/100
|-damage|p2a: Landorus|55/100|[from] Stealth Rock
|-ability|p2a: Landorus|Intimidate|boost
|-unboost|p1a: Tapu Koko|atk|1
|turn|5
|
|t:|1613391678
|switch|p1a: spvceghvstpvrrp|Slowbro, M, shiny|100/100
|-damage|p1a: spvceghvstpvrrp|88/100|[from] Stealth Rock
|move|p2a: Landorus|U-turn|p1a: spvceghvstpvrrp
|-supereffective|p1a: spvceghvstpvrrp
|-damage|p1a: spvceghvstpvrrp|64/100
|-damage|p2a: Landorus|39/100|[from] item: Rocky Helmet|[of] p1a: spvceghvstpvrrp
|
|t:|1613391694
|switch|p2a: Dragapult|Dragapult, F|100/100|[from]move: U-turn
|-damage|p2a: Dragapult|88/100|[from] Stealth Rock
|
|upkeep
|turn|6
|
|t:|1613391700
|move|p2a: Dragapult|U-turn|p1a: spvceghvstpvrrp
|-supereffective|p1a: spvceghvstpvrrp
|-damage|p1a: spvceghvstpvrrp|17/100
|-damage|p2a: Dragapult|72/100|[from] item: Rocky Helmet|[of] p1a: spvceghvstpvrrp
|
|t:|1613391706
|switch|p2a: Landorus|Landorus-Therian, M|39/100|[from]move: U-turn
|-damage|p2a: Landorus|27/100|[from] Stealth Rock
|-ability|p2a: Landorus|Intimidate|boost
|-unboost|p1a: spvceghvstpvrrp|atk|1
|move|p1a: spvceghvstpvrrp|Teleport|p1a: spvceghvstpvrrp
|
|t:|1613391712
|switch|p1a: Tapu Koko|Tapu Koko|88/100|[from]move: Teleport
|-damage|p1a: Tapu Koko|76/100|[from] Stealth Rock
|
|upkeep
|turn|7
|
|t:|1613391719
|move|p1a: Tapu Koko|Dazzling Gleam|p2a: Landorus
|-damage|p2a: Landorus|0 fnt
|faint|p2a: Landorus
|
|-fieldend|move: Electric Terrain
|upkeep
|
|t:|1613391721
|switch|p2a: Heatran|Heatran, M|100/100
|-damage|p2a: Heatran|88/100|[from] Stealth Rock
|turn|8
|
|t:|1613391729
|switch|p1a: VODECi|Tyranitar, M|100/100
|-damage|p1a: VODECi|88/100|[from] Stealth Rock
|-weather|Sandstorm|[from] ability: Sand Stream|[of] p1a: VODECi
|move|p2a: Heatran|Magma Storm|p1a: VODECi
|-resisted|p1a: VODECi
|-damage|p1a: VODECi|82/100
|-activate|p1a: VODECi|move: Magma Storm|[of] p2a: Heatran
|
|-weather|Sandstorm|[upkeep]
|-heal|p2a: Heatran|94/100|[from] item: Leftovers
|-damage|p1a: VODECi|70/100|[from] move: Magma Storm|[partiallytrapped]
|upkeep
|turn|9
|
|t:|1613391733
|move|p2a: Heatran|Protect|p2a: Heatran
|-singleturn|p2a: Heatran|Protect
|move|p1a: VODECi|Earthquake|p2a: Heatran
|-activate|p2a: Heatran|move: Protect
|
|-weather|Sandstorm|[upkeep]
|-heal|p2a: Heatran|100/100|[from] item: Leftovers
|-damage|p1a: VODECi|57/100|[from] move: Magma Storm|[partiallytrapped]
|upkeep
|turn|10
|j| wcnmlgb
|
|t:|1613391741
|move|p2a: Heatran|Taunt|p1a: VODECi
|-start|p1a: VODECi|move: Taunt
|move|p1a: VODECi|Earthquake|p2a: Heatran
|-supereffective|p2a: Heatran
|-damage|p2a: Heatran|3/100
|
|-weather|Sandstorm|[upkeep]
|-heal|p2a: Heatran|9/100|[from] item: Leftovers
|-damage|p1a: VODECi|45/100|[from] move: Magma Storm|[partiallytrapped]
|upkeep
|turn|11
|
|t:|1613391744
|move|p2a: Heatran|Protect|p2a: Heatran
|-singleturn|p2a: Heatran|Protect
|move|p1a: VODECi|Earthquake|p2a: Heatran
|-activate|p2a: Heatran|move: Protect
|
|-weather|Sandstorm|[upkeep]
|-heal|p2a: Heatran|16/100|[from] item: Leftovers
|-damage|p1a: VODECi|33/100|[from] move: Magma Storm|[partiallytrapped]
|upkeep
|turn|12
|
|t:|1613391751
|move|p2a: Heatran|Earth Power|p1a: VODECi
|-supereffective|p1a: VODECi
|-damage|p1a: VODECi|18/100
|move|p1a: VODECi|Earthquake|p2a: Heatran
|-supereffective|p2a: Heatran
|-damage|p2a: Heatran|0 fnt
|faint|p2a: Heatran
|
|-weather|none
|-end|p1a: VODECi|Magma Storm|[partiallytrapped]
|-end|p1a: VODECi|move: Taunt
|upkeep
|
|t:|1613391759
|switch|p2a: Magnezone|Magnezone|100/100
|-damage|p2a: Magnezone|94/100|[from] Stealth Rock
|turn|13
|
|t:|1613391771
|move|p2a: Magnezone|Flash Cannon|p1a: VODECi
|-supereffective|p1a: VODECi
|-damage|p1a: VODECi|0 fnt
|faint|p1a: VODECi
|
|upkeep
|
|t:|1613391772
|switch|p1a: Darmanitan|Darmanitan, F|100/100
|turn|14
|
|t:|1613391774
|move|p1a: Darmanitan|Flare Blitz|p2a: Magnezone
|-supereffective|p2a: Magnezone
|-damage|p2a: Magnezone|0 fnt
|-damage|p1a: Darmanitan|76/100|[from] Recoil
|faint|p2a: Magnezone
|
|upkeep
|
|t:|1613391780
|switch|p2a: Kartana|Kartana, shiny|100/100
|-damage|p2a: Kartana|94/100|[from] Stealth Rock
|turn|15
|
|t:|1613391783
|move|p2a: Kartana|Knock Off|p1a: Darmanitan
|-damage|p1a: Darmanitan|6/100
|-enditem|p1a: Darmanitan|Heavy-Duty Boots|[from] move: Knock Off|[of] p2a: Kartana
|move|p1a: Darmanitan|Flare Blitz|p2a: Kartana
|-supereffective|p2a: Kartana
|-damage|p2a: Kartana|0 fnt
|-damage|p1a: Darmanitan|0 fnt|[from] Recoil
|faint|p2a: Kartana
|faint|p1a: Darmanitan
|
|upkeep
|
|t:|1613391787
|switch|p2a: Dragapult|Dragapult, F|72/100
|switch|p1a: Bernie Landers|Landorus-Therian, M|78/100 tox
|-damage|p2a: Dragapult|59/100|[from] Stealth Rock
|-damage|p1a: Bernie Landers|65/100 tox|[from] Stealth Rock
|-ability|p1a: Bernie Landers|Intimidate|boost
|-unboost|p2a: Dragapult|atk|1
|turn|16
|-message|Stazi forfeited.
|
|win|NeoNaruto®++
|l|☆Stazi
|l|☆NeoNaruto®++
|raw|NeoNaruto®++'s rating: 1726 &rarr; <strong>1744</strong><br />(+18 for winning)
|raw|Stazi's rating: 1694 &rarr; <strong>1676</strong><br />(-18 for losing)
