|j|☆I'm Arnaud
|j|☆Wahoo man v2
|t:|1656191821
|gametype|singles
|player|p1|I'm Arnaud|chase|1601
|player|p2|Wahoo man v2|youngster-gen4dp|1618
|teamsize|p1|6
|teamsize|p2|6
|gen|8
|tier|[Gen 8] OU
|rated|
|rule|Sleep Clause Mod: Limit one foe put to sleep
|rule|Species Clause: Limit one of each Pokémon
|rule|OHKO Clause: OHKO moves are banned
|rule|Evasion Moves Clause: Evasion moves are banned
|rule|Endless Battle Clause: Forcing endless battles is banned
|rule|HP Percentage Mod: HP is shown in percentages
|rule|Dynamax Clause: You cannot dynamax
|clearpoke
|poke|p1|Kommo-o, F|
|poke|p1|Corviknight, F|
|poke|p1|Slowking-Galar, M|
|poke|p1|Tapu Koko|
|poke|p1|Landorus-Therian, M|
|poke|p1|Weavile, M|
|poke|p2|Garchomp, F|
|poke|p2|Heatran, M|
|poke|p2|Blissey, F|
|poke|p2|Dragapult, F|
|poke|p2|Urshifu-*, F|
|poke|p2|Shedinja|
|teampreview
|
|t:|1656191859
|start
|switch|p1a: Weavile|Weavile, M|100/100
|switch|p2a: Dragapult|Dragapult, F|100/100
|-ability|p1a: Weavile|Pressure
|turn|1
|inactive|Battle timer is ON: inactive players will automatically lose when time's up. (requested by I'm Arnaud)
|
|t:|1656191867
|switch|p2a: Urshifu|Urshifu-Rapid-Strike, F|100/100
|switch|p1a: Slowking|Slowking-Galar, M|100/100
|
|upkeep
|turn|2
|
|t:|1656191872
|move|p2a: Urshifu|U-turn|p1a: Slowking
|-damage|p1a: Slowking|62/100
|
|t:|1656191876
|switch|p2a: Blissey|Blissey, F|100/100|[from]move: U-turn
|move|p1a: Slowking|Sludge Bomb|p2a: Blissey
|-damage|p2a: Blissey|87/100
|
|upkeep
|turn|3
|
|t:|1656191885
|switch|p1a: Kommo-o|Kommo-o, F|100/100
|move|p2a: Blissey|Teleport|p2a: Blissey
|
|t:|1656191895
|switch|p2a: Garchomp|Garchomp, F|100/100|[from]move: Teleport
|
|upkeep
|turn|4
|
|t:|1656191899
|move|p2a: Garchomp|Toxic|p1a: Kommo-o
|-status|p1a: Kommo-o|tox
|move|p1a: Kommo-o|Toxic|p2a: Garchomp
|-status|p2a: Garchomp|tox
|
|-damage|p2a: Garchomp|94/100 tox|[from] psn
|-damage|p1a: Kommo-o|94/100 tox|[from] psn
|upkeep
|turn|5
|
|t:|1656191902
|move|p2a: Garchomp|Stealth Rock|p1a: Kommo-o
|-sidestart|p1: I'm Arnaud|move: Stealth Rock
|move|p1a: Kommo-o|Stealth Rock|p2a: Garchomp
|-sidestart|p2: Wahoo man v2|move: Stealth Rock
|
|-heal|p1a: Kommo-o|100/100 tox|[from] item: Leftovers
|-damage|p2a: Garchomp|82/100 tox|[from] psn
|-damage|p1a: Kommo-o|88/100 tox|[from] psn
|upkeep
|turn|6
|
|t:|1656191906
|move|p1a: Kommo-o|Protect|p1a: Kommo-o
|-singleturn|p1a: Kommo-o|Protect
|move|p2a: Garchomp|Earthquake|p1a: Kommo-o
|-activate|p1a: Kommo-o|move: Protect
|
|-heal|p1a: Kommo-o|94/100 tox|[from] item: Leftovers
|-damage|p2a: Garchomp|63/100 tox|[from] psn
|-damage|p1a: Kommo-o|76/100 tox|[from] psn
|upkeep
|turn|7
|
|t:|1656191914
|switch|p1a: Corviknight|Corviknight, F|100/100
|-damage|p1a: Corviknight|88/100|[from] Stealth Rock
|-ability|p1a: Corviknight|Pressure
|move|p2a: Garchomp|Earthquake|p1a: Corviknight
|-immune|p1a: Corviknight
|
|-damage|p2a: Garchomp|38/100 tox|[from] psn
|upkeep
|turn|8
|
|t:|1656191921
|move|p2a: Garchomp|Fire Blast|p1a: Corviknight
|-supereffective|p1a: Corviknight
|-damage|p1a: Corviknight|57/100
|move|p1a: Corviknight|U-turn|p2a: Garchomp
|-damage|p2a: Garchomp|27/100 tox
|-damage|p1a: Corviknight|44/100|[from] ability: Rough Skin|[of] p2a: Garchomp
|-damage|p1a: Corviknight|28/100|[from] item: Rocky Helmet|[of] p2a: Garchomp
|
|t:|1656191926
|switch|p1a: Tapu Koko|Tapu Koko|100/100|[from]move: U-turn
|-fieldstart|move: Electric Terrain|[from] ability: Electric Surge|[of] p1a: Tapu Koko
|
|-damage|p2a: Garchomp|0 fnt|[from] psn
|faint|p2a: Garchomp
|upkeep
|
|t:|1656191930
|switch|p2a: Can't touch this|Shedinja|100/100
|turn|9
|
|t:|1656191944
|switch|p1a: Corviknight|Corviknight, F|28/100
|-damage|p1a: Corviknight|15/100|[from] Stealth Rock
|-ability|p1a: Corviknight|Pressure
|move|p2a: Can't touch this|Poltergeist|p1a: Corviknight
|-activate|p1a: Corviknight|move: Poltergeist|Rocky Helmet
|-damage|p1a: Corviknight|0 fnt
|faint|p1a: Corviknight
|
|upkeep
|
|t:|1656191952
|switch|p1a: Weavile|Weavile, M|100/100
|-ability|p1a: Weavile|Pressure
|turn|10
|
|t:|1656191956
|switch|p2a: Urshifu|Urshifu-Rapid-Strike, F|100/100
|-damage|p2a: Urshifu|94/100|[from] Stealth Rock
|move|p1a: Weavile|Knock Off|p2a: Urshifu
|-resisted|p2a: Urshifu
|-damage|p2a: Urshifu|69/100
|-enditem|p2a: Urshifu|Choice Band|[from] move: Knock Off|[of] p1a: Weavile
|
|upkeep
|turn|11
|
|t:|1656191964
|switch|p1a: Kommo-o|Kommo-o, F|76/100 tox
|-damage|p1a: Kommo-o|69/100 tox|[from] Stealth Rock
|move|p2a: Urshifu|Surging Strikes|p1a: Kommo-o
|-resisted|p1a: Kommo-o
|-crit|p1a: Kommo-o
|-damage|p1a: Kommo-o|63/100 tox
|-resisted|p1a: Kommo-o
|-crit|p1a: Kommo-o
|-damage|p1a: Kommo-o|55/100 tox
|-resisted|p1a: Kommo-o
|-crit|p1a: Kommo-o
|-damage|p1a: Kommo-o|48/100 tox
|-hitcount|p1a: Kommo-o|3
|
|-heal|p1a: Kommo-o|54/100 tox|[from] item: Leftovers
|-damage|p1a: Kommo-o|48/100 tox|[from] psn
|upkeep
|turn|12
|
|t:|1656191980
|move|p2a: Urshifu|Close Combat|p1a: Kommo-o
|-damage|p1a: Kommo-o|1/100 tox
|-unboost|p2a: Urshifu|def|1
|-unboost|p2a: Urshifu|spd|1
|move|p1a: Kommo-o|Body Press|p2a: Urshifu
|-damage|p2a: Urshifu|7/100
|
|-heal|p1a: Kommo-o|7/100 tox|[from] item: Leftovers
|-damage|p1a: Kommo-o|0 fnt|[from] psn
|faint|p1a: Kommo-o
|-fieldend|move: Electric Terrain
|upkeep
|
|t:|1656191989
|switch|p1a: Tapu Koko|Tapu Koko|100/100
|-fieldstart|move: Electric Terrain|[from] ability: Electric Surge|[of] p1a: Tapu Koko
|turn|13
|
|t:|1656191991
|switch|p1a: Weavile|Weavile, M|100/100
|-ability|p1a: Weavile|Pressure
|move|p2a: Urshifu|Aqua Jet|p1a: Weavile
|-damage|p1a: Weavile|63/100
|
|upkeep
|turn|14
|
|t:|1656191998
|move|p2a: Urshifu|Aqua Jet|p1a: Weavile
|-damage|p1a: Weavile|26/100
|move|p1a: Weavile|Knock Off|p2a: Urshifu
|-resisted|p2a: Urshifu
|-damage|p2a: Urshifu|0 fnt
|faint|p2a: Urshifu
|
|upkeep
|
|t:|1656192002
|switch|p2a: Heatran|Heatran, M|100/100
|-damage|p2a: Heatran|88/100|[from] Stealth Rock
|-item|p2a: Heatran|Air Balloon
|turn|15
|
|t:|1656192021
|move|p1a: Weavile|Low Kick|p2a: Heatran
|-supereffective|p2a: Heatran
|-damage|p2a: Heatran|4/100
|-enditem|p2a: Heatran|Air Balloon
|move|p2a: Heatran|Eruption|p1a: Weavile
|-supereffective|p1a: Weavile
|-damage|p1a: Weavile|18/100
|
|upkeep
|turn|16
|
|t:|1656192027
|move|p1a: Weavile|Knock Off|p2a: Heatran
|-damage|p2a: Heatran|0 fnt
|faint|p2a: Heatran
|
|upkeep
|
|t:|1656192030
|switch|p2a: Blissey|Blissey, F|87/100
|turn|17
|
|t:|1656192033
|move|p1a: Weavile|Triple Axel|p2a: Blissey
|-damage|p2a: Blissey|78/100
|-damage|p2a: Blissey|62/100
|-damage|p2a: Blissey|35/100
|-hitcount|p2a: Blissey|3
|move|p2a: Blissey|Seismic Toss|p1a: Weavile
|-damage|p1a: Weavile|0 fnt
|faint|p1a: Weavile
|
|-fieldend|move: Electric Terrain
|upkeep
|
|t:|1656192040
|switch|p1a: Landorus|Landorus-Therian, M|100/100
|-damage|p1a: Landorus|88/100|[from] Stealth Rock
|-ability|p1a: Landorus|Intimidate|boost
|-unboost|p2a: Blissey|atk|1
|turn|18
|
|t:|1656192045
|switch|p1a: Slowking|Slowking-Galar, M|95/100
|-damage|p1a: Slowking|82/100|[from] Stealth Rock
|move|p2a: Blissey|Soft-Boiled|p2a: Blissey
|-heal|p2a: Blissey|85/100
|
|upkeep
|turn|19
|
|t:|1656192054
|move|p2a: Blissey|Seismic Toss|p1a: Slowking
|-damage|p1a: Slowking|57/100
|move|p1a: Slowking|Scald|p2a: Blissey
|-damage|p2a: Blissey|77/100
|
|upkeep
|turn|20
|
|t:|1656192057
|switch|p1a: Landorus|Landorus-Therian, M|88/100
|-damage|p1a: Landorus|76/100|[from] Stealth Rock
|-ability|p1a: Landorus|Intimidate|boost
|-unboost|p2a: Blissey|atk|1
|move|p2a: Blissey|Soft-Boiled|p2a: Blissey
|-heal|p2a: Blissey|100/100
|
|upkeep
|turn|21
|
|t:|1656192064
|switch|p1a: Slowking|Slowking-Galar, M|90/100
|-damage|p1a: Slowking|78/100|[from] Stealth Rock
|move|p2a: Blissey|Seismic Toss|p1a: Slowking
|-damage|p1a: Slowking|53/100
|
|upkeep
|turn|22
|
|t:|1656192072
|move|p2a: Blissey|Seismic Toss|p1a: Slowking
|-damage|p1a: Slowking|27/100
|move|p1a: Slowking|Future Sight|p2a: Blissey
|-start|p1a: Slowking|move: Future Sight
|
|upkeep
|turn|23
|
|t:|1656192075
|switch|p1a: Landorus|Landorus-Therian, M|76/100
|-damage|p1a: Landorus|64/100|[from] Stealth Rock
|-ability|p1a: Landorus|Intimidate|boost
|-unboost|p2a: Blissey|atk|1
|move|p2a: Blissey|Seismic Toss|p1a: Landorus
|-damage|p1a: Landorus|32/100
|
|upkeep
|turn|24
|
|t:|1656192080
|move|p1a: Landorus|Earthquake|p2a: Blissey
|-damage|p2a: Blissey|43/100
|move|p2a: Blissey|Seismic Toss|p1a: Landorus
|-damage|p1a: Landorus|1/100
|
|-end|p2a: Blissey|move: Future Sight
|-damage|p2a: Blissey|25/100
|upkeep
|turn|25
|
|t:|1656192089
|move|p1a: Landorus|Earthquake|p2a: Blissey
|-damage|p2a: Blissey|0 fnt
|faint|p2a: Blissey
|
|upkeep
|
|t:|1656192092
|switch|p2a: Can't touch this|Shedinja|100/100
|turn|26
|
|t:|1656192100
|move|p1a: Landorus|Gravity|p1a: Landorus
|-fieldstart|move: Gravity
|move|p2a: Can't touch this|Swords Dance|p2a: Can't touch this
|-boost|p2a: Can't touch this|atk|2
|
|upkeep
|turn|27
|
|t:|1656192104
|move|p2a: Can't touch this|Shadow Sneak|p1a: Landorus
|-crit|p1a: Landorus
|-damage|p1a: Landorus|0 fnt
|faint|p1a: Landorus
|
|upkeep
|
|t:|1656192107
|switch|p1a: Slowking|Slowking-Galar, M|60/100
|-damage|p1a: Slowking|48/100|[from] Stealth Rock
|turn|28
|
|t:|1656192114
|move|p2a: Can't touch this|Poltergeist|p1a: Slowking
|-activate|p1a: Slowking|move: Poltergeist|Assault Vest
|-supereffective|p1a: Slowking
|-damage|p1a: Slowking|0 fnt
|faint|p1a: Slowking
|
|upkeep
|-message|I'm Arnaud forfeited.
|
|win|Wahoo man v2
|raw|I&apos;m Arnaud's rating: 1601 &rarr; <strong>1582</strong><br />(-19 for losing)
|raw|Wahoo man v2's rating: 1618 &rarr; <strong>1637</strong><br />(+19 for winning)
|l|☆I'm Arnaud
||Ladder isn't responding, score probably updated but might not have (Request timeout).
