|j|☆64j3t3hrt3h
|j|☆jeandonis02
|t:|1665335422
|gametype|singles
|player|p1|64j3t3hrt3h|101|1813
|player|p2|jeandonis02|lucas|1747
|teamsize|p1|6
|teamsize|p2|6
|gen|8
|tier|[Gen 8] OU
|rated|
|rule|Sleep Clause Mod: Limit one foe put to sleep
|rule|Species Clause: Limit one of each Pokémon
|rule|OHKO Clause: OHKO moves are banned
|rule|Evasion Items Clause: Evasion items are banned
|rule|Evasion Moves Clause: Evasion moves are banned
|rule|Endless Battle Clause: Forcing endless battles is banned
|rule|HP Percentage Mod: HP is shown in percentages
|rule|Dynamax Clause: You cannot dynamax
|clearpoke
|poke|p1|Buzzwole|
|poke|p1|Landorus-Therian, M|
|poke|p1|Magnezone|
|poke|p1|Tyranitar, F|
|poke|p1|Tapu Lele|
|poke|p1|Toxapex, F|
|poke|p2|Zeraora|
|poke|p2|Toxapex, F|
|poke|p2|Garchomp, F|
|poke|p2|Rotom-Wash|
|poke|p2|Ferrothorn, F|
|poke|p2|Charizard, M|
|teampreview
|j| sada is dafa
|inactive|Battle timer is ON: inactive players will automatically lose when time's up. (requested by 64j3t3hrt3h)
|
|t:|1665335434
|start
|switch|p1a: Tapu Lele|Tapu Lele, shiny|100/100
|switch|p2a: Garchomp|Garchomp, F|100/100
|-fieldstart|move: Psychic Terrain|[from] ability: Psychic Surge|[of] p1a: Tapu Lele
|turn|1
|
|t:|1665335439
|switch|p1a: Landorus|Landorus-Therian, M|100/100
|-ability|p1a: Landorus|Intimidate|boost
|-unboost|p2a: Garchomp|atk|1
|move|p2a: Garchomp|Iron Head|p1a: Landorus
|-damage|p1a: Landorus|73/100
|
|-heal|p1a: Landorus|79/100|[from] item: Leftovers
|upkeep
|turn|2
|
|t:|1665335444
|switch|p2a: Ferrothorn|Ferrothorn, F|100/100
|move|p1a: Landorus|Earthquake|p2a: Ferrothorn
|-damage|p2a: Ferrothorn|72/100
|
|-heal|p1a: Landorus|85/100|[from] item: Leftovers
|upkeep
|turn|3
|
|t:|1665335448
|move|p1a: Landorus|U-turn|p2a: Ferrothorn
|-damage|p2a: Ferrothorn|60/100
|-damage|p1a: Landorus|72/100|[from] ability: Iron Barbs|[of] p2a: Ferrothorn
|-damage|p1a: Landorus|56/100|[from] item: Rocky Helmet|[of] p2a: Ferrothorn
|
|t:|1665335451
|switch|p1a: Magnezone|Magnezone|100/100|[from]move: U-turn
|move|p2a: Ferrothorn|Leech Seed|p1a: Magnezone
|-start|p1a: Magnezone|move: Leech Seed
|
|-damage|p1a: Magnezone|88/100|[from] Leech Seed|[of] p2a: Ferrothorn
|-heal|p2a: Ferrothorn|71/100|[silent]
|upkeep
|turn|4
|
|t:|1665335455
|move|p1a: Magnezone|Iron Defense|p1a: Magnezone
|-boost|p1a: Magnezone|def|2
|move|p2a: Ferrothorn|Body Press|p1a: Magnezone
|-supereffective|p1a: Magnezone
|-damage|p1a: Magnezone|65/100
|
|-heal|p1a: Magnezone|71/100|[from] item: Leftovers
|-damage|p1a: Magnezone|59/100|[from] Leech Seed|[of] p2a: Ferrothorn
|-heal|p2a: Ferrothorn|82/100|[silent]
|upkeep
|turn|5
|
|t:|1665335457
|move|p1a: Magnezone|Iron Defense|p1a: Magnezone
|-boost|p1a: Magnezone|def|2
|move|p2a: Ferrothorn|Body Press|p1a: Magnezone
|-supereffective|p1a: Magnezone
|-damage|p1a: Magnezone|44/100
|
|-heal|p1a: Magnezone|50/100|[from] item: Leftovers
|-damage|p1a: Magnezone|37/100|[from] Leech Seed|[of] p2a: Ferrothorn
|-heal|p2a: Ferrothorn|94/100|[silent]
|-fieldend|move: Psychic Terrain
|upkeep
|turn|6
|
|t:|1665335460
|move|p1a: Magnezone|Body Press|p2a: Ferrothorn
|-supereffective|p2a: Ferrothorn
|-damage|p2a: Ferrothorn|0 fnt
|-damage|p1a: Magnezone|25/100|[from] ability: Iron Barbs|[of] p2a: Ferrothorn
|-damage|p1a: Magnezone|9/100|[from] item: Rocky Helmet|[of] p2a: Ferrothorn
|faint|p2a: Ferrothorn
|
|-heal|p1a: Magnezone|15/100|[from] item: Leftovers
|upkeep
|j| Dog treats
|
|t:|1665335469
|switch|p2a: Zeraora|Zeraora|100/100
|turn|7
|j| Slaneesh
|j| Vmaurox
|
|t:|1665335473
|move|p2a: Zeraora|Knock Off|p1a: Magnezone
|-damage|p1a: Magnezone|7/100
|-enditem|p1a: Magnezone|Leftovers|[from] move: Knock Off|[of] p2a: Zeraora
|move|p1a: Magnezone|Body Press|p2a: Zeraora
|-enditem|p2a: Zeraora|Focus Sash
|-damage|p2a: Zeraora|1/100
|
|-damage|p1a: Magnezone|0 fnt|[from] Leech Seed|[of] p2a: Zeraora
|-heal|p2a: Zeraora|8/100|[silent]
|faint|p1a: Magnezone
|upkeep
|
|t:|1665335476
|switch|p1a: Buzzwole|Buzzwole|100/100
|turn|8
|
|t:|1665335482
|switch|p2a: Toxapex|Toxapex, F|100/100
|move|p1a: Buzzwole|Ice Punch|p2a: Toxapex
|-resisted|p2a: Toxapex
|-damage|p2a: Toxapex|91/100
|
|-heal|p2a: Toxapex|97/100|[from] item: Black Sludge
|upkeep
|turn|9
|
|t:|1665335491
|switch|p1a: Landorus|Landorus-Therian, M|56/100
|-ability|p1a: Landorus|Intimidate|boost
|-unboost|p2a: Toxapex|atk|1
|move|p2a: Toxapex|Toxic|p1a: Landorus
|-status|p1a: Landorus|tox
|
|-heal|p1a: Landorus|62/100 tox|[from] item: Leftovers
|-heal|p2a: Toxapex|100/100|[from] item: Black Sludge
|-damage|p1a: Landorus|56/100 tox|[from] psn
|upkeep
|turn|10
|
|t:|1665335494
|switch|p2a: Rotom|Rotom-Wash|100/100
|move|p1a: Landorus|U-turn|p2a: Rotom
|-damage|p2a: Rotom|83/100
|
|t:|1665335496
|switch|p1a: Tapu Lele|Tapu Lele, shiny|100/100|[from]move: U-turn
|-fieldstart|move: Psychic Terrain|[from] ability: Psychic Surge|[of] p1a: Tapu Lele
|
|-heal|p2a: Rotom|89/100|[from] item: Leftovers
|upkeep
|turn|11
|
|t:|1665335503
|move|p1a: Tapu Lele|Psychic|p2a: Rotom
|-damage|p2a: Rotom|0 fnt
|faint|p2a: Rotom
|
|upkeep
|
|t:|1665335506
|switch|p2a: Garchomp|Garchomp, F|100/100
|turn|12
|
|t:|1665335510
|switch|p1a: Landorus|Landorus-Therian, M|56/100 tox
|-ability|p1a: Landorus|Intimidate|boost
|-unboost|p2a: Garchomp|atk|1
|move|p2a: Garchomp|Iron Head|p1a: Landorus
|-damage|p1a: Landorus|28/100 tox
|
|-heal|p1a: Landorus|34/100 tox|[from] item: Leftovers
|-damage|p1a: Landorus|28/100 tox|[from] psn
|upkeep
|turn|13
|
|t:|1665335512
|switch|p1a: Toxapex|Toxapex, F|100/100
|move|p2a: Garchomp|Iron Head|p1a: Toxapex
|-resisted|p1a: Toxapex
|-damage|p1a: Toxapex|92/100
|-damage|p2a: Garchomp|84/100|[from] item: Rocky Helmet|[of] p1a: Toxapex
|
|upkeep
|turn|14
|
|t:|1665335520
|switch|p2a: Toxapex|Toxapex, F|100/100
|move|p1a: Toxapex|Knock Off|p2a: Toxapex
|-damage|p2a: Toxapex|88/100
|-enditem|p2a: Toxapex|Black Sludge|[from] move: Knock Off|[of] p1a: Toxapex
|
|-fieldend|move: Psychic Terrain
|upkeep
|turn|15
|
|t:|1665335526
|switch|p1a: Landorus|Landorus-Therian, M|28/100 tox
|-ability|p1a: Landorus|Intimidate|boost
|-unboost|p2a: Toxapex|atk|1
|move|p2a: Toxapex|Scald|p1a: Landorus
|-supereffective|p1a: Landorus
|-damage|p1a: Landorus|4/100 tox
|
|-heal|p1a: Landorus|10/100 tox|[from] item: Leftovers
|-damage|p1a: Landorus|4/100 tox|[from] psn
|upkeep
|turn|16
|
|t:|1665335531
|switch|p2a: Garchomp|Garchomp, F|84/100
|move|p1a: Landorus|U-turn|p2a: Garchomp
|-damage|p2a: Garchomp|60/100
|-damage|p1a: Landorus|0 fnt|[from] ability: Rough Skin|[of] p2a: Garchomp
|faint|p1a: Landorus
|
|upkeep
|j| ssjdnndnwjw
|
|t:|1665335534
|switch|p1a: Buzzwole|Buzzwole|100/100
|turn|17
|
|t:|1665335550
|switch|p1a: Tapu Lele|Tapu Lele, shiny|100/100
|-fieldstart|move: Psychic Terrain|[from] ability: Psychic Surge|[of] p1a: Tapu Lele
|switch|p2a: Toxapex|Toxapex, F|100/100
|
|upkeep
|turn|18
|
|t:|1665335553
|move|p2a: Toxapex|Baneful Bunker|p2a: Toxapex
|-singleturn|p2a: Toxapex|move: Protect
|move|p1a: Tapu Lele|Psychic|p2a: Toxapex
|-activate|p2a: Toxapex|move: Protect
|
|upkeep
|turn|19
|
|t:|1665335558
|switch|p2a: Zeraora|Zeraora|8/100
|move|p1a: Tapu Lele|Psychic|p2a: Zeraora
|-crit|p2a: Zeraora
|-damage|p2a: Zeraora|0 fnt
|faint|p2a: Zeraora
|
|upkeep
|
|t:|1665335559
|switch|p2a: Garchomp|Garchomp, F|60/100
|turn|20
|
|t:|1665335563
|switch|p1a: Buzzwole|Buzzwole|100/100
|move|p2a: Garchomp|Earthquake|p1a: Buzzwole
|-resisted|p1a: Buzzwole
|-damage|p1a: Buzzwole|72/100
|
|upkeep
|turn|21
|
|t:|1665335566
|switch|p2a: Toxapex|Toxapex, F|100/100
|move|p1a: Buzzwole|Earthquake|p2a: Toxapex
|-supereffective|p2a: Toxapex
|-damage|p2a: Toxapex|48/100
|
|-fieldend|move: Psychic Terrain
|upkeep
|turn|22
|
|t:|1665335569
|switch|p1a: Tyranitar|Tyranitar, F|100/100
|-weather|Sandstorm|[from] ability: Sand Stream|[of] p1a: Tyranitar
|switch|p2a: Charizard|Charizard, M|100/100
|
|-weather|Sandstorm|[upkeep]
|-damage|p2a: Charizard|94/100|[from] Sandstorm
|upkeep
|turn|23
|
|t:|1665335573
|switch|p2a: Garchomp|Garchomp, F|60/100
|move|p1a: Tyranitar|Thunder Wave|p2a: Garchomp
|-immune|p2a: Garchomp
|
|-weather|Sandstorm|[upkeep]
|upkeep
|turn|24
|
|t:|1665335581
|switch|p1a: Buzzwole|Buzzwole|72/100
|move|p2a: Garchomp|Earthquake|p1a: Buzzwole
|-resisted|p1a: Buzzwole
|-damage|p1a: Buzzwole|44/100
|
|-weather|Sandstorm|[upkeep]
|-damage|p1a: Buzzwole|38/100|[from] Sandstorm
|upkeep
|turn|25
|
|t:|1665335589
|move|p1a: Buzzwole|Ice Punch|p2a: Garchomp
|-supereffective|p2a: Garchomp
|-damage|p2a: Garchomp|0 fnt
|-damage|p1a: Buzzwole|25/100|[from] ability: Rough Skin|[of] p2a: Garchomp
|faint|p2a: Garchomp
|-ability|p1a: Buzzwole|Beast Boost|boost
|-boost|p1a: Buzzwole|atk|1
|
|-weather|Sandstorm|[upkeep]
|-damage|p1a: Buzzwole|19/100|[from] Sandstorm
|upkeep
|
|t:|1665335591
|switch|p2a: Toxapex|Toxapex, F|81/100
|turn|26
|
|t:|1665335595
|switch|p1a: Tapu Lele|Tapu Lele, shiny|100/100
|-fieldstart|move: Psychic Terrain|[from] ability: Psychic Surge|[of] p1a: Tapu Lele
|move|p2a: Toxapex|Toxic|p1a: Tapu Lele
|-status|p1a: Tapu Lele|tox
|
|-weather|none
|-damage|p1a: Tapu Lele|94/100 tox|[from] psn
|upkeep
|turn|27
|
|t:|1665335597
|move|p2a: Toxapex|Baneful Bunker|p2a: Toxapex
|-singleturn|p2a: Toxapex|move: Protect
|move|p1a: Tapu Lele|Psychic|p2a: Toxapex
|-activate|p2a: Toxapex|move: Protect
|
|-damage|p1a: Tapu Lele|82/100 tox|[from] psn
|upkeep
|turn|28
|
|t:|1665335599
|move|p2a: Toxapex|Baneful Bunker||[still]
|-fail|p2a: Toxapex
|move|p1a: Tapu Lele|Psychic|p2a: Toxapex
|-supereffective|p2a: Toxapex
|-damage|p2a: Toxapex|0 fnt
|faint|p2a: Toxapex
|
|-damage|p1a: Tapu Lele|64/100 tox|[from] psn
|upkeep
|
|t:|1665335600
|switch|p2a: Charizard|Charizard, M|94/100
|turn|29
|
|t:|1665335602
|move|p2a: Charizard|Flame Charge|p1a: Tapu Lele
|-damage|p1a: Tapu Lele|37/100 tox
|-boost|p2a: Charizard|spe|1
|move|p1a: Tapu Lele|Psychic|p2a: Charizard
|-crit|p2a: Charizard
|-damage|p2a: Charizard|0 fnt
|faint|p2a: Charizard
|
|win|64j3t3hrt3h
|raw|64j3t3hrt3h's rating: 1813 &rarr; <strong>1829</strong><br />(+16 for winning)
|raw|jeandonis02's rating: 1747 &rarr; <strong>1731</strong><br />(-16 for losing)
|l|☆jeandonis02
|l|☆64j3t3hrt3h
|l| sada is dafa
||Ladder isn't responding, score probably updated but might not have (Request timeout).
