|j|☆0kay
|j|☆galarian dragapult
|t:|1634018850
|gametype|singles
|player|p1|0kay|erika-gen2|1719
|player|p2|galarian dragapult|102|1733
|teamsize|p1|6
|teamsize|p2|6
|gen|8
|tier|[Gen 8] OU
|rated|
|rule|Sleep Clause Mod: Limit one foe put to sleep
|rule|Species Clause: Limit one of each Pokémon
|rule|OHKO Clause: OHKO moves are banned
|rule|Evasion Moves Clause: Evasion moves are banned
|rule|Endless Battle Clause: Forcing endless battles is banned
|rule|HP Percentage Mod: HP is shown in percentages
|rule|Dynamax Clause: You cannot dynamax
|clearpoke
|poke|p1|Slowking-Galar, F|
|poke|p1|Slowbro-Galar, M|
|poke|p1|Skarmory, F|
|poke|p1|Dragonite, M|
|poke|p1|Garchomp, M|
|poke|p1|Pangoro, M|
|poke|p2|Buzzwole|
|poke|p2|Dragapult, F|
|poke|p2|Blissey, F|
|poke|p2|Heatran, M|
|poke|p2|Landorus-Therian, M|
|poke|p2|Ferrothorn, M|
|teampreview
|inactive|Battle timer is ON: inactive players will automatically lose when time's up. (requested by 0kay)
|
|t:|1634018869
|start
|switch|p1a: TOP OF DA MORNIN|Pangoro, M|100/100
|switch|p2a: Landorus|Landorus-Therian, M|100/100
|-ability|p2a: Landorus|Intimidate|boost
|-fail|p1a: TOP OF DA MORNIN|unboost|Attack|[from] ability: Scrappy|[of] p1a: TOP OF DA MORNIN
|turn|1
|
|t:|1634018880
|switch|p2a: Buzzwole|Buzzwole|100/100
|move|p1a: TOP OF DA MORNIN|Knock Off|p2a: Buzzwole
|-resisted|p2a: Buzzwole
|-damage|p2a: Buzzwole|81/100
|-enditem|p2a: Buzzwole|Heavy-Duty Boots|[from] move: Knock Off|[of] p1a: TOP OF DA MORNIN
|
|upkeep
|turn|2
|j| Large_Rodent
|
|t:|1634018895
|switch|p1a: LETS GET THIS SHIT|Skarmory, F|100/100
|move|p2a: Buzzwole|Ice Punch|p1a: LETS GET THIS SHIT
|-damage|p1a: LETS GET THIS SHIT|87/100
|-damage|p2a: Buzzwole|64/100|[from] item: Rocky Helmet|[of] p1a: LETS GET THIS SHIT
|
|upkeep
|turn|3
|
|t:|1634018901
|move|p2a: Buzzwole|Roost|p2a: Buzzwole
|-heal|p2a: Buzzwole|100/100
|-singleturn|p2a: Buzzwole|move: Roost
|move|p1a: LETS GET THIS SHIT|Body Press|p2a: Buzzwole
|-resisted|p2a: Buzzwole
|-damage|p2a: Buzzwole|92/100
|
|upkeep
|turn|4
|
|t:|1634018908
|switch|p2a: Dragapult|Dragapult, F|100/100
|move|p1a: LETS GET THIS SHIT|Spikes|p2a: Dragapult
|-sidestart|p2: galarian dragapult|Spikes
|
|upkeep
|turn|5
|
|t:|1634018914
|move|p2a: Dragapult|Shadow Ball|p1a: LETS GET THIS SHIT
|-damage|p1a: LETS GET THIS SHIT|10/100
|move|p1a: LETS GET THIS SHIT|Roost|p1a: LETS GET THIS SHIT
|-heal|p1a: LETS GET THIS SHIT|60/100
|-singleturn|p1a: LETS GET THIS SHIT|move: Roost
|
|upkeep
|turn|6
|
|t:|1634018917
|switch|p1a: TOP OF DA MORNIN|Pangoro, M|100/100
|move|p2a: Dragapult|Shadow Ball|p1a: TOP OF DA MORNIN
|-resisted|p1a: TOP OF DA MORNIN
|-damage|p1a: TOP OF DA MORNIN|62/100
|
|upkeep
|turn|7
|j| Lilo_Crz2
|
|t:|1634018925
|switch|p2a: Buzzwole|Buzzwole|92/100
|-damage|p2a: Buzzwole|79/100|[from] Spikes
|move|p1a: TOP OF DA MORNIN|Close Combat|p2a: Buzzwole
|-resisted|p2a: Buzzwole
|-damage|p2a: Buzzwole|54/100
|-unboost|p1a: TOP OF DA MORNIN|def|1
|-unboost|p1a: TOP OF DA MORNIN|spd|1
|
|upkeep
|turn|8
|
|t:|1634018940
|switch|p1a: KUNG-FU KENNY|Slowbro-Galar, M|100/100
|move|p2a: Buzzwole|Roost|p2a: Buzzwole
|-heal|p2a: Buzzwole|100/100
|-singleturn|p2a: Buzzwole|move: Roost
|
|upkeep
|turn|9
|
|t:|1634018944
|switch|p2a: Landorus|Landorus-Therian, M|100/100
|-ability|p2a: Landorus|Intimidate|boost
|-unboost|p1a: KUNG-FU KENNY|atk|1
|move|p1a: KUNG-FU KENNY|Psychic|p2a: Landorus
|-damage|p2a: Landorus|70/100
|
|-heal|p2a: Landorus|76/100|[from] item: Leftovers
|upkeep
|turn|10
|-activate|p1a: KUNG-FU KENNY|item: Quick Claw
|
|t:|1634018949
|move|p1a: KUNG-FU KENNY|Psychic|p2a: Landorus
|-damage|p2a: Landorus|41/100
|move|p2a: Landorus|Defog|p1a: KUNG-FU KENNY
|-unboost|p1a: KUNG-FU KENNY|evasion|1
|-sideend|p2: galarian dragapult|Spikes|[from] move: Defog|[of] p2a: Landorus
|
|-heal|p2a: Landorus|47/100|[from] item: Leftovers
|upkeep
|turn|11
|
|t:|1634018955
|switch|p1a: LETS GET THIS SHIT|Skarmory, F|60/100
|move|p2a: Landorus|U-turn|p1a: LETS GET THIS SHIT
|-resisted|p1a: LETS GET THIS SHIT
|-damage|p1a: LETS GET THIS SHIT|57/100
|-damage|p2a: Landorus|30/100|[from] item: Rocky Helmet|[of] p1a: LETS GET THIS SHIT
|
|t:|1634018957
|switch|p2a: Dragapult|Dragapult, F|100/100|[from]move: U-turn
|
|upkeep
|turn|12
|j| RandomNublet
|
|t:|1634018965
|switch|p1a: HE'S BABY KEEM|Slowking-Galar, F|100/100
|move|p2a: Dragapult|Shadow Ball|p1a: HE'S BABY KEEM
|-supereffective|p1a: HE'S BABY KEEM
|-damage|p1a: HE'S BABY KEEM|55/100
|
|upkeep
|turn|13
|
|t:|1634018973
|switch|p2a: Heatran|Heatran, M|100/100
|move|p1a: HE'S BABY KEEM|Future Sight|p2a: Heatran
|-start|p1a: HE'S BABY KEEM|move: Future Sight
|
|upkeep
|turn|14
|
|t:|1634018983
|switch|p1a: TOP OF THE MORNIN'|Garchomp, M|100/100
|move|p2a: Heatran|Stealth Rock|p1a: TOP OF THE MORNIN'
|-sidestart|p1: 0kay|move: Stealth Rock
|
|upkeep
|turn|15
|
|t:|1634018988
|switch|p2a: Landorus|Landorus-Therian, M|30/100
|-ability|p2a: Landorus|Intimidate|boost
|-unboost|p1a: TOP OF THE MORNIN'|atk|1
|-enditem|p1a: TOP OF THE MORNIN'|Adrenaline Orb
|-boost|p1a: TOP OF THE MORNIN'|spe|1|[from] item: Adrenaline Orb
|move|p1a: TOP OF THE MORNIN'|Swords Dance|p1a: TOP OF THE MORNIN'
|-boost|p1a: TOP OF THE MORNIN'|atk|2
|
|-end|p2a: Landorus|move: Future Sight
|-damage|p2a: Landorus|0 fnt
|faint|p2a: Landorus
|upkeep
|
|t:|1634018995
|switch|p2a: Buzzwole|Buzzwole|100/100
|turn|16
|
|t:|1634019015
|move|p1a: TOP OF THE MORNIN'|Fire Fang|p2a: Buzzwole
|-supereffective|p2a: Buzzwole
|-damage|p2a: Buzzwole|67/100
|move|p2a: Buzzwole|Ice Punch|p1a: TOP OF THE MORNIN'
|-supereffective|p1a: TOP OF THE MORNIN'
|-damage|p1a: TOP OF THE MORNIN'|16/100
|-damage|p2a: Buzzwole|54/100|[from] ability: Rough Skin|[of] p1a: TOP OF THE MORNIN'
|
|upkeep
|turn|17
|
|t:|1634019032
|move|p1a: TOP OF THE MORNIN'|Fire Fang|p2a: Buzzwole
|-supereffective|p2a: Buzzwole
|-damage|p2a: Buzzwole|16/100
|move|p2a: Buzzwole|Roost|p2a: Buzzwole
|-heal|p2a: Buzzwole|66/100
|-singleturn|p2a: Buzzwole|move: Roost
|
|upkeep
|turn|18
|
|t:|1634019036
|move|p1a: TOP OF THE MORNIN'|Fire Fang|p2a: Buzzwole
|-supereffective|p2a: Buzzwole
|-damage|p2a: Buzzwole|32/100
|move|p2a: Buzzwole|Roost|p2a: Buzzwole
|-heal|p2a: Buzzwole|82/100
|-singleturn|p2a: Buzzwole|move: Roost
|
|upkeep
|turn|19
|
|t:|1634019041
|move|p1a: TOP OF THE MORNIN'|Fire Fang|p2a: Buzzwole
|-supereffective|p2a: Buzzwole
|-damage|p2a: Buzzwole|48/100
|-status|p2a: Buzzwole|brn
|move|p2a: Buzzwole|Roost|p2a: Buzzwole
|-heal|p2a: Buzzwole|98/100 brn
|-singleturn|p2a: Buzzwole|move: Roost
|
|-damage|p2a: Buzzwole|92/100 brn|[from] brn
|upkeep
|turn|20
|
|t:|1634019047
|move|p1a: TOP OF THE MORNIN'|Fire Fang|p2a: Buzzwole|[miss]
|-miss|p1a: TOP OF THE MORNIN'|p2a: Buzzwole
|move|p2a: Buzzwole|Earthquake|p1a: TOP OF THE MORNIN'
|-damage|p1a: TOP OF THE MORNIN'|1/100
|
|-damage|p2a: Buzzwole|85/100 brn|[from] brn
|upkeep
|turn|21
|
|t:|1634019051
|move|p1a: TOP OF THE MORNIN'|Fire Fang|p2a: Buzzwole
|-supereffective|p2a: Buzzwole
|-damage|p2a: Buzzwole|53/100 brn
|move|p2a: Buzzwole|Earthquake|p1a: TOP OF THE MORNIN'
|-damage|p1a: TOP OF THE MORNIN'|0 fnt
|faint|p1a: TOP OF THE MORNIN'
|-ability|p2a: Buzzwole|Beast Boost|boost
|-boost|p2a: Buzzwole|def|1
|
|-damage|p2a: Buzzwole|47/100 brn|[from] brn
|upkeep
|
|t:|1634019065
|switch|p1a: TOP OF DA MORNIN'|Dragonite, M|100/100
|turn|22
|
|t:|1634019070
|move|p2a: Buzzwole|Roost|p2a: Buzzwole
|-heal|p2a: Buzzwole|97/100 brn
|-singleturn|p2a: Buzzwole|move: Roost
|move|p1a: TOP OF DA MORNIN'|Defog|p2a: Buzzwole
|-unboost|p2a: Buzzwole|evasion|1
|-sideend|p1: 0kay|Stealth Rock|[from] move: Defog|[of] p1a: TOP OF DA MORNIN'
|
|-damage|p2a: Buzzwole|91/100 brn|[from] brn
|upkeep
|turn|23
|
|t:|1634019074
|switch|p1a: LETS GET THIS SHIT|Skarmory, F|57/100
|move|p2a: Buzzwole|Ice Punch|p1a: LETS GET THIS SHIT
|-damage|p1a: LETS GET THIS SHIT|50/100
|-damage|p2a: Buzzwole|74/100 brn|[from] item: Rocky Helmet|[of] p1a: LETS GET THIS SHIT
|
|-damage|p2a: Buzzwole|68/100 brn|[from] brn
|upkeep
|turn|24
|
|t:|1634019077
|switch|p2a: Heatran|Heatran, M|100/100
|move|p1a: LETS GET THIS SHIT|Roost|p1a: LETS GET THIS SHIT
|-heal|p1a: LETS GET THIS SHIT|100/100
|-singleturn|p1a: LETS GET THIS SHIT|move: Roost
|
|upkeep
|turn|25
|
|t:|1634019081
|switch|p1a: TOP OF DA MORNIN'|Dragonite, M|100/100
|move|p2a: Heatran|Stealth Rock|p1a: TOP OF DA MORNIN'
|-sidestart|p1: 0kay|move: Stealth Rock
|
|upkeep
|turn|26
|
|t:|1634019087
|switch|p2a: Ferrothorn|Ferrothorn, M|100/100
|move|p1a: TOP OF DA MORNIN'|Earthquake|p2a: Ferrothorn
|-damage|p2a: Ferrothorn|82/100
|
|upkeep
|turn|27
|
|t:|1634019093
|switch|p1a: LETS GET THIS SHIT|Skarmory, F|100/100
|-damage|p1a: LETS GET THIS SHIT|88/100|[from] Stealth Rock
|move|p2a: Ferrothorn|Knock Off|p1a: LETS GET THIS SHIT
|-damage|p1a: LETS GET THIS SHIT|76/100
|-damage|p2a: Ferrothorn|66/100|[from] item: Rocky Helmet|[of] p1a: LETS GET THIS SHIT
|-enditem|p1a: LETS GET THIS SHIT|Rocky Helmet|[from] move: Knock Off|[of] p2a: Ferrothorn
|
|upkeep
|turn|28
|
|t:|1634019098
|switch|p2a: Dragapult|Dragapult, F|100/100
|move|p1a: LETS GET THIS SHIT|Spikes|p2a: Dragapult
|-sidestart|p2: galarian dragapult|Spikes
|
|upkeep
|turn|29
|
|t:|1634019104
|move|p2a: Dragapult|Shadow Ball|p1a: LETS GET THIS SHIT
|-damage|p1a: LETS GET THIS SHIT|0 fnt
|faint|p1a: LETS GET THIS SHIT
|
|upkeep
|
|t:|1634019110
|switch|p1a: TOP OF DA MORNIN|Pangoro, M|62/100
|-damage|p1a: TOP OF DA MORNIN|56/100|[from] Stealth Rock
|turn|30
|
|t:|1634019120
|switch|p2a: Buzzwole|Buzzwole|68/100 brn
|-damage|p2a: Buzzwole|56/100 brn|[from] Spikes
|switch|p1a: KUNG-FU KENNY|Slowbro-Galar, M|100/100
|-damage|p1a: KUNG-FU KENNY|88/100|[from] Stealth Rock
|
|-damage|p2a: Buzzwole|50/100 brn|[from] brn
|upkeep
|turn|31
|-activate|p1a: KUNG-FU KENNY|item: Quick Claw
|
|t:|1634019126
|switch|p2a: Blissey|Blissey, F|100/100
|move|p1a: KUNG-FU KENNY|Psychic|p2a: Blissey
|-damage|p2a: Blissey|87/100
|-unboost|p2a: Blissey|spd|1
|
|upkeep
|turn|32
|
|t:|1634019133
|move|p2a: Blissey|Thunder Wave|p1a: KUNG-FU KENNY
|-status|p1a: KUNG-FU KENNY|par
|move|p1a: KUNG-FU KENNY|Shell Side Arm|p2a: Blissey|[anim] Shell Side Arm Physical
|-damage|p2a: Blissey|27/100
|-hint|Physical Shell Side Arm
|
|upkeep
|turn|33
|-activate|p1a: KUNG-FU KENNY|ability: Quick Draw
|
|t:|1634019139
|switch|p2a: Heatran|Heatran, M|100/100
|-damage|p2a: Heatran|88/100|[from] Spikes
|cant|p1a: KUNG-FU KENNY|par
|
|-heal|p2a: Heatran|94/100|[from] item: Leftovers
|upkeep
|turn|34
|j| Trunx
|
|t:|1634019144
|move|p2a: Heatran|Magma Storm|p1a: KUNG-FU KENNY|[miss]
|-miss|p2a: Heatran|p1a: KUNG-FU KENNY
|move|p1a: KUNG-FU KENNY|Earthquake|p2a: Heatran
|-supereffective|p2a: Heatran
|-damage|p2a: Heatran|19/100
|
|-heal|p2a: Heatran|25/100|[from] item: Leftovers
|upkeep
|turn|35
|-activate|p1a: KUNG-FU KENNY|ability: Quick Draw
|
|t:|1634019150
|switch|p2a: Blissey|Blissey, F|27/100
|move|p1a: KUNG-FU KENNY|Earthquake|p2a: Blissey
|-damage|p2a: Blissey|0 fnt
|faint|p2a: Blissey
|
|upkeep
|
|t:|1634019152
|switch|p2a: Dragapult|Dragapult, F|100/100
|-damage|p2a: Dragapult|88/100|[from] Spikes
|turn|36
|
|t:|1634019171
|move|p2a: Dragapult|Shadow Ball|p1a: KUNG-FU KENNY
|-supereffective|p1a: KUNG-FU KENNY
|-damage|p1a: KUNG-FU KENNY|0 fnt
|faint|p1a: KUNG-FU KENNY
|
|upkeep
|
|t:|1634019180
|switch|p1a: HE'S BABY KEEM|Slowking-Galar, F|88/100
|-damage|p1a: HE'S BABY KEEM|76/100|[from] Stealth Rock
|turn|37
|
|t:|1634019186
|move|p2a: Dragapult|Shadow Ball|p1a: HE'S BABY KEEM
|-supereffective|p1a: HE'S BABY KEEM
|-damage|p1a: HE'S BABY KEEM|29/100
|move|p1a: HE'S BABY KEEM|Future Sight|p2a: Dragapult
|-start|p1a: HE'S BABY KEEM|move: Future Sight
|
|upkeep
|turn|38
|
|t:|1634019189
|switch|p1a: TOP OF DA MORNIN'|Dragonite, M|100/100
|move|p2a: Dragapult|Shadow Ball|p1a: TOP OF DA MORNIN'
|-damage|p1a: TOP OF DA MORNIN'|75/100
|
|upkeep
|turn|39
|
|t:|1634019196
|switch|p2a: Heatran|Heatran, M|25/100
|-damage|p2a: Heatran|12/100|[from] Spikes
|move|p1a: TOP OF DA MORNIN'|Roost|p1a: TOP OF DA MORNIN'
|-heal|p1a: TOP OF DA MORNIN'|100/100
|-singleturn|p1a: TOP OF DA MORNIN'|move: Roost
|
|-end|p2a: Heatran|move: Future Sight
|-resisted|p2a: Heatran
|-damage|p2a: Heatran|0 fnt
|faint|p2a: Heatran
|upkeep
|
|t:|1634019198
|switch|p2a: Ferrothorn|Ferrothorn, M|66/100
|-damage|p2a: Ferrothorn|53/100|[from] Spikes
|turn|40
|
|t:|1634019206
|move|p1a: TOP OF DA MORNIN'|Defog|p2a: Ferrothorn
|-unboost|p2a: Ferrothorn|evasion|1
|-sideend|p2: galarian dragapult|Spikes|[from] move: Defog|[of] p1a: TOP OF DA MORNIN'
|-sideend|p1: 0kay|Stealth Rock|[from] move: Defog|[of] p1a: TOP OF DA MORNIN'
|move|p2a: Ferrothorn|Leech Seed|p1a: TOP OF DA MORNIN'
|-start|p1a: TOP OF DA MORNIN'|move: Leech Seed
|
|-damage|p1a: TOP OF DA MORNIN'|88/100|[from] Leech Seed|[of] p2a: Ferrothorn
|-heal|p2a: Ferrothorn|67/100|[silent]
|upkeep
|turn|41
|j| SugoiServal
|
|t:|1634019212
|switch|p1a: TOP OF DA MORNIN|Pangoro, M|56/100
|move|p2a: Ferrothorn|Leech Seed|p1a: TOP OF DA MORNIN
|-start|p1a: TOP OF DA MORNIN|move: Leech Seed
|
|-damage|p1a: TOP OF DA MORNIN|44/100|[from] Leech Seed|[of] p2a: Ferrothorn
|-heal|p2a: Ferrothorn|80/100|[silent]
|upkeep
|turn|42
|
|t:|1634019216
|switch|p1a: HE'S BABY KEEM|Slowking-Galar, F|63/100
|switch|p2a: Buzzwole|Buzzwole|50/100 brn
|
|-damage|p2a: Buzzwole|43/100 brn|[from] brn
|upkeep
|turn|43
|
|t:|1634019222
|move|p2a: Buzzwole|Earthquake|p1a: HE'S BABY KEEM
|-supereffective|p1a: HE'S BABY KEEM
|-damage|p1a: HE'S BABY KEEM|32/100
|move|p1a: HE'S BABY KEEM|Future Sight|p2a: Buzzwole
|-start|p1a: HE'S BABY KEEM|move: Future Sight
|
|-damage|p2a: Buzzwole|37/100 brn|[from] brn
|upkeep
|turn|44
|
|t:|1634019228
|switch|p2a: Ferrothorn|Ferrothorn, M|80/100
|move|p1a: HE'S BABY KEEM|Flamethrower|p2a: Ferrothorn
|-supereffective|p2a: Ferrothorn
|-damage|p2a: Ferrothorn|0 fnt
|faint|p2a: Ferrothorn
|
|upkeep
|
|t:|1634019230
|switch|p2a: Dragapult|Dragapult, F|88/100
|turn|45
|
|t:|1634019242
|switch|p1a: TOP OF DA MORNIN|Pangoro, M|44/100
|move|p2a: Dragapult|Shadow Ball|p1a: TOP OF DA MORNIN
|-resisted|p1a: TOP OF DA MORNIN
|-damage|p1a: TOP OF DA MORNIN|11/100
|
|-end|p2a: Dragapult|move: Future Sight
|-damage|p2a: Dragapult|23/100
|upkeep
|turn|46
|
|t:|1634019252
|move|p1a: TOP OF DA MORNIN|Bullet Punch|p2a: Dragapult
|-crit|p2a: Dragapult
|-damage|p2a: Dragapult|0 fnt
|faint|p2a: Dragapult
|
|upkeep
|j|+Rosa ☽
|-message|galarian dragapult forfeited.
|
|win|0kay
|raw|0kay's rating: 1719 &rarr; <strong>1740</strong><br />(+21 for winning)
|raw|galarian dragapult's rating: 1733 &rarr; <strong>1712</strong><br />(-21 for losing)
|l|☆galarian dragapult
|l| SugoiServal
|l| Lilo_Crz2
