|j|☆d18l
|j|☆Ineedaonetype
|t:|1662256986
|gametype|singles
|player|p1|d18l|backpacker|1723
|player|p2|Ineedaonetype|266|1803
|teamsize|p1|6
|teamsize|p2|6
|gen|8
|tier|[Gen 8] OU
|rated|
|rule|Sleep Clause Mod: Limit one foe put to sleep
|rule|Species Clause: Limit one of each Pokémon
|rule|OHKO Clause: OHKO moves are banned
|rule|Evasion Items Clause: Evasion items are banned
|rule|Evasion Moves Clause: Evasion moves are banned
|rule|Endless Battle Clause: Forcing endless battles is banned
|rule|HP Percentage Mod: HP is shown in percentages
|rule|Dynamax Clause: You cannot dynamax
|clearpoke
|poke|p1|Tapu Koko|
|poke|p1|Victini|
|poke|p1|Landorus-Therian, M|
|poke|p1|Tornadus-Therian, M|
|poke|p1|Rotom-Wash|
|poke|p1|Ferrothorn, M|
|poke|p2|Suicune|
|poke|p2|Heatran, M|
|poke|p2|Zapdos|
|poke|p2|Clefable, M|
|poke|p2|Corviknight, F|
|poke|p2|Amoonguss, F|
|teampreview
|inactive|Battle timer is ON: inactive players will automatically lose when time's up. (requested by d18l)
|j| Noob 0_o
|
|t:|1662257046
|start
|switch|p1a: Tapu Koko|Tapu Koko|100/100
|switch|p2a: Suicune|Suicune|100/100
|-fieldstart|move: Electric Terrain|[from] ability: Electric Surge|[of] p1a: Tapu Koko
|-ability|p2a: Suicune|Pressure
|turn|1
|
|t:|1662257057
|move|p2a: Suicune|Protect|p2a: Suicune
|-singleturn|p2a: Suicune|Protect
|move|p1a: Tapu Koko|Volt Switch|p2a: Suicune
|-activate|p2a: Suicune|move: Protect
|
|upkeep
|turn|2
|
|t:|1662257077
|switch|p2a: Amoonguss|Amoonguss, F|100/100
|move|p1a: Tapu Koko|Volt Switch|p2a: Amoonguss
|-resisted|p2a: Amoonguss
|-damage|p2a: Amoonguss|74/100
|
|t:|1662257081
|switch|p1a: Victini|Victini|100/100|[from]move: Volt Switch
|
|upkeep
|turn|3
|
|t:|1662257092
|switch|p2a: Heatran|Heatran, M|100/100
|-item|p2a: Heatran|Air Balloon
|move|p1a: Victini|V-create|p2a: Heatran
|-start|p2a: Heatran|ability: Flash Fire
|
|upkeep
|turn|4
|
|t:|1662257096
|move|p1a: Victini|Bolt Strike|p2a: Heatran
|-damage|p2a: Heatran|56/100
|-enditem|p2a: Heatran|Air Balloon
|move|p2a: Heatran|Stealth Rock|p1a: Victini
|-sidestart|p1: d18l|move: Stealth Rock
|
|upkeep
|turn|5
|
|t:|1662257118
|move|p1a: Victini|U-turn|p2a: Heatran
|-resisted|p2a: Heatran
|-damage|p2a: Heatran|52/100
|
|t:|1662257121
|switch|p1a: Rotom|Rotom-Wash|100/100|[from]move: U-turn
|-damage|p1a: Rotom|88/100|[from] Stealth Rock
|move|p2a: Heatran|Earth Power|p1a: Rotom
|-immune|p1a: Rotom|[from] ability: Levitate
|
|-heal|p1a: Rotom|94/100|[from] item: Leftovers
|-fieldend|move: Electric Terrain
|upkeep
|turn|6
|
|t:|1662257141
|-end|p2a: Heatran|ability: Flash Fire|[silent]
|switch|p2a: Amoonguss|Amoonguss, F|100/100
|move|p1a: Rotom|Hydro Pump|p2a: Amoonguss
|-resisted|p2a: Amoonguss
|-damage|p2a: Amoonguss|82/100
|
|-heal|p1a: Rotom|99/100|[from] item: Leftovers
|upkeep
|turn|7
|j| guozi
|l| guozi
|
|t:|1662257158
|move|p1a: Rotom|Volt Switch|p2a: Amoonguss
|-resisted|p2a: Amoonguss
|-damage|p2a: Amoonguss|70/100
|
|t:|1662257167
|switch|p1a: Ferrothorn|Ferrothorn, M|100/100|[from]move: Volt Switch
|-damage|p1a: Ferrothorn|95/100|[from] Stealth Rock
|move|p2a: Amoonguss|Spore|p1a: Ferrothorn
|-immune|p1a: Ferrothorn
|
|upkeep
|turn|8
|
|t:|1662257177
|switch|p2a: Heatran|Heatran, M|52/100
|move|p1a: Ferrothorn|Stealth Rock|p2a: Heatran
|-sidestart|p2: Ineedaonetype|move: Stealth Rock
|
|upkeep
|turn|9
|
|t:|1662257181
|switch|p1a: Rotom|Rotom-Wash|99/100
|-damage|p1a: Rotom|88/100|[from] Stealth Rock
|move|p2a: Heatran|Toxic|p1a: Rotom
|-status|p1a: Rotom|tox
|
|-heal|p1a: Rotom|94/100 tox|[from] item: Leftovers
|-damage|p1a: Rotom|88/100 tox|[from] psn
|upkeep
|turn|10
|
|t:|1662257186
|switch|p2a: Amoonguss|Amoonguss, F|100/100
|-damage|p2a: Amoonguss|88/100|[from] Stealth Rock
|move|p1a: Rotom|Volt Switch|p2a: Amoonguss
|-resisted|p2a: Amoonguss
|-damage|p2a: Amoonguss|77/100
|inactive|d18l has 120 seconds left.
|inactive|d18l has 90 seconds left.
|j| Kwaga
|j| reionatro
|
|t:|1662257260
|switch|p1a: Victini|Victini|100/100|[from]move: Volt Switch
|
|upkeep
|turn|11
|l| reionatro
|inactive|Ineedaonetype has 120 seconds left.
|inactive|Ineedaonetype has 90 seconds left.
|inactive|Ineedaonetype has 60 seconds left.
|inactive|Ineedaonetype has 30 seconds left.
|j| isabela000◥▶_◀◤
|inactive|Ineedaonetype has 20 seconds left.
|inactive|Ineedaonetype has 15 seconds left.
|l| Kwaga
|inactive|Ineedaonetype has 10 seconds left.
|j| Kwaga
|inactive|Ineedaonetype has 5 seconds left.
|-message|Ineedaonetype lost due to inactivity.
|
|win|d18l
|raw|d18l's rating: 1723 &rarr; <strong>1748</strong><br />(+25 for winning)
|raw|Ineedaonetype's rating: 1803 &rarr; <strong>1778</strong><br />(-25 for losing)
|l| Kwaga
|l| Noob 0_o
|l| isabela000◥▶_◀◤
||Ladder isn't responding, score probably updated but might not have (Request timeout).
