|j|☆Contorted Lies
|j|☆bigbadbbear
|t:|1606589856
|player|p1|Contorted Lies|265|2016
|player|p2|bigbadbbear|ltsurge|1812
|teamsize|p1|6
|teamsize|p2|6
|gametype|singles
|gen|8
|tier|[Gen 8] OU
|rated|
|clearpoke
|poke|p1|Weavile, F|
|poke|p1|Urshifu-*, F|
|poke|p1|Magearna|
|poke|p1|Moltres|
|poke|p1|Hippowdon, F|
|poke|p1|Toxapex, F|
|poke|p2|Landorus-Therian, M|
|poke|p2|Tapu Fini|
|poke|p2|Cinderace, F|
|poke|p2|Magearna-Original|
|poke|p2|Hydreigon, F|
|poke|p2|Rillaboom, F|
|rule|Sleep Clause Mod: Limit one foe put to sleep
|rule|Species Clause: Limit one of each Pokémon
|rule|OHKO Clause: OHKO moves are banned
|rule|Evasion Moves Clause: Evasion moves are banned
|rule|Endless Battle Clause: Forcing endless battles is banned
|rule|HP Percentage Mod: HP is shown in percentages
|rule|Dynamax Clause: You cannot dynamax
|teampreview
|j| hailarctozolt
|c|☆bigbadbbear|gl hf
|inactive|Battle timer is ON: inactive players will automatically lose when time's up. (requested by Contorted Lies)
|j| Dylodendron
|j| ItsMrGlitch3r
|
|t:|1606589894
|start
|switch|p1a: Hippowdon|Hippowdon, F|100/100
|switch|p2a: red flavor|Magearna-Original|100/100
|-weather|Sandstorm|[from] ability: Sand Stream|[of] p1a: Hippowdon
|turn|1
|
|t:|1606589902
|move|p2a: red flavor|Fleur Cannon|p1a: Hippowdon
|-damage|p1a: Hippowdon|27/100
|-unboost|p2a: red flavor|spa|2
|move|p1a: Hippowdon|Stealth Rock|p2a: red flavor
|-sidestart|p2: bigbadbbear|move: Stealth Rock
|
|-weather|Sandstorm|[upkeep]
|-heal|p1a: Hippowdon|33/100|[from] item: Leftovers
|upkeep
|turn|2
|j| Mr old Hiker
|l| Mr old Hiker
|inactive|Contorted Lies has 120 seconds left.
|j| MonoBHisTroll
|
|t:|1606589954
|switch|p1a: Toxapex|Toxapex, F|100/100
|move|p2a: red flavor|Fleur Cannon|p1a: Toxapex
|-resisted|p1a: Toxapex
|-damage|p1a: Toxapex|79/100
|-unboost|p2a: red flavor|spa|2
|
|-weather|Sandstorm|[upkeep]
|-damage|p1a: Toxapex|73/100|[from] Sandstorm
|-heal|p1a: Toxapex|79/100|[from] item: Black Sludge
|upkeep
|turn|3
|
|t:|1606589966
|switch|p2a: high dragon|Hydreigon, F|100/100
|-damage|p2a: high dragon|88/100|[from] Stealth Rock
|move|p1a: Toxapex|Toxic Spikes|p2a: high dragon
|-sidestart|p2: bigbadbbear|move: Toxic Spikes
|
|-weather|Sandstorm|[upkeep]
|-damage|p2a: high dragon|82/100|[from] Sandstorm
|-damage|p1a: Toxapex|73/100|[from] Sandstorm
|-heal|p2a: high dragon|88/100|[from] item: Leftovers
|-heal|p1a: Toxapex|79/100|[from] item: Black Sludge
|upkeep
|turn|4
|j| Vessev
|inactive|Contorted Lies has 90 seconds left.
|
|t:|1606590004
|switch|p1a: Hippowdon|Hippowdon, F|33/100
|move|p2a: high dragon|Defog|p1a: Hippowdon
|-unboost|p1a: Hippowdon|evasion|1
|-sideend|p2: bigbadbbear|Toxic Spikes|[from] move: Defog|[of] p2a: high dragon
|-sideend|p2: bigbadbbear|Stealth Rock|[from] move: Defog|[of] p2a: high dragon
|
|-weather|Sandstorm|[upkeep]
|-damage|p2a: high dragon|82/100|[from] Sandstorm
|-heal|p2a: high dragon|88/100|[from] item: Leftovers
|-heal|p1a: Hippowdon|39/100|[from] item: Leftovers
|upkeep
|turn|5
|inactive|bigbadbbear has 120 seconds left.
|
|t:|1606590026
|move|p2a: high dragon|Dark Pulse|p1a: Hippowdon
|-damage|p1a: Hippowdon|7/100
|cant|p1a: Hippowdon|flinch
|
|-weather|none
|-heal|p2a: high dragon|94/100|[from] item: Leftovers
|-heal|p1a: Hippowdon|13/100|[from] item: Leftovers
|upkeep
|turn|6
|inactive|Contorted Lies has 90 seconds left.
|
|t:|1606590053
|switch|p1a: Moltres|Moltres|100/100
|move|p2a: high dragon|Earth Power|p1a: Moltres
|-immune|p1a: Moltres
|
|-heal|p2a: high dragon|100/100|[from] item: Leftovers
|upkeep
|turn|7
|
|t:|1606590067
|switch|p1a: Urshifu|Urshifu, F|100/100
|move|p2a: high dragon|Dark Pulse|p1a: Urshifu
|-resisted|p1a: Urshifu
|-damage|p1a: Urshifu|84/100
|
|upkeep
|turn|8
|inactive|Contorted Lies has 90 seconds left.
|
|t:|1606590086
|switch|p2a: dog|Landorus-Therian, M|100/100
|-ability|p2a: dog|Intimidate|boost
|-unboost|p1a: Urshifu|atk|1
|move|p1a: Urshifu|Poison Jab|p2a: dog
|-resisted|p2a: dog
|-damage|p2a: dog|91/100
|-damage|p1a: Urshifu|68/100|[from] item: Rocky Helmet|[of] p2a: dog
|
|upkeep
|turn|9
|
|t:|1606590094
|switch|p1a: Moltres|Moltres|100/100
|move|p2a: dog|Stealth Rock|p1a: Moltres
|-sidestart|p1: Contorted Lies|move: Stealth Rock
|
|upkeep
|turn|10
|
|t:|1606590099
|move|p1a: Moltres|Defog|p2a: dog
|-unboost|p2a: dog|evasion|1
|-sideend|p1: Contorted Lies|Stealth Rock|[from] move: Defog|[of] p1a: Moltres
|move|p2a: dog|Knock Off|p1a: Moltres
|-damage|p1a: Moltres|78/100
|-enditem|p1a: Moltres|Heavy-Duty Boots|[from] move: Knock Off|[of] p2a: dog
|
|upkeep
|turn|11
|
|t:|1606590109
|move|p1a: Moltres|Hurricane|p2a: dog
|-damage|p2a: dog|42/100
|move|p2a: dog|Stealth Rock|p1a: Moltres
|-sidestart|p1: Contorted Lies|move: Stealth Rock
|
|upkeep
|turn|12
|
|t:|1606590115
|switch|p2a: high dragon|Hydreigon, F|100/100
|move|p1a: Moltres|Defog|p2a: high dragon
|-unboost|p2a: high dragon|evasion|1
|-sideend|p1: Contorted Lies|Stealth Rock|[from] move: Defog|[of] p1a: Moltres
|
|upkeep
|turn|13
|
|t:|1606590122
|move|p1a: Moltres|Roost|p1a: Moltres
|-heal|p1a: Moltres|100/100
|-singleturn|p1a: Moltres|move: Roost
|move|p2a: high dragon|Dark Pulse|p1a: Moltres
|-damage|p1a: Moltres|57/100
|
|upkeep
|turn|14
|
|t:|1606590129
|move|p2a: high dragon|Earth Power|p1a: Moltres
|-immune|p1a: Moltres
|move|p1a: Moltres|Roost|p1a: Moltres
|-heal|p1a: Moltres|100/100
|-singleturn|p1a: Moltres|move: Roost
|
|upkeep
|turn|15
|l| hailarctozolt
|
|t:|1606590140
|move|p2a: high dragon|Dark Pulse|p1a: Moltres
|-damage|p1a: Moltres|52/100
|move|p1a: Moltres|Mystical Fire|p2a: high dragon
|-resisted|p2a: high dragon
|-damage|p2a: high dragon|87/100
|-unboost|p2a: high dragon|spa|1
|
|-heal|p2a: high dragon|93/100|[from] item: Leftovers
|upkeep
|turn|16
|j| bpewn
|
|t:|1606590158
|switch|p2a: stop burning me|Tapu Fini, shiny|100/100
|-fieldstart|move: Misty Terrain|[from] ability: Misty Surge|[of] p2a: stop burning me
|move|p1a: Moltres|Roost|p1a: Moltres
|-heal|p1a: Moltres|100/100
|-singleturn|p1a: Moltres|move: Roost
|
|upkeep
|turn|17
|l| bpewn
|
|t:|1606590166
|switch|p1a: Magearna|Magearna|100/100
|move|p2a: stop burning me|Calm Mind|p2a: stop burning me
|-boost|p2a: stop burning me|spa|1
|-boost|p2a: stop burning me|spd|1
|
|upkeep
|turn|18
|l| ItsMrGlitch3r
|l| MonoBHisTroll
|
|t:|1606590187
|move|p2a: stop burning me|Calm Mind|p2a: stop burning me
|-boost|p2a: stop burning me|spa|1
|-boost|p2a: stop burning me|spd|1
|move|p1a: Magearna|Volt Switch|p2a: stop burning me
|-supereffective|p2a: stop burning me
|-damage|p2a: stop burning me|70/100
|
|t:|1606590208
|switch|p1a: Toxapex|Toxapex, F|100/100|[from]move: Volt Switch
|
|-heal|p2a: stop burning me|76/100|[from] item: Leftovers
|upkeep
|turn|19
|j| Pink Smoke
|
|t:|1606590213
|move|p2a: stop burning me|Taunt|p1a: Toxapex
|-start|p1a: Toxapex|move: Taunt
|move|p1a: Toxapex|Knock Off|p2a: stop burning me
|-resisted|p2a: stop burning me
|-damage|p2a: stop burning me|71/100
|-enditem|p2a: stop burning me|Leftovers|[from] move: Knock Off|[of] p1a: Toxapex
|
|upkeep
|turn|20
|j| I'M AT MY LIMIT!
|j| Culamen
|j| lyh031995
|j| zoroarkfan34
|
|t:|1606590228
|move|p2a: stop burning me|Calm Mind|p2a: stop burning me
|-boost|p2a: stop burning me|spa|1
|-boost|p2a: stop burning me|spd|1
|move|p1a: Toxapex|Knock Off|p2a: stop burning me
|-resisted|p2a: stop burning me
|-damage|p2a: stop burning me|67/100
|
|-fieldend|Misty Terrain
|upkeep
|turn|21
|
|t:|1606590234
|move|p2a: stop burning me|Scald|p1a: Toxapex
|-resisted|p1a: Toxapex
|-damage|p1a: Toxapex|71/100
|move|p1a: Toxapex|Scald|p2a: stop burning me
|-resisted|p2a: stop burning me
|-damage|p2a: stop burning me|64/100
|
|-heal|p1a: Toxapex|77/100|[from] item: Black Sludge
|-end|p1a: Toxapex|move: Taunt
|upkeep
|turn|22
|
|t:|1606590243
|move|p2a: stop burning me|Taunt|p1a: Toxapex
|-start|p1a: Toxapex|move: Taunt
|move|p1a: Toxapex|Scald|p2a: stop burning me
|-resisted|p2a: stop burning me
|-damage|p2a: stop burning me|62/100
|-status|p2a: stop burning me|brn
|
|-heal|p1a: Toxapex|83/100|[from] item: Black Sludge
|-damage|p2a: stop burning me|56/100 brn|[from] brn
|upkeep
|turn|23
|j| GassyGhastly
|
|t:|1606590257
|move|p2a: stop burning me|Calm Mind|p2a: stop burning me
|-boost|p2a: stop burning me|spa|1
|-boost|p2a: stop burning me|spd|1
|move|p1a: Toxapex|Scald|p2a: stop burning me
|-resisted|p2a: stop burning me
|-damage|p2a: stop burning me|54/100 brn
|
|-heal|p1a: Toxapex|89/100|[from] item: Black Sludge
|-damage|p2a: stop burning me|48/100 brn|[from] brn
|upkeep
|turn|24
|
|t:|1606590269
|switch|p1a: Hippowdon|Hippowdon, F|13/100
|-weather|Sandstorm|[from] ability: Sand Stream|[of] p1a: Hippowdon
|move|p2a: stop burning me|Draining Kiss|p1a: Hippowdon
|-damage|p1a: Hippowdon|0 fnt
|-heal|p2a: stop burning me|60/100 brn|[from] drain|[of] p1a: Hippowdon
|faint|p1a: Hippowdon
|
|-weather|Sandstorm|[upkeep]
|-damage|p2a: stop burning me|54/100 brn|[from] Sandstorm
|-damage|p2a: stop burning me|48/100 brn|[from] brn
|upkeep
|l| Vessev
|j| Hondjie
|
|t:|1606590273
|switch|p1a: Urshifu|Urshifu, F|68/100
|turn|25
|j| Limited_Toolkit
|inactive|bigbadbbear has 120 seconds left.
|j| Vessev
|
|t:|1606590309
|move|p1a: Urshifu|Wicked Blow|p2a: stop burning me
|-resisted|p2a: stop burning me
|-crit|p2a: stop burning me
|-damage|p2a: stop burning me|12/100 brn
|move|p2a: stop burning me|Draining Kiss|p1a: Urshifu
|-supereffective|p1a: Urshifu
|-damage|p1a: Urshifu|0 fnt
|-heal|p2a: stop burning me|63/100 brn|[from] drain|[of] p1a: Urshifu
|faint|p1a: Urshifu
|
|-weather|Sandstorm|[upkeep]
|-damage|p2a: stop burning me|57/100 brn|[from] Sandstorm
|-damage|p2a: stop burning me|50/100 brn|[from] brn
|upkeep
|j| hailarctozolt
|l| Vessev
|j| WarmTurkeyDinner
|l| Culamen
|-message|Contorted Lies forfeited.
|
|win|bigbadbbear
|l|☆Contorted Lies
|l| I'M AT MY LIMIT!
