|j|‽Astra Lilac
|j|☆LECH24
|t:|1639706950
|gametype|singles
|player|p1|Astra Lilac|dawn-gen4pt|1586
|player|p2|LECH24|101|1751
|teamsize|p1|6
|teamsize|p2|6
|gen|8
|tier|[Gen 8] OU
|rated|
|rule|Sleep Clause Mod: Limit one foe put to sleep
|rule|Species Clause: Limit one of each Pokémon
|rule|OHKO Clause: OHKO moves are banned
|rule|Evasion Moves Clause: Evasion moves are banned
|rule|Endless Battle Clause: Forcing endless battles is banned
|rule|HP Percentage Mod: HP is shown in percentages
|rule|Dynamax Clause: You cannot dynamax
|clearpoke
|poke|p1|Garchomp, F|
|poke|p1|Zapdos-Galar|
|poke|p1|Magnezone|
|poke|p1|Slowking-Galar, M|
|poke|p1|Tapu Fini|
|poke|p1|Nihilego|
|poke|p2|Terrakion|
|poke|p2|Ninetales-Alola, F|
|poke|p2|Arctozolt|
|poke|p2|Landorus-Therian, M|
|poke|p2|Blissey, F|
|poke|p2|Magnezone|
|teampreview
|inactive|Battle timer is ON: inactive players will automatically lose when time's up. (requested by Astra Lilac)
|
|t:|1639706974
|start
|switch|p1a: Zapdos|Zapdos-Galar|100/100
|switch|p2a: Ninetales|Ninetales-Alola, F|100/100
|-weather|Hail|[from] ability: Snow Warning|[of] p2a: Ninetales
|turn|1
|
|t:|1639706979
|move|p1a: Zapdos|Close Combat|p2a: Ninetales
|-damage|p2a: Ninetales|29/100
|-unboost|p1a: Zapdos|def|1
|-unboost|p1a: Zapdos|spd|1
|move|p2a: Ninetales|Aurora Veil|p2a: Ninetales
|-sidestart|p2: LECH24|move: Aurora Veil
|
|-weather|Hail|[upkeep]
|-damage|p1a: Zapdos|94/100|[from] Hail
|upkeep
|turn|2
|
|t:|1639706996
|move|p1a: Zapdos|Close Combat|p2a: Ninetales
|-damage|p2a: Ninetales|0 fnt
|-unboost|p1a: Zapdos|def|1
|-unboost|p1a: Zapdos|spd|1
|faint|p2a: Ninetales
|
|-weather|Hail|[upkeep]
|-damage|p1a: Zapdos|88/100|[from] Hail
|upkeep
|
|t:|1639707000
|switch|p2a: Arctozolt|Arctozolt|100/100
|turn|3
|
|t:|1639707006
|switch|p1a: Slowking|Slowking-Galar, M|100/100
|move|p2a: Arctozolt|Substitute|p2a: Arctozolt
|-start|p2a: Arctozolt|Substitute
|-damage|p2a: Arctozolt|76/100
|
|-weather|Hail|[upkeep]
|-damage|p1a: Slowking|94/100|[from] Hail
|upkeep
|turn|4
|
|t:|1639707014
|switch|p1a: Garchomp|Garchomp, F|100/100
|move|p2a: Arctozolt|Bolt Beak|p1a: Garchomp
|-immune|p1a: Garchomp
|
|-weather|Hail|[upkeep]
|-damage|p1a: Garchomp|94/100|[from] Hail
|-heal|p1a: Garchomp|100/100|[from] item: Leftovers
|upkeep
|turn|5
|
|t:|1639707018
|switch|p1a: Slowking|Slowking-Galar, M|100/100
|move|p2a: Arctozolt|Blizzard|p1a: Slowking
|-damage|p1a: Slowking|86/100
|
|-weather|none
|upkeep
|turn|6
|
|t:|1639707036
|move|p2a: Arctozolt|Bolt Beak|p1a: Slowking
|-damage|p1a: Slowking|9/100
|move|p1a: Slowking|Future Sight|p2a: Arctozolt
|-start|p1a: Slowking|move: Future Sight
|
|upkeep
|turn|7
|
|t:|1639707041
|switch|p1a: Nihilego|Nihilego|100/100
|move|p2a: Arctozolt|Stomping Tantrum|p1a: Nihilego
|-supereffective|p1a: Nihilego
|-damage|p1a: Nihilego|0 fnt
|faint|p1a: Nihilego
|
|upkeep
|
|t:|1639707052
|switch|p1a: Tapu Fini|Tapu Fini|100/100
|-fieldstart|move: Misty Terrain|[from] ability: Misty Surge|[of] p1a: Tapu Fini
|turn|8
|
|t:|1639707056
|switch|p1a: Garchomp|Garchomp, F|100/100
|move|p2a: Arctozolt|Blizzard|p1a: Garchomp
|-supereffective|p1a: Garchomp
|-damage|p1a: Garchomp|0 fnt
|faint|p1a: Garchomp
|
|-end|p2a: Arctozolt|move: Future Sight
|-crit|p2a: Arctozolt
|-end|p2a: Arctozolt|Substitute
|-sideend|p2: LECH24|move: Aurora Veil
|upkeep
|
|t:|1639707060
|switch|p1a: Zapdos|Zapdos-Galar|88/100
|turn|9
|
|t:|1639707085
|switch|p2a: Magnezone|Magnezone|100/100
|-item|p2a: Magnezone|Air Balloon
|move|p1a: Zapdos|Brave Bird|p2a: Magnezone
|-resisted|p2a: Magnezone
|-damage|p2a: Magnezone|88/100
|-enditem|p2a: Magnezone|Air Balloon
|-damage|p1a: Zapdos|84/100|[from] Recoil
|
|upkeep
|turn|10
|
|t:|1639707094
|switch|p1a: Slowking|Slowking-Galar, M|43/100
|move|p2a: Magnezone|Thunderbolt|p1a: Slowking
|-damage|p1a: Slowking|24/100
|
|upkeep
|turn|11
|
|t:|1639707101
|move|p2a: Magnezone|Iron Defense|p2a: Magnezone
|-boost|p2a: Magnezone|def|2
|move|p1a: Slowking|Future Sight|p2a: Magnezone
|-start|p1a: Slowking|move: Future Sight
|
|upkeep
|turn|12
|
|t:|1639707104
|move|p2a: Magnezone|Thunderbolt|p1a: Slowking
|-damage|p1a: Slowking|4/100
|move|p1a: Slowking|Flamethrower|p2a: Magnezone
|-supereffective|p2a: Magnezone
|-damage|p2a: Magnezone|40/100
|
|-fieldend|Misty Terrain
|upkeep
|turn|13
|
|t:|1639707108
|move|p2a: Magnezone|Body Press|p1a: Slowking
|-resisted|p1a: Slowking
|-damage|p1a: Slowking|0 fnt
|faint|p1a: Slowking
|
|-end|p2a: Magnezone|move: Future Sight
|-resisted|p2a: Magnezone
|-damage|p2a: Magnezone|15/100
|upkeep
|
|t:|1639707113
|switch|p1a: Zapdos|Zapdos-Galar|84/100
|turn|14
|
|t:|1639707122
|move|p1a: Zapdos|Thunderous Kick|p2a: Magnezone
|-supereffective|p2a: Magnezone
|-damage|p2a: Magnezone|0 fnt
|faint|p2a: Magnezone
|
|upkeep
|
|t:|1639707135
|switch|p2a: Landorus|Landorus-Therian, M|100/100
|-ability|p2a: Landorus|Intimidate|boost
|-unboost|p1a: Zapdos|atk|1
|-ability|p1a: Zapdos|Defiant
|-boost|p1a: Zapdos|atk|2
|turn|15
|
|t:|1639707138
|move|p1a: Zapdos|Thunderous Kick|p2a: Landorus
|-resisted|p2a: Landorus
|-damage|p2a: Landorus|79/100
|-unboost|p2a: Landorus|def|1
|-damage|p1a: Zapdos|67/100|[from] item: Rocky Helmet|[of] p2a: Landorus
|move|p2a: Landorus|Toxic|p1a: Zapdos
|-status|p1a: Zapdos|tox
|
|-damage|p1a: Zapdos|61/100 tox|[from] psn
|upkeep
|turn|16
|
|t:|1639707144
|move|p1a: Zapdos|Thunderous Kick|p2a: Landorus
|-resisted|p2a: Landorus
|-damage|p2a: Landorus|42/100
|-unboost|p2a: Landorus|def|1
|-damage|p1a: Zapdos|45/100 tox|[from] item: Rocky Helmet|[of] p2a: Landorus
|move|p2a: Landorus|Earthquake|p1a: Zapdos
|-immune|p1a: Zapdos
|
|-damage|p1a: Zapdos|32/100 tox|[from] psn
|upkeep
|turn|17
|inactive|LECH24 has 120 seconds left.
|inactive|Astra Lilac has 120 seconds left.
|inactive|LECH24 has 90 seconds left.
|
|t:|1639707221
|switch|p1a: Magnezone|Magnezone|100/100
|switch|p2a: Arctozolt|Arctozolt|76/100
|
|upkeep
|turn|18
|
|t:|1639707229
|move|p2a: Arctozolt|Substitute|p2a: Arctozolt
|-start|p2a: Arctozolt|Substitute
|-damage|p2a: Arctozolt|51/100
|move|p1a: Magnezone|Magnet Rise|p1a: Magnezone
|-start|p1a: Magnezone|Magnet Rise
|
|upkeep
|turn|19
|
|t:|1639707232
|move|p2a: Arctozolt|Bolt Beak|p1a: Magnezone
|-resisted|p1a: Magnezone
|-damage|p1a: Magnezone|76/100
|move|p1a: Magnezone|Iron Defense|p1a: Magnezone
|-boost|p1a: Magnezone|def|2
|
|-heal|p1a: Magnezone|82/100|[from] item: Leftovers
|upkeep
|turn|20
|
|t:|1639707239
|move|p2a: Arctozolt|Blizzard|p1a: Magnezone|[miss]
|-miss|p2a: Arctozolt|p1a: Magnezone
|move|p1a: Magnezone|Iron Defense|p1a: Magnezone
|-boost|p1a: Magnezone|def|2
|
|-heal|p1a: Magnezone|88/100|[from] item: Leftovers
|upkeep
|turn|21
|
|t:|1639707244
|move|p2a: Arctozolt|Blizzard|p1a: Magnezone
|-resisted|p1a: Magnezone
|-damage|p1a: Magnezone|69/100
|move|p1a: Magnezone|Body Press|p2a: Arctozolt
|-supereffective|p2a: Arctozolt
|-end|p2a: Arctozolt|Substitute
|
|-heal|p1a: Magnezone|75/100|[from] item: Leftovers
|upkeep
|turn|22
|
|t:|1639707252
|move|p2a: Arctozolt|Substitute|p2a: Arctozolt
|-start|p2a: Arctozolt|Substitute
|-damage|p2a: Arctozolt|26/100
|move|p1a: Magnezone|Iron Defense|p1a: Magnezone
|-boost|p1a: Magnezone|def|2
|
|-heal|p1a: Magnezone|81/100|[from] item: Leftovers
|-end|p1a: Magnezone|Magnet Rise
|upkeep
|turn|23
|
|t:|1639707255
|move|p2a: Arctozolt|Stomping Tantrum|p1a: Magnezone
|-supereffective|p1a: Magnezone
|-damage|p1a: Magnezone|65/100
|move|p1a: Magnezone|Magnet Rise|p1a: Magnezone
|-start|p1a: Magnezone|Magnet Rise
|
|-heal|p1a: Magnezone|71/100|[from] item: Leftovers
|upkeep
|turn|24
|
|t:|1639707258
|move|p2a: Arctozolt|Blizzard|p1a: Magnezone
|-resisted|p1a: Magnezone
|-damage|p1a: Magnezone|52/100
|move|p1a: Magnezone|Body Press|p2a: Arctozolt
|-supereffective|p2a: Arctozolt
|-end|p2a: Arctozolt|Substitute
|
|-heal|p1a: Magnezone|58/100|[from] item: Leftovers
|upkeep
|turn|25
|
|t:|1639707263
|move|p2a: Arctozolt|Blizzard|p1a: Magnezone
|-resisted|p1a: Magnezone
|-damage|p1a: Magnezone|40/100
|move|p1a: Magnezone|Body Press|p2a: Arctozolt
|-supereffective|p2a: Arctozolt
|-damage|p2a: Arctozolt|0 fnt
|faint|p2a: Arctozolt
|
|-heal|p1a: Magnezone|46/100|[from] item: Leftovers
|upkeep
|
|t:|1639707269
|switch|p2a: Terrakion|Terrakion|100/100
|turn|26
|
|t:|1639707272
|move|p2a: Terrakion|Close Combat|p1a: Magnezone
|-supereffective|p1a: Magnezone
|-damage|p1a: Magnezone|15/100
|-unboost|p2a: Terrakion|def|1
|-unboost|p2a: Terrakion|spd|1
|move|p1a: Magnezone|Body Press|p2a: Terrakion
|-supereffective|p2a: Terrakion
|-damage|p2a: Terrakion|0 fnt
|faint|p2a: Terrakion
|
|-heal|p1a: Magnezone|21/100|[from] item: Leftovers
|upkeep
|
|t:|1639707277
|switch|p2a: Blissey|Blissey, F|100/100
|turn|27
|
|t:|1639707281
|move|p1a: Magnezone|Body Press|p2a: Blissey
|-supereffective|p2a: Blissey
|-damage|p2a: Blissey|0 fnt
|faint|p2a: Blissey
|
|-heal|p1a: Magnezone|27/100|[from] item: Leftovers
|-end|p1a: Magnezone|Magnet Rise
|upkeep
|-message|LECH24 forfeited.
|
|win|Astra Lilac
|raw|Astra Lilac's rating: 1586 &rarr; <strong>1615</strong><br />(+29 for winning)
|raw|LECH24's rating: 1751 &rarr; <strong>1722</strong><br />(-29 for losing)
|l|☆LECH24
