|j|☆mkyn
|j|☆PQPP214
|t:|1645954825
|gametype|singles
|player|p1|mkyn|morty|1574
|player|p2|PQPP214|1|1549
|teamsize|p1|6
|teamsize|p2|6
|gen|8
|tier|[Gen 8] OU
|rated|
|rule|Sleep Clause Mod: Limit one foe put to sleep
|rule|Species Clause: Limit one of each Pokémon
|rule|OHKO Clause: OHKO moves are banned
|rule|Evasion Moves Clause: Evasion moves are banned
|rule|Endless Battle Clause: Forcing endless battles is banned
|rule|HP Percentage Mod: HP is shown in percentages
|rule|Dynamax Clause: You cannot dynamax
|clearpoke
|poke|p1|Dragapult, F|
|poke|p1|Aegislash, M|
|poke|p1|Gyarados, F|
|poke|p1|Tapu Fini|
|poke|p1|Nidoking, M|
|poke|p1|Azelf|
|poke|p2|Landorus-Therian, M|
|poke|p2|Tornadus-Therian, M|
|poke|p2|Zeraora|
|poke|p2|Zapdos-Galar|
|poke|p2|Jirachi|
|poke|p2|Toxapex, M|
|teampreview
|inactive|Battle timer is ON: inactive players will automatically lose when time's up. (requested by mkyn)
|
|t:|1645954866
|start
|switch|p1a: Azelf|Azelf|100/100
|switch|p2a: Tornadus|Tornadus-Therian, M, shiny|100/100
|turn|1
|
|t:|1645954871
|move|p1a: Azelf|Stealth Rock|p2a: Tornadus
|-sidestart|p2: PQPP214|move: Stealth Rock
|move|p2a: Tornadus|Knock Off|p1a: Azelf
|-supereffective|p1a: Azelf
|-damage|p1a: Azelf|24/100
|-enditem|p1a: Azelf|Focus Sash|[from] move: Knock Off|[of] p2a: Tornadus
|
|upkeep
|turn|2
|
|t:|1645954882
|switch|p2a: Jirachi|Jirachi, shiny|100/100
|-damage|p2a: Jirachi|94/100|[from] Stealth Rock
|move|p1a: Azelf|Explosion|p2a: Jirachi
|-resisted|p2a: Jirachi
|-damage|p2a: Jirachi|66/100
|faint|p1a: Azelf
|
|-heal|p2a: Jirachi|72/100|[from] item: Leftovers
|upkeep
|
|t:|1645954899
|switch|p1a: Aegislash|Aegislash, M|100/100
|turn|3
|
|t:|1645954907
|switch|p2a: Toxapex|Toxapex, M, shiny|100/100
|-damage|p2a: Toxapex|88/100|[from] Stealth Rock
|move|p1a: Aegislash|Swords Dance|p1a: Aegislash
|-boost|p1a: Aegislash|atk|2
|
|upkeep
|turn|4
|
|t:|1645954919
|switch|p1a: Nidoking|Nidoking, M|100/100
|move|p2a: Toxapex|Haze|p2a: Toxapex
|-clearallboost
|
|upkeep
|turn|5
|
|t:|1645954934
|switch|p2a: Tornadus|Tornadus-Therian, M, shiny|100/100
|move|p1a: Nidoking|Ice Beam|p2a: Tornadus
|-supereffective|p2a: Tornadus
|-damage|p2a: Tornadus|25/100
|
|upkeep
|turn|6
|
|t:|1645954945
|move|p2a: Tornadus|Knock Off|p1a: Nidoking
|-crit|p1a: Nidoking
|-damage|p1a: Nidoking|56/100
|-enditem|p1a: Nidoking|Life Orb|[from] move: Knock Off|[of] p2a: Tornadus
|move|p1a: Nidoking|Ice Beam|p2a: Tornadus
|-supereffective|p2a: Tornadus
|-damage|p2a: Tornadus|0 fnt
|faint|p2a: Tornadus
|
|upkeep
|
|t:|1645954962
|switch|p2a: Landorus|Landorus-Therian, M, shiny|100/100
|-damage|p2a: Landorus|88/100|[from] Stealth Rock
|-ability|p2a: Landorus|Intimidate|boost
|-unboost|p1a: Nidoking|atk|1
|turn|7
|
|t:|1645954971
|switch|p1a: Gyarados|Gyarados, F|100/100
|switch|p2a: Jirachi|Jirachi, shiny|72/100
|-damage|p2a: Jirachi|66/100|[from] Stealth Rock
|
|-heal|p2a: Jirachi|72/100|[from] item: Leftovers
|upkeep
|turn|8
|
|t:|1645954979
|move|p1a: Gyarados|Earthquake|p2a: Jirachi
|-supereffective|p2a: Jirachi
|-damage|p2a: Jirachi|15/100
|move|p2a: Jirachi|U-turn|p1a: Gyarados
|-resisted|p1a: Gyarados
|-damage|p1a: Gyarados|90/100
|
|t:|1645954986
|switch|p2a: Zeraora|Zeraora, shiny|100/100|[from]move: U-turn
|
|upkeep
|turn|9
|
|t:|1645954996
|switch|p1a: Dragapult|Dragapult, F|100/100
|move|p2a: Zeraora|Knock Off|p1a: Dragapult
|-supereffective|p1a: Dragapult
|-damage|p1a: Dragapult|10/100
|-enditem|p1a: Dragapult|Leftovers|[from] move: Knock Off|[of] p2a: Zeraora
|
|upkeep
|turn|10
|
|t:|1645955004
|move|p2a: Zeraora|Knock Off|p1a: Dragapult
|-supereffective|p1a: Dragapult
|-damage|p1a: Dragapult|0 fnt
|faint|p1a: Dragapult
|
|upkeep
|
|t:|1645955008
|switch|p1a: Nidoking|Nidoking, M|56/100
|turn|11
|
|t:|1645955017
|switch|p2a: Jirachi|Jirachi, shiny|15/100
|-damage|p2a: Jirachi|9/100|[from] Stealth Rock
|move|p1a: Nidoking|Earth Power|p2a: Jirachi
|-supereffective|p2a: Jirachi
|-damage|p2a: Jirachi|0 fnt
|faint|p2a: Jirachi
|
|upkeep
|
|t:|1645955027
|switch|p2a: Zapdos|Zapdos-Galar|100/100
|-damage|p2a: Zapdos|88/100|[from] Stealth Rock
|turn|12
|
|t:|1645955030
|switch|p1a: Aegislash|Aegislash, M|100/100
|move|p2a: Zapdos|Stomping Tantrum|p1a: Aegislash
|-supereffective|p1a: Aegislash
|-damage|p1a: Aegislash|29/100
|
|upkeep
|turn|13
|
|t:|1645955036
|-formechange|p1a: Aegislash|Aegislash-Blade||[from] ability: Stance Change
|move|p1a: Aegislash|Shadow Sneak|p2a: Zapdos
|-damage|p2a: Zapdos|53/100
|-damage|p1a: Aegislash|19/100|[from] item: Life Orb
|move|p2a: Zapdos|Stomping Tantrum|p1a: Aegislash
|-supereffective|p1a: Aegislash
|-damage|p1a: Aegislash|0 fnt
|faint|p1a: Aegislash
|
|upkeep
|
|t:|1645955039
|switch|p1a: Gyarados|Gyarados, F|90/100
|turn|14
|
|t:|1645955049
|switch|p2a: Zeraora|Zeraora, shiny|100/100
|move|p1a: Gyarados|Dragon Dance|p1a: Gyarados
|-boost|p1a: Gyarados|atk|1
|-boost|p1a: Gyarados|spe|1
|
|upkeep
|turn|15
|
|t:|1645955065
|switch|p2a: Landorus|Landorus-Therian, M, shiny|88/100
|-damage|p2a: Landorus|76/100|[from] Stealth Rock
|-ability|p2a: Landorus|Intimidate|boost
|-unboost|p1a: Gyarados|atk|1
|switch|p1a: Tapu Fini|Tapu Fini|100/100
|-fieldstart|move: Misty Terrain|[from] ability: Misty Surge|[of] p1a: Tapu Fini
|
|-heal|p2a: Landorus|82/100|[from] item: Leftovers
|upkeep
|turn|16
|
|t:|1645955079
|switch|p2a: Toxapex|Toxapex, M, shiny|100/100
|-damage|p2a: Toxapex|88/100|[from] Stealth Rock
|move|p1a: Tapu Fini|Surf|p2a: Toxapex
|-resisted|p2a: Toxapex
|-damage|p2a: Toxapex|72/100
|
|upkeep
|turn|17
|
|t:|1645955086
|move|p1a: Tapu Fini|Calm Mind|p1a: Tapu Fini
|-boost|p1a: Tapu Fini|spa|1
|-boost|p1a: Tapu Fini|spd|1
|move|p2a: Toxapex|Knock Off|p1a: Tapu Fini
|-resisted|p1a: Tapu Fini
|-damage|p1a: Tapu Fini|93/100
|-enditem|p1a: Tapu Fini|Leftovers|[from] move: Knock Off|[of] p2a: Toxapex
|
|upkeep
|turn|18
|
|t:|1645955089
|move|p1a: Tapu Fini|Taunt|p2a: Toxapex
|-start|p2a: Toxapex|move: Taunt
|cant|p2a: Toxapex|move: Taunt|Haze
|
|upkeep
|turn|19
|
|t:|1645955092
|switch|p2a: Zeraora|Zeraora, shiny|100/100
|move|p1a: Tapu Fini|Calm Mind|p1a: Tapu Fini
|-boost|p1a: Tapu Fini|spa|1
|-boost|p1a: Tapu Fini|spd|1
|
|-fieldend|Misty Terrain
|upkeep
|turn|20
|
|t:|1645955096
|move|p2a: Zeraora|Plasma Fists|p1a: Tapu Fini
|-supereffective|p1a: Tapu Fini
|-damage|p1a: Tapu Fini|16/100
|-fieldactivate|move: Ion Deluge
|-hint|Normal-type moves become Electric-type after using Plasma Fists.
|move|p1a: Tapu Fini|Surf|p2a: Zeraora
|-damage|p2a: Zeraora|13/100
|
|upkeep
|turn|21
|
|t:|1645955111
|move|p2a: Zeraora|Volt Switch|p1a: Tapu Fini
|-supereffective|p1a: Tapu Fini
|-damage|p1a: Tapu Fini|0 fnt
|faint|p1a: Tapu Fini
|
|t:|1645955116
|switch|p2a: Zapdos|Zapdos-Galar|53/100|[from]move: Volt Switch
|-damage|p2a: Zapdos|40/100|[from] Stealth Rock
|
|upkeep
|
|t:|1645955119
|switch|p1a: Gyarados|Gyarados, F|90/100
|turn|22
|
|t:|1645955124
|move|p2a: Zapdos|Brave Bird|p1a: Gyarados
|-damage|p1a: Gyarados|0 fnt
|faint|p1a: Gyarados
|-damage|p2a: Zapdos|10/100|[from] Recoil
|
|upkeep
|
|t:|1645955127
|switch|p1a: Nidoking|Nidoking, M|56/100
|turn|23
|-message|mkyn forfeited.
|
|win|PQPP214
|raw|mkyn's rating: 1594 &rarr; <strong>1571</strong><br />(-23 for losing)
|raw|PQPP214's rating: 1549 &rarr; <strong>1572</strong><br />(+23 for winning)
|l|☆mkyn
