|j|☆JoeyOwesMeMoney
|j|☆HLT1B Aqua
|player|p1|JoeyOwesMeMoney|101|1788
|player|p2|HLT1B Aqua|266|1785
|teamsize|p1|6
|teamsize|p2|6
|gametype|singles
|gen|8
|tier|[Gen 8] OU
|rated|
|clearpoke
|poke|p1|Chansey, F|
|poke|p1|Toxapex, M|
|poke|p1|Clefable, M|
|poke|p1|Corviknight, F|
|poke|p1|Magearna|
|poke|p1|Blissey, F|
|poke|p2|Bisharp, F|
|poke|p2|Urshifu-*, M|
|poke|p2|Rotom-Wash|
|poke|p2|Marowak-Alola, F|
|poke|p2|Cinderace, M|
|poke|p2|Togekiss, M|
|rule|Sleep Clause Mod: Limit one foe put to sleep
|rule|Species Clause: Limit one of each Pokémon
|rule|OHKO Clause: OHKO moves are banned
|rule|Evasion Moves Clause: Evasion moves are banned
|rule|Endless Battle Clause: Forcing endless battles is banned
|rule|HP Percentage Mod: HP is shown in percentages
|rule|Dynamax Clause: You cannot dynamax
|teampreview
|
|start
|switch|p1a: Toxapex|Toxapex, M|100/100
|switch|p2a: washing-machine|Rotom-Wash|100/100
|turn|1
|
|move|p2a: washing-machine|Trick|p1a: Toxapex
|-activate|p2a: washing-machine|move: Trick|[of] p1a: Toxapex
|-item|p1a: Toxapex|Choice Scarf|[from] move: Trick
|-item|p2a: washing-machine|Black Sludge|[from] move: Trick
|move|p1a: Toxapex|Toxic Spikes|p2a: washing-machine
|-sidestart|p2: HLT1B Aqua|move: Toxic Spikes
|
|-damage|p2a: washing-machine|88/100|[from] item: Black Sludge
|upkeep
|turn|2
|j| fs boys
|
|move|p2a: washing-machine|Volt Switch|p1a: Toxapex
|-supereffective|p1a: Toxapex
|-damage|p1a: Toxapex|57/100
|j| Xhp
|
|switch|p2a: DR barber|Togekiss, M|100/100|[from]move: Volt Switch
|move|p1a: Toxapex|Toxic Spikes|p2a: DR barber
|-sidestart|p2: HLT1B Aqua|move: Toxic Spikes
|
|upkeep
|turn|3
|
|switch|p1a: Magearna|Magearna|100/100
|move|p2a: DR barber|Substitute|p2a: DR barber
|-start|p2a: DR barber|Substitute
|-damage|p2a: DR barber|76/100
|
|-heal|p2a: DR barber|82/100|[from] item: Leftovers
|upkeep
|turn|4
|
|move|p2a: DR barber|Air Slash|p1a: Magearna
|-resisted|p1a: Magearna
|-damage|p1a: Magearna|84/100
|cant|p1a: Magearna|flinch
|
|-heal|p2a: DR barber|88/100|[from] item: Leftovers
|upkeep
|turn|5
|
|move|p2a: DR barber|Flamethrower|p1a: Magearna
|-supereffective|p1a: Magearna
|-damage|p1a: Magearna|25/100
|move|p1a: Magearna|Thunderbolt|p2a: DR barber
|-supereffective|p2a: DR barber
|-end|p2a: DR barber|Substitute
|
|-heal|p2a: DR barber|94/100|[from] item: Leftovers
|upkeep
|turn|6
|
|switch|p1a: Blissey|Blissey, F|100/100
|move|p2a: DR barber|Flamethrower|p1a: Blissey
|-damage|p1a: Blissey|89/100
|
|-heal|p2a: DR barber|99/100|[from] item: Leftovers
|-heal|p1a: Blissey|96/100|[from] item: Leftovers
|upkeep
|turn|7
|
|switch|p2a: choppa's|Cinderace, M|100/100
|move|p1a: Blissey|Seismic Toss|p2a: choppa's
|-damage|p2a: choppa's|67/100
|
|-heal|p1a: Blissey|100/100|[from] item: Leftovers
|upkeep
|turn|8
|
|switch|p1a: Clefable|Clefable, M|100/100
|move|p2a: choppa's|Court Change|p2a: choppa's
|-start|p2a: choppa's|typechange|Normal|[from] ability: Libero
|-sideend|p2: HLT1B Aqua|Toxic Spikes|[silent]
|-sidestart|p1: JoeyOwesMeMoney|Toxic Spikes|[silent]
|-sidestart|p1: JoeyOwesMeMoney|Toxic Spikes|[silent]
|-activate|p2a: choppa's|move: Court Change
|
|upkeep
|turn|9
|
|move|p2a: choppa's|U-turn|p1a: Clefable
|-start|p2a: choppa's|typechange|Bug|[from] ability: Libero
|-resisted|p1a: Clefable
|-damage|p1a: Clefable|89/100
|
|switch|p2a: glllltttbow|Marowak-Alola, F|100/100|[from]move: U-turn
|move|p1a: Clefable|Knock Off|p2a: glllltttbow
|-supereffective|p2a: glllltttbow
|-damage|p2a: glllltttbow|70/100
|-enditem|p2a: glllltttbow|Thick Club|[from] move: Knock Off|[of] p1a: Clefable
|
|-heal|p1a: Clefable|95/100|[from] item: Leftovers
|upkeep
|turn|10
|
|switch|p1a: Toxapex|Toxapex, M|90/100
|-sideend|p1: JoeyOwesMeMoney|move: Toxic Spikes|[of] p1a: Toxapex
|move|p2a: glllltttbow|Stealth Rock|p1a: Toxapex
|-sidestart|p1: JoeyOwesMeMoney|move: Stealth Rock
|
|upkeep
|turn|11
|
|switch|p2a: washing-machine|Rotom-Wash|88/100
|move|p1a: Toxapex|Poison Jab|p2a: washing-machine
|-damage|p2a: washing-machine|67/100
|
|-damage|p2a: washing-machine|54/100|[from] item: Black Sludge
|upkeep
|turn|12
|
|move|p2a: washing-machine|Volt Switch|p1a: Toxapex
|-supereffective|p1a: Toxapex
|-crit|p1a: Toxapex
|-damage|p1a: Toxapex|30/100
|
|switch|p2a: techs|Bisharp, F|100/100|[from]move: Volt Switch
|move|p1a: Toxapex|Poison Jab|p2a: techs
|-immune|p2a: techs
|
|upkeep
|turn|13
|
|switch|p1a: Corviknight|Corviknight, F|100/100
|-damage|p1a: Corviknight|88/100|[from] Stealth Rock
|-ability|p1a: Corviknight|Pressure
|move|p2a: techs|Swords Dance|p2a: techs
|-boost|p2a: techs|atk|2
|
|upkeep
|turn|14
|
|move|p2a: techs|Knock Off|p1a: Corviknight
|-damage|p1a: Corviknight|12/100
|-damage|p2a: techs|84/100|[from] item: Rocky Helmet|[of] p1a: Corviknight
|-enditem|p1a: Corviknight|Rocky Helmet|[from] move: Knock Off|[of] p2a: techs
|-damage|p2a: techs|74/100|[from] item: Life Orb
|move|p1a: Corviknight|Body Press|p2a: techs
|-supereffective|p2a: techs
|-damage|p2a: techs|0 fnt
|faint|p2a: techs
|
|upkeep
|
|switch|p2a: washing-machine|Rotom-Wash|54/100
|turn|15
|l| Xhp
|
|switch|p1a: Chansey|Chansey, F|100/100
|-damage|p1a: Chansey|88/100|[from] Stealth Rock
|move|p2a: washing-machine|Volt Switch|p1a: Chansey
|-damage|p1a: Chansey|81/100
|
|switch|p2a: Urshifu|Urshifu, M|100/100|[from]move: Volt Switch
|
|upkeep
|turn|16
|
|switch|p1a: Corviknight|Corviknight, F|12/100
|-damage|p1a: Corviknight|0 fnt|[from] Stealth Rock
|faint|p1a: Corviknight
|move|p2a: Urshifu|U-turn|p1: Corviknight|[notarget]
|-fail|p2a: Urshifu
|
|upkeep
|
|switch|p1a: Clefable|Clefable, M|95/100
|-damage|p1a: Clefable|82/100|[from] Stealth Rock
|turn|17
|
|move|p2a: Urshifu|U-turn|p1a: Clefable
|-resisted|p1a: Clefable
|-damage|p1a: Clefable|68/100
|
|switch|p2a: washing-machine|Rotom-Wash|54/100|[from]move: U-turn
|move|p1a: Clefable|Wish|p1a: Clefable
|
|-damage|p2a: washing-machine|42/100|[from] item: Black Sludge
|-heal|p1a: Clefable|74/100|[from] item: Leftovers
|upkeep
|turn|18
|
|move|p1a: Clefable|Protect|p1a: Clefable
|-singleturn|p1a: Clefable|Protect
|move|p2a: washing-machine|Trick|p1a: Clefable
|-activate|p1a: Clefable|move: Protect
|
|-heal|p1a: Clefable|100/100|[from] move: Wish|[wisher] Clefable
|-damage|p2a: washing-machine|30/100|[from] item: Black Sludge
|upkeep
|turn|19
|j| ROB3R
|
|switch|p1a: Magearna|Magearna|25/100
|-damage|p1a: Magearna|19/100|[from] Stealth Rock
|move|p2a: washing-machine|Volt Switch|p1a: Magearna
|-damage|p1a: Magearna|0 fnt
|faint|p1a: Magearna
|
|switch|p2a: choppa's|Cinderace, M|67/100|[from]move: Volt Switch
|
|upkeep
|
|switch|p1a: Clefable|Clefable, M|100/100
|-damage|p1a: Clefable|88/100|[from] Stealth Rock
|turn|20
|
|move|p2a: choppa's|Pyro Ball|p1a: Clefable|[miss]
|-miss|p2a: choppa's|p1a: Clefable
|move|p1a: Clefable|Wish|p1a: Clefable
|
|-heal|p1a: Clefable|94/100|[from] item: Leftovers
|upkeep
|turn|21
|
|move|p2a: choppa's|Zen Headbutt|p1a: Clefable
|-start|p2a: choppa's|typechange|Psychic|[from] ability: Libero
|-damage|p1a: Clefable|66/100
|move|p1a: Clefable|Moonblast|p2a: choppa's
|-damage|p2a: choppa's|24/100
|
|-heal|p1a: Clefable|100/100|[from] move: Wish|[wisher] Clefable
|upkeep
|turn|22
|
|move|p2a: choppa's|Pyro Ball|p1a: Clefable
|-start|p2a: choppa's|typechange|Fire|[from] ability: Libero
|-crit|p1a: Clefable
|-damage|p1a: Clefable|33/100
|move|p1a: Clefable|Wish|p1a: Clefable
|
|-heal|p1a: Clefable|39/100|[from] item: Leftovers
|upkeep
|turn|23
|
|switch|p2a: DR barber|Togekiss, M|99/100
|move|p1a: Clefable|Protect||[still]
|-fail|p1a: Clefable
|
|-heal|p1a: Clefable|89/100|[from] move: Wish|[wisher] Clefable
|-heal|p2a: DR barber|100/100|[from] item: Leftovers
|-heal|p1a: Clefable|95/100|[from] item: Leftovers
|upkeep
|turn|24
|
|move|p2a: DR barber|Substitute|p2a: DR barber
|-start|p2a: DR barber|Substitute
|-damage|p2a: DR barber|76/100
|move|p1a: Clefable|Wish|p1a: Clefable
|
|-heal|p2a: DR barber|82/100|[from] item: Leftovers
|-heal|p1a: Clefable|100/100|[from] item: Leftovers
|upkeep
|turn|25
|
|switch|p1a: Toxapex|Toxapex, M|64/100
|-damage|p1a: Toxapex|51/100|[from] Stealth Rock
|move|p2a: DR barber|Air Slash|p1a: Toxapex
|-damage|p1a: Toxapex|22/100
|
|-heal|p1a: Toxapex|87/100|[from] move: Wish|[wisher] Clefable
|-heal|p2a: DR barber|88/100|[from] item: Leftovers
|upkeep
|turn|26
|
|move|p2a: DR barber|Air Slash|p1a: Toxapex
|-damage|p1a: Toxapex|54/100
|cant|p1a: Toxapex|flinch
|
|-heal|p2a: DR barber|94/100|[from] item: Leftovers
|upkeep
|turn|27
|
|move|p2a: DR barber|Air Slash|p1a: Toxapex
|-damage|p1a: Toxapex|24/100
|move|p1a: Toxapex|Poison Jab|p2a: DR barber
|-supereffective|p2a: DR barber
|-end|p2a: DR barber|Substitute
|
|-heal|p2a: DR barber|99/100|[from] item: Leftovers
|upkeep
|turn|28
|j| ztxw
|
|switch|p1a: Blissey|Blissey, F|100/100
|-damage|p1a: Blissey|88/100|[from] Stealth Rock
|move|p2a: DR barber|Substitute|p2a: DR barber
|-start|p2a: DR barber|Substitute
|-damage|p2a: DR barber|75/100
|
|-heal|p2a: DR barber|82/100|[from] item: Leftovers
|-heal|p1a: Blissey|94/100|[from] item: Leftovers
|upkeep
|turn|29
|
|move|p2a: DR barber|Nasty Plot|p2a: DR barber
|-boost|p2a: DR barber|spa|2
|move|p1a: Blissey|Seismic Toss|p2a: DR barber
|-end|p2a: DR barber|Substitute
|
|-heal|p2a: DR barber|88/100|[from] item: Leftovers
|-heal|p1a: Blissey|99/100|[from] item: Leftovers
|upkeep
|turn|30
|
|move|p2a: DR barber|Air Slash|p1a: Blissey
|-damage|p1a: Blissey|71/100
|cant|p1a: Blissey|flinch
|
|-heal|p2a: DR barber|94/100|[from] item: Leftovers
|-heal|p1a: Blissey|77/100|[from] item: Leftovers
|upkeep
|turn|31
|
|move|p2a: DR barber|Substitute|p2a: DR barber
|-start|p2a: DR barber|Substitute
|-damage|p2a: DR barber|69/100
|move|p1a: Blissey|Seismic Toss|p2a: DR barber
|-end|p2a: DR barber|Substitute
|
|-heal|p2a: DR barber|75/100|[from] item: Leftovers
|-heal|p1a: Blissey|84/100|[from] item: Leftovers
|upkeep
|turn|32
|
|move|p2a: DR barber|Air Slash|p1a: Blissey
|-damage|p1a: Blissey|57/100
|move|p1a: Blissey|Seismic Toss|p2a: DR barber
|-damage|p2a: DR barber|43/100
|
|-heal|p2a: DR barber|49/100|[from] item: Leftovers
|-heal|p1a: Blissey|63/100|[from] item: Leftovers
|upkeep
|turn|33
|
|move|p2a: DR barber|Air Slash|p1a: Blissey
|-damage|p1a: Blissey|38/100
|move|p1a: Blissey|Seismic Toss|p2a: DR barber
|-damage|p2a: DR barber|17/100
|
|-heal|p2a: DR barber|23/100|[from] item: Leftovers
|-heal|p1a: Blissey|44/100|[from] item: Leftovers
|upkeep
|turn|34
|
|move|p2a: DR barber|Air Slash|p1a: Blissey
|-damage|p1a: Blissey|18/100
|move|p1a: Blissey|Seismic Toss|p2a: DR barber
|-damage|p2a: DR barber|0 fnt
|faint|p2a: DR barber
|
|-heal|p1a: Blissey|24/100|[from] item: Leftovers
|upkeep
|
|switch|p2a: choppa's|Cinderace, M|24/100
|turn|35
|
|move|p2a: choppa's|Pyro Ball|p1a: Blissey
|-damage|p1a: Blissey|0 fnt
|faint|p1a: Blissey
|
|upkeep
|
|switch|p1a: Clefable|Clefable, M|100/100
|-damage|p1a: Clefable|88/100|[from] Stealth Rock
|turn|36
|
|move|p2a: choppa's|Zen Headbutt|p1a: Clefable
|-start|p2a: choppa's|typechange|Psychic|[from] ability: Libero
|-damage|p1a: Clefable|59/100
|cant|p1a: Clefable|flinch
|
|-heal|p1a: Clefable|65/100|[from] item: Leftovers
|upkeep
|turn|37
|
|move|p1a: Clefable|Protect|p1a: Clefable
|-singleturn|p1a: Clefable|Protect
|move|p2a: choppa's|Pyro Ball|p1a: Clefable
|-start|p2a: choppa's|typechange|Fire|[from] ability: Libero
|-activate|p1a: Clefable|move: Protect
|
|-heal|p1a: Clefable|71/100|[from] item: Leftovers
|upkeep
|turn|38
|
|move|p2a: choppa's|Pyro Ball|p1a: Clefable
|-damage|p1a: Clefable|25/100
|move|p1a: Clefable|Wish|p1a: Clefable
|
|-heal|p1a: Clefable|31/100|[from] item: Leftovers
|upkeep
|turn|39
|
|switch|p2a: Urshifu|Urshifu, M|100/100
|move|p1a: Clefable|Protect||[still]
|-fail|p1a: Clefable
|
|-heal|p1a: Clefable|81/100|[from] move: Wish|[wisher] Clefable
|-heal|p1a: Clefable|87/100|[from] item: Leftovers
|upkeep
|turn|40
|
|move|p2a: Urshifu|U-turn|p1a: Clefable
|-resisted|p1a: Clefable
|-damage|p1a: Clefable|73/100
|
|switch|p2a: glllltttbow|Marowak-Alola, F|70/100|[from]move: U-turn
|move|p1a: Clefable|Moonblast|p2a: glllltttbow
|-resisted|p2a: glllltttbow
|-damage|p2a: glllltttbow|51/100
|-unboost|p2a: glllltttbow|spa|1
|
|-heal|p1a: Clefable|79/100|[from] item: Leftovers
|upkeep
|turn|41
|j| MikoForPresident
|
|move|p1a: Clefable|Protect|p1a: Clefable
|-singleturn|p1a: Clefable|Protect
|move|p2a: glllltttbow|Poltergeist|p1a: Clefable
|-activate|p1a: Clefable|move: Protect
|
|-heal|p1a: Clefable|85/100|[from] item: Leftovers
|upkeep
|turn|42
|l| ztxw
|
|switch|p1a: Chansey|Chansey, F|81/100
|-damage|p1a: Chansey|68/100|[from] Stealth Rock
|move|p2a: glllltttbow|Poltergeist|p1a: Chansey
|-immune|p1a: Chansey
|
|upkeep
|turn|43
|
|switch|p2a: Urshifu|Urshifu, M|100/100
|move|p1a: Chansey|Soft-Boiled|p1a: Chansey
|-heal|p1a: Chansey|100/100
|
|upkeep
|turn|44
|
|move|p2a: Urshifu|Wicked Blow|p1a: Chansey
|-crit|p1a: Chansey
|-damage|p1a: Chansey|44/100
|move|p1a: Chansey|Toxic|p2a: Urshifu|[miss]
|-miss|p1a: Chansey|p2a: Urshifu
|
|upkeep
|turn|45
|
|switch|p1a: Toxapex|Toxapex, M|58/100
|-damage|p1a: Toxapex|45/100|[from] Stealth Rock
|move|p2a: Urshifu|Wicked Blow|p1a: Toxapex
|-crit|p1a: Toxapex
|-damage|p1a: Toxapex|0 fnt
|faint|p1a: Toxapex
|
|upkeep
|
|switch|p1a: Clefable|Clefable, M|85/100
|-damage|p1a: Clefable|73/100|[from] Stealth Rock
|turn|46
|
|move|p2a: Urshifu|Wicked Blow|p1a: Clefable
|-resisted|p1a: Clefable
|-crit|p1a: Clefable
|-damage|p1a: Clefable|40/100
|move|p1a: Clefable|Wish|p1a: Clefable
|
|-heal|p1a: Clefable|46/100|[from] item: Leftovers
|upkeep
|turn|47
|
|switch|p2a: glllltttbow|Marowak-Alola, F|51/100
|move|p1a: Clefable|Moonblast|p2a: glllltttbow
|-resisted|p2a: glllltttbow
|-damage|p2a: glllltttbow|30/100
|-unboost|p2a: glllltttbow|spa|1
|
|-heal|p1a: Clefable|96/100|[from] move: Wish|[wisher] Clefable
|-heal|p1a: Clefable|100/100|[from] item: Leftovers
|upkeep
|turn|48
|
|move|p2a: glllltttbow|Poltergeist|p1a: Clefable
|-activate|p1a: Clefable|move: Poltergeist|Leftovers
|-crit|p1a: Clefable
|-damage|p1a: Clefable|50/100
|move|p1a: Clefable|Wish|p1a: Clefable
|
|-heal|p1a: Clefable|56/100|[from] item: Leftovers
|upkeep
|turn|49
|j| Blop_Le_Slime
|
|move|p2a: glllltttbow|Poltergeist|p1a: Clefable
|-activate|p1a: Clefable|move: Poltergeist|Leftovers
|-damage|p1a: Clefable|26/100
|move|p1a: Clefable|Moonblast|p2a: glllltttbow
|-resisted|p2a: glllltttbow
|-damage|p2a: glllltttbow|10/100
|
|-heal|p1a: Clefable|76/100|[from] move: Wish|[wisher] Clefable
|-heal|p1a: Clefable|82/100|[from] item: Leftovers
|upkeep
|turn|50
|
|move|p1a: Clefable|Protect|p1a: Clefable
|-singleturn|p1a: Clefable|Protect
|move|p2a: glllltttbow|Fire Punch|p1a: Clefable
|-activate|p1a: Clefable|move: Protect
|
|-heal|p1a: Clefable|88/100|[from] item: Leftovers
|upkeep
|turn|51
|
|move|p2a: glllltttbow|Fire Punch|p1a: Clefable
|-crit|p1a: Clefable
|-damage|p1a: Clefable|52/100
|move|p1a: Clefable|Wish|p1a: Clefable
|
|-heal|p1a: Clefable|59/100|[from] item: Leftovers
|upkeep
|turn|52
|
|move|p1a: Clefable|Protect|p1a: Clefable
|-singleturn|p1a: Clefable|Protect
|move|p2a: glllltttbow|Fire Punch|p1a: Clefable
|-activate|p1a: Clefable|move: Protect
|
|-heal|p1a: Clefable|100/100|[from] move: Wish|[wisher] Clefable
|upkeep
|turn|53
|
|move|p2a: glllltttbow|Fire Punch|p1a: Clefable
|-damage|p1a: Clefable|78/100
|move|p1a: Clefable|Wish|p1a: Clefable
|
|-heal|p1a: Clefable|84/100|[from] item: Leftovers
|upkeep
|turn|54
|
|move|p2a: glllltttbow|Fire Punch|p1a: Clefable
|-damage|p1a: Clefable|61/100
|move|p1a: Clefable|Moonblast|p2a: glllltttbow
|-resisted|p2a: glllltttbow
|-damage|p2a: glllltttbow|0 fnt
|faint|p2a: glllltttbow
|
|-heal|p1a: Clefable|100/100|[from] move: Wish|[wisher] Clefable
|upkeep
|
|switch|p2a: washing-machine|Rotom-Wash|30/100
|turn|55
|
|move|p1a: Clefable|Protect|p1a: Clefable
|-singleturn|p1a: Clefable|Protect
|move|p2a: washing-machine|Trick|p1a: Clefable
|-activate|p1a: Clefable|move: Protect
|
|-damage|p2a: washing-machine|18/100|[from] item: Black Sludge
|upkeep
|turn|56
|
|switch|p1a: Chansey|Chansey, F|44/100
|-damage|p1a: Chansey|32/100|[from] Stealth Rock
|move|p2a: washing-machine|Trick|p1a: Chansey
|-activate|p2a: washing-machine|move: Trick|[of] p1a: Chansey
|-item|p1a: Chansey|Black Sludge|[from] move: Trick
|-item|p2a: washing-machine|Eviolite|[from] move: Trick
|
|-damage|p1a: Chansey|19/100|[from] item: Black Sludge
|upkeep
|turn|57
|
|move|p2a: washing-machine|Hydro Pump|p1a: Chansey
|-damage|p1a: Chansey|0 fnt
|faint|p1a: Chansey
|
|upkeep
|
|switch|p1a: Clefable|Clefable, M|100/100
|-damage|p1a: Clefable|88/100|[from] Stealth Rock
|turn|58
|j| Nightfall whisper
|
|move|p2a: washing-machine|Trick|p1a: Clefable
|-activate|p2a: washing-machine|move: Trick|[of] p1a: Clefable
|-item|p1a: Clefable|Eviolite|[from] move: Trick
|-item|p2a: washing-machine|Leftovers|[from] move: Trick
|move|p1a: Clefable|Wish|p1a: Clefable
|
|-heal|p2a: washing-machine|24/100|[from] item: Leftovers
|upkeep
|turn|59
|
|move|p2a: washing-machine|Hydro Pump|p1a: Clefable
|-damage|p1a: Clefable|47/100
|move|p1a: Clefable|Moonblast|p2a: washing-machine
|-damage|p2a: washing-machine|0 fnt
|faint|p2a: washing-machine
|
|-heal|p1a: Clefable|97/100|[from] move: Wish|[wisher] Clefable
|upkeep
|
|switch|p2a: choppa's|Cinderace, M|24/100
|turn|60
|
|move|p1a: Clefable|Protect|p1a: Clefable
|-singleturn|p1a: Clefable|Protect
|move|p2a: choppa's|Pyro Ball|p1a: Clefable
|-activate|p1a: Clefable|move: Protect
|
|upkeep
|turn|61
|
|move|p2a: choppa's|Pyro Ball|p1a: Clefable
|-damage|p1a: Clefable|51/100
|move|p1a: Clefable|Wish|p1a: Clefable
|
|upkeep
|turn|62
|
|move|p1a: Clefable|Protect|p1a: Clefable
|-singleturn|p1a: Clefable|Protect
|move|p2a: choppa's|Zen Headbutt|p1a: Clefable
|-start|p2a: choppa's|typechange|Psychic|[from] ability: Libero
|-activate|p1a: Clefable|move: Protect
|
|-heal|p1a: Clefable|100/100|[from] move: Wish|[wisher] Clefable
|upkeep
|turn|63
|
|move|p2a: choppa's|Pyro Ball|p1a: Clefable
|-start|p2a: choppa's|typechange|Fire|[from] ability: Libero
|-damage|p1a: Clefable|55/100
|move|p1a: Clefable|Wish|p1a: Clefable
|
|upkeep
|turn|64
|
|move|p1a: Clefable|Protect|p1a: Clefable
|-singleturn|p1a: Clefable|Protect
|move|p2a: choppa's|Zen Headbutt|p1a: Clefable
|-start|p2a: choppa's|typechange|Psychic|[from] ability: Libero
|-activate|p1a: Clefable|move: Protect
|
|-heal|p1a: Clefable|100/100|[from] move: Wish|[wisher] Clefable
|upkeep
|turn|65
|
|move|p2a: choppa's|Zen Headbutt|p1a: Clefable
|-damage|p1a: Clefable|73/100
|move|p1a: Clefable|Wish|p1a: Clefable
|
|upkeep
|turn|66
|
|move|p2a: choppa's|Zen Headbutt|p1a: Clefable
|-damage|p1a: Clefable|43/100
|move|p1a: Clefable|Moonblast|p2a: choppa's
|-crit|p2a: choppa's
|-damage|p2a: choppa's|0 fnt
|faint|p2a: choppa's
|
|-heal|p1a: Clefable|93/100|[from] move: Wish|[wisher] Clefable
|upkeep
|
|switch|p2a: Urshifu|Urshifu, M|100/100
|turn|67
|
|move|p2a: Urshifu|Wicked Blow|p1a: Clefable
|-resisted|p1a: Clefable
|-crit|p1a: Clefable
|-damage|p1a: Clefable|56/100
|move|p1a: Clefable|Moonblast|p2a: Urshifu
|-supereffective|p2a: Urshifu
|-damage|p2a: Urshifu|0 fnt
|faint|p2a: Urshifu
|
|win|JoeyOwesMeMoney
|raw|JoeyOwesMeMoney's rating: 1767 &rarr; <strong>1788</strong><br />(+21 for winning)
|raw|HLT1B Aqua's rating: 1785 &rarr; <strong>1764</strong><br />(-21 for losing)
|l|☆HLT1B Aqua
|l| MikoForPresident
|l| ROB3R
|l|☆JoeyOwesMeMoney
