|j|☆noudle soop
|j|☆Steez Ibanez
|t:|1629492657
|gametype|singles
|player|p1|noudle soop|unknown|1757
|player|p2|Steez Ibanez|pokemonranger-gen4|1864
|teamsize|p1|6
|teamsize|p2|6
|gen|8
|tier|[Gen 8] OU
|rated|
|rule|Sleep Clause Mod: Limit one foe put to sleep
|rule|Species Clause: Limit one of each Pokémon
|rule|OHKO Clause: OHKO moves are banned
|rule|Evasion Moves Clause: Evasion moves are banned
|rule|Endless Battle Clause: Forcing endless battles is banned
|rule|HP Percentage Mod: HP is shown in percentages
|rule|Dynamax Clause: You cannot dynamax
|clearpoke
|poke|p1|Tapu Fini|
|poke|p1|Mamoswine, F|
|poke|p1|Magnezone|
|poke|p1|Dragonite, M|
|poke|p1|Heatran, F|
|poke|p1|Kartana|
|poke|p2|Pelipper, M|
|poke|p2|Swampert, M|
|poke|p2|Ferrothorn, M|
|poke|p2|Barraskewda, M|
|poke|p2|Kyurem|
|poke|p2|Regieleki|
|teampreview
|inactive|Battle timer is ON: inactive players will automatically lose when time's up. (requested by noudle soop)
|c|☆noudle soop|where's moltres
|c|☆noudle soop|tf
|c|☆Steez Ibanez|My fault
|c|☆noudle soop|seriously
|
|t:|1629492685
|start
|switch|p1a: Tapu Fini|Tapu Fini|100/100
|switch|p2a: Swamp Thing|Swampert, M|100/100
|-fieldstart|move: Misty Terrain|[from] ability: Misty Surge|[of] p1a: Tapu Fini
|turn|1
|
|t:|1629492688
|move|p1a: Tapu Fini|Knock Off|p2a: Swamp Thing
|-damage|p2a: Swamp Thing|85/100
|-enditem|p2a: Swamp Thing|Leftovers|[from] move: Knock Off|[of] p1a: Tapu Fini
|move|p2a: Swamp Thing|Stealth Rock|p1a: Tapu Fini
|-sidestart|p1: noudle soop|move: Stealth Rock
|
|upkeep
|turn|2
|
|t:|1629492691
|move|p1a: Tapu Fini|Hydro Pump|p2a: Swamp Thing
|-damage|p2a: Swamp Thing|53/100
|move|p2a: Swamp Thing|Toxic|p1a: Tapu Fini
|-activate|p1a: Tapu Fini|move: Misty Terrain
|
|upkeep
|turn|3
|
|t:|1629492697
|move|p1a: Tapu Fini|Knock Off|p2a: Swamp Thing
|-damage|p2a: Swamp Thing|44/100
|move|p2a: Swamp Thing|Flip Turn|p1a: Tapu Fini
|-resisted|p1a: Tapu Fini
|-damage|p1a: Tapu Fini|88/100
|
|t:|1629492701
|switch|p2a: Gucci|Ferrothorn, M, shiny|100/100|[from]move: Flip Turn
|
|upkeep
|turn|4
|j| RWaver
|
|t:|1629492705
|move|p1a: Tapu Fini|Knock Off|p2a: Gucci
|-damage|p2a: Gucci|91/100
|-damage|p1a: Tapu Fini|76/100|[from] ability: Iron Barbs|[of] p2a: Gucci
|-damage|p1a: Tapu Fini|59/100|[from] item: Rocky Helmet|[of] p2a: Gucci
|-enditem|p2a: Gucci|Rocky Helmet|[from] move: Knock Off|[of] p1a: Tapu Fini
|move|p2a: Gucci|Gyro Ball|p1a: Tapu Fini
|-damage|p1a: Tapu Fini|10/100
|
|upkeep
|turn|5
|
|t:|1629492708
|switch|p1a: Magnezone|Magnezone|100/100
|-damage|p1a: Magnezone|94/100|[from] Stealth Rock
|-item|p1a: Magnezone|Air Balloon
|move|p2a: Gucci|Spikes|p1a: Magnezone
|-sidestart|p1: noudle soop|Spikes
|
|-fieldend|Misty Terrain
|upkeep
|turn|6
|
|t:|1629492712
|move|p1a: Magnezone|Iron Defense|p1a: Magnezone
|-boost|p1a: Magnezone|def|2
|move|p2a: Gucci|Leech Seed|p1a: Magnezone
|-start|p1a: Magnezone|move: Leech Seed
|
|-damage|p1a: Magnezone|82/100|[from] Leech Seed|[of] p2a: Gucci
|-heal|p2a: Gucci|100/100|[silent]
|upkeep
|turn|7
|
|t:|1629492714
|move|p1a: Magnezone|Iron Defense|p1a: Magnezone
|-boost|p1a: Magnezone|def|2
|move|p2a: Gucci|Knock Off|p1a: Magnezone
|-damage|p1a: Magnezone|76/100
|-enditem|p1a: Magnezone|Air Balloon
|
|-damage|p1a: Magnezone|63/100|[from] Leech Seed|[of] p2a: Gucci
|upkeep
|turn|8
|
|t:|1629492716
|move|p1a: Magnezone|Iron Defense|p1a: Magnezone
|-boost|p1a: Magnezone|def|2
|move|p2a: Gucci|Spikes|p1a: Magnezone
|-sidestart|p1: noudle soop|Spikes
|
|-damage|p1a: Magnezone|51/100|[from] Leech Seed|[of] p2a: Gucci
|upkeep
|turn|9
|
|t:|1629492718
|move|p1a: Magnezone|Body Press|p2a: Gucci
|-supereffective|p2a: Gucci
|-damage|p2a: Gucci|0 fnt
|-damage|p1a: Magnezone|38/100|[from] ability: Iron Barbs|[of] p2a: Gucci
|faint|p2a: Gucci
|
|upkeep
|
|t:|1629492722
|switch|p2a: Baldor|Kyurem, shiny|100/100
|-ability|p2a: Baldor|Pressure
|turn|10
|
|t:|1629492724
|move|p2a: Baldor|Earth Power|p1a: Magnezone
|-supereffective|p1a: Magnezone
|-damage|p1a: Magnezone|0 fnt
|faint|p1a: Magnezone
|
|upkeep
|
|t:|1629492727
|switch|p1a: Mamoswine|Mamoswine, F|100/100
|-damage|p1a: Mamoswine|84/100|[from] Spikes
|-damage|p1a: Mamoswine|71/100|[from] Stealth Rock
|turn|11
|
|t:|1629492733
|switch|p2a: Swamp Thing|Swampert, M|44/100
|move|p1a: Mamoswine|Earthquake|p2a: Swamp Thing
|-crit|p2a: Swamp Thing
|-damage|p2a: Swamp Thing|0 fnt
|faint|p2a: Swamp Thing
|
|-heal|p1a: Mamoswine|78/100|[from] item: Leftovers
|upkeep
|
|t:|1629492736
|switch|p2a: Nemo's Killer|Barraskewda, M|100/100
|turn|12
|j| altmelmeddle
|j| EuroSpace
|
|t:|1629492739
|switch|p1a: Tapu Fini|Tapu Fini|10/100
|-damage|p1a: Tapu Fini|0 fnt|[from] Spikes
|faint|p1a: Tapu Fini
|move|p2a: Nemo's Killer|Flip Turn|p1: Tapu Fini|[notarget]
|-fail|p2a: Nemo's Killer
|
|upkeep
|
|t:|1629492744
|switch|p1a: Dragonite|Dragonite, M|100/100
|turn|13
|
|t:|1629492746
|move|p2a: Nemo's Killer|Flip Turn|p1a: Dragonite
|-resisted|p1a: Dragonite
|-damage|p1a: Dragonite|89/100
|
|t:|1629492748
|switch|p2a: Baldor|Kyurem, shiny|100/100|[from]move: Flip Turn
|-ability|p2a: Baldor|Pressure
|move|p1a: Dragonite|Dragon Dance|p1a: Dragonite
|-boost|p1a: Dragonite|atk|1
|-boost|p1a: Dragonite|spe|1
|
|upkeep
|turn|14
|
|t:|1629492753
|switch|p1a: Mamoswine|Mamoswine, F|78/100
|-damage|p1a: Mamoswine|61/100|[from] Spikes
|-damage|p1a: Mamoswine|48/100|[from] Stealth Rock
|move|p2a: Baldor|Ice Beam|p1a: Mamoswine
|-damage|p1a: Mamoswine|10/100
|
|-heal|p1a: Mamoswine|16/100|[from] item: Leftovers
|upkeep
|turn|15
|
|t:|1629492759
|move|p1a: Mamoswine|Ice Shard|p2a: Baldor
|-damage|p2a: Baldor|80/100
|move|p2a: Baldor|Ice Beam|p1a: Mamoswine
|-damage|p1a: Mamoswine|0 fnt
|faint|p1a: Mamoswine
|
|-heal|p2a: Baldor|86/100|[from] item: Leftovers
|upkeep
|
|t:|1629492762
|switch|p1a: Kartana|Kartana|100/100
|-damage|p1a: Kartana|84/100|[from] Spikes
|-damage|p1a: Kartana|78/100|[from] Stealth Rock
|turn|16
|
|t:|1629492765
|switch|p2a: Mine|Pelipper, M|100/100
|-weather|RainDance|[from] ability: Drizzle|[of] p2a: Mine
|move|p1a: Kartana|Smart Strike|p2a: Mine
|-resisted|p2a: Mine
|-damage|p2a: Mine|81/100
|
|-weather|RainDance|[upkeep]
|upkeep
|turn|17
|
|t:|1629492768
|move|p1a: Kartana|Smart Strike|p2a: Mine
|-resisted|p2a: Mine
|-damage|p2a: Mine|62/100
|move|p2a: Mine|U-turn|p1a: Kartana
|-damage|p1a: Kartana|69/100
|
|t:|1629492783
|switch|p2a: Ethernet|Regieleki|100/100|[from]move: U-turn
|
|-weather|RainDance|[upkeep]
|upkeep
|turn|18
|-message|noudle soop forfeited.
|
|win|Steez Ibanez
|l|☆noudle soop
|raw|noudle soop's rating: 1757 &rarr; <strong>1743</strong><br />(-14 for losing)
|raw|Steez Ibanez's rating: 1864 &rarr; <strong>1878</strong><br />(+14 for winning)
|l|☆Steez Ibanez
