|j|☆lt94je whyaddicted
|j|☆bramitoboy
|t:|1661169477
|gametype|singles
|player|p1|lt94je whyaddicted|102|1906
|player|p2|bramitoboy|265|2001
|teamsize|p1|6
|teamsize|p2|6
|gen|8
|tier|[Gen 8] OU
|rated|
|rule|Sleep Clause Mod: Limit one foe put to sleep
|rule|Species Clause: Limit one of each Pokémon
|rule|OHKO Clause: OHKO moves are banned
|rule|Evasion Items Clause: Evasion items are banned
|rule|Evasion Moves Clause: Evasion moves are banned
|rule|Endless Battle Clause: Forcing endless battles is banned
|rule|HP Percentage Mod: HP is shown in percentages
|rule|Dynamax Clause: You cannot dynamax
|clearpoke
|poke|p1|Slowking-Galar, F|
|poke|p1|Buzzwole|
|poke|p1|Ferrothorn, F|
|poke|p1|Rotom-Wash|
|poke|p1|Landorus-Therian, M|
|poke|p1|Moltres-Galar|
|poke|p2|Zarude-Dada|
|poke|p2|Keldeo-Resolute|
|poke|p2|Tapu Lele|
|poke|p2|Tapu Koko|
|poke|p2|Heatran, F|
|poke|p2|Landorus-Therian, M|
|teampreview
|j| skylink42❤
|l| skylink42❤
|j| acii
|j| FBAM
|
|t:|1661169491
|start
|switch|p1a: Slowking|Slowking-Galar, F|100/100
|switch|p2a: Landorus|Landorus-Therian, M|100/100
|-ability|p2a: Landorus|Intimidate|boost
|-unboost|p1a: Slowking|atk|1
|turn|1
|
|t:|1661169497
|move|p2a: Landorus|Knock Off|p1a: Slowking
|-supereffective|p1a: Slowking
|-damage|p1a: Slowking|53/100
|-enditem|p1a: Slowking|Black Sludge|[from] move: Knock Off|[of] p2a: Landorus
|move|p1a: Slowking|Trick|p2a: Landorus
|-activate|p1a: Slowking|move: Trick|[of] p2a: Landorus
|-enditem|p2a: Landorus|Rocky Helmet|[silent]|[from] move: Trick
|-item|p1a: Slowking|Rocky Helmet|[from] move: Trick
|
|upkeep
|turn|2
|j| lopunny-mega-x
|
|t:|1661169507
|switch|p1a: Ferrothorn|Ferrothorn, F|100/100
|move|p2a: Landorus|Knock Off|p1a: Ferrothorn
|-damage|p1a: Ferrothorn|82/100
|-damage|p2a: Landorus|88/100|[from] ability: Iron Barbs|[of] p1a: Ferrothorn
|-enditem|p1a: Ferrothorn|Leftovers|[from] move: Knock Off|[of] p2a: Landorus
|
|upkeep
|turn|3
|j| rfdsevcrd
|j| Not_Taken_Name637
|j| TruckMan
|j| lingjolunojobana
|
|t:|1661169517
|switch|p2a: Heatran|Heatran, F|100/100
|-item|p2a: Heatran|Air Balloon
|move|p1a: Ferrothorn|Leech Seed|p2a: Heatran
|-start|p2a: Heatran|move: Leech Seed
|
|-damage|p2a: Heatran|88/100|[from] Leech Seed|[of] p1a: Ferrothorn
|-heal|p1a: Ferrothorn|96/100|[silent]
|upkeep
|turn|4
|inactive|Battle timer is ON: inactive players will automatically lose when time's up. (requested by bramitoboy)
|
|t:|1661169523
|switch|p2a: Zarude|Zarude-Dada|100/100
|move|p1a: Ferrothorn|Stealth Rock|p2a: Zarude
|-sidestart|p2: bramitoboy|move: Stealth Rock
|
|upkeep
|turn|5
|
|t:|1661169529
|move|p2a: Zarude|Bulk Up|p2a: Zarude
|-boost|p2a: Zarude|atk|1
|-boost|p2a: Zarude|def|1
|move|p1a: Ferrothorn|Body Press|p2a: Zarude
|-supereffective|p2a: Zarude
|-crit|p2a: Zarude
|-damage|p2a: Zarude|16/100
|
|upkeep
|turn|6
|j| Forwards
|
|t:|1661169533
|switch|p1a: Buzzwole|Buzzwole|100/100
|move|p2a: Zarude|Synthesis|p2a: Zarude
|-heal|p2a: Zarude|66/100
|
|upkeep
|turn|7
|j| diufbfdjhgbdfg
|
|t:|1661169539
|switch|p2a: Keldeo|Keldeo-Resolute|100/100
|-damage|p2a: Keldeo|94/100|[from] Stealth Rock
|move|p1a: Buzzwole|Close Combat|p2a: Keldeo
|-damage|p2a: Keldeo|19/100
|-unboost|p1a: Buzzwole|def|1
|-unboost|p1a: Buzzwole|spd|1
|
|-heal|p2a: Keldeo|25/100|[from] item: Leftovers
|upkeep
|turn|8
|l| TruckMan
|
|t:|1661169546
|switch|p2a: Landorus|Landorus-Therian, M|88/100
|-damage|p2a: Landorus|76/100|[from] Stealth Rock
|-ability|p2a: Landorus|Intimidate|boost
|-unboost|p1a: Buzzwole|atk|1
|move|p1a: Buzzwole|Close Combat|p2a: Landorus
|-resisted|p2a: Landorus
|-damage|p2a: Landorus|60/100
|-unboost|p1a: Buzzwole|def|1
|-unboost|p1a: Buzzwole|spd|1
|
|upkeep
|turn|9
|
|t:|1661169559
|switch|p1a: Landorus|Landorus-Therian, M|100/100
|-ability|p1a: Landorus|Intimidate|boost
|-unboost|p2a: Landorus|atk|1
|move|p2a: Landorus|Defog|p1a: Landorus
|-unboost|p1a: Landorus|evasion|1
|-sideend|p2: bramitoboy|Stealth Rock|[from] move: Defog|[of] p2a: Landorus
|
|upkeep
|turn|10
|
|t:|1661169568
|switch|p1a: Ferrothorn|Ferrothorn, F|96/100
|move|p2a: Landorus|Knock Off|p1a: Ferrothorn
|-damage|p1a: Ferrothorn|87/100
|-damage|p2a: Landorus|48/100|[from] ability: Iron Barbs|[of] p1a: Ferrothorn
|
|upkeep
|turn|11
|
|t:|1661169574
|switch|p2a: Heatran|Heatran, F|88/100
|-item|p2a: Heatran|Air Balloon
|move|p1a: Ferrothorn|Stealth Rock|p2a: Heatran
|-sidestart|p2: bramitoboy|move: Stealth Rock
|
|upkeep
|turn|12
|
|t:|1661169579
|switch|p1a: Rotom|Rotom-Wash|100/100
|move|p2a: Heatran|Stealth Rock|p1a: Rotom
|-sidestart|p1: lt94je whyaddicted|move: Stealth Rock
|
|upkeep
|turn|13
|
|t:|1661169589
|move|p1a: Rotom|Volt Switch|p2a: Heatran
|-damage|p2a: Heatran|68/100
|-enditem|p2a: Heatran|Air Balloon
|
|t:|1661169591
|switch|p1a: Landorus|Landorus-Therian, M|100/100|[from]move: Volt Switch
|-damage|p1a: Landorus|88/100|[from] Stealth Rock
|-ability|p1a: Landorus|Intimidate|boost
|-unboost|p2a: Heatran|atk|1
|move|p2a: Heatran|Magma Storm|p1a: Landorus
|-damage|p1a: Landorus|48/100
|-activate|p1a: Landorus|move: Magma Storm|[of] p2a: Heatran
|
|-heal|p1a: Landorus|54/100|[from] item: Leftovers
|-damage|p1a: Landorus|42/100|[from] move: Magma Storm|[partiallytrapped]
|upkeep
|turn|14
|l| FBAM
|
|t:|1661169603
|switch|p2a: Landorus|Landorus-Therian, M|48/100
|-damage|p2a: Landorus|36/100|[from] Stealth Rock
|-ability|p2a: Landorus|Intimidate|boost
|-unboost|p1a: Landorus|atk|1
|move|p1a: Landorus|Earthquake|p2a: Landorus
|-immune|p2a: Landorus
|
|-heal|p1a: Landorus|48/100|[from] item: Leftovers
|-end|p1a: Landorus|Magma Storm|[partiallytrapped]|[silent]
|upkeep
|turn|15
|
|t:|1661169613
|switch|p1a: Ferrothorn|Ferrothorn, F|87/100
|-damage|p1a: Ferrothorn|81/100|[from] Stealth Rock
|move|p2a: Landorus|Earthquake|p1a: Ferrothorn
|-damage|p1a: Ferrothorn|52/100
|
|upkeep
|turn|16
|
|t:|1661169626
|switch|p2a: Zarude|Zarude-Dada|66/100
|-damage|p2a: Zarude|54/100|[from] Stealth Rock
|move|p1a: Ferrothorn|Body Press|p2a: Zarude
|-supereffective|p2a: Zarude
|-damage|p2a: Zarude|0 fnt
|faint|p2a: Zarude
|
|upkeep
|
|t:|1661169636
|switch|p2a: Tapu Lele|Tapu Lele|100/100
|-damage|p2a: Tapu Lele|88/100|[from] Stealth Rock
|-fieldstart|move: Psychic Terrain|[from] ability: Psychic Surge|[of] p2a: Tapu Lele
|turn|17
|
|t:|1661169644
|move|p2a: Tapu Lele|Psyshock|p1a: Ferrothorn
|-resisted|p1a: Ferrothorn
|-damage|p1a: Ferrothorn|33/100
|move|p1a: Ferrothorn|Knock Off|p2a: Tapu Lele
|-damage|p2a: Tapu Lele|54/100
|-enditem|p2a: Tapu Lele|Assault Vest|[from] move: Knock Off|[of] p1a: Ferrothorn
|
|upkeep
|turn|18
|l| Forwards
|j| Ieiekdkd
|
|t:|1661169652
|move|p2a: Tapu Lele|Focus Blast|p1a: Ferrothorn
|-supereffective|p1a: Ferrothorn
|-damage|p1a: Ferrothorn|0 fnt
|faint|p1a: Ferrothorn
|
|upkeep
|j| magina 666
|
|t:|1661169659
|switch|p1a: Buzzwole|Buzzwole|100/100
|-damage|p1a: Buzzwole|88/100|[from] Stealth Rock
|turn|19
|
|t:|1661169664
|switch|p2a: Landorus|Landorus-Therian, M|36/100
|-damage|p2a: Landorus|23/100|[from] Stealth Rock
|-ability|p2a: Landorus|Intimidate|boost
|-unboost|p1a: Buzzwole|atk|1
|move|p1a: Buzzwole|Leech Life|p2a: Landorus
|-resisted|p2a: Landorus
|-damage|p2a: Landorus|12/100
|-heal|p1a: Buzzwole|94/100|[from] drain|[of] p2a: Landorus
|
|upkeep
|turn|20
|j| XXXfantasy
|l| lingjolunojobana
|
|t:|1661169677
|switch|p1a: Moltres|Moltres-Galar|100/100
|move|p2a: Landorus|Knock Off|p1a: Moltres
|-resisted|p1a: Moltres
|-damage|p1a: Moltres|84/100
|-enditem|p1a: Moltres|Heavy-Duty Boots|[from] move: Knock Off|[of] p2a: Landorus
|
|upkeep
|turn|21
|
|t:|1661169686
|move|p1a: Moltres|Fiery Wrath|p2a: Landorus
|-damage|p2a: Landorus|0 fnt
|faint|p2a: Landorus
|
|-fieldend|move: Psychic Terrain
|upkeep
|
|t:|1661169690
|switch|p2a: Tapu Lele|Tapu Lele|54/100
|-damage|p2a: Tapu Lele|42/100|[from] Stealth Rock
|-fieldstart|move: Psychic Terrain|[from] ability: Psychic Surge|[of] p2a: Tapu Lele
|turn|22
|j| cypherstest
|
|t:|1661169698
|move|p2a: Tapu Lele|Psyshock|p1a: Moltres
|-immune|p1a: Moltres
|move|p1a: Moltres|Fiery Wrath|p2a: Tapu Lele
|-damage|p2a: Tapu Lele|0 fnt
|faint|p2a: Tapu Lele
|
|upkeep
|l| acii
|j| eltitoguille
|-message|bramitoboy forfeited.
|
|win|lt94je whyaddicted
|raw|lt94je whyaddicted's rating: 1906 &rarr; <strong>1931</strong><br />(+25 for winning)
|raw|bramitoboy's rating: 2001 &rarr; <strong>1976</strong><br />(-25 for losing)
|l|☆bramitoboy
|l| Not_Taken_Name637
|l| cypherstest
|l| lopunny-mega-x
|l| eltitoguille
|j| TruckMan
|l| TruckMan
|j| TruckMan
||Ladder isn't responding, score probably updated but might not have (Request timeout).
