|raw|<div class="broadcast-blue"><strong>This battle is required to be public due to a player having a name starting with 'lt81yl'.</div>
|j|☆Lenape
|j|☆LT81YL UnzipsC
|t:|1625067421
|gametype|singles
|player|p1|Lenape|170|1930
|player|p2|LT81YL UnzipsC|170|1977
|teamsize|p1|6
|teamsize|p2|6
|gen|8
|tier|[Gen 8] OU
|rated|
|rule|Sleep Clause Mod: Limit one foe put to sleep
|rule|Species Clause: Limit one of each Pokémon
|rule|OHKO Clause: OHKO moves are banned
|rule|Evasion Moves Clause: Evasion moves are banned
|rule|Endless Battle Clause: Forcing endless battles is banned
|rule|HP Percentage Mod: HP is shown in percentages
|rule|Dynamax Clause: You cannot dynamax
|clearpoke
|poke|p1|Rotom-Heat|
|poke|p1|Corviknight, M|
|poke|p1|Sylveon, F|
|poke|p1|Rhyperior, M|
|poke|p1|Toxapex, F|
|poke|p1|Umbreon, M|
|poke|p2|Melmetal|
|poke|p2|Cresselia, F|
|poke|p2|Crawdaunt, M|
|poke|p2|Hatterene, F|
|poke|p2|Porygon2|
|poke|p2|Marowak-Alola, F|
|teampreview
|inactive|Battle timer is ON: inactive players will automatically lose when time's up. (requested by LT81YL UnzipsC)
|j| LJM62
|
|t:|1625067431
|start
|switch|p1a: Rotom|Rotom-Heat|100/100
|switch|p2a: Hatterene|Hatterene, F|100/100
|turn|1
|
|t:|1625067433
|move|p1a: Rotom|Trick|p2a: Hatterene
|-activate|p1a: Rotom|move: Trick|[of] p2a: Hatterene
|-item|p2a: Hatterene|Choice Scarf|[from] move: Trick
|-item|p1a: Rotom|Focus Sash|[from] move: Trick
|move|p2a: Hatterene|Trick Room|p2a: Hatterene
|-fieldstart|move: Trick Room|[of] p2a: Hatterene
|
|upkeep
|turn|2
|l| LJM62
|
|t:|1625067449
|switch|p2a: Melmetal|Melmetal|100/100
|switch|p1a: Umbreon|Umbreon, M|100/100
|
|upkeep
|turn|3
|
|t:|1625067453
|move|p1a: Umbreon|Protect|p1a: Umbreon
|-singleturn|p1a: Umbreon|Protect
|move|p2a: Melmetal|Double Iron Bash|p1a: Umbreon
|-activate|p1a: Umbreon|move: Protect
|
|upkeep
|turn|4
|
|t:|1625067456
|move|p2a: Melmetal|Double Iron Bash|p1a: Umbreon
|-damage|p1a: Umbreon|61/100
|-damage|p1a: Umbreon|23/100
|-hitcount|p1a: Umbreon|2
|move|p1a: Umbreon|Wish|p1a: Umbreon
|
|-heal|p1a: Umbreon|29/100|[from] item: Leftovers
|upkeep
|turn|5
|
|t:|1625067464
|move|p1a: Umbreon|Protect|p1a: Umbreon
|-singleturn|p1a: Umbreon|Protect
|move|p2a: Melmetal|Double Iron Bash|p1a: Umbreon
|-activate|p1a: Umbreon|move: Protect
|
|-heal|p1a: Umbreon|79/100|[from] move: Wish|[wisher] Umbreon
|-heal|p1a: Umbreon|85/100|[from] item: Leftovers
|-fieldend|move: Trick Room
|upkeep
|turn|6
|
|t:|1625067469
|switch|p1a: Corviknight|Corviknight, M|100/100
|-ability|p1a: Corviknight|Pressure
|move|p2a: Melmetal|Double Iron Bash|p1a: Corviknight
|-resisted|p1a: Corviknight
|-damage|p1a: Corviknight|75/100
|-resisted|p1a: Corviknight
|-damage|p1a: Corviknight|50/100
|-hitcount|p1a: Corviknight|2
|
|upkeep
|turn|7
|j| b4cktob4ck
|
|t:|1625067473
|switch|p2a: Porygon2|Porygon2|100/100
|-ability|p2a: Porygon2|Download|boost
|-boost|p2a: Porygon2|spa|1
|move|p1a: Corviknight|Roost|p1a: Corviknight
|-heal|p1a: Corviknight|100/100
|-singleturn|p1a: Corviknight|move: Roost
|
|upkeep
|turn|8
|
|t:|1625067481
|switch|p1a: Toxapex|Toxapex, F|100/100
|move|p2a: Porygon2|Trick Room|p2a: Porygon2
|-fieldstart|move: Trick Room|[of] p2a: Porygon2
|
|upkeep
|turn|9
|
|t:|1625067483
|move|p1a: Toxapex|Toxic|p2a: Porygon2
|-status|p2a: Porygon2|tox
|move|p2a: Porygon2|Thunderbolt|p1a: Toxapex
|-supereffective|p1a: Toxapex
|-damage|p1a: Toxapex|23/100
|
|-heal|p1a: Toxapex|29/100|[from] item: Black Sludge
|-damage|p2a: Porygon2|94/100 tox|[from] psn
|upkeep
|turn|10
|
|t:|1625067486
|move|p1a: Toxapex|Baneful Bunker|p1a: Toxapex
|-singleturn|p1a: Toxapex|move: Protect
|move|p2a: Porygon2|Teleport|p2a: Porygon2
|j| Cachou10
|
|t:|1625067490
|switch|p2a: Crawdaunt|Crawdaunt, M, shiny|100/100|[from]move: Teleport
|
|-heal|p1a: Toxapex|35/100|[from] item: Black Sludge
|upkeep
|turn|11
|j| Dog shelters
|
|t:|1625067495
|move|p2a: Crawdaunt|Swords Dance|p2a: Crawdaunt
|-boost|p2a: Crawdaunt|atk|2
|move|p1a: Toxapex|Toxic|p2a: Crawdaunt
|-status|p2a: Crawdaunt|tox
|
|-heal|p1a: Toxapex|42/100|[from] item: Black Sludge
|-damage|p2a: Crawdaunt|94/100 tox|[from] psn
|upkeep
|turn|12
|
|t:|1625067500
|switch|p1a: Umbreon|Umbreon, M|85/100
|move|p2a: Crawdaunt|Knock Off|p1a: Umbreon
|-resisted|p1a: Umbreon
|-damage|p1a: Umbreon|34/100
|-enditem|p1a: Umbreon|Leftovers|[from] move: Knock Off|[of] p2a: Crawdaunt
|-damage|p2a: Crawdaunt|84/100 tox|[from] item: Life Orb
|
|-damage|p2a: Crawdaunt|72/100 tox|[from] psn
|-fieldend|move: Trick Room
|upkeep
|turn|13
|
|t:|1625067505
|move|p1a: Umbreon|Foul Play|p2a: Crawdaunt
|-resisted|p2a: Crawdaunt
|-damage|p2a: Crawdaunt|10/100 tox
|move|p2a: Crawdaunt|Crabhammer|p1a: Umbreon
|-damage|p1a: Umbreon|0 fnt
|faint|p1a: Umbreon
|-damage|p2a: Crawdaunt|0 fnt|[from] item: Life Orb
|faint|p2a: Crawdaunt
|
|upkeep
|
|t:|1625067516
|switch|p1a: Rhyperior|Rhyperior, M|100/100
|switch|p2a: Porygon2|Porygon2|94/100 tox
|-ability|p2a: Porygon2|Download|boost
|-boost|p2a: Porygon2|spa|1
|turn|14
|
|t:|1625067520
|move|p1a: Rhyperior|Stealth Rock|p2a: Porygon2
|-sidestart|p2: LT81YL UnzipsC|move: Stealth Rock
|move|p2a: Porygon2|Trick Room|p2a: Porygon2
|-fieldstart|move: Trick Room|[of] p2a: Porygon2
|
|-damage|p2a: Porygon2|88/100 tox|[from] psn
|upkeep
|turn|15
|
|t:|1625067525
|move|p2a: Porygon2|Ice Beam|p1a: Rhyperior
|-supereffective|p1a: Rhyperior
|-damage|p1a: Rhyperior|44/100
|move|p1a: Rhyperior|Earthquake|p2a: Porygon2
|-damage|p2a: Porygon2|57/100 tox
|
|-heal|p1a: Rhyperior|50/100|[from] item: Leftovers
|-damage|p2a: Porygon2|45/100 tox|[from] psn
|upkeep
|turn|16
|j| Lelexxxxx
|
|t:|1625067531
|switch|p1a: Sylveon|Sylveon, F|100/100
|move|p2a: Porygon2|Ice Beam|p1a: Sylveon
|-damage|p1a: Sylveon|79/100
|
|-heal|p1a: Sylveon|85/100|[from] item: Leftovers
|-damage|p2a: Porygon2|26/100 tox|[from] psn
|upkeep
|turn|17
|
|t:|1625067535
|switch|p2a: Melmetal|Melmetal|100/100
|-damage|p2a: Melmetal|94/100|[from] Stealth Rock
|move|p1a: Sylveon|Wish|p1a: Sylveon
|
|-heal|p1a: Sylveon|91/100|[from] item: Leftovers
|upkeep
|turn|18
|
|t:|1625067540
|switch|p1a: Rotom|Rotom-Heat|100/100
|move|p2a: Melmetal|Thunder Punch|p1a: Rotom
|-resisted|p1a: Rotom
|-damage|p1a: Rotom|76/100
|
|-heal|p1a: Rotom|100/100|[from] move: Wish|[wisher] Sylveon
|-fieldend|move: Trick Room
|upkeep
|turn|19
|
|t:|1625067547
|switch|p1a: Rhyperior|Rhyperior, M|50/100
|move|p2a: Melmetal|Thunder Punch|p1a: Rhyperior
|-immune|p1a: Rhyperior
|
|-heal|p1a: Rhyperior|56/100|[from] item: Leftovers
|upkeep
|turn|20
|
|t:|1625067556
|switch|p1a: Corviknight|Corviknight, M|100/100
|-ability|p1a: Corviknight|Pressure
|switch|p2a: Hatterene|Hatterene, F|100/100
|-damage|p2a: Hatterene|88/100|[from] Stealth Rock
|
|upkeep
|turn|21
|
|t:|1625067559
|move|p1a: Corviknight|Substitute|p1a: Corviknight
|-start|p1a: Corviknight|Substitute
|-damage|p1a: Corviknight|75/100
|move|p2a: Hatterene|Healing Wish|p2a: Hatterene
|faint|p2a: Hatterene
|
|upkeep
|j| kosmic explorer
|
|t:|1625067564
|switch|p2a: Porygon2|Porygon2|26/100 tox
|-heal|p2a: Porygon2|100/100|[from] move: Healing Wish
|-damage|p2a: Porygon2|88/100|[from] Stealth Rock
|-ability|p2a: Porygon2|Download|boost
|-boost|p2a: Porygon2|spa|1
|turn|22
|
|t:|1625067568
|move|p1a: Corviknight|Brave Bird|p2a: Porygon2
|-crit|p2a: Porygon2
|-damage|p2a: Porygon2|21/100
|-damage|p1a: Corviknight|55/100|[from] Recoil
|-damage|p1a: Corviknight|45/100|[from] item: Life Orb
|move|p2a: Porygon2|Trick Room|p2a: Porygon2
|-fieldstart|move: Trick Room|[of] p2a: Porygon2
|
|upkeep
|turn|23
|
|t:|1625067581
|move|p2a: Porygon2|Thunderbolt|p1a: Corviknight
|-supereffective|p1a: Corviknight
|-end|p1a: Corviknight|Substitute
|move|p1a: Corviknight|Roost|p1a: Corviknight
|-heal|p1a: Corviknight|95/100
|-singleturn|p1a: Corviknight|move: Roost
|
|upkeep
|turn|24
|
|t:|1625067584
|switch|p1a: Sylveon|Sylveon, F|91/100
|move|p2a: Porygon2|Thunderbolt|p1a: Sylveon
|-damage|p1a: Sylveon|66/100
|-status|p1a: Sylveon|par
|
|-heal|p1a: Sylveon|72/100 par|[from] item: Leftovers
|upkeep
|turn|25
|
|t:|1625067591
|switch|p2a: Marowak|Marowak-Alola, F|100/100
|-damage|p2a: Marowak|76/100|[from] Stealth Rock
|move|p1a: Sylveon|Wish|p1a: Sylveon
|
|-heal|p1a: Sylveon|78/100 par|[from] item: Leftovers
|upkeep
|turn|26
|
|t:|1625067602
|switch|p1a: Rhyperior|Rhyperior, M|56/100
|move|p2a: Marowak|Swords Dance|p2a: Marowak
|-boost|p2a: Marowak|atk|2
|
|-heal|p1a: Rhyperior|100/100|[from] move: Wish|[wisher] Sylveon
|-fieldend|move: Trick Room
|upkeep
|turn|27
|
|t:|1625067607
|switch|p2a: Cresselia|Cresselia, F|100/100
|-damage|p2a: Cresselia|88/100|[from] Stealth Rock
|move|p1a: Rhyperior|Earthquake|p2a: Cresselia
|-immune|p2a: Cresselia|[from] ability: Levitate
|
|upkeep
|turn|28
|j| reje
|
|t:|1625067615
|switch|p1a: Toxapex|Toxapex, F|75/100
|move|p2a: Cresselia|Trick Room|p2a: Cresselia
|-fieldstart|move: Trick Room|[of] p2a: Cresselia
|
|-heal|p1a: Toxapex|81/100|[from] item: Black Sludge
|upkeep
|turn|29
|
|t:|1625067618
|switch|p2a: Melmetal|Melmetal|94/100
|-damage|p2a: Melmetal|88/100|[from] Stealth Rock
|move|p1a: Toxapex|Toxic|p2a: Melmetal
|-immune|p2a: Melmetal
|
|-heal|p1a: Toxapex|87/100|[from] item: Black Sludge
|upkeep
|turn|30
|
|t:|1625067624
|move|p1a: Toxapex|Baneful Bunker|p1a: Toxapex
|-singleturn|p1a: Toxapex|move: Protect
|move|p2a: Melmetal|Thunder Punch|p1a: Toxapex
|-activate|p1a: Toxapex|move: Protect
|
|-heal|p1a: Toxapex|94/100|[from] item: Black Sludge
|upkeep
|turn|31
|
|t:|1625067630
|switch|p2a: Porygon2|Porygon2|21/100
|-damage|p2a: Porygon2|9/100|[from] Stealth Rock
|-ability|p2a: Porygon2|Download|boost
|-boost|p2a: Porygon2|spa|1
|switch|p1a: Rhyperior|Rhyperior, M|100/100
|
|upkeep
|turn|32
|
|t:|1625067638
|switch|p1a: Rotom|Rotom-Heat|100/100
|move|p2a: Porygon2|Ice Beam|p1a: Rotom
|-resisted|p1a: Rotom
|-damage|p1a: Rotom|77/100
|
|-fieldend|move: Trick Room
|upkeep
|turn|33
|
|t:|1625067646
|move|p1a: Rotom|Discharge|p2a: Porygon2
|-damage|p2a: Porygon2|0 fnt
|faint|p2a: Porygon2
|
|upkeep
|j| B3DLT Oubeuh
|
|t:|1625067652
|switch|p2a: Marowak|Marowak-Alola, F|76/100
|-damage|p2a: Marowak|51/100|[from] Stealth Rock
|turn|34
|
|t:|1625067655
|move|p1a: Rotom|Trick|p2a: Marowak
|-activate|p1a: Rotom|move: Trick|[of] p2a: Marowak
|-item|p2a: Marowak|Focus Sash|[from] move: Trick
|-item|p1a: Rotom|Thick Club|[from] move: Trick
|move|p2a: Marowak|Poltergeist|p1a: Rotom
|-activate|p1a: Rotom|move: Poltergeist|Thick Club
|-damage|p1a: Rotom|37/100
|
|upkeep
|turn|35
|
|t:|1625067660
|switch|p1a: Toxapex|Toxapex, F|100/100
|move|p2a: Marowak|Poltergeist|p1a: Toxapex
|-activate|p1a: Toxapex|move: Poltergeist|Black Sludge
|-crit|p1a: Toxapex
|-damage|p1a: Toxapex|57/100
|
|-heal|p1a: Toxapex|63/100|[from] item: Black Sludge
|upkeep
|turn|36
|
|t:|1625067663
|move|p1a: Toxapex|Baneful Bunker|p1a: Toxapex
|-singleturn|p1a: Toxapex|move: Protect
|move|p2a: Marowak|Bonemerang|p1a: Toxapex
|-activate|p1a: Toxapex|move: Protect
|
|-heal|p1a: Toxapex|69/100|[from] item: Black Sludge
|upkeep
|turn|37
|
|t:|1625067670
|switch|p1a: Sylveon|Sylveon, F|78/100 par
|move|p2a: Marowak|Bonemerang|p1a: Sylveon
|-damage|p1a: Sylveon|61/100 par
|-damage|p1a: Sylveon|45/100 par
|-hitcount|p1a: Sylveon|2
|
|-heal|p1a: Sylveon|51/100 par|[from] item: Leftovers
|upkeep
|turn|38
|
|t:|1625067673
|move|p2a: Marowak|Flare Blitz|p1a: Sylveon
|-damage|p1a: Sylveon|0 fnt
|faint|p1a: Sylveon
|
|upkeep
|
|t:|1625067676
|switch|p1a: Rhyperior|Rhyperior, M|100/100
|turn|39
|
|t:|1625067684
|move|p1a: Rhyperior|Earthquake|p2a: Marowak
|-supereffective|p2a: Marowak
|-damage|p2a: Marowak|0 fnt
|faint|p2a: Marowak
|
|upkeep
|
|t:|1625067685
|switch|p2a: Cresselia|Cresselia, F|88/100
|-damage|p2a: Cresselia|76/100|[from] Stealth Rock
|turn|40
|
|t:|1625067689
|switch|p1a: Corviknight|Corviknight, M|95/100
|-ability|p1a: Corviknight|Pressure
|move|p2a: Cresselia|Trick Room|p2a: Cresselia
|-fieldstart|move: Trick Room|[of] p2a: Cresselia
|
|upkeep
|turn|41
|j| Homoerectus23
|j| cute pink team
|
|t:|1625067696
|switch|p2a: Melmetal|Melmetal|88/100
|-damage|p2a: Melmetal|82/100|[from] Stealth Rock
|move|p1a: Corviknight|Substitute|p1a: Corviknight
|-start|p1a: Corviknight|Substitute
|-damage|p1a: Corviknight|70/100
|
|upkeep
|turn|42
|
|t:|1625067702
|move|p2a: Melmetal|Thunder Punch|p1a: Corviknight
|-supereffective|p1a: Corviknight
|-end|p1a: Corviknight|Substitute
|move|p1a: Corviknight|Substitute|p1a: Corviknight
|-start|p1a: Corviknight|Substitute
|-damage|p1a: Corviknight|45/100
|
|upkeep
|turn|43
|
|t:|1625067705
|move|p2a: Melmetal|Thunder Punch|p1a: Corviknight
|-supereffective|p1a: Corviknight
|-end|p1a: Corviknight|Substitute
|move|p1a: Corviknight|Roost|p1a: Corviknight
|-heal|p1a: Corviknight|95/100
|-singleturn|p1a: Corviknight|move: Roost
|
|upkeep
|turn|44
|
|t:|1625067710
|switch|p2a: Cresselia|Cresselia, F|76/100
|-damage|p2a: Cresselia|63/100|[from] Stealth Rock
|switch|p1a: Rhyperior|Rhyperior, M|100/100
|
|-fieldend|move: Trick Room
|upkeep
|turn|45
|j| Dr-Giovani
|
|t:|1625067712
|move|p1a: Rhyperior|Rock Blast|p2a: Cresselia|[miss]
|-miss|p1a: Rhyperior|p2a: Cresselia
|move|p2a: Cresselia|Trick Room|p2a: Cresselia
|-fieldstart|move: Trick Room|[of] p2a: Cresselia
|
|upkeep
|turn|46
|j| Ngres
|
|t:|1625067714
|switch|p2a: Melmetal|Melmetal|82/100
|-damage|p2a: Melmetal|76/100|[from] Stealth Rock
|move|p1a: Rhyperior|Earthquake|p2a: Melmetal
|-supereffective|p2a: Melmetal
|-damage|p2a: Melmetal|23/100
|
|upkeep
|turn|47
|j| Vfkekkskqzamxwnn
|
|t:|1625067728
|switch|p1a: Rotom|Rotom-Heat|37/100
|move|p2a: Melmetal|Double Iron Bash|p1a: Rotom
|-resisted|p1a: Rotom
|-damage|p1a: Rotom|21/100
|-resisted|p1a: Rotom
|-damage|p1a: Rotom|6/100
|-hitcount|p1a: Rotom|2
|
|upkeep
|turn|48
|
|t:|1625067733
|switch|p1a: Toxapex|Toxapex, F|100/100
|move|p2a: Melmetal|Double Iron Bash|p1a: Toxapex
|-resisted|p1a: Toxapex
|-damage|p1a: Toxapex|80/100
|-resisted|p1a: Toxapex
|-damage|p1a: Toxapex|61/100
|-hitcount|p1a: Toxapex|2
|
|-heal|p1a: Toxapex|67/100|[from] item: Black Sludge
|upkeep
|turn|49
|
|t:|1625067738
|switch|p2a: Cresselia|Cresselia, F|63/100
|-damage|p2a: Cresselia|51/100|[from] Stealth Rock
|move|p1a: Toxapex|Toxic|p2a: Cresselia
|-status|p2a: Cresselia|tox
|
|-heal|p1a: Toxapex|73/100|[from] item: Black Sludge
|-damage|p2a: Cresselia|45/100 tox|[from] psn
|-fieldend|move: Trick Room
|upkeep
|turn|50
|
|t:|1625067741
|switch|p1a: Corviknight|Corviknight, M|95/100
|-ability|p1a: Corviknight|Pressure
|move|p2a: Cresselia|Trick Room|p2a: Cresselia
|-fieldstart|move: Trick Room|[of] p2a: Cresselia
|
|-damage|p2a: Cresselia|33/100 tox|[from] psn
|upkeep
|turn|51
|
|t:|1625067744
|move|p2a: Cresselia|Lunar Dance|p2a: Cresselia
|faint|p2a: Cresselia
|move|p1a: Corviknight|Substitute|p1a: Corviknight
|-start|p1a: Corviknight|Substitute
|-damage|p1a: Corviknight|70/100
|
|upkeep
|c|☆LT81YL UnzipsC|gg
|-message|LT81YL UnzipsC forfeited.
|
|win|Lenape
|c|☆Lenape|Gg
|raw|Lenape's rating: 1930 &rarr; <strong>1953</strong><br />(+23 for winning)
|raw|LT81YL UnzipsC's rating: 1977 &rarr; <strong>1954</strong><br />(-23 for losing)
|l| B3DLT Oubeuh
|l| Cachou10
|l| Lelexxxxx
|l| Dog shelters
|l|☆LT81YL UnzipsC
||Ladder isn't responding, score probably updated but might not have (Request timeout).
|j|☆LT81YL UnzipsC
|player|p2|LT81YL UnzipsC|170
|inactive|Battle timer is ON: inactive players will automatically lose when time's up. (requested by LT81YL UnzipsC)
|l|☆LT81YL UnzipsC
|player|p2|
|l| kosmic explorer
|l| reje
|l| Ngres
|l| Vfkekkskqzamxwnn
|l| Dr-Giovani
|l|☆Lenape
|l| Homoerectus23
|l| b4cktob4ck
