|j|☆wallape
|j|☆thounss
|player|p1|wallape|hilbert|
|player|p2|thounss|170|
|teamsize|p1|6
|teamsize|p2|6
|gametype|singles
|gen|8
|tier|[Gen 8] OU
|rated|Tournament battle
|clearpoke
|poke|p1|Dragapult, M|
|poke|p1|Seismitoad, F|
|poke|p1|Corviknight, F|
|poke|p1|Rotom-Heat|
|poke|p1|Aegislash, M|
|poke|p1|Conkeldurr, M|
|poke|p2|Jellicent, F|
|poke|p2|Clefable, F|
|poke|p2|Rotom-Heat|
|poke|p2|Hippowdon, M|
|poke|p2|Excadrill, F|
|poke|p2|Snorlax, F|
|rule|Sleep Clause Mod: Limit one foe put to sleep
|rule|Species Clause: Limit one of each Pokémon
|rule|OHKO Clause: OHKO moves are banned
|rule|Evasion Moves Clause: Evasion moves are banned
|rule|Endless Battle Clause: Forcing endless battles is banned
|rule|HP Percentage Mod: HP is shown in percentages
|rule|Dynamax Clause: You cannot dynamax
|teampreview
|j|*Lady Monita
|c|☆wallape|glhf
|c|☆thounss|hf
|
|start
|switch|p1a: Drunko|Seismitoad, F|100/100
|switch|p2a: Rotom|Rotom-Heat|100/100
|turn|1
|
|move|p2a: Rotom|Trick|p1a: Drunko
|-activate|p2a: Rotom|move: Trick|[of] p1a: Drunko
|-item|p1a: Drunko|Choice Scarf|[from] move: Trick
|-item|p2a: Rotom|Leftovers|[from] move: Trick
|move|p1a: Drunko|Stealth Rock|p2a: Rotom
|-sidestart|p2: thounss|move: Stealth Rock
|
|upkeep
|turn|2
|
|switch|p1a: Rotom|Rotom-Heat|100/100
|move|p2a: Rotom|Volt Switch|p1a: Rotom
|-resisted|p1a: Rotom
|-damage|p1a: Rotom|90/100
|
|switch|p2a: Excadrill|Excadrill, F|100/100|[from]move: Volt Switch
|-damage|p2a: Excadrill|97/100|[from] Stealth Rock
|-ability|p2a: Excadrill|Mold Breaker
|
|-heal|p2a: Excadrill|100/100|[from] item: Leftovers
|-heal|p1a: Rotom|96/100|[from] item: Leftovers
|upkeep
|turn|3
|
|switch|p1a: Corviknight|Corviknight, F|100/100
|move|p2a: Excadrill|Earthquake|p1a: Corviknight
|-immune|p1a: Corviknight
|
|upkeep
|turn|4
|
|switch|p2a: Jellicent|Jellicent, F|100/100
|-damage|p2a: Jellicent|88/100|[from] Stealth Rock
|move|p1a: Corviknight|Body Press|p2a: Jellicent
|-immune|p2a: Jellicent
|
|-heal|p2a: Jellicent|94/100|[from] item: Leftovers
|upkeep
|turn|5
|
|switch|p1a: Drunko|Seismitoad, F|100/100
|move|p2a: Jellicent|Will-O-Wisp|p1a: Drunko
|-status|p1a: Drunko|brn
|
|-heal|p2a: Jellicent|100/100|[from] item: Leftovers
|-damage|p1a: Drunko|94/100 brn|[from] brn
|upkeep
|turn|6
|
|switch|p2a: Clefable|Clefable, F|100/100
|move|p1a: Drunko|Toxic|p2a: Clefable
|-status|p2a: Clefable|tox
|
|-damage|p1a: Drunko|88/100 brn|[from] brn
|upkeep
|turn|7
|
|switch|p1a: Corviknight|Corviknight, F|100/100
|switch|p2a: Hippowdon|Hippowdon, M|100/100
|-damage|p2a: Hippowdon|94/100|[from] Stealth Rock
|-weather|Sandstorm|[from] ability: Sand Stream|[of] p2a: Hippowdon
|
|-weather|Sandstorm|[upkeep]
|upkeep
|turn|8
|
|move|p1a: Corviknight|Body Press|p2a: Hippowdon
|-damage|p2a: Hippowdon|78/100
|-damage|p1a: Corviknight|84/100|[from] item: Rocky Helmet|[of] p2a: Hippowdon
|move|p2a: Hippowdon|Stealth Rock|p1a: Corviknight
|-sidestart|p1: wallape|move: Stealth Rock
|
|-weather|Sandstorm|[upkeep]
|-heal|p1a: Corviknight|90/100|[from] item: Leftovers
|upkeep
|turn|9
|
|move|p1a: Corviknight|Defog|p2a: Hippowdon
|-unboost|p2a: Hippowdon|evasion|1
|-sideend|p2: thounss|Stealth Rock|[from] move: Defog|[of] p1a: Corviknight
|-sideend|p1: wallape|Stealth Rock|[from] move: Defog|[of] p1a: Corviknight
|move|p2a: Hippowdon|Slack Off|p2a: Hippowdon
|-heal|p2a: Hippowdon|100/100
|
|-weather|Sandstorm|[upkeep]
|-heal|p1a: Corviknight|96/100|[from] item: Leftovers
|upkeep
|turn|10
|j| Ouendan
|l| Ouendan
|
|move|p1a: Corviknight|Body Press|p2a: Hippowdon
|-damage|p2a: Hippowdon|86/100
|-damage|p1a: Corviknight|80/100|[from] item: Rocky Helmet|[of] p2a: Hippowdon
|move|p2a: Hippowdon|Stealth Rock|p1a: Corviknight
|-sidestart|p1: wallape|move: Stealth Rock
|
|-weather|Sandstorm|[upkeep]
|-heal|p1a: Corviknight|86/100|[from] item: Leftovers
|upkeep
|turn|11
|
|switch|p2a: Rotom|Rotom-Heat|100/100
|move|p1a: Corviknight|Defog|p2a: Rotom
|-unboost|p2a: Rotom|evasion|1
|-sideend|p1: wallape|Stealth Rock|[from] move: Defog|[of] p1a: Corviknight
|
|-weather|none
|-heal|p1a: Corviknight|92/100|[from] item: Leftovers
|upkeep
|turn|12
|j| Elenahappy2
|
|switch|p1a: Drunko|Seismitoad, F|88/100 brn
|move|p2a: Rotom|Nasty Plot|p2a: Rotom
|-boost|p2a: Rotom|spa|2
|
|-damage|p1a: Drunko|82/100 brn|[from] brn
|upkeep
|turn|13
|
|switch|p2a: Clefable|Clefable, F|100/100 tox
|move|p1a: Drunko|Liquidation|p2a: Clefable
|-damage|p2a: Clefable|88/100 tox
|
|-heal|p2a: Clefable|94/100 tox|[from] item: Leftovers
|-damage|p1a: Drunko|76/100 brn|[from] brn
|upkeep
|turn|14
|
|switch|p2a: Jellicent|Jellicent, F|100/100
|move|p1a: Drunko|Liquidation|p2a: Jellicent
|-immune|p2a: Jellicent|[from] ability: Water Absorb
|
|-damage|p1a: Drunko|70/100 brn|[from] brn
|upkeep
|turn|15
|
|switch|p1a: Rotom|Rotom-Heat|96/100
|move|p2a: Jellicent|Hex|p1a: Rotom
|-damage|p1a: Rotom|82/100
|
|-heal|p1a: Rotom|88/100|[from] item: Leftovers
|upkeep
|turn|16
|
|switch|p2a: Rotom|Rotom-Heat|100/100
|move|p1a: Rotom|Overheat|p2a: Rotom
|-resisted|p2a: Rotom
|-damage|p2a: Rotom|78/100
|-unboost|p1a: Rotom|spa|2
|
|-heal|p2a: Rotom|84/100|[from] item: Leftovers
|-heal|p1a: Rotom|94/100|[from] item: Leftovers
|upkeep
|turn|17
|
|switch|p1a: Drunko|Seismitoad, F|70/100 brn
|move|p2a: Rotom|Nasty Plot|p2a: Rotom
|-boost|p2a: Rotom|spa|2
|
|-heal|p2a: Rotom|90/100|[from] item: Leftovers
|-damage|p1a: Drunko|64/100 brn|[from] brn
|upkeep
|turn|18
|
|switch|p2a: Clefable|Clefable, F|94/100 tox
|move|p1a: Drunko|Liquidation|p2a: Clefable
|-damage|p2a: Clefable|83/100 tox
|
|-heal|p2a: Clefable|89/100 tox|[from] item: Leftovers
|-damage|p1a: Drunko|58/100 brn|[from] brn
|upkeep
|turn|19
|
|switch|p1a: Aegislash|Aegislash, M|100/100
|switch|p2a: Jellicent|Jellicent, F|100/100
|
|upkeep
|turn|20
|
|switch|p2a: Hippowdon|Hippowdon, M|86/100
|-weather|Sandstorm|[from] ability: Sand Stream|[of] p2a: Hippowdon
|switch|p1a: Drunko|Seismitoad, F|58/100 brn
|
|-weather|Sandstorm|[upkeep]
|-damage|p1a: Drunko|52/100 brn|[from] brn
|upkeep
|turn|21
|
|move|p1a: Drunko|Toxic|p2a: Hippowdon
|-status|p2a: Hippowdon|tox
|move|p2a: Hippowdon|Stealth Rock|p1a: Drunko
|-sidestart|p1: wallape|move: Stealth Rock
|
|-weather|Sandstorm|[upkeep]
|-damage|p1a: Drunko|46/100 brn|[from] brn
|-damage|p2a: Hippowdon|80/100 tox|[from] psn
|upkeep
|turn|22
|
|switch|p1a: Corviknight|Corviknight, F|92/100
|-damage|p1a: Corviknight|80/100|[from] Stealth Rock
|switch|p2a: Rotom|Rotom-Heat|90/100
|
|-weather|Sandstorm|[upkeep]
|-damage|p2a: Rotom|84/100|[from] Sandstorm
|-heal|p2a: Rotom|90/100|[from] item: Leftovers
|-heal|p1a: Corviknight|86/100|[from] item: Leftovers
|upkeep
|turn|23
|
|switch|p1a: Drunko|Seismitoad, F|46/100 brn
|-damage|p1a: Drunko|40/100 brn|[from] Stealth Rock
|move|p2a: Rotom|Volt Switch|p1a: Drunko
|-immune|p1a: Drunko
|
|-weather|Sandstorm|[upkeep]
|-damage|p2a: Rotom|84/100|[from] Sandstorm
|-heal|p2a: Rotom|90/100|[from] item: Leftovers
|-damage|p1a: Drunko|34/100 brn|[from] brn
|upkeep
|turn|24
|l| Elenahappy2
|
|switch|p2a: Excadrill|Excadrill, F|100/100
|-ability|p2a: Excadrill|Mold Breaker
|move|p1a: Drunko|Toxic|p2a: Excadrill
|-immune|p2a: Excadrill
|
|-weather|none
|-damage|p1a: Drunko|28/100 brn|[from] brn
|upkeep
|turn|25
|
|switch|p2a: Rotom|Rotom-Heat|90/100
|switch|p1a: Corviknight|Corviknight, F|86/100
|-damage|p1a: Corviknight|74/100|[from] Stealth Rock
|
|-heal|p2a: Rotom|96/100|[from] item: Leftovers
|-heal|p1a: Corviknight|80/100|[from] item: Leftovers
|upkeep
|turn|26
|j| Trust PS
|
|switch|p1a: Drunko|Seismitoad, F|28/100 brn
|-damage|p1a: Drunko|22/100 brn|[from] Stealth Rock
|move|p2a: Rotom|Nasty Plot|p2a: Rotom
|-boost|p2a: Rotom|spa|2
|
|-heal|p2a: Rotom|100/100|[from] item: Leftovers
|-damage|p1a: Drunko|16/100 brn|[from] brn
|upkeep
|turn|27
|
|move|p2a: Rotom|Overheat|p1a: Drunko
|-resisted|p1a: Drunko
|-damage|p1a: Drunko|0 fnt
|-unboost|p2a: Rotom|spa|2
|faint|p1a: Drunko
|
|upkeep
|c| Trust PS|final battle
|c| Trust PS|Nice
|c|☆wallape|this dude outskills me
|c|☆wallape|by a lot
|
|switch|p1a: Conkeldurr|Conkeldurr, M|100/100
|-damage|p1a: Conkeldurr|94/100|[from] Stealth Rock
|turn|28
|
|move|p2a: Rotom|Volt Switch|p1a: Conkeldurr
|-damage|p1a: Conkeldurr|75/100
|
|switch|p2a: Jellicent|Jellicent, F|100/100|[from]move: Volt Switch
|move|p1a: Conkeldurr|Drain Punch|p2a: Jellicent
|-immune|p2a: Jellicent
|
|upkeep
|turn|29
|
|switch|p2a: Clefable|Clefable, F|89/100 tox
|switch|p1a: Rotom|Rotom-Heat|94/100
|-damage|p1a: Rotom|69/100|[from] Stealth Rock
|
|-heal|p1a: Rotom|75/100|[from] item: Leftovers
|-heal|p2a: Clefable|95/100 tox|[from] item: Leftovers
|upkeep
|turn|30
|
|switch|p2a: Rotom|Rotom-Heat|100/100
|move|p1a: Rotom|Volt Switch|p2a: Rotom
|-resisted|p2a: Rotom
|-damage|p2a: Rotom|86/100
|
|switch|p1a: BudgetKanga|Dragapult, M, shiny|100/100|[from]move: Volt Switch
|-damage|p1a: BudgetKanga|88/100|[from] Stealth Rock
|
|-heal|p2a: Rotom|92/100|[from] item: Leftovers
|upkeep
|turn|31
|
|switch|p2a: Clefable|Clefable, F|95/100 tox
|move|p1a: BudgetKanga|Shadow Ball|p2a: Clefable
|-damage|p2a: Clefable|49/100 tox
|
|-heal|p2a: Clefable|55/100 tox|[from] item: Leftovers
|upkeep
|turn|32
|
|switch|p1a: Corviknight|Corviknight, F|80/100
|-damage|p1a: Corviknight|67/100|[from] Stealth Rock
|move|p2a: Clefable|Protect||[still]
|-fail|p2a: Clefable
|
|-heal|p1a: Corviknight|74/100|[from] item: Leftovers
|-heal|p2a: Clefable|61/100 tox|[from] item: Leftovers
|upkeep
|turn|33
|
|switch|p1a: BudgetKanga|Dragapult, M, shiny|88/100
|-damage|p1a: BudgetKanga|76/100|[from] Stealth Rock
|switch|p2a: Rotom|Rotom-Heat|92/100
|
|-heal|p2a: Rotom|98/100|[from] item: Leftovers
|upkeep
|turn|34
|
|switch|p2a: Snorlax|Snorlax, F|100/100
|move|p1a: BudgetKanga|Draco Meteor|p2a: Snorlax
|-damage|p2a: Snorlax|53/100
|-unboost|p1a: BudgetKanga|spa|2
|
|-heal|p2a: Snorlax|59/100|[from] item: Leftovers
|upkeep
|turn|35
|
|switch|p1a: Corviknight|Corviknight, F|74/100
|-damage|p1a: Corviknight|61/100|[from] Stealth Rock
|switch|p2a: Rotom|Rotom-Heat|98/100
|
|-heal|p2a: Rotom|100/100|[from] item: Leftovers
|-heal|p1a: Corviknight|67/100|[from] item: Leftovers
|upkeep
|turn|36
|l| Trust PS
|
|switch|p1a: Rotom|Rotom-Heat|75/100
|-damage|p1a: Rotom|50/100|[from] Stealth Rock
|move|p2a: Rotom|Nasty Plot|p2a: Rotom
|-boost|p2a: Rotom|spa|2
|
|-heal|p1a: Rotom|57/100|[from] item: Leftovers
|upkeep
|turn|37
|
|move|p2a: Rotom|Overheat|p1a: Rotom
|-resisted|p1a: Rotom
|-damage|p1a: Rotom|19/100
|-unboost|p2a: Rotom|spa|2
|move|p1a: Rotom|Overheat|p2a: Rotom
|-resisted|p2a: Rotom
|-damage|p2a: Rotom|77/100
|-unboost|p1a: Rotom|spa|2
|
|-heal|p2a: Rotom|83/100|[from] item: Leftovers
|-heal|p1a: Rotom|25/100|[from] item: Leftovers
|upkeep
|turn|38
|
|move|p2a: Rotom|Nasty Plot|p2a: Rotom
|-boost|p2a: Rotom|spa|2
|move|p1a: Rotom|Will-O-Wisp|p2a: Rotom
|-immune|p2a: Rotom
|
|-heal|p2a: Rotom|89/100|[from] item: Leftovers
|-heal|p1a: Rotom|31/100|[from] item: Leftovers
|upkeep
|turn|39
|j| ninoo
|
|move|p2a: Rotom|Nasty Plot|p2a: Rotom
|-boost|p2a: Rotom|spa|2
|move|p1a: Rotom|Volt Switch|p2a: Rotom
|-resisted|p2a: Rotom
|-damage|p2a: Rotom|82/100
|
|switch|p1a: BudgetKanga|Dragapult, M, shiny|76/100|[from]move: Volt Switch
|-damage|p1a: BudgetKanga|64/100|[from] Stealth Rock
|
|-heal|p2a: Rotom|88/100|[from] item: Leftovers
|upkeep
|turn|40
|
|switch|p2a: Snorlax|Snorlax, F|59/100
|move|p1a: BudgetKanga|Draco Meteor|p2a: Snorlax
|-damage|p2a: Snorlax|7/100
|-unboost|p1a: BudgetKanga|spa|2
|
|-heal|p2a: Snorlax|13/100|[from] item: Leftovers
|upkeep
|turn|41
|
|move|p1a: BudgetKanga|Draco Meteor|p2a: Snorlax
|-damage|p2a: Snorlax|0 fnt
|-unboost|p1a: BudgetKanga|spa|2
|faint|p2a: Snorlax
|
|upkeep
|
|switch|p2a: Rotom|Rotom-Heat|88/100
|turn|42
|
|switch|p1a: Rotom|Rotom-Heat|31/100
|-damage|p1a: Rotom|6/100|[from] Stealth Rock
|move|p2a: Rotom|Volt Switch|p1a: Rotom
|-resisted|p1a: Rotom
|-damage|p1a: Rotom|0 fnt
|faint|p1a: Rotom
|c|☆wallape|i got one mon
|c|☆wallape|thats success for me
|
|switch|p2a: Clefable|Clefable, F|61/100 tox|[from]move: Volt Switch
|
|-heal|p2a: Clefable|67/100 tox|[from] item: Leftovers
|upkeep
|
|switch|p1a: Conkeldurr|Conkeldurr, M|75/100
|-damage|p1a: Conkeldurr|69/100|[from] Stealth Rock
|turn|43
|j| umbrene
|
|switch|p2a: Jellicent|Jellicent, F|100/100
|move|p1a: Conkeldurr|Poison Jab|p2a: Jellicent
|-resisted|p2a: Jellicent
|-damage|p2a: Jellicent|87/100
|-status|p2a: Jellicent|psn
|
|-heal|p2a: Jellicent|93/100 psn|[from] item: Leftovers
|-damage|p2a: Jellicent|81/100 psn|[from] psn
|upkeep
|turn|44
|l| umbrene
|
|switch|p1a: BudgetKanga|Dragapult, M, shiny|64/100
|-damage|p1a: BudgetKanga|51/100|[from] Stealth Rock
|move|p2a: Jellicent|Will-O-Wisp|p1a: BudgetKanga
|-status|p1a: BudgetKanga|brn
|
|-heal|p2a: Jellicent|87/100 psn|[from] item: Leftovers
|-damage|p1a: BudgetKanga|45/100 brn|[from] brn
|-damage|p2a: Jellicent|75/100 psn|[from] psn
|upkeep
|turn|45
|inactive|Battle timer is ON: inactive players will automatically lose when time's up. (requested by wallape)
|inactive|thounss has 120 seconds left.
|
|switch|p2a: Clefable|Clefable, F|67/100 tox
|move|p1a: BudgetKanga|Shadow Ball|p2a: Clefable
|-damage|p2a: Clefable|20/100 tox
|-unboost|p2a: Clefable|spd|1
|
|-heal|p2a: Clefable|26/100 tox|[from] item: Leftovers
|-damage|p1a: BudgetKanga|39/100 brn|[from] brn
|upkeep
|turn|46
|
|switch|p1a: Aegislash|Aegislash, M|100/100
|-damage|p1a: Aegislash|94/100|[from] Stealth Rock
|move|p2a: Clefable|Protect||[still]
|-fail|p2a: Clefable
|
|-heal|p2a: Clefable|32/100 tox|[from] item: Leftovers
|upkeep
|turn|47
|
|switch|p2a: Hippowdon|Hippowdon, M|80/100 tox
|-weather|Sandstorm|[from] ability: Sand Stream|[of] p2a: Hippowdon
|-formechange|p1a: Aegislash|Aegislash-Blade||[from] ability: Stance Change
|move|p1a: Aegislash|Iron Head|p2a: Hippowdon
|-damage|p2a: Hippowdon|40/100 tox
|-damage|p1a: Aegislash|78/100|[from] item: Rocky Helmet|[of] p2a: Hippowdon
|-damage|p1a: Aegislash|68/100|[from] item: Life Orb
|
|-weather|Sandstorm|[upkeep]
|-damage|p2a: Hippowdon|33/100 tox|[from] psn
|upkeep
|turn|48
|
|move|p1a: Aegislash|Iron Head|p2a: Hippowdon
|-damage|p2a: Hippowdon|0 fnt
|-damage|p1a: Aegislash|51/100|[from] item: Rocky Helmet|[of] p2a: Hippowdon
|-damage|p1a: Aegislash|41/100|[from] item: Life Orb
|faint|p2a: Hippowdon
|
|-weather|Sandstorm|[upkeep]
|upkeep
|
|switch|p2a: Rotom|Rotom-Heat|88/100
|turn|49
|
|switch|p1a: Corviknight|Corviknight, F|67/100
|-damage|p1a: Corviknight|55/100|[from] Stealth Rock
|move|p2a: Rotom|Volt Switch|p1a: Corviknight
|-supereffective|p1a: Corviknight
|-damage|p1a: Corviknight|8/100
|j| LolGamingLuiz
|
|switch|p2a: Excadrill|Excadrill, F|100/100|[from]move: Volt Switch
|-ability|p2a: Excadrill|Mold Breaker
|
|-weather|Sandstorm|[upkeep]
|-heal|p1a: Corviknight|15/100|[from] item: Leftovers
|upkeep
|turn|50
|
|move|p2a: Excadrill|Iron Head|p1a: Corviknight
|-resisted|p1a: Corviknight
|-damage|p1a: Corviknight|3/100
|move|p1a: Corviknight|Defog|p2a: Excadrill
|-unboost|p2a: Excadrill|evasion|1
|-sideend|p1: wallape|Stealth Rock|[from] move: Defog|[of] p1a: Corviknight
|
|-weather|Sandstorm|[upkeep]
|-heal|p1a: Corviknight|9/100|[from] item: Leftovers
|upkeep
|turn|51
|
|move|p2a: Excadrill|Iron Head|p1a: Corviknight
|-resisted|p1a: Corviknight
|-damage|p1a: Corviknight|0 fnt
|faint|p1a: Corviknight
|
|-weather|none
|upkeep
|
|switch|p1a: Conkeldurr|Conkeldurr, M|69/100
|turn|52
|
|switch|p2a: Clefable|Clefable, F|32/100 tox
|move|p1a: Conkeldurr|Drain Punch|p2a: Clefable
|-resisted|p2a: Clefable
|-damage|p2a: Clefable|10/100 tox
|-heal|p1a: Conkeldurr|80/100|[from] drain|[of] p2a: Clefable
|
|-heal|p2a: Clefable|16/100 tox|[from] item: Leftovers
|upkeep
|turn|53
|
|switch|p2a: Jellicent|Jellicent, F|75/100 psn
|move|p1a: Conkeldurr|Drain Punch|p2a: Jellicent
|-immune|p2a: Jellicent
|
|-heal|p2a: Jellicent|81/100 psn|[from] item: Leftovers
|-damage|p2a: Jellicent|69/100 psn|[from] psn
|upkeep
|turn|54
|
|move|p2a: Jellicent|Hex|p1a: Conkeldurr
|-damage|p1a: Conkeldurr|64/100
|move|p1a: Conkeldurr|Earthquake|p2a: Jellicent
|-damage|p2a: Jellicent|35/100 psn
|
|-heal|p2a: Jellicent|41/100 psn|[from] item: Leftovers
|-damage|p2a: Jellicent|29/100 psn|[from] psn
|upkeep
|turn|55
|l| LolGamingLuiz
|inactive|thounss has 120 seconds left.
|
|switch|p1a: Aegislash|Aegislash, M|41/100
|move|p2a: Jellicent|Recover|p2a: Jellicent
|-heal|p2a: Jellicent|79/100 psn
|
|-heal|p2a: Jellicent|85/100 psn|[from] item: Leftovers
|-damage|p2a: Jellicent|73/100 psn|[from] psn
|upkeep
|turn|56
|
|switch|p2a: Clefable|Clefable, F|16/100 tox
|-formechange|p1a: Aegislash|Aegislash-Blade||[from] ability: Stance Change
|move|p1a: Aegislash|Shadow Sneak|p2a: Clefable
|-damage|p2a: Clefable|0 fnt
|-damage|p1a: Aegislash|31/100|[from] item: Life Orb
|faint|p2a: Clefable
|
|upkeep
|inactive|thounss has 120 seconds left.
|inactive|thounss has 90 seconds left.
|
|switch|p2a: Rotom|Rotom-Heat|88/100
|turn|57
|
|move|p1a: Aegislash|Shadow Sneak|p2a: Rotom
|-damage|p2a: Rotom|55/100
|-damage|p1a: Aegislash|21/100|[from] item: Life Orb
|move|p2a: Rotom|Volt Switch|p1a: Aegislash
|-crit|p1a: Aegislash
|-damage|p1a: Aegislash|0 fnt
|faint|p1a: Aegislash
|
|switch|p2a: Excadrill|Excadrill, F|100/100|[from]move: Volt Switch
|-ability|p2a: Excadrill|Mold Breaker
|
|upkeep
|
|switch|p1a: Conkeldurr|Conkeldurr, M|64/100
|turn|58
|
|switch|p2a: Jellicent|Jellicent, F|73/100 psn
|move|p1a: Conkeldurr|Drain Punch|p2a: Jellicent
|-immune|p2a: Jellicent
|
|-heal|p2a: Jellicent|79/100 psn|[from] item: Leftovers
|-damage|p2a: Jellicent|66/100 psn|[from] psn
|upkeep
|turn|59
|
|move|p2a: Jellicent|Recover|p2a: Jellicent
|-heal|p2a: Jellicent|100/100 psn
|move|p1a: Conkeldurr|Earthquake|p2a: Jellicent
|-damage|p2a: Jellicent|68/100 psn
|
|-heal|p2a: Jellicent|74/100 psn|[from] item: Leftovers
|-damage|p2a: Jellicent|61/100 psn|[from] psn
|upkeep
|turn|60
|
|switch|p1a: BudgetKanga|Dragapult, M, shiny|39/100 brn
|move|p2a: Jellicent|Hex|p1a: BudgetKanga
|-supereffective|p1a: BudgetKanga
|-damage|p1a: BudgetKanga|0 fnt
|faint|p1a: BudgetKanga
|
|-heal|p2a: Jellicent|68/100 psn|[from] item: Leftovers
|-damage|p2a: Jellicent|55/100 psn|[from] psn
|upkeep
|
|switch|p1a: Conkeldurr|Conkeldurr, M|64/100
|turn|61
|c|☆wallape|gg
|j| Reido0203
|
|move|p2a: Jellicent|Recover|p2a: Jellicent
|-heal|p2a: Jellicent|100/100 psn
|move|p1a: Conkeldurr|Earthquake|p2a: Jellicent
|-damage|p2a: Jellicent|65/100 psn
|
|-heal|p2a: Jellicent|71/100 psn|[from] item: Leftovers
|-damage|p2a: Jellicent|58/100 psn|[from] psn
|upkeep
|turn|62
|
|move|p2a: Jellicent|Hex|p1a: Conkeldurr
|-damage|p1a: Conkeldurr|49/100
|move|p1a: Conkeldurr|Earthquake|p2a: Jellicent
|-damage|p2a: Jellicent|22/100 psn
|
|-heal|p2a: Jellicent|28/100 psn|[from] item: Leftovers
|-damage|p2a: Jellicent|16/100 psn|[from] psn
|upkeep
|turn|63
|
|move|p2a: Jellicent|Recover|p2a: Jellicent
|-heal|p2a: Jellicent|66/100 psn
|move|p1a: Conkeldurr|Earthquake|p2a: Jellicent
|-damage|p2a: Jellicent|31/100 psn
|
|-heal|p2a: Jellicent|37/100 psn|[from] item: Leftovers
|-damage|p2a: Jellicent|25/100 psn|[from] psn
|upkeep
|turn|64
|
|move|p2a: Jellicent|Recover|p2a: Jellicent
|-heal|p2a: Jellicent|75/100 psn
|move|p1a: Conkeldurr|Earthquake|p2a: Jellicent
|-damage|p2a: Jellicent|40/100 psn
|
|-heal|p2a: Jellicent|46/100 psn|[from] item: Leftovers
|-damage|p2a: Jellicent|33/100 psn|[from] psn
|upkeep
|turn|65
|c|☆wallape|are you gonna make this torture
|c|☆wallape|just finish it man
|
|move|p2a: Jellicent|Recover|p2a: Jellicent
|-heal|p2a: Jellicent|83/100 psn
|move|p1a: Conkeldurr|Earthquake|p2a: Jellicent
|-damage|p2a: Jellicent|49/100 psn
|
|-heal|p2a: Jellicent|55/100 psn|[from] item: Leftovers
|-damage|p2a: Jellicent|43/100 psn|[from] psn
|upkeep
|turn|66
|
|move|p2a: Jellicent|Recover|p2a: Jellicent
|-heal|p2a: Jellicent|93/100 psn
|move|p1a: Conkeldurr|Earthquake|p2a: Jellicent
|-damage|p2a: Jellicent|60/100 psn
|
|-heal|p2a: Jellicent|67/100 psn|[from] item: Leftovers
|-damage|p2a: Jellicent|54/100 psn|[from] psn
|upkeep
|turn|67
|
|move|p2a: Jellicent|Recover|p2a: Jellicent
|-heal|p2a: Jellicent|100/100 psn
|move|p1a: Conkeldurr|Earthquake|p2a: Jellicent
|-damage|p2a: Jellicent|64/100 psn
|
|-heal|p2a: Jellicent|71/100 psn|[from] item: Leftovers
|-damage|p2a: Jellicent|58/100 psn|[from] psn
|upkeep
|turn|68
|
|move|p2a: Jellicent|Recover|p2a: Jellicent
|-heal|p2a: Jellicent|100/100 psn
|move|p1a: Conkeldurr|Earthquake|p2a: Jellicent
|-damage|p2a: Jellicent|67/100 psn
|
|-heal|p2a: Jellicent|73/100 psn|[from] item: Leftovers
|-damage|p2a: Jellicent|60/100 psn|[from] psn
|upkeep
|turn|69
|
|move|p2a: Jellicent|Recover|p2a: Jellicent
|-heal|p2a: Jellicent|100/100 psn
|move|p1a: Conkeldurr|Earthquake|p2a: Jellicent
|-damage|p2a: Jellicent|64/100 psn
|
|-heal|p2a: Jellicent|70/100 psn|[from] item: Leftovers
|-damage|p2a: Jellicent|57/100 psn|[from] psn
|upkeep
|turn|70
|
|move|p2a: Jellicent|Recover|p2a: Jellicent
|-heal|p2a: Jellicent|100/100 psn
|move|p1a: Conkeldurr|Earthquake|p2a: Jellicent
|-damage|p2a: Jellicent|66/100 psn
|
|-heal|p2a: Jellicent|72/100 psn|[from] item: Leftovers
|-damage|p2a: Jellicent|60/100 psn|[from] psn
|upkeep
|turn|71
|l| Reido0203
|-message|wallape forfeited.
|
|win|thounss
