|j|☆lou dort
|j|☆tsnsj
|t:|1657690376
|gametype|singles
|player|p1|lou dort|ryuki|1592
|player|p2|tsnsj|veteranf|1631
|teamsize|p1|6
|teamsize|p2|6
|gen|8
|tier|[Gen 8] OU
|rated|
|rule|Sleep Clause Mod: Limit one foe put to sleep
|rule|Species Clause: Limit one of each Pokémon
|rule|OHKO Clause: OHKO moves are banned
|rule|Evasion Moves Clause: Evasion moves are banned
|rule|Endless Battle Clause: Forcing endless battles is banned
|rule|HP Percentage Mod: HP is shown in percentages
|rule|Dynamax Clause: You cannot dynamax
|clearpoke
|poke|p1|Clefable, M|
|poke|p1|Tyranitar, F|
|poke|p1|Excadrill, M|
|poke|p1|Toxapex, F|
|poke|p1|Skarmory, M|
|poke|p1|Tornadus-Therian, M|
|poke|p2|Amoonguss, M|
|poke|p2|Hippowdon, M|
|poke|p2|Scizor, M|
|poke|p2|Moltres|
|poke|p2|Slowking, M|
|poke|p2|Nidoking, M|
|teampreview
|inactive|Battle timer is ON: inactive players will automatically lose when time's up. (requested by lou dort)
|
|t:|1657690402
|start
|switch|p1a: Clefable|Clefable, M|100/100
|switch|p2a: Nidoking|Nidoking, M, shiny|100/100
|turn|1
|
|t:|1657690409
|move|p2a: Nidoking|Sludge Wave|p1a: Clefable
|-supereffective|p1a: Clefable
|-crit|p1a: Clefable
|-damage|p1a: Clefable|0 fnt
|faint|p1a: Clefable
|
|upkeep
|
|t:|1657690415
|switch|p1a: Excadrill|Excadrill, M|100/100
|turn|2
|
|t:|1657690433
|switch|p1a: Tyranitar|Tyranitar, F|100/100
|-weather|Sandstorm|[from] ability: Sand Stream|[of] p1a: Tyranitar
|switch|p2a: Hippowdon|Hippowdon, M|100/100
|
|-weather|Sandstorm|[upkeep]
|upkeep
|turn|3
|j| Go b4 it gets dark
|
|t:|1657690456
|switch|p1a: Skarmory|Skarmory, M|100/100
|move|p2a: Hippowdon|Stealth Rock|p1a: Skarmory
|-sidestart|p1: lou dort|move: Stealth Rock
|
|-weather|Sandstorm|[upkeep]
|upkeep
|turn|4
|
|t:|1657690462
|switch|p2a: Scizor|Scizor, M|100/100
|move|p1a: Skarmory|Defog|p2a: Scizor
|-unboost|p2a: Scizor|evasion|1
|-sideend|p1: lou dort|Stealth Rock|[from] move: Defog|[of] p1a: Skarmory
|
|-weather|Sandstorm|[upkeep]
|upkeep
|turn|5
|
|t:|1657690466
|move|p1a: Skarmory|Body Press|p2a: Scizor
|-damage|p2a: Scizor|74/100
|move|p2a: Scizor|Knock Off|p1a: Skarmory
|-damage|p1a: Skarmory|85/100
|-damage|p2a: Scizor|57/100|[from] item: Rocky Helmet|[of] p1a: Skarmory
|-enditem|p1a: Skarmory|Rocky Helmet|[from] move: Knock Off|[of] p2a: Scizor
|
|-weather|Sandstorm|[upkeep]
|upkeep
|turn|6
|
|t:|1657690472
|move|p1a: Skarmory|Body Press|p2a: Scizor
|-damage|p2a: Scizor|33/100
|move|p2a: Scizor|Roost|p2a: Scizor
|-heal|p2a: Scizor|84/100
|-singleturn|p2a: Scizor|move: Roost
|
|-weather|none
|upkeep
|turn|7
|
|t:|1657690477
|move|p1a: Skarmory|Iron Defense|p1a: Skarmory
|-boost|p1a: Skarmory|def|2
|move|p2a: Scizor|Knock Off|p1a: Skarmory
|-damage|p1a: Skarmory|79/100
|
|upkeep
|turn|8
|
|t:|1657690485
|switch|p2a: Moltres|Moltres|100/100
|move|p1a: Skarmory|Body Press|p2a: Moltres
|-resisted|p2a: Moltres
|-damage|p2a: Moltres|79/100
|-status|p1a: Skarmory|brn|[from] ability: Flame Body|[of] p2a: Moltres
|
|-damage|p1a: Skarmory|73/100 brn|[from] brn
|upkeep
|turn|9
|
|t:|1657690489
|switch|p1a: Tyranitar|Tyranitar, F|100/100
|-weather|Sandstorm|[from] ability: Sand Stream|[of] p1a: Tyranitar
|move|p2a: Moltres|U-turn|p1a: Tyranitar
|-supereffective|p1a: Tyranitar
|-damage|p1a: Tyranitar|74/100
|
|t:|1657690492
|switch|p2a: Hippowdon|Hippowdon, M|100/100|[from]move: U-turn
|
|-weather|Sandstorm|[upkeep]
|upkeep
|turn|10
|
|t:|1657690495
|switch|p1a: Tornadus|Tornadus-Therian, M|100/100
|move|p2a: Hippowdon|Stealth Rock|p1a: Tornadus
|-sidestart|p1: lou dort|move: Stealth Rock
|
|-weather|Sandstorm|[upkeep]
|-damage|p1a: Tornadus|94/100|[from] Sandstorm
|upkeep
|turn|11
|
|t:|1657690498
|move|p1a: Tornadus|Nasty Plot|p1a: Tornadus
|-boost|p1a: Tornadus|spa|2
|move|p2a: Hippowdon|Toxic|p1a: Tornadus
|-status|p1a: Tornadus|tox
|
|-weather|Sandstorm|[upkeep]
|-damage|p1a: Tornadus|88/100 tox|[from] Sandstorm
|-damage|p1a: Tornadus|82/100 tox|[from] psn
|upkeep
|turn|12
|
|t:|1657690501
|switch|p2a: Slowking|Slowking, M|100/100
|move|p1a: Tornadus|Hurricane|p2a: Slowking
|-damage|p2a: Slowking|45/100
|
|-weather|Sandstorm|[upkeep]
|-damage|p1a: Tornadus|76/100 tox|[from] Sandstorm
|-damage|p2a: Slowking|39/100|[from] Sandstorm
|-damage|p1a: Tornadus|64/100 tox|[from] psn
|upkeep
|turn|13
|j| amjad maria
|
|t:|1657690524
|switch|p2a: Hippowdon|Hippowdon, M|100/100
|move|p1a: Tornadus|Knock Off|p2a: Hippowdon
|-damage|p2a: Hippowdon|87/100
|-enditem|p2a: Hippowdon|Leftovers|[from] move: Knock Off|[of] p1a: Tornadus
|
|-weather|none
|-damage|p1a: Tornadus|46/100 tox|[from] psn
|upkeep
|turn|14
|
|t:|1657690535
|switch|p1a: Skarmory|Skarmory, M|73/100 brn
|-damage|p1a: Skarmory|61/100 brn|[from] Stealth Rock
|move|p2a: Hippowdon|Slack Off|p2a: Hippowdon
|-heal|p2a: Hippowdon|100/100
|
|-damage|p1a: Skarmory|55/100 brn|[from] brn
|upkeep
|turn|15
|
|t:|1657690540
|switch|p2a: Slowking|Slowking, M|72/100
|move|p1a: Skarmory|Defog|p2a: Slowking
|-unboost|p2a: Slowking|evasion|1
|-sideend|p1: lou dort|Stealth Rock|[from] move: Defog|[of] p1a: Skarmory
|
|-damage|p1a: Skarmory|49/100 brn|[from] brn
|upkeep
|turn|16
|
|t:|1657690546
|switch|p1a: Tornadus|Tornadus-Therian, M|80/100 tox
|move|p2a: Slowking|Teleport|p2a: Slowking
|j| ctlh
|
|t:|1657690550
|switch|p2a: Hippowdon|Hippowdon, M|100/100|[from]move: Teleport
|-weather|Sandstorm|[from] ability: Sand Stream|[of] p2a: Hippowdon
|
|-weather|Sandstorm|[upkeep]
|-damage|p1a: Tornadus|74/100 tox|[from] Sandstorm
|-damage|p1a: Tornadus|68/100 tox|[from] psn
|upkeep
|turn|17
|
|t:|1657690552
|move|p1a: Tornadus|Hurricane|p2a: Hippowdon
|-damage|p2a: Hippowdon|62/100
|move|p2a: Hippowdon|Stealth Rock|p1a: Tornadus
|-sidestart|p1: lou dort|move: Stealth Rock
|
|-weather|Sandstorm|[upkeep]
|-damage|p1a: Tornadus|62/100 tox|[from] Sandstorm
|-damage|p1a: Tornadus|50/100 tox|[from] psn
|upkeep
|turn|18
|
|t:|1657690561
|switch|p1a: Excadrill|Excadrill, M|100/100
|-damage|p1a: Excadrill|97/100|[from] Stealth Rock
|move|p2a: Hippowdon|Slack Off|p2a: Hippowdon
|-heal|p2a: Hippowdon|100/100
|
|-weather|Sandstorm|[upkeep]
|-heal|p1a: Excadrill|100/100|[from] item: Leftovers
|upkeep
|turn|19
|
|t:|1657690567
|switch|p1a: Skarmory|Skarmory, M|49/100 brn
|-damage|p1a: Skarmory|36/100 brn|[from] Stealth Rock
|move|p2a: Hippowdon|Earthquake|p1a: Skarmory
|-immune|p1a: Skarmory
|
|-weather|Sandstorm|[upkeep]
|-damage|p1a: Skarmory|30/100 brn|[from] brn
|upkeep
|turn|20
|
|t:|1657690570
|switch|p2a: Nidoking|Nidoking, M, shiny|100/100
|move|p1a: Skarmory|Roost|p1a: Skarmory
|-heal|p1a: Skarmory|80/100 brn
|-singleturn|p1a: Skarmory|move: Roost
|
|-weather|none
|-damage|p1a: Skarmory|74/100 brn|[from] brn
|upkeep
|turn|21
|
|t:|1657690575
|switch|p1a: Tornadus|Tornadus-Therian, M|83/100 tox
|move|p2a: Nidoking|Ice Beam|p1a: Tornadus
|-supereffective|p1a: Tornadus
|-damage|p1a: Tornadus|0 fnt
|faint|p1a: Tornadus
|
|upkeep
|-message|lou dort forfeited.
|
|win|tsnsj
|raw|lou dort's rating: 1592 &rarr; <strong>1574</strong><br />(-18 for losing)
|raw|tsnsj's rating: 1622 &rarr; <strong>1640</strong><br />(+18 for winning)
|l|☆lou dort
