|j|☆Rheinmetal
|j|☆irruushi
|t:|1619703467
|gametype|singles
|player|p1|Rheinmetal|102|1782
|player|p2|irruushi|266|1819
|teamsize|p1|6
|teamsize|p2|6
|gen|8
|tier|[Gen 8] OU
|rated|
|clearpoke
|poke|p1|Dragapult, M|
|poke|p1|Garchomp, F|
|poke|p1|Dragonite, M|
|poke|p1|Toxapex, M|
|poke|p1|Clefable, M|
|poke|p1|Blissey, F|
|poke|p2|Slowking-Galar, F|
|poke|p2|Slowbro, F|
|poke|p2|Corviknight, M|
|poke|p2|Blissey, F|
|poke|p2|Dragapult, M|
|poke|p2|Garchomp, F|
|rule|Sleep Clause Mod: Limit one foe put to sleep
|rule|Species Clause: Limit one of each Pokémon
|rule|OHKO Clause: OHKO moves are banned
|rule|Evasion Moves Clause: Evasion moves are banned
|rule|Endless Battle Clause: Forcing endless battles is banned
|rule|HP Percentage Mod: HP is shown in percentages
|rule|Dynamax Clause: You cannot dynamax
|teampreview
|inactive|Battle timer is ON: inactive players will automatically lose when time's up. (requested by Rheinmetal)
|inactive|Rheinmetal has 120 seconds left.
|
|t:|1619703504
|start
|switch|p1a: Death Blossom|Garchomp, F|100/100
|switch|p2a: Blissey|Blissey, F|100/100
|turn|1
|
|t:|1619703514
|move|p1a: Death Blossom|Stealth Rock|p2a: Blissey
|-sidestart|p2: irruushi|move: Stealth Rock
|move|p2a: Blissey|Toxic|p1a: Death Blossom
|-status|p1a: Death Blossom|tox
|
|-damage|p1a: Death Blossom|94/100 tox|[from] psn
|upkeep
|turn|2
|
|t:|1619703519
|switch|p1a: Mumu|Toxapex, M|100/100
|switch|p2a: Slowbro|Slowbro, F|100/100
|-damage|p2a: Slowbro|88/100|[from] Stealth Rock
|
|upkeep
|turn|3
|
|t:|1619703523
|switch|p2a: Slowking|Slowking-Galar, F|100/100
|-damage|p2a: Slowking|88/100|[from] Stealth Rock
|move|p1a: Mumu|Knock Off|p2a: Slowking
|-supereffective|p2a: Slowking
|-damage|p2a: Slowking|58/100
|-enditem|p2a: Slowking|Black Sludge|[from] move: Knock Off|[of] p1a: Mumu
|
|upkeep
|turn|4
|
|t:|1619703529
|switch|p2a: Corviknight|Corviknight, M|100/100
|-damage|p2a: Corviknight|88/100|[from] Stealth Rock
|-ability|p2a: Corviknight|Pressure
|move|p1a: Mumu|Toxic Spikes|p2a: Corviknight
|-sidestart|p2: irruushi|move: Toxic Spikes
|
|-heal|p2a: Corviknight|94/100|[from] item: Leftovers
|upkeep
|turn|5
|
|t:|1619703534
|switch|p2a: Slowking|Slowking-Galar, F|92/100
|-sideend|p2: irruushi|move: Toxic Spikes|[of] p2a: Slowking
|-damage|p2a: Slowking|79/100|[from] Stealth Rock
|move|p1a: Mumu|Knock Off|p2a: Slowking
|-supereffective|p2a: Slowking
|-damage|p2a: Slowking|59/100
|
|upkeep
|turn|6
|
|t:|1619703538
|switch|p2a: Corviknight|Corviknight, M|94/100
|-damage|p2a: Corviknight|82/100|[from] Stealth Rock
|-ability|p2a: Corviknight|Pressure
|move|p1a: Mumu|Scald|p2a: Corviknight
|-damage|p2a: Corviknight|67/100
|
|-heal|p2a: Corviknight|73/100|[from] item: Leftovers
|upkeep
|turn|7
|
|t:|1619703541
|move|p2a: Corviknight|Defog|p1a: Mumu
|-unboost|p1a: Mumu|evasion|1
|-sideend|p2: irruushi|Stealth Rock|[from] move: Defog|[of] p2a: Corviknight
|move|p1a: Mumu|Knock Off|p2a: Corviknight
|-damage|p2a: Corviknight|65/100
|-enditem|p2a: Corviknight|Leftovers|[from] move: Knock Off|[of] p1a: Mumu
|
|upkeep
|turn|8
|
|t:|1619703545
|move|p2a: Corviknight|Roost|p2a: Corviknight
|-heal|p2a: Corviknight|100/100
|-singleturn|p2a: Corviknight|move: Roost
|move|p1a: Mumu|Toxic Spikes|p2a: Corviknight
|-sidestart|p2: irruushi|move: Toxic Spikes
|
|upkeep
|turn|9
|
|t:|1619703548
|move|p2a: Corviknight|U-turn|p1a: Mumu
|-resisted|p1a: Mumu
|-damage|p1a: Mumu|96/100
|
|t:|1619703551
|switch|p2a: Slowking|Slowking-Galar, F|92/100|[from]move: U-turn
|-sideend|p2: irruushi|move: Toxic Spikes|[of] p2a: Slowking
|move|p1a: Mumu|Scald|p2a: Slowking
|-damage|p2a: Slowking|79/100
|
|-heal|p1a: Mumu|100/100|[from] item: Black Sludge
|upkeep
|turn|10
|
|t:|1619703555
|move|p1a: Mumu|Scald|p2a: Slowking
|-damage|p2a: Slowking|65/100
|move|p2a: Slowking|Nasty Plot|p2a: Slowking
|-boost|p2a: Slowking|spa|2
|
|upkeep
|turn|11
|
|t:|1619703558
|switch|p1a: D|Blissey, F|100/100
|move|p2a: Slowking|Psychic|p1a: D
|-damage|p1a: D|66/100
|
|upkeep
|turn|12
|
|t:|1619703566
|move|p1a: D|Soft-Boiled|p1a: D
|-heal|p1a: D|100/100
|move|p2a: Slowking|Focus Blast|p1a: D|[miss]
|-miss|p2a: Slowking|p1a: D
|
|upkeep
|turn|13
|
|t:|1619703575
|move|p1a: D|Seismic Toss|p2a: Slowking
|-damage|p2a: Slowking|39/100
|move|p2a: Slowking|Psychic|p1a: D
|-damage|p1a: D|68/100
|-unboost|p1a: D|spd|1
|
|upkeep
|turn|14
|
|t:|1619703587
|switch|p1a: Sol|Dragonite, M|100/100
|move|p2a: Slowking|Focus Blast|p1a: Sol
|-resisted|p1a: Sol
|-damage|p1a: Sol|84/100
|
|upkeep
|turn|15
|
|t:|1619703591
|switch|p2a: Corviknight|Corviknight, M|100/100
|-ability|p2a: Corviknight|Pressure
|move|p1a: Sol|Earthquake|p2a: Corviknight
|-immune|p2a: Corviknight
|
|upkeep
|turn|16
|
|t:|1619703595
|switch|p1a: Mumu|Toxapex, M|100/100
|move|p2a: Corviknight|U-turn|p1a: Mumu
|-resisted|p1a: Mumu
|-damage|p1a: Mumu|96/100
|
|t:|1619703599
|switch|p2a: Garchomp|Garchomp, F|100/100|[from]move: U-turn
|
|-heal|p1a: Mumu|100/100|[from] item: Black Sludge
|upkeep
|turn|17
|
|t:|1619703606
|move|p2a: Garchomp|Stealth Rock|p1a: Mumu
|-sidestart|p1: Rheinmetal|move: Stealth Rock
|move|p1a: Mumu|Knock Off|p2a: Garchomp
|-damage|p2a: Garchomp|86/100
|-damage|p1a: Mumu|88/100|[from] ability: Rough Skin|[of] p2a: Garchomp
|-enditem|p2a: Garchomp|Life Orb|[from] move: Knock Off|[of] p1a: Mumu
|
|-heal|p1a: Mumu|94/100|[from] item: Black Sludge
|upkeep
|turn|18
|
|t:|1619703618
|switch|p2a: Slowking|Slowking-Galar, F|72/100
|switch|p1a: Sol|Dragonite, M|84/100
|
|upkeep
|turn|19
|
|t:|1619703625
|switch|p2a: Corviknight|Corviknight, M|100/100
|-ability|p2a: Corviknight|Pressure
|move|p1a: Sol|Earthquake|p2a: Corviknight
|-immune|p2a: Corviknight
|
|upkeep
|turn|20
|
|t:|1619703629
|move|p1a: Sol|Defog|p2a: Corviknight
|-unboost|p2a: Corviknight|evasion|1
|-sideend|p1: Rheinmetal|Stealth Rock|[from] move: Defog|[of] p1a: Sol
|move|p2a: Corviknight|U-turn|p1a: Sol
|-resisted|p1a: Sol
|-damage|p1a: Sol|79/100
|j| ct b ct
|
|t:|1619703633
|switch|p2a: Dragapult|Dragapult, M|100/100|[from]move: U-turn
|
|upkeep
|turn|21
|
|t:|1619703636
|switch|p1a: X|Clefable, M, shiny|100/100
|move|p2a: Dragapult|U-turn|p1a: X
|-resisted|p1a: X
|-damage|p1a: X|94/100
|
|t:|1619703640
|switch|p2a: Slowking|Slowking-Galar, F|100/100|[from]move: U-turn
|
|upkeep
|turn|22
|j| z15z
|inactive|Rheinmetal has 120 seconds left.
|j| nero89
|inactive|Rheinmetal has 90 seconds left.
|inactive|Rheinmetal has 60 seconds left.
|j| Lamotrigina
|
|t:|1619703740
|move|p1a: X|Thunder Wave|p2a: Slowking
|-status|p2a: Slowking|par
|cant|p2a: Slowking|par
|
|upkeep
|turn|23
|inactive|Rheinmetal has 60 seconds left.
|
|t:|1619703749
|switch|p1a: Sol|Dragonite, M|79/100
|move|p2a: Slowking|Nasty Plot|p2a: Slowking
|-boost|p2a: Slowking|spa|2
|
|upkeep
|turn|24
|
|t:|1619703754
|move|p1a: Sol|Roost|p1a: Sol
|-heal|p1a: Sol|100/100
|-singleturn|p1a: Sol|move: Roost
|move|p2a: Slowking|Psychic|p1a: Sol
|-damage|p1a: Sol|63/100
|
|upkeep
|turn|25
|
|t:|1619703758
|move|p1a: Sol|Roost|p1a: Sol
|-heal|p1a: Sol|100/100
|-singleturn|p1a: Sol|move: Roost
|cant|p2a: Slowking|par
|
|upkeep
|turn|26
|
|t:|1619703762
|switch|p1a: Mumu|Toxapex, M|100/100
|switch|p2a: Corviknight|Corviknight, M|100/100
|-ability|p2a: Corviknight|Pressure
|
|upkeep
|turn|27
|
|t:|1619703767
|switch|p2a: Slowking|Slowking-Galar, F|100/100 par
|move|p1a: Mumu|Toxic Spikes|p2a: Slowking
|-sidestart|p2: irruushi|move: Toxic Spikes
|
|upkeep
|turn|28
|
|t:|1619703777
|switch|p1a: Death Blossom|Garchomp, F|94/100 tox
|move|p2a: Slowking|Nasty Plot|p2a: Slowking
|-boost|p2a: Slowking|spa|2
|
|-damage|p1a: Death Blossom|88/100 tox|[from] psn
|upkeep
|turn|29
|
|t:|1619703781
|switch|p2a: Corviknight|Corviknight, M|100/100
|-ability|p2a: Corviknight|Pressure
|move|p1a: Death Blossom|Stealth Rock|p2a: Corviknight
|-sidestart|p2: irruushi|move: Stealth Rock
|
|-damage|p1a: Death Blossom|76/100 tox|[from] psn
|upkeep
|turn|30
|
|t:|1619703784
|switch|p1a: Mumu|Toxapex, M|100/100
|move|p2a: Corviknight|Defog|p1a: Mumu
|-unboost|p1a: Mumu|evasion|1
|-sideend|p2: irruushi|Toxic Spikes|[from] move: Defog|[of] p2a: Corviknight
|-sideend|p2: irruushi|Stealth Rock|[from] move: Defog|[of] p2a: Corviknight
|
|upkeep
|turn|31
|
|t:|1619703789
|switch|p1a: D|Blissey, F|68/100
|move|p2a: Corviknight|U-turn|p1a: D
|-damage|p1a: D|56/100
|
|t:|1619703792
|switch|p2a: Garchomp|Garchomp, F|86/100|[from]move: U-turn
|
|upkeep
|turn|32
|
|t:|1619703796
|switch|p1a: X|Clefable, M, shiny|94/100
|move|p2a: Garchomp|Earthquake|p1a: X
|-damage|p1a: X|50/100
|
|upkeep
|turn|33
|
|t:|1619703801
|move|p2a: Garchomp|Stealth Rock|p1a: X
|-sidestart|p1: Rheinmetal|move: Stealth Rock
|move|p1a: X|Soft-Boiled|p1a: X
|-heal|p1a: X|100/100
|
|upkeep
|turn|34
|
|t:|1619703803
|switch|p2a: Slowking|Slowking-Galar, F|100/100 par
|move|p1a: X|Moonblast|p2a: Slowking
|-resisted|p2a: Slowking
|-damage|p2a: Slowking|87/100 par
|
|upkeep
|turn|35
|
|t:|1619703816
|switch|p1a: D|Blissey, F|56/100
|switch|p2a: Slowbro|Slowbro, F|100/100
|
|upkeep
|turn|36
|j| MiniLarry
|j| Powerman104
|inactive|Rheinmetal has 120 seconds left.
|c| Powerman104|lets go both
|
|t:|1619703862
|switch|p2a: Garchomp|Garchomp, F|86/100
|move|p1a: D|Toxic|p2a: Garchomp
|-status|p2a: Garchomp|tox
|
|-damage|p2a: Garchomp|80/100 tox|[from] psn
|upkeep
|turn|37
|l| nero89
|
|t:|1619703883
|switch|p2a: Dragapult|Dragapult, M|100/100
|switch|p1a: X|Clefable, M, shiny|100/100
|
|upkeep
|turn|38
|
|t:|1619703891
|move|p2a: Dragapult|U-turn|p1a: X
|-resisted|p1a: X
|-damage|p1a: X|94/100
|
|t:|1619703896
|switch|p2a: Slowking|Slowking-Galar, F|100/100 par|[from]move: U-turn
|move|p1a: X|Moonblast|p2a: Slowking
|-resisted|p2a: Slowking
|-damage|p2a: Slowking|87/100 par
|-unboost|p2a: Slowking|spa|1
|
|upkeep
|turn|39
|inactive|Rheinmetal has 120 seconds left.
|c|☆Rheinmetal|Class is getting intense bro
|c|☆Rheinmetal|Chill
|
|t:|1619703910
|switch|p1a: D|Blissey, F|56/100
|switch|p2a: Blissey|Blissey, F|100/100
|
|upkeep
|turn|40
|
|t:|1619703925
|move|p1a: D|Soft-Boiled|p1a: D
|-heal|p1a: D|100/100
|move|p2a: Blissey|Teleport|p2a: Blissey
|
|t:|1619703931
|switch|p2a: Corviknight|Corviknight, M|100/100|[from]move: Teleport
|-ability|p2a: Corviknight|Pressure
|
|upkeep
|turn|41
|
|t:|1619703935
|switch|p1a: Mumu|Toxapex, M|100/100
|-damage|p1a: Mumu|88/100|[from] Stealth Rock
|move|p2a: Corviknight|U-turn|p1a: Mumu
|-resisted|p1a: Mumu
|-damage|p1a: Mumu|84/100
|
|t:|1619703944
|switch|p2a: Slowking|Slowking-Galar, F|100/100 par|[from]move: U-turn
|
|-heal|p1a: Mumu|90/100|[from] item: Black Sludge
|upkeep
|turn|42
|
|t:|1619703949
|switch|p1a: D|Blissey, F|100/100
|move|p2a: Slowking|Nasty Plot|p2a: Slowking
|-boost|p2a: Slowking|spa|2
|
|upkeep
|turn|43
|
|t:|1619703960
|move|p1a: D|Seismic Toss|p2a: Slowking
|-damage|p2a: Slowking|74/100 par
|move|p2a: Slowking|Nasty Plot|p2a: Slowking
|-boost|p2a: Slowking|spa|2
|
|upkeep
|turn|44
|
|t:|1619703964
|move|p1a: D|Seismic Toss|p2a: Slowking
|-damage|p2a: Slowking|48/100 par
|cant|p2a: Slowking|par
|
|upkeep
|turn|45
|
|t:|1619703971
|switch|p1a: Sol|Dragonite, M|100/100
|switch|p2a: Corviknight|Corviknight, M|100/100
|-ability|p2a: Corviknight|Pressure
|
|upkeep
|turn|46
|
|t:|1619703984
|switch|p1a: Death Blossom|Garchomp, F|76/100 tox
|-damage|p1a: Death Blossom|69/100 tox|[from] Stealth Rock
|move|p2a: Corviknight|U-turn|p1a: Death Blossom
|-damage|p1a: Death Blossom|59/100 tox
|-damage|p2a: Corviknight|88/100|[from] ability: Rough Skin|[of] p1a: Death Blossom
|-damage|p2a: Corviknight|71/100|[from] item: Rocky Helmet|[of] p1a: Death Blossom
|
|t:|1619703992
|switch|p2a: Dragapult|Dragapult, M|100/100|[from]move: U-turn
|
|-damage|p1a: Death Blossom|53/100 tox|[from] psn
|upkeep
|turn|47
|
|t:|1619703999
|switch|p1a: X|Clefable, M, shiny|94/100
|move|p2a: Dragapult|Shadow Ball|p1a: X
|-damage|p1a: X|45/100
|
|upkeep
|turn|48
|
|t:|1619704005
|switch|p1a: D|Blissey, F|100/100
|move|p2a: Dragapult|Shadow Ball|p1a: D
|-immune|p1a: D
|
|upkeep
|turn|49
|
|t:|1619704011
|switch|p2a: Slowking|Slowking-Galar, F|82/100 par
|move|p1a: D|Teleport|p1a: D
|
|t:|1619704015
|switch|p1a: X|Clefable, M, shiny|45/100|[from]move: Teleport
|
|upkeep
|turn|50
|
|t:|1619704018
|move|p1a: X|Soft-Boiled|p1a: X
|-heal|p1a: X|95/100
|move|p2a: Slowking|Sludge Bomb|p1a: X
|-supereffective|p1a: X
|-damage|p1a: X|14/100
|
|upkeep
|turn|51
|
|t:|1619704024
|switch|p1a: D|Blissey, F|100/100
|move|p2a: Slowking|Sludge Bomb|p1a: D
|-damage|p1a: D|84/100
|
|upkeep
|turn|52
|
|t:|1619704038
|move|p1a: D|Seismic Toss|p2a: Slowking
|-damage|p2a: Slowking|56/100 par
|move|p2a: Slowking|Sludge Bomb|p1a: D
|-damage|p1a: D|67/100
|-status|p1a: D|psn
|
|-damage|p1a: D|54/100 psn|[from] psn
|upkeep
|turn|53
|
|t:|1619704044
|move|p1a: D|Seismic Toss|p2a: Slowking
|-damage|p2a: Slowking|30/100 par
|move|p2a: Slowking|Nasty Plot|p2a: Slowking
|-boost|p2a: Slowking|spa|2
|
|-damage|p1a: D|42/100 psn|[from] psn
|upkeep
|turn|54
|
|t:|1619704047
|move|p1a: D|Seismic Toss|p2a: Slowking
|-damage|p2a: Slowking|4/100 par
|move|p2a: Slowking|Focus Blast|p1a: D
|-supereffective|p1a: D
|-damage|p1a: D|0 fnt
|faint|p1a: D
|
|upkeep
|
|t:|1619704062
|switch|p1a: X|Clefable, M, shiny|14/100
|turn|55
|
|t:|1619704082
|switch|p2a: Corviknight|Corviknight, M|71/100
|-ability|p2a: Corviknight|Pressure
|move|p1a: X|Moonblast|p2a: Corviknight
|-resisted|p2a: Corviknight
|-damage|p2a: Corviknight|57/100
|
|upkeep
|turn|56
|
|t:|1619704088
|move|p1a: X|Soft-Boiled|p1a: X
|-heal|p1a: X|64/100
|move|p2a: Corviknight|Roost|p2a: Corviknight
|-heal|p2a: Corviknight|100/100
|-singleturn|p2a: Corviknight|move: Roost
|
|upkeep
|turn|57
|
|t:|1619704095
|switch|p1a: Mumu|Toxapex, M|100/100
|-damage|p1a: Mumu|88/100|[from] Stealth Rock
|switch|p2a: Slowking|Slowking-Galar, F|37/100 par
|
|-heal|p1a: Mumu|94/100|[from] item: Black Sludge
|upkeep
|turn|58
|
|t:|1619704101
|move|p1a: Mumu|Knock Off|p2a: Slowking
|-supereffective|p2a: Slowking
|-damage|p2a: Slowking|18/100 par
|cant|p2a: Slowking|par
|
|-heal|p1a: Mumu|99/100|[from] item: Black Sludge
|upkeep
|turn|59
|
|t:|1619704108
|switch|p2a: Corviknight|Corviknight, M|100/100
|-ability|p2a: Corviknight|Pressure
|move|p1a: Mumu|Knock Off|p2a: Corviknight
|-damage|p2a: Corviknight|95/100
|
|-heal|p1a: Mumu|100/100|[from] item: Black Sludge
|upkeep
|turn|60
|
|t:|1619704111
|move|p2a: Corviknight|U-turn|p1a: Mumu
|-resisted|p1a: Mumu
|-damage|p1a: Mumu|96/100
|
|t:|1619704113
|switch|p2a: Slowking|Slowking-Galar, F|52/100 par|[from]move: U-turn
|move|p1a: Mumu|Scald|p2a: Slowking
|-damage|p2a: Slowking|37/100 par
|
|-heal|p1a: Mumu|100/100|[from] item: Black Sludge
|upkeep
|turn|61
|
|t:|1619704117
|move|p1a: Mumu|Knock Off|p2a: Slowking
|-supereffective|p2a: Slowking
|-damage|p2a: Slowking|17/100 par
|move|p2a: Slowking|Psychic|p1a: Mumu
|-supereffective|p1a: Mumu
|-damage|p1a: Mumu|23/100
|
|-heal|p1a: Mumu|29/100|[from] item: Black Sludge
|upkeep
|turn|62
|
|t:|1619704122
|switch|p2a: Corviknight|Corviknight, M|95/100
|-ability|p2a: Corviknight|Pressure
|move|p1a: Mumu|Recover|p1a: Mumu
|-heal|p1a: Mumu|79/100
|
|-heal|p1a: Mumu|85/100|[from] item: Black Sludge
|upkeep
|turn|63
|
|t:|1619704125
|move|p2a: Corviknight|U-turn|p1a: Mumu
|-resisted|p1a: Mumu
|-damage|p1a: Mumu|81/100
|
|t:|1619704127
|switch|p2a: Slowking|Slowking-Galar, F|50/100 par|[from]move: U-turn
|move|p1a: Mumu|Scald|p2a: Slowking
|-damage|p2a: Slowking|35/100 par
|
|-heal|p1a: Mumu|87/100|[from] item: Black Sludge
|upkeep
|turn|64
|j| hong dinh
|
|t:|1619704134
|move|p1a: Mumu|Knock Off|p2a: Slowking
|-supereffective|p2a: Slowking
|-damage|p2a: Slowking|16/100 par
|cant|p2a: Slowking|par
|
|-heal|p1a: Mumu|93/100|[from] item: Black Sludge
|upkeep
|turn|65
|
|t:|1619704138
|switch|p2a: Corviknight|Corviknight, M|95/100
|-ability|p2a: Corviknight|Pressure
|move|p1a: Mumu|Scald|p2a: Corviknight
|-damage|p2a: Corviknight|79/100
|
|-heal|p1a: Mumu|99/100|[from] item: Black Sludge
|upkeep
|turn|66
|
|t:|1619704141
|move|p2a: Corviknight|U-turn|p1a: Mumu
|-resisted|p1a: Mumu
|-damage|p1a: Mumu|95/100
|
|t:|1619704143
|switch|p2a: Slowking|Slowking-Galar, F|50/100 par|[from]move: U-turn
|move|p1a: Mumu|Scald|p2a: Slowking
|-damage|p2a: Slowking|37/100 par
|
|-heal|p1a: Mumu|100/100|[from] item: Black Sludge
|upkeep
|turn|67
|
|t:|1619704149
|switch|p2a: Corviknight|Corviknight, M|79/100
|-ability|p2a: Corviknight|Pressure
|move|p1a: Mumu|Knock Off|p2a: Corviknight
|-damage|p2a: Corviknight|73/100
|
|upkeep
|turn|68
|
|t:|1619704156
|move|p2a: Corviknight|U-turn|p1a: Mumu
|-resisted|p1a: Mumu
|-damage|p1a: Mumu|97/100
|
|t:|1619704158
|switch|p2a: Slowking|Slowking-Galar, F|70/100 par|[from]move: U-turn
|move|p1a: Mumu|Recover|p1a: Mumu
|-heal|p1a: Mumu|100/100
|
|upkeep
|turn|69
|-message|Rheinmetal forfeited.
|
|win|irruushi
|raw|Rheinmetal's rating: 1782 &rarr; <strong>1764</strong><br />(-18 for losing)
|raw|irruushi's rating: 1819 &rarr; <strong>1837</strong><br />(+18 for winning)
|l| Powerman104
||Ladder isn't responding, score probably updated but might not have (Request timeout).
