|raw|<div class="broadcast-blue"><strong>This battle is required to be public due to a player having a name starting with 'lt93oq'.</div>
|j|‽kinetic chain
|j|☆LT93OQ Vegeto
|t:|1660504474
|gametype|singles
|player|p1|kinetic chain|silver-gen2|1802
|player|p2|LT93OQ Vegeto|brawly|1827
|teamsize|p1|6
|teamsize|p2|6
|gen|8
|tier|[Gen 8] OU
|rated|
|rule|Sleep Clause Mod: Limit one foe put to sleep
|rule|Species Clause: Limit one of each Pokémon
|rule|OHKO Clause: OHKO moves are banned
|rule|Evasion Items Clause: Evasion items are banned
|rule|Evasion Moves Clause: Evasion moves are banned
|rule|Endless Battle Clause: Forcing endless battles is banned
|rule|HP Percentage Mod: HP is shown in percentages
|rule|Dynamax Clause: You cannot dynamax
|clearpoke
|poke|p1|Dragapult, F|
|poke|p1|Tapu Fini|
|poke|p1|Heatran, F|
|poke|p1|Ferrothorn, F|
|poke|p1|Landorus-Therian, M|
|poke|p1|Zapdos|
|poke|p2|Tapu Lele|
|poke|p2|Weavile, F|
|poke|p2|Garchomp, M|
|poke|p2|Clefable, F|
|poke|p2|Ferrothorn, M|
|poke|p2|Zapdos|
|teampreview
|inactive|Battle timer is ON: inactive players will automatically lose when time's up. (requested by LT93OQ Vegeto)
|j| LT92PF Ayk
|inactive|kinetic chain has 120 seconds left.
|inactive|LT93OQ Vegeto has 120 seconds left.
|j| nfyhsueryfgius
|j| TheBhoy
|l| nfyhsueryfgius
|j| xray
|j| LT93OQ Bee
|
|t:|1660504533
|start
|switch|p1a: Heatran|Heatran, F|100/100
|switch|p2a: Clefable|Clefable, F|100/100
|turn|1
|j| hgmjbk
|
|t:|1660504539
|move|p1a: Heatran|Magma Storm|p2a: Clefable
|-damage|p2a: Clefable|59/100
|-activate|p2a: Clefable|move: Magma Storm|[of] p1a: Heatran
|move|p2a: Clefable|Thunder Wave|p1a: Heatran
|-status|p1a: Heatran|par
|
|-heal|p2a: Clefable|65/100|[from] item: Leftovers
|upkeep
|turn|2
|
|t:|1660504544
|move|p2a: Clefable|Soft-Boiled|p2a: Clefable
|-heal|p2a: Clefable|100/100
|cant|p1a: Heatran|par
|
|upkeep
|turn|3
|j| LT93O Quetzalcoatl
|
|t:|1660504549
|move|p2a: Clefable|Stealth Rock|p1a: Heatran
|-sidestart|p1: kinetic chain|move: Stealth Rock
|move|p1a: Heatran|Taunt|p2a: Clefable
|-start|p2a: Clefable|move: Taunt
|
|upkeep
|turn|4
|j| Rasta kujo
|
|t:|1660504554
|move|p2a: Clefable|Moonblast|p1a: Heatran
|-resisted|p1a: Heatran
|-damage|p1a: Heatran|96/100 par
|move|p1a: Heatran|Heavy Slam|p2a: Clefable
|-supereffective|p2a: Clefable
|-damage|p2a: Clefable|46/100
|
|-heal|p2a: Clefable|52/100|[from] item: Leftovers
|-heal|p1a: Heatran|100/100 par|[from] item: Leftovers
|upkeep
|turn|5
|
|t:|1660504561
|move|p2a: Clefable|Moonblast|p1a: Heatran
|-resisted|p1a: Heatran
|-damage|p1a: Heatran|96/100 par
|move|p1a: Heatran|Heavy Slam|p2a: Clefable
|-supereffective|p2a: Clefable
|-damage|p2a: Clefable|0 fnt
|faint|p2a: Clefable
|
|-heal|p1a: Heatran|100/100 par|[from] item: Leftovers
|upkeep
|
|t:|1660504566
|switch|p2a: Garchomp|Garchomp, M|100/100
|turn|6
|
|t:|1660504569
|switch|p1a: Landorus|Landorus-Therian, M|100/100
|-damage|p1a: Landorus|88/100|[from] Stealth Rock
|-ability|p1a: Landorus|Intimidate|boost
|-unboost|p2a: Garchomp|atk|1
|move|p2a: Garchomp|Swords Dance|p2a: Garchomp
|-boost|p2a: Garchomp|atk|2
|
|-heal|p1a: Landorus|94/100|[from] item: Leftovers
|upkeep
|turn|7
|
|t:|1660504589
|switch|p1a: Tapu Fini|Tapu Fini|100/100
|-damage|p1a: Tapu Fini|88/100|[from] Stealth Rock
|-fieldstart|move: Misty Terrain|[from] ability: Misty Surge|[of] p1a: Tapu Fini
|move|p2a: Garchomp|Scale Shot|p1a: Tapu Fini
|-immune|p1a: Tapu Fini
|
|-heal|p1a: Tapu Fini|94/100|[from] item: Leftovers
|upkeep
|turn|8
|
|t:|1660504595
|switch|p2a: Ferrothorn|Ferrothorn, M|100/100
|switch|p1a: Landorus|Landorus-Therian, M|94/100
|-damage|p1a: Landorus|82/100|[from] Stealth Rock
|-ability|p1a: Landorus|Intimidate|boost
|-unboost|p2a: Ferrothorn|atk|1
|
|-heal|p1a: Landorus|88/100|[from] item: Leftovers
|upkeep
|turn|9
|j| Qwert1randomUs3r
|
|t:|1660504601
|move|p1a: Landorus|Stealth Rock|p2a: Ferrothorn
|-sidestart|p2: LT93OQ Vegeto|move: Stealth Rock
|move|p2a: Ferrothorn|Knock Off|p1a: Landorus
|-damage|p1a: Landorus|75/100
|-enditem|p1a: Landorus|Leftovers|[from] move: Knock Off|[of] p2a: Ferrothorn
|
|upkeep
|turn|10
|l| Qwert1randomUs3r
|
|t:|1660504606
|switch|p1a: Ferrothorn|Ferrothorn, F|100/100
|-damage|p1a: Ferrothorn|95/100|[from] Stealth Rock
|move|p2a: Ferrothorn|Spikes|p1a: Ferrothorn
|-sidestart|p1: kinetic chain|Spikes
|
|-heal|p1a: Ferrothorn|100/100|[from] item: Leftovers
|upkeep
|turn|11
|
|t:|1660504614
|switch|p2a: Garchomp|Garchomp, M|100/100
|-damage|p2a: Garchomp|94/100|[from] Stealth Rock
|move|p1a: Ferrothorn|Spikes|p2a: Garchomp
|-sidestart|p2: LT93OQ Vegeto|Spikes
|
|-heal|p2a: Garchomp|100/100|[from] item: Leftovers
|-fieldend|Misty Terrain
|upkeep
|turn|12
|
|t:|1660504622
|switch|p1a: Dragapult|Dragapult, F|100/100
|-damage|p1a: Dragapult|88/100|[from] Stealth Rock
|-damage|p1a: Dragapult|76/100|[from] Spikes
|move|p2a: Garchomp|Swords Dance|p2a: Garchomp
|-boost|p2a: Garchomp|atk|2
|
|upkeep
|turn|13
|j| t0shiro m1fune
|j| eating stone
|
|t:|1660504629
|switch|p2a: Ferrothorn|Ferrothorn, M|100/100
|-damage|p2a: Ferrothorn|94/100|[from] Stealth Rock
|-damage|p2a: Ferrothorn|82/100|[from] Spikes
|move|p1a: Dragapult|Draco Meteor|p2a: Ferrothorn
|-resisted|p2a: Ferrothorn
|-damage|p2a: Ferrothorn|52/100
|-unboost|p1a: Dragapult|spa|2
|
|-heal|p2a: Ferrothorn|59/100|[from] item: Leftovers
|upkeep
|turn|14
|j| oWyZoWyZ
|
|t:|1660504637
|switch|p1a: Ferrothorn|Ferrothorn, F|100/100
|-damage|p1a: Ferrothorn|95/100|[from] Stealth Rock
|-damage|p1a: Ferrothorn|82/100|[from] Spikes
|move|p2a: Ferrothorn|Spikes|p1a: Ferrothorn
|-sidestart|p1: kinetic chain|Spikes
|
|-heal|p1a: Ferrothorn|88/100|[from] item: Leftovers
|-heal|p2a: Ferrothorn|65/100|[from] item: Leftovers
|upkeep
|turn|15
|l| t0shiro m1fune
|
|t:|1660504650
|move|p1a: Ferrothorn|Knock Off|p2a: Ferrothorn
|-damage|p2a: Ferrothorn|50/100
|-damage|p1a: Ferrothorn|76/100|[from] ability: Iron Barbs|[of] p2a: Ferrothorn
|-enditem|p2a: Ferrothorn|Leftovers|[from] move: Knock Off|[of] p1a: Ferrothorn
|move|p2a: Ferrothorn|Spikes|p1a: Ferrothorn
|-sidestart|p1: kinetic chain|Spikes
|
|-heal|p1a: Ferrothorn|82/100|[from] item: Leftovers
|upkeep
|turn|16
|
|t:|1660504663
|move|p1a: Ferrothorn|Spikes|p2a: Ferrothorn
|-sidestart|p2: LT93OQ Vegeto|Spikes
|move|p2a: Ferrothorn|Knock Off|p1a: Ferrothorn
|-damage|p1a: Ferrothorn|70/100
|-damage|p2a: Ferrothorn|37/100|[from] ability: Iron Barbs|[of] p1a: Ferrothorn
|-enditem|p1a: Ferrothorn|Leftovers|[from] move: Knock Off|[of] p2a: Ferrothorn
|
|upkeep
|turn|17
|
|t:|1660504668
|move|p1a: Ferrothorn|Spikes|p2a: Ferrothorn
|-sidestart|p2: LT93OQ Vegeto|Spikes
|move|p2a: Ferrothorn|Leech Seed|p1a: Ferrothorn
|-immune|p1a: Ferrothorn
|
|upkeep
|turn|18
|
|t:|1660504670
|move|p1a: Ferrothorn|Leech Seed|p2a: Ferrothorn
|-immune|p2a: Ferrothorn
|move|p2a: Ferrothorn|Leech Seed|p1a: Ferrothorn
|-immune|p1a: Ferrothorn
|
|upkeep
|turn|19
|
|t:|1660504672
|move|p1a: Ferrothorn|Leech Seed|p2a: Ferrothorn
|-immune|p2a: Ferrothorn
|move|p2a: Ferrothorn|Leech Seed|p1a: Ferrothorn
|-immune|p1a: Ferrothorn
|
|upkeep
|turn|20
|
|t:|1660504678
|move|p1a: Ferrothorn|Body Press|p2a: Ferrothorn
|-supereffective|p2a: Ferrothorn
|-damage|p2a: Ferrothorn|0 fnt
|-damage|p1a: Ferrothorn|58/100|[from] ability: Iron Barbs|[of] p2a: Ferrothorn
|faint|p2a: Ferrothorn
|
|upkeep
|
|t:|1660504685
|switch|p2a: Zapdos|Zapdos|100/100
|turn|21
|
|t:|1660504692
|switch|p1a: Landorus|Landorus-Therian, M|75/100
|-damage|p1a: Landorus|62/100|[from] Stealth Rock
|-ability|p1a: Landorus|Intimidate|boost
|-unboost|p2a: Zapdos|atk|1
|move|p2a: Zapdos|Hurricane|p1a: Landorus
|-damage|p1a: Landorus|18/100
|
|upkeep
|turn|22
|l| hgmjbk
|
|t:|1660504701
|move|p2a: Zapdos|Hurricane|p1a: Landorus|[miss]
|-miss|p2a: Zapdos|p1a: Landorus
|move|p1a: Landorus|Toxic|p2a: Zapdos
|-status|p2a: Zapdos|tox
|
|-damage|p2a: Zapdos|94/100 tox|[from] psn
|upkeep
|turn|23
|
|t:|1660504711
|switch|p1a: Zapdos|Zapdos|100/100
|move|p2a: Zapdos|Hurricane|p1a: Zapdos|[miss]
|-miss|p2a: Zapdos|p1a: Zapdos
|
|-damage|p2a: Zapdos|82/100 tox|[from] psn
|upkeep
|turn|24
|
|t:|1660504719
|move|p1a: Zapdos|Volt Switch|p2a: Zapdos
|-damage|p2a: Zapdos|44/100 tox
|
|t:|1660504726
|switch|p1a: Landorus|Landorus-Therian, M|18/100|[from]move: Volt Switch
|-damage|p1a: Landorus|6/100|[from] Stealth Rock
|-ability|p1a: Landorus|Intimidate|boost
|-unboost|p2a: Zapdos|atk|1
|move|p2a: Zapdos|Volt Switch|p1a: Landorus
|-immune|p1a: Landorus
|
|-damage|p2a: Zapdos|26/100 tox|[from] psn
|upkeep
|turn|25
|j| Celtis
|
|t:|1660504732
|move|p2a: Zapdos|Hurricane|p1a: Landorus
|-damage|p1a: Landorus|0 fnt
|faint|p1a: Landorus
|
|-damage|p2a: Zapdos|1/100 tox|[from] psn
|upkeep
|inactive|kinetic chain has 120 seconds left.
|
|t:|1660504764
|switch|p1a: Zapdos|Zapdos|100/100
|turn|26
|j| GutsChallengeSkip
|inactive|kinetic chain has 120 seconds left.
|
|t:|1660504782
|move|p1a: Zapdos|Defog|p2a: Zapdos
|-unboost|p2a: Zapdos|evasion|1
|-sideend|p2: LT93OQ Vegeto|Spikes|[from] move: Defog|[of] p1a: Zapdos
|-sideend|p2: LT93OQ Vegeto|Stealth Rock|[from] move: Defog|[of] p1a: Zapdos
|-sideend|p1: kinetic chain|Spikes|[from] move: Defog|[of] p1a: Zapdos
|-sideend|p1: kinetic chain|Stealth Rock|[from] move: Defog|[of] p1a: Zapdos
|move|p2a: Zapdos|Volt Switch|p1a: Zapdos
|-damage|p1a: Zapdos|59/100
|
|t:|1660504785
|switch|p2a: Tapu Lele|Tapu Lele|100/100|[from]move: Volt Switch
|-fieldstart|move: Psychic Terrain|[from] ability: Psychic Surge|[of] p2a: Tapu Lele
|
|upkeep
|turn|27
|
|t:|1660504793
|move|p1a: Zapdos|Hurricane|p2a: Tapu Lele|[miss]
|-miss|p1a: Zapdos|p2a: Tapu Lele
|move|p2a: Tapu Lele|Psyshock|p1a: Zapdos
|-damage|p1a: Zapdos|0 fnt
|faint|p1a: Zapdos
|
|upkeep
|
|t:|1660504801
|switch|p1a: Tapu Fini|Tapu Fini|94/100
|-fieldstart|move: Misty Terrain|[from] ability: Misty Surge|[of] p1a: Tapu Fini
|turn|28
|j| mitana
|
|t:|1660504807
|move|p2a: Tapu Lele|Psyshock|p1a: Tapu Fini
|-damage|p1a: Tapu Fini|45/100
|move|p1a: Tapu Fini|Calm Mind|p1a: Tapu Fini
|-boost|p1a: Tapu Fini|spa|1
|-boost|p1a: Tapu Fini|spd|1
|
|-heal|p1a: Tapu Fini|51/100|[from] item: Leftovers
|upkeep
|turn|29
|j| lt93oq guez94
|
|t:|1660504812
|switch|p1a: Ferrothorn|Ferrothorn, F|58/100
|move|p2a: Tapu Lele|Psyshock|p1a: Ferrothorn
|-resisted|p1a: Ferrothorn
|-damage|p1a: Ferrothorn|39/100
|
|upkeep
|turn|30
|j| Loijman
|j| myjava
|
|t:|1660504830
|move|p2a: Tapu Lele|Psyshock|p1a: Ferrothorn
|-resisted|p1a: Ferrothorn
|-damage|p1a: Ferrothorn|18/100
|move|p1a: Ferrothorn|Spikes|p2a: Tapu Lele
|-sidestart|p2: LT93OQ Vegeto|Spikes
|
|upkeep
|turn|31
|
|t:|1660504834
|move|p2a: Tapu Lele|Psyshock|p1a: Ferrothorn
|-resisted|p1a: Ferrothorn
|-damage|p1a: Ferrothorn|0 fnt
|faint|p1a: Ferrothorn
|
|upkeep
|
|t:|1660504840
|switch|p1a: Dragapult|Dragapult, F|76/100
|turn|32
|
|t:|1660504843
|switch|p2a: Zapdos|Zapdos|1/100 tox
|move|p1a: Dragapult|Shadow Ball|p2a: Zapdos
|-damage|p2a: Zapdos|0 fnt
|faint|p2a: Zapdos
|
|-fieldend|Misty Terrain
|upkeep
|
|t:|1660504848
|switch|p2a: Weavile|Weavile, F|100/100
|-ability|p2a: Weavile|Pressure
|turn|33
|
|t:|1660504852
|switch|p1a: Heatran|Heatran, F|100/100 par
|move|p2a: Weavile|Knock Off|p1a: Heatran
|-damage|p1a: Heatran|56/100 par
|-enditem|p1a: Heatran|Leftovers|[from] move: Knock Off|[of] p2a: Weavile
|
|upkeep
|turn|34
|j| hernameisrio
|
|t:|1660504859
|switch|p2a: Garchomp|Garchomp, M|100/100
|-damage|p2a: Garchomp|88/100|[from] Spikes
|switch|p1a: Dragapult|Dragapult, F|76/100
|
|-heal|p2a: Garchomp|94/100|[from] item: Leftovers
|upkeep
|turn|35
|l| hernameisrio
|
|t:|1660504869
|switch|p2a: Tapu Lele|Tapu Lele|100/100
|-damage|p2a: Tapu Lele|88/100|[from] Spikes
|-fieldstart|move: Psychic Terrain|[from] ability: Psychic Surge|[of] p2a: Tapu Lele
|move|p1a: Dragapult|Draco Meteor|p2a: Tapu Lele
|-immune|p2a: Tapu Lele
|
|upkeep
|turn|36
|
|t:|1660504879
|switch|p1a: Heatran|Heatran, F|56/100 par
|move|p2a: Tapu Lele|Psychic|p1a: Heatran
|-resisted|p1a: Heatran
|-damage|p1a: Heatran|26/100 par
|
|upkeep
|turn|37
|
|t:|1660504884
|move|p2a: Tapu Lele|Psychic|p1a: Heatran
|-resisted|p1a: Heatran
|-damage|p1a: Heatran|0 fnt
|faint|p1a: Heatran
|
|upkeep
|
|t:|1660504885
|switch|p1a: Dragapult|Dragapult, F|76/100
|turn|38
|
|t:|1660504892
|move|p1a: Dragapult|Shadow Ball|p2a: Tapu Lele
|-supereffective|p2a: Tapu Lele
|-damage|p2a: Tapu Lele|0 fnt
|faint|p2a: Tapu Lele
|
|upkeep
|
|t:|1660504897
|switch|p2a: Weavile|Weavile, F|100/100
|-ability|p2a: Weavile|Pressure
|turn|39
|
|t:|1660504902
|switch|p1a: Tapu Fini|Tapu Fini|51/100
|-fieldstart|move: Misty Terrain|[from] ability: Misty Surge|[of] p1a: Tapu Fini
|move|p2a: Weavile|Knock Off|p1a: Tapu Fini
|-resisted|p1a: Tapu Fini
|-damage|p1a: Tapu Fini|35/100
|-enditem|p1a: Tapu Fini|Leftovers|[from] move: Knock Off|[of] p2a: Weavile
|
|upkeep
|turn|40
|
|t:|1660504909
|move|p2a: Weavile|Swords Dance|p2a: Weavile
|-boost|p2a: Weavile|atk|2
|move|p1a: Tapu Fini|Draining Kiss|p2a: Weavile
|-supereffective|p2a: Weavile
|-damage|p2a: Weavile|55/100
|-heal|p1a: Tapu Fini|62/100|[from] drain|[of] p2a: Weavile
|
|upkeep
|turn|41
|j| Deschutes13
|l| Deschutes13
|
|t:|1660504919
|move|p2a: Weavile|Triple Axel|p1a: Tapu Fini
|-resisted|p1a: Tapu Fini
|-damage|p1a: Tapu Fini|55/100
|-resisted|p1a: Tapu Fini
|-damage|p1a: Tapu Fini|41/100
|-resisted|p1a: Tapu Fini
|-damage|p1a: Tapu Fini|20/100
|-hitcount|p1a: Tapu Fini|3
|move|p1a: Tapu Fini|Draining Kiss|p2a: Weavile
|-supereffective|p2a: Weavile
|-damage|p2a: Weavile|8/100
|-heal|p1a: Tapu Fini|49/100|[from] drain|[of] p2a: Weavile
|
|upkeep
|turn|42
|
|t:|1660504927
|move|p2a: Weavile|Triple Axel|p1a: Tapu Fini
|-resisted|p1a: Tapu Fini
|-damage|p1a: Tapu Fini|42/100
|-resisted|p1a: Tapu Fini
|-damage|p1a: Tapu Fini|26/100
|-resisted|p1a: Tapu Fini
|-damage|p1a: Tapu Fini|6/100
|-hitcount|p1a: Tapu Fini|3
|move|p1a: Tapu Fini|Draining Kiss|p2a: Weavile
|-supereffective|p2a: Weavile
|-damage|p2a: Weavile|0 fnt
|-heal|p1a: Tapu Fini|10/100|[from] drain|[of] p2a: Weavile
|faint|p2a: Weavile
|
|upkeep
|
|t:|1660504932
|switch|p2a: Garchomp|Garchomp, M|94/100
|-damage|p2a: Garchomp|82/100|[from] Spikes
|turn|43
|
|t:|1660504935
|move|p2a: Garchomp|Earthquake|p1a: Tapu Fini
|-damage|p1a: Tapu Fini|0 fnt
|faint|p1a: Tapu Fini
|
|-heal|p2a: Garchomp|88/100|[from] item: Leftovers
|-fieldend|Misty Terrain
|upkeep
|
|t:|1660504937
|switch|p1a: Dragapult|Dragapult, F|76/100
|turn|44
|
|t:|1660504939
|move|p1a: Dragapult|Draco Meteor|p2a: Garchomp
|-supereffective|p2a: Garchomp
|-damage|p2a: Garchomp|0 fnt
|-unboost|p1a: Dragapult|spa|2
|faint|p2a: Garchomp
|
|win|kinetic chain
|raw|kinetic chain's rating: 1802 &rarr; <strong>1823</strong><br />(+21 for winning)
|raw|LT93OQ Vegeto's rating: 1827 &rarr; <strong>1806</strong><br />(-21 for losing)
|l|‽kinetic chain
|l| LT93O Quetzalcoatl
|l| xray
