|html|<div class="broadcast-blue"><strong>[Gen 8] OU is currently suspecting Melmetal! For information on how to participate check out the <a href="https://www.smogon.com/forums/threads/np-ss-ou-suspect-process-round-12-monster-mash.3709234/">suspect thread</a>.</strong></div>
|j|☆Infernoss
|j|☆LoSconosciuto
|t:|1665960696
|gametype|singles
|player|p1|Infernoss|blue|1603
|player|p2|LoSconosciuto|#teamgapdos|1686
|teamsize|p1|6
|teamsize|p2|6
|gen|8
|tier|[Gen 8] OU
|rated|
|rule|Sleep Clause Mod: Limit one foe put to sleep
|rule|Species Clause: Limit one of each Pokémon
|rule|OHKO Clause: OHKO moves are banned
|rule|Evasion Items Clause: Evasion items are banned
|rule|Evasion Moves Clause: Evasion moves are banned
|rule|Endless Battle Clause: Forcing endless battles is banned
|rule|HP Percentage Mod: HP is shown in percentages
|rule|Dynamax Clause: You cannot dynamax
|clearpoke
|poke|p1|Marowak-Alola, M|
|poke|p1|Slowbro, M|
|poke|p1|Hatterene, F|
|poke|p1|Garchomp, M|
|poke|p1|Ferrothorn, M|
|poke|p1|Drampa, M|
|poke|p2|Tornadus-Therian, M|
|poke|p2|Excadrill, F|
|poke|p2|Tyranitar, M|
|poke|p2|Rotom-Wash|
|poke|p2|Volcarona, F|
|poke|p2|Clefable, M|
|teampreview
|inactive|Battle timer is ON: inactive players will automatically lose when time's up. (requested by LoSconosciuto)
|inactive|Infernoss has 120 seconds left.
|j| rawklee789
|
|t:|1665960739
|start
|switch|p1a: Sharko|Garchomp, M|100/100
|switch|p2a: Tyranitar|Tyranitar, M|100/100
|-weather|Sandstorm|[from] ability: Sand Stream|[of] p2a: Tyranitar
|turn|1
|
|t:|1665960746
|switch|p1a: Thorns|Ferrothorn, M|100/100
|switch|p2a: Clefable|Clefable, M|100/100
|
|-weather|Sandstorm|[upkeep]
|upkeep
|turn|2
|
|t:|1665960753
|move|p2a: Clefable|Knock Off|p1a: Thorns
|-damage|p1a: Thorns|89/100
|-activate|p1a: Thorns|ability: Iron Barbs
|-enditem|p1a: Thorns|Shed Shell|[from] move: Knock Off|[of] p2a: Clefable
|move|p1a: Thorns|Stealth Rock|p2a: Clefable
|-sidestart|p2: LoSconosciuto|move: Stealth Rock
|
|-weather|Sandstorm|[upkeep]
|upkeep
|turn|3
|
|t:|1665960761
|switch|p1a: Gorra|Hatterene, F, shiny|100/100
|move|p2a: Clefable|Knock Off|p1a: Gorra
|-damage|p1a: Gorra|86/100
|-enditem|p1a: Gorra|Kasib Berry|[from] move: Knock Off|[of] p2a: Clefable
|
|-weather|Sandstorm|[upkeep]
|-damage|p1a: Gorra|80/100|[from] Sandstorm
|upkeep
|turn|4
|
|t:|1665960769
|move|p2a: Clefable|Moonblast|p1a: Gorra
|-damage|p1a: Gorra|56/100
|move|p1a: Gorra|Mystical Fire|p2a: Clefable
|-damage|p2a: Clefable|77/100
|-unboost|p2a: Clefable|spa|1
|
|-weather|Sandstorm|[upkeep]
|-damage|p1a: Gorra|50/100|[from] Sandstorm
|upkeep
|turn|5
|
|t:|1665960777
|move|p2a: Clefable|Moonblast|p1a: Gorra
|-damage|p1a: Gorra|33/100
|-unboost|p1a: Gorra|spa|1
|move|p1a: Gorra|Draining Kiss|p2a: Clefable
|-damage|p2a: Clefable|63/100
|-heal|p1a: Gorra|47/100|[from] drain|[of] p2a: Clefable
|-damage|p1a: Gorra|30/100|[from] item: Rocky Helmet|[of] p2a: Clefable
|
|-weather|none
|upkeep
|turn|6
|
|t:|1665960793
|move|p2a: Clefable|Soft-Boiled|p2a: Clefable
|-heal|p2a: Clefable|100/100
|move|p1a: Gorra|Trick Room|p1a: Gorra
|-fieldstart|move: Trick Room|[of] p1a: Gorra
|
|upkeep
|turn|7
|
|t:|1665960798
|switch|p1a: Falkor|Drampa, M|100/100
|move|p2a: Clefable|Knock Off|p1a: Falkor
|-damage|p1a: Falkor|85/100
|-enditem|p1a: Falkor|Expert Belt|[from] move: Knock Off|[of] p2a: Clefable
|
|upkeep
|turn|8
|
|t:|1665960810
|move|p1a: Falkor|Thunderbolt|p2a: Clefable
|-damage|p2a: Clefable|65/100
|move|p2a: Clefable|Stealth Rock|p1a: Falkor
|-sidestart|p1: Infernoss|move: Stealth Rock
|
|upkeep
|turn|9
|
|t:|1665960818
|move|p1a: Falkor|Thunderbolt|p2a: Clefable
|-damage|p2a: Clefable|34/100
|move|p2a: Clefable|Soft-Boiled|p2a: Clefable
|-heal|p2a: Clefable|84/100
|
|upkeep
|turn|10
|
|t:|1665960823
|move|p1a: Falkor|Thunderbolt|p2a: Clefable
|-damage|p2a: Clefable|53/100
|move|p2a: Clefable|Soft-Boiled|p2a: Clefable
|-heal|p2a: Clefable|100/100
|
|-fieldend|move: Trick Room
|upkeep
|turn|11
|
|t:|1665960829
|switch|p2a: Tyranitar|Tyranitar, M|100/100
|-damage|p2a: Tyranitar|88/100|[from] Stealth Rock
|-weather|Sandstorm|[from] ability: Sand Stream|[of] p2a: Tyranitar
|move|p1a: Falkor|Focus Blast|p2a: Tyranitar
|-supereffective|p2a: Tyranitar
|-damage|p2a: Tyranitar|0 fnt
|faint|p2a: Tyranitar
|
|-weather|Sandstorm|[upkeep]
|-damage|p1a: Falkor|79/100|[from] Sandstorm
|upkeep
|
|t:|1665960836
|switch|p2a: Excadrill|Excadrill, F|100/100
|-damage|p2a: Excadrill|97/100|[from] Stealth Rock
|-item|p2a: Excadrill|Air Balloon
|turn|12
|
|t:|1665960845
|move|p2a: Excadrill|Earthquake|p1a: Falkor
|-damage|p1a: Falkor|12/100
|-ability|p1a: Falkor|Berserk|boost
|-boost|p1a: Falkor|spa|1
|move|p1a: Falkor|Ice Beam|p2a: Excadrill
|-damage|p2a: Excadrill|27/100
|-enditem|p2a: Excadrill|Air Balloon
|
|-weather|Sandstorm|[upkeep]
|-damage|p1a: Falkor|6/100|[from] Sandstorm
|upkeep
|turn|13
|
|t:|1665960857
|switch|p1a: Sonso|Slowbro, M|100/100
|-damage|p1a: Sonso|88/100|[from] Stealth Rock
|move|p2a: Excadrill|Rapid Spin|p1a: Sonso
|-damage|p1a: Sonso|77/100
|-boost|p2a: Excadrill|spe|1
|-sideend|p2: LoSconosciuto|Stealth Rock|[from] move: Rapid Spin|[of] p2a: Excadrill
|
|-weather|Sandstorm|[upkeep]
|-damage|p1a: Sonso|71/100|[from] Sandstorm
|upkeep
|turn|14
|
|t:|1665960868
|move|p2a: Excadrill|Earthquake|p1a: Sonso
|-damage|p1a: Sonso|39/100
|move|p1a: Sonso|Trick Room|p1a: Sonso
|-fieldstart|move: Trick Room|[of] p1a: Sonso
|
|-weather|Sandstorm|[upkeep]
|-damage|p1a: Sonso|33/100|[from] Sandstorm
|upkeep
|turn|15
|
|t:|1665960874
|switch|p2a: Clefable|Clefable, M|100/100
|move|p1a: Sonso|Scald|p2a: Clefable
|-damage|p2a: Clefable|75/100
|-status|p2a: Clefable|brn
|
|-weather|none
|upkeep
|turn|16
|
|t:|1665960882
|move|p1a: Sonso|Slack Off|p1a: Sonso
|-heal|p1a: Sonso|83/100
|move|p2a: Clefable|Moonblast|p1a: Sonso
|-damage|p1a: Sonso|48/100
|
|upkeep
|turn|17
|
|t:|1665960890
|switch|p1a: Thorns|Ferrothorn, M|89/100
|-damage|p1a: Thorns|82/100|[from] Stealth Rock
|move|p2a: Clefable|Moonblast|p1a: Thorns
|-resisted|p1a: Thorns
|-damage|p1a: Thorns|73/100
|-unboost|p1a: Thorns|spa|1
|
|upkeep
|turn|18
|
|t:|1665960898
|switch|p2a: Volcarona|Volcarona, F|100/100
|move|p1a: Thorns|Stealth Rock|p2a: Volcarona
|-sidestart|p2: LoSconosciuto|move: Stealth Rock
|
|-fieldend|move: Trick Room
|upkeep
|turn|19
|
|t:|1665960905
|switch|p1a: Sharko|Garchomp, M|100/100
|-damage|p1a: Sharko|94/100|[from] Stealth Rock
|move|p2a: Volcarona|Quiver Dance|p2a: Volcarona
|-boost|p2a: Volcarona|spa|1
|-boost|p2a: Volcarona|spd|1
|-boost|p2a: Volcarona|spe|1
|
|-heal|p1a: Sharko|100/100|[from] item: Leftovers
|upkeep
|turn|20
|
|t:|1665960914
|move|p2a: Volcarona|Bug Buzz|p1a: Sharko
|-damage|p1a: Sharko|17/100
|move|p1a: Sharko|Scale Shot|p2a: Volcarona
|-crit|p2a: Volcarona
|-damage|p2a: Volcarona|69/100
|-damage|p2a: Volcarona|49/100
|-damage|p2a: Volcarona|30/100
|-hitcount|p2a: Volcarona|3
|-unboost|p1a: Sharko|def|1
|-boost|p1a: Sharko|spe|1
|
|-heal|p1a: Sharko|23/100|[from] item: Leftovers
|upkeep
|turn|21
|
|t:|1665960928
|switch|p2a: Tornadus|Tornadus-Therian, M|100/100
|move|p1a: Sharko|Swords Dance|p1a: Sharko
|-boost|p1a: Sharko|atk|2
|
|-heal|p1a: Sharko|29/100|[from] item: Leftovers
|upkeep
|turn|22
|
|t:|1665960936
|move|p1a: Sharko|Stone Edge|p2a: Tornadus
|-supereffective|p2a: Tornadus
|-damage|p2a: Tornadus|0 fnt
|faint|p2a: Tornadus
|
|-heal|p1a: Sharko|36/100|[from] item: Leftovers
|upkeep
|
|t:|1665960939
|switch|p2a: Rotom|Rotom-Wash|100/100
|-damage|p2a: Rotom|88/100|[from] Stealth Rock
|turn|23
|
|t:|1665960944
|move|p1a: Sharko|Scale Shot|p2a: Rotom
|-damage|p2a: Rotom|51/100
|-damage|p2a: Rotom|17/100
|-damage|p2a: Rotom|0 fnt
|faint|p2a: Rotom
|-hitcount|p2: Rotom|3
|-unboost|p1a: Sharko|def|1
|-boost|p1a: Sharko|spe|1
|
|-heal|p1a: Sharko|42/100|[from] item: Leftovers
|upkeep
|-message|LoSconosciuto forfeited.
|
|win|Infernoss
|raw|Infernoss's rating: 1603 &rarr; <strong>1628</strong><br />(+25 for winning)
|raw|LoSconosciuto's rating: 1686 &rarr; <strong>1661</strong><br />(-25 for losing)
|l|☆LoSconosciuto
||Ladder isn't responding, score probably updated but might not have (Request timeout).
