|j|☆PQPP214
|j|☆Dovahhkiin64
|t:|1649126178
|gametype|singles
|player|p1|PQPP214|266|1543
|player|p2|Dovahhkiin64|n|1507
|teamsize|p1|6
|teamsize|p2|6
|gen|8
|tier|[Gen 8] OU
|rated|
|rule|Sleep Clause Mod: Limit one foe put to sleep
|rule|Species Clause: Limit one of each Pokémon
|rule|OHKO Clause: OHKO moves are banned
|rule|Evasion Moves Clause: Evasion moves are banned
|rule|Endless Battle Clause: Forcing endless battles is banned
|rule|HP Percentage Mod: HP is shown in percentages
|rule|Dynamax Clause: You cannot dynamax
|clearpoke
|poke|p1|Garchomp, M|
|poke|p1|Blaziken, M|
|poke|p1|Heatran, M|
|poke|p1|Dragapult, M|
|poke|p1|Ninetales-Alola, F|
|poke|p1|Arctozolt|
|poke|p2|Clawitzer, M|
|poke|p2|Tapu Koko|
|poke|p2|Zapdos-Galar|
|poke|p2|Ferrothorn, F|
|poke|p2|Aegislash, F|
|poke|p2|Landorus-Therian, M|
|teampreview
|inactive|Battle timer is ON: inactive players will automatically lose when time's up. (requested by PQPP214)
|
|t:|1649126192
|start
|switch|p1a: Heatran|Heatran, M|100/100
|switch|p2a: Aegislash|Aegislash, F|100/100
|-item|p1a: Heatran|Air Balloon
|turn|1
|
|t:|1649126202
|move|p1a: Heatran|Magma Storm|p2a: Aegislash
|-supereffective|p2a: Aegislash
|-damage|p2a: Aegislash|0 fnt
|faint|p2a: Aegislash
|
|upkeep
|
|t:|1649126207
|switch|p2a: Clawitzer|Clawitzer, M|100/100
|turn|2
|
|t:|1649126214
|switch|p1a: Ninetales|Ninetales-Alola, F|100/100
|-weather|Hail|[from] ability: Snow Warning|[of] p1a: Ninetales
|move|p2a: Clawitzer|Water Pulse|p1a: Ninetales
|-damage|p1a: Ninetales|23/100
|
|-weather|Hail|[upkeep]
|-damage|p2a: Clawitzer|95/100|[from] Hail
|upkeep
|turn|3
|
|t:|1649126223
|move|p1a: Ninetales|Hypnosis|p2a: Clawitzer
|-status|p2a: Clawitzer|slp|[from] move: Hypnosis
|cant|p2a: Clawitzer|slp
|
|-weather|Hail|[upkeep]
|-damage|p2a: Clawitzer|89/100 slp|[from] Hail
|upkeep
|turn|4
|
|t:|1649126230
|switch|p1a: Arctozolt|Arctozolt|100/100
|switch|p2a: Tapu Koko|Tapu Koko|100/100
|-fieldstart|move: Electric Terrain|[from] ability: Electric Surge|[of] p2a: Tapu Koko
|
|-weather|Hail|[upkeep]
|-damage|p2a: Tapu Koko|94/100|[from] Hail
|upkeep
|turn|5
|
|t:|1649126239
|move|p1a: Arctozolt|Blizzard|p2a: Tapu Koko
|-damage|p2a: Tapu Koko|38/100
|move|p2a: Tapu Koko|U-turn|p1a: Arctozolt
|-damage|p1a: Arctozolt|80/100
|
|t:|1649126244
|switch|p2a: Ferrothorn|Ferrothorn, F|100/100|[from]move: U-turn
|
|-weather|Hail|[upkeep]
|-damage|p2a: Ferrothorn|94/100|[from] Hail
|-heal|p2a: Ferrothorn|100/100|[from] item: Leftovers
|upkeep
|turn|6
|
|t:|1649126251
|switch|p1a: Heatran|Heatran, M|100/100
|-item|p1a: Heatran|Air Balloon
|move|p2a: Ferrothorn|Stealth Rock|p1a: Heatran
|-sidestart|p1: PQPP214|move: Stealth Rock
|
|-weather|Hail|[upkeep]
|-damage|p1a: Heatran|94/100|[from] Hail
|-damage|p2a: Ferrothorn|94/100|[from] Hail
|-heal|p2a: Ferrothorn|100/100|[from] item: Leftovers
|upkeep
|turn|7
|
|t:|1649126267
|switch|p2a: Landorus|Landorus-Therian, M|100/100
|-ability|p2a: Landorus|Intimidate|boost
|-unboost|p1a: Heatran|atk|1
|move|p1a: Heatran|Magma Storm|p2a: Landorus
|-damage|p2a: Landorus|44/100
|-activate|p2a: Landorus|move: Magma Storm|[of] p1a: Heatran
|
|-weather|Hail|[upkeep]
|-damage|p1a: Heatran|88/100|[from] Hail
|-damage|p2a: Landorus|38/100|[from] Hail
|-heal|p2a: Landorus|44/100|[from] item: Leftovers
|-damage|p2a: Landorus|32/100|[from] move: Magma Storm|[partiallytrapped]
|upkeep
|turn|8
|l|☆PQPP214
|inactive|PQPP214 disconnected and has a minute to reconnect!
|player|p1|
|j|☆PQPP214
|inactive|PQPP214 reconnected and has 125 seconds left.
|player|p1|PQPP214|266
|inactive|PQPP214 has 120 seconds left.
|
|t:|1649126301
|move|p1a: Heatran|Magma Storm|p2a: Landorus|[miss]
|-miss|p1a: Heatran|p2a: Landorus
|move|p2a: Landorus|U-turn|p1a: Heatran
|-resisted|p1a: Heatran
|-damage|p1a: Heatran|83/100
|-enditem|p1a: Heatran|Air Balloon
|
|t:|1649126308
|switch|p2a: Zapdos|Zapdos-Galar|100/100|[from]move: U-turn
|
|-weather|Hail|[upkeep]
|-damage|p2a: Zapdos|94/100|[from] Hail
|-damage|p1a: Heatran|76/100|[from] Hail
|-fieldend|move: Electric Terrain
|upkeep
|turn|9
|
|t:|1649126317
|switch|p1a: Dragapult|Dragapult, M|100/100
|-damage|p1a: Dragapult|88/100|[from] Stealth Rock
|move|p2a: Zapdos|Throat Chop|p1a: Dragapult
|-supereffective|p1a: Dragapult
|-damage|p1a: Dragapult|0 fnt
|faint|p1a: Dragapult
|
|-weather|none
|upkeep
|
|t:|1649126328
|switch|p1a: Garchomp|Garchomp, M|100/100
|-damage|p1a: Garchomp|94/100|[from] Stealth Rock
|turn|10
|
|t:|1649126333
|switch|p2a: Landorus|Landorus-Therian, M|32/100
|-ability|p2a: Landorus|Intimidate|boost
|-unboost|p1a: Garchomp|atk|1
|move|p1a: Garchomp|Swords Dance|p1a: Garchomp
|-boost|p1a: Garchomp|atk|2
|
|-heal|p2a: Landorus|38/100|[from] item: Leftovers
|upkeep
|turn|11
|
|t:|1649126341
|move|p1a: Garchomp|Aqua Tail|p2a: Landorus
|-supereffective|p2a: Landorus
|-damage|p2a: Landorus|0 fnt
|faint|p2a: Landorus
|
|upkeep
|
|t:|1649126348
|switch|p2a: Tapu Koko|Tapu Koko|38/100
|-fieldstart|move: Electric Terrain|[from] ability: Electric Surge|[of] p2a: Tapu Koko
|turn|12
|l|☆PQPP214
|inactive|PQPP214 disconnected and has a minute to reconnect!
|player|p1|
|j|☆PQPP214
|inactive|PQPP214 reconnected and has 130 seconds left.
|player|p1|PQPP214|266
|
|t:|1649126374
|move|p2a: Tapu Koko|Dazzling Gleam|p1a: Garchomp
|-supereffective|p1a: Garchomp
|-enditem|p1a: Garchomp|Roseli Berry|[eat]
|-enditem|p1a: Garchomp|Roseli Berry|[weaken]
|-damage|p1a: Garchomp|56/100
|move|p1a: Garchomp|Earthquake|p2a: Tapu Koko
|-supereffective|p2a: Tapu Koko
|-damage|p2a: Tapu Koko|0 fnt
|faint|p2a: Tapu Koko
|
|upkeep
|
|t:|1649126387
|switch|p2a: Zapdos|Zapdos-Galar|94/100
|turn|13
|
|t:|1649126397
|switch|p2a: Ferrothorn|Ferrothorn, F|100/100
|move|p1a: Garchomp|Scale Shot|p2a: Ferrothorn
|-resisted|p2a: Ferrothorn
|-damage|p2a: Ferrothorn|94/100
|-resisted|p2a: Ferrothorn
|-damage|p2a: Ferrothorn|87/100
|-resisted|p2a: Ferrothorn
|-damage|p2a: Ferrothorn|80/100
|-resisted|p2a: Ferrothorn
|-damage|p2a: Ferrothorn|74/100
|-hitcount|p2a: Ferrothorn|4
|-unboost|p1a: Garchomp|def|1
|-boost|p1a: Garchomp|spe|1
|
|-heal|p2a: Ferrothorn|81/100|[from] item: Leftovers
|upkeep
|turn|14
|
|t:|1649126412
|move|p1a: Garchomp|Swords Dance|p1a: Garchomp
|-boost|p1a: Garchomp|atk|2
|move|p2a: Ferrothorn|Gyro Ball|p1a: Garchomp
|-damage|p1a: Garchomp|0 fnt
|-damage|p2a: Ferrothorn|68/100|[from] ability: Rough Skin|[of] p1a: Garchomp
|faint|p1a: Garchomp
|
|-heal|p2a: Ferrothorn|74/100|[from] item: Leftovers
|upkeep
|
|t:|1649126418
|switch|p1a: Blaziken|Blaziken, M|100/100
|-damage|p1a: Blaziken|88/100|[from] Stealth Rock
|-item|p1a: Blaziken|Air Balloon
|turn|15
|
|t:|1649126424
|move|p1a: Blaziken|Swords Dance|p1a: Blaziken
|-boost|p1a: Blaziken|atk|2
|move|p2a: Ferrothorn|Thunder Wave|p1a: Blaziken
|-status|p1a: Blaziken|par
|
|-heal|p2a: Ferrothorn|81/100|[from] item: Leftovers
|-ability|p1a: Blaziken|Speed Boost|boost
|-boost|p1a: Blaziken|spe|1
|upkeep
|turn|16
|
|t:|1649126435
|move|p1a: Blaziken|Close Combat|p2a: Ferrothorn
|-supereffective|p2a: Ferrothorn
|-damage|p2a: Ferrothorn|0 fnt
|-unboost|p1a: Blaziken|def|1
|-unboost|p1a: Blaziken|spd|1
|-damage|p1a: Blaziken|76/100 par|[from] ability: Iron Barbs|[of] p2a: Ferrothorn
|faint|p2a: Ferrothorn
|
|-fieldend|move: Electric Terrain
|-ability|p1a: Blaziken|Speed Boost|boost
|-boost|p1a: Blaziken|spe|1
|upkeep
|
|t:|1649126444
|switch|p2a: Zapdos|Zapdos-Galar|94/100
|turn|17
|
|t:|1649126452
|switch|p1a: Ninetales|Ninetales-Alola, F|23/100
|-damage|p1a: Ninetales|0 fnt|[from] Stealth Rock
|faint|p1a: Ninetales
|move|p2a: Zapdos|Close Combat|p1: Ninetales|[notarget]
|-fail|p2a: Zapdos
|
|upkeep
|
|t:|1649126460
|switch|p1a: Heatran|Heatran, M|76/100
|-damage|p1a: Heatran|64/100|[from] Stealth Rock
|turn|18
|
|t:|1649126464
|move|p2a: Zapdos|Close Combat|p1a: Heatran
|-supereffective|p1a: Heatran
|-damage|p1a: Heatran|0 fnt
|-unboost|p2a: Zapdos|def|1
|-unboost|p2a: Zapdos|spd|1
|-status|p2a: Zapdos|brn|[from] ability: Flame Body|[of] p1a: Heatran
|faint|p1a: Heatran
|
|-damage|p2a: Zapdos|88/100 brn|[from] brn
|upkeep
|
|t:|1649126473
|switch|p1a: Blaziken|Blaziken, M|76/100 par
|-damage|p1a: Blaziken|64/100 par|[from] Stealth Rock
|-item|p1a: Blaziken|Air Balloon
|turn|19
|
|t:|1649126478
|move|p2a: Zapdos|Close Combat|p1a: Blaziken
|-damage|p1a: Blaziken|0 fnt
|-unboost|p2a: Zapdos|def|1
|-unboost|p2a: Zapdos|spd|1
|-enditem|p1a: Blaziken|Air Balloon
|faint|p1a: Blaziken
|
|-damage|p2a: Zapdos|82/100 brn|[from] brn
|upkeep
|
|t:|1649126481
|switch|p1a: Arctozolt|Arctozolt|80/100
|turn|20
|
|t:|1649126488
|move|p2a: Zapdos|Close Combat|p1a: Arctozolt
|-supereffective|p1a: Arctozolt
|-damage|p1a: Arctozolt|0 fnt
|-unboost|p2a: Zapdos|def|1
|-unboost|p2a: Zapdos|spd|1
|faint|p1a: Arctozolt
|
|win|Dovahhkiin64
|raw|PQPP214's rating: 1543 &rarr; <strong>1521</strong><br />(-22 for losing)
|raw|Dovahhkiin64's rating: 1507 &rarr; <strong>1529</strong><br />(+22 for winning)
|c|☆Dovahhkiin64|gg
|l|☆PQPP214
||Ladder isn't responding, score probably updated but might not have (Request timeout).
