|j|☆Delibird Heart
|j|☆floundso
|t:|1662368714
|gametype|singles
|player|p1|Delibird Heart|guitarist-gen4|1565
|player|p2|floundso|101|1872
|teamsize|p1|6
|teamsize|p2|6
|gen|8
|tier|[Gen 8] OU
|rated|
|rule|Sleep Clause Mod: Limit one foe put to sleep
|rule|Species Clause: Limit one of each Pokémon
|rule|OHKO Clause: OHKO moves are banned
|rule|Evasion Items Clause: Evasion items are banned
|rule|Evasion Moves Clause: Evasion moves are banned
|rule|Endless Battle Clause: Forcing endless battles is banned
|rule|HP Percentage Mod: HP is shown in percentages
|rule|Dynamax Clause: You cannot dynamax
|clearpoke
|poke|p1|Ninetales-Alola, M|
|poke|p1|Arctozolt|
|poke|p1|Blissey, F|
|poke|p1|Zapdos|
|poke|p1|Garchomp, F|
|poke|p1|Ferrothorn, M|
|poke|p2|Gallade, M|
|poke|p2|Tapu Koko|
|poke|p2|Kartana|
|poke|p2|Weavile, M|
|poke|p2|Swampert, F|
|poke|p2|Corviknight, M|
|teampreview
|inactive|Battle timer is ON: inactive players will automatically lose when time's up. (requested by Delibird Heart)
|
|t:|1662368729
|start
|switch|p1a: Ferrothorn|Ferrothorn, M|100/100
|switch|p2a: Tapping Jester|Tapu Koko|100/100
|-fieldstart|move: Electric Terrain|[from] ability: Electric Surge|[of] p2a: Tapping Jester
|turn|1
|
|t:|1662368734
|switch|p2a: Corridor of Knight|Corviknight, M|100/100
|-ability|p2a: Corridor of Knight|Pressure
|move|p1a: Ferrothorn|Knock Off|p2a: Corridor of Knight
|-damage|p2a: Corridor of Knight|87/100
|-damage|p1a: Ferrothorn|84/100|[from] item: Rocky Helmet|[of] p2a: Corridor of Knight
|-enditem|p2a: Corridor of Knight|Rocky Helmet|[from] move: Knock Off|[of] p1a: Ferrothorn
|
|-heal|p1a: Ferrothorn|90/100|[from] item: Leftovers
|upkeep
|turn|2
|
|t:|1662368737
|move|p2a: Corridor of Knight|Body Press|p1a: Ferrothorn
|-supereffective|p1a: Ferrothorn
|-damage|p1a: Ferrothorn|57/100
|-damage|p2a: Corridor of Knight|75/100|[from] ability: Iron Barbs|[of] p1a: Ferrothorn
|move|p1a: Ferrothorn|Leech Seed|p2a: Corridor of Knight
|-start|p2a: Corridor of Knight|move: Leech Seed
|
|-heal|p1a: Ferrothorn|63/100|[from] item: Leftovers
|-damage|p2a: Corridor of Knight|63/100|[from] Leech Seed|[of] p1a: Ferrothorn
|-heal|p1a: Ferrothorn|77/100|[silent]
|upkeep
|turn|3
|
|t:|1662368761
|move|p2a: Corridor of Knight|Roost|p2a: Corridor of Knight
|-heal|p2a: Corridor of Knight|100/100
|-singleturn|p2a: Corridor of Knight|move: Roost
|move|p1a: Ferrothorn|Spikes|p2a: Corridor of Knight
|-sidestart|p2: floundso|Spikes
|
|-heal|p1a: Ferrothorn|83/100|[from] item: Leftovers
|-damage|p2a: Corridor of Knight|88/100|[from] Leech Seed|[of] p1a: Ferrothorn
|-heal|p1a: Ferrothorn|97/100|[silent]
|upkeep
|turn|4
|
|t:|1662368775
|switch|p2a: Gallant Guardian|Gallade, M|100/100
|-damage|p2a: Gallant Guardian|88/100|[from] Spikes
|switch|p1a: Ninetales|Ninetales-Alola, M|100/100
|-weather|Hail|[from] ability: Snow Warning|[of] p1a: Ninetales
|
|-weather|Hail|[upkeep]
|-damage|p2a: Gallant Guardian|82/100|[from] Hail
|upkeep
|turn|5
|
|t:|1662368789
|move|p1a: Ninetales|Moonblast|p2a: Gallant Guardian
|-supereffective|p2a: Gallant Guardian
|-damage|p2a: Gallant Guardian|6/100
|move|p2a: Gallant Guardian|Close Combat|p1a: Ninetales
|-damage|p1a: Ninetales|14/100
|-unboost|p2a: Gallant Guardian|def|1
|-unboost|p2a: Gallant Guardian|spd|1
|
|-weather|Hail|[upkeep]
|-damage|p2a: Gallant Guardian|0 fnt|[from] Hail
|faint|p2a: Gallant Guardian
|-fieldend|move: Electric Terrain
|upkeep
|
|t:|1662368794
|switch|p2a: Weeping Witch|Weavile, M|100/100
|-ability|p2a: Weeping Witch|Pressure
|turn|6
|
|t:|1662368797
|switch|p1a: Ferrothorn|Ferrothorn, M|97/100
|move|p2a: Weeping Witch|Knock Off|p1a: Ferrothorn
|-damage|p1a: Ferrothorn|67/100
|-damage|p2a: Weeping Witch|88/100|[from] ability: Iron Barbs|[of] p1a: Ferrothorn
|-enditem|p1a: Ferrothorn|Leftovers|[from] move: Knock Off|[of] p2a: Weeping Witch
|
|-weather|Hail|[upkeep]
|-damage|p1a: Ferrothorn|61/100|[from] Hail
|upkeep
|turn|7
|
|t:|1662368806
|switch|p2a: Corridor of Knight|Corviknight, M|88/100
|-ability|p2a: Corridor of Knight|Pressure
|move|p1a: Ferrothorn|Knock Off|p2a: Corridor of Knight
|-damage|p2a: Corridor of Knight|79/100
|
|-weather|Hail|[upkeep]
|-damage|p2a: Corridor of Knight|73/100|[from] Hail
|-damage|p1a: Ferrothorn|55/100|[from] Hail
|upkeep
|turn|8
|
|t:|1662368816
|switch|p1a: Zapdos|Zapdos|100/100
|move|p2a: Corridor of Knight|U-turn|p1a: Zapdos
|-resisted|p1a: Zapdos
|-damage|p1a: Zapdos|96/100
|
|t:|1662368821
|switch|p2a: Weeping Witch|Weavile, M|88/100|[from]move: U-turn
|-ability|p2a: Weeping Witch|Pressure
|
|-weather|Hail|[upkeep]
|-damage|p1a: Zapdos|90/100|[from] Hail
|upkeep
|turn|9
|
|t:|1662368848
|switch|p1a: Blissey|Blissey, F|100/100
|move|p2a: Weeping Witch|Triple Axel|p1a: Blissey
|-damage|p1a: Blissey|91/100
|-hitcount|p1a: Blissey|1
|
|-weather|Hail|[upkeep]
|-damage|p1a: Blissey|85/100|[from] Hail
|upkeep
|turn|10
|
|t:|1662368855
|move|p2a: Weeping Witch|Knock Off|p1a: Blissey
|-damage|p1a: Blissey|44/100
|-enditem|p1a: Blissey|Heavy-Duty Boots|[from] move: Knock Off|[of] p2a: Weeping Witch
|move|p1a: Blissey|Toxic|p2a: Weeping Witch
|-status|p2a: Weeping Witch|tox
|
|-weather|Hail|[upkeep]
|-damage|p1a: Blissey|38/100|[from] Hail
|-damage|p2a: Weeping Witch|82/100 tox|[from] psn
|upkeep
|turn|11
|
|t:|1662368868
|switch|p2a: Karian Scholar|Kartana|100/100
|-damage|p2a: Karian Scholar|88/100|[from] Spikes
|switch|p1a: Ferrothorn|Ferrothorn, M|55/100
|
|-weather|none
|upkeep
|turn|12
|
|t:|1662368872
|switch|p1a: Zapdos|Zapdos|90/100
|move|p2a: Karian Scholar|Knock Off|p1a: Zapdos
|-damage|p1a: Zapdos|45/100
|-enditem|p1a: Zapdos|Heavy-Duty Boots|[from] move: Knock Off|[of] p2a: Karian Scholar
|
|upkeep
|turn|13
|
|t:|1662368878
|switch|p2a: Swamp Dweller|Swampert, F|100/100
|-damage|p2a: Swamp Dweller|88/100|[from] Spikes
|move|p1a: Zapdos|Roost|p1a: Zapdos
|-heal|p1a: Zapdos|95/100
|-singleturn|p1a: Zapdos|move: Roost
|
|-heal|p2a: Swamp Dweller|94/100|[from] item: Leftovers
|upkeep
|turn|14
|
|t:|1662368890
|switch|p1a: Garchomp|Garchomp, F|100/100
|move|p2a: Swamp Dweller|Earthquake|p1a: Garchomp
|-damage|p1a: Garchomp|74/100
|
|-heal|p2a: Swamp Dweller|100/100|[from] item: Leftovers
|upkeep
|turn|15
|
|t:|1662368894
|move|p1a: Garchomp|Stealth Rock|p2a: Swamp Dweller
|-sidestart|p2: floundso|move: Stealth Rock
|move|p2a: Swamp Dweller|Stealth Rock|p1a: Garchomp
|-sidestart|p1: Delibird Heart|move: Stealth Rock
|
|upkeep
|turn|16
|
|t:|1662368897
|switch|p2a: Corridor of Knight|Corviknight, M|73/100
|-damage|p2a: Corridor of Knight|61/100|[from] Stealth Rock
|-ability|p2a: Corridor of Knight|Pressure
|move|p1a: Garchomp|Toxic|p2a: Corridor of Knight
|-immune|p2a: Corridor of Knight
|
|upkeep
|turn|17
|
|t:|1662368907
|switch|p1a: Ferrothorn|Ferrothorn, M|55/100
|-damage|p1a: Ferrothorn|50/100|[from] Stealth Rock
|move|p2a: Corridor of Knight|U-turn|p1a: Ferrothorn
|-damage|p1a: Ferrothorn|42/100
|-damage|p2a: Corridor of Knight|49/100|[from] ability: Iron Barbs|[of] p1a: Ferrothorn
|
|t:|1662368910
|switch|p2a: Karian Scholar|Kartana|88/100|[from]move: U-turn
|-damage|p2a: Karian Scholar|76/100|[from] Spikes
|-damage|p2a: Karian Scholar|70/100|[from] Stealth Rock
|
|upkeep
|turn|18
|
|t:|1662368923
|switch|p2a: Weeping Witch|Weavile, M|82/100 tox
|-ability|p2a: Weeping Witch|Pressure
|move|p1a: Ferrothorn|Knock Off|p2a: Weeping Witch
|-resisted|p2a: Weeping Witch
|-damage|p2a: Weeping Witch|64/100 tox
|-enditem|p2a: Weeping Witch|Heavy-Duty Boots|[from] move: Knock Off|[of] p1a: Ferrothorn
|
|-damage|p2a: Weeping Witch|58/100 tox|[from] psn
|upkeep
|turn|19
|
|t:|1662368934
|move|p2a: Weeping Witch|Triple Axel|p1a: Ferrothorn
|-damage|p1a: Ferrothorn|36/100
|-damage|p2a: Weeping Witch|45/100 tox|[from] ability: Iron Barbs|[of] p1a: Ferrothorn
|-damage|p1a: Ferrothorn|25/100
|-damage|p2a: Weeping Witch|33/100 tox|[from] ability: Iron Barbs|[of] p1a: Ferrothorn
|-damage|p1a: Ferrothorn|7/100
|-damage|p2a: Weeping Witch|20/100 tox|[from] ability: Iron Barbs|[of] p1a: Ferrothorn
|-hitcount|p1a: Ferrothorn|3
|move|p1a: Ferrothorn|Leech Seed|p2a: Weeping Witch
|-start|p2a: Weeping Witch|move: Leech Seed
|
|-damage|p2a: Weeping Witch|8/100 tox|[from] Leech Seed|[of] p1a: Ferrothorn
|-heal|p1a: Ferrothorn|17/100|[silent]
|-damage|p2a: Weeping Witch|0 fnt|[from] psn
|faint|p2a: Weeping Witch
|upkeep
|
|t:|1662368947
|switch|p2a: Karian Scholar|Kartana|70/100
|-damage|p2a: Karian Scholar|57/100|[from] Spikes
|-damage|p2a: Karian Scholar|51/100|[from] Stealth Rock
|turn|20
|inactive|Delibird Heart has 120 seconds left.
|
|t:|1662368978
|move|p2a: Karian Scholar|Knock Off|p1a: Ferrothorn
|-damage|p1a: Ferrothorn|0 fnt
|-damage|p2a: Karian Scholar|39/100|[from] ability: Iron Barbs|[of] p1a: Ferrothorn
|faint|p1a: Ferrothorn
|-ability|p2a: Karian Scholar|Beast Boost|boost
|-boost|p2a: Karian Scholar|atk|1
|
|upkeep
|inactive|Delibird Heart has 120 seconds left.
|inactive|Delibird Heart has 90 seconds left.
|inactive|Delibird Heart has 60 seconds left.
|inactive|Delibird Heart has 30 seconds left.
|inactive|Delibird Heart has 20 seconds left.
|
|t:|1662369087
|switch|p1a: Garchomp|Garchomp, F|74/100
|-damage|p1a: Garchomp|68/100|[from] Stealth Rock
|turn|21
|inactive|Delibird Heart has 30 seconds left this turn.
|
|t:|1662369091
|move|p2a: Karian Scholar|Knock Off|p1a: Garchomp
|-damage|p1a: Garchomp|2/100
|-damage|p2a: Karian Scholar|26/100|[from] ability: Rough Skin|[of] p1a: Garchomp
|-damage|p2a: Karian Scholar|10/100|[from] item: Rocky Helmet|[of] p1a: Garchomp
|-enditem|p1a: Garchomp|Rocky Helmet|[from] move: Knock Off|[of] p2a: Karian Scholar
|move|p1a: Garchomp|Earthquake|p2a: Karian Scholar
|-damage|p2a: Karian Scholar|0 fnt
|faint|p2a: Karian Scholar
|
|upkeep
|
|t:|1662369104
|switch|p2a: Corridor of Knight|Corviknight, M|49/100
|-damage|p2a: Corridor of Knight|36/100|[from] Stealth Rock
|-ability|p2a: Corridor of Knight|Pressure
|turn|22
|
|t:|1662369109
|move|p1a: Garchomp|Rest|p1a: Garchomp
|-status|p1a: Garchomp|slp|[from] move: Rest
|-heal|p1a: Garchomp|100/100 slp|[silent]
|move|p2a: Corridor of Knight|U-turn|p1a: Garchomp
|-damage|p1a: Garchomp|90/100 slp
|-damage|p2a: Corridor of Knight|24/100|[from] ability: Rough Skin|[of] p1a: Garchomp
|
|t:|1662369112
|switch|p2a: Tapping Jester|Tapu Koko|100/100|[from]move: U-turn
|-damage|p2a: Tapping Jester|88/100|[from] Spikes
|-damage|p2a: Tapping Jester|76/100|[from] Stealth Rock
|-fieldstart|move: Electric Terrain|[from] ability: Electric Surge|[of] p2a: Tapping Jester
|
|upkeep
|turn|23
|
|t:|1662369121
|move|p2a: Tapping Jester|Dazzling Gleam|p1a: Garchomp
|-supereffective|p1a: Garchomp
|-damage|p1a: Garchomp|27/100 slp
|cant|p1a: Garchomp|slp
|
|upkeep
|turn|24
|
|t:|1662369129
|switch|p2a: Corridor of Knight|Corviknight, M|24/100
|-damage|p2a: Corridor of Knight|12/100|[from] Stealth Rock
|-ability|p2a: Corridor of Knight|Pressure
|cant|p1a: Garchomp|slp
|
|upkeep
|turn|25
|
|t:|1662369138
|switch|p1a: Zapdos|Zapdos|95/100
|-damage|p1a: Zapdos|70/100|[from] Stealth Rock
|move|p2a: Corridor of Knight|Roost|p2a: Corridor of Knight
|-heal|p2a: Corridor of Knight|62/100
|-singleturn|p2a: Corridor of Knight|move: Roost
|
|upkeep
|turn|26
|
|t:|1662369143
|move|p1a: Zapdos|Defog|p2a: Corridor of Knight
|-unboost|p2a: Corridor of Knight|evasion|1
|-sideend|p2: floundso|Spikes|[from] move: Defog|[of] p1a: Zapdos
|-sideend|p2: floundso|Stealth Rock|[from] move: Defog|[of] p1a: Zapdos
|-sideend|p1: Delibird Heart|Stealth Rock|[from] move: Defog|[of] p1a: Zapdos
|-fieldend|move: Electric Terrain
|move|p2a: Corridor of Knight|Roost|p2a: Corridor of Knight
|-heal|p2a: Corridor of Knight|100/100
|-singleturn|p2a: Corridor of Knight|move: Roost
|
|upkeep
|turn|27
|
|t:|1662369146
|switch|p1a: Ninetales|Ninetales-Alola, M|14/100
|-weather|Hail|[from] ability: Snow Warning|[of] p1a: Ninetales
|move|p2a: Corridor of Knight|U-turn|p1a: Ninetales
|-resisted|p1a: Ninetales
|-damage|p1a: Ninetales|3/100
|
|t:|1662369148
|switch|p2a: Tapping Jester|Tapu Koko|76/100|[from]move: U-turn
|-fieldstart|move: Electric Terrain|[from] ability: Electric Surge|[of] p2a: Tapping Jester
|
|-weather|Hail|[upkeep]
|-damage|p2a: Tapping Jester|70/100|[from] Hail
|upkeep
|turn|28
|inactive|Delibird Heart has 90 seconds left.
|
|t:|1662369180
|switch|p1a: Garchomp|Garchomp, F|27/100 slp
|move|p2a: Tapping Jester|Dazzling Gleam|p1a: Garchomp
|-supereffective|p1a: Garchomp
|-damage|p1a: Garchomp|0 fnt
|faint|p1a: Garchomp
|
|-weather|Hail|[upkeep]
|-damage|p2a: Tapping Jester|63/100|[from] Hail
|upkeep
|
|t:|1662369182
|switch|p1a: Arctozolt|Arctozolt|100/100
|turn|29
|
|t:|1662369191
|move|p2a: Tapping Jester|Dazzling Gleam|p1a: Arctozolt
|-damage|p1a: Arctozolt|52/100
|move|p1a: Arctozolt|Icicle Crash|p2a: Tapping Jester
|-damage|p2a: Tapping Jester|0 fnt
|faint|p2a: Tapping Jester
|-damage|p1a: Arctozolt|42/100|[from] item: Life Orb
|
|-weather|Hail|[upkeep]
|upkeep
|
|t:|1662369197
|switch|p2a: Swamp Dweller|Swampert, F|100/100
|turn|30
|
|t:|1662369201
|move|p1a: Arctozolt|Freeze-Dry|p2a: Swamp Dweller
|-supereffective|p2a: Swamp Dweller
|-damage|p2a: Swamp Dweller|31/100
|-damage|p1a: Arctozolt|32/100|[from] item: Life Orb
|move|p2a: Swamp Dweller|Earthquake|p1a: Arctozolt
|-supereffective|p1a: Arctozolt
|-damage|p1a: Arctozolt|0 fnt
|faint|p1a: Arctozolt
|
|-weather|Hail|[upkeep]
|-damage|p2a: Swamp Dweller|25/100|[from] Hail
|-heal|p2a: Swamp Dweller|31/100|[from] item: Leftovers
|upkeep
|
|t:|1662369204
|switch|p1a: Ninetales|Ninetales-Alola, M|3/100
|turn|31
|
|t:|1662369207
|switch|p2a: Corridor of Knight|Corviknight, M|100/100
|-ability|p2a: Corridor of Knight|Pressure
|move|p1a: Ninetales|Blizzard|p2a: Corridor of Knight
|-damage|p2a: Corridor of Knight|57/100
|
|-weather|Hail|[upkeep]
|-damage|p2a: Corridor of Knight|51/100|[from] Hail
|-fieldend|move: Electric Terrain
|upkeep
|turn|32
|inactive|Delibird Heart has 120 seconds left.
|
|t:|1662369217
|move|p1a: Ninetales|Blizzard|p2a: Corridor of Knight
|-damage|p2a: Corridor of Knight|9/100
|move|p2a: Corridor of Knight|Roost|p2a: Corridor of Knight
|-heal|p2a: Corridor of Knight|59/100
|-singleturn|p2a: Corridor of Knight|move: Roost
|
|-weather|Hail|[upkeep]
|-damage|p2a: Corridor of Knight|53/100|[from] Hail
|upkeep
|turn|33
|
|t:|1662369219
|move|p1a: Ninetales|Encore|p2a: Corridor of Knight
|-start|p2a: Corridor of Knight|Encore
|move|p2a: Corridor of Knight|Roost|p2a: Corridor of Knight
|-heal|p2a: Corridor of Knight|100/100
|-singleturn|p2a: Corridor of Knight|move: Roost
|
|-weather|Hail|[upkeep]
|-damage|p2a: Corridor of Knight|94/100|[from] Hail
|upkeep
|turn|34
|
|t:|1662369222
|move|p1a: Ninetales|Nasty Plot|p1a: Ninetales
|-boost|p1a: Ninetales|spa|2
|move|p2a: Corridor of Knight|Roost|p2a: Corridor of Knight
|-heal|p2a: Corridor of Knight|100/100
|-singleturn|p2a: Corridor of Knight|move: Roost
|
|-weather|none
|upkeep
|turn|35
|
|t:|1662369227
|move|p1a: Ninetales|Nasty Plot|p1a: Ninetales
|-boost|p1a: Ninetales|spa|2
|move|p2a: Corridor of Knight|Roost||[still]
|-fail|p2a: Corridor of Knight|heal
|
|-end|p2a: Corridor of Knight|Encore
|upkeep
|turn|36
|
|t:|1662369231
|switch|p2a: Swamp Dweller|Swampert, F|31/100
|move|p1a: Ninetales|Blizzard|p2a: Swamp Dweller
|-damage|p2a: Swamp Dweller|0 fnt
|faint|p2a: Swamp Dweller
|
|upkeep
|-message|floundso forfeited.
|
|win|Delibird Heart
|raw|Delibird Heart's rating: 1565 &rarr; <strong>1600</strong><br />(+35 for winning)
|raw|floundso's rating: 1884 &rarr; <strong>1849</strong><br />(-35 for losing)
|l|☆floundso
|c|☆Delibird Heart|gg
||Ladder isn't responding, score probably updated but might not have (Request timeout).
