|j|☆Throw Games
|j|☆Makuryu
|t:|1656436642
|gametype|singles
|player|p1|Throw Games|marshal|1619
|player|p2|Makuryu|koga|1624
|teamsize|p1|6
|teamsize|p2|6
|gen|8
|tier|[Gen 8] OU
|rated|
|rule|Sleep Clause Mod: Limit one foe put to sleep
|rule|Species Clause: Limit one of each Pokémon
|rule|OHKO Clause: OHKO moves are banned
|rule|Evasion Moves Clause: Evasion moves are banned
|rule|Endless Battle Clause: Forcing endless battles is banned
|rule|HP Percentage Mod: HP is shown in percentages
|rule|Dynamax Clause: You cannot dynamax
|clearpoke
|poke|p1|Tapu Lele|
|poke|p1|Heatran, F|
|poke|p1|Slowbro, M|
|poke|p1|Buzzwole|
|poke|p1|Hydreigon, M|
|poke|p1|Zeraora|
|poke|p2|Marowak-Alola, M|
|poke|p2|Hatterene, F|
|poke|p2|Melmetal|
|poke|p2|Crawdaunt, M|
|poke|p2|Porygon2|
|poke|p2|Cresselia, F|
|teampreview
|inactive|Battle timer is ON: inactive players will automatically lose when time's up. (requested by Throw Games)
|
|t:|1656436666
|start
|switch|p1a: Tapu Lele|Tapu Lele|100/100
|switch|p2a: Crawdaunt|Crawdaunt, M|100/100
|-fieldstart|move: Psychic Terrain|[from] ability: Psychic Surge|[of] p1a: Tapu Lele
|turn|1
|
|t:|1656436672
|switch|p2a: Cresselia|Cresselia, F|100/100
|move|p1a: Tapu Lele|Moonblast|p2a: Cresselia
|-damage|p2a: Cresselia|56/100
|
|upkeep
|turn|2
|
|t:|1656436680
|move|p1a: Tapu Lele|Moonblast|p2a: Cresselia
|-damage|p2a: Cresselia|10/100
|move|p2a: Cresselia|Moonlight|p2a: Cresselia
|-heal|p2a: Cresselia|60/100
|
|upkeep
|turn|3
|
|t:|1656436702
|move|p1a: Tapu Lele|Moonblast|p2a: Cresselia
|-damage|p2a: Cresselia|10/100
|move|p2a: Cresselia|Moonlight|p2a: Cresselia
|-heal|p2a: Cresselia|60/100
|
|upkeep
|turn|4
|
|t:|1656436708
|move|p1a: Tapu Lele|Moonblast|p2a: Cresselia
|-damage|p2a: Cresselia|10/100
|move|p2a: Cresselia|Trick Room|p2a: Cresselia
|-fieldstart|move: Trick Room|[of] p2a: Cresselia
|
|upkeep
|turn|5
|
|t:|1656436714
|move|p2a: Cresselia|Lunar Dance|p2a: Cresselia
|faint|p2a: Cresselia
|move|p1a: Tapu Lele|Moonblast|p2: Cresselia|[notarget]
|-fail|p1a: Tapu Lele
|
|-fieldend|move: Psychic Terrain
|upkeep
|
|t:|1656436722
|switch|p2a: Marowak|Marowak-Alola, M|100/100
|turn|6
|
|t:|1656436725
|switch|p1a: Hydreigon|Hydreigon, M|100/100
|move|p2a: Marowak|Swords Dance|p2a: Marowak
|-boost|p2a: Marowak|atk|2
|
|upkeep
|turn|7
|
|t:|1656436732
|move|p2a: Marowak|Poltergeist|p1a: Hydreigon
|-activate|p1a: Hydreigon|move: Poltergeist|Choice Scarf
|-resisted|p1a: Hydreigon
|-damage|p1a: Hydreigon|0 fnt
|faint|p1a: Hydreigon
|
|upkeep
|
|t:|1656436737
|switch|p1a: Buzzwole|Buzzwole|100/100
|turn|8
|
|t:|1656436742
|switch|p1a: Heatran|Heatran, F|100/100
|move|p2a: Marowak|Flare Blitz|p1a: Heatran
|-start|p1a: Heatran|ability: Flash Fire
|
|-fieldend|move: Trick Room
|upkeep
|turn|9
|
|t:|1656436752
|move|p1a: Heatran|Earth Power|p2a: Marowak
|-supereffective|p2a: Marowak
|-damage|p2a: Marowak|37/100
|-unboost|p2a: Marowak|spd|1
|move|p2a: Marowak|Earthquake|p1a: Heatran
|-supereffective|p1a: Heatran
|-crit|p1a: Heatran
|-damage|p1a: Heatran|0 fnt
|faint|p1a: Heatran
|
|upkeep
|
|t:|1656436756
|switch|p1a: Zeraora|Zeraora|100/100
|turn|10
|
|t:|1656436771
|switch|p2a: Melmetal|Melmetal|100/100
|move|p1a: Zeraora|Knock Off|p2a: Melmetal
|-damage|p2a: Melmetal|83/100
|-enditem|p2a: Melmetal|Choice Band|[from] move: Knock Off|[of] p1a: Zeraora
|
|upkeep
|turn|11
|
|t:|1656436789
|switch|p1a: Buzzwole|Buzzwole|100/100
|move|p2a: Melmetal|Earthquake|p1a: Buzzwole
|-resisted|p1a: Buzzwole
|-damage|p1a: Buzzwole|86/100
|
|upkeep
|turn|12
|
|t:|1656436801
|switch|p1a: Slowbro|Slowbro, M|100/100
|switch|p2a: Hatterene|Hatterene, F|100/100
|
|upkeep
|turn|13
|
|t:|1656436808
|move|p1a: Slowbro|Scald|p2a: Hatterene
|-damage|p2a: Hatterene|71/100
|move|p2a: Hatterene|Trick Room|p2a: Hatterene
|-fieldstart|move: Trick Room|[of] p2a: Hatterene
|
|upkeep
|turn|14
|inactive|Makuryu has 120 seconds left.
|j| Ran Kob
|l| Ran Kob
|inactive|Makuryu has 90 seconds left.
|
|t:|1656436870
|switch|p2a: Crawdaunt|Crawdaunt, M|100/100
|move|p1a: Slowbro|Teleport|p1a: Slowbro
|
|t:|1656436875
|switch|p1a: Buzzwole|Buzzwole|86/100|[from]move: Teleport
|
|upkeep
|turn|15
|
|t:|1656436884
|move|p2a: Crawdaunt|Crabhammer|p1a: Buzzwole
|-damage|p1a: Buzzwole|23/100
|-damage|p2a: Crawdaunt|84/100|[from] item: Rocky Helmet|[of] p1a: Buzzwole
|-damage|p2a: Crawdaunt|74/100|[from] item: Life Orb
|move|p1a: Buzzwole|Leech Life|p2a: Crawdaunt
|-supereffective|p2a: Crawdaunt
|-damage|p2a: Crawdaunt|0 fnt
|-heal|p1a: Buzzwole|54/100|[from] drain|[of] p2a: Crawdaunt
|faint|p2a: Crawdaunt
|-ability|p1a: Buzzwole|Beast Boost|boost
|-boost|p1a: Buzzwole|atk|1
|
|upkeep
|
|t:|1656436896
|switch|p2a: Marowak|Marowak-Alola, M|37/100
|-heal|p2a: Marowak|100/100|[from] move: Lunar Dance
|turn|16
|
|t:|1656436903
|switch|p1a: Slowbro|Slowbro, M|100/100
|move|p2a: Marowak|Flare Blitz|p1a: Slowbro
|-resisted|p1a: Slowbro
|-damage|p1a: Slowbro|72/100
|
|upkeep
|turn|17
|
|t:|1656436911
|move|p1a: Slowbro|Scald|p2a: Marowak
|-supereffective|p2a: Marowak
|-damage|p2a: Marowak|29/100
|move|p2a: Marowak|Poltergeist|p1a: Slowbro
|-activate|p1a: Slowbro|move: Poltergeist|Heavy-Duty Boots
|-supereffective|p1a: Slowbro
|-damage|p1a: Slowbro|0 fnt
|faint|p1a: Slowbro
|
|-fieldend|move: Trick Room
|upkeep
|
|t:|1656436919
|switch|p1a: Zeraora|Zeraora|100/100
|turn|18
|
|t:|1656436923
|switch|p2a: Melmetal|Melmetal|83/100
|move|p1a: Zeraora|Knock Off|p2a: Melmetal
|-damage|p2a: Melmetal|73/100
|
|upkeep
|turn|19
|
|t:|1656436933
|move|p1a: Zeraora|Plasma Fists|p2a: Melmetal
|-damage|p2a: Melmetal|49/100
|-fieldactivate|move: Ion Deluge
|-hint|Normal-type moves become Electric-type after using Plasma Fists.
|move|p2a: Melmetal|Earthquake|p1a: Zeraora
|-supereffective|p1a: Zeraora
|-damage|p1a: Zeraora|0 fnt
|faint|p1a: Zeraora
|
|upkeep
|j| jeanmilapipe
|
|t:|1656436939
|switch|p1a: Buzzwole|Buzzwole|54/100
|turn|20
|
|t:|1656436942
|move|p1a: Buzzwole|Drain Punch|p2a: Melmetal
|-supereffective|p2a: Melmetal
|-damage|p2a: Melmetal|0 fnt
|-heal|p1a: Buzzwole|83/100|[from] drain|[of] p2a: Melmetal
|faint|p2a: Melmetal
|-ability|p1a: Buzzwole|Beast Boost|boost
|-boost|p1a: Buzzwole|atk|1
|
|upkeep
|l| jeanmilapipe
|
|t:|1656436953
|switch|p2a: Hatterene|Hatterene, F|71/100
|turn|21
|
|t:|1656436956
|move|p1a: Buzzwole|Leech Life|p2a: Hatterene
|-damage|p2a: Hatterene|0 fnt
|-heal|p1a: Buzzwole|100/100|[from] drain|[of] p2a: Hatterene
|faint|p2a: Hatterene
|-ability|p1a: Buzzwole|Beast Boost|boost
|-boost|p1a: Buzzwole|atk|1
|
|upkeep
|
|t:|1656436963
|switch|p2a: Porygon2|Porygon2|100/100
|-ability|p2a: Porygon2|Beast Boost|[from] ability: Trace|[of] p1a: Buzzwole
|turn|22
|
|t:|1656436968
|move|p1a: Buzzwole|Drain Punch|p2a: Porygon2
|-supereffective|p2a: Porygon2
|-damage|p2a: Porygon2|0 fnt
|faint|p2a: Porygon2
|-ability|p1a: Buzzwole|Beast Boost|boost
|-boost|p1a: Buzzwole|atk|1
|
|upkeep
|-message|Makuryu forfeited.
|
|win|Throw Games
|raw|Throw Games's rating: 1619 &rarr; <strong>1639</strong><br />(+20 for winning)
|raw|Makuryu's rating: 1624 &rarr; <strong>1604</strong><br />(-20 for losing)
|l|☆Makuryu
