|j|☆JoeyOwesMeMoney
|j|☆mefis21
|player|p1|JoeyOwesMeMoney|101|1781
|player|p2|mefis21|n|1717
|teamsize|p1|6
|teamsize|p2|6
|gametype|singles
|gen|8
|tier|[Gen 8] OU
|rated|
|clearpoke
|poke|p1|Chansey, F|
|poke|p1|Toxapex, M|
|poke|p1|Clefable, F|
|poke|p1|Corviknight, F|
|poke|p1|Hippowdon, M|
|poke|p1|Tangrowth, M|
|poke|p2|Kyurem|
|poke|p2|Aegislash, M|
|poke|p2|Cinderace, M|
|poke|p2|Mandibuzz, F|
|poke|p2|Gastrodon, M|
|poke|p2|Togekiss, F|
|rule|Sleep Clause Mod: Limit one foe put to sleep
|rule|Species Clause: Limit one of each Pokémon
|rule|OHKO Clause: OHKO moves are banned
|rule|Evasion Moves Clause: Evasion moves are banned
|rule|Endless Battle Clause: Forcing endless battles is banned
|rule|HP Percentage Mod: HP is shown in percentages
|rule|Dynamax Clause: You cannot dynamax
|teampreview
|
|start
|switch|p1a: Toxapex|Toxapex, M|100/100
|switch|p2a: Gastrodon|Gastrodon, M|100/100
|turn|1
|j| XxPepeMasterxX
|j| stall to the 1900s
|inactive|Battle timer is ON: inactive players will automatically lose when time's up. (requested by mefis21)
|
|move|p2a: Gastrodon|Block|p1a: Toxapex
|-activate|p1a: Toxapex|trapped
|move|p1a: Toxapex|Toxic Spikes|p2a: Gastrodon
|-sidestart|p2: mefis21|move: Toxic Spikes
|
|upkeep
|turn|2
|l| XxPepeMasterxX
|
|move|p2a: Gastrodon|Earth Power|p1a: Toxapex
|-supereffective|p1a: Toxapex
|-damage|p1a: Toxapex|54/100
|-unboost|p1a: Toxapex|spd|1
|move|p1a: Toxapex|Knock Off|p2a: Gastrodon
|-damage|p2a: Gastrodon|81/100
|-enditem|p2a: Gastrodon|Leftovers|[from] move: Knock Off|[of] p1a: Toxapex
|
|-heal|p1a: Toxapex|60/100|[from] item: Black Sludge
|upkeep
|turn|3
|inactive|mefis21 has 120 seconds left.
|
|move|p2a: Gastrodon|Earth Power|p1a: Toxapex
|-supereffective|p1a: Toxapex
|-damage|p1a: Toxapex|0 fnt
|faint|p1a: Toxapex
|
|upkeep
|
|switch|p1a: Tangrowth|Tangrowth, M|100/100
|turn|4
|inactive|mefis21 has 120 seconds left.
|
|switch|p2a: Mandibuzz|Mandibuzz, F|100/100
|move|p1a: Tangrowth|Sludge Bomb|p2a: Mandibuzz
|-damage|p2a: Mandibuzz|82/100
|
|upkeep
|turn|5
|
|move|p2a: Mandibuzz|U-turn|p1a: Tangrowth
|-supereffective|p1a: Tangrowth
|-damage|p1a: Tangrowth|85/100
|
|switch|p2a: Cinderace|Cinderace, M|100/100|[from]move: U-turn
|move|p1a: Tangrowth|Knock Off|p2a: Cinderace
|-damage|p2a: Cinderace|71/100
|-enditem|p2a: Cinderace|Heavy-Duty Boots|[from] move: Knock Off|[of] p1a: Tangrowth
|
|upkeep
|turn|6
|
|switch|p1a: Hippowdon|Hippowdon, M|100/100
|-weather|Sandstorm|[from] ability: Sand Stream|[of] p1a: Hippowdon
|move|p2a: Cinderace|Court Change|p2a: Cinderace
|-start|p2a: Cinderace|typechange|Normal|[from] ability: Libero
|-sideend|p2: mefis21|Toxic Spikes|[silent]
|-sidestart|p1: JoeyOwesMeMoney|Toxic Spikes|[silent]
|-activate|p2a: Cinderace|move: Court Change
|
|-weather|Sandstorm|[upkeep]
|-damage|p2a: Cinderace|65/100|[from] Sandstorm
|upkeep
|turn|7
|
|switch|p2a: Kyurem|Kyurem|100/100
|-ability|p2a: Kyurem|Pressure
|move|p1a: Hippowdon|Yawn|p2a: Kyurem
|-start|p2a: Kyurem|move: Yawn|[of] p1a: Hippowdon
|
|-weather|Sandstorm|[upkeep]
|-damage|p2a: Kyurem|94/100|[from] Sandstorm
|upkeep
|turn|8
|
|switch|p2a: Togekiss|Togekiss, F|100/100
|switch|p1a: Chansey|Chansey, F|100/100
|-status|p1a: Chansey|psn
|
|-weather|Sandstorm|[upkeep]
|-damage|p2a: Togekiss|94/100|[from] Sandstorm
|-damage|p1a: Chansey|94/100 psn|[from] Sandstorm
|-damage|p1a: Chansey|82/100 psn|[from] psn
|upkeep
|turn|9
|
|move|p2a: Togekiss|Trick|p1a: Chansey
|-activate|p2a: Togekiss|move: Trick|[of] p1a: Chansey
|-item|p1a: Chansey|Choice Scarf|[from] move: Trick
|-item|p2a: Togekiss|Eviolite|[from] move: Trick
|move|p1a: Chansey|Toxic|p2a: Togekiss
|-status|p2a: Togekiss|tox
|
|-weather|Sandstorm|[upkeep]
|-damage|p2a: Togekiss|88/100 tox|[from] Sandstorm
|-damage|p1a: Chansey|76/100 psn|[from] Sandstorm
|-damage|p2a: Togekiss|82/100 tox|[from] psn
|-damage|p1a: Chansey|64/100 psn|[from] psn
|upkeep
|turn|10
|
|switch|p2a: Aegislash|Aegislash, M|100/100
|switch|p1a: Corviknight|Corviknight, F|100/100
|-ability|p1a: Corviknight|Pressure
|
|-weather|none
|upkeep
|turn|11
|
|switch|p2a: Cinderace|Cinderace, M|65/100
|move|p1a: Corviknight|Defog|p2a: Cinderace
|-unboost|p2a: Cinderace|evasion|1
|-sideend|p1: JoeyOwesMeMoney|Toxic Spikes|[from] move: Defog|[of] p1a: Corviknight
|
|upkeep
|turn|12
|inactive|mefis21 has 120 seconds left.
|
|switch|p1a: Hippowdon|Hippowdon, M|100/100
|-weather|Sandstorm|[from] ability: Sand Stream|[of] p1a: Hippowdon
|move|p2a: Cinderace|U-turn|p1a: Hippowdon
|-start|p2a: Cinderace|typechange|Bug|[from] ability: Libero
|-damage|p1a: Hippowdon|84/100
|inactive|mefis21 has 120 seconds left.
|
|switch|p2a: Gastrodon|Gastrodon, M|81/100|[from]move: U-turn
|
|-weather|Sandstorm|[upkeep]
|-heal|p1a: Hippowdon|90/100|[from] item: Leftovers
|upkeep
|turn|13
|
|switch|p1a: Tangrowth|Tangrowth, M|100/100
|move|p2a: Gastrodon|Block|p1a: Tangrowth
|-activate|p1a: Tangrowth|trapped
|
|-weather|Sandstorm|[upkeep]
|-damage|p1a: Tangrowth|94/100|[from] Sandstorm
|upkeep
|turn|14
|
|move|p1a: Tangrowth|Giga Drain|p2a: Gastrodon
|-supereffective|p2a: Gastrodon
|-damage|p2a: Gastrodon|1/100
|-heal|p1a: Tangrowth|100/100|[from] drain|[of] p2a: Gastrodon
|move|p2a: Gastrodon|Toxic|p1a: Tangrowth
|-status|p1a: Tangrowth|tox
|
|-weather|Sandstorm|[upkeep]
|-damage|p1a: Tangrowth|94/100 tox|[from] Sandstorm
|-damage|p1a: Tangrowth|88/100 tox|[from] psn
|upkeep
|turn|15
|
|switch|p2a: Mandibuzz|Mandibuzz, F|82/100
|move|p1a: Tangrowth|Knock Off|p2a: Mandibuzz
|-resisted|p2a: Mandibuzz
|-damage|p2a: Mandibuzz|75/100
|-damage|p1a: Tangrowth|71/100 tox|[from] item: Rocky Helmet|[of] p2a: Mandibuzz
|-enditem|p2a: Mandibuzz|Rocky Helmet|[from] move: Knock Off|[of] p1a: Tangrowth
|
|-weather|Sandstorm|[upkeep]
|-damage|p1a: Tangrowth|65/100 tox|[from] Sandstorm
|-damage|p1a: Tangrowth|53/100 tox|[from] psn
|upkeep
|turn|16
|
|switch|p1a: Hippowdon|Hippowdon, M|90/100
|move|p2a: Mandibuzz|U-turn|p1a: Hippowdon
|-crit|p1a: Hippowdon
|-damage|p1a: Hippowdon|81/100
|inactive|mefis21 has 120 seconds left.
|
|switch|p2a: Togekiss|Togekiss, F|82/100 tox|[from]move: U-turn
|
|-weather|none
|-heal|p1a: Hippowdon|87/100|[from] item: Leftovers
|-damage|p2a: Togekiss|76/100 tox|[from] psn
|upkeep
|turn|17
|
|move|p2a: Togekiss|Air Slash|p1a: Hippowdon
|-damage|p1a: Hippowdon|51/100
|cant|p1a: Hippowdon|flinch
|
|-heal|p1a: Hippowdon|57/100|[from] item: Leftovers
|-damage|p2a: Togekiss|64/100 tox|[from] psn
|upkeep
|turn|18
|
|switch|p2a: Gastrodon|Gastrodon, M|1/100
|switch|p1a: Corviknight|Corviknight, F|100/100
|-ability|p1a: Corviknight|Pressure
|
|upkeep
|turn|19
|
|move|p1a: Corviknight|Body Press|p2a: Gastrodon
|-damage|p2a: Gastrodon|0 fnt
|faint|p2a: Gastrodon
|
|upkeep
|
|switch|p2a: Cinderace|Cinderace, M|65/100
|turn|20
|
|switch|p1a: Clefable|Clefable, F|100/100
|move|p2a: Cinderace|Pyro Ball|p1a: Clefable
|-damage|p1a: Clefable|57/100
|
|-heal|p1a: Clefable|63/100|[from] item: Leftovers
|upkeep
|turn|21
|
|move|p2a: Cinderace|Pyro Ball|p1a: Clefable
|-damage|p1a: Clefable|20/100
|-status|p1a: Clefable|brn
|move|p1a: Clefable|Wish|p1a: Clefable
|
|-heal|p1a: Clefable|26/100 brn|[from] item: Leftovers
|-damage|p1a: Clefable|20/100 brn|[from] brn
|upkeep
|turn|22
|
|move|p1a: Clefable|Protect|p1a: Clefable
|-singleturn|p1a: Clefable|Protect
|move|p2a: Cinderace|Pyro Ball|p1a: Clefable
|-activate|p1a: Clefable|move: Protect
|
|-heal|p1a: Clefable|70/100 brn|[from] move: Wish|[wisher] Clefable
|-heal|p1a: Clefable|76/100 brn|[from] item: Leftovers
|-damage|p1a: Clefable|70/100 brn|[from] brn
|upkeep
|turn|23
|
|move|p2a: Cinderace|Pyro Ball|p1a: Clefable
|-damage|p1a: Clefable|23/100 brn
|move|p1a: Clefable|Wish|p1a: Clefable
|
|-heal|p1a: Clefable|30/100 brn|[from] item: Leftovers
|-damage|p1a: Clefable|23/100 brn|[from] brn
|upkeep
|turn|24
|
|move|p1a: Clefable|Protect|p1a: Clefable
|-singleturn|p1a: Clefable|Protect
|move|p2a: Cinderace|U-turn|p1a: Clefable
|-start|p2a: Cinderace|typechange|Bug|[from] ability: Libero
|-activate|p1a: Clefable|move: Protect
|
|-heal|p1a: Clefable|73/100 brn|[from] move: Wish|[wisher] Clefable
|-heal|p1a: Clefable|79/100 brn|[from] item: Leftovers
|-damage|p1a: Clefable|73/100 brn|[from] brn
|upkeep
|turn|25
|
|move|p2a: Cinderace|Pyro Ball|p1a: Clefable
|-start|p2a: Cinderace|typechange|Fire|[from] ability: Libero
|-damage|p1a: Clefable|30/100 brn
|move|p1a: Clefable|Wish|p1a: Clefable
|
|-heal|p1a: Clefable|36/100 brn|[from] item: Leftovers
|-damage|p1a: Clefable|30/100 brn|[from] brn
|upkeep
|turn|26
|
|switch|p2a: Aegislash|Aegislash, M|100/100
|move|p1a: Clefable|Protect||[still]
|-fail|p1a: Clefable
|
|-heal|p1a: Clefable|80/100 brn|[from] move: Wish|[wisher] Clefable
|-heal|p1a: Clefable|86/100 brn|[from] item: Leftovers
|-damage|p1a: Clefable|80/100 brn|[from] brn
|upkeep
|turn|27
|
|move|p1a: Clefable|Protect|p1a: Clefable
|-singleturn|p1a: Clefable|Protect
|-formechange|p2a: Aegislash|Aegislash-Blade||[from] ability: Stance Change
|move|p2a: Aegislash|Iron Head|p1a: Clefable
|-activate|p1a: Clefable|move: Protect
|
|-heal|p1a: Clefable|86/100 brn|[from] item: Leftovers
|-damage|p1a: Clefable|80/100 brn|[from] brn
|upkeep
|turn|28
|
|switch|p1a: Corviknight|Corviknight, F|100/100
|-ability|p1a: Corviknight|Pressure
|move|p2a: Aegislash|Iron Head|p1a: Corviknight
|-resisted|p1a: Corviknight
|-damage|p1a: Corviknight|81/100
|-damage|p2a: Aegislash|84/100|[from] item: Rocky Helmet|[of] p1a: Corviknight
|
|upkeep
|turn|29
|
|switch|p2a: Mandibuzz|Mandibuzz, F|75/100
|move|p1a: Corviknight|Roost|p1a: Corviknight
|-heal|p1a: Corviknight|100/100
|-singleturn|p1a: Corviknight|move: Roost
|
|upkeep
|turn|30
|inactive|mefis21 has 120 seconds left.
|inactive|JoeyOwesMeMoney has 120 seconds left.
|inactive|mefis21 has 90 seconds left.
|
|switch|p1a: Clefable|Clefable, F|80/100 brn
|move|p2a: Mandibuzz|U-turn|p1a: Clefable
|-resisted|p1a: Clefable
|-damage|p1a: Clefable|76/100 brn
|inactive|mefis21 has 90 seconds left.
|
|switch|p2a: Kyurem|Kyurem|94/100|[from]move: U-turn
|-ability|p2a: Kyurem|Pressure
|
|-heal|p1a: Clefable|82/100 brn|[from] item: Leftovers
|-damage|p1a: Clefable|76/100 brn|[from] brn
|upkeep
|turn|31
|inactive|JoeyOwesMeMoney has 120 seconds left.
|
|move|p2a: Kyurem|Ice Beam|p1a: Clefable
|-damage|p1a: Clefable|15/100 brn
|move|p1a: Clefable|Moonblast|p2a: Kyurem
|-supereffective|p2a: Kyurem
|-crit|p2a: Kyurem
|-damage|p2a: Kyurem|6/100
|-unboost|p2a: Kyurem|spa|1
|
|-heal|p1a: Clefable|21/100 brn|[from] item: Leftovers
|-damage|p1a: Clefable|15/100 brn|[from] brn
|upkeep
|turn|32
|j| ocalaballa
|inactive|mefis21 has 90 seconds left.
|
|switch|p1a: Chansey|Chansey, F|64/100
|move|p2a: Kyurem|Ice Beam|p1a: Chansey
|-damage|p1a: Chansey|43/100
|
|upkeep
|turn|33
|
|switch|p2a: Aegislash|Aegislash, M|84/100
|move|p1a: Chansey|Soft-Boiled|p1a: Chansey
|-heal|p1a: Chansey|93/100
|
|upkeep
|turn|34
|
|switch|p1a: Corviknight|Corviknight, F|100/100
|-ability|p1a: Corviknight|Pressure
|-formechange|p2a: Aegislash|Aegislash-Blade||[from] ability: Stance Change
|move|p2a: Aegislash|Close Combat|p1a: Corviknight
|-damage|p1a: Corviknight|63/100
|-unboost|p2a: Aegislash|def|1
|-unboost|p2a: Aegislash|spd|1
|-damage|p2a: Aegislash|68/100|[from] item: Rocky Helmet|[of] p1a: Corviknight
|
|upkeep
|turn|35
|
|switch|p2a: Togekiss|Togekiss, F|64/100 tox
|move|p1a: Corviknight|Roost|p1a: Corviknight
|-heal|p1a: Corviknight|100/100
|-singleturn|p1a: Corviknight|move: Roost
|
|-damage|p2a: Togekiss|58/100 tox|[from] psn
|upkeep
|turn|36
|inactive|mefis21 has 90 seconds left.
|
|switch|p2a: Cinderace|Cinderace, M|65/100
|switch|p1a: Chansey|Chansey, F|93/100
|
|upkeep
|turn|37
|inactive|mefis21 has 90 seconds left.
|
|move|p2a: Cinderace|Pyro Ball|p1a: Chansey
|-damage|p1a: Chansey|36/100
|move|p1a: Chansey|Toxic|p2a: Cinderace
|-status|p2a: Cinderace|tox
|
|-damage|p2a: Cinderace|59/100 tox|[from] psn
|upkeep
|turn|38
|
|switch|p1a: Clefable|Clefable, F|15/100 brn
|move|p2a: Cinderace|Pyro Ball|p1a: Clefable
|-damage|p1a: Clefable|0 fnt
|faint|p1a: Clefable
|
|-damage|p2a: Cinderace|47/100 tox|[from] psn
|upkeep
|
|switch|p1a: Hippowdon|Hippowdon, M|57/100
|-weather|Sandstorm|[from] ability: Sand Stream|[of] p1a: Hippowdon
|turn|39
|
|switch|p2a: Mandibuzz|Mandibuzz, F|75/100
|move|p1a: Hippowdon|Slack Off|p1a: Hippowdon
|-heal|p1a: Hippowdon|100/100
|
|-weather|Sandstorm|[upkeep]
|upkeep
|turn|40
|
|switch|p2a: Togekiss|Togekiss, F|58/100 tox
|move|p1a: Hippowdon|Yawn||[still]
|-fail|p1a: Hippowdon
|
|-weather|Sandstorm|[upkeep]
|-damage|p2a: Togekiss|52/100 tox|[from] Sandstorm
|-damage|p2a: Togekiss|46/100 tox|[from] psn
|upkeep
|turn|41
|
|switch|p2a: Aegislash|Aegislash, M|68/100
|move|p1a: Hippowdon|Slack Off||[still]
|-fail|p1a: Hippowdon|heal
|
|-weather|Sandstorm|[upkeep]
|upkeep
|turn|42
|
|switch|p2a: Togekiss|Togekiss, F|46/100 tox
|move|p1a: Hippowdon|Earthquake|p2a: Togekiss
|-immune|p2a: Togekiss
|
|-weather|Sandstorm|[upkeep]
|-damage|p2a: Togekiss|39/100 tox|[from] Sandstorm
|-damage|p2a: Togekiss|33/100 tox|[from] psn
|upkeep
|turn|43
|
|move|p2a: Togekiss|Trick|p1a: Hippowdon
|-activate|p2a: Togekiss|move: Trick|[of] p1a: Hippowdon
|-item|p1a: Hippowdon|Eviolite|[from] move: Trick
|-item|p2a: Togekiss|Leftovers|[from] move: Trick
|move|p1a: Hippowdon|Slack Off||[still]
|-fail|p1a: Hippowdon|heal
|
|-weather|none
|-heal|p2a: Togekiss|39/100 tox|[from] item: Leftovers
|-damage|p2a: Togekiss|27/100 tox|[from] psn
|upkeep
|turn|44
|inactive|mefis21 has 120 seconds left.
|l| ocalaballa
|
|switch|p2a: Mandibuzz|Mandibuzz, F|75/100
|move|p1a: Hippowdon|Yawn|p2a: Mandibuzz
|-start|p2a: Mandibuzz|move: Yawn|[of] p1a: Hippowdon
|
|upkeep
|turn|45
|
|move|p2a: Mandibuzz|U-turn|p1a: Hippowdon
|-damage|p1a: Hippowdon|95/100
|
|switch|p2a: Kyurem|Kyurem|6/100|[from]move: U-turn
|-ability|p2a: Kyurem|Pressure
|move|p1a: Hippowdon|Earthquake|p2a: Kyurem
|-damage|p2a: Kyurem|0 fnt
|faint|p2a: Kyurem
|
|upkeep
|
|switch|p2a: Togekiss|Togekiss, F|27/100 tox
|turn|46
|
|move|p2a: Togekiss|Air Slash|p1a: Hippowdon
|-damage|p1a: Hippowdon|56/100
|move|p1a: Hippowdon|Slack Off|p1a: Hippowdon
|-heal|p1a: Hippowdon|100/100
|
|-heal|p2a: Togekiss|33/100 tox|[from] item: Leftovers
|-damage|p2a: Togekiss|27/100 tox|[from] psn
|upkeep
|turn|47
|
|switch|p1a: Corviknight|Corviknight, F|100/100
|-ability|p1a: Corviknight|Pressure
|move|p2a: Togekiss|Air Slash|p1a: Corviknight
|-resisted|p1a: Corviknight
|-damage|p1a: Corviknight|84/100
|
|-heal|p2a: Togekiss|33/100 tox|[from] item: Leftovers
|-damage|p2a: Togekiss|21/100 tox|[from] psn
|upkeep
|turn|48
|
|switch|p2a: Mandibuzz|Mandibuzz, F|75/100
|switch|p1a: Tangrowth|Tangrowth, M|86/100 tox
|
|-damage|p1a: Tangrowth|80/100 tox|[from] psn
|upkeep
|turn|49
|
|move|p2a: Mandibuzz|Foul Play|p1a: Tangrowth
|-damage|p1a: Tangrowth|55/100 tox
|move|p1a: Tangrowth|Knock Off|p2a: Mandibuzz
|-resisted|p2a: Mandibuzz
|-damage|p2a: Mandibuzz|71/100
|
|-damage|p1a: Tangrowth|43/100 tox|[from] psn
|upkeep
|turn|50
|
|switch|p1a: Hippowdon|Hippowdon, M|100/100
|-weather|Sandstorm|[from] ability: Sand Stream|[of] p1a: Hippowdon
|move|p2a: Mandibuzz|U-turn|p1a: Hippowdon
|-crit|p1a: Hippowdon
|-damage|p1a: Hippowdon|92/100
|
|switch|p2a: Aegislash|Aegislash, M|68/100|[from]move: U-turn
|
|-weather|Sandstorm|[upkeep]
|upkeep
|turn|51
|
|-formechange|p2a: Aegislash|Aegislash-Blade||[from] ability: Stance Change
|move|p2a: Aegislash|Close Combat|p1a: Hippowdon
|-damage|p1a: Hippowdon|55/100
|-unboost|p2a: Aegislash|def|1
|-unboost|p2a: Aegislash|spd|1
|move|p1a: Hippowdon|Earthquake|p2a: Aegislash
|-supereffective|p2a: Aegislash
|-damage|p2a: Aegislash|0 fnt
|faint|p2a: Aegislash
|
|-weather|Sandstorm|[upkeep]
|upkeep
|
|switch|p2a: Togekiss|Togekiss, F|21/100 tox
|turn|52
|
|switch|p2a: Cinderace|Cinderace, M|47/100 tox
|switch|p1a: Corviknight|Corviknight, F|84/100
|-ability|p1a: Corviknight|Pressure
|
|-weather|Sandstorm|[upkeep]
|-damage|p2a: Cinderace|41/100 tox|[from] Sandstorm
|-damage|p2a: Cinderace|35/100 tox|[from] psn
|upkeep
|turn|53
|
|switch|p1a: Tangrowth|Tangrowth, M|76/100 tox
|move|p2a: Cinderace|Pyro Ball|p1a: Tangrowth
|-supereffective|p1a: Tangrowth
|-damage|p1a: Tangrowth|0 fnt
|faint|p1a: Tangrowth
|
|-weather|Sandstorm|[upkeep]
|-damage|p2a: Cinderace|29/100 tox|[from] Sandstorm
|-damage|p2a: Cinderace|17/100 tox|[from] psn
|upkeep
|
|switch|p1a: Corviknight|Corviknight, F|84/100
|-ability|p1a: Corviknight|Pressure
|turn|54
|-message|mefis21 forfeited.
|
|win|JoeyOwesMeMoney
|l|☆mefis21
|raw|JoeyOwesMeMoney's rating: 1752 &rarr; <strong>1771</strong><br />(+19 for winning)
|raw|mefis21's rating: 1731 &rarr; <strong>1713</strong><br />(-18 for losing)
