|j|☆cimino01
|j|☆X-Wing Fighter
|player|p1|cimino01|266|1379
|player|p2|X-Wing Fighter|ethan|1352
|teamsize|p1|6
|teamsize|p2|6
|gametype|singles
|gen|8
|tier|[Gen 8] OU
|rated|
|clearpoke
|poke|p1|Ribombee, M|
|poke|p1|Mimikyu, F|
|poke|p1|Excadrill, F|
|poke|p1|Dracovish|
|poke|p1|Toxtricity, M|
|poke|p1|Bisharp, M|
|poke|p2|Cinderace, F|
|poke|p2|Corviknight, F|
|poke|p2|Ferrothorn, M|
|poke|p2|Clefable, F|
|poke|p2|Seismitoad, M|
|poke|p2|Dragapult, M|
|rule|Sleep Clause Mod: Limit one foe put to sleep
|rule|Species Clause: Limit one of each Pokémon
|rule|OHKO Clause: OHKO moves are banned
|rule|Evasion Moves Clause: Evasion moves are banned
|rule|Endless Battle Clause: Forcing endless battles is banned
|rule|HP Percentage Mod: HP is shown in percentages
|rule|Dynamax Clause: You cannot dynamax
|teampreview
|
|start
|switch|p1a: Elec'ric Guitar|Toxtricity, M|100/100
|switch|p2a: Cinderace|Cinderace, F|100/100
|turn|1
|
|move|p2a: Cinderace|Pyro Ball|p1a: Elec'ric Guitar
|-damage|p1a: Elec'ric Guitar|0 fnt
|faint|p1a: Elec'ric Guitar
|
|upkeep
|
|switch|p1a: Vish Strikes Back|Dracovish|100/100
|turn|2
|
|switch|p2a: Seismitoad|Seismitoad, M|100/100
|move|p1a: Vish Strikes Back|Psychic Fangs|p2a: Seismitoad
|-damage|p2a: Seismitoad|58/100
|
|-heal|p2a: Seismitoad|64/100|[from] item: Leftovers
|upkeep
|turn|3
|
|switch|p1a: Ribombee|Ribombee, M|100/100
|move|p2a: Seismitoad|Protect||[still]
|-fail|p2a: Seismitoad
|
|-heal|p2a: Seismitoad|70/100|[from] item: Leftovers
|upkeep
|turn|4
|
|move|p1a: Ribombee|Sticky Web|p2a: Seismitoad
|-sidestart|p2: X-Wing Fighter|move: Sticky Web
|move|p2a: Seismitoad|Toxic|p1a: Ribombee
|-status|p1a: Ribombee|tox
|
|-heal|p2a: Seismitoad|76/100|[from] item: Leftovers
|-damage|p1a: Ribombee|94/100 tox|[from] psn
|upkeep
|turn|5
|
|switch|p2a: Corviknight|Corviknight, F|100/100
|-ability|p2a: Corviknight|Pressure
|move|p1a: Ribombee|Stun Spore|p2a: Corviknight|[miss]
|-miss|p1a: Ribombee|p2a: Corviknight
|
|-damage|p1a: Ribombee|82/100 tox|[from] psn
|upkeep
|turn|6
|
|move|p1a: Ribombee|Stun Spore|p2a: Corviknight
|-status|p2a: Corviknight|par
|cant|p2a: Corviknight|par
|
|-damage|p1a: Ribombee|64/100 tox|[from] psn
|upkeep
|turn|7
|
|move|p1a: Ribombee|Moonblast|p2a: Corviknight
|-resisted|p2a: Corviknight
|-damage|p2a: Corviknight|87/100 par
|move|p2a: Corviknight|Body Press|p1a: Ribombee
|-resisted|p1a: Ribombee
|-damage|p1a: Ribombee|55/100 tox
|
|-heal|p2a: Corviknight|93/100 par|[from] item: Leftovers
|-damage|p1a: Ribombee|30/100 tox|[from] psn
|upkeep
|turn|8
|
|move|p1a: Ribombee|Moonblast|p2a: Corviknight
|-resisted|p2a: Corviknight
|-damage|p2a: Corviknight|79/100 par
|move|p2a: Corviknight|Body Press|p1a: Ribombee
|-resisted|p1a: Ribombee
|-damage|p1a: Ribombee|20/100 tox
|
|-heal|p2a: Corviknight|85/100 par|[from] item: Leftovers
|-damage|p1a: Ribombee|0 fnt|[from] psn
|faint|p1a: Ribombee
|upkeep
|
|switch|p1a: Vish Strikes Back|Dracovish|100/100
|turn|9
|
|switch|p2a: Seismitoad|Seismitoad, M|76/100
|-activate|p2a: Seismitoad|move: Sticky Web
|-unboost|p2a: Seismitoad|spe|1
|move|p1a: Vish Strikes Back|Psychic Fangs|p2a: Seismitoad
|-damage|p2a: Seismitoad|33/100
|
|-heal|p2a: Seismitoad|39/100|[from] item: Leftovers
|upkeep
|turn|10
|
|switch|p2a: Ferrothorn|Ferrothorn, M|100/100
|-activate|p2a: Ferrothorn|move: Sticky Web
|-unboost|p2a: Ferrothorn|spe|1
|move|p1a: Vish Strikes Back|Psychic Fangs|p2a: Ferrothorn
|-resisted|p2a: Ferrothorn
|-damage|p2a: Ferrothorn|81/100
|-damage|p1a: Vish Strikes Back|88/100|[from] ability: Iron Barbs|[of] p2a: Ferrothorn
|-damage|p1a: Vish Strikes Back|72/100|[from] item: Rocky Helmet|[of] p2a: Ferrothorn
|
|upkeep
|turn|11
|
|switch|p1a: Ochimusha|Bisharp, M|100/100
|move|p2a: Ferrothorn|Leech Seed|p1a: Ochimusha
|-start|p1a: Ochimusha|move: Leech Seed
|
|-damage|p1a: Ochimusha|88/100|[from] Leech Seed|[of] p2a: Ferrothorn
|-heal|p2a: Ferrothorn|90/100|[silent]
|upkeep
|turn|12
|
|switch|p2a: Corviknight|Corviknight, F|85/100 par
|-ability|p2a: Corviknight|Pressure
|move|p1a: Ochimusha|Swords Dance|p1a: Ochimusha
|-boost|p1a: Ochimusha|atk|2
|
|-heal|p2a: Corviknight|92/100 par|[from] item: Leftovers
|-damage|p1a: Ochimusha|76/100|[from] Leech Seed|[of] p2a: Corviknight
|-heal|p2a: Corviknight|99/100 par|[silent]
|upkeep
|turn|13
|
|move|p1a: Ochimusha|Throat Chop|p2a: Corviknight
|-damage|p2a: Corviknight|20/100 par
|-start|p2a: Corviknight|Throat Chop|[silent]
|cant|p2a: Corviknight|par
|
|-heal|p2a: Corviknight|26/100 par|[from] item: Leftovers
|-damage|p1a: Ochimusha|64/100|[from] Leech Seed|[of] p2a: Corviknight
|-heal|p2a: Corviknight|34/100 par|[silent]
|upkeep
|turn|14
|
|switch|p2a: Ferrothorn|Ferrothorn, M|90/100
|-activate|p2a: Ferrothorn|move: Sticky Web
|-unboost|p2a: Ferrothorn|spe|1
|move|p1a: Ochimusha|Throat Chop|p2a: Ferrothorn
|-damage|p2a: Ferrothorn|9/100
|-start|p2a: Ferrothorn|Throat Chop|[silent]
|-damage|p1a: Ochimusha|52/100|[from] ability: Iron Barbs|[of] p2a: Ferrothorn
|-damage|p1a: Ochimusha|35/100|[from] item: Rocky Helmet|[of] p2a: Ferrothorn
|
|-damage|p1a: Ochimusha|23/100|[from] Leech Seed|[of] p2a: Ferrothorn
|-heal|p2a: Ferrothorn|19/100|[silent]
|upkeep
|turn|15
|
|move|p1a: Ochimusha|Throat Chop|p2a: Ferrothorn
|-damage|p2a: Ferrothorn|0 fnt
|-damage|p1a: Ochimusha|11/100|[from] ability: Iron Barbs|[of] p2a: Ferrothorn
|-damage|p1a: Ochimusha|0 fnt|[from] item: Rocky Helmet|[of] p2a: Ferrothorn
|faint|p2a: Ferrothorn
|faint|p1a: Ochimusha
|
|upkeep
|
|switch|p1a: DORYUZUUUUUuUU|Excadrill, F|100/100
|switch|p2a: Seismitoad|Seismitoad, M|39/100
|-ability|p1a: DORYUZUUUUUuUU|Mold Breaker
|-item|p1a: DORYUZUUUUUuUU|Air Balloon
|-activate|p2a: Seismitoad|move: Sticky Web
|-unboost|p2a: Seismitoad|spe|1
|turn|16
|
|switch|p2a: Corviknight|Corviknight, F|34/100 par
|-ability|p2a: Corviknight|Pressure
|move|p1a: DORYUZUUUUUuUU|Earthquake|p2a: Corviknight
|-immune|p2a: Corviknight
|
|-heal|p2a: Corviknight|40/100 par|[from] item: Leftovers
|upkeep
|turn|17
|
|switch|p1a: Jus'a li'l bit ruf|Mimikyu, F|100/100
|move|p2a: Corviknight|Roost|p2a: Corviknight
|-heal|p2a: Corviknight|90/100 par
|-singleturn|p2a: Corviknight|move: Roost
|
|-heal|p2a: Corviknight|97/100 par|[from] item: Leftovers
|upkeep
|turn|18
|
|move|p1a: Jus'a li'l bit ruf|Swords Dance|p1a: Jus'a li'l bit ruf
|-boost|p1a: Jus'a li'l bit ruf|atk|2
|move|p2a: Corviknight|Defog|p1a: Jus'a li'l bit ruf
|-unboost|p1a: Jus'a li'l bit ruf|evasion|1
|-sideend|p2: X-Wing Fighter|Sticky Web|[from] move: Defog|[of] p2a: Corviknight
|
|-heal|p2a: Corviknight|100/100 par|[from] item: Leftovers
|upkeep
|turn|19
|
|move|p1a: Jus'a li'l bit ruf|Swords Dance|p1a: Jus'a li'l bit ruf
|-boost|p1a: Jus'a li'l bit ruf|atk|2
|cant|p2a: Corviknight|par
|
|upkeep
|turn|20
|
|move|p1a: Jus'a li'l bit ruf|Swords Dance|p1a: Jus'a li'l bit ruf
|-boost|p1a: Jus'a li'l bit ruf|atk|2
|cant|p2a: Corviknight|par
|
|upkeep
|turn|21
|
|move|p1a: Jus'a li'l bit ruf|Shadow Claw|p2a: Corviknight
|-damage|p2a: Corviknight|0 fnt
|-damage|p1a: Jus'a li'l bit ruf|91/100|[from] item: Life Orb
|faint|p2a: Corviknight
|
|upkeep
|
|switch|p2a: Cinderace|Cinderace, F|100/100
|turn|22
|
|move|p2a: Cinderace|Sucker Punch|p1a: Jus'a li'l bit ruf
|-activate|p1a: Jus'a li'l bit ruf|ability: Disguise
|-damage|p1a: Jus'a li'l bit ruf|91/100
|detailschange|p1a: Jus'a li'l bit ruf|Mimikyu-Busted, F
|-damage|p1a: Jus'a li'l bit ruf|78/100|[from] pokemon: Mimikyu-Busted
|move|p1a: Jus'a li'l bit ruf|Shadow Claw|p2a: Cinderace
|-damage|p2a: Cinderace|0 fnt
|-damage|p1a: Jus'a li'l bit ruf|68/100|[from] item: Life Orb
|faint|p2a: Cinderace
|
|upkeep
|
|switch|p2a: Dragapult|Dragapult, M|100/100
|turn|23
|
|move|p1a: Jus'a li'l bit ruf|Shadow Sneak|p2a: Dragapult
|-supereffective|p2a: Dragapult
|-damage|p2a: Dragapult|0 fnt
|-damage|p1a: Jus'a li'l bit ruf|58/100|[from] item: Life Orb
|faint|p2a: Dragapult
|
|upkeep
|-message|X-Wing Fighter forfeited.
|
|win|cimino01
|l|☆X-Wing Fighter
