|raw|<div class="broadcast-blue"><strong>This battle is required to be public due to a player having a name starting with 'lt94je'.</div>
|j|☆HOF69
|j|☆lt94jes e2x
|t:|1661146391
|gametype|singles
|player|p1|HOF69|red|1782
|player|p2|lt94jes e2x|pokemonranger-gen4|1883
|teamsize|p1|6
|teamsize|p2|6
|gen|8
|tier|[Gen 8] OU
|rated|
|rule|Sleep Clause Mod: Limit one foe put to sleep
|rule|Species Clause: Limit one of each Pokémon
|rule|OHKO Clause: OHKO moves are banned
|rule|Evasion Items Clause: Evasion items are banned
|rule|Evasion Moves Clause: Evasion moves are banned
|rule|Endless Battle Clause: Forcing endless battles is banned
|rule|HP Percentage Mod: HP is shown in percentages
|rule|Dynamax Clause: You cannot dynamax
|clearpoke
|poke|p1|Blacephalon|
|poke|p1|Gengar, M|
|poke|p1|Tapu Lele|
|poke|p1|Kartana|
|poke|p1|Krookodile, M|
|poke|p1|Landorus-Therian, M|
|poke|p2|Hippowdon, M|
|poke|p2|Excadrill, F|
|poke|p2|Skarmory, F|
|poke|p2|Clefable, M|
|poke|p2|Toxapex, M|
|poke|p2|Blacephalon|
|teampreview
|
|t:|1661146413
|start
|switch|p1a: Krookodile|Krookodile, M|100/100
|switch|p2a: Hippowdon|Hippowdon, M|100/100
|-ability|p1a: Krookodile|Intimidate|boost
|-unboost|p2a: Hippowdon|atk|1
|-weather|Sandstorm|[from] ability: Sand Stream|[of] p2a: Hippowdon
|turn|1
|inactive|Battle timer is ON: inactive players will automatically lose when time's up. (requested by lt94jes e2x)
|j| Love Is Cruel
|
|t:|1661146427
|switch|p2a: Clefable|Clefable, M|100/100
|move|p1a: Krookodile|Taunt|p2a: Clefable
|-start|p2a: Clefable|move: Taunt
|
|-weather|Sandstorm|[upkeep]
|upkeep
|turn|2
|
|t:|1661146430
|move|p1a: Krookodile|Stealth Rock|p2a: Clefable
|-sidestart|p2: lt94jes e2x|move: Stealth Rock
|move|p2a: Clefable|Moonblast|p1a: Krookodile
|-supereffective|p1a: Krookodile
|-enditem|p1a: Krookodile|Focus Sash
|-damage|p1a: Krookodile|1/100
|
|-weather|Sandstorm|[upkeep]
|upkeep
|turn|3
|
|t:|1661146434
|move|p1a: Krookodile|Knock Off|p2a: Clefable
|-resisted|p2a: Clefable
|-damage|p2a: Clefable|82/100
|-enditem|p2a: Clefable|Life Orb|[from] move: Knock Off|[of] p1a: Krookodile
|move|p2a: Clefable|Moonblast|p1a: Krookodile
|-supereffective|p1a: Krookodile
|-damage|p1a: Krookodile|0 fnt
|faint|p1a: Krookodile
|
|-weather|Sandstorm|[upkeep]
|-end|p2a: Clefable|move: Taunt
|upkeep
|
|t:|1661146454
|switch|p1a: Gengar|Gengar, M, shiny|100/100
|turn|4
|
|t:|1661146458
|switch|p2a: Hippowdon|Hippowdon, M|100/100
|-damage|p2a: Hippowdon|94/100|[from] Stealth Rock
|move|p1a: Gengar|Shadow Ball|p2a: Hippowdon
|-damage|p2a: Hippowdon|63/100
|
|-weather|Sandstorm|[upkeep]
|-damage|p1a: Gengar|94/100|[from] Sandstorm
|-heal|p2a: Hippowdon|69/100|[from] item: Leftovers
|upkeep
|turn|5
|j| 3d
|
|t:|1661146464
|move|p1a: Gengar|Taunt|p2a: Hippowdon
|-start|p2a: Hippowdon|move: Taunt
|cant|p2a: Hippowdon|move: Taunt|Slack Off
|
|-weather|none
|-heal|p2a: Hippowdon|75/100|[from] item: Leftovers
|upkeep
|turn|6
|
|t:|1661146481
|switch|p2a: Toxapex|Toxapex, M|100/100
|-damage|p2a: Toxapex|88/100|[from] Stealth Rock
|move|p1a: Gengar|Shadow Ball|p2a: Toxapex
|-damage|p2a: Toxapex|61/100
|
|upkeep
|turn|7
|
|t:|1661146485
|move|p1a: Gengar|Shadow Ball|p2a: Toxapex
|-damage|p2a: Toxapex|34/100
|move|p2a: Toxapex|Knock Off|p1a: Gengar
|-supereffective|p1a: Gengar
|-damage|p1a: Gengar|32/100
|-start|p2a: Toxapex|Disable|Knock Off|[from] ability: Cursed Body|[of] p1a: Gengar
|-enditem|p1a: Gengar|Focus Sash|[from] move: Knock Off|[of] p2a: Toxapex
|
|upkeep
|turn|8
|j| ISZ
|j| Iamextremelyboring
|j| berk nowitzki
|l| Iamextremelyboring
|
|t:|1661146494
|move|p1a: Gengar|Taunt|p2a: Toxapex
|-start|p2a: Toxapex|move: Taunt
|cant|p2a: Toxapex|move: Taunt|Recover
|
|upkeep
|turn|9
|l| berk nowitzki
|
|t:|1661146499
|switch|p2a: Hippowdon|Hippowdon, M|75/100
|-damage|p2a: Hippowdon|69/100|[from] Stealth Rock
|-weather|Sandstorm|[from] ability: Sand Stream|[of] p2a: Hippowdon
|move|p1a: Gengar|Shadow Ball|p2a: Hippowdon
|-damage|p2a: Hippowdon|38/100
|
|-weather|Sandstorm|[upkeep]
|-damage|p1a: Gengar|26/100|[from] Sandstorm
|-heal|p2a: Hippowdon|45/100|[from] item: Leftovers
|upkeep
|turn|10
|
|t:|1661146503
|move|p1a: Gengar|Taunt|p2a: Hippowdon
|-start|p2a: Hippowdon|move: Taunt
|move|p2a: Hippowdon|Earthquake|p1a: Gengar
|-supereffective|p1a: Gengar
|-damage|p1a: Gengar|0 fnt
|faint|p1a: Gengar
|
|-weather|Sandstorm|[upkeep]
|-heal|p2a: Hippowdon|51/100|[from] item: Leftovers
|upkeep
|j| hamiltonion
|
|t:|1661146530
|switch|p1a: Landorus|Landorus-Therian, M|100/100
|-ability|p1a: Landorus|Intimidate|boost
|-unboost|p2a: Hippowdon|atk|1
|turn|11
|j| Iamextremelyboring
|
|t:|1661146533
|switch|p2a: Skarmory|Skarmory, F|100/100
|-damage|p2a: Skarmory|88/100|[from] Stealth Rock
|move|p1a: Landorus|Smack Down|p2a: Skarmory
|-damage|p2a: Skarmory|78/100
|-start|p2a: Skarmory|Smack Down
|
|-weather|Sandstorm|[upkeep]
|upkeep
|turn|12
|
|t:|1661146545
|switch|p2a: Clefable|Clefable, M|82/100
|move|p1a: Landorus|Earthquake|p2a: Clefable
|-damage|p2a: Clefable|39/100
|
|-weather|Sandstorm|[upkeep]
|upkeep
|turn|13
|
|t:|1661146549
|move|p1a: Landorus|Earthquake|p2a: Clefable
|-damage|p2a: Clefable|1/100
|move|p2a: Clefable|Moonblast|p1a: Landorus
|-damage|p1a: Landorus|82/100
|
|-weather|none
|upkeep
|turn|14
|j| SmugClef
|c| Love Is Cruel|Fire as hell set, HOF69
|j| iKiQ ㋛
|c|☆HOF69|ty
|
|t:|1661146561
|move|p1a: Landorus|Smack Down|p2a: Clefable
|-damage|p2a: Clefable|0 fnt
|faint|p2a: Clefable
|
|upkeep
|
|t:|1661146566
|switch|p2a: Hippowdon|Hippowdon, M|51/100
|-damage|p2a: Hippowdon|45/100|[from] Stealth Rock
|-weather|Sandstorm|[from] ability: Sand Stream|[of] p2a: Hippowdon
|turn|15
|
|t:|1661146568
|move|p1a: Landorus|Knock Off|p2a: Hippowdon
|-damage|p2a: Hippowdon|20/100
|-enditem|p2a: Hippowdon|Leftovers|[from] move: Knock Off|[of] p1a: Landorus
|move|p2a: Hippowdon|Slack Off|p2a: Hippowdon
|-heal|p2a: Hippowdon|70/100
|
|-weather|Sandstorm|[upkeep]
|upkeep
|turn|16
|
|t:|1661146575
|move|p1a: Landorus|U-turn|p2a: Hippowdon
|-damage|p2a: Hippowdon|51/100
|j| Spitfire arcanine
|
|t:|1661146582
|switch|p1a: Tapu Lele|Tapu Lele|100/100|[from]move: U-turn
|-fieldstart|move: Psychic Terrain|[from] ability: Psychic Surge|[of] p1a: Tapu Lele
|move|p2a: Hippowdon|Slack Off|p2a: Hippowdon
|-heal|p2a: Hippowdon|100/100
|
|-weather|Sandstorm|[upkeep]
|-damage|p1a: Tapu Lele|94/100|[from] Sandstorm
|upkeep
|turn|17
|
|t:|1661146585
|switch|p2a: Excadrill|Excadrill, F|100/100
|-damage|p2a: Excadrill|97/100|[from] Stealth Rock
|move|p1a: Tapu Lele|Psyshock|p2a: Excadrill
|-resisted|p2a: Excadrill
|-damage|p2a: Excadrill|46/100
|
|-weather|Sandstorm|[upkeep]
|-damage|p1a: Tapu Lele|88/100|[from] Sandstorm
|-heal|p2a: Excadrill|52/100|[from] item: Leftovers
|upkeep
|turn|18
|
|t:|1661146592
|move|p2a: Excadrill|Iron Head|p1a: Tapu Lele
|-supereffective|p1a: Tapu Lele
|-damage|p1a: Tapu Lele|0 fnt
|faint|p1a: Tapu Lele
|
|-weather|Sandstorm|[upkeep]
|-heal|p2a: Excadrill|58/100|[from] item: Leftovers
|upkeep
|
|t:|1661146600
|switch|p1a: Landorus|Landorus-Therian, M|82/100
|-ability|p1a: Landorus|Intimidate|boost
|-unboost|p2a: Excadrill|atk|1
|turn|19
|j| LT94JE adreamew
|
|t:|1661146616
|switch|p2a: Hippowdon|Hippowdon, M|100/100
|-damage|p2a: Hippowdon|94/100|[from] Stealth Rock
|move|p1a: Landorus|U-turn|p2a: Hippowdon
|-damage|p2a: Hippowdon|76/100
|j| nublet2
|
|t:|1661146623
|switch|p1a: Kartana|Kartana|100/100|[from]move: U-turn
|
|-weather|none
|upkeep
|turn|20
|
|t:|1661146627
|switch|p2a: Skarmory|Skarmory, F|78/100
|-damage|p2a: Skarmory|65/100|[from] Stealth Rock
|move|p1a: Kartana|Swords Dance|p1a: Kartana
|-boost|p1a: Kartana|atk|2
|
|-fieldend|move: Psychic Terrain
|upkeep
|turn|21
|
|t:|1661146631
|move|p1a: Kartana|Knock Off|p2a: Skarmory
|-damage|p2a: Skarmory|18/100
|-enditem|p2a: Skarmory|Rocky Helmet|[from] move: Knock Off|[of] p1a: Kartana
|move|p2a: Skarmory|Roost|p2a: Skarmory
|-heal|p2a: Skarmory|68/100
|-singleturn|p2a: Skarmory|move: Roost
|
|upkeep
|turn|22
|j| Quagshi
|
|t:|1661146642
|move|p1a: Kartana|Sacred Sword|p2a: Skarmory
|-damage|p2a: Skarmory|22/100
|move|p2a: Skarmory|Roost|p2a: Skarmory
|-heal|p2a: Skarmory|72/100
|-singleturn|p2a: Skarmory|move: Roost
|
|upkeep
|turn|23
|j| cassthetic
|
|t:|1661146661
|move|p1a: Kartana|Sacred Sword|p2a: Skarmory
|-damage|p2a: Skarmory|26/100
|move|p2a: Skarmory|Body Press|p1a: Kartana
|-supereffective|p1a: Kartana
|-damage|p1a: Kartana|32/100
|
|upkeep
|turn|24
|
|t:|1661146666
|switch|p2a: Hippowdon|Hippowdon, M|76/100
|-damage|p2a: Hippowdon|70/100|[from] Stealth Rock
|-weather|Sandstorm|[from] ability: Sand Stream|[of] p2a: Hippowdon
|move|p1a: Kartana|Sacred Sword|p2a: Hippowdon
|-damage|p2a: Hippowdon|14/100
|
|-weather|Sandstorm|[upkeep]
|upkeep
|turn|25
|
|t:|1661146669
|switch|p2a: Skarmory|Skarmory, F|26/100
|-damage|p2a: Skarmory|14/100|[from] Stealth Rock
|move|p1a: Kartana|Knock Off|p2a: Skarmory
|-damage|p2a: Skarmory|0 fnt
|faint|p2a: Skarmory
|-ability|p1a: Kartana|Beast Boost|boost
|-boost|p1a: Kartana|atk|1
|
|-weather|Sandstorm|[upkeep]
|upkeep
|
|t:|1661146673
|switch|p2a: Excadrill|Excadrill, F|58/100
|-damage|p2a: Excadrill|55/100|[from] Stealth Rock
|turn|26
|j| leona misa
|
|t:|1661146683
|switch|p1a: Landorus|Landorus-Therian, M|82/100
|-ability|p1a: Landorus|Intimidate|boost
|-unboost|p2a: Excadrill|atk|1
|move|p2a: Excadrill|Iron Head|p1a: Landorus
|-damage|p1a: Landorus|53/100
|
|-weather|Sandstorm|[upkeep]
|-heal|p2a: Excadrill|61/100|[from] item: Leftovers
|upkeep
|turn|27
|
|t:|1661146689
|switch|p2a: Hippowdon|Hippowdon, M|14/100
|-damage|p2a: Hippowdon|8/100|[from] Stealth Rock
|move|p1a: Landorus|Earthquake|p2a: Hippowdon
|-crit|p2a: Hippowdon
|-damage|p2a: Hippowdon|0 fnt
|faint|p2a: Hippowdon
|
|-weather|Sandstorm|[upkeep]
|upkeep
|
|t:|1661146692
|switch|p2a: Blacephalon|Blacephalon|100/100
|-damage|p2a: Blacephalon|76/100|[from] Stealth Rock
|turn|28
|
|t:|1661146701
|move|p2a: Blacephalon|Overheat|p1a: Landorus
|-damage|p1a: Landorus|0 fnt
|-unboost|p2a: Blacephalon|spa|2
|faint|p1a: Landorus
|-ability|p2a: Blacephalon|Beast Boost|boost
|-boost|p2a: Blacephalon|spa|1
|
|-weather|none
|upkeep
|j| Separation
|
|t:|1661146709
|switch|p1a: Kartana|Kartana|32/100
|turn|29
|
|t:|1661146718
|move|p1a: Kartana|Knock Off|p2a: Blacephalon
|-supereffective|p2a: Blacephalon
|-damage|p2a: Blacephalon|0 fnt
|-enditem|p2a: Blacephalon|Choice Specs|[from] move: Knock Off|[of] p1a: Kartana
|faint|p2a: Blacephalon
|-ability|p1a: Kartana|Beast Boost|boost
|-boost|p1a: Kartana|atk|1
|
|upkeep
|
|t:|1661146721
|switch|p2a: Toxapex|Toxapex, M|68/100
|-damage|p2a: Toxapex|55/100|[from] Stealth Rock
|turn|30
|
|t:|1661146723
|move|p1a: Kartana|Leaf Blade|p2a: Toxapex
|-damage|p2a: Toxapex|0 fnt
|faint|p2a: Toxapex
|-ability|p1a: Kartana|Beast Boost|boost
|-boost|p1a: Kartana|atk|1
|
|upkeep
|
|t:|1661146725
|switch|p2a: Excadrill|Excadrill, F|61/100
|-damage|p2a: Excadrill|58/100|[from] Stealth Rock
|turn|31
|c|☆HOF69|gg
|l| 3d
|
|t:|1661146728
|move|p1a: Kartana|Leaf Blade|p2a: Excadrill
|-crit|p2a: Excadrill
|-damage|p2a: Excadrill|0 fnt
|faint|p2a: Excadrill
|
|win|HOF69
|raw|HOF69's rating: 1782 &rarr; <strong>1808</strong><br />(+26 for winning)
|raw|lt94jes e2x's rating: 1883 &rarr; <strong>1857</strong><br />(-26 for losing)
|c|☆lt94jes e2x|gg
|l| Quagshi
|l|☆lt94jes e2x
|l| Love Is Cruel
