|j|☆ydm14
|j|☆cump2
|t:|1631493125
|gametype|singles
|player|p1|ydm14|169|1255
|player|p2|cump2|265|1322
|teamsize|p1|6
|teamsize|p2|6
|gen|8
|tier|[Gen 8] OU
|rated|
|rule|Sleep Clause Mod: Limit one foe put to sleep
|rule|Species Clause: Limit one of each Pokémon
|rule|OHKO Clause: OHKO moves are banned
|rule|Evasion Moves Clause: Evasion moves are banned
|rule|Endless Battle Clause: Forcing endless battles is banned
|rule|HP Percentage Mod: HP is shown in percentages
|rule|Dynamax Clause: You cannot dynamax
|clearpoke
|poke|p1|Melmetal|
|poke|p1|Landorus-Therian, M|
|poke|p1|Blacephalon|
|poke|p1|Tapu Fini|
|poke|p1|Kyurem|
|poke|p1|Celesteela|
|poke|p2|Blissey, F|
|poke|p2|Clefable, F|
|poke|p2|Skarmory, F|
|poke|p2|Zapdos-Galar|
|poke|p2|Starmie|
|poke|p2|Hippowdon, F|
|teampreview
|inactive|Battle timer is ON: inactive players will automatically lose when time's up. (requested by ydm14)
|
|t:|1631493143
|start
|switch|p1a: Melmetal|Melmetal|100/100
|switch|p2a: Hippowdon|Hippowdon, F|100/100
|-weather|Sandstorm|[from] ability: Sand Stream|[of] p2a: Hippowdon
|turn|1
|
|t:|1631493150
|move|p2a: Hippowdon|Stealth Rock|p1a: Melmetal
|-sidestart|p1: ydm14|move: Stealth Rock
|move|p1a: Melmetal|Double Iron Bash|p2a: Hippowdon
|-damage|p2a: Hippowdon|54/100
|-damage|p2a: Hippowdon|10/100
|-hitcount|p2a: Hippowdon|2
|
|-weather|Sandstorm|[upkeep]
|-heal|p2a: Hippowdon|16/100|[from] item: Leftovers
|upkeep
|turn|2
|
|t:|1631493157
|switch|p2a: Skarmory|Skarmory, F|100/100
|move|p1a: Melmetal|Double Iron Bash|p2a: Skarmory
|-resisted|p2a: Skarmory
|-damage|p2a: Skarmory|82/100
|-damage|p1a: Melmetal|84/100|[from] item: Rocky Helmet|[of] p2a: Skarmory
|-resisted|p2a: Skarmory
|-damage|p2a: Skarmory|64/100
|-damage|p1a: Melmetal|67/100|[from] item: Rocky Helmet|[of] p2a: Skarmory
|-hitcount|p2a: Skarmory|2
|
|-weather|Sandstorm|[upkeep]
|upkeep
|turn|3
|
|t:|1631493165
|switch|p1a: Landorus|Landorus-Therian, M|100/100
|-damage|p1a: Landorus|88/100|[from] Stealth Rock
|-ability|p1a: Landorus|Intimidate|boost
|-unboost|p2a: Skarmory|atk|1
|move|p2a: Skarmory|Roost|p2a: Skarmory
|-heal|p2a: Skarmory|100/100
|-singleturn|p2a: Skarmory|move: Roost
|
|-weather|Sandstorm|[upkeep]
|-heal|p1a: Landorus|94/100|[from] item: Leftovers
|upkeep
|turn|4
|
|t:|1631493176
|move|p1a: Landorus|Defog|p2a: Skarmory
|-unboost|p2a: Skarmory|evasion|1
|-sideend|p1: ydm14|Stealth Rock|[from] move: Defog|[of] p1a: Landorus
|move|p2a: Skarmory|Spikes|p1a: Landorus
|-sidestart|p1: ydm14|Spikes
|
|-weather|Sandstorm|[upkeep]
|-heal|p1a: Landorus|99/100|[from] item: Leftovers
|upkeep
|turn|5
|
|t:|1631493181
|move|p1a: Landorus|U-turn|p2a: Skarmory
|-resisted|p2a: Skarmory
|-damage|p2a: Skarmory|98/100
|-damage|p1a: Landorus|84/100|[from] item: Rocky Helmet|[of] p2a: Skarmory
|
|t:|1631493190
|switch|p1a: Blacephalon|Blacephalon|100/100|[from]move: U-turn
|-damage|p1a: Blacephalon|88/100|[from] Spikes
|move|p2a: Skarmory|Spikes|p1a: Blacephalon
|-sidestart|p1: ydm14|Spikes
|
|-weather|none
|upkeep
|turn|6
|
|t:|1631493198
|switch|p2a: Starmie|Starmie|100/100
|move|p1a: Blacephalon|Shadow Ball|p2a: Starmie
|-supereffective|p2a: Starmie
|-damage|p2a: Starmie|0 fnt
|faint|p2a: Starmie
|-ability|p1a: Blacephalon|Beast Boost|boost
|-boost|p1a: Blacephalon|spa|1
|
|upkeep
|
|t:|1631493204
|switch|p2a: Blissey|Blissey, F|100/100
|turn|7
|
|t:|1631493216
|switch|p1a: Landorus|Landorus-Therian, M|84/100
|-ability|p1a: Landorus|Intimidate|boost
|-unboost|p2a: Blissey|atk|1
|move|p2a: Blissey|Toxic|p1a: Landorus
|-status|p1a: Landorus|tox
|
|-heal|p1a: Landorus|90/100 tox|[from] item: Leftovers
|-damage|p1a: Landorus|84/100 tox|[from] psn
|upkeep
|turn|8
|
|t:|1631493221
|move|p1a: Landorus|Defog|p2a: Blissey
|-unboost|p2a: Blissey|evasion|1
|-sideend|p1: ydm14|Spikes|[from] move: Defog|[of] p1a: Landorus
|move|p2a: Blissey|Teleport|p2a: Blissey
|
|t:|1631493225
|switch|p2a: Skarmory|Skarmory, F|98/100|[from]move: Teleport
|
|-heal|p1a: Landorus|90/100 tox|[from] item: Leftovers
|-damage|p1a: Landorus|78/100 tox|[from] psn
|upkeep
|turn|9
|
|t:|1631493232
|switch|p1a: Kyurem|Kyurem|100/100
|-ability|p1a: Kyurem|Pressure
|move|p2a: Skarmory|Spikes|p1a: Kyurem
|-sidestart|p1: ydm14|Spikes
|
|upkeep
|turn|10
|
|t:|1631493236
|switch|p2a: Blissey|Blissey, F|100/100
|move|p1a: Kyurem|Ice Beam|p2a: Blissey
|-damage|p2a: Blissey|74/100
|
|upkeep
|turn|11
|
|t:|1631493245
|switch|p1a: Celesteela|Celesteela|100/100
|move|p2a: Blissey|Seismic Toss|p1a: Celesteela
|-damage|p1a: Celesteela|75/100
|
|-heal|p1a: Celesteela|81/100|[from] item: Leftovers
|upkeep
|turn|12
|
|t:|1631493250
|move|p1a: Celesteela|Leech Seed|p2a: Blissey
|-start|p2a: Blissey|move: Leech Seed
|move|p2a: Blissey|Teleport|p2a: Blissey
|
|t:|1631493257
|switch|p2a: Hippowdon|Hippowdon, F|16/100|[from]move: Teleport
|-weather|Sandstorm|[from] ability: Sand Stream|[of] p2a: Hippowdon
|
|-weather|Sandstorm|[upkeep]
|-heal|p1a: Celesteela|87/100|[from] item: Leftovers
|-heal|p2a: Hippowdon|22/100|[from] item: Leftovers
|upkeep
|turn|13
|
|t:|1631493261
|move|p1a: Celesteela|Superpower|p2a: Hippowdon
|-damage|p2a: Hippowdon|1/100
|-unboost|p1a: Celesteela|atk|1
|-unboost|p1a: Celesteela|def|1
|move|p2a: Hippowdon|Slack Off|p2a: Hippowdon
|-heal|p2a: Hippowdon|51/100
|
|-weather|Sandstorm|[upkeep]
|-heal|p1a: Celesteela|93/100|[from] item: Leftovers
|-heal|p2a: Hippowdon|57/100|[from] item: Leftovers
|upkeep
|turn|14
|
|t:|1631493270
|switch|p1a: Landorus|Landorus-Therian, M|78/100 tox
|-ability|p1a: Landorus|Intimidate|boost
|-unboost|p2a: Hippowdon|atk|1
|move|p2a: Hippowdon|Stealth Rock|p1a: Landorus
|-sidestart|p1: ydm14|move: Stealth Rock
|
|-weather|Sandstorm|[upkeep]
|-heal|p1a: Landorus|84/100 tox|[from] item: Leftovers
|-heal|p2a: Hippowdon|63/100|[from] item: Leftovers
|-damage|p1a: Landorus|78/100 tox|[from] psn
|upkeep
|turn|15
|
|t:|1631493273
|switch|p2a: Zapdos|Zapdos-Galar|100/100
|move|p1a: Landorus|Defog|p2a: Zapdos
|-unboost|p2a: Zapdos|evasion|1
|-ability|p2a: Zapdos|Defiant
|-boost|p2a: Zapdos|atk|2
|-sideend|p1: ydm14|Spikes|[from] move: Defog|[of] p1a: Landorus
|-sideend|p1: ydm14|Stealth Rock|[from] move: Defog|[of] p1a: Landorus
|
|-weather|Sandstorm|[upkeep]
|-damage|p2a: Zapdos|94/100|[from] Sandstorm
|-heal|p1a: Landorus|84/100 tox|[from] item: Leftovers
|-damage|p1a: Landorus|72/100 tox|[from] psn
|upkeep
|turn|16
|
|t:|1631493288
|move|p2a: Zapdos|Brave Bird|p1a: Landorus
|-damage|p1a: Landorus|0 fnt
|faint|p1a: Landorus
|-damage|p2a: Zapdos|66/100|[from] Recoil
|
|-weather|none
|upkeep
|
|t:|1631493298
|switch|p1a: Blacephalon|Blacephalon|88/100
|turn|17
|
|t:|1631493302
|switch|p2a: Blissey|Blissey, F|74/100
|move|p1a: Blacephalon|Psyshock|p2a: Blissey
|-damage|p2a: Blissey|43/100
|
|upkeep
|turn|18
|
|t:|1631493309
|switch|p1a: Melmetal|Melmetal|67/100
|move|p2a: Blissey|Soft-Boiled|p2a: Blissey
|-heal|p2a: Blissey|93/100
|
|upkeep
|turn|19
|
|t:|1631493313
|switch|p2a: Skarmory|Skarmory, F|98/100
|move|p1a: Melmetal|Thunder Punch|p2a: Skarmory
|-supereffective|p2a: Skarmory
|-damage|p2a: Skarmory|27/100
|-damage|p1a: Melmetal|50/100|[from] item: Rocky Helmet|[of] p2a: Skarmory
|
|upkeep
|turn|20
|
|t:|1631493322
|switch|p1a: Kyurem|Kyurem|100/100
|-ability|p1a: Kyurem|Pressure
|move|p2a: Skarmory|Body Press|p1a: Kyurem
|-supereffective|p1a: Kyurem
|-damage|p1a: Kyurem|37/100
|
|upkeep
|turn|21
|
|t:|1631493335
|switch|p1a: Melmetal|Melmetal|50/100
|switch|p2a: Blissey|Blissey, F|93/100
|
|upkeep
|turn|22
|
|t:|1631493344
|switch|p2a: Skarmory|Skarmory, F|27/100
|move|p1a: Melmetal|Superpower|p2a: Skarmory
|-damage|p2a: Skarmory|0 fnt
|-unboost|p1a: Melmetal|atk|1
|-unboost|p1a: Melmetal|def|1
|-damage|p1a: Melmetal|34/100|[from] item: Rocky Helmet|[of] p2a: Skarmory
|faint|p2a: Skarmory
|
|upkeep
|
|t:|1631493354
|switch|p2a: Zapdos|Zapdos-Galar|66/100
|turn|23
|
|t:|1631493360
|switch|p1a: Blacephalon|Blacephalon|88/100
|move|p2a: Zapdos|U-turn|p1a: Blacephalon
|-resisted|p1a: Blacephalon
|-damage|p1a: Blacephalon|75/100
|
|t:|1631493363
|switch|p2a: Blissey|Blissey, F|93/100|[from]move: U-turn
|
|upkeep
|turn|24
|
|t:|1631493368
|move|p1a: Blacephalon|Trick|p2a: Blissey
|-activate|p1a: Blacephalon|move: Trick|[of] p2a: Blissey
|-item|p2a: Blissey|Choice Scarf|[from] move: Trick
|-item|p1a: Blacephalon|Heavy-Duty Boots|[from] move: Trick
|move|p2a: Blissey|Teleport|p2a: Blissey
|
|t:|1631493378
|switch|p2a: Clefable|Clefable, F|100/100|[from]move: Teleport
|
|upkeep
|turn|25
|
|t:|1631493385
|switch|p1a: Melmetal|Melmetal|34/100
|move|p2a: Clefable|Calm Mind|p2a: Clefable
|-boost|p2a: Clefable|spa|1
|-boost|p2a: Clefable|spd|1
|
|upkeep
|turn|26
|
|t:|1631493391
|switch|p2a: Hippowdon|Hippowdon, F|63/100
|-weather|Sandstorm|[from] ability: Sand Stream|[of] p2a: Hippowdon
|move|p1a: Melmetal|Double Iron Bash|p2a: Hippowdon
|-damage|p2a: Hippowdon|18/100
|-damage|p2a: Hippowdon|0 fnt
|faint|p2a: Hippowdon
|-hitcount|p2: Hippowdon|2
|
|-weather|Sandstorm|[upkeep]
|upkeep
|
|t:|1631493393
|switch|p2a: Zapdos|Zapdos-Galar|66/100
|turn|27
|
|t:|1631493401
|switch|p1a: Tapu Fini|Tapu Fini|100/100
|-fieldstart|move: Misty Terrain|[from] ability: Misty Surge|[of] p1a: Tapu Fini
|move|p2a: Zapdos|U-turn|p1a: Tapu Fini
|-resisted|p1a: Tapu Fini
|-damage|p1a: Tapu Fini|90/100
|
|t:|1631493403
|switch|p2a: Blissey|Blissey, F|93/100|[from]move: U-turn
|
|-weather|Sandstorm|[upkeep]
|-damage|p1a: Tapu Fini|84/100|[from] Sandstorm
|-damage|p2a: Blissey|87/100|[from] Sandstorm
|-heal|p1a: Tapu Fini|90/100|[from] item: Leftovers
|upkeep
|turn|28
|
|t:|1631493411
|move|p2a: Blissey|Seismic Toss|p1a: Tapu Fini
|-damage|p1a: Tapu Fini|61/100
|move|p1a: Tapu Fini|Calm Mind|p1a: Tapu Fini
|-boost|p1a: Tapu Fini|spa|1
|-boost|p1a: Tapu Fini|spd|1
|
|-weather|Sandstorm|[upkeep]
|-damage|p1a: Tapu Fini|55/100|[from] Sandstorm
|-damage|p2a: Blissey|81/100|[from] Sandstorm
|-heal|p1a: Tapu Fini|61/100|[from] item: Leftovers
|upkeep
|turn|29
|
|t:|1631493416
|move|p1a: Tapu Fini|Calm Mind|p1a: Tapu Fini
|-boost|p1a: Tapu Fini|spa|1
|-boost|p1a: Tapu Fini|spd|1
|move|p2a: Blissey|Seismic Toss|p1a: Tapu Fini
|-damage|p1a: Tapu Fini|32/100
|
|-weather|Sandstorm|[upkeep]
|-damage|p1a: Tapu Fini|26/100|[from] Sandstorm
|-damage|p2a: Blissey|75/100|[from] Sandstorm
|-heal|p1a: Tapu Fini|32/100|[from] item: Leftovers
|upkeep
|turn|30
|
|t:|1631493418
|move|p1a: Tapu Fini|Draining Kiss|p2a: Blissey
|-damage|p2a: Blissey|59/100
|-heal|p1a: Tapu Fini|56/100|[from] drain|[of] p2a: Blissey
|move|p2a: Blissey|Seismic Toss|p1a: Tapu Fini
|-damage|p1a: Tapu Fini|27/100
|
|-weather|none
|-heal|p1a: Tapu Fini|33/100|[from] item: Leftovers
|upkeep
|turn|31
|
|t:|1631493422
|move|p1a: Tapu Fini|Draining Kiss|p2a: Blissey
|-damage|p2a: Blissey|45/100
|-heal|p1a: Tapu Fini|55/100|[from] drain|[of] p2a: Blissey
|move|p2a: Blissey|Seismic Toss|p1a: Tapu Fini
|-damage|p1a: Tapu Fini|26/100
|
|-heal|p1a: Tapu Fini|32/100|[from] item: Leftovers
|-fieldend|Misty Terrain
|upkeep
|turn|32
|
|t:|1631493430
|switch|p2a: Clefable|Clefable, F|100/100
|move|p1a: Tapu Fini|Taunt|p2a: Clefable
|-start|p2a: Clefable|move: Taunt
|
|-heal|p1a: Tapu Fini|38/100|[from] item: Leftovers
|upkeep
|turn|33
|
|t:|1631493433
|move|p1a: Tapu Fini|Draining Kiss|p2a: Clefable
|-damage|p2a: Clefable|82/100
|-heal|p1a: Tapu Fini|54/100|[from] drain|[of] p2a: Clefable
|move|p2a: Clefable|Moonblast|p1a: Tapu Fini
|-damage|p1a: Tapu Fini|29/100
|
|-heal|p1a: Tapu Fini|35/100|[from] item: Leftovers
|-heal|p2a: Clefable|88/100|[from] item: Leftovers
|upkeep
|turn|34
|
|t:|1631493439
|switch|p1a: Melmetal|Melmetal|34/100
|move|p2a: Clefable|Moonblast|p1a: Melmetal
|-resisted|p1a: Melmetal
|-damage|p1a: Melmetal|17/100
|-unboost|p1a: Melmetal|spa|1
|
|-heal|p2a: Clefable|94/100|[from] item: Leftovers
|-end|p2a: Clefable|move: Taunt
|upkeep
|turn|35
|
|t:|1631493443
|move|p2a: Clefable|Moonblast|p1a: Melmetal
|-resisted|p1a: Melmetal
|-damage|p1a: Melmetal|2/100
|move|p1a: Melmetal|Double Iron Bash|p2a: Clefable
|-supereffective|p2a: Clefable
|-damage|p2a: Clefable|0 fnt
|faint|p2a: Clefable
|-hitcount|p2: Clefable|1
|
|upkeep
|
|t:|1631493446
|switch|p2a: Zapdos|Zapdos-Galar|66/100
|turn|36
|
|t:|1631493451
|move|p2a: Zapdos|U-turn|p1a: Melmetal
|-resisted|p1a: Melmetal
|-damage|p1a: Melmetal|0 fnt
|faint|p1a: Melmetal
|
|t:|1631493453
|switch|p2a: Blissey|Blissey, F|45/100|[from]move: U-turn
|
|upkeep
|
|t:|1631493462
|switch|p1a: Kyurem|Kyurem|37/100
|-ability|p1a: Kyurem|Pressure
|turn|37
|
|t:|1631493464
|move|p1a: Kyurem|Ice Beam|p2a: Blissey
|-damage|p2a: Blissey|18/100
|move|p2a: Blissey|Soft-Boiled|p2a: Blissey
|-heal|p2a: Blissey|68/100
|
|upkeep
|turn|38
|
|t:|1631493474
|switch|p1a: Celesteela|Celesteela|93/100
|move|p2a: Blissey|Soft-Boiled|p2a: Blissey
|-heal|p2a: Blissey|100/100
|
|-heal|p1a: Celesteela|99/100|[from] item: Leftovers
|upkeep
|turn|39
|
|t:|1631493477
|switch|p2a: Zapdos|Zapdos-Galar|66/100
|move|p1a: Celesteela|Leech Seed|p2a: Zapdos
|-start|p2a: Zapdos|move: Leech Seed
|
|-heal|p1a: Celesteela|100/100|[from] item: Leftovers
|-damage|p2a: Zapdos|54/100|[from] Leech Seed|[of] p1a: Celesteela
|upkeep
|turn|40
|
|t:|1631493480
|move|p1a: Celesteela|Protect|p1a: Celesteela
|-singleturn|p1a: Celesteela|Protect
|move|p2a: Zapdos|Taunt|p1a: Celesteela
|-activate|p1a: Celesteela|move: Protect
|
|-damage|p2a: Zapdos|41/100|[from] Leech Seed|[of] p1a: Celesteela
|upkeep
|turn|41
|
|t:|1631493483
|move|p2a: Zapdos|Close Combat|p1a: Celesteela
|-damage|p1a: Celesteela|51/100
|-unboost|p2a: Zapdos|def|1
|-unboost|p2a: Zapdos|spd|1
|move|p1a: Celesteela|Iron Defense|p1a: Celesteela
|-boost|p1a: Celesteela|def|2
|
|-heal|p1a: Celesteela|57/100|[from] item: Leftovers
|-damage|p2a: Zapdos|29/100|[from] Leech Seed|[of] p1a: Celesteela
|-heal|p1a: Celesteela|67/100|[silent]
|upkeep
|turn|42
|
|t:|1631493490
|move|p1a: Celesteela|Protect|p1a: Celesteela
|-singleturn|p1a: Celesteela|Protect
|move|p2a: Zapdos|Close Combat|p1a: Celesteela
|-activate|p1a: Celesteela|move: Protect
|
|-heal|p1a: Celesteela|73/100|[from] item: Leftovers
|-damage|p2a: Zapdos|16/100|[from] Leech Seed|[of] p1a: Celesteela
|-heal|p1a: Celesteela|83/100|[silent]
|upkeep
|turn|43
|-message|cump2 forfeited.
|
|win|ydm14
|l|☆cump2
|raw|ydm14's rating: 1255 &rarr; <strong>1285</strong><br />(+30 for winning)
|raw|cump2's rating: 1322 &rarr; <strong>1298</strong><br />(-24 for losing)
