|html|<div class="broadcast-blue"><strong>[Gen 8] OU is currently suspecting Melmetal! For information on how to participate check out the <a href="https://www.smogon.com/forums/threads/np-ss-ou-suspect-process-round-12-monster-mash.3709234/">suspect thread</a>.</strong></div>
|j|☆Kaori Kilimano
|j|☆jushu114514
|t:|1666097895
|gametype|singles
|player|p1|Kaori Kilimano|palmer|1813
|player|p2|jushu114514|169|1841
|teamsize|p1|6
|teamsize|p2|6
|gen|8
|tier|[Gen 8] OU
|rated|
|rule|Sleep Clause Mod: Limit one foe put to sleep
|rule|Species Clause: Limit one of each Pokémon
|rule|OHKO Clause: OHKO moves are banned
|rule|Evasion Items Clause: Evasion items are banned
|rule|Evasion Moves Clause: Evasion moves are banned
|rule|Endless Battle Clause: Forcing endless battles is banned
|rule|HP Percentage Mod: HP is shown in percentages
|rule|Dynamax Clause: You cannot dynamax
|clearpoke
|poke|p1|Buzzwole|
|poke|p1|Weavile, F|
|poke|p1|Corviknight, M|
|poke|p1|Slowbro, M|
|poke|p1|Blissey, F|
|poke|p1|Nidoking, M|
|poke|p2|Dragapult, M|
|poke|p2|Weavile, M|
|poke|p2|Landorus-Therian, M|
|poke|p2|Melmetal|
|poke|p2|Crawdaunt, M|
|poke|p2|Kartana|
|teampreview
|inactive|Battle timer is ON: inactive players will automatically lose when time's up. (requested by jushu114514)
|
|t:|1666097908
|start
|switch|p1a: Blissey|Blissey, F|100/100
|switch|p2a: Leviathan|Dragapult, M, shiny|100/100
|turn|1
|j| Spooky The Mimi
|
|t:|1666097924
|move|p2a: Leviathan|U-turn|p1a: Blissey
|-damage|p1a: Blissey|86/100
|
|t:|1666097926
|switch|p2a: Fate|Melmetal, shiny|100/100|[from]move: U-turn
|move|p1a: Blissey|Toxic|p2a: Fate
|-immune|p2a: Fate
|
|upkeep
|turn|2
|
|t:|1666097930
|switch|p1a: Slowbro|Slowbro, M|100/100
|move|p2a: Fate|Thunder Punch|p1a: Slowbro
|-supereffective|p1a: Slowbro
|-damage|p1a: Slowbro|35/100
|-damage|p2a: Fate|84/100|[from] item: Rocky Helmet|[of] p1a: Slowbro
|
|upkeep
|turn|3
|l| Spooky The Mimi
|
|t:|1666097960
|switch|p2a: Bandit|Weavile, M, shiny|100/100
|-ability|p2a: Bandit|Pressure
|switch|p1a: Buzzwole|Buzzwole|100/100
|
|upkeep
|turn|4
|
|t:|1666097966
|move|p2a: Bandit|Triple Axel|p1a: Buzzwole
|-damage|p1a: Buzzwole|91/100
|-hitcount|p1a: Buzzwole|1
|move|p1a: Buzzwole|Close Combat|p2a: Bandit
|-supereffective|p2a: Bandit
|-damage|p2a: Bandit|0 fnt
|-unboost|p1a: Buzzwole|def|1
|-unboost|p1a: Buzzwole|spd|1
|faint|p2a: Bandit
|-ability|p1a: Buzzwole|Beast Boost|boost
|-boost|p1a: Buzzwole|atk|1
|
|upkeep
|
|t:|1666097970
|switch|p2a: Leviathan|Dragapult, M, shiny|100/100
|turn|5
|
|t:|1666097975
|switch|p1a: Corviknight|Corviknight, M|100/100
|-ability|p1a: Corviknight|Pressure
|move|p2a: Leviathan|U-turn|p1a: Corviknight
|-resisted|p1a: Corviknight
|-damage|p1a: Corviknight|97/100
|inactive|jushu114514 has 120 seconds left.
|
|t:|1666098008
|switch|p2a: Fate|Melmetal, shiny|84/100|[from]move: U-turn
|
|-heal|p1a: Corviknight|100/100|[from] item: Leftovers
|upkeep
|turn|6
|
|t:|1666098017
|switch|p1a: Slowbro|Slowbro, M|68/100
|move|p2a: Fate|Double Iron Bash|p1a: Slowbro
|-resisted|p1a: Slowbro
|-damage|p1a: Slowbro|50/100
|-damage|p2a: Fate|67/100|[from] item: Rocky Helmet|[of] p1a: Slowbro
|-resisted|p1a: Slowbro
|-damage|p1a: Slowbro|30/100
|-damage|p2a: Fate|51/100|[from] item: Rocky Helmet|[of] p1a: Slowbro
|-hitcount|p1a: Slowbro|2
|
|upkeep
|turn|7
|inactive|jushu114514 has 120 seconds left.
|j| lesamangud
|j| The art of
|inactive|jushu114514 has 90 seconds left.
|
|t:|1666098085
|switch|p1a: Corviknight|Corviknight, M|100/100
|-ability|p1a: Corviknight|Pressure
|move|p2a: Fate|Double Iron Bash|p1a: Corviknight
|-resisted|p1a: Corviknight
|-damage|p1a: Corviknight|72/100
|-resisted|p1a: Corviknight
|-damage|p1a: Corviknight|46/100
|-hitcount|p1a: Corviknight|2
|
|-heal|p1a: Corviknight|52/100|[from] item: Leftovers
|upkeep
|turn|8
|j| Youressi
|
|t:|1666098091
|switch|p2a: Enten|Landorus-Therian, M, shiny|100/100
|-ability|p2a: Enten|Intimidate|boost
|-unboost|p1a: Corviknight|atk|1
|move|p1a: Corviknight|Roost|p1a: Corviknight
|-heal|p1a: Corviknight|100/100
|-singleturn|p1a: Corviknight|move: Roost
|
|upkeep
|turn|9
|inactive|jushu114514 has 90 seconds left.
|
|t:|1666098105
|move|p1a: Corviknight|Brave Bird|p2a: Enten
|-damage|p2a: Enten|79/100
|-damage|p1a: Corviknight|94/100|[from] Recoil
|move|p2a: Enten|Stealth Rock|p1a: Corviknight
|-sidestart|p1: Kaori Kilimano|move: Stealth Rock
|
|-heal|p1a: Corviknight|99/100|[from] item: Leftovers
|-heal|p2a: Enten|85/100|[from] item: Leftovers
|upkeep
|turn|10
|
|t:|1666098109
|move|p1a: Corviknight|Defog|p2a: Enten
|-unboost|p2a: Enten|evasion|1
|-sideend|p1: Kaori Kilimano|Stealth Rock|[from] move: Defog|[of] p1a: Corviknight
|move|p2a: Enten|Stealth Rock|p1a: Corviknight
|-sidestart|p1: Kaori Kilimano|move: Stealth Rock
|
|-heal|p1a: Corviknight|100/100|[from] item: Leftovers
|-heal|p2a: Enten|91/100|[from] item: Leftovers
|upkeep
|turn|11
|
|t:|1666098111
|move|p1a: Corviknight|Defog|p2a: Enten
|-unboost|p2a: Enten|evasion|1
|-sideend|p1: Kaori Kilimano|Stealth Rock|[from] move: Defog|[of] p1a: Corviknight
|move|p2a: Enten|Stealth Rock|p1a: Corviknight
|-sidestart|p1: Kaori Kilimano|move: Stealth Rock
|
|-heal|p2a: Enten|97/100|[from] item: Leftovers
|upkeep
|turn|12
|
|t:|1666098112
|move|p1a: Corviknight|Defog|p2a: Enten
|-unboost|p2a: Enten|evasion|1
|-sideend|p1: Kaori Kilimano|Stealth Rock|[from] move: Defog|[of] p1a: Corviknight
|move|p2a: Enten|Stealth Rock|p1a: Corviknight
|-sidestart|p1: Kaori Kilimano|move: Stealth Rock
|
|-heal|p2a: Enten|100/100|[from] item: Leftovers
|upkeep
|turn|13
|
|t:|1666098114
|move|p1a: Corviknight|Defog|p2a: Enten
|-unboost|p2a: Enten|evasion|1
|-sideend|p1: Kaori Kilimano|Stealth Rock|[from] move: Defog|[of] p1a: Corviknight
|move|p2a: Enten|U-turn|p1a: Corviknight
|-resisted|p1a: Corviknight
|-damage|p1a: Corviknight|96/100
|
|t:|1666098116
|switch|p2a: Leviathan|Dragapult, M, shiny|100/100|[from]move: U-turn
|
|-heal|p1a: Corviknight|100/100|[from] item: Leftovers
|upkeep
|turn|14
|-message|jushu114514 forfeited.
|
|win|Kaori Kilimano
|raw|Kaori Kilimano's rating: 1813 &rarr; <strong>1834</strong><br />(+21 for winning)
|raw|jushu114514's rating: 1834 &rarr; <strong>1813</strong><br />(-21 for losing)
|l|☆Kaori Kilimano
