|j|☆isheavydead
|j|☆AltariYess
|inactive|Battle timer is ON: inactive players will automatically lose when time's up.
|t:|1615145991
|player|p1|isheavydead|ethan|
|player|p2|AltariYess|roughneck-gen4|
|teamsize|p1|6
|teamsize|p2|6
|gametype|singles
|gen|8
|tier|[Gen 8] OU
|rated|Tournament battle
|clearpoke
|poke|p1|Corviknight, M|
|poke|p1|Espeon, M|
|poke|p1|Tapu Lele|
|poke|p1|Polteageist|
|poke|p1|Cloyster, F|
|poke|p1|Omastar, M|
|poke|p2|Toxapex, M|
|poke|p2|Blissey, F|
|poke|p2|Clefable, M|
|poke|p2|Mandibuzz, F|
|poke|p2|Hippowdon, M|
|poke|p2|Ferrothorn, F|
|rule|Sleep Clause Mod: Limit one foe put to sleep
|rule|Species Clause: Limit one of each Pokémon
|rule|OHKO Clause: OHKO moves are banned
|rule|Evasion Moves Clause: Evasion moves are banned
|rule|Endless Battle Clause: Forcing endless battles is banned
|rule|HP Percentage Mod: HP is shown in percentages
|rule|Dynamax Clause: You cannot dynamax
|teampreview
|inactive|AltariYess also wants the timer to be on.
|
|t:|1615145999
|start
|switch|p1a: Tapu Lele|Tapu Lele, shiny|100/100
|switch|p2a: Ferrothorn|Ferrothorn, F|100/100
|-fieldstart|move: Psychic Terrain|[from] ability: Psychic Surge|[of] p1a: Tapu Lele
|turn|1
|
|t:|1615146004
|switch|p1a: Espeon|Espeon, M|100/100
|move|p2a: Ferrothorn|Gyro Ball|p1a: Espeon
|-damage|p1a: Espeon|0 fnt
|faint|p1a: Espeon
|
|upkeep
|
|t:|1615146013
|switch|p1a: Omastar|Omastar, M|100/100
|turn|2
|
|t:|1615146021
|switch|p1a: Tapu Lele|Tapu Lele, shiny|100/100
|move|p2a: Ferrothorn|Gyro Ball|p1a: Tapu Lele
|-supereffective|p1a: Tapu Lele
|-damage|p1a: Tapu Lele|0 fnt
|faint|p1a: Tapu Lele
|
|upkeep
|c|☆isheavydead|oml
|
|t:|1615146027
|switch|p1a: Cloyster|Cloyster, F|100/100
|turn|3
|
|t:|1615146029
|move|p1a: Cloyster|Shell Smash|p1a: Cloyster
|-unboost|p1a: Cloyster|def|1
|-unboost|p1a: Cloyster|spd|1
|-boost|p1a: Cloyster|atk|2
|-boost|p1a: Cloyster|spa|2
|-boost|p1a: Cloyster|spe|2
|move|p2a: Ferrothorn|Gyro Ball|p1a: Cloyster
|-enditem|p1a: Cloyster|Focus Sash
|-damage|p1a: Cloyster|1/100
|
|upkeep
|turn|4
|
|t:|1615146032
|move|p1a: Cloyster|Icicle Spear|p2a: Ferrothorn
|-damage|p2a: Ferrothorn|85/100
|-damage|p2a: Ferrothorn|70/100
|-damage|p2a: Ferrothorn|54/100
|-damage|p2a: Ferrothorn|37/100
|-damage|p2a: Ferrothorn|22/100
|-hitcount|p2a: Ferrothorn|5
|move|p2a: Ferrothorn|Gyro Ball|p1a: Cloyster
|-damage|p1a: Cloyster|0 fnt
|faint|p1a: Cloyster
|
|upkeep
|
|t:|1615146036
|switch|p1a: Omastar|Omastar, M|100/100
|turn|5
|
|t:|1615146039
|move|p1a: Omastar|Earth Power|p2a: Ferrothorn
|-crit|p2a: Ferrothorn
|-damage|p2a: Ferrothorn|0 fnt
|faint|p2a: Ferrothorn
|
|upkeep
|
|t:|1615146047
|switch|p2a: Blissey|Blissey, F|100/100
|turn|6
|
|t:|1615146051
|switch|p1a: Corviknight|Corviknight, M|100/100
|-ability|p1a: Corviknight|Pressure
|move|p2a: Blissey|Calm Mind|p2a: Blissey
|-boost|p2a: Blissey|spa|1
|-boost|p2a: Blissey|spd|1
|
|upkeep
|turn|7
|
|t:|1615146054
|move|p1a: Corviknight|Bulk Up|p1a: Corviknight
|-boost|p1a: Corviknight|atk|1
|-boost|p1a: Corviknight|def|1
|move|p2a: Blissey|Flamethrower|p1a: Corviknight
|-supereffective|p1a: Corviknight
|-crit|p1a: Corviknight
|-damage|p1a: Corviknight|48/100
|
|-heal|p1a: Corviknight|54/100|[from] item: Leftovers
|upkeep
|turn|8
|
|t:|1615146057
|move|p1a: Corviknight|Brave Bird|p2a: Blissey
|-damage|p2a: Blissey|53/100
|-damage|p1a: Corviknight|26/100|[from] Recoil
|-enditem|p2a: Blissey|Kee Berry|[eat]
|-boost|p2a: Blissey|def|1|[from] item: Kee Berry
|move|p2a: Blissey|Flamethrower|p1a: Corviknight
|-supereffective|p1a: Corviknight
|-damage|p1a: Corviknight|0 fnt
|faint|p1a: Corviknight
|
|-fieldend|move: Psychic Terrain
|upkeep
|
|t:|1615146060
|switch|p1a: Polteageist|Polteageist|100/100
|turn|9
|
|t:|1615146063
|move|p1a: Polteageist|Shell Smash|p1a: Polteageist
|-unboost|p1a: Polteageist|def|1
|-unboost|p1a: Polteageist|spd|1
|-boost|p1a: Polteageist|atk|2
|-boost|p1a: Polteageist|spa|2
|-boost|p1a: Polteageist|spe|2
|move|p2a: Blissey|Shadow Ball|p1a: Polteageist
|-supereffective|p1a: Polteageist
|-damage|p1a: Polteageist|30/100
|-unboost|p1a: Polteageist|spd|1
|
|upkeep
|turn|10
|
|t:|1615146065
|move|p1a: Polteageist|Stored Power|p2a: Blissey
|-damage|p2a: Blissey|27/100
|move|p2a: Blissey|Shadow Ball|p1a: Polteageist
|-supereffective|p1a: Polteageist
|-damage|p1a: Polteageist|0 fnt
|faint|p1a: Polteageist
|
|upkeep
|
|t:|1615146067
|switch|p1a: Omastar|Omastar, M|100/100
|turn|11
|
|t:|1615146071
|move|p1a: Omastar|Shell Smash|p1a: Omastar
|-unboost|p1a: Omastar|def|1
|-unboost|p1a: Omastar|spd|1
|-boost|p1a: Omastar|atk|2
|-boost|p1a: Omastar|spa|2
|-boost|p1a: Omastar|spe|2
|move|p2a: Blissey|Shadow Ball|p1a: Omastar
|-damage|p1a: Omastar|51/100
|
|upkeep
|turn|12
|
|t:|1615146073
|move|p1a: Omastar|Hydro Pump|p2a: Blissey
|-damage|p2a: Blissey|0 fnt
|faint|p2a: Blissey
|
|upkeep
|
|t:|1615146080
|switch|p2a: Mandibuzz|Mandibuzz, F|100/100
|turn|13
|
|t:|1615146084
|move|p1a: Omastar|Ancient Power|p2a: Mandibuzz
|-supereffective|p2a: Mandibuzz
|-damage|p2a: Mandibuzz|0 fnt
|faint|p2a: Mandibuzz
|
|upkeep
|
|t:|1615146089
|switch|p2a: Toxapex|Toxapex, M|100/100
|turn|14
|
|t:|1615146092
|move|p1a: Omastar|Earth Power|p2a: Toxapex
|-supereffective|p2a: Toxapex
|-damage|p2a: Toxapex|10/100
|move|p2a: Toxapex|Sludge Wave|p1a: Omastar
|-resisted|p1a: Omastar
|-damage|p1a: Omastar|0 fnt
|faint|p1a: Omastar
|
|win|AltariYess
|n|☆isheavydead|isheavydead
|n|☆AltariYess|altariyess
|l|☆isheavydead
|c|☆AltariYess|gg
|l|☆AltariYess
|j| trollorddddd
