|j|☆GorLeon
|j|☆Forwards
|t:|1659093560
|gametype|singles
|player|p1|GorLeon|dragontamer|1467
|player|p2|Forwards|lance-masters|1434
|teamsize|p1|6
|teamsize|p2|6
|gen|8
|tier|[Gen 8] OU
|rated|
|rule|Sleep Clause Mod: Limit one foe put to sleep
|rule|Species Clause: Limit one of each Pokémon
|rule|OHKO Clause: OHKO moves are banned
|rule|Evasion Moves Clause: Evasion moves are banned
|rule|Endless Battle Clause: Forcing endless battles is banned
|rule|HP Percentage Mod: HP is shown in percentages
|rule|Dynamax Clause: You cannot dynamax
|clearpoke
|poke|p1|Tapu Koko|
|poke|p1|Urshifu-*, M|
|poke|p1|Slowking-Galar, F|
|poke|p1|Corviknight, M|
|poke|p1|Landorus-Therian, M|
|poke|p1|Weavile, F|
|poke|p2|Slowbro, F|
|poke|p2|Tornadus-Therian, M|
|poke|p2|Heatran, M|
|poke|p2|Tapu Lele|
|poke|p2|Landorus-Therian, M|
|poke|p2|Buzzwole|
|teampreview
|inactive|Battle timer is ON: inactive players will automatically lose when time's up. (requested by GorLeon)
|c|☆GorLeon|gl hf
|
|t:|1659093574
|start
|switch|p1a: Landorus|Landorus-Therian, M|100/100
|switch|p2a: Tapu Lele|Tapu Lele|100/100
|-fieldstart|move: Psychic Terrain|[from] ability: Psychic Surge|[of] p2a: Tapu Lele
|-ability|p1a: Landorus|Intimidate|boost
|-unboost|p2a: Tapu Lele|atk|1
|turn|1
|
|t:|1659093583
|move|p2a: Tapu Lele|Psychic|p1a: Landorus
|-damage|p1a: Landorus|22/100
|move|p1a: Landorus|U-turn|p2a: Tapu Lele
|-damage|p2a: Tapu Lele|66/100
|
|t:|1659093592
|switch|p1a: Weavile|Weavile, F|100/100|[from]move: U-turn
|-ability|p1a: Weavile|Pressure
|
|upkeep
|turn|2
|
|t:|1659093596
|switch|p2a: Buzzwole|Buzzwole|100/100
|move|p1a: Weavile|Knock Off|p2a: Buzzwole
|-resisted|p2a: Buzzwole
|-damage|p2a: Buzzwole|83/100
|-enditem|p2a: Buzzwole|Choice Scarf|[from] move: Knock Off|[of] p1a: Weavile
|
|upkeep
|turn|3
|
|t:|1659093606
|switch|p1a: Corviknight|Corviknight, M|100/100
|-ability|p1a: Corviknight|Pressure
|move|p2a: Buzzwole|Drain Punch|p1a: Corviknight
|-damage|p1a: Corviknight|74/100
|-heal|p2a: Buzzwole|98/100|[from] drain|[of] p1a: Corviknight
|-damage|p2a: Buzzwole|82/100|[from] item: Rocky Helmet|[of] p1a: Corviknight
|
|upkeep
|turn|4
|
|t:|1659093619
|switch|p2a: Landorus|Landorus-Therian, M|100/100
|-ability|p2a: Landorus|Intimidate|boost
|-unboost|p1a: Corviknight|atk|1
|move|p1a: Corviknight|Roost|p1a: Corviknight
|-heal|p1a: Corviknight|100/100
|-singleturn|p1a: Corviknight|move: Roost
|
|upkeep
|turn|5
|
|t:|1659093626
|move|p2a: Landorus|Stealth Rock|p1a: Corviknight
|-sidestart|p1: GorLeon|move: Stealth Rock
|move|p1a: Corviknight|U-turn|p2a: Landorus
|-resisted|p2a: Landorus
|-damage|p2a: Landorus|97/100
|
|t:|1659093629
|switch|p1a: Weavile|Weavile, F|100/100|[from]move: U-turn
|-ability|p1a: Weavile|Pressure
|
|-heal|p2a: Landorus|100/100|[from] item: Leftovers
|-fieldend|move: Psychic Terrain
|upkeep
|turn|6
|
|t:|1659093635
|switch|p2a: Buzzwole|Buzzwole|82/100
|move|p1a: Weavile|Triple Axel|p2a: Buzzwole
|-damage|p2a: Buzzwole|74/100
|-hitcount|p2a: Buzzwole|1
|
|upkeep
|turn|7
|
|t:|1659093641
|switch|p1a: Corviknight|Corviknight, M|100/100
|-damage|p1a: Corviknight|88/100|[from] Stealth Rock
|-ability|p1a: Corviknight|Pressure
|switch|p2a: Heatran|Heatran, M|100/100
|
|upkeep
|turn|8
|
|t:|1659093648
|move|p2a: Heatran|Magma Storm|p1a: Corviknight
|-supereffective|p1a: Corviknight
|-damage|p1a: Corviknight|2/100
|-activate|p1a: Corviknight|move: Magma Storm|[of] p2a: Heatran
|move|p1a: Corviknight|Body Press|p2a: Heatran
|-supereffective|p2a: Heatran
|-damage|p2a: Heatran|60/100
|
|-heal|p2a: Heatran|66/100|[from] item: Leftovers
|-damage|p1a: Corviknight|0 fnt|[from] move: Magma Storm|[partiallytrapped]
|faint|p1a: Corviknight
|upkeep
|
|t:|1659093651
|switch|p1a: Landorus|Landorus-Therian, M|22/100
|-damage|p1a: Landorus|10/100|[from] Stealth Rock
|-ability|p1a: Landorus|Intimidate|boost
|-unboost|p2a: Heatran|atk|1
|turn|9
|
|t:|1659093654
|switch|p2a: Landorus|Landorus-Therian, M|100/100
|-ability|p2a: Landorus|Intimidate|boost
|-unboost|p1a: Landorus|atk|1
|move|p1a: Landorus|Stealth Rock|p2a: Landorus
|-sidestart|p2: Forwards|move: Stealth Rock
|
|-heal|p1a: Landorus|16/100|[from] item: Leftovers
|upkeep
|turn|10
|
|t:|1659093659
|move|p2a: Landorus|Toxic|p1a: Landorus
|-status|p1a: Landorus|tox
|move|p1a: Landorus|Toxic|p2a: Landorus
|-status|p2a: Landorus|tox
|
|-heal|p1a: Landorus|22/100 tox|[from] item: Leftovers
|-damage|p2a: Landorus|94/100 tox|[from] psn
|-damage|p1a: Landorus|16/100 tox|[from] psn
|upkeep
|turn|11
|
|t:|1659093663
|move|p2a: Landorus|U-turn|p1a: Landorus
|-resisted|p1a: Landorus
|-damage|p1a: Landorus|5/100 tox
|
|t:|1659093666
|switch|p2a: Tornadus|Tornadus-Therian, M|100/100|[from]move: U-turn
|move|p1a: Landorus|U-turn|p2a: Tornadus
|-resisted|p2a: Tornadus
|-damage|p2a: Tornadus|91/100
|
|t:|1659093671
|switch|p1a: Weavile|Weavile, F|100/100|[from]move: U-turn
|-ability|p1a: Weavile|Pressure
|
|upkeep
|turn|12
|
|t:|1659093677
|switch|p2a: Buzzwole|Buzzwole|74/100
|-damage|p2a: Buzzwole|61/100|[from] Stealth Rock
|move|p1a: Weavile|Triple Axel|p2a: Buzzwole
|-damage|p2a: Buzzwole|53/100
|-damage|p2a: Buzzwole|39/100
|-damage|p2a: Buzzwole|17/100
|-hitcount|p2a: Buzzwole|3
|
|upkeep
|turn|13
|
|t:|1659093685
|move|p1a: Weavile|Triple Axel|p2a: Buzzwole
|-damage|p2a: Buzzwole|9/100
|-damage|p2a: Buzzwole|0 fnt
|faint|p2a: Buzzwole
|-hitcount|p2: Buzzwole|2
|
|upkeep
|
|t:|1659093691
|switch|p2a: Slowbro|Slowbro, F|100/100
|-damage|p2a: Slowbro|88/100|[from] Stealth Rock
|turn|14
|
|t:|1659093695
|move|p1a: Weavile|Knock Off|p2a: Slowbro
|-supereffective|p2a: Slowbro
|-damage|p2a: Slowbro|12/100
|-enditem|p2a: Slowbro|Assault Vest|[from] move: Knock Off|[of] p1a: Weavile
|move|p2a: Slowbro|Future Sight|p1a: Weavile
|-start|p2a: Slowbro|move: Future Sight
|
|upkeep
|turn|15
|
|t:|1659093704
|switch|p2a: Landorus|Landorus-Therian, M|94/100 tox
|-damage|p2a: Landorus|82/100 tox|[from] Stealth Rock
|-ability|p2a: Landorus|Intimidate|boost
|-unboost|p1a: Weavile|atk|1
|move|p1a: Weavile|Knock Off|p2a: Landorus
|-damage|p2a: Landorus|60/100 tox
|-enditem|p2a: Landorus|Leftovers|[from] move: Knock Off|[of] p1a: Weavile
|
|-damage|p2a: Landorus|54/100 tox|[from] psn
|upkeep
|turn|16
|
|t:|1659093710
|switch|p2a: Heatran|Heatran, M|66/100
|-damage|p2a: Heatran|53/100|[from] Stealth Rock
|move|p1a: Weavile|Ice Shard|p2a: Heatran
|-resisted|p2a: Heatran
|-damage|p2a: Heatran|51/100
|
|-end|p1a: Weavile|move: Future Sight
|-immune|p1a: Weavile
|-heal|p2a: Heatran|57/100|[from] item: Leftovers
|upkeep
|turn|17
|
|t:|1659093716
|switch|p1a: Landorus|Landorus-Therian, M|5/100 tox
|-damage|p1a: Landorus|0 fnt|[from] Stealth Rock
|faint|p1a: Landorus
|move|p2a: Heatran|Magma Storm|p1: Landorus|[notarget]
|-fail|p2a: Heatran
|
|-heal|p2a: Heatran|63/100|[from] item: Leftovers
|upkeep
|
|t:|1659093720
|switch|p1a: Urshifu|Urshifu-Rapid-Strike, M|100/100
|-damage|p1a: Urshifu|94/100|[from] Stealth Rock
|turn|18
|
|t:|1659093724
|switch|p2a: Slowbro|Slowbro, F|45/100
|-damage|p2a: Slowbro|33/100|[from] Stealth Rock
|move|p1a: Urshifu|Surging Strikes|p2a: Slowbro
|-resisted|p2a: Slowbro
|-crit|p2a: Slowbro
|-damage|p2a: Slowbro|21/100
|-resisted|p2a: Slowbro
|-crit|p2a: Slowbro
|-damage|p2a: Slowbro|9/100
|-resisted|p2a: Slowbro
|-crit|p2a: Slowbro
|-damage|p2a: Slowbro|0 fnt
|faint|p2a: Slowbro
|-hitcount|p2: Slowbro|3
|
|upkeep
|
|t:|1659093728
|switch|p2a: Tornadus|Tornadus-Therian, M|100/100
|turn|19
|
|t:|1659093732
|switch|p1a: Slowking|Slowking-Galar, F|100/100
|-damage|p1a: Slowking|88/100|[from] Stealth Rock
|move|p2a: Tornadus|U-turn|p1a: Slowking
|-damage|p1a: Slowking|75/100
|
|t:|1659093734
|switch|p2a: Tapu Lele|Tapu Lele|66/100|[from]move: U-turn
|-damage|p2a: Tapu Lele|54/100|[from] Stealth Rock
|-fieldstart|move: Psychic Terrain|[from] ability: Psychic Surge|[of] p2a: Tapu Lele
|
|upkeep
|turn|20
|
|t:|1659093739
|move|p2a: Tapu Lele|Moonblast|p1a: Slowking
|-resisted|p1a: Slowking
|-damage|p1a: Slowking|58/100
|move|p1a: Slowking|Sludge Bomb|p2a: Tapu Lele
|-supereffective|p2a: Tapu Lele
|-damage|p2a: Tapu Lele|0 fnt
|faint|p2a: Tapu Lele
|
|upkeep
|-message|Forwards forfeited.
|
|win|GorLeon
|raw|GorLeon's rating: 1467 &rarr; <strong>1485</strong><br />(+18 for winning)
|raw|Forwards's rating: 1434 &rarr; <strong>1416</strong><br />(-18 for losing)
|l|☆Forwards
