|j|☆Zhouyuhai2018
|j|☆samohi0
|t:|1662344941
|gametype|singles
|player|p1|Zhouyuhai2018|101|1572
|player|p2|samohi0|102|1555
|teamsize|p1|6
|teamsize|p2|6
|gen|8
|tier|[Gen 8] OU
|rated|
|rule|Sleep Clause Mod: Limit one foe put to sleep
|rule|Species Clause: Limit one of each Pokémon
|rule|OHKO Clause: OHKO moves are banned
|rule|Evasion Items Clause: Evasion items are banned
|rule|Evasion Moves Clause: Evasion moves are banned
|rule|Endless Battle Clause: Forcing endless battles is banned
|rule|HP Percentage Mod: HP is shown in percentages
|rule|Dynamax Clause: You cannot dynamax
|clearpoke
|poke|p1|Alakazam, M|
|poke|p1|Tapu Lele|
|poke|p1|Mandibuzz, F|
|poke|p1|Dragapult, F|
|poke|p1|Garchomp, F|
|poke|p1|Melmetal|
|poke|p2|Hippowdon, M|
|poke|p2|Tyranitar, M|
|poke|p2|Excadrill, M|
|poke|p2|Dracozolt|
|poke|p2|Buzzwole|
|poke|p2|Zapdos|
|teampreview
|
|t:|1662344967
|start
|switch|p1a: Garchomp|Garchomp, F|100/100
|switch|p2a: black thought|Tyranitar, M|100/100
|-weather|Sandstorm|[from] ability: Sand Stream|[of] p2a: black thought
|turn|1
|
|t:|1662344975
|move|p1a: Garchomp|Stealth Rock|p2a: black thought
|-sidestart|p2: samohi0|move: Stealth Rock
|move|p2a: black thought|Ice Beam|p1a: Garchomp
|-supereffective|p1a: Garchomp
|-damage|p1a: Garchomp|17/100
|
|-weather|Sandstorm|[upkeep]
|upkeep
|turn|2
|
|t:|1662344993
|switch|p1a: Melmetal|Melmetal|100/100
|move|p2a: black thought|Ice Beam|p1a: Melmetal
|-resisted|p1a: Melmetal
|-damage|p1a: Melmetal|94/100
|
|-weather|Sandstorm|[upkeep]
|upkeep
|turn|3
|
|t:|1662345003
|switch|p2a: 50 cent|Buzzwole|100/100
|-damage|p2a: 50 cent|88/100|[from] Stealth Rock
|move|p1a: Melmetal|Double Iron Bash|p2a: 50 cent
|-damage|p2a: 50 cent|65/100
|-damage|p1a: Melmetal|77/100|[from] item: Rocky Helmet|[of] p2a: 50 cent
|-damage|p2a: 50 cent|42/100
|-damage|p1a: Melmetal|61/100|[from] item: Rocky Helmet|[of] p2a: 50 cent
|-hitcount|p2a: 50 cent|2
|
|-weather|Sandstorm|[upkeep]
|-damage|p2a: 50 cent|35/100|[from] Sandstorm
|upkeep
|turn|4
|
|t:|1662345018
|switch|p1a: Tapu Lele|Tapu Lele|100/100
|-fieldstart|move: Psychic Terrain|[from] ability: Psychic Surge|[of] p1a: Tapu Lele
|move|p2a: 50 cent|Roost|p2a: 50 cent
|-heal|p2a: 50 cent|86/100
|-singleturn|p2a: 50 cent|move: Roost
|
|-weather|Sandstorm|[upkeep]
|-damage|p1a: Tapu Lele|94/100|[from] Sandstorm
|-damage|p2a: 50 cent|79/100|[from] Sandstorm
|upkeep
|turn|5
|
|t:|1662345040
|switch|p2a: black thought|Tyranitar, M|100/100
|-damage|p2a: black thought|88/100|[from] Stealth Rock
|move|p1a: Tapu Lele|Moonblast|p2a: black thought
|-supereffective|p2a: black thought
|-damage|p2a: black thought|52/100
|
|-weather|none
|upkeep
|turn|6
|inactive|Battle timer is ON: inactive players will automatically lose when time's up. (requested by samohi0)
|
|t:|1662345076
|switch|p2a: big pun|Hippowdon, M|100/100
|-damage|p2a: big pun|94/100|[from] Stealth Rock
|-weather|Sandstorm|[from] ability: Sand Stream|[of] p2a: big pun
|move|p1a: Tapu Lele|Focus Blast|p2a: big pun|[miss]
|-miss|p1a: Tapu Lele|p2a: big pun
|
|-weather|Sandstorm|[upkeep]
|-damage|p1a: Tapu Lele|88/100|[from] Sandstorm
|upkeep
|turn|7
|
|t:|1662345093
|switch|p1a: Garchomp|Garchomp, F|17/100
|switch|p2a: mos def|Excadrill, M|100/100
|-damage|p2a: mos def|97/100|[from] Stealth Rock
|
|-weather|Sandstorm|[upkeep]
|upkeep
|turn|8
|
|t:|1662345102
|move|p2a: mos def|Earthquake|p1a: Garchomp
|-damage|p1a: Garchomp|0 fnt
|faint|p1a: Garchomp
|-damage|p2a: mos def|87/100|[from] item: Life Orb
|
|-weather|Sandstorm|[upkeep]
|upkeep
|
|t:|1662345111
|switch|p1a: Mandibuzz|Mandibuzz, F|100/100
|turn|9
|
|t:|1662345140
|switch|p2a: nate dogg|Zapdos|100/100
|move|p1a: Mandibuzz|Foul Play|p2a: nate dogg
|-damage|p2a: nate dogg|76/100
|
|-weather|Sandstorm|[upkeep]
|-damage|p2a: nate dogg|70/100|[from] Sandstorm
|upkeep
|turn|10
|
|t:|1662345154
|switch|p1a: Dragapult|Dragapult, F|100/100
|move|p2a: nate dogg|Volt Switch|p1a: Dragapult
|-resisted|p1a: Dragapult
|-damage|p1a: Dragapult|76/100
|
|t:|1662345157
|switch|p2a: mos def|Excadrill, M|87/100|[from]move: Volt Switch
|-damage|p2a: mos def|84/100|[from] Stealth Rock
|
|-weather|Sandstorm|[upkeep]
|-damage|p1a: Dragapult|70/100|[from] Sandstorm
|upkeep
|turn|11
|
|t:|1662345166
|switch|p1a: Mandibuzz|Mandibuzz, F|100/100
|move|p2a: mos def|Iron Head|p1a: Mandibuzz
|-damage|p1a: Mandibuzz|65/100
|-damage|p2a: mos def|74/100|[from] item: Life Orb
|
|-weather|Sandstorm|[upkeep]
|-fieldend|move: Psychic Terrain
|upkeep
|turn|12
|
|t:|1662345175
|move|p2a: mos def|Rock Slide|p1a: Mandibuzz
|-supereffective|p1a: Mandibuzz
|-damage|p1a: Mandibuzz|19/100
|-damage|p2a: mos def|64/100|[from] item: Life Orb
|move|p1a: Mandibuzz|Roost|p1a: Mandibuzz
|-heal|p1a: Mandibuzz|69/100
|-singleturn|p1a: Mandibuzz|move: Roost
|
|-weather|Sandstorm|[upkeep]
|upkeep
|turn|13
|
|t:|1662345184
|switch|p2a: nate dogg|Zapdos|70/100
|move|p1a: Mandibuzz|Roost|p1a: Mandibuzz
|-heal|p1a: Mandibuzz|100/100
|-singleturn|p1a: Mandibuzz|move: Roost
|
|-weather|none
|upkeep
|turn|14
|
|t:|1662345197
|switch|p1a: Dragapult|Dragapult, F|70/100
|move|p2a: nate dogg|Volt Switch|p1a: Dragapult
|-resisted|p1a: Dragapult
|-damage|p1a: Dragapult|44/100
|
|t:|1662345199
|switch|p2a: black thought|Tyranitar, M|52/100|[from]move: Volt Switch
|-damage|p2a: black thought|40/100|[from] Stealth Rock
|-weather|Sandstorm|[from] ability: Sand Stream|[of] p2a: black thought
|
|-weather|Sandstorm|[upkeep]
|-damage|p1a: Dragapult|38/100|[from] Sandstorm
|upkeep
|turn|15
|inactive|Zhouyuhai2018 has 120 seconds left.
|j| SuperStallEnjoyer
|c| SuperStallEnjoyer|glhf
|
|t:|1662345252
|move|p1a: Dragapult|U-turn|p2a: black thought
|-supereffective|p2a: black thought
|-damage|p2a: black thought|14/100
|
|t:|1662345262
|switch|p1a: Melmetal|Melmetal|61/100|[from]move: U-turn
|move|p2a: black thought|Ice Beam|p1a: Melmetal
|-resisted|p1a: Melmetal
|-damage|p1a: Melmetal|54/100
|
|-weather|Sandstorm|[upkeep]
|upkeep
|turn|16
|c|☆samohi0|shut up stall bitch
|c| SuperStallEnjoyer|reported
|inactive|Zhouyuhai2018 has 90 seconds left.
|
|t:|1662345284
|switch|p1a: Tapu Lele|Tapu Lele|88/100
|-fieldstart|move: Psychic Terrain|[from] ability: Psychic Surge|[of] p1a: Tapu Lele
|move|p2a: black thought|Fire Blast|p1a: Tapu Lele
|-damage|p1a: Tapu Lele|55/100
|
|-weather|Sandstorm|[upkeep]
|-damage|p1a: Tapu Lele|49/100|[from] Sandstorm
|upkeep
|turn|17
|inactive|Zhouyuhai2018 has 90 seconds left.
|c|☆samohi0|get some friends
|
|t:|1662345296
|move|p1a: Tapu Lele|Moonblast|p2a: black thought
|-supereffective|p2a: black thought
|-damage|p2a: black thought|0 fnt
|faint|p2a: black thought
|
|-weather|Sandstorm|[upkeep]
|-damage|p1a: Tapu Lele|43/100|[from] Sandstorm
|upkeep
|
|t:|1662345298
|switch|p2a: mos def|Excadrill, M|64/100
|-damage|p2a: mos def|61/100|[from] Stealth Rock
|turn|18
|
|t:|1662345308
|switch|p1a: Mandibuzz|Mandibuzz, F|100/100
|move|p2a: mos def|Iron Head|p1a: Mandibuzz
|-damage|p1a: Mandibuzz|64/100
|-damage|p2a: mos def|51/100|[from] item: Life Orb
|
|-weather|none
|upkeep
|turn|19
|
|t:|1662345315
|switch|p2a: nate dogg|Zapdos|70/100
|move|p1a: Mandibuzz|Roost|p1a: Mandibuzz
|-heal|p1a: Mandibuzz|100/100
|-singleturn|p1a: Mandibuzz|move: Roost
|
|upkeep
|turn|20
|
|t:|1662345326
|switch|p1a: Dragapult|Dragapult, F|38/100
|move|p2a: nate dogg|Defog|p1a: Dragapult
|-unboost|p1a: Dragapult|evasion|1
|-sideend|p2: samohi0|Stealth Rock|[from] move: Defog|[of] p2a: nate dogg
|-fieldend|move: Psychic Terrain
|
|upkeep
|turn|21
|
|t:|1662345348
|switch|p2a: big pun|Hippowdon, M|94/100
|-weather|Sandstorm|[from] ability: Sand Stream|[of] p2a: big pun
|move|p1a: Dragapult|Shadow Ball|p2a: big pun
|-crit|p2a: big pun
|-damage|p2a: big pun|16/100
|
|-weather|Sandstorm|[upkeep]
|-damage|p1a: Dragapult|32/100|[from] Sandstorm
|upkeep
|turn|22
|
|t:|1662345359
|switch|p2a: 50 cent|Buzzwole|79/100
|move|p1a: Dragapult|Shadow Ball|p2a: 50 cent
|-damage|p2a: 50 cent|11/100
|
|-weather|Sandstorm|[upkeep]
|-damage|p1a: Dragapult|26/100|[from] Sandstorm
|-damage|p2a: 50 cent|5/100|[from] Sandstorm
|upkeep
|turn|23
|c| SuperStallEnjoyer|nice crit
|
|t:|1662345367
|move|p1a: Dragapult|Shadow Ball|p2a: 50 cent
|-damage|p2a: 50 cent|0 fnt
|faint|p2a: 50 cent
|
|-weather|Sandstorm|[upkeep]
|-damage|p1a: Dragapult|20/100|[from] Sandstorm
|upkeep
|
|t:|1662345382
|switch|p2a: mos def|Excadrill, M|51/100
|turn|24
|
|t:|1662345392
|switch|p1a: Mandibuzz|Mandibuzz, F|100/100
|move|p2a: mos def|Iron Head|p1a: Mandibuzz
|-damage|p1a: Mandibuzz|61/100
|-damage|p2a: mos def|41/100|[from] item: Life Orb
|
|-weather|Sandstorm|[upkeep]
|upkeep
|turn|25
|inactive|Zhouyuhai2018 has 120 seconds left.
|
|t:|1662345399
|switch|p2a: nate dogg|Zapdos|70/100
|move|p1a: Mandibuzz|Roost|p1a: Mandibuzz
|-heal|p1a: Mandibuzz|100/100
|-singleturn|p1a: Mandibuzz|move: Roost
|
|-weather|Sandstorm|[upkeep]
|-damage|p2a: nate dogg|64/100|[from] Sandstorm
|upkeep
|turn|26
|inactive|Zhouyuhai2018 has 120 seconds left.
|
|t:|1662345411
|switch|p1a: Melmetal|Melmetal|54/100
|move|p2a: nate dogg|Volt Switch|p1a: Melmetal
|-damage|p1a: Melmetal|35/100
|
|t:|1662345415
|switch|p2a: mos def|Excadrill, M|41/100|[from]move: Volt Switch
|
|-weather|Sandstorm|[upkeep]
|upkeep
|turn|27
|inactive|Zhouyuhai2018 has 120 seconds left.
|
|t:|1662345433
|switch|p2a: nate dogg|Zapdos|64/100
|switch|p1a: Mandibuzz|Mandibuzz, F|100/100
|
|-weather|Sandstorm|[upkeep]
|-damage|p2a: nate dogg|58/100|[from] Sandstorm
|upkeep
|turn|28
|inactive|Zhouyuhai2018 has 120 seconds left.
|
|t:|1662345457
|move|p2a: nate dogg|Volt Switch|p1a: Mandibuzz
|-supereffective|p1a: Mandibuzz
|-damage|p1a: Mandibuzz|45/100
|
|t:|1662345463
|switch|p2a: po and dangerous|Dracozolt|100/100|[from]move: Volt Switch
|move|p1a: Mandibuzz|Roost|p1a: Mandibuzz
|-heal|p1a: Mandibuzz|95/100
|-singleturn|p1a: Mandibuzz|move: Roost
|
|-weather|none
|upkeep
|turn|29
|inactive|Zhouyuhai2018 has 120 seconds left.
|
|t:|1662345485
|switch|p1a: Melmetal|Melmetal|35/100
|move|p2a: po and dangerous|Bolt Beak|p1a: Melmetal
|-damage|p1a: Melmetal|0 fnt
|faint|p1a: Melmetal
|-damage|p2a: po and dangerous|91/100|[from] item: Life Orb
|
|upkeep
|inactive|Zhouyuhai2018 has 90 seconds left.
|
|t:|1662345526
|switch|p1a: Tapu Lele|Tapu Lele|43/100
|-fieldstart|move: Psychic Terrain|[from] ability: Psychic Surge|[of] p1a: Tapu Lele
|turn|30
|
|t:|1662345531
|switch|p2a: big pun|Hippowdon, M|16/100
|-weather|Sandstorm|[from] ability: Sand Stream|[of] p2a: big pun
|move|p1a: Tapu Lele|Moonblast|p2a: big pun
|-damage|p2a: big pun|0 fnt
|faint|p2a: big pun
|
|-weather|Sandstorm|[upkeep]
|-damage|p1a: Tapu Lele|37/100|[from] Sandstorm
|upkeep
|
|t:|1662345539
|switch|p2a: po and dangerous|Dracozolt|91/100
|turn|31
|inactive|Zhouyuhai2018 has 90 seconds left.
|
|t:|1662345561
|move|p2a: po and dangerous|Bolt Beak|p1a: Tapu Lele
|-damage|p1a: Tapu Lele|0 fnt
|faint|p1a: Tapu Lele
|-damage|p2a: po and dangerous|81/100|[from] item: Life Orb
|
|-weather|Sandstorm|[upkeep]
|upkeep
|
|t:|1662345568
|switch|p1a: Mandibuzz|Mandibuzz, F|95/100
|turn|32
|
|t:|1662345572
|move|p2a: po and dangerous|Bolt Beak|p1a: Mandibuzz
|-supereffective|p1a: Mandibuzz
|-damage|p1a: Mandibuzz|0 fnt
|faint|p1a: Mandibuzz
|-damage|p2a: po and dangerous|71/100|[from] item: Life Orb
|
|-weather|Sandstorm|[upkeep]
|upkeep
|-message|Zhouyuhai2018 forfeited.
|
|win|samohi0
|raw|Zhouyuhai2018's rating: 1572 &rarr; <strong>1552</strong><br />(-20 for losing)
|raw|samohi0's rating: 1570 &rarr; <strong>1590</strong><br />(+20 for winning)
|l|☆Zhouyuhai2018
|c| SuperStallEnjoyer|gg
|c|☆samohi0|use a real strat
|c| SuperStallEnjoyer|i will
|c| SuperStallEnjoyer|im trying to learn
||Ladder isn't responding, score probably updated but might not have (Request timeout).
