|j|☆chansey and lulu
|j|☆NA Weezing
|t:|1663606600
|gametype|singles
|player|p1|chansey and lulu|hooligans|1708
|player|p2|NA Weezing|170|1726
|teamsize|p1|6
|teamsize|p2|6
|gen|8
|tier|[Gen 8] OU
|rated|
|rule|Sleep Clause Mod: Limit one foe put to sleep
|rule|Species Clause: Limit one of each Pokémon
|rule|OHKO Clause: OHKO moves are banned
|rule|Evasion Items Clause: Evasion items are banned
|rule|Evasion Moves Clause: Evasion moves are banned
|rule|Endless Battle Clause: Forcing endless battles is banned
|rule|HP Percentage Mod: HP is shown in percentages
|rule|Dynamax Clause: You cannot dynamax
|clearpoke
|poke|p1|Zapdos|
|poke|p1|Clefable, F|
|poke|p1|Toxapex, M|
|poke|p1|Skarmory, M|
|poke|p1|Quagsire, F|
|poke|p1|Cresselia, F|
|poke|p2|Slowbro-Galar, F|
|poke|p2|Drapion, M|
|poke|p2|Klefki, F|
|poke|p2|Jirachi|
|poke|p2|Malamar, F|
|poke|p2|Xurkitree|
|teampreview
|j| seasonystyrofoam
|j| GaryStan
|
|t:|1663606615
|start
|switch|p1a: Toxapex|Toxapex, M|100/100
|switch|p2a: Jirachi|Jirachi|100/100
|turn|1
|
|t:|1663606620
|move|p2a: Jirachi|Trick|p1a: Toxapex
|-activate|p2a: Jirachi|move: Trick|[of] p1a: Toxapex
|-item|p1a: Toxapex|Choice Scarf|[from] move: Trick
|-item|p2a: Jirachi|Shed Shell|[from] move: Trick
|move|p1a: Toxapex|Knock Off|p2a: Jirachi
|-supereffective|p2a: Jirachi
|-damage|p2a: Jirachi|71/100
|-enditem|p2a: Jirachi|Shed Shell|[from] move: Knock Off|[of] p1a: Toxapex
|
|upkeep
|turn|2
|
|t:|1663606628
|switch|p1a: Clefable|Clefable, F|100/100
|move|p2a: Jirachi|Healing Wish|p2a: Jirachi
|faint|p2a: Jirachi
|
|upkeep
|j| akiba rubinstein
|
|t:|1663606651
|switch|p2a: Klefki|Klefki, F|100/100
|turn|3
|
|t:|1663606665
|move|p2a: Klefki|Thunder Wave|p1a: Clefable
|-status|p1a: Clefable|par
|move|p1a: Clefable|Stealth Rock|p2a: Klefki
|-sidestart|p2: NA Weezing|move: Stealth Rock
|
|upkeep
|turn|4
|
|t:|1663606671
|move|p2a: Klefki|Spikes|p1a: Clefable
|-sidestart|p1: chansey and lulu|Spikes
|move|p1a: Clefable|Heal Bell|p1a: Clefable
|-activate|p1a: Clefable|move: Heal Bell
|-curestatus|p1a: Clefable|par|[msg]
|
|upkeep
|turn|5
|
|t:|1663606678
|switch|p1a: Zapdos|Zapdos|100/100
|-ability|p1a: Zapdos|Pressure
|move|p2a: Klefki|Thunder Wave|p1a: Zapdos
|-immune|p1a: Zapdos
|
|upkeep
|turn|6
|
|t:|1663606686
|move|p2a: Klefki|Fairy Lock|p2a: Klefki
|-fieldactivate|move: Fairy Lock
|move|p1a: Zapdos|Volt Switch|p2a: Klefki
|-damage|p2a: Klefki|62/100
|-enditem|p2a: Klefki|Eject Button
|
|t:|1663606693
|switch|p2a: Xurkitree|Xurkitree|100/100
|-damage|p2a: Xurkitree|88/100|[from] Stealth Rock
|
|upkeep
|turn|7
|
|t:|1663606703
|move|p2a: Xurkitree|Calm Mind|p2a: Xurkitree
|-boost|p2a: Xurkitree|spa|1
|-boost|p2a: Xurkitree|spd|1
|move|p1a: Zapdos|Volt Switch|p2a: Xurkitree
|-resisted|p2a: Xurkitree
|-damage|p2a: Xurkitree|74/100
|j| Gloomsville
|
|t:|1663606713
|switch|p1a: Cresselia|Cresselia, F|100/100|[from]move: Volt Switch
|
|upkeep
|turn|8
|l| akiba rubinstein
|
|t:|1663606717
|move|p2a: Xurkitree|Zap Cannon|p1a: Cresselia
|-damage|p1a: Cresselia|40/100
|-status|p1a: Cresselia|par
|move|p1a: Cresselia|Toxic|p2a: Xurkitree|[miss]
|-miss|p1a: Cresselia|p2a: Xurkitree
|
|-heal|p1a: Cresselia|46/100 par|[from] item: Leftovers
|upkeep
|turn|9
|
|t:|1663606726
|move|p2a: Xurkitree|Zap Cannon|p1a: Cresselia|[miss]
|-miss|p2a: Xurkitree|p1a: Cresselia
|-enditem|p2a: Xurkitree|Blunder Policy
|-boost|p2a: Xurkitree|spe|2
|cant|p1a: Cresselia|par
|
|-heal|p1a: Cresselia|52/100 par|[from] item: Leftovers
|upkeep
|turn|10
|
|t:|1663606734
|move|p2a: Xurkitree|Zap Cannon|p1a: Cresselia|[miss]
|-miss|p2a: Xurkitree|p1a: Cresselia
|move|p1a: Cresselia|Toxic|p2a: Xurkitree
|-status|p2a: Xurkitree|tox
|
|-heal|p1a: Cresselia|58/100 par|[from] item: Leftovers
|-damage|p2a: Xurkitree|68/100 tox|[from] psn
|upkeep
|turn|11
|
|t:|1663606743
|move|p1a: Cresselia|Protect|p1a: Cresselia
|-singleturn|p1a: Cresselia|Protect
|move|p2a: Xurkitree|Energy Ball|p1a: Cresselia
|-activate|p1a: Cresselia|move: Protect
|
|-heal|p1a: Cresselia|64/100 par|[from] item: Leftovers
|-damage|p2a: Xurkitree|56/100 tox|[from] psn
|upkeep
|turn|12
|
|t:|1663606752
|move|p2a: Xurkitree|Zap Cannon|p1a: Cresselia|[miss]
|-miss|p2a: Xurkitree|p1a: Cresselia
|move|p1a: Cresselia|Moonlight|p1a: Cresselia
|-heal|p1a: Cresselia|100/100 par
|
|-damage|p2a: Xurkitree|37/100 tox|[from] psn
|upkeep
|turn|13
|
|t:|1663606768
|cant|p1a: Cresselia|par
|move|p2a: Xurkitree|Zap Cannon|p1a: Cresselia
|-damage|p1a: Cresselia|39/100 par
|
|-heal|p1a: Cresselia|45/100 par|[from] item: Leftovers
|-damage|p2a: Xurkitree|12/100 tox|[from] psn
|upkeep
|turn|14
|
|t:|1663606775
|switch|p2a: Drapion|Drapion, M|100/100
|-damage|p2a: Drapion|88/100|[from] Stealth Rock
|move|p1a: Cresselia|Protect||[still]
|-fail|p1a: Cresselia
|
|-heal|p2a: Drapion|94/100|[from] item: Leftovers
|-heal|p1a: Cresselia|52/100 par|[from] item: Leftovers
|upkeep
|turn|15
|
|t:|1663606786
|switch|p2a: Xurkitree|Xurkitree|12/100 tox
|-heal|p2a: Xurkitree|100/100|[from] move: Healing Wish
|-damage|p2a: Xurkitree|88/100|[from] Stealth Rock
|switch|p1a: Toxapex|Toxapex, M|100/100
|-damage|p1a: Toxapex|88/100|[from] Spikes
|
|upkeep
|turn|16
|
|t:|1663606797
|switch|p1a: Cresselia|Cresselia, F|52/100 par
|move|p2a: Xurkitree|Calm Mind|p2a: Xurkitree
|-boost|p2a: Xurkitree|spa|1
|-boost|p2a: Xurkitree|spd|1
|
|-heal|p1a: Cresselia|58/100 par|[from] item: Leftovers
|upkeep
|turn|17
|
|t:|1663606805
|cant|p1a: Cresselia|par
|move|p2a: Xurkitree|Zap Cannon|p1a: Cresselia
|-damage|p1a: Cresselia|3/100 par
|
|-heal|p1a: Cresselia|9/100 par|[from] item: Leftovers
|upkeep
|turn|18
|
|t:|1663606811
|move|p2a: Xurkitree|Energy Ball|p1a: Cresselia
|-damage|p1a: Cresselia|0 fnt
|faint|p1a: Cresselia
|-ability|p2a: Xurkitree|Beast Boost|boost
|-boost|p2a: Xurkitree|spa|1
|
|upkeep
|-message|chansey and lulu forfeited.
|
|win|NA Weezing
|raw|chansey and lulu's rating: 1708 &rarr; <strong>1689</strong><br />(-19 for losing)
|raw|NA Weezing's rating: 1726 &rarr; <strong>1745</strong><br />(+19 for winning)
|l| Gloomsville
|c|☆NA Weezing|gg
|l| seasonystyrofoam
||Ladder isn't responding, score probably updated but might not have (Request timeout).
