|j|☆Eknaanke
|j|☆iopkj09
|t:|1665542586
|gametype|singles
|player|p1|Eknaanke|lillie|1615
|player|p2|iopkj09|nate|1666
|teamsize|p1|6
|teamsize|p2|6
|gen|8
|tier|[Gen 8] OU
|rated|
|rule|Sleep Clause Mod: Limit one foe put to sleep
|rule|Species Clause: Limit one of each Pokémon
|rule|OHKO Clause: OHKO moves are banned
|rule|Evasion Items Clause: Evasion items are banned
|rule|Evasion Moves Clause: Evasion moves are banned
|rule|Endless Battle Clause: Forcing endless battles is banned
|rule|HP Percentage Mod: HP is shown in percentages
|rule|Dynamax Clause: You cannot dynamax
|clearpoke
|poke|p1|Slowking-Galar, F|
|poke|p1|Urshifu-*, F|
|poke|p1|Garchomp, F|
|poke|p1|Weavile, F|
|poke|p1|Corviknight, F|
|poke|p1|Rillaboom, M|
|poke|p2|Garchomp, M|
|poke|p2|Zapdos|
|poke|p2|Rillaboom, M|
|poke|p2|Tapu Lele|
|poke|p2|Volcanion|
|poke|p2|Weavile, F|
|teampreview
|inactive|Battle timer is ON: inactive players will automatically lose when time's up. (requested by iopkj09)
|inactive|Eknaanke has 120 seconds left.
|inactive|Eknaanke has 90 seconds left.
|
|t:|1665542656
|start
|switch|p1a: Garchomp|Garchomp, F|100/100
|switch|p2a: Weavile|Weavile, F|100/100
|-ability|p2a: Weavile|Pressure
|turn|1
|
|t:|1665542665
|switch|p1a: Corviknight|Corviknight, F|100/100
|-ability|p1a: Corviknight|Pressure
|move|p2a: Weavile|Swords Dance|p2a: Weavile
|-boost|p2a: Weavile|atk|2
|
|upkeep
|turn|2
|
|t:|1665542692
|move|p2a: Weavile|Knock Off|p1a: Corviknight
|-damage|p1a: Corviknight|43/100
|-damage|p2a: Weavile|84/100|[from] item: Rocky Helmet|[of] p1a: Corviknight
|-enditem|p1a: Corviknight|Rocky Helmet|[from] move: Knock Off|[of] p2a: Weavile
|move|p1a: Corviknight|Roost|p1a: Corviknight
|-heal|p1a: Corviknight|93/100
|-singleturn|p1a: Corviknight|move: Roost
|
|upkeep
|turn|3
|
|t:|1665542698
|switch|p2a: Zapdos|Zapdos, shiny|100/100
|move|p1a: Corviknight|U-turn|p2a: Zapdos
|-resisted|p2a: Zapdos
|-damage|p2a: Zapdos|92/100
|-status|p1a: Corviknight|par|[from] ability: Static|[of] p2a: Zapdos
|
|t:|1665542715
|switch|p1a: Garchomp|Garchomp, F|100/100|[from]move: U-turn
|
|upkeep
|turn|4
|
|t:|1665542717
|move|p2a: Zapdos|Hurricane|p1a: Garchomp
|-damage|p1a: Garchomp|63/100
|-start|p1a: Garchomp|confusion
|-activate|p1a: Garchomp|confusion
|-damage|p1a: Garchomp|54/100|[from] confusion
|
|-heal|p1a: Garchomp|60/100|[from] item: Leftovers
|upkeep
|turn|5
|
|t:|1665542730
|move|p2a: Zapdos|Hurricane|p1a: Garchomp|[miss]
|-miss|p2a: Zapdos|p1a: Garchomp
|-activate|p1a: Garchomp|confusion
|-damage|p1a: Garchomp|50/100|[from] confusion
|
|-heal|p1a: Garchomp|57/100|[from] item: Leftovers
|upkeep
|turn|6
|
|t:|1665542746
|switch|p1a: Slowking|Slowking-Galar, F|100/100
|move|p2a: Zapdos|Hurricane|p1a: Slowking
|-damage|p1a: Slowking|77/100
|-start|p1a: Slowking|confusion
|
|upkeep
|turn|7
|inactive|Eknaanke has 120 seconds left.
|
|t:|1665542767
|switch|p2a: Tapu Lele|Tapu Lele|100/100
|-fieldstart|move: Psychic Terrain|[from] ability: Psychic Surge|[of] p2a: Tapu Lele
|-activate|p1a: Slowking|confusion
|move|p1a: Slowking|Flamethrower|p2a: Tapu Lele
|-damage|p2a: Tapu Lele|76/100
|
|upkeep
|turn|8
|inactive|Eknaanke has 120 seconds left.
|
|t:|1665542794
|switch|p1a: Corviknight|Corviknight, F|93/100 par
|-ability|p1a: Corviknight|Pressure
|move|p2a: Tapu Lele|Thunderbolt|p1a: Corviknight
|-supereffective|p1a: Corviknight
|-damage|p1a: Corviknight|0 fnt
|faint|p1a: Corviknight
|
|upkeep
|
|t:|1665542801
|switch|p1a: Garchomp|Garchomp, F|57/100
|turn|9
|
|t:|1665542806
|switch|p2a: Rillaboom|Rillaboom, M|100/100
|-fieldstart|move: Grassy Terrain|[from] ability: Grassy Surge|[of] p2a: Rillaboom
|move|p1a: Garchomp|Stealth Rock|p2a: Rillaboom
|-sidestart|p2: iopkj09|move: Stealth Rock
|
|-heal|p1a: Garchomp|63/100|[from] Grassy Terrain
|-heal|p1a: Garchomp|69/100|[from] item: Leftovers
|upkeep
|turn|10
|
|t:|1665542810
|move|p2a: Rillaboom|Swords Dance|p2a: Rillaboom
|-boost|p2a: Rillaboom|atk|2
|move|p1a: Garchomp|Toxic|p2a: Rillaboom
|-status|p2a: Rillaboom|tox
|
|-heal|p1a: Garchomp|75/100|[from] Grassy Terrain
|-heal|p1a: Garchomp|81/100|[from] item: Leftovers
|-damage|p2a: Rillaboom|94/100 tox|[from] psn
|upkeep
|turn|11
|
|t:|1665542821
|move|p2a: Rillaboom|Swords Dance|p2a: Rillaboom
|-boost|p2a: Rillaboom|atk|2
|move|p1a: Garchomp|Dragon Tail|p2a: Rillaboom
|-damage|p2a: Rillaboom|65/100 tox
|drag|p2a: Weavile|Weavile, F|84/100
|-damage|p2a: Weavile|59/100|[from] Stealth Rock
|-ability|p2a: Weavile|Pressure
|
|-heal|p2a: Weavile|65/100|[from] Grassy Terrain
|-heal|p1a: Garchomp|88/100|[from] Grassy Terrain
|-heal|p1a: Garchomp|94/100|[from] item: Leftovers
|upkeep
|turn|12
|inactive|Eknaanke has 120 seconds left.
|inactive|Eknaanke has 90 seconds left.
|
|t:|1665542869
|switch|p1a: Urshifu|Urshifu-Rapid-Strike, F|100/100
|move|p2a: Weavile|Ice Shard|p1a: Urshifu
|-resisted|p1a: Urshifu
|-damage|p1a: Urshifu|90/100
|
|-heal|p2a: Weavile|71/100|[from] Grassy Terrain
|-heal|p1a: Urshifu|96/100|[from] Grassy Terrain
|upkeep
|turn|13
|
|t:|1665542872
|move|p2a: Weavile|Knock Off|p1a: Urshifu
|-resisted|p1a: Urshifu
|-damage|p1a: Urshifu|73/100
|-enditem|p1a: Urshifu|Choice Band|[from] move: Knock Off|[of] p2a: Weavile
|move|p1a: Urshifu|U-turn|p2a: Weavile
|-supereffective|p2a: Weavile
|-damage|p2a: Weavile|0 fnt
|faint|p2a: Weavile
|
|t:|1665542881
|switch|p1a: Garchomp|Garchomp, F|94/100|[from]move: U-turn
|
|-heal|p1a: Garchomp|99/100|[from] Grassy Terrain
|-heal|p1a: Garchomp|100/100|[from] item: Leftovers
|-fieldend|move: Grassy Terrain
|upkeep
|
|t:|1665542891
|switch|p2a: Zapdos|Zapdos, shiny|92/100
|-damage|p2a: Zapdos|68/100|[from] Stealth Rock
|turn|14
|
|t:|1665542894
|move|p2a: Zapdos|Hurricane|p1a: Garchomp|[miss]
|-miss|p2a: Zapdos|p1a: Garchomp
|move|p1a: Garchomp|Toxic|p2a: Zapdos
|-status|p2a: Zapdos|tox
|
|-damage|p2a: Zapdos|61/100 tox|[from] psn
|upkeep
|turn|15
|inactive|Eknaanke has 120 seconds left.
|
|t:|1665542912
|move|p2a: Zapdos|Hurricane|p1a: Garchomp
|-damage|p1a: Garchomp|64/100
|-start|p1a: Garchomp|confusion
|-activate|p1a: Garchomp|confusion
|move|p1a: Garchomp|Stealth Rock||[still]
|-fail|p1a: Garchomp
|
|-heal|p1a: Garchomp|70/100|[from] item: Leftovers
|-damage|p2a: Zapdos|49/100 tox|[from] psn
|upkeep
|turn|16
|
|t:|1665542936
|switch|p1a: Slowking|Slowking-Galar, F|100/100
|move|p2a: Zapdos|Hurricane|p1a: Slowking
|-damage|p1a: Slowking|76/100
|
|-damage|p2a: Zapdos|30/100 tox|[from] psn
|upkeep
|turn|17
|
|t:|1665542942
|switch|p1a: Garchomp|Garchomp, F|70/100
|move|p2a: Zapdos|Hurricane|p1a: Garchomp|[miss]
|-miss|p2a: Zapdos|p1a: Garchomp
|
|-heal|p1a: Garchomp|76/100|[from] item: Leftovers
|-damage|p2a: Zapdos|5/100 tox|[from] psn
|upkeep
|turn|18
|inactive|Eknaanke has 90 seconds left.
|
|t:|1665542981
|move|p2a: Zapdos|Hurricane|p1a: Garchomp
|-damage|p1a: Garchomp|42/100
|move|p1a: Garchomp|Dragon Tail|p2a: Zapdos
|-damage|p2a: Zapdos|0 fnt
|-status|p1a: Garchomp|par|[from] ability: Static|[of] p2a: Zapdos
|faint|p2a: Zapdos
|
|-heal|p1a: Garchomp|48/100 par|[from] item: Leftovers
|upkeep
|
|t:|1665542999
|switch|p2a: Rillaboom|Rillaboom, M|65/100 tox
|-damage|p2a: Rillaboom|53/100 tox|[from] Stealth Rock
|-fieldstart|move: Grassy Terrain|[from] ability: Grassy Surge|[of] p2a: Rillaboom
|turn|19
|inactive|Eknaanke has 90 seconds left.
|
|t:|1665543007
|move|p2a: Rillaboom|Grassy Glide|p1a: Garchomp
|-damage|p1a: Garchomp|0 fnt
|-damage|p2a: Rillaboom|41/100 tox|[from] ability: Rough Skin|[of] p1a: Garchomp
|faint|p1a: Garchomp
|-damage|p2a: Rillaboom|31/100 tox|[from] item: Life Orb
|
|-heal|p2a: Rillaboom|37/100 tox|[from] Grassy Terrain
|-damage|p2a: Rillaboom|31/100 tox|[from] psn
|upkeep
|inactive|Eknaanke has 90 seconds left.
|
|t:|1665543029
|switch|p1a: Slowking|Slowking-Galar, F|100/100
|turn|20
|
|t:|1665543040
|move|p2a: Rillaboom|High Horsepower|p1a: Slowking
|-supereffective|p1a: Slowking
|-damage|p1a: Slowking|9/100
|-damage|p2a: Rillaboom|21/100 tox|[from] item: Life Orb
|move|p1a: Slowking|Future Sight|p2a: Rillaboom
|-start|p1a: Slowking|move: Future Sight
|
|-heal|p2a: Rillaboom|27/100 tox|[from] Grassy Terrain
|-heal|p1a: Slowking|15/100|[from] Grassy Terrain
|-damage|p2a: Rillaboom|15/100 tox|[from] psn
|upkeep
|turn|21
|
|t:|1665543060
|switch|p1a: Rillaboom|Rillaboom, M|100/100
|move|p2a: Rillaboom|Grassy Glide|p1a: Rillaboom
|-resisted|p1a: Rillaboom
|-damage|p1a: Rillaboom|72/100
|-damage|p2a: Rillaboom|5/100 tox|[from] item: Life Orb
|
|-heal|p2a: Rillaboom|11/100 tox|[from] Grassy Terrain
|-heal|p1a: Rillaboom|78/100|[from] Grassy Terrain
|-heal|p1a: Rillaboom|84/100|[from] item: Leftovers
|-damage|p2a: Rillaboom|0 fnt|[from] psn
|faint|p2a: Rillaboom
|upkeep
|
|t:|1665543068
|switch|p2a: Tapu Lele|Tapu Lele|76/100
|-damage|p2a: Tapu Lele|64/100|[from] Stealth Rock
|-fieldstart|move: Psychic Terrain|[from] ability: Psychic Surge|[of] p2a: Tapu Lele
|turn|22
|inactive|Eknaanke has 60 seconds left.
|
|t:|1665543103
|switch|p1a: Slowking|Slowking-Galar, F|48/100
|move|p2a: Tapu Lele|Moonblast|p1a: Slowking
|-resisted|p1a: Slowking
|-damage|p1a: Slowking|33/100
|-unboost|p1a: Slowking|spa|1
|
|-end|p2a: Tapu Lele|move: Future Sight
|-resisted|p2a: Tapu Lele
|-damage|p2a: Tapu Lele|41/100
|upkeep
|turn|23
|
|t:|1665543108
|move|p2a: Tapu Lele|Moonblast|p1a: Slowking
|-resisted|p1a: Slowking
|-damage|p1a: Slowking|17/100
|-unboost|p1a: Slowking|spa|1
|move|p1a: Slowking|Sludge Bomb|p2a: Tapu Lele
|-supereffective|p2a: Tapu Lele
|-damage|p2a: Tapu Lele|2/100
|-status|p2a: Tapu Lele|psn
|
|-damage|p2a: Tapu Lele|0 fnt|[from] psn
|faint|p2a: Tapu Lele
|upkeep
|
|t:|1665543114
|switch|p2a: Garchomp|Garchomp, M, shiny|100/100
|-damage|p2a: Garchomp|94/100|[from] Stealth Rock
|turn|24
|inactive|Eknaanke has 60 seconds left.
|
|t:|1665543133
|switch|p1a: Rillaboom|Rillaboom, M|84/100
|-fieldstart|move: Grassy Terrain|[from] ability: Grassy Surge|[of] p1a: Rillaboom
|move|p2a: Garchomp|Outrage|p1a: Rillaboom
|-damage|p1a: Rillaboom|29/100
|
|-heal|p2a: Garchomp|100/100|[from] Grassy Terrain
|-heal|p1a: Rillaboom|35/100|[from] Grassy Terrain
|-heal|p1a: Rillaboom|41/100|[from] item: Leftovers
|upkeep
|turn|25
|inactive|Eknaanke has 60 seconds left.
|
|t:|1665543149
|move|p1a: Rillaboom|Grassy Glide|p2a: Garchomp
|-damage|p2a: Garchomp|54/100
|-damage|p1a: Rillaboom|28/100|[from] ability: Rough Skin|[of] p2a: Garchomp
|move|p2a: Garchomp|Outrage|p1a: Rillaboom|[from]lockedmove
|-damage|p1a: Rillaboom|0 fnt
|faint|p1a: Rillaboom
|
|-heal|p2a: Garchomp|60/100|[from] Grassy Terrain
|upkeep
|
|t:|1665543168
|switch|p1a: Weavile|Weavile, F|100/100
|-ability|p1a: Weavile|Pressure
|turn|26
|
|t:|1665543179
|move|p1a: Weavile|Ice Shard|p2a: Garchomp
|-supereffective|p2a: Garchomp
|-damage|p2a: Garchomp|0 fnt
|faint|p2a: Garchomp
|
|upkeep
|
|t:|1665543180
|switch|p2a: Volcanion|Volcanion|100/100
|-damage|p2a: Volcanion|75/100|[from] Stealth Rock
|turn|27
|
|t:|1665543190
|move|p1a: Weavile|Knock Off|p2a: Volcanion
|-damage|p2a: Volcanion|41/100
|-enditem|p2a: Volcanion|Assault Vest|[from] move: Knock Off|[of] p1a: Weavile
|move|p2a: Volcanion|Flamethrower|p1a: Weavile
|-supereffective|p1a: Weavile
|-damage|p1a: Weavile|0 fnt
|faint|p1a: Weavile
|
|-heal|p2a: Volcanion|47/100|[from] Grassy Terrain
|upkeep
|
|t:|1665543203
|switch|p1a: Slowking|Slowking-Galar, F|50/100
|turn|28
|
|t:|1665543225
|move|p2a: Volcanion|Earth Power|p1a: Slowking
|-supereffective|p1a: Slowking
|-damage|p1a: Slowking|27/100
|move|p1a: Slowking|Future Sight|p2a: Volcanion
|-start|p1a: Slowking|move: Future Sight
|
|-heal|p2a: Volcanion|54/100|[from] Grassy Terrain
|-heal|p1a: Slowking|34/100|[from] Grassy Terrain
|-fieldend|move: Grassy Terrain
|upkeep
|turn|29
|
|t:|1665543235
|move|p2a: Volcanion|Steam Eruption|p1a: Slowking
|-damage|p1a: Slowking|13/100
|-status|p1a: Slowking|brn
|move|p1a: Slowking|Sludge Bomb|p2a: Volcanion
|-damage|p2a: Volcanion|19/100
|
|-damage|p1a: Slowking|7/100 brn|[from] brn
|upkeep
|turn|30
|
|t:|1665543243
|move|p2a: Volcanion|Steam Eruption|p1a: Slowking
|-damage|p1a: Slowking|0 fnt
|faint|p1a: Slowking
|
|-end|p2a: Volcanion|move: Future Sight
|-damage|p2a: Volcanion|0 fnt
|faint|p2a: Volcanion
|
|win|Eknaanke
|upkeep
|raw|Eknaanke's rating: 1615 &rarr; <strong>1639</strong><br />(+24 for winning)
|raw|iopkj09's rating: 1685 &rarr; <strong>1661</strong><br />(-24 for losing)
|l|☆iopkj09
||Ladder isn't responding, score probably updated but might not have (Request timeout).
