|j|☆Ivyon
|j|☆Vasor
|t:|1642170610
|gametype|singles
|player|p1|Ivyon|blue|1391
|player|p2|Vasor|pokekid|1331
|teamsize|p1|6
|teamsize|p2|6
|gen|8
|tier|[Gen 8] OU
|rated|
|rule|Sleep Clause Mod: Limit one foe put to sleep
|rule|Species Clause: Limit one of each Pokémon
|rule|OHKO Clause: OHKO moves are banned
|rule|Evasion Moves Clause: Evasion moves are banned
|rule|Endless Battle Clause: Forcing endless battles is banned
|rule|HP Percentage Mod: HP is shown in percentages
|rule|Dynamax Clause: You cannot dynamax
|clearpoke
|poke|p1|Dragonite, M|
|poke|p1|Blaziken, M|
|poke|p1|Cloyster, M|
|poke|p1|Slowbro, M|
|poke|p1|Sharpedo, F|
|poke|p1|Scizor, F|
|poke|p2|Quagsire, F|
|poke|p2|Rotom-Heat|
|poke|p2|Togekiss, M|
|poke|p2|Skarmory, F|
|poke|p2|Amoonguss, F|
|poke|p2|Blissey, F|
|teampreview
|
|t:|1642170624
|start
|switch|p1a: Sharpedo|Sharpedo, F|100/100
|switch|p2a: Skarmory|Skarmory, F|100/100
|turn|1
|
|t:|1642170629
|move|p1a: Sharpedo|Taunt|p2a: Skarmory
|-start|p2a: Skarmory|move: Taunt
|move|p2a: Skarmory|Body Press|p1a: Sharpedo
|-supereffective|p1a: Sharpedo
|-enditem|p1a: Sharpedo|Focus Sash
|-damage|p1a: Sharpedo|1/100
|-damage|p2a: Skarmory|88/100|[from] ability: Rough Skin|[of] p1a: Sharpedo
|
|upkeep
|turn|2
|
|t:|1642170638
|move|p1a: Sharpedo|Destiny Bond|p1a: Sharpedo
|-singlemove|p1a: Sharpedo|Destiny Bond
|move|p2a: Skarmory|Body Press|p1a: Sharpedo
|-supereffective|p1a: Sharpedo
|-damage|p1a: Sharpedo|0 fnt
|-damage|p2a: Skarmory|76/100|[from] ability: Rough Skin|[of] p1a: Sharpedo
|faint|p1a: Sharpedo
|-activate|p1a: Sharpedo|move: Destiny Bond
|faint|p2a: Skarmory
|
|upkeep
|
|t:|1642170662
|switch|p1a: Blaziken|Blaziken, M, shiny|100/100
|switch|p2a: Quagsire|Quagsire, F|100/100
|turn|3
|
|t:|1642170676
|move|p1a: Blaziken|Knock Off|p2a: Quagsire
|-damage|p2a: Quagsire|77/100
|-enditem|p2a: Quagsire|Leftovers|[from] move: Knock Off|[of] p1a: Blaziken
|move|p2a: Quagsire|Earthquake|p1a: Blaziken
|-supereffective|p1a: Blaziken
|-damage|p1a: Blaziken|13/100
|
|-ability|p1a: Blaziken|Speed Boost|boost
|-boost|p1a: Blaziken|spe|1
|upkeep
|turn|4
|
|t:|1642170685
|move|p1a: Blaziken|Close Combat|p2a: Quagsire
|-damage|p2a: Quagsire|30/100
|-unboost|p1a: Blaziken|def|1
|-unboost|p1a: Blaziken|spd|1
|move|p2a: Quagsire|Earthquake|p1a: Blaziken
|-supereffective|p1a: Blaziken
|-damage|p1a: Blaziken|0 fnt
|faint|p1a: Blaziken
|
|upkeep
|
|t:|1642170694
|switch|p1a: Cloyster|Cloyster, M|100/100
|turn|5
|
|t:|1642170704
|move|p1a: Cloyster|Icicle Spear|p2a: Quagsire
|-damage|p2a: Quagsire|22/100
|-damage|p2a: Quagsire|14/100
|-damage|p2a: Quagsire|6/100
|-damage|p2a: Quagsire|0 fnt
|faint|p2a: Quagsire
|-hitcount|p2: Quagsire|4
|
|upkeep
|
|t:|1642170717
|switch|p2a: Blissey|Blissey, F|100/100
|turn|6
|
|t:|1642170725
|move|p1a: Cloyster|Shell Smash|p1a: Cloyster
|-unboost|p1a: Cloyster|def|1
|-unboost|p1a: Cloyster|spd|1
|-boost|p1a: Cloyster|atk|2
|-boost|p1a: Cloyster|spa|2
|-boost|p1a: Cloyster|spe|2
|move|p2a: Blissey|Thunder Wave|p1a: Cloyster
|-status|p1a: Cloyster|par
|
|upkeep
|turn|7
|
|t:|1642170740
|switch|p2a: Amoonguss|Amoonguss, F|100/100
|move|p1a: Cloyster|Icicle Spear|p2a: Amoonguss
|-supereffective|p2a: Amoonguss
|-damage|p2a: Amoonguss|64/100
|-supereffective|p2a: Amoonguss
|-damage|p2a: Amoonguss|29/100
|-supereffective|p2a: Amoonguss
|-damage|p2a: Amoonguss|0 fnt
|faint|p2a: Amoonguss
|-hitcount|p2: Amoonguss|3
|
|upkeep
|
|t:|1642170747
|switch|p2a: Rotom|Rotom-Heat|100/100
|turn|8
|
|t:|1642170753
|move|p2a: Rotom|Overheat|p1a: Cloyster
|-enditem|p1a: Cloyster|Focus Sash
|-damage|p1a: Cloyster|1/100 par
|-unboost|p2a: Rotom|spa|2
|cant|p1a: Cloyster|par
|
|upkeep
|turn|9
|
|t:|1642170762
|move|p2a: Rotom|Volt Switch|p1a: Cloyster
|-supereffective|p1a: Cloyster
|-damage|p1a: Cloyster|0 fnt
|faint|p1a: Cloyster
|
|t:|1642170771
|switch|p2a: Blissey|Blissey, F|100/100|[from]move: Volt Switch
|
|upkeep
|
|t:|1642170785
|switch|p1a: Scizor|Scizor, F|100/100
|turn|10
|
|t:|1642170793
|move|p1a: Scizor|Superpower|p2a: Blissey
|-supereffective|p2a: Blissey
|-damage|p2a: Blissey|15/100
|-unboost|p1a: Scizor|atk|1
|-unboost|p1a: Scizor|def|1
|move|p2a: Blissey|Thunder Wave|p1a: Scizor
|-status|p1a: Scizor|par
|
|upkeep
|turn|11
|
|t:|1642170801
|switch|p2a: Rotom|Rotom-Heat|100/100
|move|p1a: Scizor|Bullet Punch|p2a: Rotom
|-resisted|p2a: Rotom
|-damage|p2a: Rotom|94/100
|
|upkeep
|turn|12
|
|t:|1642170816
|switch|p1a: Slowbro|Slowbro, M|100/100
|move|p2a: Rotom|Toxic|p1a: Slowbro
|-status|p1a: Slowbro|tox
|
|-damage|p1a: Slowbro|94/100 tox|[from] psn
|upkeep
|turn|13
|
|t:|1642170829
|switch|p2a: Togekiss|Togekiss, M|100/100
|move|p1a: Slowbro|Psyshock|p2a: Togekiss
|-damage|p2a: Togekiss|80/100
|
|-damage|p1a: Slowbro|82/100 tox|[from] psn
|upkeep
|turn|14
|
|t:|1642170836
|move|p2a: Togekiss|Roost|p2a: Togekiss
|-heal|p2a: Togekiss|100/100
|-singleturn|p2a: Togekiss|move: Roost
|move|p1a: Slowbro|Thunder Wave|p2a: Togekiss
|-status|p2a: Togekiss|par
|
|-damage|p1a: Slowbro|64/100 tox|[from] psn
|upkeep
|turn|15
|
|t:|1642170844
|switch|p1a: Scizor|Scizor, F|100/100 par
|move|p2a: Togekiss|Heal Bell|p2a: Togekiss
|-activate|p2a: Togekiss|move: Heal Bell
|-curestatus|p2a: Togekiss|par|[msg]
|
|upkeep
|turn|16
|
|t:|1642170855
|switch|p2a: Rotom|Rotom-Heat|94/100
|move|p1a: Scizor|Superpower|p2a: Rotom
|-damage|p2a: Rotom|43/100
|-unboost|p1a: Scizor|atk|1
|-unboost|p1a: Scizor|def|1
|
|upkeep
|turn|17
|
|t:|1642170865
|move|p1a: Scizor|Bullet Punch|p2a: Rotom
|-resisted|p2a: Rotom
|-damage|p2a: Rotom|37/100
|move|p2a: Rotom|Pain Split|p1a: Scizor
|-sethp|p1a: Scizor|66/100 par|[from] move: Pain Split|[silent]
|-sethp|p2a: Rotom|75/100|[from] move: Pain Split
|
|upkeep
|turn|18
|
|t:|1642170871
|switch|p1a: Slowbro|Slowbro, M|97/100 tox
|move|p2a: Rotom|Overheat|p1a: Slowbro|[miss]
|-miss|p2a: Rotom|p1a: Slowbro
|
|-damage|p1a: Slowbro|91/100 tox|[from] psn
|upkeep
|turn|19
|
|t:|1642170881
|move|p2a: Rotom|Volt Switch|p1a: Slowbro
|-supereffective|p1a: Slowbro
|-damage|p1a: Slowbro|34/100 tox
|
|t:|1642170885
|switch|p2a: Blissey|Blissey, F|15/100|[from]move: Volt Switch
|move|p1a: Slowbro|Scald|p2a: Blissey
|-damage|p2a: Blissey|4/100
|-status|p2a: Blissey|brn
|
|-damage|p1a: Slowbro|22/100 tox|[from] psn
|-damage|p2a: Blissey|0 fnt|[from] brn
|faint|p2a: Blissey
|upkeep
|c|☆Vasor|that was sad
|
|t:|1642170908
|switch|p2a: Rotom|Rotom-Heat|75/100
|turn|20
|c|☆Ivyon|like the paralysed cloyster with a x2 rock blast
|
|t:|1642170933
|move|p2a: Rotom|Volt Switch|p1a: Slowbro
|-supereffective|p1a: Slowbro
|-damage|p1a: Slowbro|0 fnt
|faint|p1a: Slowbro
|
|t:|1642170952
|switch|p2a: Togekiss|Togekiss, M|100/100|[from]move: Volt Switch
|
|upkeep
|
|t:|1642170955
|switch|p1a: Scizor|Scizor, F|66/100 par
|turn|21
|
|t:|1642170971
|move|p1a: Scizor|Bullet Punch|p2a: Togekiss
|-supereffective|p2a: Togekiss
|-damage|p2a: Togekiss|44/100
|move|p2a: Togekiss|Air Slash|p1a: Scizor|[miss]
|-miss|p2a: Togekiss|p1a: Scizor
|
|upkeep
|turn|22
|
|t:|1642170981
|switch|p2a: Rotom|Rotom-Heat|75/100
|move|p1a: Scizor|Superpower|p2a: Rotom
|-damage|p2a: Rotom|26/100
|-unboost|p1a: Scizor|atk|1
|-unboost|p1a: Scizor|def|1
|
|upkeep
|turn|23
|
|t:|1642170997
|switch|p2a: Togekiss|Togekiss, M|44/100
|move|p1a: Scizor|Superpower|p2a: Togekiss
|-resisted|p2a: Togekiss
|-damage|p2a: Togekiss|38/100
|-unboost|p1a: Scizor|atk|1
|-unboost|p1a: Scizor|def|1
|
|upkeep
|turn|24
|
|t:|1642171005
|move|p1a: Scizor|Bullet Punch|p2a: Togekiss
|-supereffective|p2a: Togekiss
|-damage|p2a: Togekiss|11/100
|move|p2a: Togekiss|Roost|p2a: Togekiss
|-heal|p2a: Togekiss|61/100
|-singleturn|p2a: Togekiss|move: Roost
|
|upkeep
|turn|25
|
|t:|1642171013
|cant|p1a: Scizor|par
|move|p2a: Togekiss|Air Slash|p1a: Scizor
|-damage|p1a: Scizor|33/100 par
|
|upkeep
|turn|26
|
|t:|1642171018
|switch|p1a: Dragonite|Dragonite, M, shiny|100/100
|move|p2a: Togekiss|Air Slash|p1a: Dragonite
|-damage|p1a: Dragonite|85/100
|
|upkeep
|turn|27
|
|t:|1642171023
|move|p1a: Dragonite|Dragon Dance|p1a: Dragonite
|-boost|p1a: Dragonite|atk|1
|-boost|p1a: Dragonite|spe|1
|move|p2a: Togekiss|Roost|p2a: Togekiss
|-heal|p2a: Togekiss|100/100
|-singleturn|p2a: Togekiss|move: Roost
|
|upkeep
|turn|28
|
|t:|1642171032
|move|p1a: Dragonite|Dragon Dance|p1a: Dragonite
|-boost|p1a: Dragonite|atk|1
|-boost|p1a: Dragonite|spe|1
|move|p2a: Togekiss|Thunder Wave|p1a: Dragonite
|-status|p1a: Dragonite|par
|
|upkeep
|turn|29
|
|t:|1642171041
|move|p1a: Dragonite|Extreme Speed|p2a: Togekiss
|-crit|p2a: Togekiss
|-damage|p2a: Togekiss|35/100
|move|p2a: Togekiss|Air Slash|p1a: Dragonite
|-damage|p1a: Dragonite|54/100 par
|
|upkeep
|turn|30
|
|t:|1642171049
|move|p1a: Dragonite|Extreme Speed|p2a: Togekiss
|-crit|p2a: Togekiss
|-damage|p2a: Togekiss|0 fnt
|faint|p2a: Togekiss
|
|upkeep
|
|t:|1642171062
|switch|p2a: Rotom|Rotom-Heat|26/100
|turn|31
|c|☆Vasor|gg
|
|t:|1642171067
|cant|p1a: Dragonite|par
|move|p2a: Rotom|Pain Split|p1a: Dragonite
|-sethp|p1a: Dragonite|39/100 par|[from] move: Pain Split|[silent]
|-sethp|p2a: Rotom|42/100|[from] move: Pain Split
|
|upkeep
|turn|32
|
|t:|1642171077
|move|p1a: Dragonite|Extreme Speed|p2a: Rotom
|-damage|p2a: Rotom|0 fnt
|faint|p2a: Rotom
|
|win|Ivyon
|raw|Ivyon's rating: 1391 &rarr; <strong>1408</strong><br />(+17 for winning)
|raw|Vasor's rating: 1331 &rarr; <strong>1314</strong><br />(-17 for losing)
|c|☆Ivyon|gg
|l|☆Ivyon
||Ladder isn't responding, score probably updated but might not have (Request timeout).
