|j|☆hqstest
|j|☆64j3t3hrt3h
|t:|1664753514
|gametype|singles
|player|p1|hqstest|veteranf|1598
|player|p2|64j3t3hrt3h|170|1660
|teamsize|p1|6
|teamsize|p2|6
|gen|8
|tier|[Gen 8] OU
|rated|
|rule|Sleep Clause Mod: Limit one foe put to sleep
|rule|Species Clause: Limit one of each Pokémon
|rule|OHKO Clause: OHKO moves are banned
|rule|Evasion Items Clause: Evasion items are banned
|rule|Evasion Moves Clause: Evasion moves are banned
|rule|Endless Battle Clause: Forcing endless battles is banned
|rule|HP Percentage Mod: HP is shown in percentages
|rule|Dynamax Clause: You cannot dynamax
|clearpoke
|poke|p1|Terrakion|
|poke|p1|Weavile, M|
|poke|p1|Blaziken, F|
|poke|p1|Mew|
|poke|p1|Tapu Koko|
|poke|p1|Dragonite, M|
|poke|p2|Buzzwole|
|poke|p2|Landorus-Therian, M|
|poke|p2|Magnezone|
|poke|p2|Tyranitar, F|
|poke|p2|Tapu Lele|
|poke|p2|Toxapex, F|
|teampreview
|
|t:|1664753522
|start
|switch|p1a: Terrakion|Terrakion|100/100
|switch|p2a: Tapu Lele|Tapu Lele, shiny|100/100
|-fieldstart|move: Psychic Terrain|[from] ability: Psychic Surge|[of] p2a: Tapu Lele
|turn|1
|inactive|Battle timer is ON: inactive players will automatically lose when time's up. (requested by hqstest)
|
|t:|1664753530
|switch|p2a: Buzzwole|Buzzwole|100/100
|move|p1a: Terrakion|Rock Tomb|p2a: Buzzwole|[miss]
|-miss|p1a: Terrakion|p2a: Buzzwole
|
|upkeep
|turn|2
|
|t:|1664753538
|move|p2a: Buzzwole|Leech Life|p1a: Terrakion
|-resisted|p1a: Terrakion
|-damage|p1a: Terrakion|74/100
|move|p1a: Terrakion|Taunt|p2a: Buzzwole
|-start|p2a: Buzzwole|move: Taunt
|
|upkeep
|turn|3
|
|t:|1664753546
|switch|p2a: Landorus|Landorus-Therian, M|100/100
|-ability|p2a: Landorus|Intimidate|boost
|-unboost|p1a: Terrakion|atk|1
|move|p1a: Terrakion|Stealth Rock|p2a: Landorus
|-sidestart|p2: 64j3t3hrt3h|move: Stealth Rock
|
|upkeep
|turn|4
|
|t:|1664753549
|move|p1a: Terrakion|Taunt|p2a: Landorus
|-start|p2a: Landorus|move: Taunt
|move|p2a: Landorus|Earthquake|p1a: Terrakion
|-supereffective|p1a: Terrakion
|-damage|p1a: Terrakion|0 fnt
|faint|p1a: Terrakion
|
|upkeep
|
|t:|1664753557
|switch|p1a: Blaziken|Blaziken, F|100/100
|-item|p1a: Blaziken|Air Balloon
|turn|5
|
|t:|1664753561
|move|p1a: Blaziken|Swords Dance|p1a: Blaziken
|-boost|p1a: Blaziken|atk|2
|move|p2a: Landorus|U-turn|p1a: Blaziken
|-resisted|p1a: Blaziken
|-damage|p1a: Blaziken|93/100
|-enditem|p1a: Blaziken|Air Balloon
|
|t:|1664753563
|switch|p2a: Buzzwole|Buzzwole|100/100|[from]move: U-turn
|-damage|p2a: Buzzwole|88/100|[from] Stealth Rock
|
|-fieldend|move: Psychic Terrain
|-ability|p1a: Blaziken|Speed Boost|boost
|-boost|p1a: Blaziken|spe|1
|upkeep
|turn|6
|j| Kyurem
|
|t:|1664753571
|switch|p1a: Dragonite|Dragonite, M|100/100
|move|p2a: Buzzwole|Earthquake|p1a: Dragonite
|-immune|p1a: Dragonite
|
|upkeep
|turn|7
|inactive|64j3t3hrt3h has 120 seconds left.
|j| Mel0nL0rd
|j| Bob Dross
|
|t:|1664753627
|switch|p2a: Toxapex|Toxapex, F|100/100
|-damage|p2a: Toxapex|88/100|[from] Stealth Rock
|move|p1a: Dragonite|Dragon Dance|p1a: Dragonite
|-boost|p1a: Dragonite|atk|1
|-boost|p1a: Dragonite|spe|1
|
|upkeep
|turn|8
|
|t:|1664753630
|move|p1a: Dragonite|Earthquake|p2a: Toxapex
|-supereffective|p2a: Toxapex
|-damage|p2a: Toxapex|20/100
|move|p2a: Toxapex|Haze|p2a: Toxapex
|-clearallboost
|
|upkeep
|turn|9
|
|t:|1664753641
|switch|p2a: Landorus|Landorus-Therian, M|100/100
|-damage|p2a: Landorus|88/100|[from] Stealth Rock
|-ability|p2a: Landorus|Intimidate|boost
|-unboost|p1a: Dragonite|atk|1
|move|p1a: Dragonite|Dragon Dance|p1a: Dragonite
|-boost|p1a: Dragonite|atk|1
|-boost|p1a: Dragonite|spe|1
|
|-heal|p2a: Landorus|94/100|[from] item: Leftovers
|upkeep
|turn|10
|
|t:|1664753644
|move|p1a: Dragonite|Ice Punch|p2a: Landorus
|-supereffective|p2a: Landorus
|-damage|p2a: Landorus|0 fnt
|faint|p2a: Landorus
|
|upkeep
|
|t:|1664753648
|switch|p2a: Tapu Lele|Tapu Lele, shiny|100/100
|-damage|p2a: Tapu Lele|88/100|[from] Stealth Rock
|-fieldstart|move: Psychic Terrain|[from] ability: Psychic Surge|[of] p2a: Tapu Lele
|turn|11
|
|t:|1664753658
|switch|p1a: Mew|Mew|100/100
|move|p2a: Tapu Lele|Moonblast|p1a: Mew
|-damage|p1a: Mew|35/100
|
|upkeep
|turn|12
|
|t:|1664753668
|move|p1a: Mew|Thunder Wave|p2a: Tapu Lele
|-status|p2a: Tapu Lele|par
|move|p2a: Tapu Lele|Moonblast|p1a: Mew
|-damage|p1a: Mew|0 fnt
|faint|p1a: Mew
|
|upkeep
|
|t:|1664753680
|switch|p1a: Weavile|Weavile, M|100/100
|-ability|p1a: Weavile|Pressure
|turn|13
|
|t:|1664753684
|switch|p2a: Toxapex|Toxapex, F|53/100
|-damage|p2a: Toxapex|40/100|[from] Stealth Rock
|move|p1a: Weavile|Knock Off|p2a: Toxapex
|-damage|p2a: Toxapex|3/100
|-damage|p1a: Weavile|84/100|[from] item: Rocky Helmet|[of] p2a: Toxapex
|-enditem|p2a: Toxapex|Rocky Helmet|[from] move: Knock Off|[of] p1a: Weavile
|-damage|p1a: Weavile|74/100|[from] item: Life Orb
|
|upkeep
|turn|14
|
|t:|1664753691
|move|p1a: Weavile|Knock Off|p2a: Toxapex
|-damage|p2a: Toxapex|0 fnt
|faint|p2a: Toxapex
|-damage|p1a: Weavile|64/100|[from] item: Life Orb
|
|upkeep
|
|t:|1664753693
|switch|p2a: Buzzwole|Buzzwole|88/100
|-damage|p2a: Buzzwole|76/100|[from] Stealth Rock
|turn|15
|
|t:|1664753702
|move|p2a: Buzzwole|Ice Punch|p1a: Weavile
|-resisted|p1a: Weavile
|-damage|p1a: Weavile|39/100
|move|p1a: Weavile|Triple Axel|p2a: Buzzwole
|-damage|p2a: Buzzwole|67/100
|-damage|p2a: Buzzwole|47/100
|-damage|p2a: Buzzwole|17/100
|-hitcount|p2a: Buzzwole|3
|-damage|p1a: Weavile|29/100|[from] item: Life Orb
|
|-fieldend|move: Psychic Terrain
|upkeep
|turn|16
|
|t:|1664753712
|move|p1a: Weavile|Ice Shard|p2a: Buzzwole
|-damage|p2a: Buzzwole|0 fnt
|faint|p2a: Buzzwole
|-damage|p1a: Weavile|19/100|[from] item: Life Orb
|
|upkeep
|-message|64j3t3hrt3h forfeited.
|
|win|hqstest
|raw|hqstest's rating: 1598 &rarr; <strong>1622</strong><br />(+24 for winning)
|raw|64j3t3hrt3h's rating: 1660 &rarr; <strong>1636</strong><br />(-24 for losing)
|l|☆64j3t3hrt3h
|l| Bob Dross
||Ladder isn't responding, score probably updated but might not have (Request timeout).
