|j|☆Geenobe
|j|☆Jeiku-Chan
|t:|1636485725
|gametype|singles
|player|p1|Geenobe|guzma|1596
|player|p2|Jeiku-Chan|1|1614
|teamsize|p1|6
|teamsize|p2|6
|gen|8
|tier|[Gen 8] OU
|rated|
|rule|Sleep Clause Mod: Limit one foe put to sleep
|rule|Species Clause: Limit one of each Pokémon
|rule|OHKO Clause: OHKO moves are banned
|rule|Evasion Moves Clause: Evasion moves are banned
|rule|Endless Battle Clause: Forcing endless battles is banned
|rule|HP Percentage Mod: HP is shown in percentages
|rule|Dynamax Clause: You cannot dynamax
|clearpoke
|poke|p1|Tyranitar, M|
|poke|p1|Garchomp, M|
|poke|p1|Corviknight, M|
|poke|p1|Scizor, M|
|poke|p1|Tapu Fini|
|poke|p1|Blacephalon|
|poke|p2|Tapu Koko|
|poke|p2|Hawlucha, F|
|poke|p2|Kyurem|
|poke|p2|Mew|
|poke|p2|Volcarona, M|
|poke|p2|Kartana|
|teampreview
|
|t:|1636485743
|start
|switch|p1a: Tap Water|Tapu Fini|100/100
|switch|p2a: Tapu Koko|Tapu Koko|100/100
|-fieldstart|move: Misty Terrain|[from] ability: Misty Surge|[of] p1a: Tap Water
|-fieldstart|move: Electric Terrain|[from] ability: Electric Surge|[of] p2a: Tapu Koko
|turn|1
|
|t:|1636485761
|move|p1a: Tap Water|Knock Off|p2a: Tapu Koko
|-resisted|p2a: Tapu Koko
|-damage|p2a: Tapu Koko|92/100
|-enditem|p2a: Tapu Koko|Light Clay|[from] move: Knock Off|[of] p1a: Tap Water
|move|p2a: Tapu Koko|Light Screen|p2a: Tapu Koko
|-sidestart|p2: Jeiku-Chan|move: Light Screen
|
|upkeep
|turn|2
|j| zmxncvbz
|
|t:|1636485782
|switch|p1a: Garchew|Garchomp, M|100/100
|move|p2a: Tapu Koko|Reflect|p2a: Tapu Koko
|-sidestart|p2: Jeiku-Chan|Reflect
|
|upkeep
|turn|3
|
|t:|1636485787
|move|p2a: Tapu Koko|Taunt|p1a: Garchew
|-start|p1a: Garchew|move: Taunt
|cant|p1a: Garchew|move: Taunt|Stealth Rock
|
|upkeep
|turn|4
|
|t:|1636485810
|switch|p1a: Tap Water|Tapu Fini|100/100
|-fieldstart|move: Misty Terrain|[from] ability: Misty Surge|[of] p1a: Tap Water
|move|p2a: Tapu Koko|U-turn|p1a: Tap Water
|-resisted|p1a: Tap Water
|-damage|p1a: Tap Water|92/100
|
|t:|1636485821
|switch|p2a: Kartana|Kartana|100/100|[from]move: U-turn
|
|upkeep
|turn|5
|
|t:|1636485834
|switch|p1a: Garchew|Garchomp, M|100/100
|move|p2a: Kartana|Knock Off|p1a: Garchew
|-damage|p1a: Garchew|76/100
|-damage|p2a: Kartana|88/100|[from] ability: Rough Skin|[of] p1a: Garchew
|-damage|p2a: Kartana|72/100|[from] item: Rocky Helmet|[of] p1a: Garchew
|-enditem|p1a: Garchew|Rocky Helmet|[from] move: Knock Off|[of] p2a: Kartana
|
|-sideend|p2: Jeiku-Chan|move: Light Screen
|upkeep
|turn|6
|
|t:|1636485849
|switch|p2a: Tapu Koko|Tapu Koko|92/100
|-fieldstart|move: Electric Terrain|[from] ability: Electric Surge|[of] p2a: Tapu Koko
|move|p1a: Garchew|Stealth Rock|p2a: Tapu Koko
|-sidestart|p2: Jeiku-Chan|move: Stealth Rock
|
|-sideend|p2: Jeiku-Chan|Reflect
|upkeep
|turn|7
|
|t:|1636485853
|move|p2a: Tapu Koko|Reflect|p2a: Tapu Koko
|-sidestart|p2: Jeiku-Chan|Reflect
|move|p1a: Garchew|Earthquake|p2a: Tapu Koko
|-supereffective|p2a: Tapu Koko
|-damage|p2a: Tapu Koko|46/100
|
|upkeep
|turn|8
|
|t:|1636485857
|move|p2a: Tapu Koko|Light Screen|p2a: Tapu Koko
|-sidestart|p2: Jeiku-Chan|move: Light Screen
|move|p1a: Garchew|Toxic|p2a: Tapu Koko
|-status|p2a: Tapu Koko|tox
|
|-damage|p2a: Tapu Koko|40/100 tox|[from] psn
|upkeep
|turn|9
|
|t:|1636485870
|switch|p1a: Tap Water|Tapu Fini|92/100
|-fieldstart|move: Misty Terrain|[from] ability: Misty Surge|[of] p1a: Tap Water
|move|p2a: Tapu Koko|U-turn|p1a: Tap Water
|-resisted|p1a: Tap Water
|-damage|p1a: Tap Water|84/100
|
|t:|1636485882
|switch|p2a: Volcarona|Volcarona, M|100/100|[from]move: U-turn
|
|upkeep
|turn|10
|
|t:|1636485887
|move|p1a: Tap Water|Trick|p2a: Volcarona
|-activate|p1a: Tap Water|move: Trick|[of] p2a: Volcarona
|-item|p2a: Volcarona|Choice Scarf|[from] move: Trick
|-item|p1a: Tap Water|Heavy-Duty Boots|[from] move: Trick
|move|p2a: Volcarona|Giga Drain|p1a: Tap Water
|-supereffective|p1a: Tap Water
|-damage|p1a: Tap Water|36/100
|
|upkeep
|turn|11
|
|t:|1636485898
|switch|p2a: Tapu Koko|Tapu Koko|40/100 tox
|-damage|p2a: Tapu Koko|27/100 tox|[from] Stealth Rock
|-fieldstart|move: Electric Terrain|[from] ability: Electric Surge|[of] p2a: Tapu Koko
|switch|p1a: Caesar|Scizor, M|100/100
|
|-damage|p2a: Tapu Koko|21/100 tox|[from] psn
|-sideend|p2: Jeiku-Chan|Reflect
|upkeep
|turn|12
|
|t:|1636485902
|move|p1a: Caesar|Bullet Punch|p2a: Tapu Koko
|-damage|p2a: Tapu Koko|0 fnt
|faint|p2a: Tapu Koko
|
|-sideend|p2: Jeiku-Chan|move: Light Screen
|upkeep
|
|t:|1636485904
|switch|p2a: Hawlucha|Hawlucha, F|100/100
|-damage|p2a: Hawlucha|88/100|[from] Stealth Rock
|-enditem|p2a: Hawlucha|Electric Seed
|-boost|p2a: Hawlucha|def|1|[from] item: Electric Seed
|turn|13
|
|t:|1636485914
|move|p2a: Hawlucha|Swords Dance|p2a: Hawlucha
|-boost|p2a: Hawlucha|atk|2
|move|p1a: Caesar|U-turn|p2a: Hawlucha
|-resisted|p2a: Hawlucha
|-damage|p2a: Hawlucha|82/100
|
|t:|1636485916
|switch|p1a: Goro|Corviknight, M|100/100|[from]move: U-turn
|-ability|p1a: Goro|Pressure
|
|upkeep
|turn|14
|
|t:|1636485921
|move|p2a: Hawlucha|Swords Dance|p2a: Hawlucha
|-boost|p2a: Hawlucha|atk|2
|move|p1a: Goro|Brave Bird|p2a: Hawlucha
|-supereffective|p2a: Hawlucha
|-damage|p2a: Hawlucha|27/100
|-damage|p1a: Goro|84/100|[from] Recoil
|
|upkeep
|turn|15
|j| blazidrago
|
|t:|1636485930
|switch|p1a: Garchew|Garchomp, M|76/100
|move|p2a: Hawlucha|Close Combat|p1a: Garchew
|-damage|p1a: Garchew|0 fnt
|-unboost|p2a: Hawlucha|def|1
|-unboost|p2a: Hawlucha|spd|1
|-damage|p2a: Hawlucha|14/100|[from] ability: Rough Skin|[of] p1a: Garchew
|faint|p1a: Garchew
|
|-fieldend|move: Electric Terrain
|upkeep
|
|t:|1636485939
|switch|p1a: Caesar|Scizor, M|100/100
|turn|16
|
|t:|1636485962
|switch|p2a: Volcarona|Volcarona, M|100/100
|-damage|p2a: Volcarona|51/100|[from] Stealth Rock
|move|p1a: Caesar|Bullet Punch|p2a: Volcarona
|-resisted|p2a: Volcarona
|-damage|p2a: Volcarona|30/100
|-status|p1a: Caesar|brn|[from] ability: Flame Body|[of] p2a: Volcarona
|
|-damage|p1a: Caesar|94/100 brn|[from] brn
|upkeep
|turn|17
|
|t:|1636485972
|switch|p1a: 呉爾羅|Tyranitar, M|100/100
|-weather|Sandstorm|[from] ability: Sand Stream|[of] p1a: 呉爾羅
|move|p2a: Volcarona|Giga Drain|p1a: 呉爾羅
|-supereffective|p1a: 呉爾羅
|-damage|p1a: 呉爾羅|61/100
|-heal|p2a: Volcarona|52/100|[from] drain|[of] p1a: 呉爾羅
|
|-weather|Sandstorm|[upkeep]
|-damage|p2a: Volcarona|46/100|[from] Sandstorm
|upkeep
|turn|18
|
|t:|1636485980
|move|p2a: Volcarona|Giga Drain|p1a: 呉爾羅
|-supereffective|p1a: 呉爾羅
|-damage|p1a: 呉爾羅|19/100
|-heal|p2a: Volcarona|69/100|[from] drain|[of] p1a: 呉爾羅
|move|p1a: 呉爾羅|Crunch|p2a: Volcarona
|-damage|p2a: Volcarona|0 fnt
|faint|p2a: Volcarona
|
|-weather|Sandstorm|[upkeep]
|upkeep
|
|t:|1636485999
|switch|p2a: Kartana|Kartana|72/100
|-damage|p2a: Kartana|65/100|[from] Stealth Rock
|turn|19
|
|t:|1636486006
|move|p2a: Kartana|Knock Off|p1a: 呉爾羅
|-resisted|p1a: 呉爾羅
|-damage|p1a: 呉爾羅|0 fnt
|-enditem|p1a: 呉爾羅|Choice Band|[from] move: Knock Off|[of] p2a: Kartana
|faint|p1a: 呉爾羅
|-ability|p2a: Kartana|Beast Boost|boost
|-boost|p2a: Kartana|atk|1
|
|-weather|Sandstorm|[upkeep]
|upkeep
|
|t:|1636486013
|switch|p1a: Goro|Corviknight, M|84/100
|-ability|p1a: Goro|Pressure
|turn|20
|
|t:|1636486017
|move|p2a: Kartana|Knock Off|p1a: Goro
|-damage|p1a: Goro|43/100
|-damage|p2a: Kartana|49/100|[from] item: Rocky Helmet|[of] p1a: Goro
|-enditem|p1a: Goro|Rocky Helmet|[from] move: Knock Off|[of] p2a: Kartana
|move|p1a: Goro|Brave Bird|p2a: Kartana
|-damage|p2a: Kartana|9/100
|-damage|p1a: Goro|34/100|[from] Recoil
|
|-weather|Sandstorm|[upkeep]
|upkeep
|turn|21
|
|t:|1636486028
|switch|p2a: Hawlucha|Hawlucha, F|14/100
|-damage|p2a: Hawlucha|2/100|[from] Stealth Rock
|move|p1a: Goro|Roost|p1a: Goro
|-heal|p1a: Goro|84/100
|-singleturn|p1a: Goro|move: Roost
|
|-weather|none
|upkeep
|turn|22
|
|t:|1636486036
|move|p2a: Hawlucha|Close Combat|p1a: Goro
|-crit|p1a: Goro
|-damage|p1a: Goro|32/100
|-unboost|p2a: Hawlucha|def|1
|-unboost|p2a: Hawlucha|spd|1
|move|p1a: Goro|U-turn|p2a: Hawlucha
|-resisted|p2a: Hawlucha
|-damage|p2a: Hawlucha|0 fnt
|faint|p2a: Hawlucha
|
|t:|1636486046
|switch|p1a: Entire Circus|Blacephalon, shiny|100/100|[from]move: U-turn
|
|upkeep
|
|t:|1636486048
|switch|p2a: Kyurem|Kyurem|100/100
|-damage|p2a: Kyurem|76/100|[from] Stealth Rock
|-ability|p2a: Kyurem|Pressure
|turn|23
|
|t:|1636486054
|move|p1a: Entire Circus|Overheat|p2a: Kyurem
|-damage|p2a: Kyurem|0 fnt
|-unboost|p1a: Entire Circus|spa|2
|faint|p2a: Kyurem
|-ability|p1a: Entire Circus|Beast Boost|boost
|-boost|p1a: Entire Circus|spa|1
|
|upkeep
|
|t:|1636486056
|switch|p2a: Mew|Mew|100/100
|-damage|p2a: Mew|88/100|[from] Stealth Rock
|turn|24
|
|t:|1636486062
|switch|p1a: Tap Water|Tapu Fini|36/100
|-fieldstart|move: Misty Terrain|[from] ability: Misty Surge|[of] p1a: Tap Water
|move|p2a: Mew|Cosmic Power|p2a: Mew
|-boost|p2a: Mew|def|1
|-boost|p2a: Mew|spd|1
|
|-heal|p2a: Mew|94/100|[from] item: Leftovers
|upkeep
|turn|25
|
|t:|1636486074
|switch|p1a: Caesar|Scizor, M|94/100 brn
|move|p2a: Mew|Cosmic Power|p2a: Mew
|-boost|p2a: Mew|def|1
|-boost|p2a: Mew|spd|1
|
|-heal|p2a: Mew|100/100|[from] item: Leftovers
|-damage|p1a: Caesar|88/100 brn|[from] brn
|upkeep
|turn|26
|
|t:|1636486081
|move|p2a: Mew|Taunt|p1a: Caesar
|-start|p1a: Caesar|move: Taunt
|move|p1a: Caesar|U-turn|p2a: Mew
|-supereffective|p2a: Mew
|-damage|p2a: Mew|88/100
|
|t:|1636486084
|switch|p1a: Entire Circus|Blacephalon, shiny|100/100|[from]move: U-turn
|
|-heal|p2a: Mew|95/100|[from] item: Leftovers
|upkeep
|turn|27
|
|t:|1636486090
|move|p1a: Entire Circus|Trick|p2a: Mew
|-activate|p1a: Entire Circus|move: Trick|[of] p2a: Mew
|-item|p2a: Mew|Choice Specs|[from] move: Trick
|-item|p1a: Entire Circus|Leftovers|[from] move: Trick
|move|p2a: Mew|Soft-Boiled|p2a: Mew
|-heal|p2a: Mew|100/100
|
|upkeep
|turn|28
|
|t:|1636486098
|switch|p2a: Kartana|Kartana|9/100
|-damage|p2a: Kartana|3/100|[from] Stealth Rock
|move|p1a: Entire Circus|Shadow Ball|p2a: Kartana
|-damage|p2a: Kartana|0 fnt
|faint|p2a: Kartana
|-ability|p1a: Entire Circus|Beast Boost|boost
|-boost|p1a: Entire Circus|spa|1
|
|-fieldend|Misty Terrain
|upkeep
|
|t:|1636486099
|switch|p2a: Mew|Mew|100/100
|-damage|p2a: Mew|88/100|[from] Stealth Rock
|turn|29
|
|t:|1636486102
|move|p1a: Entire Circus|Shadow Ball|p2a: Mew
|-supereffective|p2a: Mew
|-damage|p2a: Mew|0 fnt
|faint|p2a: Mew
|
|win|Geenobe
|raw|Geenobe's rating: 1596 &rarr; <strong>1617</strong><br />(+21 for winning)
|raw|Jeiku-Chan's rating: 1614 &rarr; <strong>1593</strong><br />(-21 for losing)
|c|☆Jeiku-Chan|fuck u
|l|☆Jeiku-Chan
|c|☆Geenobe|Ok?
|l|☆Geenobe
