|j|☆maxinyuuu
|j|☆minimax_ai
|t:|1665385591
|gametype|singles
|player|p1|maxinyuuu|1|1555
|player|p2|minimax_ai|lusamine-nihilego|1568
|teamsize|p1|6
|teamsize|p2|6
|gen|8
|tier|[Gen 8] OU
|rated|
|rule|Sleep Clause Mod: Limit one foe put to sleep
|rule|Species Clause: Limit one of each Pokémon
|rule|OHKO Clause: OHKO moves are banned
|rule|Evasion Items Clause: Evasion items are banned
|rule|Evasion Moves Clause: Evasion moves are banned
|rule|Endless Battle Clause: Forcing endless battles is banned
|rule|HP Percentage Mod: HP is shown in percentages
|rule|Dynamax Clause: You cannot dynamax
|clearpoke
|poke|p1|Volcarona, F|
|poke|p1|Zapdos|
|poke|p1|Rillaboom, F|
|poke|p1|Mantine, M|
|poke|p1|Garchomp, F|
|poke|p1|Heatran, F|
|poke|p2|Rotom-Wash|
|poke|p2|Weavile, M|
|poke|p2|Landorus-Therian, M|
|poke|p2|Heatran, M|
|poke|p2|Tangrowth, F|
|poke|p2|Melmetal|
|teampreview
|c|☆minimax_ai|hf
|inactive|Battle timer is ON: inactive players will automatically lose when time's up. (requested by minimax_ai)
|
|t:|1665385604
|start
|switch|p1a: Volcarona|Volcarona, F|100/100
|switch|p2a: landorustherian|Landorus-Therian, M|100/100
|-ability|p2a: landorustherian|Intimidate|boost
|-unboost|p1a: Volcarona|atk|1
|turn|1
|
|t:|1665385608
|switch|p1a: Zapdos|Zapdos|100/100
|move|p2a: landorustherian|Toxic|p1a: Zapdos
|-status|p1a: Zapdos|tox
|
|-damage|p1a: Zapdos|94/100 tox|[from] psn
|upkeep
|turn|2
|
|t:|1665385615
|move|p1a: Zapdos|Hurricane|p2a: landorustherian
|-damage|p2a: landorustherian|69/100
|move|p2a: landorustherian|Toxic|p1a: Zapdos
|-fail|p1a: Zapdos|tox
|
|-heal|p2a: landorustherian|75/100|[from] item: Leftovers
|-damage|p1a: Zapdos|82/100 tox|[from] psn
|upkeep
|turn|3
|
|t:|1665385622
|switch|p1a: Garchomp|Garchomp, F|100/100
|move|p2a: landorustherian|Toxic|p1a: Garchomp
|-status|p1a: Garchomp|tox
|
|-heal|p2a: landorustherian|81/100|[from] item: Leftovers
|-damage|p1a: Garchomp|94/100 tox|[from] psn
|upkeep
|turn|4
|
|t:|1665385629
|move|p1a: Garchomp|Swords Dance|p1a: Garchomp
|-boost|p1a: Garchomp|atk|2
|move|p2a: landorustherian|Earthquake|p1a: Garchomp
|-damage|p1a: Garchomp|48/100 tox
|
|-heal|p1a: Garchomp|54/100 tox|[from] item: Leftovers
|-heal|p2a: landorustherian|87/100|[from] item: Leftovers
|-damage|p1a: Garchomp|42/100 tox|[from] psn
|upkeep
|turn|5
|
|t:|1665385632
|move|p1a: Garchomp|Scale Shot|p2a: landorustherian
|-damage|p2a: landorustherian|63/100
|-damage|p2a: landorustherian|36/100
|-damage|p2a: landorustherian|10/100
|-hitcount|p2a: landorustherian|3
|-unboost|p1a: Garchomp|def|1
|-boost|p1a: Garchomp|spe|1
|move|p2a: landorustherian|Earthquake|p1a: Garchomp
|-damage|p1a: Garchomp|0 fnt
|faint|p1a: Garchomp
|
|-heal|p2a: landorustherian|17/100|[from] item: Leftovers
|upkeep
|
|t:|1665385641
|switch|p1a: Rillaboom|Rillaboom, F|100/100
|-fieldstart|move: Grassy Terrain|[from] ability: Grassy Surge|[of] p1a: Rillaboom
|turn|6
|
|t:|1665385643
|switch|p2a: Tangrowth|Tangrowth, F|100/100
|move|p1a: Rillaboom|Swords Dance|p1a: Rillaboom
|-boost|p1a: Rillaboom|atk|2
|
|upkeep
|turn|7
|
|t:|1665385645
|move|p1a: Rillaboom|Swords Dance|p1a: Rillaboom
|-boost|p1a: Rillaboom|atk|2
|move|p2a: Tangrowth|Knock Off|p1a: Rillaboom
|-damage|p1a: Rillaboom|76/100
|-enditem|p1a: Rillaboom|Life Orb|[from] move: Knock Off|[of] p2a: Tangrowth
|
|-heal|p1a: Rillaboom|83/100|[from] Grassy Terrain
|upkeep
|turn|8
|
|t:|1665385646
|move|p1a: Rillaboom|Swords Dance|p1a: Rillaboom
|-boost|p1a: Rillaboom|atk|2
|move|p2a: Tangrowth|Giga Drain|p1a: Rillaboom
|-resisted|p1a: Rillaboom
|-damage|p1a: Rillaboom|57/100
|
|-heal|p1a: Rillaboom|63/100|[from] Grassy Terrain
|upkeep
|turn|9
|
|t:|1665385649
|switch|p2a: landorustherian|Landorus-Therian, M|17/100
|-ability|p2a: landorustherian|Intimidate|boost
|-unboost|p1a: Rillaboom|atk|1
|move|p1a: Rillaboom|Knock Off|p2a: landorustherian
|-damage|p2a: landorustherian|0 fnt
|-enditem|p2a: landorustherian|Leftovers|[from] move: Knock Off|[of] p1a: Rillaboom
|faint|p2a: landorustherian
|
|-heal|p1a: Rillaboom|69/100|[from] Grassy Terrain
|upkeep
|
|t:|1665385649
|switch|p2a: Heatran|Heatran, M|100/100
|-item|p2a: Heatran|Air Balloon
|turn|10
|
|t:|1665385652
|move|p2a: Heatran|Magma Storm|p1a: Rillaboom
|-supereffective|p1a: Rillaboom
|-damage|p1a: Rillaboom|0 fnt
|faint|p1a: Rillaboom
|
|-fieldend|move: Grassy Terrain
|upkeep
|
|t:|1665385657
|switch|p1a: Mantine|Mantine, M|100/100
|turn|11
|
|t:|1665385658
|switch|p2a: rotomwash|Rotom-Wash|100/100
|move|p1a: Mantine|Scald|p2a: rotomwash
|-resisted|p2a: rotomwash
|-damage|p2a: rotomwash|89/100
|
|-heal|p2a: rotomwash|96/100|[from] item: Leftovers
|upkeep
|turn|12
|
|t:|1665385665
|switch|p1a: Zapdos|Zapdos|82/100 tox
|move|p2a: rotomwash|Nasty Plot|p2a: rotomwash
|-boost|p2a: rotomwash|spa|2
|
|-heal|p2a: rotomwash|100/100|[from] item: Leftovers
|-damage|p1a: Zapdos|76/100 tox|[from] psn
|upkeep
|turn|13
|
|t:|1665385667
|move|p2a: rotomwash|Thunderbolt|p1a: Zapdos
|-damage|p1a: Zapdos|5/100 tox
|move|p1a: Zapdos|Volt Switch|p2a: rotomwash
|-damage|p2a: rotomwash|72/100
|
|t:|1665385670
|switch|p1a: Volcarona|Volcarona, F|100/100|[from]move: Volt Switch
|
|-heal|p2a: rotomwash|78/100|[from] item: Leftovers
|upkeep
|turn|14
|
|t:|1665385672
|switch|p1a: Mantine|Mantine, M|100/100
|move|p2a: rotomwash|Hydro Pump|p1a: Mantine
|-immune|p1a: Mantine|[from] ability: Water Absorb
|
|-heal|p2a: rotomwash|84/100|[from] item: Leftovers
|upkeep
|turn|15
|
|t:|1665385674
|move|p2a: rotomwash|Thunderbolt|p1a: Mantine
|-supereffective|p1a: Mantine
|-damage|p1a: Mantine|0 fnt
|faint|p1a: Mantine
|
|-heal|p2a: rotomwash|91/100|[from] item: Leftovers
|upkeep
|-message|maxinyuuu forfeited.
|
|win|minimax_ai
|raw|maxinyuuu's rating: 1555 &rarr; <strong>1536</strong><br />(-19 for losing)
|raw|minimax_ai's rating: 1568 &rarr; <strong>1587</strong><br />(+19 for winning)
|c|☆minimax_ai|gg
|l|☆maxinyuuu
