|html|<div class="broadcast-blue"><strong>[Gen 8] OU is currently suspecting Melmetal! For information on how to participate check out the <a href="https://www.smogon.com/forums/threads/np-ss-ou-suspect-process-round-12-monster-mash.3709234/">suspect thread</a>.</strong></div>
|j|☆FleetFoxxx
|j|☆test bbbbn
|t:|1665769233
|gametype|singles
|player|p1|FleetFoxxx|101|1520
|player|p2|test bbbbn|juan-gen3|1493
|teamsize|p1|6
|teamsize|p2|6
|gen|8
|tier|[Gen 8] OU
|rated|
|rule|Sleep Clause Mod: Limit one foe put to sleep
|rule|Species Clause: Limit one of each Pokémon
|rule|OHKO Clause: OHKO moves are banned
|rule|Evasion Items Clause: Evasion items are banned
|rule|Evasion Moves Clause: Evasion moves are banned
|rule|Endless Battle Clause: Forcing endless battles is banned
|rule|HP Percentage Mod: HP is shown in percentages
|rule|Dynamax Clause: You cannot dynamax
|clearpoke
|poke|p1|Toxapex, M|
|poke|p1|Excadrill, M|
|poke|p1|Celesteela|
|poke|p1|Tapu Lele|
|poke|p1|Buzzwole|
|poke|p1|Tyranitar, M|
|poke|p2|Mew|
|poke|p2|Weavile, M|
|poke|p2|Celesteela|
|poke|p2|Garchomp, F|
|poke|p2|Blacephalon|
|poke|p2|Crawdaunt, M|
|teampreview
|
|t:|1665769259
|start
|switch|p1a: Celesteela|Celesteela|100/100
|switch|p2a: Blacephalon|Blacephalon, shiny|100/100
|turn|1
|inactive|Battle timer is ON: inactive players will automatically lose when time's up. (requested by test bbbbn)
|inactive|test bbbbn has 120 seconds left.
|
|t:|1665769307
|switch|p1a: Toxapex|Toxapex, M|100/100
|move|p2a: Blacephalon|Flamethrower|p1a: Toxapex
|-resisted|p1a: Toxapex
|-damage|p1a: Toxapex|77/100
|
|-heal|p1a: Toxapex|83/100|[from] item: Black Sludge
|upkeep
|turn|2
|
|t:|1665769325
|switch|p2a: Mew|Mew, shiny|100/100
|move|p1a: Toxapex|Knock Off|p2a: Mew
|-supereffective|p2a: Mew
|-enditem|p2a: Mew|Colbur Berry|[eat]
|-enditem|p2a: Mew|Colbur Berry|[weaken]
|-damage|p2a: Mew|89/100
|
|-heal|p1a: Toxapex|89/100|[from] item: Black Sludge
|upkeep
|turn|3
|
|t:|1665769335
|move|p2a: Mew|Stealth Rock|p1a: Toxapex
|-sidestart|p1: FleetFoxxx|move: Stealth Rock
|move|p1a: Toxapex|Toxic|p2a: Mew
|-status|p2a: Mew|tox
|-activate|p2a: Mew|ability: Synchronize
|-immune|p1a: Toxapex
|
|-heal|p1a: Toxapex|96/100|[from] item: Black Sludge
|-damage|p2a: Mew|83/100 tox|[from] psn
|upkeep
|turn|4
|
|t:|1665769362
|move|p2a: Mew|Thunder Wave|p1a: Toxapex
|-status|p1a: Toxapex|par
|move|p1a: Toxapex|Knock Off|p2a: Mew
|-supereffective|p2a: Mew
|-damage|p2a: Mew|68/100 tox
|
|-heal|p1a: Toxapex|100/100 par|[from] item: Black Sludge
|-damage|p2a: Mew|55/100 tox|[from] psn
|upkeep
|turn|5
|
|t:|1665769374
|move|p2a: Mew|Spikes|p1a: Toxapex
|-sidestart|p1: FleetFoxxx|Spikes
|move|p1a: Toxapex|Knock Off|p2a: Mew
|-supereffective|p2a: Mew
|-damage|p2a: Mew|39/100 tox
|
|-damage|p2a: Mew|21/100 tox|[from] psn
|upkeep
|turn|6
|
|t:|1665769381
|move|p2a: Mew|Spikes|p1a: Toxapex
|-sidestart|p1: FleetFoxxx|Spikes
|cant|p1a: Toxapex|par
|
|-damage|p2a: Mew|0 fnt|[from] psn
|faint|p2a: Mew
|upkeep
|
|t:|1665769394
|switch|p2a: Garchomp|Garchomp, F, shiny|100/100
|turn|7
|
|t:|1665769400
|move|p2a: Garchomp|Swords Dance|p2a: Garchomp
|-boost|p2a: Garchomp|atk|2
|move|p1a: Toxapex|Toxic|p2a: Garchomp
|-status|p2a: Garchomp|tox
|-enditem|p2a: Garchomp|Lum Berry|[eat]
|-curestatus|p2a: Garchomp|tox|[msg]
|
|upkeep
|turn|8
|
|t:|1665769408
|move|p2a: Garchomp|Swords Dance|p2a: Garchomp
|-boost|p2a: Garchomp|atk|2
|move|p1a: Toxapex|Haze|p1a: Toxapex
|-clearallboost
|
|upkeep
|turn|9
|
|t:|1665769413
|move|p2a: Garchomp|Swords Dance|p2a: Garchomp
|-boost|p2a: Garchomp|atk|2
|move|p1a: Toxapex|Toxic|p2a: Garchomp
|-status|p2a: Garchomp|tox
|
|-damage|p2a: Garchomp|94/100 tox|[from] psn
|upkeep
|turn|10
|
|t:|1665769416
|move|p2a: Garchomp|Earthquake|p1a: Toxapex
|-supereffective|p1a: Toxapex
|-damage|p1a: Toxapex|0 fnt
|faint|p1a: Toxapex
|
|-damage|p2a: Garchomp|82/100 tox|[from] psn
|upkeep
|
|t:|1665769418
|switch|p1a: Celesteela|Celesteela|100/100
|-damage|p1a: Celesteela|88/100|[from] Stealth Rock
|turn|11
|
|t:|1665769421
|move|p2a: Garchomp|Fire Fang|p1a: Celesteela
|-supereffective|p1a: Celesteela
|-damage|p1a: Celesteela|6/100
|cant|p1a: Celesteela|flinch
|
|-damage|p2a: Garchomp|64/100 tox|[from] psn
|upkeep
|turn|12
|
|t:|1665769425
|move|p2a: Garchomp|Fire Fang|p1a: Celesteela
|-supereffective|p1a: Celesteela
|-damage|p1a: Celesteela|0 fnt
|faint|p1a: Celesteela
|
|-damage|p2a: Garchomp|39/100 tox|[from] psn
|upkeep
|-message|FleetFoxxx forfeited.
|
|win|test bbbbn
|raw|FleetFoxxx's rating: 1501 &rarr; <strong>1481</strong><br />(-20 for losing)
|raw|test bbbbn's rating: 1493 &rarr; <strong>1513</strong><br />(+20 for winning)
|l|☆FleetFoxxx
||Ladder isn't responding, score probably updated but might not have (Request timeout).
