|j|☆Ill Leave
|j|☆Agency the Finale
|t:|1664812667
|gametype|singles
|player|p1|Ill Leave|265|1709
|player|p2|Agency the Finale|unknown|1760
|teamsize|p1|6
|teamsize|p2|6
|gen|8
|tier|[Gen 8] OU
|rated|
|rule|Sleep Clause Mod: Limit one foe put to sleep
|rule|Species Clause: Limit one of each Pokémon
|rule|OHKO Clause: OHKO moves are banned
|rule|Evasion Items Clause: Evasion items are banned
|rule|Evasion Moves Clause: Evasion moves are banned
|rule|Endless Battle Clause: Forcing endless battles is banned
|rule|HP Percentage Mod: HP is shown in percentages
|rule|Dynamax Clause: You cannot dynamax
|clearpoke
|poke|p1|Nihilego|
|poke|p1|Slowking-Galar, M|
|poke|p1|Buzzwole|
|poke|p1|Corviknight, F|
|poke|p1|Landorus-Therian, M|
|poke|p1|Zapdos-Galar|
|poke|p2|Umbreon, M|
|poke|p2|Zapdos|
|poke|p2|Suicune|
|poke|p2|Corviknight, M|
|poke|p2|Hippowdon, M|
|poke|p2|Rillaboom, M|
|teampreview
|inactive|Battle timer is ON: inactive players will automatically lose when time's up. (requested by Agency the Finale)
|
|t:|1664812674
|start
|switch|p1a: Landorus|Landorus-Therian, M|100/100
|switch|p2a: Rillaboom|Rillaboom, M|100/100
|-fieldstart|move: Grassy Terrain|[from] ability: Grassy Surge|[of] p2a: Rillaboom
|-ability|p1a: Landorus|Intimidate|boost
|-unboost|p2a: Rillaboom|atk|1
|turn|1
|c|☆Agency the Finale|gl hf
|c|☆Ill Leave|u2
|
|t:|1664812695
|move|p2a: Rillaboom|Knock Off|p1a: Landorus
|-damage|p1a: Landorus|66/100
|-enditem|p1a: Landorus|Leftovers|[from] move: Knock Off|[of] p2a: Rillaboom
|move|p1a: Landorus|U-turn|p2a: Rillaboom
|-supereffective|p2a: Rillaboom
|-damage|p2a: Rillaboom|53/100
|j| cxzdcxzczxccxzzxz
|j| Tuturubis
|
|t:|1664812705
|switch|p1a: Nihilego|Nihilego|100/100|[from]move: U-turn
|
|-heal|p2a: Rillaboom|59/100|[from] Grassy Terrain
|upkeep
|turn|2
|
|t:|1664812708
|switch|p2a: Corviknight|Corviknight, M|100/100
|-ability|p2a: Corviknight|Pressure
|move|p1a: Nihilego|Toxic Spikes|p2a: Corviknight
|-sidestart|p2: Agency the Finale|move: Toxic Spikes
|
|upkeep
|turn|3
|
|t:|1664812713
|move|p1a: Nihilego|Power Gem|p2a: Corviknight
|-damage|p2a: Corviknight|73/100
|move|p2a: Corviknight|Iron Head|p1a: Nihilego
|-supereffective|p1a: Nihilego
|-damage|p1a: Nihilego|22/100
|
|-heal|p1a: Nihilego|28/100|[from] Grassy Terrain
|-heal|p2a: Corviknight|79/100|[from] item: Leftovers
|upkeep
|turn|4
|
|t:|1664812719
|switch|p1a: Buzzwole|Buzzwole|100/100
|move|p2a: Corviknight|Roost|p2a: Corviknight
|-heal|p2a: Corviknight|100/100
|-singleturn|p2a: Corviknight|move: Roost
|
|upkeep
|turn|5
|
|t:|1664812723
|switch|p2a: Zapdos|Zapdos|100/100
|-ability|p2a: Zapdos|Pressure
|move|p1a: Buzzwole|Bulk Up|p1a: Buzzwole
|-boost|p1a: Buzzwole|atk|1
|-boost|p1a: Buzzwole|def|1
|
|-fieldend|move: Grassy Terrain
|upkeep
|turn|6
|
|t:|1664812728
|move|p2a: Zapdos|Hurricane|p1a: Buzzwole|[miss]
|-miss|p2a: Zapdos|p1a: Buzzwole
|move|p1a: Buzzwole|Ice Punch|p2a: Zapdos
|-supereffective|p2a: Zapdos
|-damage|p2a: Zapdos|48/100
|
|upkeep
|turn|7
|
|t:|1664812733
|switch|p1a: Slowking|Slowking-Galar, M|100/100
|move|p2a: Zapdos|Hurricane|p1a: Slowking|[miss]
|-miss|p2a: Zapdos|p1a: Slowking
|
|upkeep
|turn|8
|
|t:|1664812736
|move|p2a: Zapdos|Roost|p2a: Zapdos
|-heal|p2a: Zapdos|98/100
|-singleturn|p2a: Zapdos|move: Roost
|move|p1a: Slowking|Ice Beam|p2a: Zapdos
|-damage|p2a: Zapdos|73/100
|
|upkeep
|turn|9
|
|t:|1664812740
|move|p2a: Zapdos|Volt Switch|p1a: Slowking
|-damage|p1a: Slowking|88/100
|
|t:|1664812745
|switch|p2a: Corviknight|Corviknight, M|100/100|[from]move: Volt Switch
|-ability|p2a: Corviknight|Pressure
|move|p1a: Slowking|Future Sight|p2a: Corviknight
|-start|p1a: Slowking|move: Future Sight
|
|upkeep
|turn|10
|
|t:|1664812751
|switch|p1a: Landorus|Landorus-Therian, M|66/100
|-ability|p1a: Landorus|Intimidate|boost
|-unboost|p2a: Corviknight|atk|1
|move|p2a: Corviknight|Brave Bird|p1a: Landorus
|-damage|p1a: Landorus|43/100
|-damage|p2a: Corviknight|93/100|[from] Recoil
|
|-heal|p2a: Corviknight|99/100|[from] item: Leftovers
|upkeep
|turn|11
|j| jdidjdjduudjd
|
|t:|1664812754
|move|p1a: Landorus|Knock Off|p2a: Corviknight
|-damage|p2a: Corviknight|75/100
|-enditem|p2a: Corviknight|Leftovers|[from] move: Knock Off|[of] p1a: Landorus
|move|p2a: Corviknight|Iron Head|p1a: Landorus
|-damage|p1a: Landorus|27/100
|
|-end|p2a: Corviknight|move: Future Sight
|-resisted|p2a: Corviknight
|-damage|p2a: Corviknight|57/100
|upkeep
|turn|12
|
|t:|1664812760
|move|p1a: Landorus|Stealth Rock|p2a: Corviknight
|-sidestart|p2: Agency the Finale|move: Stealth Rock
|move|p2a: Corviknight|Roost|p2a: Corviknight
|-heal|p2a: Corviknight|100/100
|-singleturn|p2a: Corviknight|move: Roost
|
|upkeep
|turn|13
|
|t:|1664812763
|move|p1a: Landorus|U-turn|p2a: Corviknight
|-resisted|p2a: Corviknight
|-damage|p2a: Corviknight|96/100
|
|t:|1664812769
|switch|p1a: Zapdos|Zapdos-Galar|100/100|[from]move: U-turn
|move|p2a: Corviknight|U-turn|p1a: Zapdos
|-resisted|p1a: Zapdos
|-damage|p1a: Zapdos|98/100
|
|t:|1664812772
|switch|p2a: Zapdos|Zapdos|73/100|[from]move: U-turn
|-ability|p2a: Zapdos|Pressure
|
|upkeep
|turn|14
|
|t:|1664812779
|move|p1a: Zapdos|U-turn|p2a: Zapdos
|-resisted|p2a: Zapdos
|-damage|p2a: Zapdos|65/100
|
|t:|1664812784
|switch|p1a: Nihilego|Nihilego|28/100|[from]move: U-turn
|move|p2a: Zapdos|Volt Switch|p1a: Nihilego
|-damage|p1a: Nihilego|7/100
|
|t:|1664812791
|switch|p2a: Hippowdon|Hippowdon, M|100/100|[from]move: Volt Switch
|-status|p2a: Hippowdon|psn
|-damage|p2a: Hippowdon|94/100 psn|[from] Stealth Rock
|-weather|Sandstorm|[from] ability: Sand Stream|[of] p2a: Hippowdon
|
|-weather|Sandstorm|[upkeep]
|-heal|p2a: Hippowdon|100/100 psn|[from] item: Leftovers
|-damage|p2a: Hippowdon|88/100 psn|[from] psn
|upkeep
|turn|15
|
|t:|1664812801
|switch|p1a: Corviknight|Corviknight, F|100/100
|-ability|p1a: Corviknight|Pressure
|move|p2a: Hippowdon|Stealth Rock|p1a: Corviknight
|-sidestart|p1: Ill Leave|move: Stealth Rock
|
|-weather|Sandstorm|[upkeep]
|-heal|p2a: Hippowdon|94/100 psn|[from] item: Leftovers
|-damage|p2a: Hippowdon|82/100 psn|[from] psn
|upkeep
|turn|16
|
|t:|1664812809
|switch|p1a: Slowking|Slowking-Galar, M|100/100
|-damage|p1a: Slowking|88/100|[from] Stealth Rock
|switch|p2a: Corviknight|Corviknight, M|96/100
|-damage|p2a: Corviknight|84/100|[from] Stealth Rock
|-ability|p2a: Corviknight|Pressure
|
|-weather|Sandstorm|[upkeep]
|-damage|p1a: Slowking|82/100|[from] Sandstorm
|upkeep
|turn|17
|
|t:|1664812812
|move|p2a: Corviknight|Iron Head|p1a: Slowking
|-damage|p1a: Slowking|59/100
|move|p1a: Slowking|Future Sight|p2a: Corviknight
|-start|p1a: Slowking|move: Future Sight
|
|-weather|Sandstorm|[upkeep]
|-damage|p1a: Slowking|53/100|[from] Sandstorm
|upkeep
|turn|18
|
|t:|1664812817
|move|p2a: Corviknight|Iron Head|p1a: Slowking
|-damage|p1a: Slowking|29/100
|move|p1a: Slowking|Ice Beam|p2a: Corviknight
|-damage|p2a: Corviknight|66/100
|-status|p2a: Corviknight|frz
|
|-weather|none
|upkeep
|turn|19
|
|t:|1664812827
|switch|p2a: Umbreon|Umbreon, M|100/100
|-status|p2a: Umbreon|psn
|-damage|p2a: Umbreon|88/100 psn|[from] Stealth Rock
|switch|p1a: Zapdos|Zapdos-Galar|98/100
|-damage|p1a: Zapdos|86/100|[from] Stealth Rock
|
|-end|p2a: Umbreon|move: Future Sight
|-immune|p2a: Umbreon
|-heal|p2a: Umbreon|94/100 psn|[from] item: Leftovers
|-damage|p2a: Umbreon|82/100 psn|[from] psn
|upkeep
|turn|20
|
|t:|1664812831
|switch|p2a: Zapdos|Zapdos|65/100
|-ability|p2a: Zapdos|Pressure
|move|p1a: Zapdos|Close Combat|p2a: Zapdos
|-resisted|p2a: Zapdos
|-damage|p2a: Zapdos|45/100
|-unboost|p1a: Zapdos|def|1
|-unboost|p1a: Zapdos|spd|1
|
|upkeep
|turn|21
|
|t:|1664812838
|switch|p1a: Slowking|Slowking-Galar, M|62/100
|-damage|p1a: Slowking|50/100|[from] Stealth Rock
|move|p2a: Zapdos|Roost|p2a: Zapdos
|-heal|p2a: Zapdos|95/100
|-singleturn|p2a: Zapdos|move: Roost
|
|upkeep
|turn|22
|
|t:|1664812840
|move|p2a: Zapdos|Volt Switch|p1a: Slowking
|-damage|p1a: Slowking|36/100
|
|t:|1664812843
|switch|p2a: Umbreon|Umbreon, M|82/100 psn|[from]move: Volt Switch
|-damage|p2a: Umbreon|69/100 psn|[from] Stealth Rock
|move|p1a: Slowking|Sludge Bomb|p2a: Umbreon
|-damage|p2a: Umbreon|45/100 psn
|
|-heal|p2a: Umbreon|51/100 psn|[from] item: Leftovers
|-damage|p2a: Umbreon|38/100 psn|[from] psn
|upkeep
|turn|23
|
|t:|1664812849
|move|p2a: Umbreon|Foul Play|p1a: Slowking
|-supereffective|p1a: Slowking
|-damage|p1a: Slowking|0 fnt
|faint|p1a: Slowking
|
|-heal|p2a: Umbreon|44/100 psn|[from] item: Leftovers
|-damage|p2a: Umbreon|32/100 psn|[from] psn
|upkeep
|
|t:|1664812853
|switch|p1a: Zapdos|Zapdos-Galar|86/100
|-damage|p1a: Zapdos|73/100|[from] Stealth Rock
|turn|24
|
|t:|1664812855
|switch|p2a: Zapdos|Zapdos|95/100
|-ability|p2a: Zapdos|Pressure
|move|p1a: Zapdos|U-turn|p2a: Zapdos
|-resisted|p2a: Zapdos
|-damage|p2a: Zapdos|86/100
|
|t:|1664812860
|switch|p1a: Landorus|Landorus-Therian, M|27/100|[from]move: U-turn
|-damage|p1a: Landorus|15/100|[from] Stealth Rock
|-ability|p1a: Landorus|Intimidate|boost
|-unboost|p2a: Zapdos|atk|1
|
|upkeep
|turn|25
|
|t:|1664812867
|switch|p2a: Corviknight|Corviknight, M|66/100 frz
|-damage|p2a: Corviknight|54/100 frz|[from] Stealth Rock
|-ability|p2a: Corviknight|Pressure
|move|p1a: Landorus|Knock Off|p2a: Corviknight
|-damage|p2a: Corviknight|36/100 frz
|
|upkeep
|turn|26
|
|t:|1664812872
|move|p1a: Landorus|U-turn|p2a: Corviknight
|-resisted|p2a: Corviknight
|-damage|p2a: Corviknight|31/100 frz
|
|t:|1664812879
|switch|p1a: Zapdos|Zapdos-Galar|73/100|[from]move: U-turn
|-damage|p1a: Zapdos|61/100|[from] Stealth Rock
|cant|p2a: Corviknight|frz
|
|upkeep
|turn|27
|
|t:|1664812883
|switch|p2a: Zapdos|Zapdos|86/100
|-ability|p2a: Zapdos|Pressure
|move|p1a: Zapdos|Close Combat|p2a: Zapdos
|-resisted|p2a: Zapdos
|-damage|p2a: Zapdos|64/100
|-unboost|p1a: Zapdos|def|1
|-unboost|p1a: Zapdos|spd|1
|
|upkeep
|turn|28
|j| testingteams888
|
|t:|1664812889
|switch|p1a: Landorus|Landorus-Therian, M|15/100
|-damage|p1a: Landorus|3/100|[from] Stealth Rock
|-ability|p1a: Landorus|Intimidate|boost
|-unboost|p2a: Zapdos|atk|1
|move|p2a: Zapdos|Roost|p2a: Zapdos
|-heal|p2a: Zapdos|100/100
|-singleturn|p2a: Zapdos|move: Roost
|
|upkeep
|turn|29
|
|t:|1664812898
|move|p1a: Landorus|Knock Off|p2a: Zapdos
|-damage|p2a: Zapdos|79/100
|-enditem|p2a: Zapdos|Heavy-Duty Boots|[from] move: Knock Off|[of] p1a: Landorus
|move|p2a: Zapdos|Hurricane|p1a: Landorus
|-damage|p1a: Landorus|0 fnt
|faint|p1a: Landorus
|
|upkeep
|
|t:|1664812907
|switch|p1a: Corviknight|Corviknight, F|100/100
|-damage|p1a: Corviknight|88/100|[from] Stealth Rock
|-ability|p1a: Corviknight|Pressure
|turn|30
|
|t:|1664812910
|move|p2a: Zapdos|Volt Switch|p1a: Corviknight
|-supereffective|p1a: Corviknight
|-damage|p1a: Corviknight|46/100
|
|t:|1664812914
|switch|p2a: Corviknight|Corviknight, M|31/100 frz|[from]move: Volt Switch
|-damage|p2a: Corviknight|19/100 frz|[from] Stealth Rock
|-ability|p2a: Corviknight|Pressure
|move|p1a: Corviknight|Substitute|p1a: Corviknight
|-start|p1a: Corviknight|Substitute
|-damage|p1a: Corviknight|21/100
|
|-heal|p1a: Corviknight|27/100|[from] item: Leftovers
|upkeep
|turn|31
|
|t:|1664812923
|switch|p2a: Zapdos|Zapdos|79/100
|-damage|p2a: Zapdos|54/100|[from] Stealth Rock
|-ability|p2a: Zapdos|Pressure
|move|p1a: Corviknight|Brave Bird|p2a: Zapdos
|-resisted|p2a: Zapdos
|-damage|p2a: Zapdos|41/100
|-damage|p1a: Corviknight|23/100|[from] Recoil
|
|-heal|p1a: Corviknight|29/100|[from] item: Leftovers
|upkeep
|turn|32
|
|t:|1664812927
|move|p2a: Zapdos|Roost|p2a: Zapdos
|-heal|p2a: Zapdos|91/100
|-singleturn|p2a: Zapdos|move: Roost
|move|p1a: Corviknight|Roost|p1a: Corviknight
|-heal|p1a: Corviknight|79/100
|-singleturn|p1a: Corviknight|move: Roost
|
|-heal|p1a: Corviknight|85/100|[from] item: Leftovers
|upkeep
|turn|33
|
|t:|1664812931
|move|p2a: Zapdos|Defog|p1a: Corviknight
|-sideend|p1: Ill Leave|Stealth Rock|[from] move: Defog|[of] p2a: Zapdos
|-sideend|p2: Agency the Finale|Toxic Spikes|[from] move: Defog|[of] p2a: Zapdos
|-sideend|p2: Agency the Finale|Stealth Rock|[from] move: Defog|[of] p2a: Zapdos
|move|p1a: Corviknight|Bulk Up|p1a: Corviknight
|-boost|p1a: Corviknight|atk|1
|-boost|p1a: Corviknight|def|1
|
|-heal|p1a: Corviknight|92/100|[from] item: Leftovers
|upkeep
|turn|34
|
|t:|1664812933
|move|p2a: Zapdos|Volt Switch|p1a: Corviknight
|-supereffective|p1a: Corviknight
|-end|p1a: Corviknight|Substitute
|
|t:|1664812935
|switch|p2a: Suicune|Suicune|100/100|[from]move: Volt Switch
|-ability|p2a: Suicune|Pressure
|move|p1a: Corviknight|Bulk Up|p1a: Corviknight
|-boost|p1a: Corviknight|atk|1
|-boost|p1a: Corviknight|def|1
|
|-heal|p1a: Corviknight|98/100|[from] item: Leftovers
|upkeep
|turn|35
|
|t:|1664812939
|move|p2a: Suicune|Calm Mind|p2a: Suicune
|-boost|p2a: Suicune|spa|1
|-boost|p2a: Suicune|spd|1
|move|p1a: Corviknight|Brave Bird|p2a: Suicune
|-damage|p2a: Suicune|48/100
|-damage|p1a: Corviknight|80/100|[from] Recoil
|
|-heal|p2a: Suicune|54/100|[from] item: Leftovers
|-heal|p1a: Corviknight|87/100|[from] item: Leftovers
|upkeep
|turn|36
|
|t:|1664812943
|move|p2a: Suicune|Scald|p1a: Corviknight
|-damage|p1a: Corviknight|62/100
|-status|p1a: Corviknight|brn
|move|p1a: Corviknight|Brave Bird|p2a: Suicune
|-damage|p2a: Suicune|26/100
|-damage|p1a: Corviknight|53/100 brn|[from] Recoil
|
|-heal|p2a: Suicune|32/100|[from] item: Leftovers
|-heal|p1a: Corviknight|59/100 brn|[from] item: Leftovers
|-damage|p1a: Corviknight|53/100 brn|[from] brn
|upkeep
|turn|37
|
|t:|1664812951
|move|p2a: Suicune|Substitute|p2a: Suicune
|-start|p2a: Suicune|Substitute
|-damage|p2a: Suicune|7/100
|move|p1a: Corviknight|Brave Bird|p2a: Suicune
|-end|p2a: Suicune|Substitute
|-damage|p1a: Corviknight|45/100 brn|[from] Recoil|[of] p2a: Suicune
|
|-heal|p2a: Suicune|14/100|[from] item: Leftovers
|-heal|p1a: Corviknight|51/100 brn|[from] item: Leftovers
|-damage|p1a: Corviknight|45/100 brn|[from] brn
|upkeep
|turn|38
|
|t:|1664812954
|move|p2a: Suicune|Protect|p2a: Suicune
|-singleturn|p2a: Suicune|Protect
|move|p1a: Corviknight|Brave Bird|p2a: Suicune
|-activate|p2a: Suicune|move: Protect
|
|-heal|p2a: Suicune|20/100|[from] item: Leftovers
|-heal|p1a: Corviknight|51/100 brn|[from] item: Leftovers
|-damage|p1a: Corviknight|45/100 brn|[from] brn
|upkeep
|turn|39
|
|t:|1664812957
|move|p2a: Suicune|Scald|p1a: Corviknight
|-damage|p1a: Corviknight|17/100 brn
|move|p1a: Corviknight|Roost|p1a: Corviknight
|-heal|p1a: Corviknight|67/100 brn
|-singleturn|p1a: Corviknight|move: Roost
|
|-heal|p2a: Suicune|26/100|[from] item: Leftovers
|-heal|p1a: Corviknight|73/100 brn|[from] item: Leftovers
|-damage|p1a: Corviknight|67/100 brn|[from] brn
|upkeep
|turn|40
|
|t:|1664812970
|move|p2a: Suicune|Scald|p1a: Corviknight
|-damage|p1a: Corviknight|40/100 brn
|move|p1a: Corviknight|Bulk Up|p1a: Corviknight
|-boost|p1a: Corviknight|atk|1
|-boost|p1a: Corviknight|def|1
|
|-heal|p2a: Suicune|32/100|[from] item: Leftovers
|-heal|p1a: Corviknight|47/100 brn|[from] item: Leftovers
|-damage|p1a: Corviknight|40/100 brn|[from] brn
|upkeep
|turn|41
|
|t:|1664812978
|move|p2a: Suicune|Substitute|p2a: Suicune
|-start|p2a: Suicune|Substitute
|-damage|p2a: Suicune|7/100
|move|p1a: Corviknight|Roost|p1a: Corviknight
|-heal|p1a: Corviknight|90/100 brn
|-singleturn|p1a: Corviknight|move: Roost
|
|-heal|p2a: Suicune|13/100|[from] item: Leftovers
|-heal|p1a: Corviknight|97/100 brn|[from] item: Leftovers
|-damage|p1a: Corviknight|90/100 brn|[from] brn
|upkeep
|turn|42
|
|t:|1664812984
|move|p2a: Suicune|Calm Mind|p2a: Suicune
|-boost|p2a: Suicune|spa|1
|-boost|p2a: Suicune|spd|1
|move|p1a: Corviknight|Bulk Up|p1a: Corviknight
|-boost|p1a: Corviknight|atk|1
|-boost|p1a: Corviknight|def|1
|
|-heal|p2a: Suicune|20/100|[from] item: Leftovers
|-heal|p1a: Corviknight|97/100 brn|[from] item: Leftovers
|-damage|p1a: Corviknight|90/100 brn|[from] brn
|upkeep
|turn|43
|
|t:|1664812986
|move|p2a: Suicune|Scald|p1a: Corviknight
|-damage|p1a: Corviknight|57/100 brn
|move|p1a: Corviknight|Brave Bird|p2a: Suicune
|-end|p2a: Suicune|Substitute
|-damage|p1a: Corviknight|49/100 brn|[from] Recoil|[of] p2a: Suicune
|
|-heal|p2a: Suicune|26/100|[from] item: Leftovers
|-heal|p1a: Corviknight|55/100 brn|[from] item: Leftovers
|-damage|p1a: Corviknight|49/100 brn|[from] brn
|upkeep
|turn|44
|
|t:|1664812991
|move|p2a: Suicune|Scald|p1a: Corviknight
|-damage|p1a: Corviknight|16/100 brn
|move|p1a: Corviknight|Brave Bird|p2a: Suicune
|-crit|p2a: Suicune
|-damage|p2a: Suicune|0 fnt
|faint|p2a: Suicune
|-damage|p1a: Corviknight|8/100 brn|[from] Recoil
|
|-heal|p1a: Corviknight|14/100 brn|[from] item: Leftovers
|-damage|p1a: Corviknight|8/100 brn|[from] brn
|upkeep
|
|t:|1664813000
|switch|p2a: Zapdos|Zapdos|91/100
|-ability|p2a: Zapdos|Pressure
|turn|45
|
|t:|1664813005
|switch|p1a: Buzzwole|Buzzwole|100/100
|move|p2a: Zapdos|Volt Switch|p1a: Buzzwole
|-damage|p1a: Buzzwole|63/100
|
|t:|1664813018
|switch|p2a: Hippowdon|Hippowdon, M|82/100 psn|[from]move: Volt Switch
|-weather|Sandstorm|[from] ability: Sand Stream|[of] p2a: Hippowdon
|
|-weather|Sandstorm|[upkeep]
|-damage|p1a: Buzzwole|57/100|[from] Sandstorm
|-heal|p2a: Hippowdon|88/100 psn|[from] item: Leftovers
|-damage|p2a: Hippowdon|76/100 psn|[from] psn
|upkeep
|turn|46
|
|t:|1664813027
|switch|p1a: Corviknight|Corviknight, F|8/100 brn
|-ability|p1a: Corviknight|Pressure
|move|p2a: Hippowdon|Stealth Rock|p1a: Corviknight
|-sidestart|p1: Ill Leave|move: Stealth Rock
|
|-weather|Sandstorm|[upkeep]
|-heal|p1a: Corviknight|14/100 brn|[from] item: Leftovers
|-heal|p2a: Hippowdon|82/100 psn|[from] item: Leftovers
|-damage|p2a: Hippowdon|70/100 psn|[from] psn
|-damage|p1a: Corviknight|8/100 brn|[from] brn
|upkeep
|turn|47
|
|t:|1664813029
|move|p1a: Corviknight|Roost|p1a: Corviknight
|-heal|p1a: Corviknight|57/100 brn
|-singleturn|p1a: Corviknight|move: Roost
|move|p2a: Hippowdon|Earthquake|p1a: Corviknight
|-supereffective|p1a: Corviknight
|-damage|p1a: Corviknight|0 fnt
|faint|p1a: Corviknight
|
|-weather|Sandstorm|[upkeep]
|-heal|p2a: Hippowdon|76/100 psn|[from] item: Leftovers
|-damage|p2a: Hippowdon|63/100 psn|[from] psn
|upkeep
|
|t:|1664813046
|switch|p1a: Buzzwole|Buzzwole|57/100
|-damage|p1a: Buzzwole|44/100|[from] Stealth Rock
|turn|48
|
|t:|1664813053
|switch|p2a: Zapdos|Zapdos|91/100
|-ability|p2a: Zapdos|Pressure
|move|p1a: Buzzwole|Roost|p1a: Buzzwole
|-heal|p1a: Buzzwole|94/100
|-singleturn|p1a: Buzzwole|move: Roost
|
|-weather|Sandstorm|[upkeep]
|-damage|p2a: Zapdos|85/100|[from] Sandstorm
|-damage|p1a: Buzzwole|88/100|[from] Sandstorm
|upkeep
|turn|49
|
|t:|1664813057
|move|p2a: Zapdos|Hurricane|p1a: Buzzwole
|-supereffective|p1a: Buzzwole
|-damage|p1a: Buzzwole|0 fnt
|faint|p1a: Buzzwole
|
|-weather|none
|upkeep
|j| nmsl1997
|c|☆Agency the Finale|that freeze was crazy
|c|☆Ill Leave|gg
|c|☆Agency the Finale|gg
|-message|Ill Leave forfeited.
|
|win|Agency the Finale
|raw|Ill Leave's rating: 1709 &rarr; <strong>1692</strong><br />(-17 for losing)
|raw|Agency the Finale's rating: 1760 &rarr; <strong>1777</strong><br />(+17 for winning)
|l|☆Ill Leave
