|j|☆Run For Me Plz
|j|☆IIIodyne
|t:|1664915666
|gametype|singles
|player|p1|Run For Me Plz|zinnia|1757
|player|p2|IIIodyne|265|1823
|teamsize|p1|6
|teamsize|p2|6
|gen|8
|tier|[Gen 8] OU
|rated|
|rule|Sleep Clause Mod: Limit one foe put to sleep
|rule|Species Clause: Limit one of each Pokémon
|rule|OHKO Clause: OHKO moves are banned
|rule|Evasion Items Clause: Evasion items are banned
|rule|Evasion Moves Clause: Evasion moves are banned
|rule|Endless Battle Clause: Forcing endless battles is banned
|rule|HP Percentage Mod: HP is shown in percentages
|rule|Dynamax Clause: You cannot dynamax
|clearpoke
|poke|p1|Tapu Koko|
|poke|p1|Garchomp, F|
|poke|p1|Corviknight, F|
|poke|p1|Blissey, F|
|poke|p1|Buzzwole|
|poke|p1|Tapu Lele|
|poke|p2|Snorlax, F|
|poke|p2|Suicune|
|poke|p2|Melmetal|
|poke|p2|Victini|
|poke|p2|Landorus-Therian, M|
|poke|p2|Zapdos|
|teampreview
|j| Sunday surfer
|inactive|Battle timer is ON: inactive players will automatically lose when time's up. (requested by IIIodyne)
|
|t:|1664915683
|start
|switch|p1a: Garchomp|Garchomp, F, shiny|100/100
|switch|p2a: Suicune|Suicune|100/100
|-ability|p2a: Suicune|Pressure
|turn|1
|
|t:|1664915686
|move|p1a: Garchomp|Toxic|p2a: Suicune
|-status|p2a: Suicune|tox
|move|p2a: Suicune|Ice Beam|p1a: Garchomp
|-supereffective|p1a: Garchomp
|-damage|p1a: Garchomp|51/100
|
|-heal|p1a: Garchomp|57/100|[from] item: Leftovers
|-damage|p2a: Suicune|94/100 tox|[from] psn
|upkeep
|turn|2
|
|t:|1664915693
|switch|p2a: Landorus|Landorus-Therian, M|100/100
|-ability|p2a: Landorus|Intimidate|boost
|-unboost|p1a: Garchomp|atk|1
|move|p1a: Garchomp|Protect||[still]
|-fail|p1a: Garchomp
|
|-heal|p1a: Garchomp|63/100|[from] item: Leftovers
|upkeep
|turn|3
|
|t:|1664915705
|switch|p2a: Suicune|Suicune|94/100 tox
|-ability|p2a: Suicune|Pressure
|move|p1a: Garchomp|Toxic|p2a: Suicune
|-fail|p2a: Suicune|tox
|
|-heal|p1a: Garchomp|70/100|[from] item: Leftovers
|-heal|p2a: Suicune|100/100 tox|[from] item: Leftovers
|-damage|p2a: Suicune|94/100 tox|[from] psn
|upkeep
|turn|4
|
|t:|1664915710
|move|p1a: Garchomp|Protect|p1a: Garchomp
|-singleturn|p1a: Garchomp|Protect
|move|p2a: Suicune|Ice Beam|p1a: Garchomp
|-activate|p1a: Garchomp|move: Protect
|
|-heal|p1a: Garchomp|76/100|[from] item: Leftovers
|-heal|p2a: Suicune|100/100 tox|[from] item: Leftovers
|-damage|p2a: Suicune|88/100 tox|[from] psn
|upkeep
|turn|5
|
|t:|1664915713
|switch|p1a: Blissey|Blissey, F|100/100
|move|p2a: Suicune|Scald|p1a: Blissey
|-damage|p1a: Blissey|91/100
|-status|p1a: Blissey|brn
|
|-heal|p2a: Suicune|94/100 tox|[from] item: Leftovers
|-damage|p2a: Suicune|76/100 tox|[from] psn
|-damage|p1a: Blissey|85/100 brn|[from] brn
|upkeep
|turn|6
|
|t:|1664915716
|switch|p2a: Victini|Victini|100/100
|move|p1a: Blissey|Stealth Rock|p2a: Victini
|-sidestart|p2: IIIodyne|move: Stealth Rock
|
|-damage|p1a: Blissey|78/100 brn|[from] brn
|upkeep
|turn|7
|j| Zanryo
|
|t:|1664915722
|-curestatus|p1a: Blissey|brn|[from] ability: Natural Cure
|switch|p1a: Garchomp|Garchomp, F, shiny|76/100
|move|p2a: Victini|V-create|p1a: Garchomp
|-resisted|p1a: Garchomp
|-damage|p1a: Garchomp|28/100
|-unboost|p2a: Victini|spe|1
|-unboost|p2a: Victini|def|1
|-unboost|p2a: Victini|spd|1
|-damage|p2a: Victini|88/100|[from] ability: Rough Skin|[of] p1a: Garchomp
|
|-heal|p1a: Garchomp|34/100|[from] item: Leftovers
|upkeep
|turn|8
|
|t:|1664915727
|switch|p2a: Landorus|Landorus-Therian, M|100/100
|-damage|p2a: Landorus|88/100|[from] Stealth Rock
|-ability|p2a: Landorus|Intimidate|boost
|-unboost|p1a: Garchomp|atk|1
|move|p1a: Garchomp|Protect||[still]
|-fail|p1a: Garchomp
|
|-heal|p1a: Garchomp|40/100|[from] item: Leftovers
|upkeep
|turn|9
|
|t:|1664915732
|move|p2a: Landorus|Knock Off|p1a: Garchomp
|-damage|p1a: Garchomp|11/100
|-damage|p2a: Landorus|76/100|[from] ability: Rough Skin|[of] p1a: Garchomp
|-enditem|p1a: Garchomp|Leftovers|[from] move: Knock Off|[of] p2a: Landorus
|move|p1a: Garchomp|Toxic|p2a: Landorus
|-status|p2a: Landorus|tox
|
|-damage|p2a: Landorus|70/100 tox|[from] psn
|upkeep
|turn|10
|
|t:|1664915740
|switch|p1a: Corviknight|Corviknight, F, shiny|100/100
|-ability|p1a: Corviknight|Pressure
|move|p2a: Landorus|Knock Off|p1a: Corviknight
|-damage|p1a: Corviknight|72/100
|-enditem|p1a: Corviknight|Leftovers|[from] move: Knock Off|[of] p2a: Landorus
|
|-damage|p2a: Landorus|58/100 tox|[from] psn
|upkeep
|turn|11
|
|t:|1664915744
|switch|p2a: Zapdos|Zapdos|100/100
|move|p1a: Corviknight|U-turn|p2a: Zapdos
|-resisted|p2a: Zapdos
|-damage|p2a: Zapdos|92/100
|
|t:|1664915751
|switch|p1a: Tapu Lele|Tapu Lele, shiny|100/100|[from]move: U-turn
|-fieldstart|move: Psychic Terrain|[from] ability: Psychic Surge|[of] p1a: Tapu Lele
|
|upkeep
|turn|12
|
|t:|1664915760
|switch|p2a: Melmetal|Melmetal|100/100
|-damage|p2a: Melmetal|94/100|[from] Stealth Rock
|move|p1a: Tapu Lele|Moonblast|p2a: Melmetal
|-resisted|p2a: Melmetal
|-damage|p2a: Melmetal|67/100
|
|upkeep
|turn|13
|
|t:|1664915772
|switch|p1a: Garchomp|Garchomp, F, shiny|11/100
|move|p2a: Melmetal|Double Iron Bash|p1a: Garchomp
|-damage|p1a: Garchomp|0 fnt
|-damage|p2a: Melmetal|54/100|[from] ability: Rough Skin|[of] p1a: Garchomp
|faint|p1a: Garchomp
|-hitcount|p1: Garchomp|1
|
|upkeep
|
|t:|1664915774
|switch|p1a: Buzzwole|Buzzwole, shiny|100/100
|turn|14
|j| Synergy=NaN
|
|t:|1664915778
|switch|p2a: Suicune|Suicune|76/100 tox
|-damage|p2a: Suicune|63/100 tox|[from] Stealth Rock
|-ability|p2a: Suicune|Pressure
|move|p1a: Buzzwole|Earthquake|p2a: Suicune
|-damage|p2a: Suicune|46/100 tox
|
|-heal|p2a: Suicune|53/100 tox|[from] item: Leftovers
|-damage|p2a: Suicune|46/100 tox|[from] psn
|upkeep
|turn|15
|
|t:|1664915786
|switch|p1a: Tapu Koko|Tapu Koko, shiny|100/100
|-fieldstart|move: Electric Terrain|[from] ability: Electric Surge|[of] p1a: Tapu Koko
|move|p2a: Suicune|Scald|p1a: Tapu Koko
|-damage|p1a: Tapu Koko|61/100
|
|-heal|p2a: Suicune|53/100 tox|[from] item: Leftovers
|-damage|p2a: Suicune|40/100 tox|[from] psn
|upkeep
|turn|16
|
|t:|1664915791
|switch|p2a: Snorlax|Snorlax, F|100/100
|-damage|p2a: Snorlax|88/100|[from] Stealth Rock
|move|p1a: Tapu Koko|Roost|p1a: Tapu Koko
|-heal|p1a: Tapu Koko|100/100
|-singleturn|p1a: Tapu Koko|move: Roost
|
|-heal|p2a: Snorlax|94/100|[from] item: Leftovers
|upkeep
|turn|17
|
|t:|1664915797
|move|p1a: Tapu Koko|Toxic|p2a: Snorlax
|-status|p2a: Snorlax|tox
|move|p2a: Snorlax|Body Slam|p1a: Tapu Koko
|-damage|p1a: Tapu Koko|53/100
|
|-heal|p2a: Snorlax|99/100 tox|[from] item: Leftovers
|-damage|p2a: Snorlax|94/100 tox|[from] psn
|upkeep
|turn|18
|
|t:|1664915798
|move|p1a: Tapu Koko|Roost|p1a: Tapu Koko
|-heal|p1a: Tapu Koko|100/100
|-singleturn|p1a: Tapu Koko|move: Roost
|move|p2a: Snorlax|Body Slam|p1a: Tapu Koko
|-damage|p1a: Tapu Koko|57/100
|
|-heal|p2a: Snorlax|99/100 tox|[from] item: Leftovers
|-damage|p2a: Snorlax|88/100 tox|[from] psn
|upkeep
|turn|19
|
|t:|1664915801
|move|p1a: Tapu Koko|Roost|p1a: Tapu Koko
|-heal|p1a: Tapu Koko|100/100
|-singleturn|p1a: Tapu Koko|move: Roost
|move|p2a: Snorlax|Curse|p2a: Snorlax
|-unboost|p2a: Snorlax|spe|1
|-boost|p2a: Snorlax|atk|1
|-boost|p2a: Snorlax|def|1
|
|-heal|p2a: Snorlax|94/100 tox|[from] item: Leftovers
|-damage|p2a: Snorlax|76/100 tox|[from] psn
|-fieldend|move: Electric Terrain
|upkeep
|turn|20
|
|t:|1664915803
|move|p1a: Tapu Koko|U-turn|p2a: Snorlax
|-damage|p2a: Snorlax|66/100 tox
|
|t:|1664915804
|switch|p1a: Buzzwole|Buzzwole, shiny|100/100|[from]move: U-turn
|move|p2a: Snorlax|Body Slam|p1a: Buzzwole
|-damage|p1a: Buzzwole|76/100
|
|-heal|p2a: Snorlax|72/100 tox|[from] item: Leftovers
|-damage|p2a: Snorlax|48/100 tox|[from] psn
|upkeep
|turn|21
|
|t:|1664915808
|move|p1a: Buzzwole|Drain Punch|p2a: Snorlax
|-supereffective|p2a: Snorlax
|-damage|p2a: Snorlax|5/100 tox
|-heal|p1a: Buzzwole|100/100|[from] drain|[of] p2a: Snorlax
|move|p2a: Snorlax|Rest|p2a: Snorlax
|-status|p2a: Snorlax|slp|[from] move: Rest
|-heal|p2a: Snorlax|100/100 slp|[silent]
|
|upkeep
|turn|22
|
|t:|1664915812
|switch|p2a: Zapdos|Zapdos|92/100
|move|p1a: Buzzwole|Drain Punch|p2a: Zapdos
|-resisted|p2a: Zapdos
|-damage|p2a: Zapdos|73/100
|
|upkeep
|turn|23
|
|t:|1664915816
|switch|p1a: Blissey|Blissey, F|78/100
|move|p2a: Zapdos|Defog|p1a: Blissey
|-unboost|p1a: Blissey|evasion|1
|-sideend|p2: IIIodyne|Stealth Rock|[from] move: Defog|[of] p2a: Zapdos
|
|upkeep
|turn|24
|
|t:|1664915819
|move|p2a: Zapdos|Volt Switch|p1a: Blissey
|-damage|p1a: Blissey|65/100
|
|t:|1664915822
|switch|p2a: Victini|Victini|88/100|[from]move: Volt Switch
|move|p1a: Blissey|Stealth Rock|p2a: Victini
|-sidestart|p2: IIIodyne|move: Stealth Rock
|
|upkeep
|turn|25
|
|t:|1664915829
|switch|p1a: Corviknight|Corviknight, F, shiny|72/100
|-ability|p1a: Corviknight|Pressure
|move|p2a: Victini|V-create|p1a: Corviknight
|-supereffective|p1a: Corviknight
|-damage|p1a: Corviknight|0 fnt
|-unboost|p2a: Victini|spe|1
|-unboost|p2a: Victini|def|1
|-unboost|p2a: Victini|spd|1
|faint|p1a: Corviknight
|
|upkeep
|
|t:|1664915830
|switch|p1a: Tapu Lele|Tapu Lele, shiny|100/100
|-fieldstart|move: Psychic Terrain|[from] ability: Psychic Surge|[of] p1a: Tapu Lele
|turn|26
|
|t:|1664915834
|move|p1a: Tapu Lele|Moonblast|p2a: Victini
|-resisted|p2a: Victini
|-damage|p2a: Victini|27/100
|move|p2a: Victini|V-create|p1a: Tapu Lele
|-damage|p1a: Tapu Lele|0 fnt
|-unboost|p2a: Victini|spe|1
|-unboost|p2a: Victini|def|1
|-unboost|p2a: Victini|spd|1
|faint|p1a: Tapu Lele
|
|upkeep
|
|t:|1664915837
|switch|p1a: Tapu Koko|Tapu Koko, shiny|100/100
|-fieldstart|move: Electric Terrain|[from] ability: Electric Surge|[of] p1a: Tapu Koko
|turn|27
|
|t:|1664915846
|switch|p2a: Landorus|Landorus-Therian, M|58/100 tox
|-damage|p2a: Landorus|46/100 tox|[from] Stealth Rock
|-ability|p2a: Landorus|Intimidate|boost
|-unboost|p1a: Tapu Koko|atk|1
|move|p1a: Tapu Koko|Thunderbolt|p2a: Landorus
|-immune|p2a: Landorus
|
|-damage|p2a: Landorus|40/100 tox|[from] psn
|upkeep
|turn|28
|
|t:|1664915852
|move|p2a: Landorus|Earthquake|p1a: Tapu Koko
|-supereffective|p1a: Tapu Koko
|-damage|p1a: Tapu Koko|0 fnt
|faint|p1a: Tapu Koko
|
|-damage|p2a: Landorus|28/100 tox|[from] psn
|upkeep
|-message|Run For Me Plz forfeited.
|
|win|IIIodyne
|raw|Run For Me Plz's rating: 1757 &rarr; <strong>1741</strong><br />(-16 for losing)
|raw|IIIodyne's rating: 1823 &rarr; <strong>1839</strong><br />(+16 for winning)
