|j|☆CowpieMike
|j|☆Forwards
|t:|1658857019
|gametype|singles
|player|p1|CowpieMike|scientist-gen4dp|1460
|player|p2|Forwards|adaman|1518
|teamsize|p1|6
|teamsize|p2|6
|gen|8
|tier|[Gen 8] OU
|rated|
|rule|Sleep Clause Mod: Limit one foe put to sleep
|rule|Species Clause: Limit one of each Pokémon
|rule|OHKO Clause: OHKO moves are banned
|rule|Evasion Moves Clause: Evasion moves are banned
|rule|Endless Battle Clause: Forcing endless battles is banned
|rule|HP Percentage Mod: HP is shown in percentages
|rule|Dynamax Clause: You cannot dynamax
|clearpoke
|poke|p1|Landorus-Therian, M|
|poke|p1|Buzzwole|
|poke|p1|Heatran, M|
|poke|p1|Melmetal|
|poke|p1|Volcanion|
|poke|p1|Rillaboom, M|
|poke|p2|Torkoal, F|
|poke|p2|Venusaur, F|
|poke|p2|Charizard, M|
|poke|p2|Victini|
|poke|p2|Heatran, M|
|poke|p2|Xatu, F|
|teampreview
|inactive|Battle timer is ON: inactive players will automatically lose when time's up. (requested by CowpieMike)
|
|t:|1658857046
|start
|switch|p1a: Volcanion|Volcanion|100/100
|switch|p2a: Torkoal|Torkoal, F|100/100
|-weather|SunnyDay|[from] ability: Drought|[of] p2a: Torkoal
|turn|1
|
|t:|1658857054
|switch|p2a: Venusaur|Venusaur, F|100/100
|move|p1a: Volcanion|Earth Power|p2a: Venusaur
|-damage|p2a: Venusaur|44/100
|
|-weather|SunnyDay|[upkeep]
|upkeep
|turn|2
|
|t:|1658857060
|move|p2a: Venusaur|Earth Power|p1a: Volcanion
|-supereffective|p1a: Volcanion
|-damage|p1a: Volcanion|31/100
|-damage|p2a: Venusaur|34/100|[from] item: Life Orb
|move|p1a: Volcanion|Earth Power|p2a: Venusaur
|-damage|p2a: Venusaur|0 fnt
|faint|p2a: Venusaur
|
|-weather|SunnyDay|[upkeep]
|upkeep
|
|t:|1658857066
|switch|p2a: Victini|Victini|100/100
|turn|3
|
|t:|1658857071
|switch|p1a: Landorus|Landorus-Therian, M|100/100
|-ability|p1a: Landorus|Intimidate|boost
|-unboost|p2a: Victini|atk|1
|move|p2a: Victini|Zen Headbutt|p1a: Landorus
|-damage|p1a: Landorus|63/100
|
|-weather|SunnyDay|[upkeep]
|upkeep
|turn|4
|
|t:|1658857073
|move|p2a: Victini|Zen Headbutt|p1a: Landorus
|-damage|p1a: Landorus|23/100
|-enditem|p1a: Landorus|Sitrus Berry|[eat]
|-heal|p1a: Landorus|48/100|[from] item: Sitrus Berry
|move|p1a: Landorus|Stealth Rock|p2a: Victini
|-sidestart|p2: Forwards|move: Stealth Rock
|
|-weather|SunnyDay|[upkeep]
|upkeep
|turn|5
|
|t:|1658857079
|move|p2a: Victini|Zen Headbutt|p1a: Landorus
|-damage|p1a: Landorus|6/100
|cant|p1a: Landorus|flinch
|
|-weather|SunnyDay|[upkeep]
|upkeep
|turn|6
|
|t:|1658857086
|switch|p2a: Torkoal|Torkoal, F|100/100
|-damage|p2a: Torkoal|76/100|[from] Stealth Rock
|move|p1a: Landorus|Earthquake|p2a: Torkoal
|-supereffective|p2a: Torkoal
|-crit|p2a: Torkoal
|-damage|p2a: Torkoal|0 fnt
|faint|p2a: Torkoal
|
|-weather|SunnyDay|[upkeep]
|upkeep
|-message|Forwards forfeited.
|
|win|CowpieMike
|raw|CowpieMike's rating: 1460 &rarr; <strong>1483</strong><br />(+23 for winning)
|raw|Forwards's rating: 1518 &rarr; <strong>1495</strong><br />(-23 for losing)
|l|☆Forwards
