|j|☆Pokefreak77
|j|☆mint
|player|p1|Pokefreak77|170|1683
|player|p2|mint|155|1586
|teamsize|p1|6
|teamsize|p2|6
|gametype|singles
|gen|8
|tier|[Gen 8] OU
|rated|
|clearpoke
|poke|p1|Hippowdon, F|
|poke|p1|Excadrill, M|
|poke|p1|Mandibuzz, F|
|poke|p1|Toxapex, F|
|poke|p1|Chansey, F|
|poke|p1|Magnezone|
|poke|p2|Urshifu-*, F|
|poke|p2|Corviknight, M|
|poke|p2|Togekiss, M|
|poke|p2|Cinderace, F|
|poke|p2|Magearna|
|poke|p2|Chansey, F|
|rule|Sleep Clause Mod: Limit one foe put to sleep
|rule|Species Clause: Limit one of each Pokémon
|rule|OHKO Clause: OHKO moves are banned
|rule|Evasion Moves Clause: Evasion moves are banned
|rule|Endless Battle Clause: Forcing endless battles is banned
|rule|HP Percentage Mod: HP is shown in percentages
|rule|Dynamax Clause: You cannot dynamax
|teampreview
|
|start
|switch|p1a: Toxapex|Toxapex, F, shiny|100/100
|switch|p2a: Urshifu|Urshifu, F|100/100
|turn|1
|
|switch|p2a: Togekiss|Togekiss, M|100/100
|move|p1a: Toxapex|Knock Off|p2a: Togekiss
|-resisted|p2a: Togekiss
|-damage|p2a: Togekiss|92/100
|-enditem|p2a: Togekiss|Leftovers|[from] move: Knock Off|[of] p1a: Toxapex
|
|upkeep
|turn|2
|
|move|p2a: Togekiss|Nasty Plot|p2a: Togekiss
|-boost|p2a: Togekiss|spa|2
|move|p1a: Toxapex|Toxic Spikes|p2a: Togekiss
|-sidestart|p2: mint|move: Toxic Spikes
|
|upkeep
|turn|3
|
|move|p2a: Togekiss|Air Slash|p1a: Toxapex
|-damage|p1a: Toxapex|44/100
|move|p1a: Toxapex|Haze|p1a: Toxapex
|-clearallboost
|
|upkeep
|turn|4
|
|switch|p1a: Excadrill|Excadrill, M, shiny|100/100
|move|p2a: Togekiss|Air Slash|p1a: Excadrill
|-resisted|p1a: Excadrill
|-damage|p1a: Excadrill|76/100
|
|-heal|p1a: Excadrill|82/100|[from] item: Leftovers
|upkeep
|turn|5
|
|switch|p1a: Magnezone|Magnezone|100/100
|switch|p2a: Corviknight|Corviknight, M|100/100
|-ability|p2a: Corviknight|Pressure
|
|upkeep
|turn|6
|
|move|p1a: Magnezone|Thunderbolt|p2a: Corviknight
|-supereffective|p2a: Corviknight
|-damage|p2a: Corviknight|16/100
|move|p2a: Corviknight|U-turn|p1a: Magnezone
|-resisted|p1a: Magnezone
|-damage|p1a: Magnezone|96/100
|
|switch|p2a: Magearna|Magearna|100/100|[from]move: U-turn
|
|-heal|p1a: Magnezone|100/100|[from] item: Leftovers
|upkeep
|turn|7
|
|switch|p1a: Hippowdon|Hippowdon, F|100/100
|-weather|Sandstorm|[from] ability: Sand Stream|[of] p1a: Hippowdon
|move|p2a: Magearna|Calm Mind|p2a: Magearna
|-boost|p2a: Magearna|spa|1
|-boost|p2a: Magearna|spd|1
|
|-weather|Sandstorm|[upkeep]
|upkeep
|turn|8
|
|move|p2a: Magearna|Iron Defense|p2a: Magearna
|-boost|p2a: Magearna|def|2
|move|p1a: Hippowdon|Whirlwind|p2a: Magearna
|drag|p2a: Urshifu|Urshifu, F|100/100
|-status|p2a: Urshifu|psn
|
|-weather|Sandstorm|[upkeep]
|-damage|p2a: Urshifu|94/100 psn|[from] Sandstorm
|-damage|p2a: Urshifu|82/100 psn|[from] psn
|upkeep
|turn|9
|
|switch|p1a: Toxapex|Toxapex, F, shiny|77/100
|move|p2a: Urshifu|Wicked Blow|p1a: Toxapex
|-crit|p1a: Toxapex
|-damage|p1a: Toxapex|17/100
|-damage|p2a: Urshifu|66/100 psn|[from] item: Rocky Helmet|[of] p1a: Toxapex
|
|-weather|Sandstorm|[upkeep]
|-damage|p2a: Urshifu|59/100 psn|[from] Sandstorm
|-damage|p1a: Toxapex|10/100|[from] Sandstorm
|-damage|p2a: Urshifu|47/100 psn|[from] psn
|upkeep
|turn|10
|
|switch|p2a: Corviknight|Corviknight, M|16/100
|-ability|p2a: Corviknight|Pressure
|switch|p1a: Mandibuzz|Mandibuzz, F, shiny|100/100
|
|-weather|Sandstorm|[upkeep]
|upkeep
|turn|11
|
|move|p1a: Mandibuzz|Knock Off|p2a: Corviknight
|-damage|p2a: Corviknight|1/100
|-damage|p1a: Mandibuzz|84/100|[from] item: Rocky Helmet|[of] p2a: Corviknight
|-enditem|p2a: Corviknight|Rocky Helmet|[from] move: Knock Off|[of] p1a: Mandibuzz
|move|p2a: Corviknight|Defog|p1a: Mandibuzz
|-unboost|p1a: Mandibuzz|evasion|1
|-sideend|p2: mint|Toxic Spikes|[from] move: Defog|[of] p2a: Corviknight
|
|-weather|Sandstorm|[upkeep]
|upkeep
|turn|12
|
|switch|p2a: Togekiss|Togekiss, M|92/100
|move|p1a: Mandibuzz|Knock Off|p2a: Togekiss
|-resisted|p2a: Togekiss
|-damage|p2a: Togekiss|83/100
|
|-weather|Sandstorm|[upkeep]
|-damage|p2a: Togekiss|77/100|[from] Sandstorm
|upkeep
|turn|13
|
|switch|p1a: Excadrill|Excadrill, M, shiny|82/100
|move|p2a: Togekiss|Roost|p2a: Togekiss
|-heal|p2a: Togekiss|100/100
|-singleturn|p2a: Togekiss|move: Roost
|
|-weather|Sandstorm|[upkeep]
|-damage|p2a: Togekiss|94/100|[from] Sandstorm
|-heal|p1a: Excadrill|89/100|[from] item: Leftovers
|upkeep
|turn|14
|
|switch|p2a: Corviknight|Corviknight, M|1/100
|-ability|p2a: Corviknight|Pressure
|move|p1a: Excadrill|Iron Head|p2a: Corviknight
|-resisted|p2a: Corviknight
|-damage|p2a: Corviknight|0 fnt
|faint|p2a: Corviknight
|
|-weather|none
|-heal|p1a: Excadrill|95/100|[from] item: Leftovers
|upkeep
|
|switch|p2a: Cinderace|Cinderace, F|100/100
|turn|15
|
|switch|p1a: Hippowdon|Hippowdon, F|100/100
|-weather|Sandstorm|[from] ability: Sand Stream|[of] p1a: Hippowdon
|move|p2a: Cinderace|Bulk Up|p2a: Cinderace
|-start|p2a: Cinderace|typechange|Fighting|[from] ability: Libero
|-boost|p2a: Cinderace|atk|1
|-boost|p2a: Cinderace|def|1
|
|-weather|Sandstorm|[upkeep]
|-damage|p2a: Cinderace|95/100|[from] Sandstorm
|upkeep
|turn|16
|
|move|p2a: Cinderace|Pyro Ball|p1a: Hippowdon
|-start|p2a: Cinderace|typechange|Fire|[from] ability: Libero
|-damage|p1a: Hippowdon|52/100
|move|p1a: Hippowdon|Whirlwind|p2a: Cinderace
|drag|p2a: Magearna|Magearna|100/100
|
|-weather|Sandstorm|[upkeep]
|upkeep
|turn|17
|
|move|p2a: Magearna|Iron Defense|p2a: Magearna
|-boost|p2a: Magearna|def|2
|move|p1a: Hippowdon|Slack Off|p1a: Hippowdon
|-heal|p1a: Hippowdon|100/100
|
|-weather|Sandstorm|[upkeep]
|upkeep
|turn|18
|
|switch|p2a: Urshifu|Urshifu, F|47/100 psn
|move|p1a: Hippowdon|Whirlwind|p2a: Urshifu
|drag|p2a: Togekiss|Togekiss, M|94/100
|
|-weather|Sandstorm|[upkeep]
|-damage|p2a: Togekiss|88/100|[from] Sandstorm
|upkeep
|turn|19
|
|switch|p1a: Excadrill|Excadrill, M, shiny|95/100
|move|p2a: Togekiss|Air Slash|p1a: Excadrill
|-resisted|p1a: Excadrill
|-damage|p1a: Excadrill|71/100
|
|-weather|Sandstorm|[upkeep]
|-damage|p2a: Togekiss|82/100|[from] Sandstorm
|-heal|p1a: Excadrill|78/100|[from] item: Leftovers
|upkeep
|turn|20
|
|move|p1a: Excadrill|Iron Head|p2a: Togekiss
|-supereffective|p2a: Togekiss
|-crit|p2a: Togekiss
|-damage|p2a: Togekiss|0 fnt
|faint|p2a: Togekiss
|
|-weather|Sandstorm|[upkeep]
|-heal|p1a: Excadrill|84/100|[from] item: Leftovers
|upkeep
|-message|mint forfeited.
|
|win|Pokefreak77
|l|☆mint
