|html|<div class="broadcast-blue"><strong>[Gen 8] OU is currently suspecting Urshifu-S! For information on how to participate check out the <a href="https://www.smogon.com/forums/threads/np-ss-ou-suspect-process-round-8-aint-no-rest-for-the-wicked.3675310/">suspect thread</a>.</strong></div>
|j|☆SuperTheoryBros
|j|☆dapandanerd
|t:|1609637286
|player|p1|SuperTheoryBros|169|1773
|player|p2|dapandanerd|43|1714
|teamsize|p1|6
|teamsize|p2|6
|gametype|singles
|gen|8
|tier|[Gen 8] OU
|rated|
|clearpoke
|poke|p1|Blissey, F|
|poke|p1|Heatran, F|
|poke|p1|Landorus-Therian, M|
|poke|p1|Toxapex, F|
|poke|p1|Corviknight, M|
|poke|p1|Clefable, F|
|poke|p2|Dragapult, M|
|poke|p2|Clefable, M|
|poke|p2|Blissey, F|
|poke|p2|Excadrill, M|
|poke|p2|Tangrowth, M|
|poke|p2|Toxapex, F|
|rule|Sleep Clause Mod: Limit one foe put to sleep
|rule|Species Clause: Limit one of each Pokémon
|rule|OHKO Clause: OHKO moves are banned
|rule|Evasion Moves Clause: Evasion moves are banned
|rule|Endless Battle Clause: Forcing endless battles is banned
|rule|HP Percentage Mod: HP is shown in percentages
|rule|Dynamax Clause: You cannot dynamax
|teampreview
|inactive|Battle timer is ON: inactive players will automatically lose when time's up. (requested by SuperTheoryBros)
|j| Metslinmyleg
|inactive|SuperTheoryBros has 120 seconds left.
|j| outw lool
|
|t:|1609637324
|start
|switch|p1a: Toxapex|Toxapex, F|100/100
|switch|p2a: Excadrill|Excadrill, M|100/100
|-ability|p2a: Excadrill|Mold Breaker
|turn|1
|
|t:|1609637334
|switch|p2a: Toxapex|Toxapex, F|100/100
|switch|p1a: Corviknight|Corviknight, M|100/100
|-ability|p1a: Corviknight|Pressure
|
|upkeep
|turn|2
|
|t:|1609637346
|switch|p1a: Toxapex|Toxapex, F|100/100
|move|p2a: Toxapex|Knock Off|p1a: Toxapex
|-damage|p1a: Toxapex|92/100
|-damage|p2a: Toxapex|84/100|[from] item: Rocky Helmet|[of] p1a: Toxapex
|-enditem|p1a: Toxapex|Rocky Helmet|[from] move: Knock Off|[of] p2a: Toxapex
|
|-heal|p2a: Toxapex|90/100|[from] item: Black Sludge
|upkeep
|turn|3
|
|t:|1609637355
|move|p1a: Toxapex|Knock Off|p2a: Toxapex
|-damage|p2a: Toxapex|81/100
|-enditem|p2a: Toxapex|Black Sludge|[from] move: Knock Off|[of] p1a: Toxapex
|move|p2a: Toxapex|Scald|p1a: Toxapex
|-resisted|p1a: Toxapex
|-damage|p1a: Toxapex|85/100
|
|upkeep
|turn|4
|j| Kyurem
|
|t:|1609637360
|move|p1a: Toxapex|Toxic Spikes|p2a: Toxapex
|-sidestart|p2: dapandanerd|move: Toxic Spikes
|move|p2a: Toxapex|Scald|p1a: Toxapex
|-resisted|p1a: Toxapex
|-damage|p1a: Toxapex|78/100
|
|upkeep
|turn|5
|
|t:|1609637377
|switch|p1a: Blissey|Blissey, F|100/100
|move|p2a: Toxapex|Scald|p1a: Blissey
|-damage|p1a: Blissey|95/100
|
|upkeep
|turn|6
|
|t:|1609637386
|switch|p2a: Excadrill|Excadrill, M|100/100
|-ability|p2a: Excadrill|Mold Breaker
|move|p1a: Blissey|Stealth Rock|p2a: Excadrill
|-sidestart|p2: dapandanerd|move: Stealth Rock
|
|upkeep
|turn|7
|
|t:|1609637393
|switch|p2a: Clefable|Clefable, M|100/100
|-status|p2a: Clefable|psn
|switch|p1a: Corviknight|Corviknight, M|100/100
|-ability|p1a: Corviknight|Pressure
|
|upkeep
|turn|8
|j| ProseBeforeHos
|
|t:|1609637417
|switch|p1a: Clefable|Clefable, F|100/100
|move|p2a: Clefable|Stealth Rock|p1a: Clefable
|-sidestart|p1: SuperTheoryBros|move: Stealth Rock
|
|upkeep
|turn|9
|
|t:|1609637433
|switch|p2a: Toxapex|Toxapex, F|100/100
|-damage|p2a: Toxapex|88/100|[from] Stealth Rock
|-sideend|p2: dapandanerd|move: Toxic Spikes|[of] p2a: Toxapex
|move|p1a: Clefable|Moonblast|p2a: Toxapex
|-resisted|p2a: Toxapex
|-damage|p2a: Toxapex|75/100
|
|upkeep
|turn|10
|
|t:|1609637444
|move|p1a: Clefable|Calm Mind|p1a: Clefable
|-boost|p1a: Clefable|spa|1
|-boost|p1a: Clefable|spd|1
|move|p2a: Toxapex|Scald|p1a: Clefable
|-damage|p1a: Clefable|90/100
|-status|p1a: Clefable|brn
|
|-damage|p1a: Clefable|83/100 brn|[from] brn
|upkeep
|turn|11
|inactive|SuperTheoryBros has 120 seconds left.
|
|t:|1609637477
|switch|p1a: Blissey|Blissey, F|95/100
|move|p2a: Toxapex|Knock Off|p1a: Blissey
|-damage|p1a: Blissey|81/100
|-enditem|p1a: Blissey|Heavy-Duty Boots|[from] move: Knock Off|[of] p2a: Toxapex
|
|upkeep
|turn|12
|
|t:|1609637487
|switch|p2a: Excadrill|Excadrill, M|100/100
|-damage|p2a: Excadrill|97/100|[from] Stealth Rock
|-ability|p2a: Excadrill|Mold Breaker
|move|p1a: Blissey|Wish|p1a: Blissey
|
|-heal|p2a: Excadrill|100/100|[from] item: Leftovers
|upkeep
|turn|13
|
|t:|1609637497
|switch|p1a: Corviknight|Corviknight, M|100/100
|-damage|p1a: Corviknight|88/100|[from] Stealth Rock
|-ability|p1a: Corviknight|Pressure
|move|p2a: Excadrill|Rapid Spin|p1a: Corviknight
|-resisted|p1a: Corviknight
|-damage|p1a: Corviknight|83/100
|-boost|p2a: Excadrill|spe|1
|-damage|p2a: Excadrill|84/100|[from] item: Rocky Helmet|[of] p1a: Corviknight
|-sideend|p2: dapandanerd|Stealth Rock|[from] move: Rapid Spin|[of] p2a: Excadrill
|
|-heal|p1a: Corviknight|100/100|[from] move: Wish|[wisher] Blissey
|-heal|p2a: Excadrill|90/100|[from] item: Leftovers
|upkeep
|turn|14
|j| Galiper FS
|
|t:|1609637511
|switch|p2a: Clefable|Clefable, M|100/100 psn
|move|p1a: Corviknight|Defog|p2a: Clefable
|-unboost|p2a: Clefable|evasion|1
|-sideend|p1: SuperTheoryBros|Stealth Rock|[from] move: Defog|[of] p1a: Corviknight
|
|upkeep
|turn|15
|
|t:|1609637531
|switch|p1a: Clefable|Clefable, F|83/100 brn
|move|p2a: Clefable|Stealth Rock|p1a: Clefable
|-sidestart|p1: SuperTheoryBros|move: Stealth Rock
|
|-damage|p1a: Clefable|77/100 brn|[from] brn
|upkeep
|turn|16
|l| Metslinmyleg
|
|t:|1609637544
|move|p1a: Clefable|Aromatherapy|p1a: Clefable
|-activate|p1a: Clefable|move: Aromatherapy
|-curestatus|p1a: Clefable|brn|[msg]
|move|p2a: Clefable|Moonblast|p1a: Clefable
|-damage|p1a: Clefable|48/100
|-unboost|p1a: Clefable|spa|1
|
|upkeep
|turn|17
|
|t:|1609637565
|switch|p2a: Excadrill|Excadrill, M|90/100
|-ability|p2a: Excadrill|Mold Breaker
|move|p1a: Clefable|Soft-Boiled|p1a: Clefable
|-heal|p1a: Clefable|98/100
|
|-heal|p2a: Excadrill|96/100|[from] item: Leftovers
|upkeep
|turn|18
|
|t:|1609637577
|switch|p2a: Toxapex|Toxapex, F|100/100
|switch|p1a: Corviknight|Corviknight, M|100/100
|-damage|p1a: Corviknight|88/100|[from] Stealth Rock
|-ability|p1a: Corviknight|Pressure
|
|upkeep
|turn|19
|
|t:|1609637586
|switch|p1a: Blissey|Blissey, F|81/100
|-damage|p1a: Blissey|68/100|[from] Stealth Rock
|move|p2a: Toxapex|Scald|p1a: Blissey
|-damage|p1a: Blissey|63/100
|-status|p1a: Blissey|brn
|
|-damage|p1a: Blissey|57/100 brn|[from] brn
|upkeep
|turn|20
|
|t:|1609637594
|switch|p2a: Excadrill|Excadrill, M|96/100
|-ability|p2a: Excadrill|Mold Breaker
|move|p1a: Blissey|Stealth Rock|p2a: Excadrill
|-sidestart|p2: dapandanerd|move: Stealth Rock
|
|-heal|p2a: Excadrill|100/100|[from] item: Leftovers
|-damage|p1a: Blissey|51/100 brn|[from] brn
|upkeep
|turn|21
|
|t:|1609637601
|switch|p1a: Corviknight|Corviknight, M|88/100
|-damage|p1a: Corviknight|75/100|[from] Stealth Rock
|-ability|p1a: Corviknight|Pressure
|move|p2a: Excadrill|Rapid Spin|p1a: Corviknight
|-resisted|p1a: Corviknight
|-damage|p1a: Corviknight|71/100
|-boost|p2a: Excadrill|spe|1
|-damage|p2a: Excadrill|84/100|[from] item: Rocky Helmet|[of] p1a: Corviknight
|-sideend|p2: dapandanerd|Stealth Rock|[from] move: Rapid Spin|[of] p2a: Excadrill
|
|-heal|p2a: Excadrill|90/100|[from] item: Leftovers
|upkeep
|turn|22
|
|t:|1609637614
|switch|p2a: Clefable|Clefable, M|100/100 psn
|move|p1a: Corviknight|Defog|p2a: Clefable
|-unboost|p2a: Clefable|evasion|1
|-sideend|p1: SuperTheoryBros|Stealth Rock|[from] move: Defog|[of] p1a: Corviknight
|
|upkeep
|turn|23
|
|t:|1609637625
|switch|p1a: Blissey|Blissey, F|51/100
|move|p2a: Clefable|Stealth Rock|p1a: Blissey
|-sidestart|p1: SuperTheoryBros|move: Stealth Rock
|
|upkeep
|turn|24
|
|t:|1609637633
|move|p2a: Clefable|Trick|p1a: Blissey
|-activate|p2a: Clefable|move: Trick|[of] p1a: Blissey
|-item|p1a: Blissey|Sticky Barb|[from] move: Trick
|-enditem|p2a: Clefable|Sticky Barb|[silent]|[from] move: Trick
|move|p1a: Blissey|Soft-Boiled|p1a: Blissey
|-heal|p1a: Blissey|100/100
|
|-damage|p1a: Blissey|88/100|[from] item: Sticky Barb
|upkeep
|turn|25
|
|t:|1609637645
|switch|p2a: Toxapex|Toxapex, F|100/100
|move|p1a: Blissey|Stealth Rock|p2a: Toxapex
|-sidestart|p2: dapandanerd|move: Stealth Rock
|
|-damage|p1a: Blissey|76/100|[from] item: Sticky Barb
|upkeep
|turn|26
|
|t:|1609637653
|switch|p2a: Excadrill|Excadrill, M|90/100
|-damage|p2a: Excadrill|87/100|[from] Stealth Rock
|-ability|p2a: Excadrill|Mold Breaker
|move|p1a: Blissey|Wish|p1a: Blissey
|
|-heal|p2a: Excadrill|93/100|[from] item: Leftovers
|-damage|p1a: Blissey|63/100|[from] item: Sticky Barb
|upkeep
|turn|27
|
|t:|1609637671
|switch|p1a: Corviknight|Corviknight, M|71/100
|-damage|p1a: Corviknight|58/100|[from] Stealth Rock
|-ability|p1a: Corviknight|Pressure
|move|p2a: Excadrill|Rapid Spin|p1a: Corviknight
|-resisted|p1a: Corviknight
|-damage|p1a: Corviknight|53/100
|-boost|p2a: Excadrill|spe|1
|-damage|p2a: Excadrill|76/100|[from] item: Rocky Helmet|[of] p1a: Corviknight
|-sideend|p2: dapandanerd|Stealth Rock|[from] move: Rapid Spin|[of] p2a: Excadrill
|
|-heal|p1a: Corviknight|100/100|[from] move: Wish|[wisher] Blissey
|-heal|p2a: Excadrill|82/100|[from] item: Leftovers
|upkeep
|turn|28
|l| outw lool
|
|t:|1609637685
|switch|p2a: Clefable|Clefable, M|100/100 psn
|move|p1a: Corviknight|Defog|p2a: Clefable
|-unboost|p2a: Clefable|evasion|1
|-sideend|p1: SuperTheoryBros|Stealth Rock|[from] move: Defog|[of] p1a: Corviknight
|
|upkeep
|turn|29
|l| ProseBeforeHos
|
|t:|1609637694
|switch|p1a: Heatran|Heatran, F|100/100
|-item|p1a: Heatran|Air Balloon
|move|p2a: Clefable|Stealth Rock|p1a: Heatran
|-sidestart|p1: SuperTheoryBros|move: Stealth Rock
|
|upkeep
|turn|30
|
|t:|1609637716
|switch|p2a: Blissey|Blissey, F|100/100
|move|p1a: Heatran|Magma Storm|p2a: Blissey
|-damage|p2a: Blissey|84/100
|-activate|p2a: Blissey|move: Magma Storm|[of] p1a: Heatran
|
|-damage|p2a: Blissey|72/100|[from] move: Magma Storm|[partiallytrapped]
|upkeep
|turn|31
|
|t:|1609637725
|move|p1a: Heatran|Toxic|p2a: Blissey
|-status|p2a: Blissey|tox
|move|p2a: Blissey|Seismic Toss|p1a: Heatran
|-damage|p1a: Heatran|75/100
|-enditem|p1a: Heatran|Air Balloon
|
|-damage|p2a: Blissey|66/100 tox|[from] psn
|-damage|p2a: Blissey|53/100 tox|[from] move: Magma Storm|[partiallytrapped]
|upkeep
|turn|32
|
|t:|1609637735
|move|p1a: Heatran|Taunt|p2a: Blissey
|-start|p2a: Blissey|move: Taunt
|cant|p2a: Blissey|move: Taunt|Soft-Boiled
|
|-damage|p2a: Blissey|41/100 tox|[from] psn
|-damage|p2a: Blissey|29/100 tox|[from] move: Magma Storm|[partiallytrapped]
|upkeep
|turn|33
|
|t:|1609637743
|move|p1a: Heatran|Earth Power|p2a: Blissey
|-damage|p2a: Blissey|20/100 tox
|move|p2a: Blissey|Seismic Toss|p1a: Heatran
|-damage|p1a: Heatran|49/100
|
|-damage|p2a: Blissey|1/100 tox|[from] psn
|-damage|p2a: Blissey|0 fnt|[from] move: Magma Storm|[partiallytrapped]
|faint|p2a: Blissey
|upkeep
|
|t:|1609637755
|switch|p2a: Excadrill|Excadrill, M|82/100
|-ability|p2a: Excadrill|Mold Breaker
|turn|34
|
|t:|1609637761
|switch|p2a: Dragapult|Dragapult, M|100/100
|switch|p1a: Corviknight|Corviknight, M|100/100
|-damage|p1a: Corviknight|88/100|[from] Stealth Rock
|-ability|p1a: Corviknight|Pressure
|
|upkeep
|turn|35
|
|t:|1609637773
|switch|p1a: Clefable|Clefable, F|98/100
|move|p2a: Dragapult|Will-O-Wisp|p1a: Clefable
|-status|p1a: Clefable|brn
|
|-damage|p1a: Clefable|92/100 brn|[from] brn
|upkeep
|turn|36
|
|t:|1609637791
|move|p2a: Dragapult|Hex|p1a: Clefable
|-damage|p1a: Clefable|36/100 brn
|move|p1a: Clefable|Aromatherapy|p1a: Clefable
|-activate|p1a: Clefable|move: Aromatherapy
|-curestatus|p1a: Clefable|brn|[msg]
|
|upkeep
|turn|37
|
|t:|1609637798
|move|p2a: Dragapult|Thunder Wave|p1a: Clefable
|-status|p1a: Clefable|par
|move|p1a: Clefable|Soft-Boiled|p1a: Clefable
|-heal|p1a: Clefable|86/100 par
|
|upkeep
|turn|38
|
|t:|1609637824
|move|p2a: Dragapult|Hex|p1a: Clefable
|-damage|p1a: Clefable|24/100 par
|move|p1a: Clefable|Moonblast|p2a: Dragapult
|-supereffective|p2a: Dragapult
|-damage|p2a: Dragapult|10/100
|
|-heal|p2a: Dragapult|16/100|[from] item: Leftovers
|upkeep
|turn|39
|
|t:|1609637836
|switch|p1a: Blissey|Blissey, F|63/100
|-damage|p1a: Blissey|51/100|[from] Stealth Rock
|move|p2a: Dragapult|Hex|p1a: Blissey
|-immune|p1a: Blissey
|
|-heal|p2a: Dragapult|22/100|[from] item: Leftovers
|-damage|p1a: Blissey|38/100|[from] item: Sticky Barb
|upkeep
|turn|40
|inactive|SuperTheoryBros has 120 seconds left.
|
|t:|1609637860
|switch|p2a: Tangrowth|Tangrowth, M|100/100
|move|p1a: Blissey|Wish|p1a: Blissey
|
|-damage|p1a: Blissey|26/100|[from] item: Sticky Barb
|upkeep
|turn|41
|inactive|SuperTheoryBros has 120 seconds left.
|
|t:|1609637873
|switch|p1a: Heatran|Heatran, F|49/100
|-damage|p1a: Heatran|36/100|[from] Stealth Rock
|move|p2a: Tangrowth|Sleep Powder|p1a: Heatran
|-status|p1a: Heatran|slp|[from] move: Sleep Powder
|
|-heal|p1a: Heatran|100/100 slp|[from] move: Wish|[wisher] Blissey
|upkeep
|turn|42
|inactive|SuperTheoryBros has 120 seconds left.
|
|t:|1609637893
|switch|p1a: Corviknight|Corviknight, M|88/100
|-damage|p1a: Corviknight|75/100|[from] Stealth Rock
|-ability|p1a: Corviknight|Pressure
|switch|p2a: Dragapult|Dragapult, M|22/100
|
|-heal|p2a: Dragapult|28/100|[from] item: Leftovers
|upkeep
|turn|43
|
|t:|1609637916
|switch|p2a: Toxapex|Toxapex, F|100/100
|move|p1a: Corviknight|Brave Bird|p2a: Toxapex
|-damage|p2a: Toxapex|77/100
|-damage|p1a: Corviknight|69/100|[from] Recoil
|
|upkeep
|turn|44
|j| Blumgin
|inactive|SuperTheoryBros has 90 seconds left.
|
|t:|1609637934
|move|p1a: Corviknight|Defog|p2a: Toxapex
|-unboost|p2a: Toxapex|evasion|1
|-sideend|p1: SuperTheoryBros|Stealth Rock|[from] move: Defog|[of] p1a: Corviknight
|move|p2a: Toxapex|Scald|p1a: Corviknight
|-damage|p1a: Corviknight|54/100
|
|upkeep
|turn|45
|j| Vessev
|j| CooCooGin
|inactive|SuperTheoryBros has 90 seconds left.
|
|t:|1609637946
|switch|p1a: Clefable|Clefable, F|24/100 par
|switch|p2a: Dragapult|Dragapult, M|28/100
|
|-heal|p2a: Dragapult|34/100|[from] item: Leftovers
|upkeep
|turn|46
|inactive|SuperTheoryBros has 90 seconds left.
|
|t:|1609637960
|switch|p1a: Toxapex|Toxapex, F|100/100
|move|p2a: Dragapult|Hex|p1a: Toxapex
|-damage|p1a: Toxapex|73/100
|
|-heal|p2a: Dragapult|40/100|[from] item: Leftovers
|upkeep
|turn|47
|
|t:|1609637967
|switch|p2a: Clefable|Clefable, M|100/100 psn
|move|p1a: Toxapex|Knock Off|p2a: Clefable
|-resisted|p2a: Clefable
|-damage|p2a: Clefable|96/100 psn
|
|upkeep
|turn|48
|l| Vessev
|
|t:|1609637976
|move|p2a: Clefable|Stealth Rock|p1a: Toxapex
|-sidestart|p1: SuperTheoryBros|move: Stealth Rock
|move|p1a: Toxapex|Toxic Spikes|p2a: Clefable
|-sidestart|p2: dapandanerd|move: Toxic Spikes
|
|upkeep
|turn|49
|j| BabyPigsAreLaughin
|
|t:|1609637986
|switch|p2a: Toxapex|Toxapex, F|100/100
|-sideend|p2: dapandanerd|move: Toxic Spikes|[of] p2a: Toxapex
|switch|p1a: Corviknight|Corviknight, M|54/100
|-damage|p1a: Corviknight|42/100|[from] Stealth Rock
|-ability|p1a: Corviknight|Pressure
|
|upkeep
|turn|50
|
|t:|1609637995
|move|p1a: Corviknight|Roost|p1a: Corviknight
|-heal|p1a: Corviknight|92/100
|-singleturn|p1a: Corviknight|move: Roost
|move|p2a: Toxapex|Knock Off|p1a: Corviknight
|-crit|p1a: Corviknight
|-damage|p1a: Corviknight|80/100
|-damage|p2a: Toxapex|84/100|[from] item: Rocky Helmet|[of] p1a: Corviknight
|-enditem|p1a: Corviknight|Rocky Helmet|[from] move: Knock Off|[of] p2a: Toxapex
|
|upkeep
|turn|51
|
|t:|1609638004
|move|p1a: Corviknight|Defog|p2a: Toxapex
|-unboost|p2a: Toxapex|evasion|1
|-sideend|p1: SuperTheoryBros|Stealth Rock|[from] move: Defog|[of] p1a: Corviknight
|move|p2a: Toxapex|Scald|p1a: Corviknight
|-damage|p1a: Corviknight|64/100
|-status|p1a: Corviknight|brn
|
|-damage|p1a: Corviknight|58/100 brn|[from] brn
|upkeep
|turn|52
|j| 6f
|
|t:|1609638008
|switch|p2a: Dragapult|Dragapult, M|40/100
|move|p1a: Corviknight|Roost|p1a: Corviknight
|-heal|p1a: Corviknight|100/100 brn
|-singleturn|p1a: Corviknight|move: Roost
|
|-heal|p2a: Dragapult|46/100|[from] item: Leftovers
|-damage|p1a: Corviknight|94/100 brn|[from] brn
|upkeep
|turn|53
|l| Blumgin
|inactive|SuperTheoryBros has 120 seconds left.
|
|t:|1609638023
|switch|p1a: Landorus|Landorus-Therian, M|100/100
|-ability|p1a: Landorus|Intimidate|boost
|-unboost|p2a: Dragapult|atk|1
|move|p2a: Dragapult|Thunder Wave|p1a: Landorus
|-immune|p1a: Landorus
|
|-heal|p2a: Dragapult|52/100|[from] item: Leftovers
|upkeep
|turn|54
|inactive|SuperTheoryBros has 120 seconds left.
|
|t:|1609638035
|switch|p2a: Tangrowth|Tangrowth, M|100/100
|move|p1a: Landorus|Knock Off|p2a: Tangrowth
|-damage|p2a: Tangrowth|83/100
|-damage|p1a: Landorus|84/100|[from] item: Rocky Helmet|[of] p2a: Tangrowth
|-enditem|p2a: Tangrowth|Rocky Helmet|[from] move: Knock Off|[of] p1a: Landorus
|
|upkeep
|turn|55
|inactive|SuperTheoryBros has 120 seconds left.
|
|t:|1609638047
|switch|p1a: Heatran|Heatran, F|100/100 slp
|switch|p2a: Clefable|Clefable, M|96/100 psn
|
|upkeep
|turn|56
|
|t:|1609638056
|switch|p2a: Excadrill|Excadrill, M|82/100
|-ability|p2a: Excadrill|Mold Breaker
|cant|p1a: Heatran|slp
|
|-heal|p2a: Excadrill|89/100|[from] item: Leftovers
|upkeep
|turn|57
|l| CooCooGin
|inactive|SuperTheoryBros has 120 seconds left.
|
|t:|1609638072
|switch|p1a: Landorus|Landorus-Therian, M|84/100
|-ability|p1a: Landorus|Intimidate|boost
|-unboost|p2a: Excadrill|atk|1
|move|p2a: Excadrill|Earthquake|p1a: Landorus
|-immune|p1a: Landorus
|
|-heal|p2a: Excadrill|95/100|[from] item: Leftovers
|upkeep
|turn|58
|
|t:|1609638080
|switch|p1a: Heatran|Heatran, F|100/100 slp
|switch|p2a: Tangrowth|Tangrowth, M|100/100
|
|upkeep
|turn|59
|
|t:|1609638098
|switch|p2a: Excadrill|Excadrill, M|95/100
|-ability|p2a: Excadrill|Mold Breaker
|-curestatus|p1a: Heatran|slp|[msg]
|move|p1a: Heatran|Magma Storm|p2a: Excadrill
|-supereffective|p2a: Excadrill
|-damage|p2a: Excadrill|13/100
|-activate|p2a: Excadrill|move: Magma Storm|[of] p1a: Heatran
|
|-heal|p2a: Excadrill|19/100|[from] item: Leftovers
|-damage|p2a: Excadrill|6/100|[from] move: Magma Storm|[partiallytrapped]
|upkeep
|turn|60
|inactive|SuperTheoryBros has 120 seconds left.
|
|t:|1609638122
|switch|p1a: Corviknight|Corviknight, M|94/100 brn
|-ability|p1a: Corviknight|Pressure
|move|p2a: Excadrill|Toxic||[still]
|-fail|p2a: Excadrill
|
|-heal|p2a: Excadrill|12/100|[from] item: Leftovers
|-damage|p1a: Corviknight|88/100 brn|[from] brn
|-end|p2a: Excadrill|Magma Storm|[partiallytrapped]|[silent]
|upkeep
|turn|61
|inactive|SuperTheoryBros has 120 seconds left.
|
|t:|1609638134
|switch|p2a: Toxapex|Toxapex, F|100/100
|switch|p1a: Heatran|Heatran, F|100/100
|
|upkeep
|turn|62
|inactive|SuperTheoryBros has 120 seconds left.
|
|t:|1609638149
|move|p1a: Heatran|Magma Storm|p2a: Toxapex
|-resisted|p2a: Toxapex
|-damage|p2a: Toxapex|83/100
|-activate|p2a: Toxapex|move: Magma Storm|[of] p1a: Heatran
|move|p2a: Toxapex|Scald|p1a: Heatran
|-supereffective|p1a: Heatran
|-damage|p1a: Heatran|77/100
|
|-damage|p2a: Toxapex|71/100|[from] move: Magma Storm|[partiallytrapped]
|upkeep
|turn|63
|
|t:|1609638158
|move|p1a: Heatran|Earth Power|p2a: Toxapex
|-supereffective|p2a: Toxapex
|-damage|p2a: Toxapex|28/100
|-unboost|p2a: Toxapex|spd|1
|move|p2a: Toxapex|Scald|p1a: Heatran
|-supereffective|p1a: Heatran
|-damage|p1a: Heatran|54/100
|
|-damage|p2a: Toxapex|15/100|[from] move: Magma Storm|[partiallytrapped]
|upkeep
|turn|64
|
|t:|1609638167
|move|p1a: Heatran|Earth Power|p2a: Toxapex
|-supereffective|p2a: Toxapex
|-damage|p2a: Toxapex|0 fnt
|faint|p2a: Toxapex
|
|upkeep
|
|t:|1609638172
|switch|p2a: Excadrill|Excadrill, M|12/100
|-ability|p2a: Excadrill|Mold Breaker
|turn|65
|
|t:|1609638180
|switch|p2a: Dragapult|Dragapult, M|52/100
|move|p1a: Heatran|Magma Storm|p2a: Dragapult
|-resisted|p2a: Dragapult
|-damage|p2a: Dragapult|24/100
|-activate|p2a: Dragapult|move: Magma Storm|[of] p1a: Heatran
|
|-heal|p2a: Dragapult|30/100|[from] item: Leftovers
|-damage|p2a: Dragapult|18/100|[from] move: Magma Storm|[partiallytrapped]
|upkeep
|turn|66
|
|t:|1609638194
|move|p2a: Dragapult|Thunder Wave|p1a: Heatran
|-status|p1a: Heatran|par
|move|p1a: Heatran|Earth Power|p2a: Dragapult
|-damage|p2a: Dragapult|0 fnt
|faint|p2a: Dragapult
|
|upkeep
|
|t:|1609638201
|switch|p2a: Excadrill|Excadrill, M|12/100
|-ability|p2a: Excadrill|Mold Breaker
|turn|67
|
|t:|1609638218
|switch|p2a: Tangrowth|Tangrowth, M|100/100
|switch|p1a: Corviknight|Corviknight, M|88/100 brn
|-ability|p1a: Corviknight|Pressure
|
|-damage|p1a: Corviknight|82/100 brn|[from] brn
|upkeep
|turn|68
|
|t:|1609638241
|switch|p1a: Heatran|Heatran, F|54/100 par
|switch|p2a: Excadrill|Excadrill, M|12/100
|-ability|p2a: Excadrill|Mold Breaker
|
|-heal|p2a: Excadrill|19/100|[from] item: Leftovers
|upkeep
|turn|69
|
|t:|1609638249
|switch|p2a: Clefable|Clefable, M|96/100 psn
|switch|p1a: Corviknight|Corviknight, M|82/100 brn
|-ability|p1a: Corviknight|Pressure
|
|-damage|p1a: Corviknight|75/100 brn|[from] brn
|upkeep
|turn|70
|inactive|SuperTheoryBros has 120 seconds left.
|
|t:|1609638273
|switch|p1a: Toxapex|Toxapex, F|100/100
|move|p2a: Clefable|Stealth Rock|p1a: Toxapex
|-sidestart|p1: SuperTheoryBros|move: Stealth Rock
|
|upkeep
|turn|71
|inactive|SuperTheoryBros has 120 seconds left.
|
|t:|1609638284
|switch|p2a: Tangrowth|Tangrowth, M|100/100
|move|p1a: Toxapex|Knock Off|p2a: Tangrowth
|-damage|p2a: Tangrowth|95/100
|
|upkeep
|turn|72
|inactive|SuperTheoryBros has 120 seconds left.
|
|t:|1609638299
|move|p2a: Tangrowth|Sleep Powder|p1a: Toxapex|[miss]
|-miss|p2a: Tangrowth|p1a: Toxapex
|move|p1a: Toxapex|Knock Off|p2a: Tangrowth
|-damage|p2a: Tangrowth|90/100
|
|upkeep
|turn|73
|inactive|SuperTheoryBros has 120 seconds left.
|j| hilltop badness
|
|t:|1609638310
|move|p2a: Tangrowth|Sleep Powder|p1a: Toxapex|[miss]
|-miss|p2a: Tangrowth|p1a: Toxapex
|move|p1a: Toxapex|Knock Off|p2a: Tangrowth
|-damage|p2a: Tangrowth|85/100
|
|upkeep
|turn|74
|inactive|SuperTheoryBros has 120 seconds left.
|
|t:|1609638316
|switch|p1a: Heatran|Heatran, F|54/100 par
|-damage|p1a: Heatran|42/100 par|[from] Stealth Rock
|move|p2a: Tangrowth|Sleep Powder||[still]
|-fail|p2a: Tangrowth
|
|upkeep
|turn|75
|
|t:|1609638325
|switch|p2a: Clefable|Clefable, M|96/100 psn
|cant|p1a: Heatran|par
|
|upkeep
|turn|76
|l| Kyurem
|c| BabyPigsAreLaughin|That double miss, though.
|
|t:|1609638336
|move|p2a: Clefable|Moonblast|p1a: Heatran
|-resisted|p1a: Heatran
|-damage|p1a: Heatran|36/100 par
|move|p1a: Heatran|Magma Storm|p2a: Clefable|[miss]
|-miss|p1a: Heatran|p2a: Clefable
|
|upkeep
|turn|77
|
|t:|1609638345
|switch|p1a: Toxapex|Toxapex, F|100/100
|-damage|p1a: Toxapex|88/100|[from] Stealth Rock
|move|p2a: Clefable|Moonblast|p1a: Toxapex
|-resisted|p1a: Toxapex
|-damage|p1a: Toxapex|76/100
|
|upkeep
|turn|78
|
|t:|1609638351
|switch|p2a: Tangrowth|Tangrowth, M|100/100
|move|p1a: Toxapex|Toxic Spikes|p2a: Tangrowth
|-sidestart|p2: dapandanerd|move: Toxic Spikes
|
|upkeep
|turn|79
|j| outw lool
|
|t:|1609638364
|switch|p1a: Heatran|Heatran, F|36/100 par
|-damage|p1a: Heatran|24/100 par|[from] Stealth Rock
|move|p2a: Tangrowth|Sleep Powder||[still]
|-fail|p2a: Tangrowth
|
|upkeep
|turn|80
|j| Hugs4drugs
|
|t:|1609638378
|switch|p2a: Clefable|Clefable, M|96/100 psn
|switch|p1a: Blissey|Blissey, F|26/100
|-damage|p1a: Blissey|14/100|[from] Stealth Rock
|
|-damage|p1a: Blissey|1/100|[from] item: Sticky Barb
|upkeep
|turn|81
|
|t:|1609638386
|move|p2a: Clefable|Moonblast|p1a: Blissey
|-damage|p1a: Blissey|0 fnt
|faint|p1a: Blissey
|
|upkeep
|
|t:|1609638394
|switch|p1a: Clefable|Clefable, F|24/100 par
|turn|82
|
|t:|1609638403
|move|p2a: Clefable|Moonblast|p1a: Clefable
|-damage|p1a: Clefable|0 fnt
|faint|p1a: Clefable
|
|upkeep
|
|t:|1609638413
|switch|p1a: Toxapex|Toxapex, F|100/100
|-damage|p1a: Toxapex|88/100|[from] Stealth Rock
|turn|83
|
|t:|1609638430
|switch|p2a: Tangrowth|Tangrowth, M|100/100
|-status|p2a: Tangrowth|psn
|move|p1a: Toxapex|Knock Off|p2a: Tangrowth
|-damage|p2a: Tangrowth|95/100 psn
|
|-damage|p2a: Tangrowth|83/100 psn|[from] psn
|upkeep
|turn|84
|
|t:|1609638442
|move|p2a: Tangrowth|Sleep Powder|p1a: Toxapex|[miss]
|-miss|p2a: Tangrowth|p1a: Toxapex
|move|p1a: Toxapex|Knock Off|p2a: Tangrowth
|-damage|p2a: Tangrowth|77/100 psn
|
|-damage|p2a: Tangrowth|65/100 psn|[from] psn
|upkeep
|turn|85
|
|t:|1609638451
|switch|p1a: Corviknight|Corviknight, M|75/100 brn
|-damage|p1a: Corviknight|63/100 brn|[from] Stealth Rock
|-ability|p1a: Corviknight|Pressure
|move|p2a: Tangrowth|Sleep Powder||[still]
|-fail|p2a: Tangrowth
|
|-damage|p1a: Corviknight|57/100 brn|[from] brn
|-damage|p2a: Tangrowth|52/100 psn|[from] psn
|upkeep
|turn|86
|
|t:|1609638469
|switch|p2a: Excadrill|Excadrill, M|19/100
|-ability|p2a: Excadrill|Mold Breaker
|move|p1a: Corviknight|Brave Bird|p2a: Excadrill
|-resisted|p2a: Excadrill
|-damage|p2a: Excadrill|5/100
|-damage|p1a: Corviknight|53/100 brn|[from] Recoil
|
|-heal|p2a: Excadrill|12/100|[from] item: Leftovers
|-damage|p1a: Corviknight|46/100 brn|[from] brn
|upkeep
|turn|87
|j| Bayonet
|
|t:|1609638482
|move|p2a: Excadrill|Iron Head|p1a: Corviknight
|-resisted|p1a: Corviknight
|-damage|p1a: Corviknight|36/100 brn
|move|p1a: Corviknight|Roost|p1a: Corviknight
|-heal|p1a: Corviknight|86/100 brn
|-singleturn|p1a: Corviknight|move: Roost
|
|-heal|p2a: Excadrill|18/100|[from] item: Leftovers
|-damage|p1a: Corviknight|79/100 brn|[from] brn
|upkeep
|turn|88
|
|t:|1609638497
|switch|p2a: Clefable|Clefable, M|96/100 psn
|move|p1a: Corviknight|Defog|p2a: Clefable
|-unboost|p2a: Clefable|evasion|1
|-sideend|p2: dapandanerd|Toxic Spikes|[from] move: Defog|[of] p1a: Corviknight
|-sideend|p1: SuperTheoryBros|Stealth Rock|[from] move: Defog|[of] p1a: Corviknight
|
|-damage|p1a: Corviknight|73/100 brn|[from] brn
|upkeep
|turn|89
|
|t:|1609638510
|switch|p1a: Toxapex|Toxapex, F|100/100
|move|p2a: Clefable|Stealth Rock|p1a: Toxapex
|-sidestart|p1: SuperTheoryBros|move: Stealth Rock
|
|upkeep
|turn|90
|
|t:|1609638519
|switch|p2a: Tangrowth|Tangrowth, M|85/100 psn
|move|p1a: Toxapex|Knock Off|p2a: Tangrowth
|-damage|p2a: Tangrowth|79/100 psn
|
|-damage|p2a: Tangrowth|67/100 psn|[from] psn
|upkeep
|turn|91
|
|t:|1609638539
|move|p2a: Tangrowth|Giga Drain|p1a: Toxapex
|-damage|p1a: Toxapex|77/100
|-heal|p2a: Tangrowth|76/100 psn|[from] drain|[of] p1a: Toxapex
|move|p1a: Toxapex|Poison Jab|p2a: Tangrowth
|-supereffective|p2a: Tangrowth
|-damage|p2a: Tangrowth|55/100 psn
|
|-damage|p2a: Tangrowth|43/100 psn|[from] psn
|upkeep
|turn|92
|inactive|SuperTheoryBros has 120 seconds left.
|
|t:|1609638561
|switch|p2a: Clefable|Clefable, M|96/100 psn
|move|p1a: Toxapex|Poison Jab|p2a: Clefable
|-supereffective|p2a: Clefable
|-damage|p2a: Clefable|66/100 psn
|
|upkeep
|turn|93
|inactive|SuperTheoryBros has 120 seconds left.
|
|t:|1609638574
|switch|p2a: Tangrowth|Tangrowth, M|76/100 psn
|move|p1a: Toxapex|Knock Off|p2a: Tangrowth
|-damage|p2a: Tangrowth|70/100 psn
|
|-damage|p2a: Tangrowth|58/100 psn|[from] psn
|upkeep
|turn|94
|inactive|SuperTheoryBros has 120 seconds left.
|
|t:|1609638584
|switch|p1a: Corviknight|Corviknight, M|73/100 brn
|-damage|p1a: Corviknight|61/100 brn|[from] Stealth Rock
|-ability|p1a: Corviknight|Pressure
|move|p2a: Tangrowth|Sleep Powder||[still]
|-fail|p2a: Tangrowth
|
|-damage|p1a: Corviknight|54/100 brn|[from] brn
|-damage|p2a: Tangrowth|46/100 psn|[from] psn
|upkeep
|turn|95
|j| paladica
|inactive|SuperTheoryBros has 120 seconds left.
|
|t:|1609638591
|switch|p2a: Clefable|Clefable, M|66/100 psn
|move|p1a: Corviknight|Defog|p2a: Clefable
|-unboost|p2a: Clefable|evasion|1
|-sideend|p1: SuperTheoryBros|Stealth Rock|[from] move: Defog|[of] p1a: Corviknight
|
|-damage|p1a: Corviknight|48/100 brn|[from] brn
|upkeep
|turn|96
|inactive|SuperTheoryBros has 120 seconds left.
|
|t:|1609638598
|move|p1a: Corviknight|Roost|p1a: Corviknight
|-heal|p1a: Corviknight|98/100 brn
|-singleturn|p1a: Corviknight|move: Roost
|move|p2a: Clefable|Stealth Rock|p1a: Corviknight
|-sidestart|p1: SuperTheoryBros|move: Stealth Rock
|
|-damage|p1a: Corviknight|92/100 brn|[from] brn
|upkeep
|turn|97
|inactive|SuperTheoryBros has 120 seconds left.
|
|t:|1609638605
|move|p1a: Corviknight|Defog|p2a: Clefable
|-unboost|p2a: Clefable|evasion|1
|-sideend|p1: SuperTheoryBros|Stealth Rock|[from] move: Defog|[of] p1a: Corviknight
|move|p2a: Clefable|Soft-Boiled|p2a: Clefable
|-heal|p2a: Clefable|100/100 psn
|
|-damage|p1a: Corviknight|86/100 brn|[from] brn
|upkeep
|turn|98
|inactive|SuperTheoryBros has 120 seconds left.
|
|t:|1609638619
|switch|p1a: Heatran|Heatran, F|24/100 par
|move|p2a: Clefable|Stealth Rock|p1a: Heatran
|-sidestart|p1: SuperTheoryBros|move: Stealth Rock
|
|upkeep
|turn|99
|
|t:|1609638633
|move|p2a: Clefable|Trick||[still]
|-fail|p2a: Clefable
|move|p1a: Heatran|Magma Storm|p2a: Clefable
|-crit|p2a: Clefable
|-damage|p2a: Clefable|44/100 psn
|-activate|p2a: Clefable|move: Magma Storm|[of] p1a: Heatran
|
|upkeep
|turn|100
|
|t:|1609638644
|move|p2a: Clefable|Soft-Boiled|p2a: Clefable
|-heal|p2a: Clefable|94/100 psn
|move|p1a: Heatran|Taunt|p2a: Clefable
|-start|p2a: Clefable|move: Taunt
|
|upkeep
|turn|101
|
|t:|1609638648
|move|p2a: Clefable|Moonblast|p1a: Heatran
|-resisted|p1a: Heatran
|-damage|p1a: Heatran|19/100 par
|cant|p1a: Heatran|par
|
|upkeep
|turn|102
|
|t:|1609638653
|move|p2a: Clefable|Moonblast|p1a: Heatran
|-resisted|p1a: Heatran
|-damage|p1a: Heatran|14/100 par
|-unboost|p1a: Heatran|spa|1
|move|p1a: Heatran|Magma Storm|p2a: Clefable
|-damage|p2a: Clefable|69/100 psn
|
|upkeep
|turn|103
|inactive|SuperTheoryBros has 120 seconds left.
|
|t:|1609638663
|move|p2a: Clefable|Moonblast|p1a: Heatran
|-resisted|p1a: Heatran
|-damage|p1a: Heatran|9/100 par
|move|p1a: Heatran|Magma Storm|p2a: Clefable
|-damage|p2a: Clefable|40/100 psn
|
|-end|p2a: Clefable|move: Taunt
|upkeep
|turn|104
|
|t:|1609638674
|move|p2a: Clefable|Soft-Boiled|p2a: Clefable
|-heal|p2a: Clefable|90/100 psn
|move|p1a: Heatran|Earth Power|p2a: Clefable
|-damage|p2a: Clefable|75/100 psn
|
|-end|p2a: Clefable|Magma Storm|[partiallytrapped]
|upkeep
|turn|105
|j| Vessev
|
|t:|1609638686
|move|p2a: Clefable|Moonblast|p1a: Heatran
|-resisted|p1a: Heatran
|-damage|p1a: Heatran|4/100 par
|move|p1a: Heatran|Earth Power|p2a: Clefable
|-damage|p2a: Clefable|60/100 psn
|
|upkeep
|turn|106
|l| paladica
|
|t:|1609638698
|move|p2a: Clefable|Moonblast|p1a: Heatran
|-resisted|p1a: Heatran
|-damage|p1a: Heatran|0 fnt
|faint|p1a: Heatran
|
|upkeep
|l| outw lool
|
|t:|1609638700
|switch|p1a: Corviknight|Corviknight, M|86/100 brn
|-damage|p1a: Corviknight|73/100 brn|[from] Stealth Rock
|-ability|p1a: Corviknight|Pressure
|turn|107
|
|t:|1609638705
|move|p1a: Corviknight|Defog|p2a: Clefable
|-unboost|p2a: Clefable|evasion|1
|-sideend|p1: SuperTheoryBros|Stealth Rock|[from] move: Defog|[of] p1a: Corviknight
|move|p2a: Clefable|Soft-Boiled|p2a: Clefable
|-heal|p2a: Clefable|100/100 psn
|
|-damage|p1a: Corviknight|67/100 brn|[from] brn
|upkeep
|turn|108
|j| outw lool
|j| Rowlett 145
|
|t:|1609638717
|switch|p1a: Toxapex|Toxapex, F|100/100
|move|p2a: Clefable|Stealth Rock|p1a: Toxapex
|-sidestart|p1: SuperTheoryBros|move: Stealth Rock
|
|upkeep
|turn|109
|
|t:|1609638726
|switch|p2a: Tangrowth|Tangrowth, M|79/100 psn
|move|p1a: Toxapex|Knock Off|p2a: Tangrowth
|-damage|p2a: Tangrowth|74/100 psn
|
|-damage|p2a: Tangrowth|61/100 psn|[from] psn
|upkeep
|turn|110
|
|t:|1609638736
|switch|p2a: Clefable|Clefable, M|100/100 psn
|move|p1a: Toxapex|Poison Jab|p2a: Clefable
|-supereffective|p2a: Clefable
|-damage|p2a: Clefable|73/100 psn
|
|upkeep
|turn|111
|
|t:|1609638746
|switch|p2a: Tangrowth|Tangrowth, M|94/100 psn
|move|p1a: Toxapex|Poison Jab|p2a: Tangrowth
|-supereffective|p2a: Tangrowth
|-damage|p2a: Tangrowth|74/100 psn
|
|-damage|p2a: Tangrowth|61/100 psn|[from] psn
|upkeep
|turn|112
|
|t:|1609638758
|switch|p1a: Corviknight|Corviknight, M|67/100 brn
|-damage|p1a: Corviknight|54/100 brn|[from] Stealth Rock
|-ability|p1a: Corviknight|Pressure
|move|p2a: Tangrowth|Sleep Powder||[still]
|-fail|p2a: Tangrowth
|
|-damage|p1a: Corviknight|48/100 brn|[from] brn
|-damage|p2a: Tangrowth|49/100 psn|[from] psn
|upkeep
|turn|113
|
|t:|1609638768
|switch|p2a: Clefable|Clefable, M|73/100 psn
|move|p1a: Corviknight|Defog|p2a: Clefable
|-unboost|p2a: Clefable|evasion|1
|-sideend|p1: SuperTheoryBros|Stealth Rock|[from] move: Defog|[of] p1a: Corviknight
|
|-damage|p1a: Corviknight|42/100 brn|[from] brn
|upkeep
|turn|114
|
|t:|1609638775
|move|p1a: Corviknight|Roost|p1a: Corviknight
|-heal|p1a: Corviknight|92/100 brn
|-singleturn|p1a: Corviknight|move: Roost
|move|p2a: Clefable|Stealth Rock|p1a: Corviknight
|-sidestart|p1: SuperTheoryBros|move: Stealth Rock
|
|-damage|p1a: Corviknight|86/100 brn|[from] brn
|upkeep
|turn|115
|l| outw lool
|
|t:|1609638782
|switch|p2a: Excadrill|Excadrill, M|18/100
|-ability|p2a: Excadrill|Mold Breaker
|move|p1a: Corviknight|Defog|p2a: Excadrill
|-unboost|p2a: Excadrill|evasion|1
|-sideend|p1: SuperTheoryBros|Stealth Rock|[from] move: Defog|[of] p1a: Corviknight
|
|-heal|p2a: Excadrill|24/100|[from] item: Leftovers
|-damage|p1a: Corviknight|79/100 brn|[from] brn
|upkeep
|turn|116
|j| outw lool
|
|t:|1609638790
|switch|p2a: Clefable|Clefable, M|73/100 psn
|move|p1a: Corviknight|Body Press|p2a: Clefable
|-resisted|p2a: Clefable
|-damage|p2a: Clefable|68/100 psn
|
|-damage|p1a: Corviknight|73/100 brn|[from] brn
|upkeep
|turn|117
|
|t:|1609638795
|switch|p1a: Toxapex|Toxapex, F|100/100
|move|p2a: Clefable|Stealth Rock|p1a: Toxapex
|-sidestart|p1: SuperTheoryBros|move: Stealth Rock
|
|upkeep
|turn|118
|
|t:|1609638804
|switch|p2a: Tangrowth|Tangrowth, M|82/100 psn
|move|p1a: Toxapex|Knock Off|p2a: Tangrowth
|-damage|p2a: Tangrowth|76/100 psn
|
|-damage|p2a: Tangrowth|64/100 psn|[from] psn
|upkeep
|turn|119
|
|t:|1609638820
|move|p2a: Tangrowth|Sleep Powder|p1a: Toxapex|[miss]
|-miss|p2a: Tangrowth|p1a: Toxapex
|move|p1a: Toxapex|Knock Off|p2a: Tangrowth
|-damage|p2a: Tangrowth|58/100 psn
|
|-damage|p2a: Tangrowth|45/100 psn|[from] psn
|upkeep
|turn|120
|
|t:|1609638833
|switch|p2a: Clefable|Clefable, M|68/100 psn
|move|p1a: Toxapex|Poison Jab|p2a: Clefable
|-supereffective|p2a: Clefable
|-damage|p2a: Clefable|36/100 psn
|
|upkeep
|turn|121
|
|t:|1609638842
|move|p2a: Clefable|Soft-Boiled|p2a: Clefable
|-heal|p2a: Clefable|86/100 psn
|move|p1a: Toxapex|Poison Jab|p2a: Clefable
|-supereffective|p2a: Clefable
|-damage|p2a: Clefable|55/100 psn
|
|upkeep
|turn|122
|
|t:|1609638851
|move|p2a: Clefable|Soft-Boiled|p2a: Clefable
|-heal|p2a: Clefable|100/100 psn
|move|p1a: Toxapex|Poison Jab|p2a: Clefable
|-supereffective|p2a: Clefable
|-damage|p2a: Clefable|71/100 psn
|
|upkeep
|turn|123
|
|t:|1609638856
|switch|p2a: Tangrowth|Tangrowth, M|78/100 psn
|move|p1a: Toxapex|Poison Jab|p2a: Tangrowth
|-supereffective|p2a: Tangrowth
|-damage|p2a: Tangrowth|59/100 psn
|
|-damage|p2a: Tangrowth|47/100 psn|[from] psn
|upkeep
|turn|124
|
|t:|1609638863
|move|p2a: Tangrowth|Sleep Powder|p1a: Toxapex
|-status|p1a: Toxapex|slp|[from] move: Sleep Powder
|cant|p1a: Toxapex|slp
|
|-damage|p2a: Tangrowth|34/100 psn|[from] psn
|upkeep
|turn|125
|
|t:|1609638869
|switch|p2a: Excadrill|Excadrill, M|24/100
|-ability|p2a: Excadrill|Mold Breaker
|cant|p1a: Toxapex|slp
|
|-heal|p2a: Excadrill|30/100|[from] item: Leftovers
|upkeep
|turn|126
|
|t:|1609638882
|switch|p1a: Corviknight|Corviknight, M|73/100 brn
|-damage|p1a: Corviknight|61/100 brn|[from] Stealth Rock
|-ability|p1a: Corviknight|Pressure
|move|p2a: Excadrill|Earthquake|p1a: Corviknight
|-immune|p1a: Corviknight
|
|-heal|p2a: Excadrill|36/100|[from] item: Leftovers
|-damage|p1a: Corviknight|54/100 brn|[from] brn
|upkeep
|turn|127
|inactive|SuperTheoryBros has 90 seconds left.
|
|t:|1609638895
|switch|p2a: Clefable|Clefable, M|71/100 psn
|move|p1a: Corviknight|Body Press|p2a: Clefable
|-resisted|p2a: Clefable
|-damage|p2a: Clefable|66/100 psn
|
|-damage|p1a: Corviknight|48/100 brn|[from] brn
|upkeep
|turn|128
|
|t:|1609638900
|switch|p2a: Excadrill|Excadrill, M|36/100
|-ability|p2a: Excadrill|Mold Breaker
|move|p1a: Corviknight|Defog|p2a: Excadrill
|-unboost|p2a: Excadrill|evasion|1
|-sideend|p1: SuperTheoryBros|Stealth Rock|[from] move: Defog|[of] p1a: Corviknight
|
|-heal|p2a: Excadrill|42/100|[from] item: Leftovers
|-damage|p1a: Corviknight|42/100 brn|[from] brn
|upkeep
|turn|129
|
|t:|1609638905
|switch|p2a: Clefable|Clefable, M|66/100 psn
|move|p1a: Corviknight|Roost|p1a: Corviknight
|-heal|p1a: Corviknight|92/100 brn
|-singleturn|p1a: Corviknight|move: Roost
|
|-damage|p1a: Corviknight|86/100 brn|[from] brn
|upkeep
|turn|130
|inactive|SuperTheoryBros has 90 seconds left.
|j| epsilon_xd
|
|t:|1609638923
|switch|p1a: Landorus|Landorus-Therian, M|84/100
|-ability|p1a: Landorus|Intimidate|boost
|-unboost|p2a: Clefable|atk|1
|switch|p2a: Tangrowth|Tangrowth, M|68/100 psn
|
|-damage|p2a: Tangrowth|55/100 psn|[from] psn
|upkeep
|turn|131
|inactive|SuperTheoryBros has 90 seconds left.
|
|t:|1609638931
|move|p1a: Landorus|Explosion|p2a: Tangrowth
|-damage|p2a: Tangrowth|8/100 psn
|faint|p1a: Landorus
|move|p2a: Tangrowth|Giga Drain|p1: Landorus|[notarget]
|-fail|p2a: Tangrowth
|
|-damage|p2a: Tangrowth|0 fnt|[from] psn
|faint|p2a: Tangrowth
|upkeep
|inactive|SuperTheoryBros has 90 seconds left.
|
|t:|1609638944
|switch|p1a: Toxapex|Toxapex, F|100/100 slp
|switch|p2a: Clefable|Clefable, M|66/100 psn
|turn|132
|l| BabyPigsAreLaughin
|j| BabyPigsAreLaughin
|
|t:|1609638952
|move|p2a: Clefable|Stealth Rock|p1a: Toxapex
|-sidestart|p1: SuperTheoryBros|move: Stealth Rock
|cant|p1a: Toxapex|slp
|
|upkeep
|turn|133
|
|t:|1609638962
|move|p2a: Clefable|Soft-Boiled|p2a: Clefable
|-heal|p2a: Clefable|100/100 psn
|-curestatus|p1a: Toxapex|slp|[msg]
|move|p1a: Toxapex|Knock Off|p2a: Clefable
|-resisted|p2a: Clefable
|-damage|p2a: Clefable|96/100 psn
|
|upkeep
|turn|134
|
|t:|1609638969
|move|p2a: Clefable|Moonblast|p1a: Toxapex
|-resisted|p1a: Toxapex
|-damage|p1a: Toxapex|88/100
|move|p1a: Toxapex|Knock Off|p2a: Clefable
|-resisted|p2a: Clefable
|-crit|p2a: Clefable
|-damage|p2a: Clefable|90/100 psn
|
|upkeep
|turn|135
|
|t:|1609638975
|move|p2a: Clefable|Moonblast|p1a: Toxapex
|-resisted|p1a: Toxapex
|-damage|p1a: Toxapex|76/100
|-unboost|p1a: Toxapex|spa|1
|move|p1a: Toxapex|Poison Jab|p2a: Clefable
|-supereffective|p2a: Clefable
|-damage|p2a: Clefable|61/100 psn
|
|upkeep
|turn|136
|inactive|SuperTheoryBros has 90 seconds left.
|
|t:|1609638984
|move|p2a: Clefable|Soft-Boiled|p2a: Clefable
|-heal|p2a: Clefable|100/100 psn
|move|p1a: Toxapex|Poison Jab|p2a: Clefable
|-supereffective|p2a: Clefable
|-damage|p2a: Clefable|71/100 psn
|
|upkeep
|turn|137
|inactive|SuperTheoryBros has 90 seconds left.
|
|t:|1609638991
|move|p2a: Clefable|Trick||[still]
|-fail|p2a: Clefable
|move|p1a: Toxapex|Poison Jab|p2a: Clefable
|-supereffective|p2a: Clefable
|-damage|p2a: Clefable|40/100 psn
|
|upkeep
|turn|138
|inactive|SuperTheoryBros has 90 seconds left.
|
|t:|1609638997
|move|p2a: Clefable|Soft-Boiled|p2a: Clefable
|-heal|p2a: Clefable|90/100 psn
|move|p1a: Toxapex|Poison Jab|p2a: Clefable
|-supereffective|p2a: Clefable
|-damage|p2a: Clefable|59/100 psn
|
|upkeep
|turn|139
|inactive|SuperTheoryBros has 90 seconds left.
|
|t:|1609639003
|move|p2a: Clefable|Trick||[still]
|-fail|p2a: Clefable
|move|p1a: Toxapex|Knock Off|p2a: Clefable
|-resisted|p2a: Clefable
|-damage|p2a: Clefable|56/100 psn
|
|upkeep
|turn|140
|inactive|SuperTheoryBros has 90 seconds left.
|
|t:|1609639014
|move|p2a: Clefable|Trick||[still]
|-fail|p2a: Clefable
|move|p1a: Toxapex|Knock Off|p2a: Clefable
|-resisted|p2a: Clefable
|-damage|p2a: Clefable|52/100 psn
|
|upkeep
|turn|141
|
|t:|1609639021
|move|p2a: Clefable|Trick||[still]
|-fail|p2a: Clefable
|move|p1a: Toxapex|Poison Jab|p2a: Clefable
|-supereffective|p2a: Clefable
|-damage|p2a: Clefable|21/100 psn
|
|upkeep
|turn|142
|
|t:|1609639028
|move|p2a: Clefable|Soft-Boiled|p2a: Clefable
|-heal|p2a: Clefable|71/100 psn
|move|p1a: Toxapex|Poison Jab|p2a: Clefable
|-supereffective|p2a: Clefable
|-damage|p2a: Clefable|40/100 psn
|
|upkeep
|turn|143
|
|t:|1609639037
|move|p2a: Clefable|Soft-Boiled|p2a: Clefable
|-heal|p2a: Clefable|90/100 psn
|move|p1a: Toxapex|Poison Jab|p2a: Clefable
|-supereffective|p2a: Clefable
|-damage|p2a: Clefable|63/100 psn
|
|upkeep
|turn|144
|
|t:|1609639048
|move|p2a: Clefable|Trick||[still]
|-fail|p2a: Clefable
|move|p1a: Toxapex|Knock Off|p2a: Clefable
|-resisted|p2a: Clefable
|-damage|p2a: Clefable|59/100 psn
|
|upkeep
|turn|145
|
|t:|1609639055
|move|p2a: Clefable|Trick||[still]
|-fail|p2a: Clefable
|move|p1a: Toxapex|Knock Off|p2a: Clefable
|-resisted|p2a: Clefable
|-damage|p2a: Clefable|55/100 psn
|
|upkeep
|turn|146
|
|t:|1609639061
|move|p2a: Clefable|Trick||[still]
|-fail|p2a: Clefable
|move|p1a: Toxapex|Poison Jab|p2a: Clefable
|-supereffective|p2a: Clefable
|-damage|p2a: Clefable|26/100 psn
|
|upkeep
|turn|147
|
|t:|1609639071
|move|p2a: Clefable|Soft-Boiled|p2a: Clefable
|-heal|p2a: Clefable|76/100 psn
|move|p1a: Toxapex|Poison Jab|p2a: Clefable
|-supereffective|p2a: Clefable
|-damage|p2a: Clefable|45/100 psn
|
|upkeep
|turn|148
|
|t:|1609639077
|move|p2a: Clefable|Soft-Boiled|p2a: Clefable
|-heal|p2a: Clefable|95/100 psn
|move|p1a: Toxapex|Recover|p1a: Toxapex
|-heal|p1a: Toxapex|100/100
|
|upkeep
|turn|149
|
|t:|1609639087
|switch|p2a: Excadrill|Excadrill, M|42/100
|-ability|p2a: Excadrill|Mold Breaker
|move|p1a: Toxapex|Knock Off|p2a: Excadrill
|-damage|p2a: Excadrill|22/100
|-enditem|p2a: Excadrill|Leftovers|[from] move: Knock Off|[of] p1a: Toxapex
|
|upkeep
|turn|150
|
|t:|1609639097
|switch|p2a: Clefable|Clefable, M|95/100 psn
|switch|p1a: Corviknight|Corviknight, M|86/100 brn
|-damage|p1a: Corviknight|73/100 brn|[from] Stealth Rock
|-ability|p1a: Corviknight|Pressure
|
|-damage|p1a: Corviknight|67/100 brn|[from] brn
|upkeep
|turn|151
|
|t:|1609639108
|move|p1a: Corviknight|Defog|p2a: Clefable
|-unboost|p2a: Clefable|evasion|1
|-sideend|p1: SuperTheoryBros|Stealth Rock|[from] move: Defog|[of] p1a: Corviknight
|move|p2a: Clefable|Moonblast|p1a: Corviknight
|-resisted|p1a: Corviknight
|-damage|p1a: Corviknight|52/100 brn
|
|-damage|p1a: Corviknight|46/100 brn|[from] brn
|upkeep
|turn|152
|
|t:|1609639118
|switch|p2a: Excadrill|Excadrill, M|22/100
|-ability|p2a: Excadrill|Mold Breaker
|move|p1a: Corviknight|Roost|p1a: Corviknight
|-heal|p1a: Corviknight|96/100 brn
|-singleturn|p1a: Corviknight|move: Roost
|
|-damage|p1a: Corviknight|90/100 brn|[from] brn
|upkeep
|turn|153
|
|t:|1609639127
|switch|p2a: Clefable|Clefable, M|95/100 psn
|move|p1a: Corviknight|Body Press|p2a: Clefable
|-resisted|p2a: Clefable
|-damage|p2a: Clefable|91/100 psn
|
|-damage|p1a: Corviknight|83/100 brn|[from] brn
|upkeep
|turn|154
|
|t:|1609639135
|switch|p2a: Excadrill|Excadrill, M|22/100
|-ability|p2a: Excadrill|Mold Breaker
|move|p1a: Corviknight|Body Press|p2a: Excadrill
|-supereffective|p2a: Excadrill
|-damage|p2a: Excadrill|0 fnt
|faint|p2a: Excadrill
|
|-damage|p1a: Corviknight|77/100 brn|[from] brn
|upkeep
|c|☆dapandanerd|gg
|-message|dapandanerd forfeited.
|
|win|SuperTheoryBros
|l|☆dapandanerd
|l| outw lool
|l| 6f
|raw|SuperTheoryBros's rating: 1773 &rarr; <strong>1790</strong><br />(+17 for winning)
|raw|dapandanerd's rating: 1707 &rarr; <strong>1691</strong><br />(-16 for losing)
|l| Galiper FS
|l| Bayonet
|l| epsilon_xd
|l| Rowlett 145
|l| BabyPigsAreLaughin
