|raw|<div class="broadcast-blue"><strong>This battle is required to be public due to a player having a name starting with 'LT73IU'.</div>
|j|☆LT73IU Raptor
|j|☆Ayante
|t:|1598321542
|player|p1|LT73IU Raptor|hilbert-dueldisk|1756
|player|p2|Ayante|koga|1599
|teamsize|p1|6
|teamsize|p2|6
|gametype|singles
|gen|8
|tier|[Gen 8] OU
|rated|
|clearpoke
|poke|p1|Excadrill, M|
|poke|p1|Rillaboom, M|
|poke|p1|Volcarona, M|
|poke|p1|Urshifu-*, M|
|poke|p1|Toxtricity, M|
|poke|p1|Primarina, M|
|poke|p2|Amoonguss, M|
|poke|p2|Primarina, F|
|poke|p2|Dragapult, F|
|poke|p2|Rotom-Heat|
|poke|p2|Corviknight, M|
|poke|p2|Kommo-o, F|
|rule|Sleep Clause Mod: Limit one foe put to sleep
|rule|Species Clause: Limit one of each Pokémon
|rule|OHKO Clause: OHKO moves are banned
|rule|Evasion Moves Clause: Evasion moves are banned
|rule|Endless Battle Clause: Forcing endless battles is banned
|rule|HP Percentage Mod: HP is shown in percentages
|rule|Dynamax Clause: You cannot dynamax
|teampreview
|inactive|Battle timer is ON: inactive players will automatically lose when time's up. (requested by LT73IU Raptor)
|
|t:|1598321556
|start
|switch|p1a: Impaler|Excadrill, M, shiny|100/100
|switch|p2a: Kommo-o|Kommo-o, F|100/100
|-ability|p1a: Impaler|Mold Breaker
|turn|1
|
|t:|1598321564
|switch|p1a: Primarina|Primarina, M|100/100
|move|p2a: Kommo-o|Body Press|p1a: Primarina
|-resisted|p1a: Primarina
|-damage|p1a: Primarina|82/100
|
|-heal|p1a: Primarina|88/100|[from] item: Leftovers
|upkeep
|turn|2
|
|t:|1598321576
|switch|p1a: Impaler|Excadrill, M, shiny|100/100
|-ability|p1a: Impaler|Mold Breaker
|move|p2a: Kommo-o|Taunt|p1a: Impaler
|-start|p1a: Impaler|move: Taunt
|
|upkeep
|turn|3
|
|t:|1598321584
|switch|p1a: Primarina|Primarina, M|88/100
|move|p2a: Kommo-o|Stealth Rock|p1a: Primarina
|-sidestart|p1: LT73IU Raptor|move: Stealth Rock
|
|-heal|p1a: Primarina|94/100|[from] item: Leftovers
|upkeep
|turn|4
|
|t:|1598321595
|switch|p2a: Amoonguss|Amoonguss, M|100/100
|switch|p1a: Impaler|Excadrill, M, shiny|100/100
|-damage|p1a: Impaler|97/100|[from] Stealth Rock
|-ability|p1a: Impaler|Mold Breaker
|
|-heal|p1a: Impaler|100/100|[from] item: Leftovers
|upkeep
|turn|5
|
|t:|1598321606
|move|p1a: Impaler|Stealth Rock|p2a: Amoonguss
|-sidestart|p2: Ayante|move: Stealth Rock
|move|p2a: Amoonguss|Spore|p1a: Impaler
|-status|p1a: Impaler|slp|[from] move: Spore
|
|upkeep
|turn|6
|
|t:|1598321617
|switch|p2a: Rotom|Rotom-Heat|100/100
|cant|p1a: Impaler|slp
|
|upkeep
|turn|7
|
|t:|1598321624
|cant|p1a: Impaler|slp
|move|p2a: Rotom|Overheat|p1a: Impaler
|-supereffective|p1a: Impaler
|-damage|p1a: Impaler|12/100 slp
|-unboost|p2a: Rotom|spa|2
|
|-heal|p1a: Impaler|18/100 slp|[from] item: Leftovers
|upkeep
|turn|8
|
|t:|1598321634
|switch|p1a: Amaterasu|Volcarona, M, shiny|100/100
|switch|p2a: Kommo-o|Kommo-o, F|100/100
|-damage|p2a: Kommo-o|94/100|[from] Stealth Rock
|
|-heal|p2a: Kommo-o|100/100|[from] item: Leftovers
|upkeep
|turn|9
|
|t:|1598321648
|switch|p2a: Dragapult|Dragapult, F|100/100
|-damage|p2a: Dragapult|88/100|[from] Stealth Rock
|move|p1a: Amaterasu|Safeguard|p1a: Amaterasu
|-sidestart|p1: LT73IU Raptor|Safeguard
|
|-heal|p2a: Dragapult|94/100|[from] item: Leftovers
|upkeep
|turn|10
|
|t:|1598321656
|move|p2a: Dragapult|Dragon Darts|p1a: Amaterasu
|-damage|p1a: Amaterasu|78/100
|-anim|p2a: Dragapult|Dragon Darts|p1a: Amaterasu
|-damage|p1a: Amaterasu|53/100
|move|p1a: Amaterasu|Quiver Dance|p1a: Amaterasu
|-boost|p1a: Amaterasu|spa|1
|-boost|p1a: Amaterasu|spd|1
|-boost|p1a: Amaterasu|spe|1
|
|-heal|p2a: Dragapult|99/100|[from] item: Leftovers
|upkeep
|turn|11
|
|t:|1598321667
|move|p2a: Dragapult|Dragon Dance|p2a: Dragapult
|-boost|p2a: Dragapult|atk|1
|-boost|p2a: Dragapult|spe|1
|move|p1a: Amaterasu|Roost|p1a: Amaterasu
|-heal|p1a: Amaterasu|100/100
|-singleturn|p1a: Amaterasu|move: Roost
|
|-heal|p2a: Dragapult|100/100|[from] item: Leftovers
|upkeep
|turn|12
|
|t:|1598321677
|switch|p1a: Impaler|Excadrill, M, shiny|18/100 slp
|-damage|p1a: Impaler|15/100 slp|[from] Stealth Rock
|-ability|p1a: Impaler|Mold Breaker
|move|p2a: Dragapult|Substitute|p2a: Dragapult
|-start|p2a: Dragapult|Substitute
|-damage|p2a: Dragapult|76/100
|
|-heal|p2a: Dragapult|82/100|[from] item: Leftovers
|-heal|p1a: Impaler|21/100 slp|[from] item: Leftovers
|upkeep
|turn|13
|
|t:|1598321689
|move|p2a: Dragapult|Dragon Darts|p1a: Impaler
|-resisted|p1a: Impaler
|-damage|p1a: Impaler|0 fnt
|faint|p1a: Impaler
|
|-heal|p2a: Dragapult|88/100|[from] item: Leftovers
|-sideend|p1: LT73IU Raptor|Safeguard
|upkeep
|
|t:|1598321692
|switch|p1a: Primarina|Primarina, M|94/100
|-damage|p1a: Primarina|82/100|[from] Stealth Rock
|turn|14
|
|t:|1598321706
|switch|p2a: Amoonguss|Amoonguss, M|100/100
|-damage|p2a: Amoonguss|88/100|[from] Stealth Rock
|move|p1a: Primarina|Substitute|p1a: Primarina
|-start|p1a: Primarina|Substitute
|-damage|p1a: Primarina|57/100
|
|-heal|p1a: Primarina|63/100|[from] item: Leftovers
|upkeep
|turn|15
|
|t:|1598321715
|switch|p2a: Primarina|Primarina, F|100/100
|-damage|p2a: Primarina|88/100|[from] Stealth Rock
|move|p1a: Primarina|Calm Mind|p1a: Primarina
|-boost|p1a: Primarina|spa|1
|-boost|p1a: Primarina|spd|1
|
|-heal|p1a: Primarina|69/100|[from] item: Leftovers
|-heal|p2a: Primarina|94/100|[from] item: Leftovers
|upkeep
|turn|16
|
|t:|1598321726
|move|p1a: Primarina|Draining Kiss|p2a: Primarina
|-damage|p2a: Primarina|69/100
|-heal|p1a: Primarina|88/100|[from] drain|[of] p2a: Primarina
|move|p2a: Primarina|Calm Mind|p2a: Primarina
|-boost|p2a: Primarina|spa|1
|-boost|p2a: Primarina|spd|1
|
|-heal|p1a: Primarina|94/100|[from] item: Leftovers
|-heal|p2a: Primarina|75/100|[from] item: Leftovers
|upkeep
|turn|17
|
|t:|1598321738
|move|p1a: Primarina|Calm Mind|p1a: Primarina
|-boost|p1a: Primarina|spa|1
|-boost|p1a: Primarina|spd|1
|move|p2a: Primarina|Substitute|p2a: Primarina
|-start|p2a: Primarina|Substitute
|-damage|p2a: Primarina|50/100
|
|-heal|p1a: Primarina|99/100|[from] item: Leftovers
|-heal|p2a: Primarina|56/100|[from] item: Leftovers
|upkeep
|turn|18
|
|t:|1598321748
|move|p1a: Primarina|Draining Kiss|p2a: Primarina
|-activate|p2a: Primarina|move: Substitute|[damage]
|-heal|p1a: Primarina|100/100|[from] drain|[of] p2a: Primarina
|move|p2a: Primarina|Calm Mind|p2a: Primarina
|-boost|p2a: Primarina|spa|1
|-boost|p2a: Primarina|spd|1
|
|-heal|p2a: Primarina|62/100|[from] item: Leftovers
|upkeep
|turn|19
|
|t:|1598321758
|move|p1a: Primarina|Calm Mind|p1a: Primarina
|-boost|p1a: Primarina|spa|1
|-boost|p1a: Primarina|spd|1
|move|p2a: Primarina|Calm Mind|p2a: Primarina
|-boost|p2a: Primarina|spa|1
|-boost|p2a: Primarina|spd|1
|
|-heal|p2a: Primarina|69/100|[from] item: Leftovers
|upkeep
|turn|20
|
|t:|1598321768
|move|p1a: Primarina|Calm Mind|p1a: Primarina
|-boost|p1a: Primarina|spa|1
|-boost|p1a: Primarina|spd|1
|move|p2a: Primarina|Calm Mind|p2a: Primarina
|-boost|p2a: Primarina|spa|1
|-boost|p2a: Primarina|spd|1
|
|-heal|p2a: Primarina|75/100|[from] item: Leftovers
|upkeep
|turn|21
|
|t:|1598321777
|move|p1a: Primarina|Calm Mind|p1a: Primarina
|-boost|p1a: Primarina|spa|1
|-boost|p1a: Primarina|spd|1
|move|p2a: Primarina|Calm Mind|p2a: Primarina
|-boost|p2a: Primarina|spa|1
|-boost|p2a: Primarina|spd|1
|
|-heal|p2a: Primarina|81/100|[from] item: Leftovers
|upkeep
|turn|22
|
|t:|1598321787
|move|p1a: Primarina|Calm Mind|p1a: Primarina
|-boost|p1a: Primarina|spa|1
|-boost|p1a: Primarina|spd|1
|move|p2a: Primarina|Calm Mind|p2a: Primarina
|-boost|p2a: Primarina|spa|1
|-boost|p2a: Primarina|spd|1
|
|-heal|p2a: Primarina|87/100|[from] item: Leftovers
|upkeep
|turn|23
|
|t:|1598321797
|move|p1a: Primarina|Scald|p2a: Primarina
|-resisted|p2a: Primarina
|-end|p2a: Primarina|Substitute
|move|p2a: Primarina|Calm Mind|p2a: Primarina
|-boost|p2a: Primarina|spa|0
|-boost|p2a: Primarina|spd|0
|
|-heal|p2a: Primarina|93/100|[from] item: Leftovers
|upkeep
|turn|24
|
|t:|1598321806
|move|p1a: Primarina|Scald|p2a: Primarina
|-resisted|p2a: Primarina
|-damage|p2a: Primarina|79/100
|move|p2a: Primarina|Substitute|p2a: Primarina
|-start|p2a: Primarina|Substitute
|-damage|p2a: Primarina|54/100
|
|-heal|p2a: Primarina|60/100|[from] item: Leftovers
|upkeep
|turn|25
|
|t:|1598321817
|move|p1a: Primarina|Scald|p2a: Primarina
|-resisted|p2a: Primarina
|-crit|p2a: Primarina
|-end|p2a: Primarina|Substitute
|move|p2a: Primarina|Scald|p1a: Primarina
|-resisted|p1a: Primarina
|-activate|p1a: Primarina|move: Substitute|[damage]
|
|-heal|p2a: Primarina|66/100|[from] item: Leftovers
|upkeep
|turn|26
|
|t:|1598321828
|move|p1a: Primarina|Scald|p2a: Primarina
|-resisted|p2a: Primarina
|-damage|p2a: Primarina|53/100
|-status|p2a: Primarina|brn
|move|p2a: Primarina|Substitute|p2a: Primarina
|-start|p2a: Primarina|Substitute
|-damage|p2a: Primarina|28/100 brn
|
|-heal|p2a: Primarina|34/100 brn|[from] item: Leftovers
|-damage|p2a: Primarina|28/100 brn|[from] brn
|upkeep
|turn|27
|
|t:|1598321839
|move|p1a: Primarina|Scald|p2a: Primarina
|-resisted|p2a: Primarina
|-activate|p2a: Primarina|move: Substitute|[damage]
|move|p2a: Primarina|Draining Kiss|p1a: Primarina
|-end|p1a: Primarina|Substitute
|-heal|p2a: Primarina|36/100 brn|[from] drain|[of] p1a: Primarina
|
|-heal|p2a: Primarina|42/100 brn|[from] item: Leftovers
|-damage|p2a: Primarina|36/100 brn|[from] brn
|upkeep
|turn|28
|
|t:|1598321851
|move|p1a: Primarina|Substitute|p1a: Primarina
|-start|p1a: Primarina|Substitute
|-damage|p1a: Primarina|76/100
|move|p2a: Primarina|Draining Kiss|p1a: Primarina
|-activate|p1a: Primarina|move: Substitute|[damage]
|-heal|p2a: Primarina|49/100 brn|[from] drain|[of] p1a: Primarina
|
|-heal|p1a: Primarina|82/100|[from] item: Leftovers
|-heal|p2a: Primarina|55/100 brn|[from] item: Leftovers
|-damage|p2a: Primarina|49/100 brn|[from] brn
|upkeep
|turn|29
|
|t:|1598321863
|move|p1a: Primarina|Draining Kiss|p2a: Primarina
|-end|p2a: Primarina|Substitute
|-heal|p1a: Primarina|89/100|[from] drain|[of] p2a: Primarina
|move|p2a: Primarina|Draining Kiss|p1a: Primarina
|-end|p1a: Primarina|Substitute
|-heal|p2a: Primarina|54/100 brn|[from] drain|[of] p1a: Primarina
|
|-heal|p1a: Primarina|95/100|[from] item: Leftovers
|-heal|p2a: Primarina|61/100 brn|[from] item: Leftovers
|-damage|p2a: Primarina|54/100 brn|[from] brn
|upkeep
|turn|30
|
|t:|1598321876
|move|p1a: Primarina|Draining Kiss|p2a: Primarina
|-damage|p2a: Primarina|36/100 brn
|-heal|p1a: Primarina|100/100|[from] drain|[of] p2a: Primarina
|move|p2a: Primarina|Draining Kiss|p1a: Primarina
|-damage|p1a: Primarina|82/100
|-heal|p2a: Primarina|50/100 brn|[from] drain|[of] p1a: Primarina
|
|-heal|p1a: Primarina|88/100|[from] item: Leftovers
|-heal|p2a: Primarina|56/100 brn|[from] item: Leftovers
|-damage|p2a: Primarina|50/100 brn|[from] brn
|upkeep
|turn|31
|
|t:|1598321889
|move|p1a: Primarina|Draining Kiss|p2a: Primarina
|-damage|p2a: Primarina|32/100 brn
|-heal|p1a: Primarina|100/100|[from] drain|[of] p2a: Primarina
|move|p2a: Primarina|Scald|p1a: Primarina
|-resisted|p1a: Primarina
|-damage|p1a: Primarina|78/100
|
|-heal|p1a: Primarina|84/100|[from] item: Leftovers
|-heal|p2a: Primarina|38/100 brn|[from] item: Leftovers
|-damage|p2a: Primarina|32/100 brn|[from] brn
|upkeep
|turn|32
|
|t:|1598321901
|move|p1a: Primarina|Draining Kiss|p2a: Primarina
|-damage|p2a: Primarina|14/100 brn
|-heal|p1a: Primarina|97/100|[from] drain|[of] p2a: Primarina
|move|p2a: Primarina|Draining Kiss|p1a: Primarina
|-damage|p1a: Primarina|79/100
|-heal|p2a: Primarina|28/100 brn|[from] drain|[of] p1a: Primarina
|
|-heal|p1a: Primarina|85/100|[from] item: Leftovers
|-heal|p2a: Primarina|34/100 brn|[from] item: Leftovers
|-damage|p2a: Primarina|28/100 brn|[from] brn
|upkeep
|turn|33
|
|t:|1598321913
|move|p1a: Primarina|Draining Kiss|p2a: Primarina
|-damage|p2a: Primarina|9/100 brn
|-heal|p1a: Primarina|99/100|[from] drain|[of] p2a: Primarina
|move|p2a: Primarina|Draining Kiss|p1a: Primarina
|-damage|p1a: Primarina|80/100
|-heal|p2a: Primarina|24/100 brn|[from] drain|[of] p1a: Primarina
|
|-heal|p1a: Primarina|86/100|[from] item: Leftovers
|-heal|p2a: Primarina|30/100 brn|[from] item: Leftovers
|-damage|p2a: Primarina|24/100 brn|[from] brn
|upkeep
|turn|34
|
|t:|1598321926
|move|p1a: Primarina|Draining Kiss|p2a: Primarina
|-damage|p2a: Primarina|5/100 brn
|-heal|p1a: Primarina|99/100|[from] drain|[of] p2a: Primarina
|move|p2a: Primarina|Draining Kiss|p1a: Primarina
|-crit|p1a: Primarina
|-damage|p1a: Primarina|2/100
|-heal|p2a: Primarina|79/100 brn|[from] drain|[of] p1a: Primarina
|
|-heal|p1a: Primarina|8/100|[from] item: Leftovers
|-heal|p2a: Primarina|85/100 brn|[from] item: Leftovers
|-damage|p2a: Primarina|79/100 brn|[from] brn
|upkeep
|turn|35
|
|t:|1598321941
|move|p1a: Primarina|Draining Kiss|p2a: Primarina
|-damage|p2a: Primarina|62/100 brn
|-heal|p1a: Primarina|21/100|[from] drain|[of] p2a: Primarina
|move|p2a: Primarina|Scald|p1a: Primarina
|-resisted|p1a: Primarina
|-damage|p1a: Primarina|6/100
|-status|p1a: Primarina|brn
|
|-heal|p1a: Primarina|12/100 brn|[from] item: Leftovers
|-heal|p2a: Primarina|68/100 brn|[from] item: Leftovers
|-damage|p1a: Primarina|6/100 brn|[from] brn
|-damage|p2a: Primarina|62/100 brn|[from] brn
|upkeep
|turn|36
|
|t:|1598321955
|move|p1a: Primarina|Draining Kiss|p2a: Primarina
|-damage|p2a: Primarina|43/100 brn
|-heal|p1a: Primarina|20/100 brn|[from] drain|[of] p2a: Primarina
|move|p2a: Primarina|Draining Kiss|p1a: Primarina
|-damage|p1a: Primarina|1/100 brn
|-heal|p2a: Primarina|57/100 brn|[from] drain|[of] p1a: Primarina
|
|-heal|p1a: Primarina|7/100 brn|[from] item: Leftovers
|-heal|p2a: Primarina|63/100 brn|[from] item: Leftovers
|-damage|p1a: Primarina|1/100 brn|[from] brn
|-damage|p2a: Primarina|57/100 brn|[from] brn
|upkeep
|turn|37
|
|t:|1598321968
|move|p1a: Primarina|Draining Kiss|p2a: Primarina
|-damage|p2a: Primarina|39/100 brn
|-heal|p1a: Primarina|15/100 brn|[from] drain|[of] p2a: Primarina
|move|p2a: Primarina|Draining Kiss|p1a: Primarina
|-damage|p1a: Primarina|0 fnt
|-heal|p2a: Primarina|50/100 brn|[from] drain|[of] p1a: Primarina
|faint|p1a: Primarina
|
|-heal|p2a: Primarina|56/100 brn|[from] item: Leftovers
|-damage|p2a: Primarina|50/100 brn|[from] brn
|upkeep
|
|t:|1598321977
|switch|p1a: Silhouette|Urshifu, M|100/100
|-damage|p1a: Silhouette|94/100|[from] Stealth Rock
|turn|38
|
|t:|1598321987
|move|p1a: Silhouette|Poison Jab|p2a: Primarina
|-supereffective|p2a: Primarina
|-damage|p2a: Primarina|0 fnt
|-damage|p1a: Silhouette|84/100|[from] item: Life Orb
|faint|p2a: Primarina
|
|upkeep
|
|t:|1598321995
|switch|p2a: Amoonguss|Amoonguss, M|100/100
|-damage|p2a: Amoonguss|88/100|[from] Stealth Rock
|turn|39
|
|t:|1598322000
|move|p1a: Silhouette|Wicked Blow|p2a: Amoonguss
|-crit|p2a: Amoonguss
|-damage|p2a: Amoonguss|26/100
|-damage|p1a: Silhouette|68/100|[from] item: Rocky Helmet|[of] p2a: Amoonguss
|-damage|p1a: Silhouette|58/100|[from] item: Life Orb
|move|p2a: Amoonguss|Spore|p1a: Silhouette
|-status|p1a: Silhouette|slp|[from] move: Spore
|
|upkeep
|turn|40
|
|t:|1598322011
|switch|p1a: Amaterasu|Volcarona, M, shiny|100/100
|move|p2a: Amoonguss|Sludge Bomb|p1a: Amaterasu
|-crit|p1a: Amaterasu
|-damage|p1a: Amaterasu|66/100
|-status|p1a: Amaterasu|psn
|
|-damage|p1a: Amaterasu|54/100 psn|[from] psn
|upkeep
|turn|41
|
|t:|1598322026
|switch|p2a: Dragapult|Dragapult, F|88/100
|-damage|p2a: Dragapult|75/100|[from] Stealth Rock
|move|p1a: Amaterasu|Quiver Dance|p1a: Amaterasu
|-boost|p1a: Amaterasu|spa|1
|-boost|p1a: Amaterasu|spd|1
|-boost|p1a: Amaterasu|spe|1
|
|-heal|p2a: Dragapult|81/100|[from] item: Leftovers
|-damage|p1a: Amaterasu|42/100 psn|[from] psn
|upkeep
|turn|42
|
|t:|1598322037
|move|p2a: Dragapult|Substitute|p2a: Dragapult
|-start|p2a: Dragapult|Substitute
|-damage|p2a: Dragapult|56/100
|move|p1a: Amaterasu|Flamethrower|p2a: Dragapult
|-resisted|p2a: Dragapult
|-end|p2a: Dragapult|Substitute
|
|-heal|p2a: Dragapult|62/100|[from] item: Leftovers
|-damage|p1a: Amaterasu|29/100 psn|[from] psn
|upkeep
|turn|43
|
|t:|1598322047
|move|p2a: Dragapult|Dragon Dance|p2a: Dragapult
|-boost|p2a: Dragapult|atk|1
|-boost|p2a: Dragapult|spe|1
|move|p1a: Amaterasu|Flamethrower|p2a: Dragapult
|-resisted|p2a: Dragapult
|-damage|p2a: Dragapult|18/100
|-status|p2a: Dragapult|brn
|
|-heal|p2a: Dragapult|24/100 brn|[from] item: Leftovers
|-damage|p2a: Dragapult|18/100 brn|[from] brn
|-damage|p1a: Amaterasu|17/100 psn|[from] psn
|upkeep
|turn|44
|
|t:|1598322060
|move|p2a: Dragapult|Dragon Darts|p1a: Amaterasu
|-damage|p1a: Amaterasu|0 fnt
|faint|p1a: Amaterasu
|
|-heal|p2a: Dragapult|24/100 brn|[from] item: Leftovers
|-damage|p2a: Dragapult|18/100 brn|[from] brn
|upkeep
|
|t:|1598322068
|switch|p1a: Tama Tonga|Rillaboom, M|100/100
|-damage|p1a: Tama Tonga|88/100|[from] Stealth Rock
|-fieldstart|move: Grassy Terrain|[from] ability: Grassy Surge|[of] p1a: Tama Tonga
|turn|45
|
|t:|1598322076
|switch|p2a: Rotom|Rotom-Heat|100/100
|move|p1a: Tama Tonga|Grassy Glide|p2a: Rotom
|-resisted|p2a: Rotom
|-damage|p2a: Rotom|68/100
|-damage|p1a: Tama Tonga|78/100|[from] item: Life Orb
|
|-heal|p1a: Tama Tonga|84/100|[from] Grassy Terrain
|upkeep
|turn|46
|
|t:|1598322099
|switch|p1a: Silhouette|Urshifu, M|58/100 slp
|-damage|p1a: Silhouette|52/100 slp|[from] Stealth Rock
|move|p2a: Rotom|Overheat|p1a: Silhouette
|-damage|p1a: Silhouette|0 fnt
|-unboost|p2a: Rotom|spa|2
|faint|p1a: Silhouette
|
|upkeep
|
|t:|1598322103
|switch|p1a: Toxtricity|Toxtricity, M|100/100
|-damage|p1a: Toxtricity|88/100|[from] Stealth Rock
|turn|47
|
|t:|1598322112
|switch|p2a: Kommo-o|Kommo-o, F|100/100
|-damage|p2a: Kommo-o|94/100|[from] Stealth Rock
|move|p1a: Toxtricity|Shift Gear|p1a: Toxtricity
|-boost|p1a: Toxtricity|spe|2
|-boost|p1a: Toxtricity|atk|1
|
|-heal|p1a: Toxtricity|94/100|[from] Grassy Terrain
|-heal|p2a: Kommo-o|100/100|[from] item: Leftovers
|upkeep
|turn|48
|
|t:|1598322124
|move|p1a: Toxtricity|Boomburst|p2a: Kommo-o
|-immune|p2a: Kommo-o|[from] ability: Soundproof
|move|p2a: Kommo-o|Iron Defense|p2a: Kommo-o
|-boost|p2a: Kommo-o|def|2
|
|-heal|p1a: Toxtricity|100/100|[from] Grassy Terrain
|upkeep
|turn|49
|-message|LT73IU Raptor forfeited.
|
|win|Ayante
|l|☆LT73IU Raptor
|l|☆Ayante
|raw|LT73IU Raptor's rating: 1777 &rarr; <strong>1746</strong><br />(-31 for losing)
|raw|Ayante's rating: 1575 &rarr; <strong>1605</strong><br />(+30 for winning)
