|j|☆Forwards
|j|☆CaptainEikichi
|inactive|Battle timer is ON: inactive players will automatically lose when time's up.
|t:|1657630465
|gametype|singles
|player|p1|Forwards|leon|
|player|p2|CaptainEikichi|brock|
|teamsize|p1|6
|teamsize|p2|6
|gen|8
|tier|[Gen 8] OU
|rated|Tournament battle
|rule|Sleep Clause Mod: Limit one foe put to sleep
|rule|Species Clause: Limit one of each Pokémon
|rule|OHKO Clause: OHKO moves are banned
|rule|Evasion Moves Clause: Evasion moves are banned
|rule|Endless Battle Clause: Forcing endless battles is banned
|rule|HP Percentage Mod: HP is shown in percentages
|rule|Dynamax Clause: You cannot dynamax
|clearpoke
|poke|p1|Tapu Koko|
|poke|p1|Tapu Lele|
|poke|p1|Crawdaunt, F|
|poke|p1|Ferrothorn, F|
|poke|p1|Landorus-Therian, M|
|poke|p1|Blissey, F|
|poke|p2|Dragapult, M|
|poke|p2|Keldeo-Resolute|
|poke|p2|Heatran, F|
|poke|p2|Kartana|
|poke|p2|Zapdos|
|poke|p2|Landorus-Therian, M|
|teampreview
|
|t:|1657630473
|start
|switch|p1a: Tapu Lele|Tapu Lele|100/100
|switch|p2a: Zapdos|Zapdos|100/100
|-fieldstart|move: Psychic Terrain|[from] ability: Psychic Surge|[of] p1a: Tapu Lele
|turn|1
|
|t:|1657630479
|switch|p2a: Heatran|Heatran, F|100/100
|move|p1a: Tapu Lele|Psychic|p2a: Heatran
|-resisted|p2a: Heatran
|-damage|p2a: Heatran|73/100
|
|-heal|p2a: Heatran|79/100|[from] item: Leftovers
|upkeep
|turn|2
|
|t:|1657630484
|switch|p1a: Landorus|Landorus-Therian, M|100/100
|-ability|p1a: Landorus|Intimidate|boost
|-unboost|p2a: Heatran|atk|1
|move|p2a: Heatran|Stealth Rock|p1a: Landorus
|-sidestart|p1: Forwards|move: Stealth Rock
|
|-heal|p2a: Heatran|85/100|[from] item: Leftovers
|upkeep
|turn|3
|j| Blazking
|
|t:|1657630489
|switch|p2a: Landorus|Landorus-Therian, M|100/100
|-ability|p2a: Landorus|Intimidate|boost
|-unboost|p1a: Landorus|atk|1
|move|p1a: Landorus|Defog|p2a: Landorus
|-unboost|p2a: Landorus|evasion|1
|-sideend|p1: Forwards|Stealth Rock|[from] move: Defog|[of] p1a: Landorus
|-fieldend|move: Psychic Terrain
|
|upkeep
|turn|4
|
|t:|1657630494
|switch|p1a: Ferrothorn|Ferrothorn, F|100/100
|move|p2a: Landorus|U-turn|p1a: Ferrothorn
|-damage|p1a: Ferrothorn|88/100
|-damage|p2a: Landorus|88/100|[from] ability: Iron Barbs|[of] p1a: Ferrothorn
|
|t:|1657630499
|switch|p2a: Heatran|Heatran, F|85/100|[from]move: U-turn
|
|-heal|p2a: Heatran|91/100|[from] item: Leftovers
|-heal|p1a: Ferrothorn|94/100|[from] item: Leftovers
|upkeep
|turn|5
|
|t:|1657630503
|switch|p1a: Landorus|Landorus-Therian, M|100/100
|-ability|p1a: Landorus|Intimidate|boost
|-unboost|p2a: Heatran|atk|1
|move|p2a: Heatran|Magma Storm|p1a: Landorus
|-damage|p1a: Landorus|44/100
|-activate|p1a: Landorus|move: Magma Storm|[of] p2a: Heatran
|
|-heal|p2a: Heatran|97/100|[from] item: Leftovers
|-damage|p1a: Landorus|32/100|[from] move: Magma Storm|[partiallytrapped]
|upkeep
|turn|6
|
|t:|1657630512
|switch|p2a: Landorus|Landorus-Therian, M|88/100
|-ability|p2a: Landorus|Intimidate|boost
|-unboost|p1a: Landorus|atk|1
|move|p1a: Landorus|U-turn|p2a: Landorus
|-resisted|p2a: Landorus
|-damage|p2a: Landorus|80/100
|
|t:|1657630523
|switch|p1a: Tapu Lele|Tapu Lele|100/100|[from]move: U-turn
|-fieldstart|move: Psychic Terrain|[from] ability: Psychic Surge|[of] p1a: Tapu Lele
|
|-heal|p2a: Landorus|86/100|[from] item: Leftovers
|upkeep
|turn|7
|
|t:|1657630526
|switch|p2a: Heatran|Heatran, F|97/100
|move|p1a: Tapu Lele|Psychic|p2a: Heatran
|-resisted|p2a: Heatran
|-damage|p2a: Heatran|66/100
|-unboost|p2a: Heatran|spd|1
|
|-heal|p2a: Heatran|73/100|[from] item: Leftovers
|upkeep
|turn|8
|
|t:|1657630537
|move|p1a: Tapu Lele|Psychic|p2a: Heatran
|-resisted|p2a: Heatran
|-damage|p2a: Heatran|30/100
|-unboost|p2a: Heatran|spd|1
|move|p2a: Heatran|Magma Storm|p1a: Tapu Lele
|-damage|p1a: Tapu Lele|58/100
|-activate|p1a: Tapu Lele|move: Magma Storm|[of] p2a: Heatran
|
|-heal|p2a: Heatran|36/100|[from] item: Leftovers
|-damage|p1a: Tapu Lele|45/100|[from] move: Magma Storm|[partiallytrapped]
|upkeep
|turn|9
|
|t:|1657630563
|switch|p2a: Landorus|Landorus-Therian, M|86/100
|-ability|p2a: Landorus|Intimidate|boost
|-unboost|p1a: Tapu Lele|atk|1
|move|p1a: Tapu Lele|Psychic|p2a: Landorus
|-crit|p2a: Landorus
|-damage|p2a: Landorus|0 fnt
|faint|p2a: Landorus
|
|-end|p1a: Tapu Lele|Magma Storm|[partiallytrapped]|[silent]
|upkeep
|inactive|CaptainEikichi has 120 seconds left.
|
|t:|1657630578
|switch|p2a: Dragapult|Dragapult, M, shiny|100/100
|turn|10
|
|t:|1657630583
|switch|p1a: Blissey|Blissey, F|100/100
|move|p2a: Dragapult|Shadow Ball|p1a: Blissey
|-immune|p1a: Blissey
|
|-fieldend|move: Psychic Terrain
|upkeep
|turn|11
|
|t:|1657630589
|switch|p2a: Heatran|Heatran, F|36/100
|move|p1a: Blissey|Teleport|p1a: Blissey
|
|t:|1657630594
|switch|p1a: Crawdaunt|Crawdaunt, F|100/100|[from]move: Teleport
|
|-heal|p2a: Heatran|42/100|[from] item: Leftovers
|upkeep
|turn|12
|
|t:|1657630602
|move|p1a: Crawdaunt|Knock Off|p2a: Heatran
|-damage|p2a: Heatran|0 fnt
|-status|p1a: Crawdaunt|brn|[from] ability: Flame Body|[of] p2a: Heatran
|-enditem|p2a: Heatran|Leftovers|[from] move: Knock Off|[of] p1a: Crawdaunt
|faint|p2a: Heatran
|-damage|p1a: Crawdaunt|91/100 brn|[from] item: Life Orb
|
|-damage|p1a: Crawdaunt|85/100 brn|[from] brn
|upkeep
|
|t:|1657630604
|switch|p2a: Keldeo|Keldeo-Resolute|100/100
|turn|13
|
|t:|1657630607
|move|p2a: Keldeo|Substitute|p2a: Keldeo
|-start|p2a: Keldeo|Substitute
|-damage|p2a: Keldeo|76/100
|move|p1a: Crawdaunt|Knock Off|p2a: Keldeo
|-resisted|p2a: Keldeo
|-end|p2a: Keldeo|Substitute
|-damage|p1a: Crawdaunt|75/100 brn|[from] item: Life Orb
|
|-heal|p2a: Keldeo|82/100|[from] item: Leftovers
|-damage|p1a: Crawdaunt|69/100 brn|[from] brn
|upkeep
|turn|14
|j| doomdr
|
|t:|1657630612
|move|p2a: Keldeo|Secret Sword|p1a: Crawdaunt
|-supereffective|p1a: Crawdaunt
|-damage|p1a: Crawdaunt|0 fnt
|faint|p1a: Crawdaunt
|
|-heal|p2a: Keldeo|88/100|[from] item: Leftovers
|upkeep
|
|t:|1657630616
|switch|p1a: Tapu Koko|Tapu Koko|100/100
|-fieldstart|move: Electric Terrain|[from] ability: Electric Surge|[of] p1a: Tapu Koko
|turn|15
|
|t:|1657630624
|switch|p2a: Zapdos|Zapdos|100/100
|move|p1a: Tapu Koko|Thunderbolt|p2a: Zapdos
|-damage|p2a: Zapdos|50/100
|
|upkeep
|turn|16
|
|t:|1657630646
|move|p1a: Tapu Koko|Thunderbolt|p2a: Zapdos
|-damage|p2a: Zapdos|0 fnt
|faint|p2a: Zapdos
|
|upkeep
|
|t:|1657630661
|switch|p2a: Kartana|Kartana|100/100
|turn|17
|
|t:|1657630667
|switch|p2a: Keldeo|Keldeo-Resolute|88/100
|switch|p1a: Ferrothorn|Ferrothorn, F|94/100
|
|-heal|p2a: Keldeo|94/100|[from] item: Leftovers
|-heal|p1a: Ferrothorn|100/100|[from] item: Leftovers
|upkeep
|turn|18
|
|t:|1657630673
|move|p2a: Keldeo|Substitute|p2a: Keldeo
|-start|p2a: Keldeo|Substitute
|-damage|p2a: Keldeo|69/100
|move|p1a: Ferrothorn|Power Whip|p2a: Keldeo|[miss]
|-miss|p1a: Ferrothorn|p2a: Keldeo
|
|-heal|p2a: Keldeo|75/100|[from] item: Leftovers
|upkeep
|turn|19
|
|t:|1657630678
|move|p2a: Keldeo|Calm Mind|p2a: Keldeo
|-boost|p2a: Keldeo|spa|1
|-boost|p2a: Keldeo|spd|1
|move|p1a: Ferrothorn|Power Whip|p2a: Keldeo
|-supereffective|p2a: Keldeo
|-end|p2a: Keldeo|Substitute
|
|-heal|p2a: Keldeo|81/100|[from] item: Leftovers
|-fieldend|move: Electric Terrain
|upkeep
|turn|20
|
|t:|1657630683
|move|p2a: Keldeo|Secret Sword|p1a: Ferrothorn
|-supereffective|p1a: Ferrothorn
|-damage|p1a: Ferrothorn|20/100
|move|p1a: Ferrothorn|Power Whip|p2a: Keldeo
|-supereffective|p2a: Keldeo
|-damage|p2a: Keldeo|0 fnt
|faint|p2a: Keldeo
|
|-heal|p1a: Ferrothorn|27/100|[from] item: Leftovers
|upkeep
|l|☆CaptainEikichi
|inactive|CaptainEikichi disconnected and has a minute to reconnect!
|player|p2|
|inactive|CaptainEikichi has 30 seconds to reconnect!
|inactive|CaptainEikichi has 20 seconds to reconnect!
|inactive|CaptainEikichi has 15 seconds to reconnect!
|inactive|CaptainEikichi has 10 seconds to reconnect!
|inactive|CaptainEikichi has 5 seconds to reconnect!
|-message|CaptainEikichi lost due to inactivity.
|
|win|Forwards
|n|☆Forwards|forwards
|n| Blazking|blazking
|n| doomdr|doomdr
