|j|☆kanfonma
|j|☆InvincibleRoserade
|t:|1665192800
|gametype|singles
|player|p1|kanfonma|elesa|1662
|player|p2|InvincibleRoserade|dawn|1584
|teamsize|p1|6
|teamsize|p2|6
|gen|8
|tier|[Gen 8] OU
|rated|
|rule|Sleep Clause Mod: Limit one foe put to sleep
|rule|Species Clause: Limit one of each Pokémon
|rule|OHKO Clause: OHKO moves are banned
|rule|Evasion Items Clause: Evasion items are banned
|rule|Evasion Moves Clause: Evasion moves are banned
|rule|Endless Battle Clause: Forcing endless battles is banned
|rule|HP Percentage Mod: HP is shown in percentages
|rule|Dynamax Clause: You cannot dynamax
|clearpoke
|poke|p1|Urshifu-*, M|
|poke|p1|Heatran, M|
|poke|p1|Rotom-Wash|
|poke|p1|Landorus-Therian, M|
|poke|p1|Tapu Lele|
|poke|p1|Kartana|
|poke|p2|Clefable, F|
|poke|p2|Tornadus-Therian, M|
|poke|p2|Nidoking, M|
|poke|p2|Slowking, F|
|poke|p2|Urshifu-*, M|
|poke|p2|Ferrothorn, M|
|teampreview
|inactive|Battle timer is ON: inactive players will automatically lose when time's up. (requested by kanfonma)
|inactive|kanfonma has 120 seconds left.
|inactive|InvincibleRoserade has 120 seconds left.
|inactive|kanfonma has 90 seconds left.
|
|t:|1665192862
|start
|switch|p1a: Rotom|Rotom-Wash, shiny|100/100
|switch|p2a: Clefable|Clefable, F, shiny|100/100
|turn|1
|
|t:|1665192868
|move|p1a: Rotom|Thunder Wave|p2a: Clefable
|-status|p2a: Clefable|par
|move|p2a: Clefable|Stealth Rock|p1a: Rotom
|-sidestart|p1: kanfonma|move: Stealth Rock
|
|upkeep
|turn|2
|
|t:|1665192877
|switch|p2a: Ferrothorn|Ferrothorn, M, shiny|100/100
|move|p1a: Rotom|Volt Switch|p2a: Ferrothorn
|-resisted|p2a: Ferrothorn
|-damage|p2a: Ferrothorn|90/100
|
|t:|1665192879
|switch|p1a: Heatran|Heatran, M|100/100|[from]move: Volt Switch
|-damage|p1a: Heatran|88/100|[from] Stealth Rock
|-item|p1a: Heatran|Air Balloon
|
|upkeep
|turn|3
|
|t:|1665192881
|switch|p2a: Slowking|Slowking, F, shiny|100/100
|move|p1a: Heatran|Magma Storm|p2a: Slowking
|-resisted|p2a: Slowking
|-damage|p2a: Slowking|86/100
|-activate|p2a: Slowking|move: Magma Storm|[of] p1a: Heatran
|
|-damage|p2a: Slowking|74/100|[from] move: Magma Storm|[partiallytrapped]
|upkeep
|turn|4
|
|t:|1665192888
|switch|p1a: Rotom|Rotom-Wash, shiny|100/100
|-damage|p1a: Rotom|88/100|[from] Stealth Rock
|move|p2a: Slowking|Scald|p1a: Rotom
|-resisted|p1a: Rotom
|-damage|p1a: Rotom|78/100
|
|-heal|p1a: Rotom|84/100|[from] item: Leftovers
|-end|p2a: Slowking|Magma Storm|[partiallytrapped]|[silent]
|upkeep
|turn|5
|
|t:|1665192892
|switch|p2a: Ferrothorn|Ferrothorn, M, shiny|90/100
|move|p1a: Rotom|Volt Switch|p2a: Ferrothorn
|-resisted|p2a: Ferrothorn
|-damage|p2a: Ferrothorn|79/100
|
|t:|1665192894
|switch|p1a: Heatran|Heatran, M|88/100|[from]move: Volt Switch
|-damage|p1a: Heatran|76/100|[from] Stealth Rock
|-item|p1a: Heatran|Air Balloon
|
|upkeep
|turn|6
|
|t:|1665192897
|switch|p2a: Slowking|Slowking, F, shiny|100/100
|move|p1a: Heatran|Stealth Rock|p2a: Slowking
|-sidestart|p2: InvincibleRoserade|move: Stealth Rock
|
|upkeep
|turn|7
|
|t:|1665192904
|switch|p1a: Rotom|Rotom-Wash, shiny|84/100
|-damage|p1a: Rotom|72/100|[from] Stealth Rock
|move|p2a: Slowking|Teleport|p2a: Slowking
|
|t:|1665192910
|switch|p2a: Ferrothorn|Ferrothorn, M, shiny|79/100|[from]move: Teleport
|-damage|p2a: Ferrothorn|73/100|[from] Stealth Rock
|
|-heal|p1a: Rotom|78/100|[from] item: Leftovers
|upkeep
|turn|8
|
|t:|1665192914
|move|p1a: Rotom|Thunder Wave|p2a: Ferrothorn
|-status|p2a: Ferrothorn|par
|move|p2a: Ferrothorn|Knock Off|p1a: Rotom
|-damage|p1a: Rotom|57/100
|-enditem|p1a: Rotom|Leftovers|[from] move: Knock Off|[of] p2a: Ferrothorn
|
|upkeep
|turn|9
|
|t:|1665192919
|move|p1a: Rotom|Volt Switch|p2a: Ferrothorn
|-resisted|p2a: Ferrothorn
|-damage|p2a: Ferrothorn|63/100 par
|
|t:|1665192922
|switch|p1a: Heatran|Heatran, M|76/100|[from]move: Volt Switch
|-damage|p1a: Heatran|63/100|[from] Stealth Rock
|-item|p1a: Heatran|Air Balloon
|move|p2a: Ferrothorn|Leech Seed|p1a: Heatran
|-start|p1a: Heatran|move: Leech Seed
|
|-damage|p1a: Heatran|51/100|[from] Leech Seed|[of] p2a: Ferrothorn
|-heal|p2a: Ferrothorn|74/100 par|[silent]
|upkeep
|turn|10
|
|t:|1665192926
|switch|p2a: Slowking|Slowking, F, shiny|100/100
|move|p1a: Heatran|Magma Storm|p2a: Slowking
|-resisted|p2a: Slowking
|-damage|p2a: Slowking|86/100
|-activate|p2a: Slowking|move: Magma Storm|[of] p1a: Heatran
|
|-damage|p1a: Heatran|39/100|[from] Leech Seed|[of] p2a: Slowking
|-heal|p2a: Slowking|96/100|[silent]
|-damage|p2a: Slowking|83/100|[from] move: Magma Storm|[partiallytrapped]
|upkeep
|turn|11
|
|t:|1665192931
|switch|p1a: Rotom|Rotom-Wash, shiny|57/100
|-damage|p1a: Rotom|45/100|[from] Stealth Rock
|move|p2a: Slowking|Teleport|p2a: Slowking
|
|t:|1665192939
|switch|p2a: Nidoking|Nidoking, M|100/100|[from]move: Teleport
|-damage|p2a: Nidoking|95/100|[from] Stealth Rock
|
|upkeep
|turn|12
|
|t:|1665192945
|move|p2a: Nidoking|Sludge Wave|p1a: Rotom
|-damage|p1a: Rotom|0 fnt
|faint|p1a: Rotom
|
|upkeep
|
|t:|1665192949
|switch|p1a: Tapu Lele|Tapu Lele|100/100
|-damage|p1a: Tapu Lele|88/100|[from] Stealth Rock
|-fieldstart|move: Psychic Terrain|[from] ability: Psychic Surge|[of] p1a: Tapu Lele
|turn|13
|
|t:|1665192953
|switch|p2a: Slowking|Slowking, F, shiny|100/100
|move|p1a: Tapu Lele|Future Sight|p2a: Slowking
|-start|p1a: Tapu Lele|move: Future Sight
|
|upkeep
|turn|14
|
|t:|1665192958
|switch|p1a: Kartana|Kartana, shiny|100/100
|-damage|p1a: Kartana|94/100|[from] Stealth Rock
|move|p2a: Slowking|Future Sight|p1a: Kartana
|-start|p2a: Slowking|move: Future Sight
|
|upkeep
|turn|15
|
|t:|1665192964
|switch|p2a: Ferrothorn|Ferrothorn, M, shiny|74/100 par
|-damage|p2a: Ferrothorn|68/100 par|[from] Stealth Rock
|move|p1a: Kartana|Knock Off|p2a: Ferrothorn
|-damage|p2a: Ferrothorn|41/100 par
|-activate|p2a: Ferrothorn|ability: Iron Barbs
|-activate|p1a: Kartana|item: Protective Pads
|-enditem|p2a: Ferrothorn|Rocky Helmet|[from] move: Knock Off|[of] p1a: Kartana
|
|-end|p2a: Ferrothorn|move: Future Sight
|-resisted|p2a: Ferrothorn
|-damage|p2a: Ferrothorn|7/100 par
|upkeep
|turn|16
|
|t:|1665192985
|switch|p1a: Heatran|Heatran, M|39/100
|-damage|p1a: Heatran|26/100|[from] Stealth Rock
|-item|p1a: Heatran|Air Balloon
|move|p2a: Ferrothorn|Knock Off|p1a: Heatran
|-damage|p1a: Heatran|6/100
|-enditem|p1a: Heatran|Air Balloon
|
|-end|p1a: Heatran|move: Future Sight
|-resisted|p1a: Heatran
|-crit|p1a: Heatran
|-damage|p1a: Heatran|0 fnt
|faint|p1a: Heatran
|upkeep
|
|t:|1665192997
|switch|p1a: Kartana|Kartana, shiny|94/100
|-damage|p1a: Kartana|88/100|[from] Stealth Rock
|turn|17
|
|t:|1665193014
|move|p1a: Kartana|Knock Off|p2a: Ferrothorn
|-damage|p2a: Ferrothorn|0 fnt
|-activate|p2a: Ferrothorn|ability: Iron Barbs
|-activate|p1a: Kartana|item: Protective Pads
|faint|p2a: Ferrothorn
|-ability|p1a: Kartana|Beast Boost|boost
|-boost|p1a: Kartana|atk|1
|
|-fieldend|move: Psychic Terrain
|upkeep
|
|t:|1665193018
|switch|p2a: Urshifu|Urshifu-Rapid-Strike, M|100/100
|-damage|p2a: Urshifu|94/100|[from] Stealth Rock
|turn|18
|
|t:|1665193022
|move|p2a: Urshifu|Close Combat|p1a: Kartana
|-supereffective|p1a: Kartana
|-damage|p1a: Kartana|0 fnt
|-unboost|p2a: Urshifu|def|1
|-unboost|p2a: Urshifu|spd|1
|faint|p1a: Kartana
|
|upkeep
|
|t:|1665193026
|switch|p1a: Tapu Lele|Tapu Lele|88/100
|-damage|p1a: Tapu Lele|76/100|[from] Stealth Rock
|-fieldstart|move: Psychic Terrain|[from] ability: Psychic Surge|[of] p1a: Tapu Lele
|turn|19
|
|t:|1665193029
|switch|p2a: Slowking|Slowking, F, shiny|100/100
|move|p1a: Tapu Lele|Future Sight|p2a: Slowking
|-start|p1a: Tapu Lele|move: Future Sight
|
|upkeep
|turn|20
|
|t:|1665193035
|switch|p1a: Urshifu|Urshifu-Rapid-Strike, M|100/100
|-damage|p1a: Urshifu|94/100|[from] Stealth Rock
|move|p2a: Slowking|Future Sight|p1a: Urshifu
|-start|p2a: Slowking|move: Future Sight
|
|upkeep
|turn|21
|
|t:|1665193040
|move|p1a: Urshifu|U-turn|p2a: Slowking
|-supereffective|p2a: Slowking
|-damage|p2a: Slowking|24/100
|
|t:|1665193043
|switch|p1a: Tapu Lele|Tapu Lele|76/100|[from]move: U-turn
|-damage|p1a: Tapu Lele|63/100|[from] Stealth Rock
|move|p2a: Slowking|Slack Off|p2a: Slowking
|-heal|p2a: Slowking|74/100
|
|-end|p2a: Slowking|move: Future Sight
|-resisted|p2a: Slowking
|-damage|p2a: Slowking|51/100
|upkeep
|turn|22
|-message|kanfonma forfeited.
|
|win|InvincibleRoserade
|raw|kanfonma's rating: 1662 &rarr; <strong>1638</strong><br />(-24 for losing)
|raw|InvincibleRoserade's rating: 1584 &rarr; <strong>1608</strong><br />(+24 for winning)
|l|☆kanfonma
