|j|☆Sww-Suwa
|j|☆fdasfaf
|inactive|Battle timer is ON: inactive players will automatically lose when time's up.
|t:|1667183037
|gametype|singles
|player|p1|Sww-Suwa|lass-gen6|
|player|p2|fdasfaf|1|
|teamsize|p1|6
|teamsize|p2|6
|gen|8
|tier|[Gen 8] OU
|rated|Tournament battle
|rule|Sleep Clause Mod: Limit one foe put to sleep
|rule|Species Clause: Limit one of each Pokémon
|rule|OHKO Clause: OHKO moves are banned
|rule|Evasion Items Clause: Evasion items are banned
|rule|Evasion Moves Clause: Evasion moves are banned
|rule|Endless Battle Clause: Forcing endless battles is banned
|rule|HP Percentage Mod: HP is shown in percentages
|rule|Dynamax Clause: You cannot dynamax
|clearpoke
|poke|p1|Garchomp, F|
|poke|p1|Heatran, M|
|poke|p1|Tapu Lele|
|poke|p1|Toxicroak, M|
|poke|p1|Weavile, F|
|poke|p1|Zapdos|
|poke|p2|Melmetal|
|poke|p2|Slowbro, F|
|poke|p2|Zapdos|
|poke|p2|Garchomp, M|
|poke|p2|Gengar, F|
|poke|p2|Umbreon, M|
|teampreview
|j| cypherstest
|c|☆Sww-Suwa|hf
|j| Rosa メイ ism
|j| staticjolitic
|j| PkmnMasterEclipse
|c|☆fdasfaf|u2
|j| Taolala
|j| VladmirPutinReal
|c| Rosa メイ ism|hmm, no k-w
|j| JasperM
|j| SaucyCriminal
|inactive|Sww-Suwa has 120 seconds left.
|inactive|fdasfaf has 120 seconds left.
|j| d18l
|c| JasperM|this is just a standard ou game without scarf i guess?
|c| staticjolitic|k-w?
|j| TR23
|c| TR23|Now that is a team
|
|t:|1667183097
|start
|switch|p1a: Natasha|Tapu Lele|100/100
|switch|p2a: Melmetal|Melmetal|100/100
|-fieldstart|move: Psychic Terrain|[from] ability: Psychic Surge|[of] p1a: Natasha
|turn|1
|c| TR23|Pure beauty
|j| Pikablu007
|c| SaucyCriminal|natasha lol
|
|t:|1667183107
|switch|p1a: KFC Chizza|Zapdos|100/100
|move|p2a: Melmetal|Double Iron Bash|p1a: KFC Chizza
|-resisted|p1a: KFC Chizza
|-damage|p1a: KFC Chizza|85/100
|-status|p2a: Melmetal|par|[from] ability: Static|[of] p1a: KFC Chizza
|-resisted|p1a: KFC Chizza
|-damage|p1a: KFC Chizza|69/100
|-hitcount|p1a: KFC Chizza|2
|
|upkeep
|turn|2
|j| Ryuki D Miyazaki
|l| Pikablu007
|j| Gnomales
|c| TR23|This guy eliminated me suwa so show no mercy
|
|t:|1667183126
|switch|p1a: Sigmund Freud|Heatran, M|100/100
|-item|p1a: Sigmund Freud|Air Balloon
|move|p2a: Melmetal|Ice Punch|p1a: Sigmund Freud
|-resisted|p1a: Sigmund Freud
|-damage|p1a: Sigmund Freud|93/100
|-enditem|p1a: Sigmund Freud|Air Balloon
|
|upkeep
|turn|3
|
|t:|1667183134
|switch|p2a: Slowbro|Slowbro, F|100/100
|move|p1a: Sigmund Freud|Magma Storm|p2a: Slowbro
|-resisted|p2a: Slowbro
|-damage|p2a: Slowbro|80/100
|-activate|p2a: Slowbro|move: Magma Storm|[of] p1a: Sigmund Freud
|
|-damage|p2a: Slowbro|68/100|[from] move: Magma Storm|[partiallytrapped]
|upkeep
|turn|4
|j| natdexfunnn
|j| Sendpais
|j| SkipTheDripBayless
|
|t:|1667183144
|move|p1a: Sigmund Freud|Stealth Rock|p2a: Slowbro
|-sidestart|p2: fdasfaf|move: Stealth Rock
|move|p2a: Slowbro|Surf|p1a: Sigmund Freud
|-supereffective|p1a: Sigmund Freud
|-damage|p1a: Sigmund Freud|58/100
|
|-damage|p2a: Slowbro|55/100|[from] move: Magma Storm|[partiallytrapped]
|upkeep
|turn|5
|j| tu hao
|
|t:|1667183150
|switch|p1a: Mr. Croak...📞📞📞|Toxicroak, M|100/100
|move|p2a: Slowbro|Slack Off|p2a: Slowbro
|-heal|p2a: Slowbro|100/100
|
|-end|p2a: Slowbro|Magma Storm|[partiallytrapped]|[silent]
|-fieldend|move: Psychic Terrain
|upkeep
|turn|6
|j| A-sepower
|j| Ceruledges@!
|
|t:|1667183155
|move|p1a: Mr. Croak...📞📞📞|Swords Dance|p1a: Mr. Croak...📞📞📞
|-boost|p1a: Mr. Croak...📞📞📞|atk|2
|move|p2a: Slowbro|Psychic|p1a: Mr. Croak...📞📞📞
|-supereffective|p1a: Mr. Croak...📞📞📞
|-damage|p1a: Mr. Croak...📞📞📞|0 fnt
|faint|p1a: Mr. Croak...📞📞📞
|
|upkeep
|c| SkipTheDripBayless|mr corak
|c|☆Sww-Suwa|wtf
|c| SkipTheDripBayless|llolol
|c| SkipTheDripBayless|lololo
|c| Rosa メイ ism|lol
|c| TR23|Wow
|c| staticjolitic|insane stay in
|
|t:|1667183168
|switch|p1a: Trisha|Weavile, F, shiny|100/100
|-ability|p1a: Trisha|Pressure
|turn|7
|l| tu hao
|c| Sendpais|rip mr croak
|j| Bruh Wobuffet
|c| SkipTheDripBayless|bodied
|
|t:|1667183173
|move|p1a: Trisha|Swords Dance|p1a: Trisha
|-boost|p1a: Trisha|atk|2
|move|p2a: Slowbro|Flamethrower|p1a: Trisha
|-supereffective|p1a: Trisha
|-damage|p1a: Trisha|44/100
|
|upkeep
|turn|8
|c| Ryuki D Miyazaki|what a team
|l| Bruh Wobuffet
|j| mrworldwide5
|j| Bruh Wobuffet
|c| SkipTheDripBayless|bro is surf slack off
|c| SaucyCriminal|they say mr.croack never answered the call
|c| staticjolitic|thats an oras slowbro lol
|c| Bruh Wobuffet|gl
|c| staticjolitic|no teleport and future sight
|c| A-sepower|damn must be specs
|inactive|fdasfaf has 120 seconds left.
|c| A-sepower|slowbro
|c| mrworldwide5|hard set tbh
|
|t:|1667183216
|move|p1a: Trisha|Knock Off|p2a: Slowbro
|-supereffective|p2a: Slowbro
|-damage|p2a: Slowbro|0 fnt
|-damage|p1a: Trisha|27/100|[from] item: Rocky Helmet|[of] p2a: Slowbro
|-enditem|p2a: Slowbro|Rocky Helmet|[from] move: Knock Off|[of] p1a: Trisha
|faint|p2a: Slowbro
|-damage|p1a: Trisha|17/100|[from] item: Life Orb
|
|upkeep
|c| Sendpais|specs slack off my favourite
|c| SaucyCriminal|damn
|j| HeWhoHasNoEqual
|
|t:|1667183222
|switch|p2a: Umbreon|Umbreon, M|100/100
|-damage|p2a: Umbreon|88/100|[from] Stealth Rock
|turn|9
|c| mrworldwide5|rip mr bro
|
|t:|1667183229
|move|p2a: Umbreon|Protect|p2a: Umbreon
|-singleturn|p2a: Umbreon|Protect
|move|p1a: Trisha|Triple Axel|p2a: Umbreon
|-activate|p2a: Umbreon|move: Protect
|
|-heal|p2a: Umbreon|94/100|[from] item: Leftovers
|upkeep
|turn|10
|c| HeWhoHasNoEqual|lets go suwa
|inactive|fdasfaf has 120 seconds left.
|c| HeWhoHasNoEqual|you got this sis
|
|t:|1667183237
|move|p1a: Trisha|Triple Axel|p2a: Umbreon
|-damage|p2a: Umbreon|73/100
|-hitcount|p2a: Umbreon|1
|-damage|p1a: Trisha|7/100|[from] item: Life Orb
|move|p2a: Umbreon|Foul Play|p1a: Trisha
|-resisted|p1a: Trisha
|-damage|p1a: Trisha|0 fnt
|faint|p1a: Trisha
|
|-heal|p2a: Umbreon|79/100|[from] item: Leftovers
|upkeep
|c|☆Sww-Suwa|bruh
|c| mrworldwide5|:(
|
|t:|1667183243
|switch|p1a: Natasha|Tapu Lele|100/100
|-fieldstart|move: Psychic Terrain|[from] ability: Psychic Surge|[of] p1a: Natasha
|turn|11
|c| A-sepower|oof
|
|t:|1667183248
|move|p2a: Umbreon|Protect|p2a: Umbreon
|-singleturn|p2a: Umbreon|Protect
|move|p1a: Natasha|Moonblast|p2a: Umbreon
|-activate|p2a: Umbreon|move: Protect
|
|-heal|p2a: Umbreon|86/100|[from] item: Leftovers
|upkeep
|turn|12
|j| Kala chashmah
|c| SaucyCriminal|1 hit wonder
|c| Rosa メイ ism|unfort
|
|t:|1667183258
|switch|p2a: Melmetal|Melmetal|100/100 par
|-damage|p2a: Melmetal|94/100 par|[from] Stealth Rock
|move|p1a: Natasha|Moonblast|p2a: Melmetal
|-resisted|p2a: Melmetal
|-damage|p2a: Melmetal|70/100 par
|
|upkeep
|turn|13
|l| Kala chashmah
|c| A-sepower|my choice spam team is dead without scarf
|l| Ryuki D Miyazaki
|
|t:|1667183270
|switch|p1a: KFC Chizza|Zapdos|69/100
|move|p2a: Melmetal|Ice Punch|p1a: KFC Chizza
|-supereffective|p1a: KFC Chizza
|-damage|p1a: KFC Chizza|20/100
|
|upkeep
|turn|14
|
|t:|1667183278
|move|p1a: KFC Chizza|Roost|p1a: KFC Chizza
|-heal|p1a: KFC Chizza|70/100
|-singleturn|p1a: KFC Chizza|move: Roost
|move|p2a: Melmetal|Earthquake|p1a: KFC Chizza
|-supereffective|p1a: KFC Chizza
|-damage|p1a: KFC Chizza|11/100
|
|upkeep
|turn|15
|
|t:|1667183284
|move|p1a: KFC Chizza|Roost|p1a: KFC Chizza
|-heal|p1a: KFC Chizza|61/100
|-singleturn|p1a: KFC Chizza|move: Roost
|move|p2a: Melmetal|Ice Punch|p1a: KFC Chizza
|-damage|p1a: KFC Chizza|34/100
|
|-fieldend|move: Psychic Terrain
|upkeep
|turn|16
|c| mrworldwide5|uuu
|
|t:|1667183289
|move|p1a: KFC Chizza|Volt Switch|p2a: Melmetal
|-damage|p2a: Melmetal|49/100 par
|
|t:|1667183291
|switch|p1a: Garchomp|Garchomp, F|100/100|[from]move: Volt Switch
|move|p2a: Melmetal|Earthquake|p1a: Garchomp
|-damage|p1a: Garchomp|59/100
|
|upkeep
|turn|17
|
|t:|1667183297
|move|p1a: Garchomp|Earthquake|p2a: Melmetal
|-supereffective|p2a: Melmetal
|-damage|p2a: Melmetal|0 fnt
|faint|p2a: Melmetal
|-damage|p1a: Garchomp|50/100|[from] item: Life Orb
|
|upkeep
|c| A-sepower|predicts of predicts
|c| mrworldwide5|hard af
|
|t:|1667183323
|switch|p2a: Gengar|Gengar, F|100/100
|-damage|p2a: Gengar|88/100|[from] Stealth Rock
|turn|18
|c| SaucyCriminal|reads the read that the reader was reading
|j| huecohead✿
|
|t:|1667183332
|switch|p1a: Sigmund Freud|Heatran, M|58/100
|move|p2a: Gengar|Shadow Ball|p1a: Sigmund Freud
|-damage|p1a: Sigmund Freud|17/100
|
|upkeep
|turn|19
|j| ShadowForce63
|
|t:|1667183338
|move|p2a: Gengar|Shadow Ball|p1a: Sigmund Freud
|-damage|p1a: Sigmund Freud|0 fnt
|faint|p1a: Sigmund Freud
|
|upkeep
|j| Xsage93
|c|☆Sww-Suwa|gg
|n| El Hueco Mundo|huecohead
|c|☆Sww-Suwa|slowbro messed me up fr
|
|t:|1667183361
|switch|p1a: Garchomp|Garchomp, F|50/100
|turn|20
|n| huecohead|elhuecomundo
|
|t:|1667183364
|move|p2a: Gengar|Shadow Ball|p1a: Garchomp
|-damage|p1a: Garchomp|0 fnt
|faint|p1a: Garchomp
|
|upkeep
|
|t:|1667183367
|switch|p1a: Natasha|Tapu Lele|100/100
|-fieldstart|move: Psychic Terrain|[from] ability: Psychic Surge|[of] p1a: Natasha
|turn|21
|
|t:|1667183369
|move|p2a: Gengar|Shadow Ball|p1a: Natasha
|-supereffective|p1a: Natasha
|-damage|p1a: Natasha|0 fnt
|faint|p1a: Natasha
|
|upkeep
|c| SaucyCriminal|gg tuff
|
|t:|1667183371
|switch|p1a: KFC Chizza|Zapdos|34/100
|turn|22
|
|t:|1667183373
|move|p2a: Gengar|Shadow Ball|p1a: KFC Chizza
|-damage|p1a: KFC Chizza|0 fnt
|faint|p1a: KFC Chizza
|
|win|fdasfaf
|n|☆Sww-Suwa|swwsuwa
|n|☆fdasfaf|fdasfaf
|n| cypherstest|cypherstest
|n| Rosa メイ ism|rosaism
|n| staticjolitic|staticjolitic
|n| PkmnMasterEclipse|pkmnmastereclipse
|n| Taolala|taolala
|n| VladmirPutinReal|vladmirputinreal
|n| JasperM|jasperm
|n| SaucyCriminal|saucycriminal
|n| d18l|d18l
|n| TR23|tr23
|n| Gnomales|gnomales
|n| natdexfunnn|natdexfunnn
|n| Sendpais|sendpais
|n| SkipTheDripBayless|skipthedripbayless
|n| A-sepower|asepower
|n| Ceruledges@!|ceruledges
|n| mrworldwide5|mrworldwide5
|n| Bruh Wobuffet|bruhwobuffet
|n| HeWhoHasNoEqual|hewhohasnoequal
|n| ShadowForce63|shadowforce63
|n| Xsage93|xsage93
|n| huecohead|huecohead
