|raw|<div class="broadcast-blue"><strong>This battle is required to be public due to a player having a name starting with 'btlt200'.</div>
|j|☆BTLT200$ FILO
|j|☆StreaMoustache
|t:|1668029410
|gametype|singles
|player|p1|BTLT200$ FILO|emma|1598
|player|p2|StreaMoustache|li|1533
|teamsize|p1|6
|teamsize|p2|6
|gen|8
|tier|[Gen 8] OU
|rated|
|rule|Sleep Clause Mod: Limit one foe put to sleep
|rule|Species Clause: Limit one of each Pokémon
|rule|OHKO Clause: OHKO moves are banned
|rule|Evasion Items Clause: Evasion items are banned
|rule|Evasion Moves Clause: Evasion moves are banned
|rule|Endless Battle Clause: Forcing endless battles is banned
|rule|HP Percentage Mod: HP is shown in percentages
|rule|Dynamax Clause: You cannot dynamax
|clearpoke
|poke|p1|Ferrothorn, M|
|poke|p1|Tapu Koko|
|poke|p1|Slowking-Galar, M|
|poke|p1|Dragonite, M|
|poke|p1|Clefable, F|
|poke|p1|Landorus-Therian, M|
|poke|p2|Ferrothorn, M|
|poke|p2|Slowking-Galar, F|
|poke|p2|Tornadus-Therian, M|
|poke|p2|Zeraora|
|poke|p2|Urshifu-*, F|
|poke|p2|Hydreigon, F|
|teampreview
|j| RazorForce21
|inactive|Battle timer is ON: inactive players will automatically lose when time's up. (requested by BTLT200$ FILO)
|
|t:|1668029460
|start
|switch|p1a: Clefable|Clefable, F|100/100
|switch|p2a: Tornadus|Tornadus-Therian, M|100/100
|turn|1
|
|t:|1668029473
|move|p2a: Tornadus|Knock Off|p1a: Clefable
|-resisted|p1a: Clefable
|-damage|p1a: Clefable|92/100
|-damage|p2a: Tornadus|84/100|[from] item: Rocky Helmet|[of] p1a: Clefable
|-enditem|p1a: Clefable|Rocky Helmet|[from] move: Knock Off|[of] p2a: Tornadus
|move|p1a: Clefable|Stealth Rock|p2a: Tornadus
|-sidestart|p2: StreaMoustache|move: Stealth Rock
|
|upkeep
|turn|2
|
|t:|1668029479
|move|p2a: Tornadus|Defog|p1a: Clefable
|-unboost|p1a: Clefable|evasion|1
|-sideend|p2: StreaMoustache|Stealth Rock|[from] move: Defog|[of] p2a: Tornadus
|move|p1a: Clefable|Moonblast|p2a: Tornadus
|-damage|p2a: Tornadus|54/100
|-unboost|p2a: Tornadus|spa|1
|
|upkeep
|turn|3
|l|☆StreaMoustache
|inactive|StreaMoustache disconnected and has a minute to reconnect!
|player|p2|
|j|☆StreaMoustache
|inactive|StreaMoustache reconnected and has 130 seconds left.
|player|p2|StreaMoustache|li
|inactive|StreaMoustache has 120 seconds left.
|
|t:|1668029514
|move|p2a: Tornadus|U-turn|p1a: Clefable
|-resisted|p1a: Clefable
|-damage|p1a: Clefable|87/100
|inactive|StreaMoustache has 120 seconds left.
|
|t:|1668029528
|switch|p2a: Slowking|Slowking-Galar, F|100/100|[from]move: U-turn
|move|p1a: Clefable|Stealth Rock|p2a: Slowking
|-sidestart|p2: StreaMoustache|move: Stealth Rock
|
|upkeep
|turn|4
|inactive|StreaMoustache has 120 seconds left.
|
|t:|1668029538
|switch|p1a: Slowking|Slowking-Galar, M|100/100
|move|p2a: Slowking|Future Sight|p1a: Slowking
|-start|p2a: Slowking|move: Future Sight
|
|upkeep
|turn|5
|
|t:|1668029547
|switch|p2a: Hydreigon|Hydreigon, F|100/100
|-damage|p2a: Hydreigon|88/100|[from] Stealth Rock
|move|p1a: Slowking|Sludge Bomb|p2a: Hydreigon
|-damage|p2a: Hydreigon|46/100
|
|-heal|p2a: Hydreigon|52/100|[from] item: Leftovers
|upkeep
|turn|6
|
|t:|1668029560
|switch|p1a: Ferrothorn|Ferrothorn, M|100/100
|move|p2a: Hydreigon|Earth Power|p1a: Ferrothorn
|-crit|p1a: Ferrothorn
|-damage|p1a: Ferrothorn|63/100
|
|-end|p1a: Ferrothorn|move: Future Sight
|-resisted|p1a: Ferrothorn
|-damage|p1a: Ferrothorn|41/100
|-heal|p2a: Hydreigon|59/100|[from] item: Leftovers
|-heal|p1a: Ferrothorn|47/100|[from] item: Leftovers
|upkeep
|turn|7
|
|t:|1668029571
|switch|p2a: Ferrothorn|Ferrothorn, M|100/100
|-damage|p2a: Ferrothorn|95/100|[from] Stealth Rock
|move|p1a: Ferrothorn|Leech Seed|p2a: Ferrothorn
|-immune|p2a: Ferrothorn
|
|-heal|p2a: Ferrothorn|100/100|[from] item: Leftovers
|-heal|p1a: Ferrothorn|53/100|[from] item: Leftovers
|upkeep
|turn|8
|l| RazorForce21
|
|t:|1668029574
|move|p2a: Ferrothorn|Stealth Rock|p1a: Ferrothorn
|-sidestart|p1: BTLT200$ FILO|move: Stealth Rock
|move|p1a: Ferrothorn|Spikes|p2a: Ferrothorn
|-sidestart|p2: StreaMoustache|Spikes
|
|-heal|p1a: Ferrothorn|59/100|[from] item: Leftovers
|upkeep
|turn|9
|
|t:|1668029583
|move|p2a: Ferrothorn|Knock Off|p1a: Ferrothorn
|-damage|p1a: Ferrothorn|46/100
|-damage|p2a: Ferrothorn|88/100|[from] ability: Iron Barbs|[of] p1a: Ferrothorn
|-enditem|p1a: Ferrothorn|Leftovers|[from] move: Knock Off|[of] p2a: Ferrothorn
|move|p1a: Ferrothorn|Spikes|p2a: Ferrothorn
|-sidestart|p2: StreaMoustache|Spikes
|
|-heal|p2a: Ferrothorn|94/100|[from] item: Leftovers
|upkeep
|turn|10
|
|t:|1668029603
|switch|p2a: Tornadus|Tornadus-Therian, M|87/100
|move|p1a: Ferrothorn|Knock Off|p2a: Tornadus
|-damage|p2a: Tornadus|64/100
|-enditem|p2a: Tornadus|Heavy-Duty Boots|[from] move: Knock Off|[of] p1a: Ferrothorn
|
|upkeep
|turn|11
|j| tf
|
|t:|1668029612
|move|p2a: Tornadus|Defog|p1a: Ferrothorn
|-unboost|p1a: Ferrothorn|evasion|1
|-sideend|p1: BTLT200$ FILO|Stealth Rock|[from] move: Defog|[of] p2a: Tornadus
|-sideend|p2: StreaMoustache|Spikes|[from] move: Defog|[of] p2a: Tornadus
|-sideend|p2: StreaMoustache|Stealth Rock|[from] move: Defog|[of] p2a: Tornadus
|move|p1a: Ferrothorn|Leech Seed|p2a: Tornadus
|-start|p2a: Tornadus|move: Leech Seed
|
|-damage|p2a: Tornadus|51/100|[from] Leech Seed|[of] p1a: Ferrothorn
|-heal|p1a: Ferrothorn|59/100|[silent]
|upkeep
|turn|12
|inactive|BTLT200$ FILO has 120 seconds left.
|
|t:|1668029650
|switch|p2a: Urshifu|Urshifu-Rapid-Strike, F|100/100
|move|p1a: Ferrothorn|Spikes|p2a: Urshifu
|-sidestart|p2: StreaMoustache|Spikes
|
|upkeep
|turn|13
|inactive|BTLT200$ FILO has 120 seconds left.
|
|t:|1668029656
|switch|p1a: Clefable|Clefable, F|87/100
|move|p2a: Urshifu|U-turn|p1a: Clefable
|-resisted|p1a: Clefable
|-damage|p1a: Clefable|78/100
|
|t:|1668029659
|switch|p2a: Slowking|Slowking-Galar, F|100/100|[from]move: U-turn
|-damage|p2a: Slowking|88/100|[from] Spikes
|
|upkeep
|turn|14
|
|t:|1668029669
|move|p1a: Clefable|Stealth Rock|p2a: Slowking
|-sidestart|p2: StreaMoustache|move: Stealth Rock
|move|p2a: Slowking|Future Sight|p1a: Clefable
|-start|p2a: Slowking|move: Future Sight
|
|upkeep
|turn|15
|
|t:|1668029677
|switch|p1a: Landorus|Landorus-Therian, M|100/100
|-ability|p1a: Landorus|Intimidate|boost
|-unboost|p2a: Slowking|atk|1
|move|p2a: Slowking|Flamethrower|p1a: Landorus
|-damage|p1a: Landorus|77/100
|
|-heal|p1a: Landorus|83/100|[from] item: Leftovers
|upkeep
|turn|16
|
|t:|1668029696
|move|p1a: Landorus|U-turn|p2a: Slowking
|-damage|p2a: Slowking|62/100
|
|t:|1668029716
|switch|p1a: Ferrothorn|Ferrothorn, M|59/100|[from]move: U-turn
|move|p2a: Slowking|Scald|p1a: Ferrothorn
|-resisted|p1a: Ferrothorn
|-damage|p1a: Ferrothorn|49/100
|-status|p1a: Ferrothorn|brn
|
|-end|p1a: Ferrothorn|move: Future Sight
|-resisted|p1a: Ferrothorn
|-damage|p1a: Ferrothorn|28/100 brn
|-damage|p1a: Ferrothorn|22/100 brn|[from] brn
|upkeep
|turn|17
|
|t:|1668029735
|switch|p1a: Tapu Koko|Tapu Koko|100/100
|-fieldstart|move: Electric Terrain|[from] ability: Electric Surge|[of] p1a: Tapu Koko
|move|p2a: Slowking|Flamethrower|p1a: Tapu Koko
|-damage|p1a: Tapu Koko|55/100
|-status|p1a: Tapu Koko|brn
|
|-damage|p1a: Tapu Koko|49/100 brn|[from] brn
|upkeep
|turn|18
|
|t:|1668029751
|switch|p1a: Ferrothorn|Ferrothorn, M|22/100 brn
|move|p2a: Slowking|Flamethrower|p1a: Ferrothorn
|-supereffective|p1a: Ferrothorn
|-damage|p1a: Ferrothorn|0 fnt
|faint|p1a: Ferrothorn
|
|upkeep
|inactive|BTLT200$ FILO has 120 seconds left.
|
|t:|1668029774
|switch|p1a: Landorus|Landorus-Therian, M|83/100
|-ability|p1a: Landorus|Intimidate|boost
|-unboost|p2a: Slowking|atk|1
|turn|19
|
|t:|1668029782
|switch|p2a: Tornadus|Tornadus-Therian, M|85/100
|-damage|p2a: Tornadus|60/100|[from] Stealth Rock
|move|p1a: Landorus|Earthquake|p2a: Tornadus
|-immune|p2a: Tornadus
|
|-heal|p1a: Landorus|89/100|[from] item: Leftovers
|upkeep
|turn|20
|
|t:|1668029796
|move|p2a: Tornadus|Defog|p1a: Landorus
|-unboost|p1a: Landorus|evasion|1
|-sideend|p2: StreaMoustache|Spikes|[from] move: Defog|[of] p2a: Tornadus
|-sideend|p2: StreaMoustache|Stealth Rock|[from] move: Defog|[of] p2a: Tornadus
|-fieldend|move: Electric Terrain
|move|p1a: Landorus|Stone Edge|p2a: Tornadus
|-supereffective|p2a: Tornadus
|-damage|p2a: Tornadus|0 fnt
|faint|p2a: Tornadus
|
|-heal|p1a: Landorus|96/100|[from] item: Leftovers
|upkeep
|
|t:|1668029801
|switch|p2a: Urshifu|Urshifu-Rapid-Strike, F|100/100
|turn|21
|inactive|StreaMoustache has 120 seconds left.
|
|t:|1668029843
|switch|p1a: Dragonite|Dragonite, M|100/100
|move|p2a: Urshifu|Surging Strikes|p1a: Dragonite
|-resisted|p1a: Dragonite
|-crit|p1a: Dragonite
|-damage|p1a: Dragonite|96/100
|-resisted|p1a: Dragonite
|-crit|p1a: Dragonite
|-damage|p1a: Dragonite|87/100
|-resisted|p1a: Dragonite
|-crit|p1a: Dragonite
|-damage|p1a: Dragonite|78/100
|-hitcount|p1a: Dragonite|3
|
|upkeep
|turn|22
|
|t:|1668029853
|move|p2a: Urshifu|Ice Punch|p1a: Dragonite
|-supereffective|p1a: Dragonite
|-damage|p1a: Dragonite|0 fnt
|faint|p1a: Dragonite
|
|upkeep
|
|t:|1668029855
|switch|p1a: Tapu Koko|Tapu Koko|49/100 brn
|-fieldstart|move: Electric Terrain|[from] ability: Electric Surge|[of] p1a: Tapu Koko
|turn|23
|
|t:|1668029867
|switch|p1a: Slowking|Slowking-Galar, M|100/100
|switch|p2a: Ferrothorn|Ferrothorn, M|94/100
|
|-heal|p2a: Ferrothorn|99/100|[from] item: Leftovers
|upkeep
|turn|24
|
|t:|1668029871
|switch|p2a: Hydreigon|Hydreigon, F|59/100
|move|p1a: Slowking|Trick|p2a: Hydreigon
|-activate|p1a: Slowking|move: Trick|[of] p2a: Hydreigon
|-item|p2a: Hydreigon|Black Sludge|[from] move: Trick
|-item|p1a: Slowking|Leftovers|[from] move: Trick
|
|-damage|p2a: Hydreigon|46/100|[from] item: Black Sludge
|upkeep
|turn|25
|inactive|BTLT200$ FILO has 120 seconds left.
|
|t:|1668029905
|switch|p1a: Clefable|Clefable, F|78/100
|move|p2a: Hydreigon|Roost|p2a: Hydreigon
|-heal|p2a: Hydreigon|96/100
|-singleturn|p2a: Hydreigon|move: Roost
|
|-damage|p2a: Hydreigon|84/100|[from] item: Black Sludge
|upkeep
|turn|26
|inactive|BTLT200$ FILO has 120 seconds left.
|
|t:|1668029918
|switch|p2a: Ferrothorn|Ferrothorn, M|99/100
|move|p1a: Clefable|Stealth Rock|p2a: Ferrothorn
|-sidestart|p2: StreaMoustache|move: Stealth Rock
|
|-heal|p2a: Ferrothorn|100/100|[from] item: Leftovers
|upkeep
|turn|27
|
|t:|1668029925
|move|p1a: Clefable|Flamethrower|p2a: Ferrothorn
|-supereffective|p2a: Ferrothorn
|-damage|p2a: Ferrothorn|31/100
|-status|p2a: Ferrothorn|brn
|move|p2a: Ferrothorn|Stealth Rock|p1a: Clefable
|-sidestart|p1: BTLT200$ FILO|move: Stealth Rock
|
|-heal|p2a: Ferrothorn|37/100 brn|[from] item: Leftovers
|-damage|p2a: Ferrothorn|31/100 brn|[from] brn
|-fieldend|move: Electric Terrain
|upkeep
|turn|28
|
|t:|1668029942
|switch|p2a: Slowking|Slowking-Galar, F|96/100
|-damage|p2a: Slowking|83/100|[from] Stealth Rock
|move|p1a: Clefable|Flamethrower|p2a: Slowking
|-damage|p2a: Slowking|73/100
|
|upkeep
|turn|29
|
|t:|1668029947
|switch|p1a: Landorus|Landorus-Therian, M|96/100
|-damage|p1a: Landorus|83/100|[from] Stealth Rock
|-ability|p1a: Landorus|Intimidate|boost
|-unboost|p2a: Slowking|atk|1
|move|p2a: Slowking|Sludge Bomb|p1a: Landorus
|-resisted|p1a: Landorus
|-damage|p1a: Landorus|66/100
|
|-heal|p1a: Landorus|72/100|[from] item: Leftovers
|upkeep
|turn|30
|
|t:|1668029958
|switch|p2a: Ferrothorn|Ferrothorn, M|31/100 brn
|-damage|p2a: Ferrothorn|25/100 brn|[from] Stealth Rock
|move|p1a: Landorus|U-turn|p2a: Ferrothorn
|-damage|p2a: Ferrothorn|9/100 brn
|-damage|p1a: Landorus|60/100|[from] ability: Iron Barbs|[of] p2a: Ferrothorn
|
|t:|1668029964
|switch|p1a: Tapu Koko|Tapu Koko|49/100 brn|[from]move: U-turn
|-fieldstart|move: Electric Terrain|[from] ability: Electric Surge|[of] p1a: Tapu Koko
|
|-heal|p2a: Ferrothorn|15/100 brn|[from] item: Leftovers
|-damage|p1a: Tapu Koko|43/100 brn|[from] brn
|-damage|p2a: Ferrothorn|9/100 brn|[from] brn
|upkeep
|turn|31
|
|t:|1668029970
|move|p1a: Tapu Koko|Thunderbolt|p2a: Ferrothorn
|-resisted|p2a: Ferrothorn
|-damage|p2a: Ferrothorn|0 fnt
|faint|p2a: Ferrothorn
|
|-damage|p1a: Tapu Koko|37/100 brn|[from] brn
|upkeep
|
|t:|1668029982
|switch|p2a: Zeraora|Zeraora|100/100
|turn|32
|
|t:|1668029995
|move|p2a: Zeraora|Knock Off|p1a: Tapu Koko
|-resisted|p1a: Tapu Koko
|-damage|p1a: Tapu Koko|15/100 brn
|-enditem|p1a: Tapu Koko|Heavy-Duty Boots|[from] move: Knock Off|[of] p2a: Zeraora
|move|p1a: Tapu Koko|Roost|p1a: Tapu Koko
|-heal|p1a: Tapu Koko|65/100 brn
|-singleturn|p1a: Tapu Koko|move: Roost
|
|-damage|p1a: Tapu Koko|59/100 brn|[from] brn
|upkeep
|turn|33
|
|t:|1668030002
|switch|p1a: Landorus|Landorus-Therian, M|60/100
|-damage|p1a: Landorus|47/100|[from] Stealth Rock
|-ability|p1a: Landorus|Intimidate|boost
|-unboost|p2a: Zeraora|atk|1
|move|p2a: Zeraora|Knock Off|p1a: Landorus
|-damage|p1a: Landorus|28/100
|-enditem|p1a: Landorus|Leftovers|[from] move: Knock Off|[of] p2a: Zeraora
|
|upkeep
|turn|34
|
|t:|1668030021
|switch|p2a: Urshifu|Urshifu-Rapid-Strike, F|100/100
|-damage|p2a: Urshifu|94/100|[from] Stealth Rock
|move|p1a: Landorus|Explosion|p2a: Urshifu
|-damage|p2a: Urshifu|0 fnt
|faint|p1a: Landorus
|faint|p2a: Urshifu
|
|-fieldend|move: Electric Terrain
|upkeep
|
|t:|1668030031
|switch|p2a: Slowking|Slowking-Galar, F|100/100
|switch|p1a: Clefable|Clefable, F|78/100
|-damage|p2a: Slowking|88/100|[from] Stealth Rock
|turn|35
|
|t:|1668030049
|move|p1a: Clefable|Flamethrower|p2a: Slowking
|-damage|p2a: Slowking|78/100
|move|p2a: Slowking|Sludge Bomb|p1a: Clefable
|-supereffective|p1a: Clefable
|-damage|p1a: Clefable|0 fnt
|faint|p1a: Clefable
|
|upkeep
|
|t:|1668030052
|switch|p1a: Slowking|Slowking-Galar, M|100/100
|-damage|p1a: Slowking|88/100|[from] Stealth Rock
|turn|36
|
|t:|1668030057
|switch|p2a: Hydreigon|Hydreigon, F|84/100
|-damage|p2a: Hydreigon|72/100|[from] Stealth Rock
|move|p1a: Slowking|Nasty Plot|p1a: Slowking
|-boost|p1a: Slowking|spa|2
|
|-damage|p2a: Hydreigon|60/100|[from] item: Black Sludge
|-heal|p1a: Slowking|94/100|[from] item: Leftovers
|upkeep
|turn|37
|
|t:|1668030079
|move|p2a: Hydreigon|Dark Pulse|p1a: Slowking
|-supereffective|p1a: Slowking
|-damage|p1a: Slowking|28/100
|move|p1a: Slowking|Sludge Bomb|p2a: Hydreigon
|-damage|p2a: Hydreigon|0 fnt
|faint|p2a: Hydreigon
|
|-heal|p1a: Slowking|34/100|[from] item: Leftovers
|upkeep
|
|t:|1668030089
|switch|p2a: Zeraora|Zeraora|100/100
|turn|38
|
|t:|1668030097
|switch|p1a: Tapu Koko|Tapu Koko|59/100 brn
|-damage|p1a: Tapu Koko|47/100 brn|[from] Stealth Rock
|-fieldstart|move: Electric Terrain|[from] ability: Electric Surge|[of] p1a: Tapu Koko
|move|p2a: Zeraora|Plasma Fists|p1a: Tapu Koko
|-resisted|p1a: Tapu Koko
|-damage|p1a: Tapu Koko|6/100 brn
|-fieldactivate|move: Ion Deluge
|-hint|Normal-type moves become Electric-type after using Plasma Fists.
|
|-damage|p1a: Tapu Koko|0 fnt|[from] brn
|faint|p1a: Tapu Koko
|upkeep
|
|t:|1668030099
|switch|p1a: Slowking|Slowking-Galar, M|67/100
|-damage|p1a: Slowking|55/100|[from] Stealth Rock
|turn|39
|
|t:|1668030109
|move|p2a: Zeraora|Plasma Fists|p1a: Slowking
|-damage|p1a: Slowking|6/100
|-fieldactivate|move: Ion Deluge
|-hint|Normal-type moves become Electric-type after using Plasma Fists.
|move|p1a: Slowking|Sludge Bomb|p2a: Zeraora
|-damage|p2a: Zeraora|59/100
|
|-heal|p1a: Slowking|12/100|[from] item: Leftovers
|upkeep
|turn|40
|
|t:|1668030116
|move|p2a: Zeraora|Plasma Fists|p1a: Slowking
|-damage|p1a: Slowking|0 fnt
|-fieldactivate|move: Ion Deluge
|-hint|Normal-type moves become Electric-type after using Plasma Fists.
|faint|p1a: Slowking
|
|win|StreaMoustache
|raw|BTLT200$ FILO's rating: 1598 &rarr; <strong>1574</strong><br />(-24 for losing)
|raw|StreaMoustache's rating: 1533 &rarr; <strong>1557</strong><br />(+24 for winning)
|c|☆StreaMoustache|gg
||Ladder isn't responding, score probably updated but might not have (Request timeout).
