|j|☆Alkagen101
|j|☆j_albacino023
|t:|1656257697
|gametype|singles
|player|p1|Alkagen101|170|1603
|player|p2|j_albacino023|169|1739
|teamsize|p1|6
|teamsize|p2|6
|gen|8
|tier|[Gen 8] OU
|rated|
|rule|Sleep Clause Mod: Limit one foe put to sleep
|rule|Species Clause: Limit one of each Pokémon
|rule|OHKO Clause: OHKO moves are banned
|rule|Evasion Moves Clause: Evasion moves are banned
|rule|Endless Battle Clause: Forcing endless battles is banned
|rule|HP Percentage Mod: HP is shown in percentages
|rule|Dynamax Clause: You cannot dynamax
|clearpoke
|poke|p1|Excadrill, F|
|poke|p1|Tapu Lele|
|poke|p1|Tyranitar, F|
|poke|p1|Slowking, F|
|poke|p1|Tornadus-Therian, M|
|poke|p1|Buzzwole|
|poke|p2|Tapu Koko|
|poke|p2|Landorus-Therian, M|
|poke|p2|Dragonite, F|
|poke|p2|Ferrothorn, F|
|poke|p2|Clefable, F|
|poke|p2|Urshifu-*, M|
|teampreview
|inactive|Battle timer is ON: inactive players will automatically lose when time's up. (requested by Alkagen101)
|j| ccrespo85
|
|t:|1656257739
|start
|switch|p1a: Tornadus|Tornadus-Therian, M, shiny|100/100
|switch|p2a: Tapu Koko|Tapu Koko|100/100
|-fieldstart|move: Electric Terrain|[from] ability: Electric Surge|[of] p2a: Tapu Koko
|turn|1
|
|t:|1656257747
|move|p2a: Tapu Koko|Volt Switch|p1a: Tornadus
|-supereffective|p1a: Tornadus
|-damage|p1a: Tornadus|27/100
|
|t:|1656257760
|switch|p2a: Ferrothorn|Ferrothorn, F|100/100|[from]move: Volt Switch
|move|p1a: Tornadus|Knock Off|p2a: Ferrothorn
|-damage|p2a: Ferrothorn|88/100
|-damage|p1a: Tornadus|15/100|[from] ability: Iron Barbs|[of] p2a: Ferrothorn
|-enditem|p2a: Ferrothorn|Leftovers|[from] move: Knock Off|[of] p1a: Tornadus
|
|upkeep
|turn|2
|j| Celtis
|
|t:|1656257767
|move|p1a: Tornadus|Heat Wave|p2a: Ferrothorn
|-supereffective|p2a: Ferrothorn
|-damage|p2a: Ferrothorn|13/100
|move|p2a: Ferrothorn|Spikes|p1a: Tornadus
|-sidestart|p1: Alkagen101|Spikes
|
|upkeep
|turn|3
|
|t:|1656257773
|move|p1a: Tornadus|Defog|p2a: Ferrothorn
|-unboost|p2a: Ferrothorn|evasion|1
|-sideend|p1: Alkagen101|Spikes|[from] move: Defog|[of] p1a: Tornadus
|-fieldend|move: Electric Terrain
|move|p2a: Ferrothorn|Leech Seed|p1a: Tornadus
|-start|p1a: Tornadus|move: Leech Seed
|
|-damage|p1a: Tornadus|2/100|[from] Leech Seed|[of] p2a: Ferrothorn
|-heal|p2a: Ferrothorn|26/100|[silent]
|upkeep
|turn|4
|
|t:|1656257779
|switch|p1a: Excadrill|Excadrill, F, shiny|100/100
|move|p2a: Ferrothorn|Spikes|p1a: Excadrill
|-sidestart|p1: Alkagen101|Spikes
|
|upkeep
|turn|5
|
|t:|1656257784
|switch|p2a: Landorus|Landorus-Therian, M|100/100
|-ability|p2a: Landorus|Intimidate|boost
|-unboost|p1a: Excadrill|atk|1
|move|p1a: Excadrill|Rapid Spin|p2a: Landorus
|-damage|p2a: Landorus|87/100
|-boost|p1a: Excadrill|spe|1
|-sideend|p1: Alkagen101|Spikes|[from] move: Rapid Spin|[of] p1a: Excadrill
|
|-heal|p2a: Landorus|93/100|[from] item: Leftovers
|upkeep
|turn|6
|
|t:|1656257790
|switch|p1a: Buzzwole|Buzzwole, shiny|100/100
|move|p2a: Landorus|Knock Off|p1a: Buzzwole
|-resisted|p1a: Buzzwole
|-damage|p1a: Buzzwole|94/100
|-damage|p2a: Landorus|76/100|[from] item: Rocky Helmet|[of] p1a: Buzzwole
|-enditem|p1a: Buzzwole|Rocky Helmet|[from] move: Knock Off|[of] p2a: Landorus
|
|-heal|p2a: Landorus|83/100|[from] item: Leftovers
|upkeep
|turn|7
|
|t:|1656257795
|move|p2a: Landorus|U-turn|p1a: Buzzwole
|-resisted|p1a: Buzzwole
|-damage|p1a: Buzzwole|89/100
|
|t:|1656257797
|switch|p2a: Clefable|Clefable, F|100/100|[from]move: U-turn
|move|p1a: Buzzwole|Ice Punch|p2a: Clefable
|-damage|p2a: Clefable|83/100
|
|-heal|p2a: Clefable|89/100|[from] item: Leftovers
|upkeep
|turn|8
|
|t:|1656257801
|switch|p1a: Slowking|Slowking, F, shiny|100/100
|switch|p2a: Landorus|Landorus-Therian, M|83/100
|-ability|p2a: Landorus|Intimidate|boost
|-unboost|p1a: Slowking|atk|1
|
|-heal|p2a: Landorus|89/100|[from] item: Leftovers
|upkeep
|turn|9
|
|t:|1656257805
|move|p2a: Landorus|Stealth Rock|p1a: Slowking
|-sidestart|p1: Alkagen101|move: Stealth Rock
|move|p1a: Slowking|Scald|p2a: Landorus
|-supereffective|p2a: Landorus
|-damage|p2a: Landorus|37/100
|
|-heal|p2a: Landorus|44/100|[from] item: Leftovers
|upkeep
|turn|10
|
|t:|1656257808
|move|p2a: Landorus|U-turn|p1a: Slowking
|-supereffective|p1a: Slowking
|-damage|p1a: Slowking|58/100
|
|t:|1656257813
|switch|p2a: Urshifu|Urshifu-Rapid-Strike, M|100/100|[from]move: U-turn
|move|p1a: Slowking|Teleport|p1a: Slowking
|
|t:|1656257820
|switch|p1a: Buzzwole|Buzzwole, shiny|89/100|[from]move: Teleport
|-damage|p1a: Buzzwole|76/100|[from] Stealth Rock
|
|upkeep
|turn|11
|
|t:|1656257824
|move|p2a: Urshifu|Surging Strikes|p1a: Buzzwole
|-crit|p1a: Buzzwole
|-damage|p1a: Buzzwole|67/100
|-crit|p1a: Buzzwole
|-damage|p1a: Buzzwole|56/100
|-crit|p1a: Buzzwole
|-damage|p1a: Buzzwole|47/100
|-hitcount|p1a: Buzzwole|3
|move|p1a: Buzzwole|Roost|p1a: Buzzwole
|-heal|p1a: Buzzwole|97/100
|-singleturn|p1a: Buzzwole|move: Roost
|
|upkeep
|turn|12
|
|t:|1656257830
|switch|p1a: Excadrill|Excadrill, F, shiny|100/100
|-damage|p1a: Excadrill|97/100|[from] Stealth Rock
|move|p2a: Urshifu|U-turn|p1a: Excadrill
|-resisted|p1a: Excadrill
|-damage|p1a: Excadrill|81/100
|
|t:|1656257835
|switch|p2a: Landorus|Landorus-Therian, M|44/100|[from]move: U-turn
|-ability|p2a: Landorus|Intimidate|boost
|-unboost|p1a: Excadrill|atk|1
|
|-heal|p1a: Excadrill|87/100|[from] item: Leftovers
|-heal|p2a: Landorus|50/100|[from] item: Leftovers
|upkeep
|turn|13
|
|t:|1656257839
|switch|p1a: Tornadus|Tornadus-Therian, M, shiny|35/100
|move|p2a: Landorus|U-turn|p1a: Tornadus
|-resisted|p1a: Tornadus
|-damage|p1a: Tornadus|23/100
|
|t:|1656257842
|switch|p2a: Tapu Koko|Tapu Koko|100/100|[from]move: U-turn
|-fieldstart|move: Electric Terrain|[from] ability: Electric Surge|[of] p2a: Tapu Koko
|
|upkeep
|turn|14
|
|t:|1656257845
|switch|p1a: Excadrill|Excadrill, F, shiny|87/100
|-damage|p1a: Excadrill|84/100|[from] Stealth Rock
|move|p2a: Tapu Koko|Nature's Madness|p1a: Excadrill
|-damage|p1a: Excadrill|43/100
|
|-heal|p1a: Excadrill|49/100|[from] item: Leftovers
|upkeep
|turn|15
|
|t:|1656257849
|switch|p2a: Ferrothorn|Ferrothorn, F|26/100
|move|p1a: Excadrill|Rapid Spin|p2a: Ferrothorn
|-resisted|p2a: Ferrothorn
|-damage|p2a: Ferrothorn|21/100
|-boost|p1a: Excadrill|spe|1
|-damage|p1a: Excadrill|36/100|[from] ability: Iron Barbs|[of] p2a: Ferrothorn
|-sideend|p1: Alkagen101|Stealth Rock|[from] move: Rapid Spin|[of] p1a: Excadrill
|
|-heal|p1a: Excadrill|42/100|[from] item: Leftovers
|upkeep
|turn|16
|
|t:|1656257853
|switch|p2a: Landorus|Landorus-Therian, M|50/100
|-ability|p2a: Landorus|Intimidate|boost
|-unboost|p1a: Excadrill|atk|1
|move|p1a: Excadrill|Swords Dance|p1a: Excadrill
|-boost|p1a: Excadrill|atk|2
|
|-heal|p1a: Excadrill|48/100|[from] item: Leftovers
|-heal|p2a: Landorus|56/100|[from] item: Leftovers
|upkeep
|turn|17
|
|t:|1656257858
|move|p1a: Excadrill|Iron Head|p2a: Landorus
|-damage|p2a: Landorus|0 fnt
|faint|p2a: Landorus
|
|-heal|p1a: Excadrill|55/100|[from] item: Leftovers
|-fieldend|move: Electric Terrain
|upkeep
|
|t:|1656257861
|switch|p2a: Urshifu|Urshifu-Rapid-Strike, M|100/100
|turn|18
|
|t:|1656257864
|switch|p1a: Slowking|Slowking, F, shiny|92/100
|move|p2a: Urshifu|Surging Strikes|p1a: Slowking
|-resisted|p1a: Slowking
|-crit|p1a: Slowking
|-damage|p1a: Slowking|81/100
|-resisted|p1a: Slowking
|-crit|p1a: Slowking
|-damage|p1a: Slowking|71/100
|-resisted|p1a: Slowking
|-crit|p1a: Slowking
|-damage|p1a: Slowking|61/100
|-hitcount|p1a: Slowking|3
|
|upkeep
|turn|19
|
|t:|1656257871
|move|p2a: Urshifu|U-turn|p1a: Slowking
|-supereffective|p1a: Slowking
|-damage|p1a: Slowking|9/100
|
|t:|1656257874
|switch|p2a: Ferrothorn|Ferrothorn, F|21/100|[from]move: U-turn
|move|p1a: Slowking|Teleport|p1a: Slowking
|
|t:|1656257878
|switch|p1a: Tapu Lele|Tapu Lele, shiny|100/100|[from]move: Teleport
|-fieldstart|move: Psychic Terrain|[from] ability: Psychic Surge|[of] p1a: Tapu Lele
|
|upkeep
|turn|20
|
|t:|1656257881
|move|p1a: Tapu Lele|Moonblast|p2a: Ferrothorn
|-resisted|p2a: Ferrothorn
|-damage|p2a: Ferrothorn|0 fnt
|faint|p2a: Ferrothorn
|
|upkeep
|
|t:|1656257884
|switch|p2a: Tapu Koko|Tapu Koko|100/100
|-fieldstart|move: Electric Terrain|[from] ability: Electric Surge|[of] p2a: Tapu Koko
|turn|21
|
|t:|1656257888
|switch|p1a: Tyranitar|Tyranitar, F, shiny|100/100
|-weather|Sandstorm|[from] ability: Sand Stream|[of] p1a: Tyranitar
|move|p2a: Tapu Koko|Dazzling Gleam|p1a: Tyranitar
|-supereffective|p1a: Tyranitar
|-damage|p1a: Tyranitar|74/100
|
|-weather|Sandstorm|[upkeep]
|-damage|p2a: Tapu Koko|94/100|[from] Sandstorm
|-heal|p1a: Tyranitar|80/100|[from] item: Leftovers
|upkeep
|turn|22
|
|t:|1656257897
|move|p2a: Tapu Koko|Volt Switch|p1a: Tyranitar
|-damage|p1a: Tyranitar|65/100
|
|t:|1656257899
|switch|p2a: Urshifu|Urshifu-Rapid-Strike, M|100/100|[from]move: Volt Switch
|move|p1a: Tyranitar|Earthquake|p2a: Urshifu
|-damage|p2a: Urshifu|69/100
|
|-weather|Sandstorm|[upkeep]
|-damage|p2a: Urshifu|63/100|[from] Sandstorm
|-heal|p1a: Tyranitar|71/100|[from] item: Leftovers
|upkeep
|turn|23
|
|t:|1656257903
|switch|p1a: Buzzwole|Buzzwole, shiny|97/100
|move|p2a: Urshifu|Surging Strikes|p1a: Buzzwole
|-crit|p1a: Buzzwole
|-damage|p1a: Buzzwole|87/100
|-crit|p1a: Buzzwole
|-damage|p1a: Buzzwole|77/100
|-crit|p1a: Buzzwole
|-damage|p1a: Buzzwole|68/100
|-hitcount|p1a: Buzzwole|3
|
|-weather|Sandstorm|[upkeep]
|-damage|p2a: Urshifu|57/100|[from] Sandstorm
|-damage|p1a: Buzzwole|62/100|[from] Sandstorm
|upkeep
|turn|24
|
|t:|1656257907
|move|p2a: Urshifu|Taunt|p1a: Buzzwole
|-start|p1a: Buzzwole|move: Taunt
|cant|p1a: Buzzwole|move: Taunt|Roost
|
|-weather|Sandstorm|[upkeep]
|-damage|p2a: Urshifu|50/100|[from] Sandstorm
|-damage|p1a: Buzzwole|55/100|[from] Sandstorm
|upkeep
|turn|25
|
|t:|1656257909
|move|p2a: Urshifu|Surging Strikes|p1a: Buzzwole
|-crit|p1a: Buzzwole
|-damage|p1a: Buzzwole|46/100
|-crit|p1a: Buzzwole
|-damage|p1a: Buzzwole|38/100
|-crit|p1a: Buzzwole
|-damage|p1a: Buzzwole|27/100
|-hitcount|p1a: Buzzwole|3
|move|p1a: Buzzwole|Close Combat|p2a: Urshifu
|-damage|p2a: Urshifu|0 fnt
|-unboost|p1a: Buzzwole|def|1
|-unboost|p1a: Buzzwole|spd|1
|faint|p2a: Urshifu
|-ability|p1a: Buzzwole|Beast Boost|boost
|-boost|p1a: Buzzwole|def|1
|
|-weather|none
|-fieldend|move: Electric Terrain
|upkeep
|-message|j_albacino023 forfeited.
|
|win|Alkagen101
|raw|Alkagen101's rating: 1603 &rarr; <strong>1630</strong><br />(+27 for winning)
|raw|j_albacino023's rating: 1739 &rarr; <strong>1712</strong><br />(-27 for losing)
|l|☆j_albacino023
|l| ccrespo85
||Ladder isn't responding, score probably updated but might not have (Request timeout).
