|raw|<div class="broadcast-blue"><strong>This battle is required to be public due to a player having a name starting with 'lt93oq'.</div>
|j|☆lt93oq mind
|j|☆Plasmeek
|t:|1660944918
|gametype|singles
|player|p1|lt93oq mind|hilbert|1942
|player|p2|Plasmeek|youngster-gen4dp|1861
|teamsize|p1|6
|teamsize|p2|6
|gen|8
|tier|[Gen 8] OU
|rated|
|rule|Sleep Clause Mod: Limit one foe put to sleep
|rule|Species Clause: Limit one of each Pokémon
|rule|OHKO Clause: OHKO moves are banned
|rule|Evasion Items Clause: Evasion items are banned
|rule|Evasion Moves Clause: Evasion moves are banned
|rule|Endless Battle Clause: Forcing endless battles is banned
|rule|HP Percentage Mod: HP is shown in percentages
|rule|Dynamax Clause: You cannot dynamax
|clearpoke
|poke|p1|Slowbro, F|
|poke|p1|Heatran, M|
|poke|p1|Tornadus-Therian, M|
|poke|p1|Landorus-Therian, M|
|poke|p1|Tapu Lele|
|poke|p1|Urshifu-*, M|
|poke|p2|Landorus-Therian, M|
|poke|p2|Kartana|
|poke|p2|Heatran, F|
|poke|p2|Tapu Koko|
|poke|p2|Clefable, M|
|poke|p2|Slowking, M|
|teampreview
|j| BluBirD
|j| Plrsnop
|j| Lunala
|l| BluBirD
|j| LT93OQ SERPI
|j| pls send team
|j| fatass cat
|
|t:|1660944959
|start
|switch|p1a: Landorus|Landorus-Therian, M|100/100
|switch|p2a: Tapu Koko|Tapu Koko|100/100
|-fieldstart|move: Electric Terrain|[from] ability: Electric Surge|[of] p2a: Tapu Koko
|-ability|p1a: Landorus|Intimidate|boost
|-unboost|p2a: Tapu Koko|atk|1
|turn|1
|j| biased pog
|
|t:|1660944968
|switch|p2a: Landorus|Landorus-Therian, M|100/100
|-ability|p2a: Landorus|Intimidate|boost
|-unboost|p1a: Landorus|atk|1
|move|p1a: Landorus|Swords Dance|p1a: Landorus
|-boost|p1a: Landorus|atk|2
|
|upkeep
|turn|2
|j| isabela000◥▶_◀◤
|j| Lunarr
|
|t:|1660944983
|move|p1a: Landorus|Substitute|p1a: Landorus
|-start|p1a: Landorus|Substitute
|-damage|p1a: Landorus|76/100
|move|p2a: Landorus|U-turn|p1a: Landorus
|-resisted|p1a: Landorus
|-activate|p1a: Landorus|move: Substitute|[damage]
|
|t:|1660944991
|switch|p2a: Karchana|Kartana|100/100|[from]move: U-turn
|
|-heal|p1a: Landorus|82/100|[from] item: Leftovers
|upkeep
|turn|3
|
|t:|1660944997
|move|p2a: Karchana|Leaf Blade|p1a: Landorus
|-end|p1a: Landorus|Substitute
|move|p1a: Landorus|Earthquake|p2a: Karchana
|-damage|p2a: Karchana|1/100
|
|-heal|p1a: Landorus|88/100|[from] item: Leftovers
|upkeep
|turn|4
|j| Riquelme14⌐◼_◼
|j| dhehehdh
|
|t:|1660945005
|switch|p1a: Slowbro|Slowbro, F|100/100
|move|p2a: Karchana|Knock Off|p1a: Slowbro
|-supereffective|p1a: Slowbro
|-damage|p1a: Slowbro|47/100
|-damage|p2a: Karchana|0 fnt|[from] item: Rocky Helmet|[of] p1a: Slowbro
|faint|p2a: Karchana
|
|upkeep
|j| wertsd26
|
|t:|1660945023
|switch|p2a: Clefable|Clefable, M|100/100
|turn|5
|
|t:|1660945028
|move|p2a: Clefable|Calm Mind|p2a: Clefable
|-boost|p2a: Clefable|spa|1
|-boost|p2a: Clefable|spd|1
|move|p1a: Slowbro|Teleport|p1a: Slowbro
|
|t:|1660945032
|switch|p1a: Tapu Lele|Tapu Lele|100/100|[from]move: Teleport
|-fieldstart|move: Psychic Terrain|[from] ability: Psychic Surge|[of] p1a: Tapu Lele
|
|upkeep
|turn|6
|
|t:|1660945036
|switch|p2a: Heatran|Heatran, F|100/100
|move|p1a: Tapu Lele|Psyshock|p2a: Heatran
|-resisted|p2a: Heatran
|-damage|p2a: Heatran|63/100
|
|-heal|p2a: Heatran|69/100|[from] item: Leftovers
|upkeep
|turn|7
|j| LT93OQ Nick
|
|t:|1660945045
|switch|p1a: Tornadus|Tornadus-Therian, M|100/100
|move|p2a: Heatran|Magma Storm|p1a: Tornadus
|-damage|p1a: Tornadus|59/100
|-activate|p1a: Tornadus|move: Magma Storm|[of] p2a: Heatran
|
|-heal|p2a: Heatran|76/100|[from] item: Leftovers
|-damage|p1a: Tornadus|46/100|[from] move: Magma Storm|[partiallytrapped]
|upkeep
|turn|8
|l| Plrsnop
|
|t:|1660945053
|move|p1a: Tornadus|Knock Off|p2a: Heatran
|-damage|p2a: Heatran|58/100
|-status|p1a: Tornadus|brn|[from] ability: Flame Body|[of] p2a: Heatran
|-enditem|p2a: Heatran|Leftovers|[from] move: Knock Off|[of] p1a: Tornadus
|move|p2a: Heatran|Magma Storm|p1a: Tornadus
|-damage|p1a: Tornadus|7/100 brn
|
|-damage|p1a: Tornadus|1/100 brn|[from] brn
|-damage|p1a: Tornadus|0 fnt|[from] move: Magma Storm|[partiallytrapped]
|faint|p1a: Tornadus
|upkeep
|
|t:|1660945059
|switch|p1a: Landorus|Landorus-Therian, M|88/100
|-ability|p1a: Landorus|Intimidate|boost
|-unboost|p2a: Heatran|atk|1
|turn|9
|j| Astreau
|j|+QWILY
|
|t:|1660945064
|move|p1a: Landorus|Substitute|p1a: Landorus
|-start|p1a: Landorus|Substitute
|-damage|p1a: Landorus|63/100
|move|p2a: Heatran|Magma Storm|p1a: Landorus|[miss]
|-miss|p2a: Heatran|p1a: Landorus
|
|-heal|p1a: Landorus|69/100|[from] item: Leftovers
|-fieldend|move: Psychic Terrain
|upkeep
|turn|10
|j| soolking
|j| LT93OQ Ahsan
|
|t:|1660945070
|move|p1a: Landorus|Swords Dance|p1a: Landorus
|-boost|p1a: Landorus|atk|2
|move|p2a: Heatran|Magma Storm|p1a: Landorus
|-end|p1a: Landorus|Substitute
|
|-heal|p1a: Landorus|75/100|[from] item: Leftovers
|upkeep
|turn|11
|
|t:|1660945073
|move|p1a: Landorus|Earthquake|p2a: Heatran
|-supereffective|p2a: Heatran
|-damage|p2a: Heatran|0 fnt
|faint|p2a: Heatran
|
|-heal|p1a: Landorus|81/100|[from] item: Leftovers
|upkeep
|
|t:|1660945078
|switch|p2a: Slowking|Slowking, M|100/100
|turn|12
|
|t:|1660945082
|move|p1a: Landorus|Knock Off|p2a: Slowking
|-supereffective|p2a: Slowking
|-damage|p2a: Slowking|0 fnt
|-enditem|p2a: Slowking|Heavy-Duty Boots|[from] move: Knock Off|[of] p1a: Landorus
|faint|p2a: Slowking
|
|-heal|p1a: Landorus|87/100|[from] item: Leftovers
|upkeep
|
|t:|1660945086
|switch|p2a: Clefable|Clefable, M|100/100
|turn|13
|
|t:|1660945088
|move|p1a: Landorus|Earthquake|p2a: Clefable
|-damage|p2a: Clefable|0 fnt
|faint|p2a: Clefable
|
|-heal|p1a: Landorus|93/100|[from] item: Leftovers
|upkeep
|c|☆Plasmeek|gg
|-message|Plasmeek forfeited.
|
|win|lt93oq mind
|raw|lt93oq mind's rating: 1942 &rarr; <strong>1957</strong><br />(+15 for winning)
|raw|Plasmeek's rating: 1861 &rarr; <strong>1846</strong><br />(-15 for losing)
|l|☆Plasmeek
|l| Lunala
|l| Riquelme14⌐◼_◼
|l| dhehehdh
|l| LT93OQ Nick
|l| wertsd26
|l| fatass cat
|l| biased pog
|l|☆lt93oq mind
|j| Plrsnop
|l| Plrsnop
||Ladder isn't responding, score probably updated but might not have (Request timeout).
|l| isabela000◥▶_◀◤
|l| Lunarr
|l| Astreau
|l|+QWILY
|j| LT93OQ Raptor
