|j|☆YJ963
|j|☆chansey and lulu
|t:|1663829804
|gametype|singles
|player|p1|YJ963|101|
|player|p2|chansey and lulu|265|
|teamsize|p1|6
|teamsize|p2|6
|gen|8
|tier|[Gen 8] OU
|rule|Sleep Clause Mod: Limit one foe put to sleep
|rule|Species Clause: Limit one of each Pokémon
|rule|OHKO Clause: OHKO moves are banned
|rule|Evasion Items Clause: Evasion items are banned
|rule|Evasion Moves Clause: Evasion moves are banned
|rule|Endless Battle Clause: Forcing endless battles is banned
|rule|HP Percentage Mod: HP is shown in percentages
|rule|Dynamax Clause: You cannot dynamax
|clearpoke
|poke|p1|Excadrill, F|
|poke|p1|Garchomp, M|
|poke|p1|Kartana|
|poke|p1|Toxapex, M|
|poke|p1|Tyranitar, F|
|poke|p1|Zapdos|
|poke|p2|Tapu Lele|
|poke|p2|Blacephalon|
|poke|p2|Tyranitar, M|
|poke|p2|Landorus-Therian, M|
|poke|p2|Corviknight, F|
|poke|p2|Toxapex, F|
|teampreview
|
|t:|1663829819
|start
|switch|p1a: Toxapex|Toxapex, M|100/100
|switch|p2a: Corviknight|Corviknight, F|100/100
|-ability|p2a: Corviknight|Pressure
|turn|1
|
|t:|1663829833
|switch|p2a: Toxapex|Toxapex, F|100/100
|move|p1a: Toxapex|Knock Off|p2a: Toxapex
|-damage|p2a: Toxapex|92/100
|-enditem|p2a: Toxapex|Eject Button|[from] move: Knock Off|[of] p1a: Toxapex
|
|upkeep
|turn|2
|
|t:|1663829853
|switch|p1a: Tyranitar|Tyranitar, F|100/100
|-weather|Sandstorm|[from] ability: Sand Stream|[of] p1a: Tyranitar
|move|p2a: Toxapex|Knock Off|p1a: Tyranitar
|-resisted|p1a: Tyranitar
|-damage|p1a: Tyranitar|95/100
|-enditem|p1a: Tyranitar|Leftovers|[from] move: Knock Off|[of] p2a: Toxapex
|
|-weather|Sandstorm|[upkeep]
|-damage|p2a: Toxapex|86/100|[from] Sandstorm
|upkeep
|turn|3
|
|t:|1663829869
|switch|p2a: Corviknight|Corviknight, F|100/100
|-ability|p2a: Corviknight|Pressure
|move|p1a: Tyranitar|Stealth Rock|p2a: Corviknight
|-sidestart|p2: chansey and lulu|move: Stealth Rock
|
|-weather|Sandstorm|[upkeep]
|upkeep
|turn|4
|
|t:|1663829879
|switch|p1a: Zapdos|Zapdos|100/100
|-ability|p1a: Zapdos|Pressure
|move|p2a: Corviknight|Defog|p1a: Zapdos
|-unboost|p1a: Zapdos|evasion|1
|-sideend|p2: chansey and lulu|Stealth Rock|[from] move: Defog|[of] p2a: Corviknight
|
|-weather|Sandstorm|[upkeep]
|-damage|p1a: Zapdos|94/100|[from] Sandstorm
|upkeep
|turn|5
|
|t:|1663829892
|switch|p2a: Tyranitar|Tyranitar, M|100/100
|move|p1a: Zapdos|Substitute|p1a: Zapdos
|-start|p1a: Zapdos|Substitute
|-damage|p1a: Zapdos|69/100
|
|-weather|Sandstorm|[upkeep]
|-damage|p1a: Zapdos|63/100|[from] Sandstorm
|upkeep
|turn|6
|
|t:|1663829904
|move|p1a: Zapdos|Discharge|p2a: Tyranitar
|-damage|p2a: Tyranitar|74/100
|-status|p2a: Tyranitar|par
|move|p2a: Tyranitar|Crunch|p1a: Zapdos
|-end|p1a: Zapdos|Substitute
|
|-weather|none
|upkeep
|turn|7
|
|t:|1663829920
|switch|p1a: Kartana|Kartana|100/100
|cant|p2a: Tyranitar|par
|
|upkeep
|turn|8
|
|t:|1663829934
|switch|p2a: Corviknight|Corviknight, F|100/100
|-ability|p2a: Corviknight|Pressure
|move|p1a: Kartana|Knock Off|p2a: Corviknight
|-damage|p2a: Corviknight|68/100
|-damage|p1a: Kartana|84/100|[from] item: Rocky Helmet|[of] p2a: Corviknight
|-enditem|p2a: Corviknight|Rocky Helmet|[from] move: Knock Off|[of] p1a: Kartana
|-damage|p1a: Kartana|74/100|[from] item: Life Orb
|
|upkeep
|turn|9
|
|t:|1663829952
|move|p1a: Kartana|Sacred Sword|p2a: Corviknight
|-damage|p2a: Corviknight|37/100
|-damage|p1a: Kartana|65/100|[from] item: Life Orb
|move|p2a: Corviknight|Roost|p2a: Corviknight
|-heal|p2a: Corviknight|87/100
|-singleturn|p2a: Corviknight|move: Roost
|
|upkeep
|turn|10
|
|t:|1663829963
|move|p1a: Kartana|Swords Dance|p1a: Kartana
|-boost|p1a: Kartana|atk|2
|move|p2a: Corviknight|U-turn|p1a: Kartana
|-crit|p1a: Kartana
|-damage|p1a: Kartana|40/100
|
|t:|1663829970
|switch|p2a: Tapu Lele|Tapu Lele|100/100|[from]move: U-turn
|-fieldstart|move: Psychic Terrain|[from] ability: Psychic Surge|[of] p2a: Tapu Lele
|
|upkeep
|turn|11
|
|t:|1663829981
|switch|p1a: Tyranitar|Tyranitar, F|95/100
|-weather|Sandstorm|[from] ability: Sand Stream|[of] p1a: Tyranitar
|move|p2a: Tapu Lele|Moonblast|p1a: Tyranitar
|-supereffective|p1a: Tyranitar
|-crit|p1a: Tyranitar
|-damage|p1a: Tyranitar|23/100
|
|-weather|Sandstorm|[upkeep]
|-damage|p2a: Tapu Lele|94/100|[from] Sandstorm
|upkeep
|turn|12
|
|t:|1663830000
|switch|p2a: Blacephalon|Blacephalon|100/100
|switch|p1a: Excadrill|Excadrill, F|100/100
|
|-weather|Sandstorm|[upkeep]
|-damage|p2a: Blacephalon|94/100|[from] Sandstorm
|upkeep
|turn|13
|
|t:|1663830011
|switch|p2a: Corviknight|Corviknight, F|87/100
|-ability|p2a: Corviknight|Pressure
|move|p1a: Excadrill|Iron Head|p2a: Corviknight
|-resisted|p2a: Corviknight
|-damage|p2a: Corviknight|73/100
|
|-weather|Sandstorm|[upkeep]
|upkeep
|turn|14
|
|t:|1663830024
|move|p1a: Excadrill|Swords Dance|p1a: Excadrill
|-boost|p1a: Excadrill|atk|2
|move|p2a: Corviknight|Roost|p2a: Corviknight
|-heal|p2a: Corviknight|100/100
|-singleturn|p2a: Corviknight|move: Roost
|
|-weather|Sandstorm|[upkeep]
|-fieldend|move: Psychic Terrain
|upkeep
|turn|15
|
|t:|1663830034
|move|p1a: Excadrill|Swords Dance|p1a: Excadrill
|-boost|p1a: Excadrill|atk|2
|move|p2a: Corviknight|Body Press|p1a: Excadrill
|-supereffective|p1a: Excadrill
|-damage|p1a: Excadrill|23/100
|
|-weather|none
|-heal|p1a: Excadrill|30/100|[from] item: Leftovers
|upkeep
|turn|16
|
|t:|1663830045
|move|p1a: Excadrill|Iron Head|p2a: Corviknight
|-resisted|p2a: Corviknight
|-damage|p2a: Corviknight|59/100
|cant|p2a: Corviknight|flinch
|
|-heal|p1a: Excadrill|36/100|[from] item: Leftovers
|upkeep
|turn|17
|
|t:|1663830053
|move|p1a: Excadrill|Iron Head|p2a: Corviknight
|-resisted|p2a: Corviknight
|-damage|p2a: Corviknight|16/100
|move|p2a: Corviknight|Body Press|p1a: Excadrill
|-supereffective|p1a: Excadrill
|-damage|p1a: Excadrill|0 fnt
|faint|p1a: Excadrill
|
|upkeep
|
|t:|1663830064
|switch|p1a: Zapdos|Zapdos|63/100
|-ability|p1a: Zapdos|Pressure
|turn|18
|
|t:|1663830069
|move|p1a: Zapdos|Hurricane|p2a: Corviknight|[miss]
|-miss|p1a: Zapdos|p2a: Corviknight
|move|p2a: Corviknight|Roost|p2a: Corviknight
|-heal|p2a: Corviknight|66/100
|-singleturn|p2a: Corviknight|move: Roost
|
|upkeep
|turn|19
|
|t:|1663830078
|switch|p2a: Tyranitar|Tyranitar, M|74/100 par
|-weather|Sandstorm|[from] ability: Sand Stream|[of] p2a: Tyranitar
|move|p1a: Zapdos|Roost|p1a: Zapdos
|-heal|p1a: Zapdos|100/100
|-singleturn|p1a: Zapdos|move: Roost
|
|-weather|Sandstorm|[upkeep]
|-damage|p1a: Zapdos|94/100|[from] Sandstorm
|upkeep
|turn|20
|
|t:|1663830090
|switch|p1a: Toxapex|Toxapex, M|100/100
|move|p2a: Tyranitar|Stone Edge|p1a: Toxapex|[miss]
|-miss|p2a: Tyranitar|p1a: Toxapex
|
|-weather|Sandstorm|[upkeep]
|-damage|p1a: Toxapex|95/100|[from] Sandstorm
|upkeep
|turn|21
|
|t:|1663830100
|cant|p2a: Tyranitar|par
|move|p1a: Toxapex|Toxic Spikes|p2a: Tyranitar
|-sidestart|p2: chansey and lulu|move: Toxic Spikes
|
|-weather|Sandstorm|[upkeep]
|-damage|p1a: Toxapex|89/100|[from] Sandstorm
|upkeep
|turn|22
|
|t:|1663830108
|move|p2a: Tyranitar|Stone Edge|p1a: Toxapex
|-damage|p1a: Toxapex|33/100
|move|p1a: Toxapex|Knock Off|p2a: Tyranitar
|-resisted|p2a: Tyranitar
|-damage|p2a: Tyranitar|67/100 par
|-enditem|p2a: Tyranitar|Choice Band|[from] move: Knock Off|[of] p1a: Toxapex
|
|-weather|Sandstorm|[upkeep]
|-damage|p1a: Toxapex|27/100|[from] Sandstorm
|upkeep
|turn|23
|
|t:|1663830119
|move|p2a: Tyranitar|Crunch|p1a: Toxapex
|-damage|p1a: Toxapex|0 fnt
|-damage|p2a: Tyranitar|51/100 par|[from] item: Rocky Helmet|[of] p1a: Toxapex
|faint|p1a: Toxapex
|
|-weather|none
|upkeep
|
|t:|1663830128
|switch|p1a: Kartana|Kartana|40/100
|turn|24
|
|t:|1663830134
|switch|p2a: Toxapex|Toxapex, F|100/100
|-sideend|p2: chansey and lulu|move: Toxic Spikes|[of] p2a: Toxapex
|move|p1a: Kartana|Sacred Sword|p2a: Toxapex
|-resisted|p2a: Toxapex
|-damage|p2a: Toxapex|83/100
|-damage|p1a: Kartana|30/100|[from] item: Life Orb
|
|upkeep
|turn|25
|
|t:|1663830147
|switch|p1a: Zapdos|Zapdos|94/100
|-ability|p1a: Zapdos|Pressure
|switch|p2a: Corviknight|Corviknight, F|66/100
|-ability|p2a: Corviknight|Pressure
|
|upkeep
|turn|26
|
|t:|1663830159
|switch|p2a: Tyranitar|Tyranitar, M|51/100 par
|-weather|Sandstorm|[from] ability: Sand Stream|[of] p2a: Tyranitar
|move|p1a: Zapdos|Hurricane|p2a: Tyranitar
|-resisted|p2a: Tyranitar
|-damage|p2a: Tyranitar|33/100 par
|
|-weather|Sandstorm|[upkeep]
|-damage|p1a: Zapdos|88/100|[from] Sandstorm
|upkeep
|turn|27
|
|t:|1663830170
|switch|p1a: Garchomp|Garchomp, M|100/100
|move|p2a: Tyranitar|Stone Edge|p1a: Garchomp
|-resisted|p1a: Garchomp
|-damage|p1a: Garchomp|72/100
|
|-weather|Sandstorm|[upkeep]
|-heal|p1a: Garchomp|79/100|[from] item: Leftovers
|upkeep
|turn|28
|
|t:|1663830182
|switch|p2a: Tapu Lele|Tapu Lele|94/100
|-fieldstart|move: Psychic Terrain|[from] ability: Psychic Surge|[of] p2a: Tapu Lele
|move|p1a: Garchomp|Scale Shot|p2a: Tapu Lele
|-immune|p2a: Tapu Lele
|
|-weather|Sandstorm|[upkeep]
|-damage|p2a: Tapu Lele|88/100|[from] Sandstorm
|-heal|p1a: Garchomp|85/100|[from] item: Leftovers
|upkeep
|turn|29
|
|t:|1663830196
|switch|p1a: Zapdos|Zapdos|88/100
|-ability|p1a: Zapdos|Pressure
|move|p2a: Tapu Lele|Moonblast|p1a: Zapdos
|-crit|p1a: Zapdos
|-damage|p1a: Zapdos|0 fnt
|faint|p1a: Zapdos
|
|-weather|Sandstorm|[upkeep]
|-damage|p2a: Tapu Lele|82/100|[from] Sandstorm
|upkeep
|
|t:|1663830206
|switch|p1a: Garchomp|Garchomp, M|85/100
|turn|30
|
|t:|1663830212
|move|p2a: Tapu Lele|Moonblast|p1a: Garchomp
|-supereffective|p1a: Garchomp
|-damage|p1a: Garchomp|0 fnt
|faint|p1a: Garchomp
|
|-weather|none
|upkeep
|
|t:|1663830216
|switch|p1a: Kartana|Kartana|30/100
|turn|31
|
|t:|1663830221
|move|p2a: Tapu Lele|Moonblast|p1a: Kartana
|-resisted|p1a: Kartana
|-damage|p1a: Kartana|0 fnt
|faint|p1a: Kartana
|
|upkeep
|
|t:|1663830224
|switch|p1a: Tyranitar|Tyranitar, F|23/100
|-weather|Sandstorm|[from] ability: Sand Stream|[of] p1a: Tyranitar
|turn|32
|
|t:|1663830230
|move|p2a: Tapu Lele|Moonblast|p1a: Tyranitar
|-supereffective|p1a: Tyranitar
|-damage|p1a: Tyranitar|0 fnt
|faint|p1a: Tyranitar
|
|win|chansey and lulu
|l|☆YJ963
|l|☆chansey and lulu
|j|☆YJ963
|player|p1|YJ963|101
