|raw|<div class="broadcast-blue"><strong>This battle is required to be public due to a player having a name prefixed by 'LT71LX'.</div>
|j|☆ezwz
|j|☆LT71LX Ewin
|t:|1596920580
|player|p1|ezwz|youngster-gen4|1907
|player|p2|LT71LX Ewin|waitress|1870
|teamsize|p1|6
|teamsize|p2|6
|gametype|singles
|gen|8
|tier|[Gen 8] OU
|rated|
|clearpoke
|poke|p1|Pelipper, F|
|poke|p1|Seismitoad, M|
|poke|p1|Kingdra, F|
|poke|p1|Urshifu-*, M|
|poke|p1|Ferrothorn, F|
|poke|p1|Mandibuzz, F|
|poke|p2|Toxapex, F|
|poke|p2|Ditto|
|poke|p2|Clefable, F|
|poke|p2|Gastrodon, F|
|poke|p2|Kyurem|
|poke|p2|Corviknight, F|
|rule|Sleep Clause Mod: Limit one foe put to sleep
|rule|Species Clause: Limit one of each Pokémon
|rule|OHKO Clause: OHKO moves are banned
|rule|Evasion Moves Clause: Evasion moves are banned
|rule|Endless Battle Clause: Forcing endless battles is banned
|rule|HP Percentage Mod: HP is shown in percentages
|rule|Dynamax Clause: You cannot dynamax
|teampreview
|inactive|Battle timer is ON: inactive players will automatically lose when time's up. (requested by LT71LX Ewin)
|j|+Raiza
|j| Luthier
|j| egalvanc
|j| addison re
|j| LT71LX Kappucci
|j| LT71LX 6kda
|j| Jytcampbell
|j| Tace
|j| reje
|j| lt71lx samqian
|j| XxPepeMasterxX
|j| LT71LX HYper
|inactive|LT71LX Ewin has 120 seconds left.
|l| XxPepeMasterxX
|j| Gondra
|j| Frostigar479
|
|t:|1596920618
|start
|switch|p1a: Ferrothorn|Ferrothorn, F|100/100
|switch|p2a: Kyurem|Kyurem|100/100
|-ability|p2a: Kyurem|Pressure
|turn|1
|j| brouha
|j| yunghowie ♫
|
|t:|1596920624
|move|p2a: Kyurem|Substitute|p2a: Kyurem
|-start|p2a: Kyurem|Substitute
|-damage|p2a: Kyurem|76/100
|move|p1a: Ferrothorn|Spikes|p2a: Kyurem
|-sidestart|p2: LT71LX Ewin|Spikes
|
|upkeep
|turn|2
|
|t:|1596920627
|move|p2a: Kyurem|Freeze-Dry|p1a: Ferrothorn
|-damage|p1a: Ferrothorn|75/100
|move|p1a: Ferrothorn|Spikes|p2a: Kyurem
|-sidestart|p2: LT71LX Ewin|Spikes
|
|upkeep
|turn|3
|j| wyn
|
|t:|1596920632
|move|p2a: Kyurem|Freeze-Dry|p1a: Ferrothorn
|-damage|p1a: Ferrothorn|51/100
|move|p1a: Ferrothorn|Body Press|p2a: Kyurem
|-supereffective|p2a: Kyurem
|-end|p2a: Kyurem|Substitute
|
|upkeep
|turn|4
|l| wyn
|
|t:|1596920640
|move|p2a: Kyurem|Freeze-Dry|p1a: Ferrothorn
|-crit|p1a: Ferrothorn
|-damage|p1a: Ferrothorn|13/100
|move|p1a: Ferrothorn|Leech Seed|p2a: Kyurem
|-start|p2a: Kyurem|move: Leech Seed
|
|-damage|p2a: Kyurem|63/100|[from] Leech Seed|[of] p1a: Ferrothorn
|-heal|p1a: Ferrothorn|27/100|[silent]
|upkeep
|turn|5
|j| Leo
|j| wyn
|j| 2 xs 2 Many
|
|t:|1596920648
|switch|p2a: Corviknight|Corviknight, F|100/100
|-ability|p2a: Corviknight|Pressure
|move|p1a: Ferrothorn|Leech Seed|p2a: Corviknight
|-start|p2a: Corviknight|move: Leech Seed
|
|-damage|p2a: Corviknight|88/100|[from] Leech Seed|[of] p1a: Ferrothorn
|-heal|p1a: Ferrothorn|41/100|[silent]
|upkeep
|turn|6
|
|t:|1596920653
|move|p2a: Corviknight|Defog|p1a: Ferrothorn
|-unboost|p1a: Ferrothorn|evasion|1
|-sideend|p2: LT71LX Ewin|Spikes|[from] move: Defog|[of] p2a: Corviknight
|move|p1a: Ferrothorn|Spikes|p2a: Corviknight
|-sidestart|p2: LT71LX Ewin|Spikes
|
|-damage|p2a: Corviknight|76/100|[from] Leech Seed|[of] p1a: Ferrothorn
|-heal|p1a: Ferrothorn|55/100|[silent]
|upkeep
|turn|7
|
|t:|1596920662
|switch|p2a: Kyurem|Kyurem|63/100
|-ability|p2a: Kyurem|Pressure
|move|p1a: Ferrothorn|Knock Off|p2a: Kyurem
|-damage|p2a: Kyurem|43/100
|-enditem|p2a: Kyurem|Heavy-Duty Boots|[from] move: Knock Off|[of] p1a: Ferrothorn
|
|upkeep
|turn|8
|j| fuck christmas
|
|t:|1596920667
|move|p2a: Kyurem|Roost|p2a: Kyurem
|-heal|p2a: Kyurem|93/100
|-singleturn|p2a: Kyurem|move: Roost
|move|p1a: Ferrothorn|Body Press|p2a: Kyurem
|-supereffective|p2a: Kyurem
|-damage|p2a: Kyurem|28/100
|
|upkeep
|turn|9
|j|+Perish Song ♫
|
|t:|1596920674
|move|p2a: Kyurem|Freeze-Dry|p1a: Ferrothorn
|-damage|p1a: Ferrothorn|30/100
|move|p1a: Ferrothorn|Body Press|p2a: Kyurem
|-supereffective|p2a: Kyurem
|-damage|p2a: Kyurem|0 fnt
|faint|p2a: Kyurem
|
|upkeep
|l| addison re
|
|t:|1596920681
|switch|p2a: Corviknight|Corviknight, F|76/100
|-ability|p2a: Corviknight|Pressure
|turn|10
|j| autumn trees
|
|t:|1596920684
|switch|p1a: Pelipper|Pelipper, F|100/100
|-weather|RainDance|[from] ability: Drizzle|[of] p1a: Pelipper
|move|p2a: Corviknight|Body Press|p1a: Pelipper
|-resisted|p1a: Pelipper
|-damage|p1a: Pelipper|90/100
|
|-weather|RainDance|[upkeep]
|upkeep
|turn|11
|j| Ox the Fox
|j| apologies
|
|t:|1596920692
|switch|p2a: Toxapex|Toxapex, F|100/100
|-damage|p2a: Toxapex|88/100|[from] Spikes
|move|p1a: Pelipper|Scald|p2a: Toxapex
|-resisted|p2a: Toxapex
|-crit|p2a: Toxapex
|-damage|p2a: Toxapex|62/100
|
|-weather|RainDance|[upkeep]
|upkeep
|turn|12
|j| Lt71lx Hockey
|
|t:|1596920696
|move|p1a: Pelipper|U-turn|p2a: Toxapex
|-resisted|p2a: Toxapex
|-damage|p2a: Toxapex|59/100
|-damage|p1a: Pelipper|74/100|[from] item: Rocky Helmet|[of] p2a: Toxapex
|
|t:|1596920700
|switch|p1a: Ferrothorn|Ferrothorn, F|30/100|[from]move: U-turn
|move|p2a: Toxapex|Scald|p1a: Ferrothorn
|-resisted|p1a: Ferrothorn
|-damage|p1a: Ferrothorn|21/100
|-status|p1a: Ferrothorn|brn
|
|-weather|RainDance|[upkeep]
|-damage|p1a: Ferrothorn|14/100 brn|[from] brn
|upkeep
|turn|13
|j| Freeroamer
|
|t:|1596920718
|switch|p2a: Clefable|Clefable, F|100/100
|move|p1a: Ferrothorn|Leech Seed|p2a: Clefable
|-start|p2a: Clefable|move: Leech Seed
|
|-weather|RainDance|[upkeep]
|-damage|p1a: Ferrothorn|8/100 brn|[from] brn
|upkeep
|turn|14
|j| cypherstest
|
|t:|1596920725
|move|p2a: Clefable|Moonblast|p1a: Ferrothorn
|-resisted|p1a: Ferrothorn
|-damage|p1a: Ferrothorn|0 fnt
|faint|p1a: Ferrothorn
|
|-weather|RainDance|[upkeep]
|upkeep
|
|t:|1596920737
|switch|p1a: Seismitoad|Seismitoad, M|100/100
|turn|15
|j| addison re
|j| LT71LX Ash
|
|t:|1596920756
|move|p1a: Seismitoad|Earthquake|p2a: Clefable
|-crit|p2a: Clefable
|-damage|p2a: Clefable|17/100
|-damage|p1a: Seismitoad|91/100|[from] item: Life Orb
|move|p2a: Clefable|Soft-Boiled|p2a: Clefable
|-heal|p2a: Clefable|67/100
|
|-weather|RainDance|[upkeep]
|-heal|p2a: Clefable|73/100|[from] item: Leftovers
|upkeep
|turn|16
|
|t:|1596920765
|move|p1a: Seismitoad|Earthquake|p2a: Clefable
|-damage|p2a: Clefable|24/100
|-damage|p1a: Seismitoad|81/100|[from] item: Life Orb
|move|p2a: Clefable|Soft-Boiled|p2a: Clefable
|-heal|p2a: Clefable|74/100
|
|-weather|RainDance|[upkeep]
|-heal|p2a: Clefable|80/100|[from] item: Leftovers
|upkeep
|turn|17
|
|t:|1596920768
|move|p1a: Seismitoad|Liquidation|p2a: Clefable
|-damage|p2a: Clefable|16/100
|-damage|p1a: Seismitoad|71/100|[from] item: Life Orb
|move|p2a: Clefable|Soft-Boiled|p2a: Clefable
|-heal|p2a: Clefable|66/100
|
|-weather|none
|-heal|p2a: Clefable|72/100|[from] item: Leftovers
|upkeep
|turn|18
|
|t:|1596920777
|move|p1a: Seismitoad|Stealth Rock|p2a: Clefable
|-sidestart|p2: LT71LX Ewin|move: Stealth Rock
|move|p2a: Clefable|Soft-Boiled|p2a: Clefable
|-heal|p2a: Clefable|100/100
|
|upkeep
|turn|19
|
|t:|1596920779
|switch|p1a: Pelipper|Pelipper, F|74/100
|-weather|RainDance|[from] ability: Drizzle|[of] p1a: Pelipper
|move|p2a: Clefable|Stealth Rock|p1a: Pelipper
|-sidestart|p1: ezwz|move: Stealth Rock
|
|-weather|RainDance|[upkeep]
|upkeep
|turn|20
|
|t:|1596920783
|move|p2a: Clefable|Moonblast|p1a: Pelipper
|-damage|p1a: Pelipper|27/100
|move|p1a: Pelipper|U-turn|p2a: Clefable
|-resisted|p2a: Clefable
|-crit|p2a: Clefable
|-damage|p2a: Clefable|94/100
|
|t:|1596920786
|switch|p1a: Urshifu|Urshifu-Rapid-Strike, M|100/100|[from]move: U-turn
|-damage|p1a: Urshifu|94/100|[from] Stealth Rock
|
|-weather|RainDance|[upkeep]
|-heal|p2a: Clefable|100/100|[from] item: Leftovers
|upkeep
|turn|21
|
|t:|1596920796
|switch|p2a: Toxapex|Toxapex, F|92/100
|-damage|p2a: Toxapex|80/100|[from] Stealth Rock
|-damage|p2a: Toxapex|68/100|[from] Spikes
|move|p1a: Urshifu|Surging Strikes|p2a: Toxapex
|-resisted|p2a: Toxapex
|-crit|p2a: Toxapex
|-damage|p2a: Toxapex|52/100
|-damage|p1a: Urshifu|78/100|[from] item: Rocky Helmet|[of] p2a: Toxapex
|-resisted|p2a: Toxapex
|-crit|p2a: Toxapex
|-damage|p2a: Toxapex|38/100
|-damage|p1a: Urshifu|61/100|[from] item: Rocky Helmet|[of] p2a: Toxapex
|-resisted|p2a: Toxapex
|-crit|p2a: Toxapex
|-damage|p2a: Toxapex|22/100
|-damage|p1a: Urshifu|45/100|[from] item: Rocky Helmet|[of] p2a: Toxapex
|-hitcount|p2a: Toxapex|3
|
|-weather|RainDance|[upkeep]
|upkeep
|turn|22
|j| Maki's Fox
|
|t:|1596920803
|switch|p1a: Seismitoad|Seismitoad, M|71/100
|-damage|p1a: Seismitoad|65/100|[from] Stealth Rock
|switch|p2a: Corviknight|Corviknight, F|76/100
|-damage|p2a: Corviknight|64/100|[from] Stealth Rock
|-ability|p2a: Corviknight|Pressure
|
|-weather|RainDance|[upkeep]
|upkeep
|turn|23
|
|t:|1596920809
|move|p1a: Seismitoad|Liquidation|p2a: Corviknight
|-damage|p2a: Corviknight|20/100
|-damage|p1a: Seismitoad|48/100|[from] item: Rocky Helmet|[of] p2a: Corviknight
|-damage|p1a: Seismitoad|38/100|[from] item: Life Orb
|move|p2a: Corviknight|Roost|p2a: Corviknight
|-heal|p2a: Corviknight|70/100
|-singleturn|p2a: Corviknight|move: Roost
|
|-weather|RainDance|[upkeep]
|upkeep
|turn|24
|j| Padox
|
|t:|1596920813
|-singleturn|p1a: Seismitoad|move: Focus Punch
|move|p2a: Corviknight|Roost|p2a: Corviknight
|-heal|p2a: Corviknight|100/100
|-singleturn|p2a: Corviknight|move: Roost
|move|p1a: Seismitoad|Focus Punch|p2a: Corviknight
|-supereffective|p2a: Corviknight
|-damage|p2a: Corviknight|27/100
|-damage|p1a: Seismitoad|22/100|[from] item: Rocky Helmet|[of] p2a: Corviknight
|-damage|p1a: Seismitoad|12/100|[from] item: Life Orb
|
|-weather|RainDance|[upkeep]
|upkeep
|turn|25
|
|t:|1596920817
|move|p1a: Seismitoad|Liquidation|p2a: Corviknight
|-damage|p2a: Corviknight|0 fnt
|-damage|p1a: Seismitoad|0 fnt|[from] item: Rocky Helmet|[of] p2a: Corviknight
|faint|p2a: Corviknight
|faint|p1a: Seismitoad
|
|-weather|RainDance|[upkeep]
|upkeep
|j| LT71LX Storm
|j| Neon
|c|☆ezwz|gg
|
|t:|1596920828
|switch|p1a: Kingdra|Kingdra, F|100/100
|switch|p2a: Clefable|Clefable, F|100/100
|-damage|p1a: Kingdra|88/100|[from] Stealth Rock
|turn|26
|j| Freek1sh
|
|t:|1596920832
|move|p1a: Kingdra|Hydro Pump|p2a: Clefable
|-damage|p2a: Clefable|0 fnt
|faint|p2a: Clefable
|
|-weather|none
|upkeep
|
|t:|1596920842
|switch|p2a: Toxapex|Toxapex, F|56/100
|-damage|p2a: Toxapex|43/100|[from] Stealth Rock
|-damage|p2a: Toxapex|31/100|[from] Spikes
|turn|27
|j| god unbounded
|
|t:|1596920852
|switch|p1a: Pelipper|Pelipper, F|27/100
|-damage|p1a: Pelipper|2/100|[from] Stealth Rock
|-weather|RainDance|[from] ability: Drizzle|[of] p1a: Pelipper
|switch|p2a: Ditto|Ditto|100/100
|-damage|p2a: Ditto|88/100|[from] Stealth Rock
|-damage|p2a: Ditto|76/100|[from] Spikes
|-transform|p2a: Ditto|p1a: Pelipper|[from] ability: Imposter
|
|-weather|RainDance|[upkeep]
|upkeep
|turn|28
|
|t:|1596920869
|switch|p1a: Mandibuzz|Mandibuzz, F|100/100
|move|p2a: Ditto|U-turn|p1a: Mandibuzz
|-damage|p1a: Mandibuzz|95/100
|
|t:|1596920872
|switch|p2a: Toxapex|Toxapex, F|65/100|[from]move: U-turn
|-damage|p2a: Toxapex|52/100|[from] Spikes
|-damage|p2a: Toxapex|40/100|[from] Stealth Rock
|
|-weather|RainDance|[upkeep]
|upkeep
|turn|29
|j| yiyue
|
|t:|1596920879
|move|p1a: Mandibuzz|U-turn|p2a: Toxapex
|-resisted|p2a: Toxapex
|-damage|p2a: Toxapex|37/100
|-damage|p1a: Mandibuzz|78/100|[from] item: Rocky Helmet|[of] p2a: Toxapex
|
|t:|1596920882
|switch|p1a: Kingdra|Kingdra, F|88/100|[from]move: U-turn
|-damage|p1a: Kingdra|76/100|[from] Stealth Rock
|move|p2a: Toxapex|Recover|p2a: Toxapex
|-heal|p2a: Toxapex|87/100
|
|-weather|RainDance|[upkeep]
|upkeep
|turn|30
|
|t:|1596920884
|move|p1a: Kingdra|Hurricane|p2a: Toxapex
|-damage|p2a: Toxapex|44/100
|move|p2a: Toxapex|Recover|p2a: Toxapex
|-heal|p2a: Toxapex|94/100
|
|-weather|RainDance|[upkeep]
|upkeep
|turn|31
|
|t:|1596920889
|move|p1a: Kingdra|Hurricane|p2a: Toxapex
|-damage|p2a: Toxapex|55/100
|move|p2a: Toxapex|Recover|p2a: Toxapex
|-heal|p2a: Toxapex|100/100
|
|-weather|RainDance|[upkeep]
|upkeep
|turn|32
|j| Stareal
|
|t:|1596920896
|move|p1a: Kingdra|Hurricane|p2a: Toxapex
|-damage|p2a: Toxapex|60/100
|move|p2a: Toxapex|Toxic|p1a: Kingdra
|-status|p1a: Kingdra|tox
|
|-weather|RainDance|[upkeep]
|-damage|p1a: Kingdra|70/100 tox|[from] psn
|upkeep
|turn|33
|c| fuck christmas|my guy said "gg"
|
|t:|1596920907
|switch|p2a: Gastrodon|Gastrodon, F|100/100
|-damage|p2a: Gastrodon|88/100|[from] Spikes
|-damage|p2a: Gastrodon|82/100|[from] Stealth Rock
|move|p1a: Kingdra|Hurricane|p2a: Gastrodon
|-damage|p2a: Gastrodon|49/100
|-start|p2a: Gastrodon|confusion
|
|-weather|RainDance|[upkeep]
|-heal|p2a: Gastrodon|55/100|[from] item: Leftovers
|-damage|p1a: Kingdra|57/100 tox|[from] psn
|upkeep
|turn|34
|c|☆ezwz|ye cus i lost .
|
|t:|1596920914
|move|p1a: Kingdra|Hurricane|p2a: Gastrodon
|-damage|p2a: Gastrodon|24/100
|-activate|p2a: Gastrodon|confusion
|-damage|p2a: Gastrodon|18/100|[from] confusion
|
|-weather|none
|-heal|p2a: Gastrodon|24/100|[from] item: Leftovers
|-damage|p1a: Kingdra|39/100 tox|[from] psn
|upkeep
|turn|35
|j| LT71LX 64
|
|t:|1596920919
|switch|p2a: Toxapex|Toxapex, F|94/100
|-damage|p2a: Toxapex|81/100|[from] Spikes
|-damage|p2a: Toxapex|69/100|[from] Stealth Rock
|move|p1a: Kingdra|Hurricane|p2a: Toxapex
|-crit|p2a: Toxapex
|-damage|p2a: Toxapex|5/100
|-start|p2a: Toxapex|confusion
|
|-damage|p1a: Kingdra|14/100 tox|[from] psn
|upkeep
|turn|36
|c| fuck christmas|sure
|c|☆ezwz|lool u really thought i said gg like i was gonna win?
|
|t:|1596920945
|switch|p2a: Gastrodon|Gastrodon, F|24/100
|-damage|p2a: Gastrodon|18/100|[from] Stealth Rock
|-damage|p2a: Gastrodon|5/100|[from] Spikes
|move|p1a: Kingdra|Hurricane|p2a: Gastrodon|[miss]
|-miss|p1a: Kingdra|p2a: Gastrodon
|
|-heal|p2a: Gastrodon|11/100|[from] item: Leftovers
|-damage|p1a: Kingdra|0 fnt|[from] psn
|faint|p1a: Kingdra
|upkeep
|l| Gondra
|inactive|ezwz has 120 seconds left.
|
|t:|1596920957
|switch|p1a: Urshifu|Urshifu-Rapid-Strike, M|45/100
|-damage|p1a: Urshifu|39/100|[from] Stealth Rock
|turn|37
|c| fuck christmas|game could go either way,,,
|j| FeaNiiX
|
|t:|1596920963
|move|p1a: Urshifu|Surging Strikes|p2a: Gastrodon
|-crit|p2a: Gastrodon
|-damage|p2a: Gastrodon|0 fnt
|-hitcount|p2a: Gastrodon|1
|faint|p2a: Gastrodon
|
|upkeep
|
|t:|1596920966
|switch|p2a: Ditto|Ditto|76/100
|-damage|p2a: Ditto|63/100|[from] Stealth Rock
|-damage|p2a: Ditto|51/100|[from] Spikes
|-transform|p2a: Ditto|p1a: Urshifu|[from] ability: Imposter
|turn|38
|
|t:|1596920974
|switch|p1a: Pelipper|Pelipper, F|2/100
|-damage|p1a: Pelipper|0 fnt|[from] Stealth Rock
|faint|p1a: Pelipper
|move|p2a: Ditto|Surging Strikes|p1: Pelipper|[notarget]
|-fail|p2a: Ditto
|
|upkeep
|
|t:|1596920976
|switch|p1a: Mandibuzz|Mandibuzz, F|78/100
|turn|39
|
|t:|1596920983
|move|p2a: Ditto|Surging Strikes|p1a: Mandibuzz
|-crit|p1a: Mandibuzz
|-damage|p1a: Mandibuzz|64/100
|-crit|p1a: Mandibuzz
|-damage|p1a: Mandibuzz|52/100
|-crit|p1a: Mandibuzz
|-damage|p1a: Mandibuzz|39/100
|-hitcount|p1a: Mandibuzz|3
|move|p1a: Mandibuzz|Roost|p1a: Mandibuzz
|-heal|p1a: Mandibuzz|89/100
|-singleturn|p1a: Mandibuzz|move: Roost
|
|upkeep
|turn|40
|l| Frostigar479
|
|t:|1596920996
|move|p2a: Ditto|Surging Strikes|p1a: Mandibuzz
|-crit|p1a: Mandibuzz
|-damage|p1a: Mandibuzz|74/100
|-crit|p1a: Mandibuzz
|-damage|p1a: Mandibuzz|61/100
|-crit|p1a: Mandibuzz
|-damage|p1a: Mandibuzz|48/100
|-hitcount|p1a: Mandibuzz|3
|move|p1a: Mandibuzz|U-turn|p2a: Ditto
|-resisted|p2a: Ditto
|-damage|p2a: Ditto|45/100
|j|+FMG
|
|t:|1596920999
|switch|p1a: Urshifu|Urshifu-Rapid-Strike, M|39/100|[from]move: U-turn
|-damage|p1a: Urshifu|33/100|[from] Stealth Rock
|
|upkeep
|turn|41
|
|t:|1596921005
|move|p2a: Ditto|Surging Strikes|p1a: Urshifu
|-resisted|p1a: Urshifu
|-crit|p1a: Urshifu
|-damage|p1a: Urshifu|22/100
|-resisted|p1a: Urshifu
|-crit|p1a: Urshifu
|-damage|p1a: Urshifu|12/100
|-resisted|p1a: Urshifu
|-crit|p1a: Urshifu
|-damage|p1a: Urshifu|2/100
|-hitcount|p1a: Urshifu|3
|move|p1a: Urshifu|Close Combat|p2a: Ditto
|-damage|p2a: Ditto|0 fnt
|-unboost|p1a: Urshifu|def|1
|-unboost|p1a: Urshifu|spd|1
|faint|p2a: Ditto
|
|upkeep
|
|t:|1596921008
|switch|p2a: Toxapex|Toxapex, F|38/100
|-damage|p2a: Toxapex|26/100|[from] Stealth Rock
|-damage|p2a: Toxapex|14/100|[from] Spikes
|turn|42
|j| yedla
|
|t:|1596921010
|move|p1a: Urshifu|Close Combat|p2a: Toxapex
|-resisted|p2a: Toxapex
|-damage|p2a: Toxapex|0 fnt
|-unboost|p1a: Urshifu|def|1
|-unboost|p1a: Urshifu|spd|1
|-damage|p1a: Urshifu|0 fnt|[from] item: Rocky Helmet|[of] p2a: Toxapex
|faint|p2a: Toxapex
|faint|p1a: Urshifu
|
|win|ezwz
|l|☆LT71LX Ewin
|l|+Perish Song ♫
|l| FeaNiiX
|l| Padox
|l|☆ezwz
|raw|ezwz's rating: 1883 &rarr; <strong>1901</strong><br />(+18 for winning)
|raw|LT71LX Ewin's rating: 1851 &rarr; <strong>1833</strong><br />(-18 for losing)
|l| addison re
|l| Luthier
|l| yedla
|l| LT71LX Kappucci
|l| egalvanc
|l| wyn
|l| fuck christmas
|l| LT71LX HYper
|l|+FMG
|j| JYPH
|j|+Wiggleetuff
|l| JYPH
|l|+Wiggleetuff
|l| cypherstest
|l| Tace
|l| Maki's Fox
|l| god unbounded
|l| LT71LX Ash
|l| Neon
|l| Jytcampbell
|j| Sparkling Hope
|j| lt71lx slainey
|l| Sparkling Hope
|l| reje
|j| lt71lx neider
|l|+Raiza
|l| autumn trees
|j| cLoyy
|l| lt71lx slainey
|l| cLoyy
|l| lt71lx neider
|l| 2 xs 2 Many
