|j|☆Ludwigarum
|j|☆Kikoobuster
|t:|1661087655
|gametype|singles
|player|p1|Ludwigarum|falkner|1313
|player|p2|Kikoobuster|102|1356
|teamsize|p1|6
|teamsize|p2|6
|gen|8
|tier|[Gen 8] OU
|rated|
|rule|Sleep Clause Mod: Limit one foe put to sleep
|rule|Species Clause: Limit one of each Pokémon
|rule|OHKO Clause: OHKO moves are banned
|rule|Evasion Items Clause: Evasion items are banned
|rule|Evasion Moves Clause: Evasion moves are banned
|rule|Endless Battle Clause: Forcing endless battles is banned
|rule|HP Percentage Mod: HP is shown in percentages
|rule|Dynamax Clause: You cannot dynamax
|clearpoke
|poke|p1|Celesteela|
|poke|p1|Urshifu-*, F|
|poke|p1|Zapdos|
|poke|p1|Dragapult, F|
|poke|p1|Landorus-Therian, M|
|poke|p1|Mew|
|poke|p2|Ferrothorn, F|
|poke|p2|Toxicroak, F|
|poke|p2|Victini|
|poke|p2|Tapu Lele|
|poke|p2|Blacephalon|
|poke|p2|Tornadus-Therian, M|
|teampreview
|inactive|Battle timer is ON: inactive players will automatically lose when time's up. (requested by Kikoobuster)
|
|t:|1661087663
|start
|switch|p1a: Landorus|Landorus-Therian, M|100/100
|switch|p2a: Blacephalon|Blacephalon|100/100
|-ability|p1a: Landorus|Intimidate|boost
|-unboost|p2a: Blacephalon|atk|1
|turn|1
|
|t:|1661087666
|switch|p2a: Ferrothorn|Ferrothorn, F|100/100
|move|p1a: Landorus|Stealth Rock|p2a: Ferrothorn
|-sidestart|p2: Kikoobuster|move: Stealth Rock
|
|upkeep
|turn|2
|
|t:|1661087674
|move|p1a: Landorus|U-turn|p2a: Ferrothorn
|-damage|p2a: Ferrothorn|88/100
|-damage|p1a: Landorus|88/100|[from] ability: Iron Barbs|[of] p2a: Ferrothorn
|-damage|p1a: Landorus|72/100|[from] item: Rocky Helmet|[of] p2a: Ferrothorn
|
|t:|1661087681
|switch|p1a: Urshifu|Urshifu-Rapid-Strike, F|100/100|[from]move: U-turn
|move|p2a: Ferrothorn|Stealth Rock|p1a: Urshifu
|-sidestart|p1: Ludwigarum|move: Stealth Rock
|
|upkeep
|turn|3
|
|t:|1661087688
|move|p1a: Urshifu|U-turn|p2a: Ferrothorn
|-damage|p2a: Ferrothorn|74/100
|-damage|p1a: Urshifu|88/100|[from] ability: Iron Barbs|[of] p2a: Ferrothorn
|-damage|p1a: Urshifu|72/100|[from] item: Rocky Helmet|[of] p2a: Ferrothorn
|
|t:|1661087694
|switch|p1a: Zapdos|Zapdos|100/100|[from]move: U-turn
|move|p2a: Ferrothorn|Knock Off|p1a: Zapdos
|-damage|p1a: Zapdos|73/100
|-enditem|p1a: Zapdos|Heavy-Duty Boots|[from] move: Knock Off|[of] p2a: Ferrothorn
|
|upkeep
|turn|4
|
|t:|1661087699
|move|p1a: Zapdos|Heat Wave|p2a: Ferrothorn
|-supereffective|p2a: Ferrothorn
|-damage|p2a: Ferrothorn|0 fnt
|faint|p2a: Ferrothorn
|
|upkeep
|
|t:|1661087716
|switch|p2a: Victini|Victini|100/100
|turn|5
|
|t:|1661087719
|move|p2a: Victini|V-create|p1a: Zapdos
|-damage|p1a: Zapdos|0 fnt
|-unboost|p2a: Victini|spe|1
|-unboost|p2a: Victini|def|1
|-unboost|p2a: Victini|spd|1
|faint|p1a: Zapdos
|
|upkeep
|
|t:|1661087732
|switch|p1a: Mew|Mew|100/100
|-damage|p1a: Mew|88/100|[from] Stealth Rock
|turn|6
|
|t:|1661087736
|move|p1a: Mew|Cosmic Power|p1a: Mew
|-boost|p1a: Mew|def|1
|-boost|p1a: Mew|spd|1
|move|p2a: Victini|U-turn|p1a: Mew
|-supereffective|p1a: Mew
|-damage|p1a: Mew|68/100
|-enditem|p1a: Mew|Weakness Policy
|-boost|p1a: Mew|atk|2|[from] item: Weakness Policy
|-boost|p1a: Mew|spa|2|[from] item: Weakness Policy
|
|t:|1661087744
|switch|p2a: Blacephalon|Blacephalon|100/100|[from]move: U-turn
|-damage|p2a: Blacephalon|76/100|[from] Stealth Rock
|
|upkeep
|turn|7
|
|t:|1661087748
|move|p2a: Blacephalon|Trick|p1a: Mew
|-activate|p2a: Blacephalon|move: Trick|[of] p1a: Mew
|-item|p1a: Mew|Choice Scarf|[from] move: Trick
|-enditem|p2a: Blacephalon|Choice Scarf|[silent]|[from] move: Trick
|move|p1a: Mew|Stored Power|p2a: Blacephalon
|-damage|p2a: Blacephalon|0 fnt
|faint|p2a: Blacephalon
|
|upkeep
|
|t:|1661087754
|switch|p2a: Tapu Lele|Tapu Lele|100/100
|-damage|p2a: Tapu Lele|88/100|[from] Stealth Rock
|-fieldstart|move: Psychic Terrain|[from] ability: Psychic Surge|[of] p2a: Tapu Lele
|turn|8
|
|t:|1661087759
|move|p1a: Mew|Stored Power|p2a: Tapu Lele
|-resisted|p2a: Tapu Lele
|-damage|p2a: Tapu Lele|16/100
|move|p2a: Tapu Lele|Moonblast|p1a: Mew
|-damage|p1a: Mew|46/100
|
|upkeep
|turn|9
|
|t:|1661087763
|move|p1a: Mew|Stored Power|p2a: Tapu Lele
|-resisted|p2a: Tapu Lele
|-damage|p2a: Tapu Lele|0 fnt
|faint|p2a: Tapu Lele
|
|upkeep
|
|t:|1661087767
|switch|p2a: Victini|Victini|100/100
|turn|10
|
|t:|1661087769
|move|p1a: Mew|Stored Power|p2a: Victini
|-resisted|p2a: Victini
|-damage|p2a: Victini|32/100
|move|p2a: Victini|V-create|p1a: Mew
|-damage|p1a: Mew|10/100
|-unboost|p2a: Victini|spe|1
|-unboost|p2a: Victini|def|1
|-unboost|p2a: Victini|spd|1
|
|upkeep
|turn|11
|
|t:|1661087773
|move|p1a: Mew|Stored Power|p2a: Victini
|-resisted|p2a: Victini
|-damage|p2a: Victini|0 fnt
|faint|p2a: Victini
|
|upkeep
|
|t:|1661087775
|switch|p2a: Tornadus|Tornadus-Therian, M|100/100
|turn|12
|
|t:|1661087778
|move|p1a: Mew|Stored Power|p2a: Tornadus
|-damage|p2a: Tornadus|0 fnt
|faint|p2a: Tornadus
|
|upkeep
|
|t:|1661087781
|switch|p2a: Toxicroak|Toxicroak, F|100/100
|-damage|p2a: Toxicroak|94/100|[from] Stealth Rock
|turn|13
|
|t:|1661087784
|move|p1a: Mew|Stored Power|p2a: Toxicroak
|-supereffective|p2a: Toxicroak
|-damage|p2a: Toxicroak|0 fnt
|faint|p2a: Toxicroak
|
|win|Ludwigarum
|raw|Ludwigarum's rating: 1313 &rarr; <strong>1335</strong><br />(+22 for winning)
|raw|Kikoobuster's rating: 1356 &rarr; <strong>1334</strong><br />(-22 for losing)
|c|☆Ludwigarum|GG
|c|☆Kikoobuster|Gg
|l|☆Kikoobuster
