|j|☆Samurhi
|j|☆Pks who dis
|t:|1624375759
|gametype|singles
|player|p1|Samurhi|169|1346
|player|p2|Pks who dis|crasherwake|1367
|teamsize|p1|6
|teamsize|p2|6
|gen|8
|tier|[Gen 8] OU
|rated|
|rule|Sleep Clause Mod: Limit one foe put to sleep
|rule|Species Clause: Limit one of each Pokémon
|rule|OHKO Clause: OHKO moves are banned
|rule|Evasion Moves Clause: Evasion moves are banned
|rule|Endless Battle Clause: Forcing endless battles is banned
|rule|HP Percentage Mod: HP is shown in percentages
|rule|Dynamax Clause: You cannot dynamax
|clearpoke
|poke|p1|Corviknight, F|
|poke|p1|Rotom-Wash|
|poke|p1|Kyurem|
|poke|p1|Tornadus-Therian, M|
|poke|p1|Landorus-Therian, M|
|poke|p1|Volcarona, M|
|poke|p2|Moltres-Galar|
|poke|p2|Zapdos|
|poke|p2|Heatran, M|
|poke|p2|Gengar, M|
|poke|p2|Cloyster, M|
|poke|p2|Nidoking, M|
|teampreview
|
|t:|1624375775
|start
|switch|p1a: Kyurem|Kyurem|100/100
|switch|p2a: Gengar|Gengar, M, shiny|100/100
|-ability|p1a: Kyurem|Pressure
|turn|1
|
|t:|1624375787
|move|p2a: Gengar|Destiny Bond|p2a: Gengar
|-singlemove|p2a: Gengar|Destiny Bond
|move|p1a: Kyurem|Earth Power|p2a: Gengar
|-supereffective|p2a: Gengar
|-damage|p2a: Gengar|0 fnt
|-start|p1a: Kyurem|Disable|Earth Power|[from] ability: Cursed Body|[of] p2a: Gengar
|faint|p2a: Gengar
|-activate|p2a: Gengar|move: Destiny Bond
|faint|p1a: Kyurem
|
|upkeep
|
|t:|1624375810
|switch|p2a: Night Gale|Moltres-Galar|100/100
|switch|p1a: Landorus|Landorus-Therian, M|100/100
|-ability|p1a: Landorus|Intimidate|boost
|-unboost|p2a: Night Gale|atk|1
|turn|2
|inactive|Battle timer is ON: inactive players will automatically lose when time's up. (requested by Pks who dis)
|
|t:|1624375841
|move|p1a: Landorus|U-turn|p2a: Night Gale
|-damage|p2a: Night Gale|76/100
|
|t:|1624375849
|switch|p1a: Rotom|Rotom-Wash|100/100|[from]move: U-turn
|move|p2a: Night Gale|Substitute|p2a: Night Gale
|-start|p2a: Night Gale|Substitute
|-damage|p2a: Night Gale|51/100
|
|-heal|p2a: Night Gale|57/100|[from] item: Leftovers
|upkeep
|turn|3
|
|t:|1624375861
|move|p2a: Night Gale|Fiery Wrath|p1a: Rotom
|-damage|p1a: Rotom|74/100
|cant|p1a: Rotom|flinch
|
|-heal|p2a: Night Gale|63/100|[from] item: Leftovers
|-heal|p1a: Rotom|80/100|[from] item: Leftovers
|upkeep
|turn|4
|
|t:|1624375874
|move|p2a: Night Gale|Nasty Plot|p2a: Night Gale
|-boost|p2a: Night Gale|spa|2
|move|p1a: Rotom|Pain Split||[still]
|-fail|p1a: Rotom
|
|-heal|p2a: Night Gale|69/100|[from] item: Leftovers
|-heal|p1a: Rotom|86/100|[from] item: Leftovers
|upkeep
|turn|5
|
|t:|1624375884
|move|p2a: Night Gale|Fiery Wrath|p1a: Rotom
|-damage|p1a: Rotom|33/100
|move|p1a: Rotom|Volt Switch|p2a: Night Gale
|-supereffective|p2a: Night Gale
|-end|p2a: Night Gale|Substitute
|
|t:|1624375895
|switch|p1a: Landorus|Landorus-Therian, M|100/100|[from]move: Volt Switch
|-ability|p1a: Landorus|Intimidate|boost
|-unboost|p2a: Night Gale|atk|1
|
|-heal|p2a: Night Gale|75/100|[from] item: Leftovers
|upkeep
|turn|6
|
|t:|1624375911
|switch|p2a: Heatran|Heatran, M, shiny|100/100
|move|p1a: Landorus|Stone Edge|p2a: Heatran
|-damage|p2a: Heatran|66/100
|
|-heal|p2a: Heatran|72/100|[from] item: Leftovers
|upkeep
|turn|7
|
|t:|1624375921
|switch|p1a: Rotom|Rotom-Wash|33/100
|move|p2a: Heatran|Magma Storm|p1a: Rotom
|-resisted|p1a: Rotom
|-crit|p1a: Rotom
|-damage|p1a: Rotom|5/100
|-activate|p1a: Rotom|move: Magma Storm|[of] p2a: Heatran
|
|-heal|p2a: Heatran|78/100|[from] item: Leftovers
|-heal|p1a: Rotom|11/100|[from] item: Leftovers
|-damage|p1a: Rotom|0 fnt|[from] move: Magma Storm|[partiallytrapped]
|faint|p1a: Rotom
|upkeep
|
|t:|1624375947
|switch|p1a: Landorus|Landorus-Therian, M|100/100
|-ability|p1a: Landorus|Intimidate|boost
|-unboost|p2a: Heatran|atk|1
|turn|8
|
|t:|1624375955
|switch|p2a: Zapdos|Zapdos, shiny|100/100
|move|p1a: Landorus|Knock Off|p2a: Zapdos
|-damage|p2a: Zapdos|74/100
|-status|p1a: Landorus|par|[from] ability: Static|[of] p2a: Zapdos
|-enditem|p2a: Zapdos|Heavy-Duty Boots|[from] move: Knock Off|[of] p1a: Landorus
|
|upkeep
|turn|9
|inactive|Samurhi has 120 seconds left.
|
|t:|1624375977
|switch|p1a: Corviknight|Corviknight, F|100/100
|-ability|p1a: Corviknight|Pressure
|move|p2a: Zapdos|U-turn|p1a: Corviknight
|-resisted|p1a: Corviknight
|-damage|p1a: Corviknight|98/100
|-damage|p2a: Zapdos|57/100|[from] item: Rocky Helmet|[of] p1a: Corviknight
|
|t:|1624375985
|switch|p2a: Nidoking|Nidoking, M, shiny|100/100|[from]move: U-turn
|
|upkeep
|turn|10
|
|t:|1624375995
|move|p2a: Nidoking|Substitute|p2a: Nidoking
|-start|p2a: Nidoking|Substitute
|-damage|p2a: Nidoking|76/100
|move|p1a: Corviknight|U-turn|p2a: Nidoking
|-resisted|p2a: Nidoking
|-activate|p2a: Nidoking|move: Substitute|[damage]
|inactive|Samurhi has 120 seconds left.
|
|t:|1624376014
|switch|p1a: Tornadus|Tornadus-Therian, M|100/100|[from]move: U-turn
|
|upkeep
|turn|11
|
|t:|1624376019
|move|p1a: Tornadus|Knock Off|p2a: Nidoking
|-end|p2a: Nidoking|Substitute
|-damage|p1a: Tornadus|90/100|[from] item: Life Orb
|move|p2a: Nidoking|Ice Beam|p1a: Tornadus
|-supereffective|p1a: Tornadus
|-damage|p1a: Tornadus|0 fnt
|faint|p1a: Tornadus
|
|upkeep
|inactive|Samurhi has 120 seconds left.
|
|t:|1624376037
|switch|p1a: Volcarona|Volcarona, M|100/100
|turn|12
|
|t:|1624376042
|switch|p2a: Heatran|Heatran, M, shiny|78/100
|move|p1a: Volcarona|Quiver Dance|p1a: Volcarona
|-boost|p1a: Volcarona|spa|1
|-boost|p1a: Volcarona|spd|1
|-boost|p1a: Volcarona|spe|1
|
|-heal|p2a: Heatran|84/100|[from] item: Leftovers
|upkeep
|turn|13
|
|t:|1624376052
|move|p1a: Volcarona|Quiver Dance|p1a: Volcarona
|-boost|p1a: Volcarona|spa|1
|-boost|p1a: Volcarona|spd|1
|-boost|p1a: Volcarona|spe|1
|move|p2a: Heatran|Taunt|p1a: Volcarona
|-start|p1a: Volcarona|move: Taunt
|
|-heal|p2a: Heatran|91/100|[from] item: Leftovers
|upkeep
|turn|14
|
|t:|1624376062
|move|p1a: Volcarona|Psychic|p2a: Heatran
|-resisted|p2a: Heatran
|-damage|p2a: Heatran|66/100
|move|p2a: Heatran|Magma Storm|p1a: Volcarona
|-damage|p1a: Volcarona|76/100
|-activate|p1a: Volcarona|move: Magma Storm|[of] p2a: Heatran
|
|-heal|p2a: Heatran|72/100|[from] item: Leftovers
|-damage|p1a: Volcarona|64/100|[from] move: Magma Storm|[partiallytrapped]
|upkeep
|turn|15
|
|t:|1624376072
|move|p1a: Volcarona|Psychic|p2a: Heatran
|-resisted|p2a: Heatran
|-damage|p2a: Heatran|47/100
|move|p2a: Heatran|Earth Power|p1a: Volcarona
|-damage|p1a: Volcarona|50/100
|
|-heal|p2a: Heatran|53/100|[from] item: Leftovers
|-damage|p1a: Volcarona|37/100|[from] move: Magma Storm|[partiallytrapped]
|upkeep
|turn|16
|
|t:|1624376082
|move|p1a: Volcarona|Psychic|p2a: Heatran
|-resisted|p2a: Heatran
|-damage|p2a: Heatran|30/100
|move|p2a: Heatran|Magma Storm|p1a: Volcarona
|-damage|p1a: Volcarona|14/100
|
|-heal|p2a: Heatran|37/100|[from] item: Leftovers
|-damage|p1a: Volcarona|2/100|[from] move: Magma Storm|[partiallytrapped]
|-end|p1a: Volcarona|move: Taunt
|upkeep
|turn|17
|
|t:|1624376095
|move|p1a: Volcarona|Psychic|p2a: Heatran
|-resisted|p2a: Heatran
|-damage|p2a: Heatran|14/100
|move|p2a: Heatran|Taunt|p1a: Volcarona
|-start|p1a: Volcarona|move: Taunt
|
|-heal|p2a: Heatran|21/100|[from] item: Leftovers
|-damage|p1a: Volcarona|0 fnt|[from] move: Magma Storm|[partiallytrapped]
|faint|p1a: Volcarona
|upkeep
|-message|Samurhi forfeited.
|
|win|Pks who dis
|raw|Samurhi's rating: 1346 &rarr; <strong>1327</strong><br />(-19 for losing)
|raw|Pks who dis's rating: 1367 &rarr; <strong>1386</strong><br />(+19 for winning)
|l|☆Samurhi
