|j|☆tanishq1
|j|☆Coach from L4D2
|t:|1652615329
|gametype|singles
|player|p1|tanishq1|102|1803
|player|p2|Coach from L4D2|linebacker|1807
|teamsize|p1|6
|teamsize|p2|6
|gen|8
|tier|[Gen 8] OU
|rated|
|rule|Sleep Clause Mod: Limit one foe put to sleep
|rule|Species Clause: Limit one of each Pokémon
|rule|OHKO Clause: OHKO moves are banned
|rule|Evasion Moves Clause: Evasion moves are banned
|rule|Endless Battle Clause: Forcing endless battles is banned
|rule|HP Percentage Mod: HP is shown in percentages
|rule|Dynamax Clause: You cannot dynamax
|clearpoke
|poke|p1|Exploud, M|
|poke|p1|Keldeo-Resolute|
|poke|p1|Weavile, M|
|poke|p1|Landorus-Therian, M|
|poke|p1|Aegislash, F|
|poke|p1|Tornadus-Therian, M|
|poke|p2|Tapu Koko|
|poke|p2|Raichu-Alola, F|
|poke|p2|Blissey, F|
|poke|p2|Weezing-Galar, M|
|poke|p2|Ferrothorn, M|
|poke|p2|Garchomp, M|
|teampreview
|inactive|Battle timer is ON: inactive players will automatically lose when time's up. (requested by tanishq1)
|
|t:|1652615340
|start
|switch|p1a: Exploud|Exploud, M, shiny|100/100
|switch|p2a: Wave|Tapu Koko|100/100
|-fieldstart|move: Electric Terrain|[from] ability: Electric Surge|[of] p2a: Wave
|turn|1
|
|t:|1652615347
|move|p2a: Wave|U-turn|p1a: Exploud
|-damage|p1a: Exploud|78/100
|
|t:|1652615349
|switch|p2a: Blissey|Blissey, F|100/100|[from]move: U-turn
|move|p1a: Exploud|Boomburst|p2a: Blissey
|-damage|p2a: Blissey|65/100
|
|upkeep
|turn|2
|
|t:|1652615365
|switch|p1a: Keldeo|Keldeo-Resolute|100/100
|move|p2a: Blissey|Soft-Boiled|p2a: Blissey
|-heal|p2a: Blissey|100/100
|
|upkeep
|turn|3
|
|t:|1652615371
|move|p1a: Keldeo|Hydro Pump|p2a: Blissey|[miss]
|-miss|p1a: Keldeo|p2a: Blissey
|move|p2a: Blissey|Teleport|p2a: Blissey
|
|t:|1652615374
|switch|p2a: Valentine|Raichu-Alola, F, shiny|100/100|[from]move: Teleport
|
|upkeep
|turn|4
|
|t:|1652615388
|switch|p1a: Aegislash|Aegislash, F, shiny|100/100
|move|p2a: Valentine|Nasty Plot|p2a: Valentine
|-boost|p2a: Valentine|spa|2
|
|upkeep
|turn|5
|j| ghyuyyy
|
|t:|1652615401
|switch|p2a: Prosperity|Weezing-Galar, M|100/100
|move|p1a: Aegislash|King's Shield||[still]
|-fail|p1a: Aegislash
|
|upkeep
|turn|6
|
|t:|1652615410
|switch|p2a: Blissey|Blissey, F|100/100
|-formechange|p1a: Aegislash|Aegislash-Blade||[from] ability: Stance Change
|move|p1a: Aegislash|Shadow Ball|p2a: Blissey
|-immune|p2a: Blissey
|
|upkeep
|turn|7
|
|t:|1652615414
|move|p1a: Aegislash|Substitute|p1a: Aegislash
|-start|p1a: Aegislash|Substitute
|-damage|p1a: Aegislash|75/100
|move|p2a: Blissey|Teleport|p2a: Blissey
|
|t:|1652615418
|switch|p2a: Sundowner|Ferrothorn, M|100/100|[from]move: Teleport
|
|-heal|p1a: Aegislash|82/100|[from] item: Leftovers
|upkeep
|turn|8
|
|t:|1652615421
|-formechange|p1a: Aegislash|Aegislash||[from] ability: Stance Change
|move|p1a: Aegislash|King's Shield|p1a: Aegislash
|-singleturn|p1a: Aegislash|Protect
|move|p2a: Sundowner|Stealth Rock|p1a: Aegislash
|-sidestart|p1: tanishq1|move: Stealth Rock
|
|-heal|p1a: Aegislash|88/100|[from] item: Leftovers
|-fieldend|move: Electric Terrain
|upkeep
|turn|9
|
|t:|1652615424
|-formechange|p1a: Aegislash|Aegislash-Blade||[from] ability: Stance Change
|move|p1a: Aegislash|Shadow Ball|p2a: Sundowner
|-damage|p2a: Sundowner|76/100
|move|p2a: Sundowner|Knock Off|p1a: Aegislash
|-supereffective|p1a: Aegislash
|-end|p1a: Aegislash|Substitute
|
|-heal|p1a: Aegislash|94/100|[from] item: Leftovers
|-heal|p2a: Sundowner|83/100|[from] item: Leftovers
|upkeep
|turn|10
|j| Lunatic105
|
|t:|1652615429
|switch|p1a: Tornadus|Tornadus-Therian, M, shiny|100/100
|move|p2a: Sundowner|Leech Seed|p1a: Tornadus|[miss]
|-miss|p2a: Sundowner|p1a: Tornadus
|
|-heal|p2a: Sundowner|89/100|[from] item: Leftovers
|upkeep
|turn|11
|
|t:|1652615433
|move|p1a: Tornadus|Defog|p2a: Sundowner
|-unboost|p2a: Sundowner|evasion|1
|-sideend|p1: tanishq1|Stealth Rock|[from] move: Defog|[of] p1a: Tornadus
|move|p2a: Sundowner|Knock Off|p1a: Tornadus
|-damage|p1a: Tornadus|77/100
|-enditem|p1a: Tornadus|Heavy-Duty Boots|[from] move: Knock Off|[of] p2a: Sundowner
|
|-heal|p2a: Sundowner|95/100|[from] item: Leftovers
|upkeep
|turn|12
|
|t:|1652615437
|move|p1a: Tornadus|Knock Off|p2a: Sundowner
|-damage|p2a: Sundowner|80/100
|-damage|p1a: Tornadus|65/100|[from] ability: Iron Barbs|[of] p2a: Sundowner
|-enditem|p2a: Sundowner|Leftovers|[from] move: Knock Off|[of] p1a: Tornadus
|move|p2a: Sundowner|Stealth Rock|p1a: Tornadus
|-sidestart|p1: tanishq1|move: Stealth Rock
|
|upkeep
|turn|13
|
|t:|1652615439
|move|p1a: Tornadus|Defog|p2a: Sundowner
|-unboost|p2a: Sundowner|evasion|1
|-sideend|p1: tanishq1|Stealth Rock|[from] move: Defog|[of] p1a: Tornadus
|move|p2a: Sundowner|Leech Seed|p1a: Tornadus
|-start|p1a: Tornadus|move: Leech Seed
|
|-damage|p1a: Tornadus|52/100|[from] Leech Seed|[of] p2a: Sundowner
|-heal|p2a: Sundowner|93/100|[silent]
|upkeep
|turn|14
|
|t:|1652615442
|switch|p1a: Keldeo|Keldeo-Resolute|100/100
|move|p2a: Sundowner|Stealth Rock|p1a: Keldeo
|-sidestart|p1: tanishq1|move: Stealth Rock
|
|upkeep
|turn|15
|j| 0SiegeWarfare
|
|t:|1652615448
|switch|p2a: Prosperity|Weezing-Galar, M|100/100
|move|p1a: Keldeo|Secret Sword|p2a: Prosperity
|-resisted|p2a: Prosperity
|-damage|p2a: Prosperity|89/100
|
|upkeep
|turn|16
|
|t:|1652615458
|switch|p1a: Tornadus|Tornadus-Therian, M, shiny|85/100
|-damage|p1a: Tornadus|60/100|[from] Stealth Rock
|move|p2a: Prosperity|Flamethrower|p1a: Tornadus
|-damage|p1a: Tornadus|42/100
|
|upkeep
|turn|17
|
|t:|1652615461
|move|p1a: Tornadus|Defog|p2a: Prosperity
|-unboost|p2a: Prosperity|evasion|1
|-sideend|p1: tanishq1|Stealth Rock|[from] move: Defog|[of] p1a: Tornadus
|move|p2a: Prosperity|Strange Steam|p1a: Tornadus
|-damage|p1a: Tornadus|15/100
|
|upkeep
|turn|18
|
|t:|1652615468
|move|p1a: Tornadus|U-turn|p2a: Prosperity
|-resisted|p2a: Prosperity
|-damage|p2a: Prosperity|87/100
|-damage|p1a: Tornadus|0 fnt|[from] item: Rocky Helmet|[of] p2a: Prosperity
|faint|p1a: Tornadus
|move|p2a: Prosperity|Flamethrower|p1: Tornadus|[notarget]
|-fail|p2a: Prosperity
|
|upkeep
|
|t:|1652615473
|switch|p1a: Keldeo|Keldeo-Resolute|100/100
|turn|19
|
|t:|1652615484
|move|p1a: Keldeo|Hydro Pump|p2a: Prosperity
|-damage|p2a: Prosperity|0 fnt
|faint|p2a: Prosperity
|
|upkeep
|
|t:|1652615486
|switch|p2a: Wave|Tapu Koko|100/100
|-fieldstart|move: Electric Terrain|[from] ability: Electric Surge|[of] p2a: Wave
|turn|20
|
|t:|1652615494
|switch|p1a: Landorus|Landorus-Therian, M|100/100
|-ability|p1a: Landorus|Intimidate|boost
|-unboost|p2a: Wave|atk|1
|move|p2a: Wave|U-turn|p1a: Landorus
|-resisted|p1a: Landorus
|-damage|p1a: Landorus|95/100
|
|t:|1652615496
|switch|p2a: Terraform|Garchomp, M|100/100|[from]move: U-turn
|
|-heal|p1a: Landorus|100/100|[from] item: Leftovers
|upkeep
|turn|21
|
|t:|1652615498
|move|p2a: Terraform|Swords Dance|p2a: Terraform
|-boost|p2a: Terraform|atk|2
|move|p1a: Landorus|Toxic|p2a: Terraform
|-status|p2a: Terraform|tox
|
|-damage|p2a: Terraform|94/100 tox|[from] psn
|upkeep
|turn|22
|
|t:|1652615502
|move|p2a: Terraform|Scale Shot|p1a: Landorus
|-damage|p1a: Landorus|73/100
|-damage|p1a: Landorus|46/100
|-hitcount|p1a: Landorus|2
|-unboost|p2a: Terraform|def|1
|-boost|p2a: Terraform|spe|1
|move|p1a: Landorus|U-turn|p2a: Terraform
|-damage|p2a: Terraform|61/100 tox
|-damage|p1a: Landorus|34/100|[from] ability: Rough Skin|[of] p2a: Terraform
|
|t:|1652615506
|switch|p1a: Weavile|Weavile, M, shiny|100/100|[from]move: U-turn
|-ability|p1a: Weavile|Pressure
|
|-heal|p2a: Terraform|67/100 tox|[from] item: Leftovers
|-damage|p2a: Terraform|55/100 tox|[from] psn
|upkeep
|turn|23
|
|t:|1652615511
|move|p1a: Weavile|Ice Shard|p2a: Terraform
|-supereffective|p2a: Terraform
|-damage|p2a: Terraform|0 fnt
|faint|p2a: Terraform
|
|upkeep
|
|t:|1652615513
|switch|p2a: Valentine|Raichu-Alola, F, shiny|100/100
|turn|24
|
|t:|1652615517
|switch|p1a: Landorus|Landorus-Therian, M|34/100
|-ability|p1a: Landorus|Intimidate|boost
|-unboost|p2a: Valentine|atk|1
|move|p2a: Valentine|Rising Voltage|p1a: Landorus
|-immune|p1a: Landorus
|
|-heal|p1a: Landorus|40/100|[from] item: Leftovers
|upkeep
|turn|25
|
|t:|1652615521
|switch|p1a: Aegislash|Aegislash, F, shiny|94/100
|move|p2a: Valentine|Surf|p1a: Aegislash
|-damage|p1a: Aegislash|72/100
|-damage|p2a: Valentine|91/100|[from] item: Life Orb
|
|-heal|p1a: Aegislash|79/100|[from] item: Leftovers
|upkeep
|turn|26
|
|t:|1652615526
|switch|p1a: Keldeo|Keldeo-Resolute|100/100
|move|p2a: Valentine|Rising Voltage|p1a: Keldeo
|-hint|Rising Voltage's BP doubled on grounded target.
|-supereffective|p1a: Keldeo
|-damage|p1a: Keldeo|0 fnt
|faint|p1a: Keldeo
|-damage|p2a: Valentine|81/100|[from] item: Life Orb
|
|upkeep
|
|t:|1652615529
|switch|p1a: Aegislash|Aegislash, F, shiny|79/100
|turn|27
|j| Whiteout 75
|
|t:|1652615538
|switch|p2a: Sundowner|Ferrothorn, M|93/100
|-formechange|p1a: Aegislash|Aegislash-Blade||[from] ability: Stance Change
|move|p1a: Aegislash|Shadow Ball|p2a: Sundowner
|-damage|p2a: Sundowner|66/100
|
|-heal|p1a: Aegislash|85/100|[from] item: Leftovers
|-fieldend|move: Electric Terrain
|upkeep
|turn|28
|
|t:|1652615545
|switch|p1a: Exploud|Exploud, M, shiny|78/100
|move|p2a: Sundowner|Stealth Rock|p1a: Exploud
|-sidestart|p1: tanishq1|move: Stealth Rock
|
|upkeep
|turn|29
|
|t:|1652615551
|switch|p1a: Weavile|Weavile, M, shiny|100/100
|-ability|p1a: Weavile|Pressure
|switch|p2a: Blissey|Blissey, F|100/100
|
|upkeep
|turn|30
|
|t:|1652615557
|switch|p2a: Sundowner|Ferrothorn, M|66/100
|move|p1a: Weavile|Triple Axel|p2a: Sundowner
|-damage|p2a: Sundowner|59/100
|-damage|p1a: Weavile|88/100|[from] ability: Iron Barbs|[of] p2a: Sundowner
|-damage|p2a: Sundowner|43/100
|-damage|p1a: Weavile|76/100|[from] ability: Iron Barbs|[of] p2a: Sundowner
|-damage|p2a: Sundowner|22/100
|-damage|p1a: Weavile|63/100|[from] ability: Iron Barbs|[of] p2a: Sundowner
|-hitcount|p2a: Sundowner|3
|
|upkeep
|turn|31
|
|t:|1652615565
|move|p1a: Weavile|Triple Axel|p2a: Sundowner
|-damage|p2a: Sundowner|14/100
|-damage|p1a: Weavile|51/100|[from] ability: Iron Barbs|[of] p2a: Sundowner
|-damage|p2a: Sundowner|0 fnt
|-damage|p1a: Weavile|38/100|[from] ability: Iron Barbs|[of] p2a: Sundowner
|faint|p2a: Sundowner
|-hitcount|p2: Sundowner|2
|
|upkeep
|
|t:|1652615567
|switch|p2a: Wave|Tapu Koko|100/100
|-fieldstart|move: Electric Terrain|[from] ability: Electric Surge|[of] p2a: Wave
|turn|32
|
|t:|1652615569
|switch|p1a: Landorus|Landorus-Therian, M|40/100
|-damage|p1a: Landorus|28/100|[from] Stealth Rock
|-ability|p1a: Landorus|Intimidate|boost
|-unboost|p2a: Wave|atk|1
|move|p2a: Wave|Dazzling Gleam|p1a: Landorus
|-damage|p1a: Landorus|3/100
|
|-heal|p1a: Landorus|9/100|[from] item: Leftovers
|upkeep
|turn|33
|
|t:|1652615571
|move|p2a: Wave|Dazzling Gleam|p1a: Landorus
|-damage|p1a: Landorus|0 fnt
|faint|p1a: Landorus
|
|upkeep
|
|t:|1652615574
|switch|p1a: Aegislash|Aegislash, F, shiny|85/100
|-damage|p1a: Aegislash|79/100|[from] Stealth Rock
|turn|34
|
|t:|1652615579
|move|p2a: Wave|Thunderbolt|p1a: Aegislash
|-damage|p1a: Aegislash|50/100
|move|p1a: Aegislash|Toxic|p2a: Wave
|-status|p2a: Wave|tox
|
|-heal|p1a: Aegislash|57/100|[from] item: Leftovers
|-damage|p2a: Wave|94/100 tox|[from] psn
|upkeep
|turn|35
|
|t:|1652615588
|switch|p2a: Valentine|Raichu-Alola, F, shiny|81/100
|move|p1a: Aegislash|King's Shield||[still]
|-fail|p1a: Aegislash
|
|-heal|p1a: Aegislash|63/100|[from] item: Leftovers
|upkeep
|turn|36
|
|t:|1652615592
|move|p2a: Valentine|Rising Voltage|p1a: Aegislash
|-hint|Rising Voltage's BP doubled on grounded target.
|-damage|p1a: Aegislash|0 fnt
|faint|p1a: Aegislash
|-damage|p2a: Valentine|71/100|[from] item: Life Orb
|
|upkeep
|
|t:|1652615598
|switch|p1a: Exploud|Exploud, M, shiny|78/100
|-damage|p1a: Exploud|66/100|[from] Stealth Rock
|turn|37
|
|t:|1652615600
|move|p2a: Valentine|Rising Voltage|p1a: Exploud
|-hint|Rising Voltage's BP doubled on grounded target.
|-damage|p1a: Exploud|0 fnt
|faint|p1a: Exploud
|-damage|p2a: Valentine|61/100|[from] item: Life Orb
|
|upkeep
|l| 0SiegeWarfare
|
|t:|1652615606
|switch|p1a: Weavile|Weavile, M, shiny|38/100
|-ability|p1a: Weavile|Pressure
|turn|38
|
|t:|1652615608
|move|p1a: Weavile|Ice Shard|p2a: Valentine
|-damage|p2a: Valentine|19/100
|move|p2a: Valentine|Rising Voltage|p1a: Weavile
|-hint|Rising Voltage's BP doubled on grounded target.
|-damage|p1a: Weavile|0 fnt
|faint|p1a: Weavile
|-damage|p2a: Valentine|9/100|[from] item: Life Orb
|
|win|Coach from L4D2
|raw|tanishq1's rating: 1803 &rarr; <strong>1783</strong><br />(-20 for losing)
|raw|Coach from L4D2's rating: 1807 &rarr; <strong>1827</strong><br />(+20 for winning)
|l|☆tanishq1
|l| Whiteout 75
