|j|☆Steelix Fusion
|j|‽gittt rekttt BOY
|t:|1657343400
|gametype|singles
|player|p1|Steelix Fusion|marshal|1760
|player|p2|gittt rekttt BOY|lucas-gen4pt|1766
|teamsize|p1|6
|teamsize|p2|6
|gen|8
|tier|[Gen 8] OU
|rated|
|rule|Sleep Clause Mod: Limit one foe put to sleep
|rule|Species Clause: Limit one of each Pokémon
|rule|OHKO Clause: OHKO moves are banned
|rule|Evasion Moves Clause: Evasion moves are banned
|rule|Endless Battle Clause: Forcing endless battles is banned
|rule|HP Percentage Mod: HP is shown in percentages
|rule|Dynamax Clause: You cannot dynamax
|clearpoke
|poke|p1|Ninetales-Alola, F|
|poke|p1|Klefki, M|
|poke|p1|Scolipede, M|
|poke|p1|Gyarados, M|
|poke|p1|Garchomp, F|
|poke|p1|Blaziken, F|
|poke|p2|Chansey, F|
|poke|p2|Landorus-Therian, M|
|poke|p2|Dragapult, F|
|poke|p2|Toxapex, M|
|poke|p2|Corviknight, F|
|poke|p2|Keldeo-Resolute|
|teampreview
|j| BabyPigsAreLaughin
|inactive|Battle timer is ON: inactive players will automatically lose when time's up. (requested by Steelix Fusion)
|c|☆Steelix Fusion|hail
|c|☆Steelix Fusion|should get a defensive boost
|c|☆Steelix Fusion|ice shield
|c|☆Steelix Fusion|50% from contact movesd
|inactive|Steelix Fusion has 120 seconds left.
|j| practicinq
|j| Biglargemarge
|j| Lordtallboat
|j| nodragondanceinrb
|j| GoldenStateIdiots
|c| BabyPigsAreLaughin|Like Sandstorm gives rock types a boost in special defense, right?
|c|☆Steelix Fusion|yeah
|c|☆Steelix Fusion|exactly
|c|☆Steelix Fusion|but
|c|☆Steelix Fusion|-50% from contact moves
|inactive|Steelix Fusion has 90 seconds left.
|c|☆Steelix Fusion|while in hail
|
|t:|1657343474
|start
|switch|p1a: Ninetales|Ninetales-Alola, F|100/100
|switch|p2a: Landorus|Landorus-Therian, M|100/100
|-weather|Hail|[from] ability: Snow Warning|[of] p1a: Ninetales
|-ability|p2a: Landorus|Intimidate|boost
|-unboost|p1a: Ninetales|atk|1
|turn|1
|
|t:|1657343483
|switch|p2a: Chansey|Chansey, F|100/100
|move|p1a: Ninetales|Safeguard|p1a: Ninetales
|-sidestart|p1: Steelix Fusion|Safeguard
|
|-weather|Hail|[upkeep]
|-damage|p2a: Chansey|94/100|[from] Hail
|upkeep
|turn|2
|c| BabyPigsAreLaughin|That would be great. Hail would be top tier.
|
|t:|1657343488
|move|p1a: Ninetales|Aurora Veil|p1a: Ninetales
|-sidestart|p1: Steelix Fusion|move: Aurora Veil
|move|p2a: Chansey|Thunder Wave|p1a: Ninetales
|-activate|p1a: Ninetales|move: Safeguard
|
|-weather|Hail|[upkeep]
|-damage|p2a: Chansey|88/100|[from] Hail
|upkeep
|turn|3
|
|t:|1657343493
|move|p1a: Ninetales|Encore|p2a: Chansey
|-start|p2a: Chansey|Encore
|move|p2a: Chansey|Thunder Wave|p1a: Ninetales
|-activate|p1a: Ninetales|move: Safeguard
|
|-weather|Hail|[upkeep]
|-damage|p2a: Chansey|82/100|[from] Hail
|upkeep
|turn|4
|
|t:|1657343501
|switch|p1a: Garchomp|Garchomp, F|100/100
|move|p2a: Chansey|Thunder Wave|p1a: Garchomp
|-immune|p1a: Garchomp
|
|-weather|Hail|[upkeep]
|-damage|p1a: Garchomp|94/100|[from] Hail
|-damage|p2a: Chansey|76/100|[from] Hail
|upkeep
|turn|5
|
|t:|1657343508
|switch|p2a: Corviknight|Corviknight, F|100/100
|-ability|p2a: Corviknight|Pressure
|move|p1a: Garchomp|Swords Dance|p1a: Garchomp
|-boost|p1a: Garchomp|atk|2
|
|-weather|none
|-sideend|p1: Steelix Fusion|Safeguard
|upkeep
|turn|6
|
|t:|1657343515
|move|p1a: Garchomp|Fire Fang|p2a: Corviknight
|-supereffective|p2a: Corviknight
|-damage|p2a: Corviknight|29/100
|-damage|p1a: Garchomp|78/100|[from] item: Rocky Helmet|[of] p2a: Corviknight
|-damage|p1a: Garchomp|68/100|[from] item: Life Orb
|move|p2a: Corviknight|Iron Defense|p2a: Corviknight
|-boost|p2a: Corviknight|def|2
|
|upkeep
|turn|7
|
|t:|1657343526
|move|p1a: Garchomp|Fire Fang|p2a: Corviknight
|-supereffective|p2a: Corviknight
|-damage|p2a: Corviknight|0 fnt
|-damage|p1a: Garchomp|51/100|[from] item: Rocky Helmet|[of] p2a: Corviknight
|faint|p2a: Corviknight
|-damage|p1a: Garchomp|42/100|[from] item: Life Orb
|
|upkeep
|
|t:|1657343543
|switch|p2a: Keldeo|Keldeo-Resolute|100/100
|turn|8
|
|t:|1657343552
|switch|p1a: Gyarados|Gyarados, M, shiny|100/100
|move|p2a: Keldeo|Scald|p1a: Gyarados
|-resisted|p1a: Gyarados
|-damage|p1a: Gyarados|88/100
|
|-heal|p1a: Gyarados|94/100|[from] item: Leftovers
|upkeep
|turn|9
|
|t:|1657343559
|switch|p2a: Toxapex|Toxapex, M|100/100
|move|p1a: Gyarados|Dragon Dance|p1a: Gyarados
|-boost|p1a: Gyarados|atk|1
|-boost|p1a: Gyarados|spe|1
|
|-heal|p1a: Gyarados|99/100|[from] item: Leftovers
|-sideend|p1: Steelix Fusion|move: Aurora Veil
|upkeep
|turn|10
|
|t:|1657343566
|move|p1a: Gyarados|Earthquake|p2a: Toxapex
|-supereffective|p2a: Toxapex
|-damage|p2a: Toxapex|37/100
|move|p2a: Toxapex|Haze|p2a: Toxapex
|-clearallboost
|
|-heal|p1a: Gyarados|100/100|[from] item: Leftovers
|upkeep
|turn|11
|
|t:|1657343572
|switch|p2a: Dragapult|Dragapult, F|100/100
|move|p1a: Gyarados|Dragon Dance|p1a: Gyarados
|-boost|p1a: Gyarados|atk|1
|-boost|p1a: Gyarados|spe|1
|
|upkeep
|turn|12
|
|t:|1657343578
|move|p2a: Dragapult|Will-O-Wisp|p1a: Gyarados
|-status|p1a: Gyarados|brn
|move|p1a: Gyarados|Dragon Dance|p1a: Gyarados
|-boost|p1a: Gyarados|atk|1
|-boost|p1a: Gyarados|spe|1
|
|-damage|p1a: Gyarados|94/100 brn|[from] brn
|upkeep
|turn|13
|
|t:|1657343586
|move|p1a: Gyarados|Dragon Dance|p1a: Gyarados
|-boost|p1a: Gyarados|atk|1
|-boost|p1a: Gyarados|spe|1
|move|p2a: Dragapult|Hex|p1a: Gyarados
|-damage|p1a: Gyarados|47/100 brn
|
|-heal|p1a: Gyarados|53/100 brn|[from] item: Leftovers
|-damage|p1a: Gyarados|47/100 brn|[from] brn
|upkeep
|turn|14
|l| GoldenStateIdiots
|
|t:|1657343594
|move|p1a: Gyarados|Bounce||[still]
|-prepare|p1a: Gyarados|Bounce
|move|p2a: Dragapult|Hex|p1a: Gyarados|[miss]
|-miss|p2a: Dragapult|p1a: Gyarados
|
|-heal|p1a: Gyarados|53/100 brn|[from] item: Leftovers
|-damage|p1a: Gyarados|47/100 brn|[from] brn
|upkeep
|turn|15
|
|t:|1657343601
|switch|p2a: Toxapex|Toxapex, M|71/100
|move|p1a: Gyarados|Bounce|p2a: Toxapex|[from]lockedmove
|-damage|p2a: Toxapex|33/100
|-damage|p1a: Gyarados|30/100 brn|[from] item: Rocky Helmet|[of] p2a: Toxapex
|
|-heal|p1a: Gyarados|36/100 brn|[from] item: Leftovers
|-damage|p1a: Gyarados|30/100 brn|[from] brn
|upkeep
|turn|16
|
|t:|1657343623
|switch|p2a: Keldeo|Keldeo-Resolute|100/100
|move|p1a: Gyarados|Waterfall|p2a: Keldeo
|-resisted|p2a: Keldeo
|-damage|p2a: Keldeo|69/100
|
|-heal|p1a: Gyarados|36/100 brn|[from] item: Leftovers
|-heal|p2a: Keldeo|75/100|[from] item: Leftovers
|-damage|p1a: Gyarados|30/100 brn|[from] brn
|upkeep
|turn|17
|c| BabyPigsAreLaughin|Rocky Helmet does too much damage.
|
|t:|1657343632
|move|p1a: Gyarados|Waterfall|p2a: Keldeo
|-resisted|p2a: Keldeo
|-damage|p2a: Keldeo|44/100
|move|p2a: Keldeo|Scald|p1a: Gyarados
|-resisted|p1a: Gyarados
|-damage|p1a: Gyarados|5/100 brn
|
|-heal|p1a: Gyarados|11/100 brn|[from] item: Leftovers
|-heal|p2a: Keldeo|50/100|[from] item: Leftovers
|-damage|p1a: Gyarados|5/100 brn|[from] brn
|upkeep
|turn|18
|j| Mingan Su
|
|t:|1657343641
|move|p1a: Gyarados|Earthquake|p2a: Keldeo
|-damage|p2a: Keldeo|0 fnt
|faint|p2a: Keldeo
|-ability|p1a: Gyarados|Moxie|boost
|-boost|p1a: Gyarados|atk|1
|
|-heal|p1a: Gyarados|11/100 brn|[from] item: Leftovers
|-damage|p1a: Gyarados|5/100 brn|[from] brn
|upkeep
|
|t:|1657343647
|switch|p2a: Dragapult|Dragapult, F|100/100
|turn|19
|
|t:|1657343650
|move|p1a: Gyarados|Bounce||[still]
|-prepare|p1a: Gyarados|Bounce
|move|p2a: Dragapult|Hex|p1a: Gyarados|[miss]
|-miss|p2a: Dragapult|p1a: Gyarados
|
|-heal|p1a: Gyarados|11/100 brn|[from] item: Leftovers
|-damage|p1a: Gyarados|5/100 brn|[from] brn
|upkeep
|turn|20
|
|t:|1657343656
|move|p1a: Gyarados|Bounce|p2a: Dragapult|[from]lockedmove
|-damage|p2a: Dragapult|18/100
|move|p2a: Dragapult|Hex|p1a: Gyarados
|-damage|p1a: Gyarados|0 fnt
|faint|p1a: Gyarados
|
|-heal|p2a: Dragapult|24/100|[from] item: Leftovers
|upkeep
|j| KMTQ1
|
|t:|1657343664
|switch|p1a: Ninetales|Ninetales-Alola, F|100/100
|-weather|Hail|[from] ability: Snow Warning|[of] p1a: Ninetales
|turn|21
|
|t:|1657343673
|switch|p2a: Chansey|Chansey, F|76/100
|move|p1a: Ninetales|Aurora Veil|p1a: Ninetales
|-sidestart|p1: Steelix Fusion|move: Aurora Veil
|
|-weather|Hail|[upkeep]
|-damage|p2a: Chansey|70/100|[from] Hail
|upkeep
|turn|22
|
|t:|1657343679
|move|p1a: Ninetales|Safeguard|p1a: Ninetales
|-sidestart|p1: Steelix Fusion|Safeguard
|move|p2a: Chansey|Wish|p2a: Chansey
|
|-weather|Hail|[upkeep]
|-damage|p2a: Chansey|64/100|[from] Hail
|upkeep
|turn|23
|
|t:|1657343684
|switch|p2a: Toxapex|Toxapex, M|67/100
|move|p1a: Ninetales|Freeze-Dry|p2a: Toxapex
|-supereffective|p2a: Toxapex
|-damage|p2a: Toxapex|29/100
|
|-weather|Hail|[upkeep]
|-damage|p2a: Toxapex|23/100|[from] Hail
|-heal|p2a: Toxapex|100/100|[from] move: Wish|[wisher] Chansey
|upkeep
|turn|24
|j| imzosi
|c| Biglargemarge|what that klefki do
|
|t:|1657343696
|switch|p1a: Garchomp|Garchomp, F|42/100
|move|p2a: Toxapex|Scald|p1a: Garchomp
|-damage|p1a: Garchomp|32/100
|
|-weather|Hail|[upkeep]
|-damage|p1a: Garchomp|26/100|[from] Hail
|-damage|p2a: Toxapex|94/100|[from] Hail
|upkeep
|turn|25
|
|t:|1657343705
|switch|p2a: Landorus|Landorus-Therian, M|100/100
|-ability|p2a: Landorus|Intimidate|boost
|-unboost|p1a: Garchomp|atk|1
|move|p1a: Garchomp|Swords Dance|p1a: Garchomp
|-boost|p1a: Garchomp|atk|2
|
|-weather|none
|upkeep
|turn|26
|
|t:|1657343712
|move|p1a: Garchomp|Scale Shot|p2a: Landorus
|-damage|p2a: Landorus|75/100
|-damage|p2a: Landorus|45/100
|-crit|p2a: Landorus
|-damage|p2a: Landorus|4/100
|-hitcount|p2a: Landorus|3
|-unboost|p1a: Garchomp|def|1
|-boost|p1a: Garchomp|spe|1
|-damage|p1a: Garchomp|16/100|[from] item: Life Orb
|move|p2a: Landorus|Earthquake|p1a: Garchomp
|-damage|p1a: Garchomp|0 fnt
|faint|p1a: Garchomp
|
|-heal|p2a: Landorus|10/100|[from] item: Leftovers
|-sideend|p1: Steelix Fusion|Safeguard
|upkeep
|
|t:|1657343726
|switch|p1a: Ninetales|Ninetales-Alola, F|100/100
|-weather|Hail|[from] ability: Snow Warning|[of] p1a: Ninetales
|turn|27
|
|t:|1657343732
|switch|p2a: Chansey|Chansey, F|64/100
|move|p1a: Ninetales|Freeze-Dry|p2a: Chansey
|-damage|p2a: Chansey|57/100
|-status|p2a: Chansey|frz
|
|-weather|Hail|[upkeep]
|-damage|p2a: Chansey|51/100 frz|[from] Hail
|upkeep
|turn|28
|j| Zmaslan902100
|
|t:|1657343740
|move|p1a: Ninetales|Safeguard|p1a: Ninetales
|-sidestart|p1: Steelix Fusion|Safeguard
|-curestatus|p2a: Chansey|frz|[msg]
|move|p2a: Chansey|Soft-Boiled|p2a: Chansey
|-heal|p2a: Chansey|100/100
|
|-weather|Hail|[upkeep]
|-damage|p2a: Chansey|94/100|[from] Hail
|-sideend|p1: Steelix Fusion|move: Aurora Veil
|upkeep
|turn|29
|
|t:|1657343747
|move|p1a: Ninetales|Encore|p2a: Chansey
|-start|p2a: Chansey|Encore
|move|p2a: Chansey|Soft-Boiled|p2a: Chansey
|-heal|p2a: Chansey|100/100
|
|-weather|Hail|[upkeep]
|-damage|p2a: Chansey|94/100|[from] Hail
|upkeep
|turn|30
|
|t:|1657343757
|move|p1a: Ninetales|Aurora Veil|p1a: Ninetales
|-sidestart|p1: Steelix Fusion|move: Aurora Veil
|move|p2a: Chansey|Soft-Boiled|p2a: Chansey
|-heal|p2a: Chansey|100/100
|
|-weather|Hail|[upkeep]
|-damage|p2a: Chansey|94/100|[from] Hail
|upkeep
|turn|31
|
|t:|1657343764
|switch|p1a: Blaziken|Blaziken, F|100/100
|move|p2a: Chansey|Soft-Boiled|p2a: Chansey
|-heal|p2a: Chansey|100/100
|
|-weather|none
|-end|p2a: Chansey|Encore
|upkeep
|turn|32
|
|t:|1657343770
|switch|p2a: Landorus|Landorus-Therian, M|10/100
|-ability|p2a: Landorus|Intimidate|boost
|-unboost|p1a: Blaziken|atk|1
|move|p1a: Blaziken|Swords Dance|p1a: Blaziken
|-boost|p1a: Blaziken|atk|2
|
|-heal|p2a: Landorus|16/100|[from] item: Leftovers
|-sideend|p1: Steelix Fusion|Safeguard
|-ability|p1a: Blaziken|Speed Boost|boost
|-boost|p1a: Blaziken|spe|1
|upkeep
|turn|33
|c| BabyPigsAreLaughin|It's time to end this, bro.
|
|t:|1657343780
|switch|p2a: Toxapex|Toxapex, M|100/100
|move|p1a: Blaziken|Flare Blitz|p2a: Toxapex
|-resisted|p2a: Toxapex
|-damage|p2a: Toxapex|62/100
|-damage|p1a: Blaziken|84/100|[from] item: Rocky Helmet|[of] p2a: Toxapex
|-damage|p1a: Blaziken|71/100|[from] Recoil
|-damage|p1a: Blaziken|61/100|[from] item: Life Orb
|
|-ability|p1a: Blaziken|Speed Boost|boost
|-boost|p1a: Blaziken|spe|1
|upkeep
|turn|34
|
|t:|1657343790
|switch|p2a: Landorus|Landorus-Therian, M|16/100
|-ability|p2a: Landorus|Intimidate|boost
|-unboost|p1a: Blaziken|atk|1
|move|p1a: Blaziken|Thunder Punch|p2a: Landorus
|-immune|p2a: Landorus
|
|-heal|p2a: Landorus|22/100|[from] item: Leftovers
|-ability|p1a: Blaziken|Speed Boost|boost
|-boost|p1a: Blaziken|spe|1
|upkeep
|turn|35
|
|t:|1657343799
|move|p1a: Blaziken|Swords Dance|p1a: Blaziken
|-boost|p1a: Blaziken|atk|2
|move|p2a: Landorus|Earthquake|p1a: Blaziken
|-supereffective|p1a: Blaziken
|-damage|p1a: Blaziken|0 fnt
|faint|p1a: Blaziken
|
|-heal|p2a: Landorus|28/100|[from] item: Leftovers
|upkeep
|
|t:|1657343808
|switch|p1a: Scolipede|Scolipede, M|100/100
|turn|36
|
|t:|1657343813
|move|p1a: Scolipede|Swords Dance|p1a: Scolipede
|-boost|p1a: Scolipede|atk|2
|move|p2a: Landorus|Earthquake|p1a: Scolipede
|-damage|p1a: Scolipede|63/100
|
|-heal|p2a: Landorus|34/100|[from] item: Leftovers
|-ability|p1a: Scolipede|Speed Boost|boost
|-boost|p1a: Scolipede|spe|1
|upkeep
|turn|37
|
|t:|1657343822
|move|p1a: Scolipede|Aqua Tail|p2a: Landorus
|-supereffective|p2a: Landorus
|-damage|p2a: Landorus|0 fnt
|faint|p2a: Landorus
|-damage|p1a: Scolipede|53/100|[from] item: Life Orb
|
|-sideend|p1: Steelix Fusion|move: Aurora Veil
|-ability|p1a: Scolipede|Speed Boost|boost
|-boost|p1a: Scolipede|spe|1
|upkeep
|
|t:|1657343824
|switch|p2a: Toxapex|Toxapex, M|96/100
|turn|38
|
|t:|1657343831
|switch|p1a: Klefki|Klefki, M, shiny|100/100
|move|p2a: Toxapex|Scald|p1a: Klefki
|-damage|p1a: Klefki|81/100
|-status|p1a: Klefki|brn
|
|-damage|p1a: Klefki|75/100 brn|[from] brn
|upkeep
|turn|39
|l| Zmaslan902100
|
|t:|1657343840
|switch|p2a: Chansey|Chansey, F|100/100
|move|p1a: Klefki|Thunder Wave|p2a: Chansey
|-status|p2a: Chansey|par
|
|-damage|p1a: Klefki|69/100 brn|[from] brn
|upkeep
|turn|40
|
|t:|1657343847
|switch|p1a: Ninetales|Ninetales-Alola, F|100/100
|-weather|Hail|[from] ability: Snow Warning|[of] p1a: Ninetales
|cant|p2a: Chansey|par
|
|-weather|Hail|[upkeep]
|-damage|p2a: Chansey|94/100 par|[from] Hail
|upkeep
|turn|41
|
|t:|1657343855
|-curestatus|p2a: Chansey|par|[from] ability: Natural Cure
|switch|p2a: Toxapex|Toxapex, M|100/100
|move|p1a: Ninetales|Safeguard|p1a: Ninetales
|-sidestart|p1: Steelix Fusion|Safeguard
|
|-weather|Hail|[upkeep]
|-damage|p2a: Toxapex|94/100|[from] Hail
|upkeep
|turn|42
|
|t:|1657343861
|move|p1a: Ninetales|Aurora Veil|p1a: Ninetales
|-sidestart|p1: Steelix Fusion|move: Aurora Veil
|move|p2a: Toxapex|Scald|p1a: Ninetales
|-damage|p1a: Ninetales|91/100
|
|-weather|Hail|[upkeep]
|-damage|p2a: Toxapex|88/100|[from] Hail
|upkeep
|turn|43
|
|t:|1657343867
|switch|p2a: Chansey|Chansey, F|94/100
|move|p1a: Ninetales|Freeze-Dry|p2a: Chansey
|-damage|p2a: Chansey|88/100
|
|-weather|Hail|[upkeep]
|-damage|p2a: Chansey|81/100|[from] Hail
|upkeep
|turn|44
|
|t:|1657343875
|switch|p1a: Klefki|Klefki, M, shiny|69/100 brn
|move|p2a: Chansey|Seismic Toss|p1a: Klefki
|-damage|p1a: Klefki|30/100 brn
|
|-weather|none
|-damage|p1a: Klefki|24/100 brn|[from] brn
|upkeep
|turn|45
|
|t:|1657343882
|move|p1a: Klefki|Thunder Wave|p2a: Chansey|[miss]
|-miss|p1a: Klefki|p2a: Chansey
|move|p2a: Chansey|Wish|p2a: Chansey
|
|-damage|p1a: Klefki|17/100 brn|[from] brn
|-sideend|p1: Steelix Fusion|Safeguard
|upkeep
|turn|46
|c|☆Steelix Fusion|lol
|
|t:|1657343888
|move|p1a: Klefki|Thunder Wave|p2a: Chansey
|-status|p2a: Chansey|par
|move|p2a: Chansey|Seismic Toss|p1a: Klefki
|-damage|p1a: Klefki|0 fnt
|faint|p1a: Klefki
|
|-heal|p2a: Chansey|100/100 par|[from] move: Wish|[wisher] Chansey
|upkeep
|c|☆Steelix Fusion|guy played so des
|c|☆Steelix Fusion|he wanted this
|c|☆Steelix Fusion|bad
|
|t:|1657343898
|switch|p1a: Scolipede|Scolipede, M|53/100
|turn|47
|
|t:|1657343901
|-curestatus|p2a: Chansey|par|[from] ability: Natural Cure
|switch|p2a: Toxapex|Toxapex, M|100/100
|move|p1a: Scolipede|Swords Dance|p1a: Scolipede
|-boost|p1a: Scolipede|atk|2
|
|-ability|p1a: Scolipede|Speed Boost|boost
|-boost|p1a: Scolipede|spe|1
|upkeep
|turn|48
|c| BabyPigsAreLaughin|He was trying so hard as if this was the final round of a tournament.
|c|☆Steelix Fusion|https://play.pokemonshowdown.com/battle-gen8ou-1613448185-5js9t9zo1lo2wvkky15r3vztgggdi7gpw
|c|☆Steelix Fusion|he can wait
|n|‽gittt rekttt BOY|gitttrektttboy
|inactive|Steelix Fusion has 120 seconds left.
|inactive|Steelix Fusion has 90 seconds left.
|inactive|Steelix Fusion has 60 seconds left.
|c| Go b4 it gets dark|steelix fusion
|c| Go b4 it gets dark|timer
|inactive|Steelix Fusion has 30 seconds left.
|inactive|Steelix Fusion has 20 seconds left.
|inactive|Steelix Fusion has 15 seconds left.
|inactive|Steelix Fusion has 10 seconds left.
|inactive|Steelix Fusion has 5 seconds left.
|-message|Steelix Fusion lost due to inactivity.
|
|win|gittt rekttt BOY
|raw|Steelix Fusion's rating: 1760 &rarr; <strong>1740</strong><br />(-20 for losing)
|raw|gittt rekttt BOY's rating: 1766 &rarr; <strong>1786</strong><br />(+20 for winning)
|l|☆Steelix Fusion
|l| nodragondanceinrb
|l| imzosi
|l| KMTQ1
|l| Mingan Su
|l| Biglargemarge
|l| BabyPigsAreLaughin
