|j|☆adi008
|j|☆LolzMachine
|t:|1610649355
|player|p1|adi008|101|1575
|player|p2|LolzMachine|294|1591
|teamsize|p1|6
|teamsize|p2|6
|gametype|singles
|gen|8
|tier|[Gen 8] OU
|rated|
|clearpoke
|poke|p1|Cinderace, M|
|poke|p1|Tapu Fini|
|poke|p1|Rillaboom, M|
|poke|p1|Kommo-o, F|
|poke|p1|Spectrier|
|poke|p1|Zeraora|
|poke|p2|Regidrago|
|poke|p2|Klefki, F|
|poke|p2|Regieleki|
|poke|p2|Spectrier|
|poke|p2|Haxorus, M|
|poke|p2|Nidoking, M|
|rule|Sleep Clause Mod: Limit one foe put to sleep
|rule|Species Clause: Limit one of each Pokémon
|rule|OHKO Clause: OHKO moves are banned
|rule|Evasion Moves Clause: Evasion moves are banned
|rule|Endless Battle Clause: Forcing endless battles is banned
|rule|HP Percentage Mod: HP is shown in percentages
|rule|Dynamax Clause: You cannot dynamax
|teampreview
|j| Vessev
|
|t:|1610649396
|start
|switch|p1a: terrain nerf ?|Tapu Fini, shiny|100/100
|switch|p2a: Klefki|Klefki, F|100/100
|-fieldstart|move: Misty Terrain|[from] ability: Misty Surge|[of] p1a: terrain nerf ?
|turn|1
|
|t:|1610649416
|move|p2a: Klefki|Switcheroo|p1a: terrain nerf ?
|-activate|p2a: Klefki|move: Trick|[of] p1a: terrain nerf ?
|-item|p1a: terrain nerf ?|Ring Target|[from] move: Switcheroo
|-item|p2a: Klefki|Choice Scarf|[from] move: Switcheroo
|move|p1a: terrain nerf ?|Trick|p2a: Klefki
|-activate|p1a: terrain nerf ?|move: Trick|[of] p2a: Klefki
|-item|p2a: Klefki|Ring Target|[from] move: Trick
|-item|p1a: terrain nerf ?|Choice Scarf|[from] move: Trick
|
|upkeep
|turn|2
|
|t:|1610649429
|move|p2a: Klefki|Switcheroo|p1a: terrain nerf ?
|-activate|p2a: Klefki|move: Trick|[of] p1a: terrain nerf ?
|-item|p1a: terrain nerf ?|Ring Target|[from] move: Switcheroo
|-item|p2a: Klefki|Choice Scarf|[from] move: Switcheroo
|move|p1a: terrain nerf ?|Hydro Pump|p2a: Klefki
|-damage|p2a: Klefki|48/100
|
|upkeep
|turn|3
|
|t:|1610649436
|move|p2a: Klefki|Spikes|p1a: terrain nerf ?
|-sidestart|p1: adi008|Spikes
|move|p1a: terrain nerf ?|Hydro Pump|p2a: Klefki
|-damage|p2a: Klefki|0 fnt
|faint|p2a: Klefki
|
|upkeep
|
|t:|1610649440
|switch|p2a: Regieleki|Regieleki|100/100
|turn|4
|
|t:|1610649454
|switch|p2a: Nidoking|Nidoking, M|100/100
|switch|p1a: glide into em dms|Rillaboom, M|100/100
|-damage|p1a: glide into em dms|88/100|[from] Spikes
|-fieldstart|move: Grassy Terrain|[from] ability: Grassy Surge|[of] p1a: glide into em dms
|
|-heal|p1a: glide into em dms|94/100|[from] Grassy Terrain
|upkeep
|turn|5
|
|t:|1610649468
|move|p1a: glide into em dms|Grassy Glide|p2a: Nidoking
|-damage|p2a: Nidoking|14/100
|-damage|p1a: glide into em dms|84/100|[from] item: Life Orb
|move|p2a: Nidoking|Sludge Wave|p1a: glide into em dms
|-supereffective|p1a: glide into em dms
|-damage|p1a: glide into em dms|0 fnt
|faint|p1a: glide into em dms
|
|-heal|p2a: Nidoking|20/100|[from] Grassy Terrain
|upkeep
|
|t:|1610649483
|switch|p1a: one strat mon|Spectrier|100/100
|-damage|p1a: one strat mon|88/100|[from] Spikes
|turn|6
|inactive|Battle timer is ON: inactive players will automatically lose when time's up. (requested by adi008)
|
|t:|1610649526
|move|p1a: one strat mon|Substitute|p1a: one strat mon
|-start|p1a: one strat mon|Substitute
|-damage|p1a: one strat mon|63/100
|move|p2a: Nidoking|Earth Power|p1a: one strat mon
|-end|p1a: one strat mon|Substitute
|
|-heal|p1a: one strat mon|69/100|[from] Grassy Terrain
|-heal|p2a: Nidoking|26/100|[from] Grassy Terrain
|upkeep
|turn|7
|
|t:|1610649531
|move|p1a: one strat mon|Shadow Ball|p2a: Nidoking
|-damage|p2a: Nidoking|0 fnt
|faint|p2a: Nidoking
|-ability|p1a: one strat mon|Grim Neigh|boost
|-boost|p1a: one strat mon|spa|1
|
|-heal|p1a: one strat mon|76/100|[from] Grassy Terrain
|upkeep
|
|t:|1610649535
|switch|p2a: Regieleki|Regieleki|100/100
|turn|8
|
|t:|1610649543
|switch|p2a: Regidrago|Regidrago|100/100
|switch|p1a: Zeraora|Zeraora|100/100
|-damage|p1a: Zeraora|88/100|[from] Spikes
|
|-heal|p1a: Zeraora|94/100|[from] Grassy Terrain
|-fieldend|move: Grassy Terrain
|upkeep
|turn|9
|
|t:|1610649556
|switch|p1a: terrain nerf ?|Tapu Fini, shiny|100/100
|-damage|p1a: terrain nerf ?|88/100|[from] Spikes
|-fieldstart|move: Misty Terrain|[from] ability: Misty Surge|[of] p1a: terrain nerf ?
|move|p2a: Regidrago|Dragon Pulse|p1a: terrain nerf ?
|-damage|p1a: terrain nerf ?|44/100
|
|upkeep
|turn|10
|
|t:|1610649573
|move|p1a: terrain nerf ?|Moonblast|p2a: Regidrago
|-supereffective|p2a: Regidrago
|-damage|p2a: Regidrago|19/100
|move|p2a: Regidrago|Dragon Pulse|p1a: terrain nerf ?
|-damage|p1a: terrain nerf ?|4/100
|
|upkeep
|turn|11
|
|t:|1610649582
|move|p1a: terrain nerf ?|Defog|p2a: Regidrago
|-unboost|p2a: Regidrago|evasion|1
|-sideend|p1: adi008|Spikes|[from] move: Defog|[of] p1a: terrain nerf ?
|-fieldend|Misty Terrain
|move|p2a: Regidrago|Dragon Pulse|p1a: terrain nerf ?
|-damage|p1a: terrain nerf ?|0 fnt
|faint|p1a: terrain nerf ?
|
|upkeep
|
|t:|1610649590
|switch|p1a: one strat mon|Spectrier|76/100
|turn|12
|
|t:|1610649594
|move|p1a: one strat mon|Shadow Ball|p2a: Regidrago
|-damage|p2a: Regidrago|0 fnt
|faint|p2a: Regidrago
|-ability|p1a: one strat mon|Grim Neigh|boost
|-boost|p1a: one strat mon|spa|1
|
|upkeep
|
|t:|1610649596
|switch|p2a: Haxorus|Haxorus, M|100/100
|-ability|p2a: Haxorus|Mold Breaker
|turn|13
|
|t:|1610649601
|move|p1a: one strat mon|Shadow Ball|p2a: Haxorus
|-enditem|p2a: Haxorus|Focus Sash
|-damage|p2a: Haxorus|1/100
|move|p2a: Haxorus|Scale Shot|p1a: one strat mon
|-damage|p1a: one strat mon|55/100
|-damage|p1a: one strat mon|34/100
|-damage|p1a: one strat mon|15/100
|-damage|p1a: one strat mon|0 fnt
|-hitcount|p1a: one strat mon|4
|-unboost|p2a: Haxorus|def|1
|-boost|p2a: Haxorus|spe|1
|faint|p1a: one strat mon
|
|upkeep
|
|t:|1610649608
|switch|p1a: LIBERACY|Cinderace, M, shiny|100/100
|turn|14
|inactive|LolzMachine has 120 seconds left.
|
|t:|1610649648
|move|p1a: LIBERACY|Sucker Punch||[still]
|-fail|p1a: LIBERACY
|move|p2a: Haxorus|Swords Dance|p2a: Haxorus
|-boost|p2a: Haxorus|atk|2
|
|upkeep
|turn|15
|
|t:|1610649653
|move|p1a: LIBERACY|Sucker Punch|p2a: Haxorus
|-start|p1a: LIBERACY|typechange|Dark|[from] ability: Libero
|-damage|p2a: Haxorus|0 fnt
|-damage|p1a: LIBERACY|91/100|[from] item: Life Orb
|faint|p2a: Haxorus
|
|upkeep
|
|t:|1610649656
|switch|p2a: Regieleki|Regieleki|100/100
|turn|16
|-message|LolzMachine forfeited.
|
|win|adi008
|l|☆LolzMachine
||Ladder (probably) updated, but score could not be retrieved (Request timeout).
