|j|☆croo
|j|☆Plasmeek
|t:|1622809493
|gametype|singles
|player|p1|croo|lady|1917
|player|p2|Plasmeek|youngster-gen4dp|1883
|teamsize|p1|6
|teamsize|p2|6
|gen|8
|tier|[Gen 8] OU
|rated|
|rule|Sleep Clause Mod: Limit one foe put to sleep
|rule|Species Clause: Limit one of each Pokémon
|rule|OHKO Clause: OHKO moves are banned
|rule|Evasion Moves Clause: Evasion moves are banned
|rule|Endless Battle Clause: Forcing endless battles is banned
|rule|HP Percentage Mod: HP is shown in percentages
|rule|Dynamax Clause: You cannot dynamax
|clearpoke
|poke|p1|Skarmory, M|
|poke|p1|Ninetales-Alola, F|
|poke|p1|Mew|
|poke|p1|Hydreigon, M|
|poke|p1|Suicune|
|poke|p1|Landorus-Therian, M|
|poke|p2|Blacephalon|
|poke|p2|Landorus-Therian, M|
|poke|p2|Toxapex, F|
|poke|p2|Heatran, M|
|poke|p2|Corviknight, F|
|poke|p2|Dragapult, M|
|teampreview
|
|t:|1622809509
|start
|switch|p1a: Skarmory|Skarmory, M|100/100
|switch|p2a: Landorus|Landorus-Therian, M|100/100
|-ability|p2a: Landorus|Intimidate|boost
|-unboost|p1a: Skarmory|atk|1
|turn|1
|j| AMC TO THE MOOON
|
|t:|1622809514
|move|p1a: Skarmory|Stealth Rock|p2a: Landorus
|-sidestart|p2: Plasmeek|move: Stealth Rock
|move|p2a: Landorus|Stealth Rock|p1a: Skarmory
|-sidestart|p1: croo|move: Stealth Rock
|
|upkeep
|turn|2
|
|t:|1622809518
|move|p1a: Skarmory|Spikes|p2a: Landorus
|-sidestart|p2: Plasmeek|Spikes
|move|p2a: Landorus|U-turn|p1a: Skarmory
|-resisted|p1a: Skarmory
|-damage|p1a: Skarmory|96/100
|
|t:|1622809524
|switch|p2a: Blacephalon|Blacephalon|100/100|[from]move: U-turn
|-damage|p2a: Blacephalon|76/100|[from] Stealth Rock
|-damage|p2a: Blacephalon|64/100|[from] Spikes
|
|upkeep
|turn|3
|
|t:|1622809534
|switch|p1a: Hydreigon|Hydreigon, M|100/100
|-damage|p1a: Hydreigon|88/100|[from] Stealth Rock
|move|p2a: Blacephalon|Flamethrower|p1a: Hydreigon
|-resisted|p1a: Hydreigon
|-damage|p1a: Hydreigon|45/100
|
|upkeep
|turn|4
|
|t:|1622809540
|move|p2a: Blacephalon|Flamethrower|p1a: Hydreigon
|-resisted|p1a: Hydreigon
|-damage|p1a: Hydreigon|0 fnt
|faint|p1a: Hydreigon
|-ability|p2a: Blacephalon|Beast Boost|boost
|-boost|p2a: Blacephalon|spa|1
|
|upkeep
|
|t:|1622809547
|switch|p1a: Suicune|Suicune|100/100
|-damage|p1a: Suicune|88/100|[from] Stealth Rock
|-ability|p1a: Suicune|Pressure
|turn|5
|
|t:|1622809555
|move|p2a: Blacephalon|Flamethrower|p1a: Suicune
|-resisted|p1a: Suicune
|-damage|p1a: Suicune|43/100
|move|p1a: Suicune|Scald|p2a: Blacephalon
|-supereffective|p2a: Blacephalon
|-damage|p2a: Blacephalon|0 fnt
|faint|p2a: Blacephalon
|
|-heal|p1a: Suicune|50/100|[from] item: Leftovers
|upkeep
|
|t:|1622809560
|switch|p2a: Dragapult|Dragapult, M|100/100
|-damage|p2a: Dragapult|88/100|[from] Stealth Rock
|-damage|p2a: Dragapult|76/100|[from] Spikes
|turn|6
|
|t:|1622809563
|move|p1a: Suicune|Protect|p1a: Suicune
|-singleturn|p1a: Suicune|Protect
|move|p2a: Dragapult|Shadow Ball|p1a: Suicune
|-activate|p1a: Suicune|move: Protect
|
|-heal|p1a: Suicune|56/100|[from] item: Leftovers
|upkeep
|turn|7
|
|t:|1622809578
|move|p2a: Dragapult|Shadow Ball|p1a: Suicune
|-damage|p1a: Suicune|17/100
|move|p1a: Suicune|Calm Mind|p1a: Suicune
|-boost|p1a: Suicune|spa|1
|-boost|p1a: Suicune|spd|1
|
|-heal|p1a: Suicune|23/100|[from] item: Leftovers
|upkeep
|turn|8
|
|t:|1622809583
|move|p1a: Suicune|Protect|p1a: Suicune
|-singleturn|p1a: Suicune|Protect
|move|p2a: Dragapult|Shadow Ball|p1a: Suicune
|-activate|p1a: Suicune|move: Protect
|
|-heal|p1a: Suicune|29/100|[from] item: Leftovers
|upkeep
|turn|9
|
|t:|1622809586
|move|p2a: Dragapult|Shadow Ball|p1a: Suicune
|-damage|p1a: Suicune|4/100
|move|p1a: Suicune|Scald|p2a: Dragapult
|-resisted|p2a: Dragapult
|-damage|p2a: Dragapult|52/100
|-status|p2a: Dragapult|brn
|
|-heal|p1a: Suicune|10/100|[from] item: Leftovers
|-damage|p2a: Dragapult|46/100 brn|[from] brn
|upkeep
|turn|10
|
|t:|1622809592
|move|p1a: Suicune|Protect|p1a: Suicune
|-singleturn|p1a: Suicune|Protect
|move|p2a: Dragapult|Shadow Ball|p1a: Suicune
|-activate|p1a: Suicune|move: Protect
|
|-heal|p1a: Suicune|16/100|[from] item: Leftovers
|-damage|p2a: Dragapult|40/100 brn|[from] brn
|upkeep
|turn|11
|
|t:|1622809597
|move|p1a: Suicune|Protect||[still]
|-fail|p1a: Suicune
|move|p2a: Dragapult|Shadow Ball|p1a: Suicune
|-crit|p1a: Suicune
|-damage|p1a: Suicune|0 fnt
|faint|p1a: Suicune
|
|-damage|p2a: Dragapult|34/100 brn|[from] brn
|upkeep
|
|t:|1622809609
|switch|p1a: Ninetales|Ninetales-Alola, F|100/100
|-damage|p1a: Ninetales|76/100|[from] Stealth Rock
|-weather|Hail|[from] ability: Snow Warning|[of] p1a: Ninetales
|turn|12
|
|t:|1622809621
|switch|p2a: Corviknight|Corviknight, F|100/100
|-damage|p2a: Corviknight|88/100|[from] Stealth Rock
|-ability|p2a: Corviknight|Pressure
|move|p1a: Ninetales|Freeze-Dry|p2a: Corviknight
|-damage|p2a: Corviknight|71/100
|
|-weather|Hail|[upkeep]
|-damage|p2a: Corviknight|65/100|[from] Hail
|-heal|p2a: Corviknight|71/100|[from] item: Leftovers
|upkeep
|turn|13
|
|t:|1622809625
|move|p1a: Ninetales|Aurora Veil|p1a: Ninetales
|-sidestart|p1: croo|move: Aurora Veil
|move|p2a: Corviknight|Defog|p1a: Ninetales
|-unboost|p1a: Ninetales|evasion|1
|-sideend|p1: croo|move: Aurora Veil
|-sideend|p1: croo|Stealth Rock|[from] move: Defog|[of] p2a: Corviknight
|-sideend|p2: Plasmeek|Spikes|[from] move: Defog|[of] p2a: Corviknight
|-sideend|p2: Plasmeek|Stealth Rock|[from] move: Defog|[of] p2a: Corviknight
|
|-weather|Hail|[upkeep]
|-damage|p2a: Corviknight|65/100|[from] Hail
|-heal|p2a: Corviknight|71/100|[from] item: Leftovers
|upkeep
|turn|14
|
|t:|1622809633
|move|p1a: Ninetales|Aurora Veil|p1a: Ninetales
|-sidestart|p1: croo|move: Aurora Veil
|move|p2a: Corviknight|U-turn|p1a: Ninetales
|-resisted|p1a: Ninetales
|-damage|p1a: Ninetales|71/100
|
|t:|1622809638
|switch|p2a: Toxapex|Toxapex, F|100/100|[from]move: U-turn
|
|-weather|Hail|[upkeep]
|-damage|p2a: Toxapex|94/100|[from] Hail
|upkeep
|turn|15
|
|t:|1622809653
|switch|p1a: Mew|Mew|100/100
|move|p2a: Toxapex|Toxic|p1a: Mew
|-status|p1a: Mew|tox
|-activate|p1a: Mew|ability: Synchronize
|-immune|p2a: Toxapex
|
|-weather|Hail|[upkeep]
|-damage|p1a: Mew|94/100 tox|[from] Hail
|-damage|p2a: Toxapex|88/100|[from] Hail
|-heal|p1a: Mew|100/100 tox|[from] item: Leftovers
|-damage|p1a: Mew|94/100 tox|[from] psn
|upkeep
|turn|16
|
|t:|1622809664
|switch|p1a: Skarmory|Skarmory, M|96/100
|switch|p2a: Heatran|Heatran, M|100/100
|
|-weather|none
|upkeep
|turn|17
|
|t:|1622809668
|move|p1a: Skarmory|Stealth Rock|p2a: Heatran
|-sidestart|p2: Plasmeek|move: Stealth Rock
|move|p2a: Heatran|Magma Storm|p1a: Skarmory
|-supereffective|p1a: Skarmory
|-damage|p1a: Skarmory|40/100
|-activate|p1a: Skarmory|move: Magma Storm|[of] p2a: Heatran
|
|-damage|p1a: Skarmory|28/100|[from] move: Magma Storm|[partiallytrapped]
|upkeep
|turn|18
|
|t:|1622809677
|move|p1a: Skarmory|Spikes|p2a: Heatran
|-sidestart|p2: Plasmeek|Spikes
|move|p2a: Heatran|Magma Storm|p1a: Skarmory
|-supereffective|p1a: Skarmory
|-damage|p1a: Skarmory|0 fnt
|faint|p1a: Skarmory
|
|upkeep
|
|t:|1622809680
|switch|p1a: Landorus|Landorus-Therian, M|100/100
|-ability|p1a: Landorus|Intimidate|boost
|-unboost|p2a: Heatran|atk|1
|turn|19
|
|t:|1622809686
|switch|p2a: Landorus|Landorus-Therian, M|100/100
|-damage|p2a: Landorus|88/100|[from] Stealth Rock
|-ability|p2a: Landorus|Intimidate|boost
|-unboost|p1a: Landorus|atk|1
|move|p1a: Landorus|Substitute|p1a: Landorus
|-start|p1a: Landorus|Substitute
|-damage|p1a: Landorus|76/100
|
|-heal|p2a: Landorus|94/100|[from] item: Leftovers
|-heal|p1a: Landorus|82/100|[from] item: Leftovers
|upkeep
|turn|20
|
|t:|1622809694
|switch|p2a: Corviknight|Corviknight, F|71/100
|-damage|p2a: Corviknight|59/100|[from] Stealth Rock
|-ability|p2a: Corviknight|Pressure
|move|p1a: Landorus|Bulk Up|p1a: Landorus
|-boost|p1a: Landorus|atk|1
|-boost|p1a: Landorus|def|1
|
|-heal|p1a: Landorus|88/100|[from] item: Leftovers
|-heal|p2a: Corviknight|65/100|[from] item: Leftovers
|upkeep
|turn|21
|
|t:|1622809697
|move|p1a: Landorus|Bulk Up|p1a: Landorus
|-boost|p1a: Landorus|atk|1
|-boost|p1a: Landorus|def|1
|move|p2a: Corviknight|Defog|p1a: Landorus
|-sideend|p1: croo|move: Aurora Veil
|-sideend|p2: Plasmeek|Spikes|[from] move: Defog|[of] p2a: Corviknight
|-sideend|p2: Plasmeek|Stealth Rock|[from] move: Defog|[of] p2a: Corviknight
|
|-heal|p1a: Landorus|94/100|[from] item: Leftovers
|-heal|p2a: Corviknight|71/100|[from] item: Leftovers
|upkeep
|turn|22
|
|t:|1622809708
|switch|p2a: Landorus|Landorus-Therian, M|94/100
|-ability|p2a: Landorus|Intimidate|boost
|-immune|p1a: Landorus
|move|p1a: Landorus|Bulk Up|p1a: Landorus
|-boost|p1a: Landorus|atk|1
|-boost|p1a: Landorus|def|1
|
|-heal|p1a: Landorus|99/100|[from] item: Leftovers
|-heal|p2a: Landorus|99/100|[from] item: Leftovers
|upkeep
|turn|23
|
|t:|1622809714
|move|p2a: Landorus|U-turn|p1a: Landorus
|-resisted|p1a: Landorus
|-activate|p1a: Landorus|move: Substitute|[damage]
|
|t:|1622809716
|switch|p2a: Corviknight|Corviknight, F|71/100|[from]move: U-turn
|-ability|p2a: Corviknight|Pressure
|move|p1a: Landorus|Bulk Up|p1a: Landorus
|-boost|p1a: Landorus|atk|1
|-boost|p1a: Landorus|def|1
|
|-heal|p1a: Landorus|100/100|[from] item: Leftovers
|-heal|p2a: Corviknight|77/100|[from] item: Leftovers
|upkeep
|turn|24
|
|t:|1622809719
|move|p1a: Landorus|Bulk Up|p1a: Landorus
|-boost|p1a: Landorus|atk|1
|-boost|p1a: Landorus|def|1
|move|p2a: Corviknight|Brave Bird|p1a: Landorus
|-activate|p1a: Landorus|move: Substitute|[damage]
|-damage|p2a: Corviknight|74/100|[from] Recoil|[of] p1a: Landorus
|
|-heal|p2a: Corviknight|80/100|[from] item: Leftovers
|upkeep
|turn|25
|
|t:|1622809723
|move|p1a: Landorus|Bulk Up|p1a: Landorus
|-boost|p1a: Landorus|atk|1
|-boost|p1a: Landorus|def|1
|move|p2a: Corviknight|Roost|p2a: Corviknight
|-heal|p2a: Corviknight|100/100
|-singleturn|p2a: Corviknight|move: Roost
|
|upkeep
|turn|26
|
|t:|1622809726
|move|p1a: Landorus|Smack Down|p2a: Corviknight
|-damage|p2a: Corviknight|63/100
|-start|p2a: Corviknight|Smack Down
|move|p2a: Corviknight|Brave Bird|p1a: Landorus
|-activate|p1a: Landorus|move: Substitute|[damage]
|-damage|p2a: Corviknight|60/100|[from] Recoil|[of] p1a: Landorus
|
|-heal|p2a: Corviknight|67/100|[from] item: Leftovers
|upkeep
|turn|27
|
|t:|1622809730
|switch|p2a: Landorus|Landorus-Therian, M|99/100
|-ability|p2a: Landorus|Intimidate|boost
|-immune|p1a: Landorus
|move|p1a: Landorus|Smack Down|p2a: Landorus
|-damage|p2a: Landorus|57/100
|-start|p2a: Landorus|Smack Down
|
|-heal|p2a: Landorus|63/100|[from] item: Leftovers
|upkeep
|turn|28
|
|t:|1622809744
|move|p2a: Landorus|U-turn|p1a: Landorus
|-resisted|p1a: Landorus
|-crit|p1a: Landorus
|-end|p1a: Landorus|Substitute
|inactive|Battle timer is ON: inactive players will automatically lose when time's up. (requested by croo)
|j| rxwy
|inactive|Plasmeek has 120 seconds left.
|
|t:|1622809784
|switch|p2a: Toxapex|Toxapex, F|100/100|[from]move: U-turn
|move|p1a: Landorus|Smack Down|p2a: Toxapex
|-damage|p2a: Toxapex|59/100
|
|upkeep
|turn|29
|
|t:|1622809789
|move|p1a: Landorus|Earthquake|p2a: Toxapex
|-supereffective|p2a: Toxapex
|-damage|p2a: Toxapex|0 fnt
|faint|p2a: Toxapex
|
|upkeep
|
|t:|1622809791
|switch|p2a: Corviknight|Corviknight, F|67/100
|-ability|p2a: Corviknight|Pressure
|turn|30
|
|t:|1622809797
|move|p1a: Landorus|Substitute|p1a: Landorus
|-start|p1a: Landorus|Substitute
|-damage|p1a: Landorus|76/100
|move|p2a: Corviknight|Roost|p2a: Corviknight
|-heal|p2a: Corviknight|100/100
|-singleturn|p2a: Corviknight|move: Roost
|
|-heal|p1a: Landorus|82/100|[from] item: Leftovers
|upkeep
|turn|31
|
|t:|1622809803
|move|p1a: Landorus|Bulk Up|p1a: Landorus
|-boost|p1a: Landorus|atk|1
|-boost|p1a: Landorus|def|0
|move|p2a: Corviknight|U-turn|p1a: Landorus
|-resisted|p1a: Landorus
|-activate|p1a: Landorus|move: Substitute|[damage]
|
|t:|1622809807
|switch|p2a: Landorus|Landorus-Therian, M|63/100|[from]move: U-turn
|-ability|p2a: Landorus|Intimidate|boost
|-immune|p1a: Landorus
|
|-heal|p1a: Landorus|88/100|[from] item: Leftovers
|-heal|p2a: Landorus|69/100|[from] item: Leftovers
|upkeep
|turn|32
|
|t:|1622809811
|switch|p2a: Corviknight|Corviknight, F|100/100
|-ability|p2a: Corviknight|Pressure
|move|p1a: Landorus|Smack Down|p2a: Corviknight
|-damage|p2a: Corviknight|59/100
|-start|p2a: Corviknight|Smack Down
|
|-heal|p1a: Landorus|94/100|[from] item: Leftovers
|-heal|p2a: Corviknight|65/100|[from] item: Leftovers
|upkeep
|turn|33
|j| Haruhi_Evolution
|
|t:|1622809816
|switch|p2a: Landorus|Landorus-Therian, M|69/100
|-ability|p2a: Landorus|Intimidate|boost
|-immune|p1a: Landorus
|move|p1a: Landorus|Earthquake|p2a: Landorus
|-immune|p2a: Landorus
|
|-heal|p1a: Landorus|99/100|[from] item: Leftovers
|-heal|p2a: Landorus|75/100|[from] item: Leftovers
|upkeep
|turn|34
|
|t:|1622809823
|switch|p2a: Corviknight|Corviknight, F|65/100
|-ability|p2a: Corviknight|Pressure
|move|p1a: Landorus|Smack Down|p2a: Corviknight
|-damage|p2a: Corviknight|24/100
|-start|p2a: Corviknight|Smack Down
|
|-heal|p1a: Landorus|100/100|[from] item: Leftovers
|-heal|p2a: Corviknight|30/100|[from] item: Leftovers
|upkeep
|turn|35
|
|t:|1622809829
|switch|p2a: Landorus|Landorus-Therian, M|75/100
|-ability|p2a: Landorus|Intimidate|boost
|-immune|p1a: Landorus
|move|p1a: Landorus|Smack Down|p2a: Landorus
|-damage|p2a: Landorus|27/100
|-start|p2a: Landorus|Smack Down
|
|-heal|p2a: Landorus|33/100|[from] item: Leftovers
|upkeep
|turn|36
|c|☆croo|stall me out bro
|c|☆croo|its working
|
|t:|1622809835
|move|p1a: Landorus|Smack Down|p2a: Landorus
|-damage|p2a: Landorus|0 fnt
|faint|p2a: Landorus
|
|upkeep
|
|t:|1622809837
|switch|p2a: Corviknight|Corviknight, F|30/100
|-ability|p2a: Corviknight|Pressure
|turn|37
|
|t:|1622809841
|move|p1a: Landorus|Smack Down|p2a: Corviknight
|-damage|p2a: Corviknight|0 fnt
|faint|p2a: Corviknight
|
|upkeep
|
|t:|1622809844
|switch|p2a: Dragapult|Dragapult, M|34/100 brn
|turn|38
|
|t:|1622809847
|move|p2a: Dragapult|Draco Meteor|p1a: Landorus|[miss]
|-miss|p2a: Dragapult|p1a: Landorus
|move|p1a: Landorus|Earthquake|p2a: Dragapult
|-damage|p2a: Dragapult|0 fnt
|faint|p2a: Dragapult
|
|upkeep
|-message|Plasmeek forfeited.
|
|win|croo
|raw|croo's rating: 1917 &rarr; <strong>1935</strong><br />(+18 for winning)
|raw|Plasmeek's rating: 1883 &rarr; <strong>1865</strong><br />(-18 for losing)
|l|☆Plasmeek
|c| rxwy|smack down him to death lmao
|c| AMC TO THE MOOON|no infiltrator?
