|j|☆JoeyOwesMeMoney
|j|☆OUTX boomshakalaka
|player|p1|JoeyOwesMeMoney|1|1655
|player|p2|OUTX boomshakalaka|169|1581
|teamsize|p1|6
|teamsize|p2|6
|gametype|singles
|gen|8
|tier|[Gen 8] OU
|rated|
|html|<div class="broadcast-blue"><strong>OU is currently suspecting Dracovish! For information on how to participate check out the <a href="https://www.smogon.com/forums/threads/3664521/">suspect thread</a>.</strong></div>
|clearpoke
|poke|p1|Toxapex, F|
|poke|p1|Ferrothorn, F|
|poke|p1|Seismitoad, F|
|poke|p1|Tyranitar, F|
|poke|p1|Clefable, M|
|poke|p1|Corviknight, M|
|poke|p2|Mew|
|poke|p2|Bewear, F|
|poke|p2|Clefable, F|
|poke|p2|Toxapex, M|
|poke|p2|Corviknight, M|
|poke|p2|Reuniclus, M|
|rule|Sleep Clause Mod: Limit one foe put to sleep
|rule|Species Clause: Limit one of each Pokémon
|rule|OHKO Clause: OHKO moves are banned
|rule|Evasion Moves Clause: Evasion moves are banned
|rule|Endless Battle Clause: Forcing endless battles is banned
|rule|HP Percentage Mod: HP is shown in percentages
|rule|Dynamax Clause: You cannot dynamax
|teampreview
|
|start
|switch|p1a: Seismitoad|Seismitoad, F|100/100
|switch|p2a: Mew|Mew|100/100
|turn|1
|
|move|p2a: Mew|Block|p1a: Seismitoad
|-activate|p1a: Seismitoad|trapped
|move|p1a: Seismitoad|Knock Off|p2a: Mew
|-supereffective|p2a: Mew
|-damage|p2a: Mew|67/100
|-enditem|p2a: Mew|Leftovers|[from] move: Knock Off|[of] p1a: Seismitoad
|
|upkeep
|turn|2
|
|move|p2a: Mew|Imprison|p2a: Mew
|-start|p2a: Mew|move: Imprison
|move|p1a: Seismitoad|Toxic|p2a: Mew
|-status|p2a: Mew|tox
|-activate|p2a: Mew|ability: Synchronize
|-status|p1a: Seismitoad|tox
|
|-damage|p2a: Mew|61/100 tox|[from] psn
|-damage|p1a: Seismitoad|94/100 tox|[from] psn
|upkeep
|turn|3
|
|move|p2a: Mew|Soft-Boiled|p2a: Mew
|-heal|p2a: Mew|100/100 tox
|move|p1a: Seismitoad|Knock Off|p2a: Mew
|-supereffective|p2a: Mew
|-damage|p2a: Mew|75/100 tox
|
|-heal|p1a: Seismitoad|100/100 tox|[from] item: Leftovers
|-damage|p2a: Mew|62/100 tox|[from] psn
|-damage|p1a: Seismitoad|88/100 tox|[from] psn
|upkeep
|turn|4
|
|move|p2a: Mew|Soft-Boiled|p2a: Mew
|-heal|p2a: Mew|100/100 tox
|move|p1a: Seismitoad|Knock Off|p2a: Mew
|-supereffective|p2a: Mew
|-damage|p2a: Mew|78/100 tox
|
|-heal|p1a: Seismitoad|94/100 tox|[from] item: Leftovers
|-damage|p2a: Mew|59/100 tox|[from] psn
|-damage|p1a: Seismitoad|76/100 tox|[from] psn
|upkeep
|turn|5
|
|move|p2a: Mew|Transform|p1a: Seismitoad
|-transform|p2a: Mew|p1a: Seismitoad
|-endability|p2a: Mew|Synchronize|[from] move: Transform
|cant|p1a: Seismitoad|move: Imprison|Knock Off
|
|-heal|p1a: Seismitoad|82/100 tox|[from] item: Leftovers
|-damage|p1a: Seismitoad|58/100 tox|[from] psn
|-damage|p2a: Mew|34/100 tox|[from] psn
|upkeep
|turn|6
|
|-activate|p1a: Seismitoad|move: Struggle
|move|p1a: Seismitoad|Struggle|p2a: Mew
|-damage|p2a: Mew|26/100 tox
|-damage|p1a: Seismitoad|33/100 tox|[from] recoil
|move|p2a: Mew|Stealth Rock|p1a: Seismitoad
|-sidestart|p1: JoeyOwesMeMoney|move: Stealth Rock
|
|-heal|p1a: Seismitoad|39/100 tox|[from] item: Leftovers
|-damage|p1a: Seismitoad|9/100 tox|[from] psn
|-damage|p2a: Mew|0 fnt|[from] psn
|faint|p2a: Mew
|upkeep
|
|switch|p2a: Corviknight|Corviknight, M|100/100
|-ability|p2a: Corviknight|Pressure
|turn|7
|
|switch|p1a: Corviknight|Corviknight, M|100/100
|-damage|p1a: Corviknight|88/100|[from] Stealth Rock
|-ability|p1a: Corviknight|Pressure
|move|p2a: Corviknight|Body Press|p1a: Corviknight
|-damage|p1a: Corviknight|73/100
|-damage|p2a: Corviknight|84/100|[from] item: Rocky Helmet|[of] p1a: Corviknight
|
|-heal|p2a: Corviknight|90/100|[from] item: Leftovers
|upkeep
|turn|8
|
|switch|p2a: Bewear|Bewear, F|100/100
|move|p1a: Corviknight|Defog|p2a: Bewear
|-unboost|p2a: Bewear|evasion|1
|-sideend|p1: JoeyOwesMeMoney|Stealth Rock|[from] move: Defog|[of] p1a: Corviknight
|
|upkeep
|turn|9
|
|switch|p1a: Toxapex|Toxapex, F|100/100
|move|p2a: Bewear|Swords Dance|p2a: Bewear
|-boost|p2a: Bewear|atk|2
|
|upkeep
|turn|10
|inactive|Battle timer is ON: inactive players will automatically lose when time's up. (requested by OUTX boomshakalaka)
|
|move|p2a: Bewear|Swords Dance|p2a: Bewear
|-boost|p2a: Bewear|atk|2
|move|p1a: Toxapex|Scald|p2a: Bewear
|-damage|p2a: Bewear|83/100
|
|upkeep
|turn|11
|
|switch|p1a: Seismitoad|Seismitoad, F|9/100 tox
|move|p2a: Bewear|Earthquake|p1a: Seismitoad
|-damage|p1a: Seismitoad|0 fnt
|faint|p1a: Seismitoad
|
|upkeep
|
|switch|p1a: Clefable|Clefable, M|100/100
|turn|12
|
|switch|p2a: Corviknight|Corviknight, M|90/100
|-ability|p2a: Corviknight|Pressure
|move|p1a: Clefable|Moonblast|p2a: Corviknight
|-resisted|p2a: Corviknight
|-damage|p2a: Corviknight|75/100
|
|-heal|p2a: Corviknight|81/100|[from] item: Leftovers
|upkeep
|turn|13
|
|switch|p1a: Corviknight|Corviknight, M|73/100
|-ability|p1a: Corviknight|Pressure
|move|p2a: Corviknight|Iron Head|p1a: Corviknight
|-resisted|p1a: Corviknight
|-damage|p1a: Corviknight|65/100
|-damage|p2a: Corviknight|65/100|[from] item: Rocky Helmet|[of] p1a: Corviknight
|
|-heal|p2a: Corviknight|71/100|[from] item: Leftovers
|upkeep
|turn|14
|
|move|p1a: Corviknight|Roost|p1a: Corviknight
|-heal|p1a: Corviknight|100/100
|-singleturn|p1a: Corviknight|move: Roost
|move|p2a: Corviknight|Roost|p2a: Corviknight
|-heal|p2a: Corviknight|100/100
|-singleturn|p2a: Corviknight|move: Roost
|
|upkeep
|turn|15
|
|switch|p2a: Toxapex|Toxapex, M|100/100
|move|p1a: Corviknight|Bulk Up|p1a: Corviknight
|-boost|p1a: Corviknight|atk|1
|-boost|p1a: Corviknight|def|1
|
|upkeep
|turn|16
|
|switch|p1a: Ferrothorn|Ferrothorn, F|100/100
|move|p2a: Toxapex|Haze|p2a: Toxapex
|-clearallboost
|
|upkeep
|turn|17
|
|switch|p2a: Corviknight|Corviknight, M|100/100
|-ability|p2a: Corviknight|Pressure
|move|p1a: Ferrothorn|Knock Off|p2a: Corviknight
|-damage|p2a: Corviknight|88/100
|-enditem|p2a: Corviknight|Leftovers|[from] move: Knock Off|[of] p1a: Ferrothorn
|
|upkeep
|turn|18
|
|switch|p1a: Toxapex|Toxapex, F|100/100
|move|p2a: Corviknight|Body Press|p1a: Toxapex
|-resisted|p1a: Toxapex
|-damage|p1a: Toxapex|92/100
|
|-heal|p1a: Toxapex|98/100|[from] item: Black Sludge
|upkeep
|turn|19
|
|switch|p2a: Clefable|Clefable, F|100/100
|move|p1a: Toxapex|Scald|p2a: Clefable
|-damage|p2a: Clefable|89/100
|
|-heal|p2a: Clefable|95/100|[from] item: Leftovers
|-heal|p1a: Toxapex|100/100|[from] item: Black Sludge
|upkeep
|turn|20
|
|move|p2a: Clefable|Wish|p2a: Clefable
|move|p1a: Toxapex|Toxic Spikes|p2a: Clefable
|-sidestart|p2: OUTX boomshakalaka|move: Toxic Spikes
|
|-heal|p2a: Clefable|100/100|[from] item: Leftovers
|upkeep
|turn|21
|
|switch|p2a: Toxapex|Toxapex, M|100/100
|-sideend|p2: OUTX boomshakalaka|move: Toxic Spikes|[of] p2a: Toxapex
|switch|p1a: Ferrothorn|Ferrothorn, F|100/100
|
|upkeep
|turn|22
|
|switch|p1a: Toxapex|Toxapex, F|100/100
|move|p2a: Toxapex|Scald|p1a: Toxapex
|-resisted|p1a: Toxapex
|-damage|p1a: Toxapex|94/100
|
|-heal|p1a: Toxapex|99/100|[from] item: Black Sludge
|upkeep
|turn|23
|j| GlobalWarmingDoom
|
|switch|p2a: Corviknight|Corviknight, M|88/100
|-ability|p2a: Corviknight|Pressure
|move|p1a: Toxapex|Scald|p2a: Corviknight
|-damage|p2a: Corviknight|72/100
|
|-heal|p1a: Toxapex|100/100|[from] item: Black Sludge
|upkeep
|turn|24
|
|switch|p2a: Clefable|Clefable, F|100/100
|switch|p1a: Corviknight|Corviknight, M|100/100
|-ability|p1a: Corviknight|Pressure
|
|upkeep
|turn|25
|
|switch|p1a: Toxapex|Toxapex, F|100/100
|move|p2a: Clefable|Protect||[still]
|-fail|p2a: Clefable
|
|upkeep
|turn|26
|
|move|p2a: Clefable|Wish|p2a: Clefable
|move|p1a: Toxapex|Toxic Spikes|p2a: Clefable
|-sidestart|p2: OUTX boomshakalaka|move: Toxic Spikes
|
|upkeep
|turn|27
|
|switch|p2a: Corviknight|Corviknight, M|72/100
|-ability|p2a: Corviknight|Pressure
|move|p1a: Toxapex|Scald|p2a: Corviknight
|-damage|p2a: Corviknight|54/100
|
|-heal|p2a: Corviknight|100/100|[from] move: Wish|[wisher] Clefable
|upkeep
|turn|28
|
|move|p2a: Corviknight|Defog|p1a: Toxapex
|-unboost|p1a: Toxapex|evasion|1
|-sideend|p2: OUTX boomshakalaka|Toxic Spikes|[from] move: Defog|[of] p2a: Corviknight
|move|p1a: Toxapex|Scald|p2a: Corviknight
|-crit|p2a: Corviknight
|-damage|p2a: Corviknight|74/100
|-status|p2a: Corviknight|brn
|
|-damage|p2a: Corviknight|68/100 brn|[from] brn
|upkeep
|turn|29
|
|switch|p2a: Clefable|Clefable, F|100/100
|move|p1a: Toxapex|Toxic Spikes|p2a: Clefable
|-sidestart|p2: OUTX boomshakalaka|move: Toxic Spikes
|
|upkeep
|turn|30
|
|switch|p1a: Ferrothorn|Ferrothorn, F|100/100
|move|p2a: Clefable|Aromatherapy|p2a: Clefable
|-activate|p2a: Clefable|move: Aromatherapy
|-curestatus|p2: Corviknight|brn|[msg]
|
|upkeep
|turn|31
|
|switch|p2a: Toxapex|Toxapex, M|100/100
|-sideend|p2: OUTX boomshakalaka|move: Toxic Spikes|[of] p2a: Toxapex
|move|p1a: Ferrothorn|Knock Off|p2a: Toxapex
|-damage|p2a: Toxapex|87/100
|-enditem|p2a: Toxapex|Black Sludge|[from] move: Knock Off|[of] p1a: Ferrothorn
|
|upkeep
|turn|32
|
|move|p2a: Toxapex|Scald|p1a: Ferrothorn
|-resisted|p1a: Ferrothorn
|-damage|p1a: Ferrothorn|95/100
|move|p1a: Ferrothorn|Spikes|p2a: Toxapex
|-sidestart|p2: OUTX boomshakalaka|Spikes
|
|-heal|p1a: Ferrothorn|100/100|[from] item: Leftovers
|upkeep
|turn|33
|
|switch|p1a: Toxapex|Toxapex, F|100/100
|move|p2a: Toxapex|Scald|p1a: Toxapex
|-resisted|p1a: Toxapex
|-damage|p1a: Toxapex|94/100
|-status|p1a: Toxapex|brn
|
|-heal|p1a: Toxapex|99/100 brn|[from] item: Black Sludge
|-damage|p1a: Toxapex|94/100 brn|[from] brn
|upkeep
|turn|34
|
|switch|p2a: Corviknight|Corviknight, M|68/100
|-ability|p2a: Corviknight|Pressure
|move|p1a: Toxapex|Scald|p2a: Corviknight
|-damage|p2a: Corviknight|51/100
|-status|p2a: Corviknight|brn
|
|-heal|p1a: Toxapex|99/100 brn|[from] item: Black Sludge
|-damage|p2a: Corviknight|45/100 brn|[from] brn
|-damage|p1a: Toxapex|94/100 brn|[from] brn
|upkeep
|turn|35
|
|switch|p1a: Corviknight|Corviknight, M|100/100
|-ability|p1a: Corviknight|Pressure
|move|p2a: Corviknight|Roost|p2a: Corviknight
|-heal|p2a: Corviknight|95/100 brn
|-singleturn|p2a: Corviknight|move: Roost
|
|-damage|p2a: Corviknight|89/100 brn|[from] brn
|upkeep
|turn|36
|
|move|p1a: Corviknight|Bulk Up|p1a: Corviknight
|-boost|p1a: Corviknight|atk|1
|-boost|p1a: Corviknight|def|1
|move|p2a: Corviknight|Defog|p1a: Corviknight
|-unboost|p1a: Corviknight|evasion|1
|-sideend|p2: OUTX boomshakalaka|Spikes|[from] move: Defog|[of] p2a: Corviknight
|
|-damage|p2a: Corviknight|82/100 brn|[from] brn
|upkeep
|turn|37
|l| GlobalWarmingDoom
|
|switch|p1a: Toxapex|Toxapex, F|100/100 brn
|switch|p2a: Toxapex|Toxapex, M|100/100
|
|-damage|p1a: Toxapex|95/100 brn|[from] brn
|upkeep
|turn|38
|
|switch|p2a: Bewear|Bewear, F|83/100
|switch|p1a: Clefable|Clefable, M|100/100
|
|upkeep
|turn|39
|
|switch|p2a: Reuniclus|Reuniclus, M|100/100
|switch|p1a: Toxapex|Toxapex, F|100/100 brn
|
|-damage|p1a: Toxapex|95/100 brn|[from] brn
|upkeep
|turn|40
|
|switch|p1a: Corviknight|Corviknight, M|100/100
|-ability|p1a: Corviknight|Pressure
|move|p2a: Reuniclus|Knock Off|p1a: Corviknight
|-damage|p1a: Corviknight|91/100
|-damage|p2a: Reuniclus|84/100|[from] item: Rocky Helmet|[of] p1a: Corviknight
|-enditem|p1a: Corviknight|Rocky Helmet|[from] move: Knock Off|[of] p2a: Reuniclus
|
|upkeep
|turn|41
|
|switch|p1a: Ferrothorn|Ferrothorn, F|100/100
|switch|p2a: Toxapex|Toxapex, M|100/100
|
|upkeep
|turn|42
|
|move|p2a: Toxapex|Scald|p1a: Ferrothorn
|-resisted|p1a: Ferrothorn
|-damage|p1a: Ferrothorn|95/100
|move|p1a: Ferrothorn|Spikes|p2a: Toxapex
|-sidestart|p2: OUTX boomshakalaka|Spikes
|
|-heal|p1a: Ferrothorn|100/100|[from] item: Leftovers
|upkeep
|turn|43
|
|switch|p2a: Corviknight|Corviknight, M|82/100 brn
|-ability|p2a: Corviknight|Pressure
|switch|p1a: Toxapex|Toxapex, F|100/100 brn
|
|-damage|p2a: Corviknight|76/100 brn|[from] brn
|-damage|p1a: Toxapex|95/100 brn|[from] brn
|upkeep
|turn|44
|
|switch|p1a: Corviknight|Corviknight, M|91/100
|-ability|p1a: Corviknight|Pressure
|move|p2a: Corviknight|Defog|p1a: Corviknight
|-unboost|p1a: Corviknight|evasion|1
|-sideend|p2: OUTX boomshakalaka|Spikes|[from] move: Defog|[of] p2a: Corviknight
|
|-damage|p2a: Corviknight|70/100 brn|[from] brn
|upkeep
|turn|45
|
|switch|p1a: Ferrothorn|Ferrothorn, F|100/100
|move|p2a: Corviknight|Roost|p2a: Corviknight
|-heal|p2a: Corviknight|100/100 brn
|-singleturn|p2a: Corviknight|move: Roost
|
|-damage|p2a: Corviknight|94/100 brn|[from] brn
|upkeep
|turn|46
|
|switch|p2a: Toxapex|Toxapex, M|100/100
|move|p1a: Ferrothorn|Spikes|p2a: Toxapex
|-sidestart|p2: OUTX boomshakalaka|Spikes
|
|upkeep
|turn|47
|
|switch|p2a: Corviknight|Corviknight, M|94/100 brn
|-ability|p2a: Corviknight|Pressure
|switch|p1a: Toxapex|Toxapex, F|100/100 brn
|
|-damage|p2a: Corviknight|88/100 brn|[from] brn
|-damage|p1a: Toxapex|95/100 brn|[from] brn
|upkeep
|turn|48
|
|switch|p2a: Toxapex|Toxapex, M|100/100
|-damage|p2a: Toxapex|88/100|[from] Spikes
|switch|p1a: Corviknight|Corviknight, M|91/100
|-ability|p1a: Corviknight|Pressure
|
|upkeep
|turn|49
|
|switch|p1a: Toxapex|Toxapex, F|100/100 brn
|switch|p2a: Corviknight|Corviknight, M|88/100 brn
|-ability|p2a: Corviknight|Pressure
|
|-damage|p2a: Corviknight|82/100 brn|[from] brn
|-damage|p1a: Toxapex|95/100 brn|[from] brn
|upkeep
|turn|50
|
|switch|p1a: Corviknight|Corviknight, M|91/100
|-ability|p1a: Corviknight|Pressure
|move|p2a: Corviknight|Defog|p1a: Corviknight
|-unboost|p1a: Corviknight|evasion|1
|-sideend|p2: OUTX boomshakalaka|Spikes|[from] move: Defog|[of] p2a: Corviknight
|
|-damage|p2a: Corviknight|75/100 brn|[from] brn
|upkeep
|turn|51
|
|switch|p1a: Toxapex|Toxapex, F|100/100 brn
|switch|p2a: Clefable|Clefable, F|100/100
|
|-damage|p1a: Toxapex|95/100 brn|[from] brn
|upkeep
|turn|52
|
|switch|p1a: Ferrothorn|Ferrothorn, F|100/100
|move|p2a: Clefable|Wish|p2a: Clefable
|
|upkeep
|turn|53
|
|switch|p2a: Bewear|Bewear, F|83/100
|move|p1a: Ferrothorn|Spikes|p2a: Bewear
|-sidestart|p2: OUTX boomshakalaka|Spikes
|
|-heal|p2a: Bewear|100/100|[from] move: Wish|[wisher] Clefable
|upkeep
|turn|54
|
|switch|p1a: Clefable|Clefable, M|100/100
|move|p2a: Bewear|Swords Dance|p2a: Bewear
|-boost|p2a: Bewear|atk|2
|
|upkeep
|turn|55
|
|switch|p2a: Corviknight|Corviknight, M|75/100 brn
|-ability|p2a: Corviknight|Pressure
|move|p1a: Clefable|Moonblast|p2a: Corviknight
|-resisted|p2a: Corviknight
|-damage|p2a: Corviknight|60/100 brn
|
|-damage|p2a: Corviknight|53/100 brn|[from] brn
|upkeep
|turn|56
|
|switch|p1a: Corviknight|Corviknight, M|91/100
|-ability|p1a: Corviknight|Pressure
|move|p2a: Corviknight|Roost|p2a: Corviknight
|-heal|p2a: Corviknight|100/100 brn
|-singleturn|p2a: Corviknight|move: Roost
|
|-damage|p2a: Corviknight|94/100 brn|[from] brn
|upkeep
|turn|57
|
|move|p1a: Corviknight|Bulk Up|p1a: Corviknight
|-boost|p1a: Corviknight|atk|1
|-boost|p1a: Corviknight|def|1
|move|p2a: Corviknight|Defog|p1a: Corviknight
|-unboost|p1a: Corviknight|evasion|1
|-sideend|p2: OUTX boomshakalaka|Spikes|[from] move: Defog|[of] p2a: Corviknight
|
|-damage|p2a: Corviknight|88/100 brn|[from] brn
|upkeep
|turn|58
|
|switch|p1a: Toxapex|Toxapex, F|100/100 brn
|switch|p2a: Toxapex|Toxapex, M|100/100
|
|-damage|p1a: Toxapex|95/100 brn|[from] brn
|upkeep
|turn|59
|
|switch|p2a: Bewear|Bewear, F|100/100
|move|p1a: Toxapex|Toxic Spikes|p2a: Bewear
|-sidestart|p2: OUTX boomshakalaka|move: Toxic Spikes
|
|-heal|p1a: Toxapex|100/100 brn|[from] item: Black Sludge
|-damage|p1a: Toxapex|95/100 brn|[from] brn
|upkeep
|turn|60
|
|move|p2a: Bewear|Iron Head|p1a: Toxapex
|-resisted|p1a: Toxapex
|-damage|p1a: Toxapex|88/100 brn
|move|p1a: Toxapex|Scald|p2a: Bewear
|-damage|p2a: Bewear|81/100
|-status|p2a: Bewear|brn
|
|-heal|p1a: Toxapex|94/100 brn|[from] item: Black Sludge
|-damage|p2a: Bewear|75/100 brn|[from] brn
|-damage|p1a: Toxapex|88/100 brn|[from] brn
|upkeep
|turn|61
|
|switch|p1a: Corviknight|Corviknight, M|91/100
|-ability|p1a: Corviknight|Pressure
|move|p2a: Bewear|Iron Head|p1a: Corviknight
|-resisted|p1a: Corviknight
|-damage|p1a: Corviknight|88/100
|
|-damage|p2a: Bewear|69/100 brn|[from] brn
|upkeep
|turn|62
|
|move|p1a: Corviknight|Bulk Up|p1a: Corviknight
|-boost|p1a: Corviknight|atk|1
|-boost|p1a: Corviknight|def|1
|move|p2a: Bewear|Swords Dance|p2a: Bewear
|-boost|p2a: Bewear|atk|2
|
|-damage|p2a: Bewear|63/100 brn|[from] brn
|upkeep
|turn|63
|
|move|p1a: Corviknight|Body Press|p2a: Bewear
|-supereffective|p2a: Bewear
|-damage|p2a: Bewear|36/100 brn
|-damage|p1a: Corviknight|71/100|[from] item: Rocky Helmet|[of] p2a: Bewear
|move|p2a: Bewear|Swords Dance|p2a: Bewear
|-boost|p2a: Bewear|atk|2
|
|-damage|p2a: Bewear|30/100 brn|[from] brn
|upkeep
|turn|64
|
|move|p1a: Corviknight|Body Press|p2a: Bewear
|-supereffective|p2a: Bewear
|-damage|p2a: Bewear|5/100 brn
|-damage|p1a: Corviknight|55/100|[from] item: Rocky Helmet|[of] p2a: Bewear
|move|p2a: Bewear|Drain Punch|p1a: Corviknight
|-damage|p1a: Corviknight|37/100
|-heal|p2a: Bewear|14/100 brn|[from] drain|[of] p1a: Corviknight
|
|-damage|p2a: Bewear|7/100 brn|[from] brn
|upkeep
|turn|65
|
|move|p1a: Corviknight|Body Press|p2a: Bewear
|-supereffective|p2a: Bewear
|-damage|p2a: Bewear|0 fnt
|-damage|p1a: Corviknight|20/100|[from] item: Rocky Helmet|[of] p2a: Bewear
|faint|p2a: Bewear
|
|upkeep
|
|switch|p2a: Toxapex|Toxapex, M|100/100
|-sideend|p2: OUTX boomshakalaka|move: Toxic Spikes|[of] p2a: Toxapex
|turn|66
|
|move|p1a: Corviknight|Roost|p1a: Corviknight
|-heal|p1a: Corviknight|70/100
|-singleturn|p1a: Corviknight|move: Roost
|move|p2a: Toxapex|Scald|p1a: Corviknight
|-damage|p1a: Corviknight|54/100
|-status|p1a: Corviknight|brn
|
|-damage|p1a: Corviknight|48/100 brn|[from] brn
|upkeep
|turn|67
|
|move|p1a: Corviknight|Roost|p1a: Corviknight
|-heal|p1a: Corviknight|98/100 brn
|-singleturn|p1a: Corviknight|move: Roost
|move|p2a: Toxapex|Scald|p1a: Corviknight
|-damage|p1a: Corviknight|81/100 brn
|
|-damage|p1a: Corviknight|75/100 brn|[from] brn
|upkeep
|turn|68
|
|switch|p1a: Clefable|Clefable, M|100/100
|move|p2a: Toxapex|Scald|p1a: Clefable
|-damage|p1a: Clefable|85/100
|
|-heal|p1a: Clefable|91/100|[from] item: Leftovers
|upkeep
|turn|69
|
|switch|p2a: Corviknight|Corviknight, M|88/100 brn
|-ability|p2a: Corviknight|Pressure
|move|p1a: Clefable|Aromatherapy|p1a: Clefable
|-activate|p1a: Clefable|move: Aromatherapy
|-curestatus|p1: Corviknight|brn|[msg]
|-curestatus|p1: Toxapex|brn|[msg]
|
|-heal|p1a: Clefable|97/100|[from] item: Leftovers
|-damage|p2a: Corviknight|82/100 brn|[from] brn
|upkeep
|turn|70
|
|switch|p2a: Toxapex|Toxapex, M|100/100
|switch|p1a: Ferrothorn|Ferrothorn, F|100/100
|
|upkeep
|turn|71
|
|switch|p2a: Corviknight|Corviknight, M|82/100 brn
|-ability|p2a: Corviknight|Pressure
|switch|p1a: Toxapex|Toxapex, F|100/100
|
|-damage|p2a: Corviknight|75/100 brn|[from] brn
|upkeep
|turn|72
|
|switch|p2a: Toxapex|Toxapex, M|100/100
|switch|p1a: Ferrothorn|Ferrothorn, F|100/100
|
|upkeep
|turn|73
|
|switch|p2a: Corviknight|Corviknight, M|75/100 brn
|-ability|p2a: Corviknight|Pressure
|move|p1a: Ferrothorn|Spikes|p2a: Corviknight
|-sidestart|p2: OUTX boomshakalaka|Spikes
|
|-damage|p2a: Corviknight|69/100 brn|[from] brn
|upkeep
|turn|74
|
|switch|p2a: Toxapex|Toxapex, M|100/100
|-damage|p2a: Toxapex|88/100|[from] Spikes
|switch|p1a: Corviknight|Corviknight, M|75/100
|-ability|p1a: Corviknight|Pressure
|
|upkeep
|turn|75
|
|switch|p1a: Toxapex|Toxapex, F|100/100
|switch|p2a: Corviknight|Corviknight, M|69/100 brn
|-ability|p2a: Corviknight|Pressure
|
|-damage|p2a: Corviknight|63/100 brn|[from] brn
|upkeep
|turn|76
|
|switch|p2a: Toxapex|Toxapex, M|100/100
|-damage|p2a: Toxapex|88/100|[from] Spikes
|move|p1a: Toxapex|Scald|p2a: Toxapex
|-resisted|p2a: Toxapex
|-damage|p2a: Toxapex|81/100
|
|upkeep
|turn|77
|
|switch|p2a: Corviknight|Corviknight, M|63/100 brn
|-ability|p2a: Corviknight|Pressure
|switch|p1a: Ferrothorn|Ferrothorn, F|100/100
|
|-damage|p2a: Corviknight|57/100 brn|[from] brn
|upkeep
|turn|78
|
|switch|p2a: Toxapex|Toxapex, M|100/100
|-damage|p2a: Toxapex|88/100|[from] Spikes
|switch|p1a: Corviknight|Corviknight, M|75/100
|-ability|p1a: Corviknight|Pressure
|
|upkeep
|turn|79
|
|switch|p1a: Toxapex|Toxapex, F|100/100
|switch|p2a: Corviknight|Corviknight, M|57/100 brn
|-ability|p2a: Corviknight|Pressure
|
|-damage|p2a: Corviknight|50/100 brn|[from] brn
|upkeep
|turn|80
|
|switch|p1a: Corviknight|Corviknight, M|75/100
|-ability|p1a: Corviknight|Pressure
|move|p2a: Corviknight|Roost|p2a: Corviknight
|-heal|p2a: Corviknight|100/100 brn
|-singleturn|p2a: Corviknight|move: Roost
|
|-damage|p2a: Corviknight|94/100 brn|[from] brn
|upkeep
|turn|81
|
|switch|p2a: Toxapex|Toxapex, M|100/100
|-damage|p2a: Toxapex|88/100|[from] Spikes
|move|p1a: Corviknight|Bulk Up|p1a: Corviknight
|-boost|p1a: Corviknight|atk|1
|-boost|p1a: Corviknight|def|1
|
|upkeep
|turn|82
|
|switch|p1a: Toxapex|Toxapex, F|100/100
|move|p2a: Toxapex|Haze|p2a: Toxapex
|-clearallboost
|
|upkeep
|turn|83
|
|switch|p2a: Corviknight|Corviknight, M|94/100 brn
|-ability|p2a: Corviknight|Pressure
|switch|p1a: Ferrothorn|Ferrothorn, F|100/100
|
|-damage|p2a: Corviknight|88/100 brn|[from] brn
|upkeep
|turn|84
|
|switch|p2a: Toxapex|Toxapex, M|100/100
|-damage|p2a: Toxapex|88/100|[from] Spikes
|switch|p1a: Corviknight|Corviknight, M|75/100
|-ability|p1a: Corviknight|Pressure
|
|upkeep
|turn|85
|
|switch|p1a: Toxapex|Toxapex, F|100/100
|switch|p2a: Corviknight|Corviknight, M|88/100 brn
|-ability|p2a: Corviknight|Pressure
|
|-damage|p2a: Corviknight|82/100 brn|[from] brn
|upkeep
|turn|86
|
|switch|p2a: Toxapex|Toxapex, M|100/100
|-damage|p2a: Toxapex|88/100|[from] Spikes
|switch|p1a: Corviknight|Corviknight, M|75/100
|-ability|p1a: Corviknight|Pressure
|
|upkeep
|turn|87
|
|switch|p1a: Toxapex|Toxapex, F|100/100
|switch|p2a: Reuniclus|Reuniclus, M|100/100
|-damage|p2a: Reuniclus|88/100|[from] Spikes
|
|upkeep
|turn|88
|
|switch|p2a: Toxapex|Toxapex, M|100/100
|-damage|p2a: Toxapex|88/100|[from] Spikes
|switch|p1a: Tyranitar|Tyranitar, F|100/100
|-weather|Sandstorm|[from] ability: Sand Stream|[of] p1a: Tyranitar
|
|-weather|Sandstorm|[upkeep]
|-damage|p2a: Toxapex|82/100|[from] Sandstorm
|upkeep
|turn|89
|
|switch|p1a: Toxapex|Toxapex, F|100/100
|move|p2a: Toxapex|Scald|p1a: Toxapex
|-resisted|p1a: Toxapex
|-damage|p1a: Toxapex|94/100
|-status|p1a: Toxapex|brn
|
|-weather|Sandstorm|[upkeep]
|-damage|p2a: Toxapex|75/100|[from] Sandstorm
|-damage|p1a: Toxapex|88/100 brn|[from] Sandstorm
|-heal|p1a: Toxapex|94/100 brn|[from] item: Black Sludge
|-damage|p1a: Toxapex|88/100 brn|[from] brn
|upkeep
|turn|90
|
|switch|p2a: Reuniclus|Reuniclus, M|100/100
|-damage|p2a: Reuniclus|88/100|[from] Spikes
|switch|p1a: Ferrothorn|Ferrothorn, F|100/100
|
|-weather|Sandstorm|[upkeep]
|-damage|p2a: Reuniclus|82/100|[from] Sandstorm
|upkeep
|turn|91
|
|move|p2a: Reuniclus|Psyshock|p1a: Ferrothorn
|-resisted|p1a: Ferrothorn
|-damage|p1a: Ferrothorn|89/100
|move|p1a: Ferrothorn|Knock Off|p2a: Reuniclus
|-supereffective|p2a: Reuniclus
|-damage|p2a: Reuniclus|40/100
|-enditem|p2a: Reuniclus|Assault Vest|[from] move: Knock Off|[of] p1a: Ferrothorn
|
|-weather|Sandstorm|[upkeep]
|-damage|p2a: Reuniclus|34/100|[from] Sandstorm
|-heal|p1a: Ferrothorn|95/100|[from] item: Leftovers
|upkeep
|turn|92
|
|switch|p2a: Toxapex|Toxapex, M|100/100
|-damage|p2a: Toxapex|88/100|[from] Spikes
|move|p1a: Ferrothorn|Knock Off|p2a: Toxapex
|-damage|p2a: Toxapex|79/100
|
|-weather|none
|-heal|p1a: Ferrothorn|100/100|[from] item: Leftovers
|upkeep
|turn|93
|
|switch|p2a: Reuniclus|Reuniclus, M|67/100
|-damage|p2a: Reuniclus|55/100|[from] Spikes
|switch|p1a: Toxapex|Toxapex, F|100/100 brn
|
|-damage|p1a: Toxapex|95/100 brn|[from] brn
|upkeep
|turn|94
|
|move|p2a: Reuniclus|Knock Off|p1a: Toxapex
|-damage|p1a: Toxapex|84/100 brn
|-enditem|p1a: Toxapex|Black Sludge|[from] move: Knock Off|[of] p2a: Reuniclus
|move|p1a: Toxapex|Toxic Spikes|p2a: Reuniclus
|-sidestart|p2: OUTX boomshakalaka|move: Toxic Spikes
|
|-damage|p1a: Toxapex|78/100 brn|[from] brn
|upkeep
|turn|95
|
|switch|p1a: Ferrothorn|Ferrothorn, F|100/100
|move|p2a: Reuniclus|Psyshock|p1a: Ferrothorn
|-resisted|p1a: Ferrothorn
|-damage|p1a: Ferrothorn|88/100
|
|-heal|p1a: Ferrothorn|94/100|[from] item: Leftovers
|upkeep
|turn|96
|
|switch|p1a: Toxapex|Toxapex, F|100/100 brn
|move|p2a: Reuniclus|Knock Off|p1a: Toxapex
|-damage|p1a: Toxapex|94/100 brn
|
|-damage|p1a: Toxapex|88/100 brn|[from] brn
|upkeep
|turn|97
|
|switch|p1a: Corviknight|Corviknight, M|75/100
|-ability|p1a: Corviknight|Pressure
|move|p2a: Reuniclus|Knock Off|p1a: Corviknight
|-damage|p1a: Corviknight|69/100
|
|upkeep
|turn|98
|
|switch|p1a: Toxapex|Toxapex, F|100/100 brn
|switch|p2a: Toxapex|Toxapex, M|100/100
|-damage|p2a: Toxapex|88/100|[from] Spikes
|-sideend|p2: OUTX boomshakalaka|move: Toxic Spikes|[of] p2a: Toxapex
|
|-damage|p1a: Toxapex|95/100 brn|[from] brn
|upkeep
|turn|99
|
|switch|p2a: Reuniclus|Reuniclus, M|88/100
|-damage|p2a: Reuniclus|76/100|[from] Spikes
|move|p1a: Toxapex|Toxic Spikes|p2a: Reuniclus
|-sidestart|p2: OUTX boomshakalaka|move: Toxic Spikes
|
|-damage|p1a: Toxapex|89/100 brn|[from] brn
|upkeep
|turn|100
|
|switch|p1a: Corviknight|Corviknight, M|69/100
|-ability|p1a: Corviknight|Pressure
|move|p2a: Reuniclus|Future Sight|p1a: Corviknight
|-start|p2a: Reuniclus|move: Future Sight
|
|upkeep
|turn|101
|
|switch|p2a: Toxapex|Toxapex, M|100/100
|-damage|p2a: Toxapex|88/100|[from] Spikes
|-sideend|p2: OUTX boomshakalaka|move: Toxic Spikes|[of] p2a: Toxapex
|move|p1a: Corviknight|Roost|p1a: Corviknight
|-heal|p1a: Corviknight|100/100
|-singleturn|p1a: Corviknight|move: Roost
|
|upkeep
|turn|102
|
|switch|p1a: Tyranitar|Tyranitar, F|100/100
|-weather|Sandstorm|[from] ability: Sand Stream|[of] p1a: Tyranitar
|move|p2a: Toxapex|Scald|p1a: Tyranitar
|-supereffective|p1a: Tyranitar
|-damage|p1a: Tyranitar|92/100
|
|-weather|Sandstorm|[upkeep]
|-damage|p2a: Toxapex|82/100|[from] Sandstorm
|-end|p1a: Tyranitar|move: Future Sight
|-immune|p1a: Tyranitar
|upkeep
|turn|103
|
|switch|p1a: Toxapex|Toxapex, F|100/100 brn
|move|p2a: Toxapex|Scald|p1a: Toxapex
|-resisted|p1a: Toxapex
|-damage|p1a: Toxapex|94/100 brn
|
|-weather|Sandstorm|[upkeep]
|-damage|p2a: Toxapex|75/100|[from] Sandstorm
|-damage|p1a: Toxapex|88/100 brn|[from] Sandstorm
|-damage|p1a: Toxapex|82/100 brn|[from] brn
|upkeep
|turn|104
|
|switch|p2a: Reuniclus|Reuniclus, M|100/100
|-damage|p2a: Reuniclus|88/100|[from] Spikes
|move|p1a: Toxapex|Toxic Spikes|p2a: Reuniclus
|-sidestart|p2: OUTX boomshakalaka|move: Toxic Spikes
|
|-weather|Sandstorm|[upkeep]
|-damage|p2a: Reuniclus|82/100|[from] Sandstorm
|-damage|p1a: Toxapex|76/100 brn|[from] Sandstorm
|-damage|p1a: Toxapex|70/100 brn|[from] brn
|upkeep
|turn|105
|
|move|p2a: Reuniclus|Focus Blast|p1a: Toxapex
|-resisted|p1a: Toxapex
|-damage|p1a: Toxapex|57/100 brn
|-unboost|p1a: Toxapex|spd|1
|move|p1a: Toxapex|Scald|p2a: Reuniclus
|-damage|p2a: Reuniclus|71/100
|
|-weather|Sandstorm|[upkeep]
|-damage|p2a: Reuniclus|65/100|[from] Sandstorm
|-damage|p1a: Toxapex|51/100 brn|[from] Sandstorm
|-damage|p1a: Toxapex|45/100 brn|[from] brn
|upkeep
|turn|106
|
|switch|p1a: Corviknight|Corviknight, M|100/100
|-ability|p1a: Corviknight|Pressure
|move|p2a: Reuniclus|Knock Off|p1a: Corviknight
|-damage|p1a: Corviknight|94/100
|
|-weather|none
|upkeep
|turn|107
|
|switch|p1a: Toxapex|Toxapex, F|78/100 brn
|switch|p2a: Toxapex|Toxapex, M|100/100
|-damage|p2a: Toxapex|88/100|[from] Spikes
|-sideend|p2: OUTX boomshakalaka|move: Toxic Spikes|[of] p2a: Toxapex
|
|-damage|p1a: Toxapex|72/100 brn|[from] brn
|upkeep
|turn|108
|
|switch|p2a: Reuniclus|Reuniclus, M|98/100
|-damage|p2a: Reuniclus|86/100|[from] Spikes
|move|p1a: Toxapex|Scald|p2a: Reuniclus
|-damage|p2a: Reuniclus|76/100
|
|-damage|p1a: Toxapex|66/100 brn|[from] brn
|upkeep
|turn|109
|
|switch|p1a: Corviknight|Corviknight, M|94/100
|-ability|p1a: Corviknight|Pressure
|move|p2a: Reuniclus|Knock Off|p1a: Corviknight
|-damage|p1a: Corviknight|88/100
|
|upkeep
|turn|110
|
|switch|p1a: Toxapex|Toxapex, F|99/100 brn
|switch|p2a: Toxapex|Toxapex, M|100/100
|-damage|p2a: Toxapex|88/100|[from] Spikes
|
|-damage|p1a: Toxapex|94/100 brn|[from] brn
|upkeep
|turn|111
|
|switch|p2a: Reuniclus|Reuniclus, M|100/100
|-damage|p2a: Reuniclus|88/100|[from] Spikes
|move|p1a: Toxapex|Scald|p2a: Reuniclus
|-crit|p2a: Reuniclus
|-damage|p2a: Reuniclus|70/100
|
|-damage|p1a: Toxapex|88/100 brn|[from] brn
|upkeep
|turn|112
|
|switch|p2a: Toxapex|Toxapex, M|100/100
|-damage|p2a: Toxapex|88/100|[from] Spikes
|switch|p1a: Corviknight|Corviknight, M|88/100
|-ability|p1a: Corviknight|Pressure
|
|upkeep
|turn|113
|
|switch|p1a: Toxapex|Toxapex, F|100/100 brn
|switch|p2a: Reuniclus|Reuniclus, M|100/100
|-damage|p2a: Reuniclus|88/100|[from] Spikes
|
|-damage|p1a: Toxapex|95/100 brn|[from] brn
|upkeep
|turn|114
|
|switch|p2a: Toxapex|Toxapex, M|100/100
|-damage|p2a: Toxapex|88/100|[from] Spikes
|switch|p1a: Corviknight|Corviknight, M|88/100
|-ability|p1a: Corviknight|Pressure
|
|upkeep
|turn|115
|
|switch|p1a: Toxapex|Toxapex, F|100/100 brn
|switch|p2a: Reuniclus|Reuniclus, M|100/100
|-damage|p2a: Reuniclus|88/100|[from] Spikes
|
|-damage|p1a: Toxapex|95/100 brn|[from] brn
|upkeep
|turn|116
|
|switch|p1a: Corviknight|Corviknight, M|88/100
|-ability|p1a: Corviknight|Pressure
|move|p2a: Reuniclus|Knock Off|p1a: Corviknight
|-damage|p1a: Corviknight|81/100
|
|upkeep
|turn|117
|
|switch|p1a: Toxapex|Toxapex, F|100/100 brn
|switch|p2a: Toxapex|Toxapex, M|100/100
|-damage|p2a: Toxapex|88/100|[from] Spikes
|
|-damage|p1a: Toxapex|95/100 brn|[from] brn
|upkeep
|turn|118
|
|switch|p2a: Reuniclus|Reuniclus, M|100/100
|-damage|p2a: Reuniclus|88/100|[from] Spikes
|move|p1a: Toxapex|Scald|p2a: Reuniclus
|-damage|p2a: Reuniclus|78/100
|-status|p2a: Reuniclus|brn
|
|-damage|p2a: Reuniclus|72/100 brn|[from] brn
|-damage|p1a: Toxapex|89/100 brn|[from] brn
|upkeep
|turn|119
|
|switch|p2a: Toxapex|Toxapex, M|100/100
|-damage|p2a: Toxapex|88/100|[from] Spikes
|switch|p1a: Corviknight|Corviknight, M|81/100
|-ability|p1a: Corviknight|Pressure
|
|upkeep
|turn|120
|
|switch|p1a: Ferrothorn|Ferrothorn, F|94/100
|switch|p2a: Reuniclus|Reuniclus, M|100/100 brn
|-damage|p2a: Reuniclus|88/100 brn|[from] Spikes
|
|-heal|p1a: Ferrothorn|99/100|[from] item: Leftovers
|-damage|p2a: Reuniclus|82/100 brn|[from] brn
|upkeep
|turn|121
|
|move|p2a: Reuniclus|Focus Blast|p1a: Ferrothorn
|-supereffective|p1a: Ferrothorn
|-damage|p1a: Ferrothorn|57/100
|move|p1a: Ferrothorn|Leech Seed|p2a: Reuniclus|[miss]
|-miss|p1a: Ferrothorn|p2a: Reuniclus
|
|-heal|p1a: Ferrothorn|63/100|[from] item: Leftovers
|-damage|p2a: Reuniclus|76/100 brn|[from] brn
|upkeep
|turn|122
|
|move|p1a: Ferrothorn|Protect|p1a: Ferrothorn
|-singleturn|p1a: Ferrothorn|Protect
|move|p2a: Reuniclus|Psyshock|p1a: Ferrothorn
|-activate|p1a: Ferrothorn|move: Protect
|
|-heal|p1a: Ferrothorn|69/100|[from] item: Leftovers
|-damage|p2a: Reuniclus|70/100 brn|[from] brn
|upkeep
|turn|123
|
|switch|p1a: Corviknight|Corviknight, M|81/100
|-ability|p1a: Corviknight|Pressure
|move|p2a: Reuniclus|Knock Off|p1a: Corviknight
|-damage|p1a: Corviknight|78/100
|
|-damage|p2a: Reuniclus|63/100 brn|[from] brn
|upkeep
|turn|124
|
|switch|p1a: Toxapex|Toxapex, F|100/100 brn
|switch|p2a: Toxapex|Toxapex, M|100/100
|-damage|p2a: Toxapex|88/100|[from] Spikes
|
|-damage|p1a: Toxapex|95/100 brn|[from] brn
|upkeep
|turn|125
|
|switch|p2a: Reuniclus|Reuniclus, M|97/100 brn
|-damage|p2a: Reuniclus|84/100 brn|[from] Spikes
|switch|p1a: Ferrothorn|Ferrothorn, F|69/100
|
|-heal|p1a: Ferrothorn|75/100|[from] item: Leftovers
|-damage|p2a: Reuniclus|78/100 brn|[from] brn
|upkeep
|turn|126
|
|move|p1a: Ferrothorn|Protect|p1a: Ferrothorn
|-singleturn|p1a: Ferrothorn|Protect
|move|p2a: Reuniclus|Knock Off|p1a: Ferrothorn
|-activate|p1a: Ferrothorn|move: Protect
|
|-heal|p1a: Ferrothorn|81/100|[from] item: Leftovers
|-damage|p2a: Reuniclus|72/100 brn|[from] brn
|upkeep
|turn|127
|
|switch|p1a: Corviknight|Corviknight, M|78/100
|-ability|p1a: Corviknight|Pressure
|move|p2a: Reuniclus|Knock Off|p1a: Corviknight
|-damage|p1a: Corviknight|75/100
|
|-damage|p2a: Reuniclus|66/100 brn|[from] brn
|upkeep
|turn|128
|
|switch|p1a: Toxapex|Toxapex, F|100/100 brn
|switch|p2a: Toxapex|Toxapex, M|100/100
|-damage|p2a: Toxapex|88/100|[from] Spikes
|
|-damage|p1a: Toxapex|95/100 brn|[from] brn
|upkeep
|turn|129
|
|switch|p2a: Reuniclus|Reuniclus, M|99/100 brn
|-damage|p2a: Reuniclus|87/100 brn|[from] Spikes
|switch|p1a: Corviknight|Corviknight, M|75/100
|-ability|p1a: Corviknight|Pressure
|
|-damage|p2a: Reuniclus|80/100 brn|[from] brn
|upkeep
|turn|130
|
|switch|p1a: Toxapex|Toxapex, F|100/100 brn
|switch|p2a: Toxapex|Toxapex, M|100/100
|-damage|p2a: Toxapex|88/100|[from] Spikes
|
|-damage|p1a: Toxapex|95/100 brn|[from] brn
|upkeep
|turn|131
|
|switch|p2a: Reuniclus|Reuniclus, M|100/100 brn
|-damage|p2a: Reuniclus|88/100 brn|[from] Spikes
|switch|p1a: Ferrothorn|Ferrothorn, F|81/100
|
|-heal|p1a: Ferrothorn|87/100|[from] item: Leftovers
|-damage|p2a: Reuniclus|82/100 brn|[from] brn
|upkeep
|turn|132
|
|switch|p2a: Toxapex|Toxapex, M|100/100
|-damage|p2a: Toxapex|88/100|[from] Spikes
|switch|p1a: Corviknight|Corviknight, M|75/100
|-ability|p1a: Corviknight|Pressure
|
|upkeep
|turn|133
|
|switch|p1a: Toxapex|Toxapex, F|100/100 brn
|switch|p2a: Reuniclus|Reuniclus, M|100/100 brn
|-damage|p2a: Reuniclus|88/100 brn|[from] Spikes
|
|-damage|p2a: Reuniclus|82/100 brn|[from] brn
|-damage|p1a: Toxapex|95/100 brn|[from] brn
|upkeep
|turn|134
|
|switch|p2a: Toxapex|Toxapex, M|100/100
|-damage|p2a: Toxapex|88/100|[from] Spikes
|switch|p1a: Corviknight|Corviknight, M|75/100
|-ability|p1a: Corviknight|Pressure
|
|upkeep
|turn|135
|
|switch|p1a: Ferrothorn|Ferrothorn, F|87/100
|switch|p2a: Reuniclus|Reuniclus, M|100/100 brn
|-damage|p2a: Reuniclus|88/100 brn|[from] Spikes
|
|-heal|p1a: Ferrothorn|93/100|[from] item: Leftovers
|-damage|p2a: Reuniclus|82/100 brn|[from] brn
|upkeep
|turn|136
|
|switch|p2a: Toxapex|Toxapex, M|100/100
|-damage|p2a: Toxapex|88/100|[from] Spikes
|switch|p1a: Corviknight|Corviknight, M|75/100
|-ability|p1a: Corviknight|Pressure
|
|upkeep
|turn|137
|
|switch|p1a: Ferrothorn|Ferrothorn, F|93/100
|switch|p2a: Reuniclus|Reuniclus, M|100/100 brn
|-damage|p2a: Reuniclus|88/100 brn|[from] Spikes
|
|-heal|p1a: Ferrothorn|99/100|[from] item: Leftovers
|-damage|p2a: Reuniclus|82/100 brn|[from] brn
|upkeep
|turn|138
|
|switch|p2a: Toxapex|Toxapex, M|100/100
|-damage|p2a: Toxapex|88/100|[from] Spikes
|switch|p1a: Corviknight|Corviknight, M|75/100
|-ability|p1a: Corviknight|Pressure
|
|upkeep
|turn|139
|
|switch|p1a: Ferrothorn|Ferrothorn, F|99/100
|switch|p2a: Reuniclus|Reuniclus, M|100/100 brn
|-damage|p2a: Reuniclus|88/100 brn|[from] Spikes
|
|-heal|p1a: Ferrothorn|100/100|[from] item: Leftovers
|-damage|p2a: Reuniclus|82/100 brn|[from] brn
|upkeep
|turn|140
|
|switch|p2a: Toxapex|Toxapex, M|100/100
|-damage|p2a: Toxapex|88/100|[from] Spikes
|switch|p1a: Toxapex|Toxapex, F|100/100 brn
|
|-damage|p1a: Toxapex|95/100 brn|[from] brn
|upkeep
|turn|141
|
|switch|p2a: Reuniclus|Reuniclus, M|100/100 brn
|-damage|p2a: Reuniclus|88/100 brn|[from] Spikes
|switch|p1a: Ferrothorn|Ferrothorn, F|100/100
|
|-damage|p2a: Reuniclus|82/100 brn|[from] brn
|upkeep
|turn|142
|
|switch|p2a: Toxapex|Toxapex, M|100/100
|-damage|p2a: Toxapex|88/100|[from] Spikes
|move|p1a: Ferrothorn|Spikes|p2a: Toxapex
|-sidestart|p2: OUTX boomshakalaka|Spikes
|
|upkeep
|turn|143
|
|switch|p2a: Reuniclus|Reuniclus, M|100/100 brn
|-damage|p2a: Reuniclus|84/100 brn|[from] Spikes
|switch|p1a: Toxapex|Toxapex, F|100/100 brn
|
|-damage|p2a: Reuniclus|78/100 brn|[from] brn
|-damage|p1a: Toxapex|95/100 brn|[from] brn
|upkeep
|turn|144
|
|switch|p2a: Toxapex|Toxapex, M|100/100
|-damage|p2a: Toxapex|84/100|[from] Spikes
|switch|p1a: Corviknight|Corviknight, M|75/100
|-ability|p1a: Corviknight|Pressure
|
|upkeep
|turn|145
|
|switch|p1a: Toxapex|Toxapex, F|100/100 brn
|switch|p2a: Reuniclus|Reuniclus, M|100/100 brn
|-damage|p2a: Reuniclus|84/100 brn|[from] Spikes
|
|-damage|p2a: Reuniclus|78/100 brn|[from] brn
|-damage|p1a: Toxapex|95/100 brn|[from] brn
|upkeep
|turn|146
|
|switch|p2a: Corviknight|Corviknight, M|82/100 brn
|-ability|p2a: Corviknight|Pressure
|switch|p1a: Corviknight|Corviknight, M|75/100
|-ability|p1a: Corviknight|Pressure
|
|-damage|p2a: Corviknight|75/100 brn|[from] brn
|upkeep
|turn|147
|
|switch|p2a: Toxapex|Toxapex, M|100/100
|-damage|p2a: Toxapex|84/100|[from] Spikes
|move|p1a: Corviknight|Bulk Up|p1a: Corviknight
|-boost|p1a: Corviknight|atk|1
|-boost|p1a: Corviknight|def|1
|
|upkeep
|turn|148
|
|switch|p1a: Toxapex|Toxapex, F|100/100 brn
|switch|p2a: Corviknight|Corviknight, M|75/100 brn
|-ability|p2a: Corviknight|Pressure
|
|-damage|p2a: Corviknight|69/100 brn|[from] brn
|-damage|p1a: Toxapex|95/100 brn|[from] brn
|upkeep
|turn|149
|
|switch|p2a: Toxapex|Toxapex, M|100/100
|-damage|p2a: Toxapex|84/100|[from] Spikes
|switch|p1a: Corviknight|Corviknight, M|75/100
|-ability|p1a: Corviknight|Pressure
|
|upkeep
|turn|150
|
|switch|p1a: Toxapex|Toxapex, F|100/100 brn
|switch|p2a: Corviknight|Corviknight, M|69/100 brn
|-ability|p2a: Corviknight|Pressure
|
|-damage|p2a: Corviknight|63/100 brn|[from] brn
|-damage|p1a: Toxapex|95/100 brn|[from] brn
|upkeep
|turn|151
|
|switch|p2a: Toxapex|Toxapex, M|100/100
|-damage|p2a: Toxapex|84/100|[from] Spikes
|switch|p1a: Corviknight|Corviknight, M|75/100
|-ability|p1a: Corviknight|Pressure
|
|upkeep
|turn|152
|
|switch|p1a: Toxapex|Toxapex, F|100/100 brn
|switch|p2a: Reuniclus|Reuniclus, M|100/100 brn
|-damage|p2a: Reuniclus|84/100 brn|[from] Spikes
|
|-damage|p2a: Reuniclus|78/100 brn|[from] brn
|-damage|p1a: Toxapex|95/100 brn|[from] brn
|upkeep
|turn|153
|
|switch|p2a: Toxapex|Toxapex, M|100/100
|-damage|p2a: Toxapex|84/100|[from] Spikes
|switch|p1a: Corviknight|Corviknight, M|75/100
|-ability|p1a: Corviknight|Pressure
|
|upkeep
|turn|154
|
|switch|p1a: Toxapex|Toxapex, F|100/100 brn
|switch|p2a: Reuniclus|Reuniclus, M|100/100 brn
|-damage|p2a: Reuniclus|84/100 brn|[from] Spikes
|
|-damage|p2a: Reuniclus|78/100 brn|[from] brn
|-damage|p1a: Toxapex|95/100 brn|[from] brn
|upkeep
|turn|155
|
|switch|p2a: Toxapex|Toxapex, M|100/100
|-damage|p2a: Toxapex|84/100|[from] Spikes
|switch|p1a: Corviknight|Corviknight, M|75/100
|-ability|p1a: Corviknight|Pressure
|
|upkeep
|turn|156
|
|switch|p1a: Toxapex|Toxapex, F|100/100 brn
|switch|p2a: Reuniclus|Reuniclus, M|100/100 brn
|-damage|p2a: Reuniclus|84/100 brn|[from] Spikes
|
|-damage|p2a: Reuniclus|78/100 brn|[from] brn
|-damage|p1a: Toxapex|95/100 brn|[from] brn
|upkeep
|turn|157
|
|switch|p2a: Toxapex|Toxapex, M|100/100
|-damage|p2a: Toxapex|84/100|[from] Spikes
|switch|p1a: Corviknight|Corviknight, M|75/100
|-ability|p1a: Corviknight|Pressure
|
|upkeep
|turn|158
|
|switch|p1a: Toxapex|Toxapex, F|100/100 brn
|switch|p2a: Reuniclus|Reuniclus, M|100/100 brn
|-damage|p2a: Reuniclus|84/100 brn|[from] Spikes
|
|-damage|p2a: Reuniclus|78/100 brn|[from] brn
|-damage|p1a: Toxapex|95/100 brn|[from] brn
|upkeep
|turn|159
|
|switch|p2a: Toxapex|Toxapex, M|100/100
|-damage|p2a: Toxapex|84/100|[from] Spikes
|switch|p1a: Corviknight|Corviknight, M|75/100
|-ability|p1a: Corviknight|Pressure
|
|upkeep
|turn|160
|
|switch|p1a: Toxapex|Toxapex, F|100/100 brn
|switch|p2a: Reuniclus|Reuniclus, M|100/100 brn
|-damage|p2a: Reuniclus|84/100 brn|[from] Spikes
|
|-damage|p2a: Reuniclus|78/100 brn|[from] brn
|-damage|p1a: Toxapex|95/100 brn|[from] brn
|upkeep
|turn|161
|
|switch|p2a: Toxapex|Toxapex, M|100/100
|-damage|p2a: Toxapex|84/100|[from] Spikes
|switch|p1a: Corviknight|Corviknight, M|75/100
|-ability|p1a: Corviknight|Pressure
|
|upkeep
|turn|162
|
|switch|p1a: Ferrothorn|Ferrothorn, F|100/100
|switch|p2a: Reuniclus|Reuniclus, M|100/100 brn
|-damage|p2a: Reuniclus|84/100 brn|[from] Spikes
|
|-damage|p2a: Reuniclus|78/100 brn|[from] brn
|upkeep
|turn|163
|
|switch|p2a: Toxapex|Toxapex, M|100/100
|-damage|p2a: Toxapex|84/100|[from] Spikes
|switch|p1a: Toxapex|Toxapex, F|100/100 brn
|
|-damage|p1a: Toxapex|95/100 brn|[from] brn
|upkeep
|turn|164
|
|switch|p2a: Reuniclus|Reuniclus, M|100/100 brn
|-damage|p2a: Reuniclus|84/100 brn|[from] Spikes
|switch|p1a: Ferrothorn|Ferrothorn, F|100/100
|
|-damage|p2a: Reuniclus|78/100 brn|[from] brn
|upkeep
|turn|165
|
|switch|p2a: Toxapex|Toxapex, M|100/100
|-damage|p2a: Toxapex|84/100|[from] Spikes
|move|p1a: Ferrothorn|Spikes|p2a: Toxapex
|-sidestart|p2: OUTX boomshakalaka|Spikes
|
|upkeep
|turn|166
|
|switch|p2a: Reuniclus|Reuniclus, M|100/100 brn
|-damage|p2a: Reuniclus|75/100 brn|[from] Spikes
|switch|p1a: Toxapex|Toxapex, F|100/100 brn
|
|-damage|p2a: Reuniclus|69/100 brn|[from] brn
|-damage|p1a: Toxapex|95/100 brn|[from] brn
|upkeep
|turn|167
|
|switch|p2a: Toxapex|Toxapex, M|100/100
|-damage|p2a: Toxapex|75/100|[from] Spikes
|switch|p1a: Corviknight|Corviknight, M|75/100
|-ability|p1a: Corviknight|Pressure
|
|upkeep
|turn|168
|
|switch|p1a: Toxapex|Toxapex, F|100/100 brn
|switch|p2a: Reuniclus|Reuniclus, M|100/100 brn
|-damage|p2a: Reuniclus|75/100 brn|[from] Spikes
|
|-damage|p2a: Reuniclus|69/100 brn|[from] brn
|-damage|p1a: Toxapex|95/100 brn|[from] brn
|upkeep
|turn|169
|
|switch|p2a: Toxapex|Toxapex, M|100/100
|-damage|p2a: Toxapex|75/100|[from] Spikes
|switch|p1a: Ferrothorn|Ferrothorn, F|100/100
|
|upkeep
|turn|170
|
|switch|p2a: Reuniclus|Reuniclus, M|100/100 brn
|-damage|p2a: Reuniclus|75/100 brn|[from] Spikes
|switch|p1a: Toxapex|Toxapex, F|100/100 brn
|
|-damage|p2a: Reuniclus|69/100 brn|[from] brn
|-damage|p1a: Toxapex|95/100 brn|[from] brn
|upkeep
|turn|171
|
|switch|p2a: Toxapex|Toxapex, M|100/100
|-damage|p2a: Toxapex|75/100|[from] Spikes
|switch|p1a: Ferrothorn|Ferrothorn, F|100/100
|
|upkeep
|turn|172
|
|switch|p2a: Reuniclus|Reuniclus, M|100/100 brn
|-damage|p2a: Reuniclus|75/100 brn|[from] Spikes
|switch|p1a: Toxapex|Toxapex, F|100/100 brn
|
|-damage|p2a: Reuniclus|69/100 brn|[from] brn
|-damage|p1a: Toxapex|95/100 brn|[from] brn
|upkeep
|turn|173
|
|switch|p2a: Toxapex|Toxapex, M|100/100
|-damage|p2a: Toxapex|75/100|[from] Spikes
|switch|p1a: Ferrothorn|Ferrothorn, F|100/100
|
|upkeep
|turn|174
|
|switch|p2a: Reuniclus|Reuniclus, M|100/100 brn
|-damage|p2a: Reuniclus|75/100 brn|[from] Spikes
|switch|p1a: Tyranitar|Tyranitar, F|92/100
|-weather|Sandstorm|[from] ability: Sand Stream|[of] p1a: Tyranitar
|
|-weather|Sandstorm|[upkeep]
|-damage|p2a: Reuniclus|69/100 brn|[from] Sandstorm
|-damage|p2a: Reuniclus|63/100 brn|[from] brn
|upkeep
|turn|175
|
|switch|p1a: Toxapex|Toxapex, F|100/100 brn
|switch|p2a: Toxapex|Toxapex, M|100/100
|-damage|p2a: Toxapex|75/100|[from] Spikes
|
|-weather|Sandstorm|[upkeep]
|-damage|p2a: Toxapex|69/100|[from] Sandstorm
|-damage|p1a: Toxapex|95/100 brn|[from] Sandstorm
|-damage|p1a: Toxapex|89/100 brn|[from] brn
|upkeep
|turn|176
|
|switch|p2a: Reuniclus|Reuniclus, M|96/100 brn
|-damage|p2a: Reuniclus|71/100 brn|[from] Spikes
|switch|p1a: Ferrothorn|Ferrothorn, F|100/100
|
|-weather|Sandstorm|[upkeep]
|-damage|p2a: Reuniclus|65/100 brn|[from] Sandstorm
|-damage|p2a: Reuniclus|59/100 brn|[from] brn
|upkeep
|turn|177
|
|switch|p2a: Toxapex|Toxapex, M|100/100
|-damage|p2a: Toxapex|75/100|[from] Spikes
|switch|p1a: Toxapex|Toxapex, F|100/100 brn
|
|-weather|Sandstorm|[upkeep]
|-damage|p2a: Toxapex|69/100|[from] Sandstorm
|-damage|p1a: Toxapex|95/100 brn|[from] Sandstorm
|-damage|p1a: Toxapex|89/100 brn|[from] brn
|upkeep
|turn|178
|
|switch|p2a: Reuniclus|Reuniclus, M|92/100 brn
|-damage|p2a: Reuniclus|67/100 brn|[from] Spikes
|switch|p1a: Ferrothorn|Ferrothorn, F|100/100
|
|-weather|none
|-damage|p2a: Reuniclus|61/100 brn|[from] brn
|upkeep
|turn|179
|
|switch|p2a: Toxapex|Toxapex, M|100/100
|-damage|p2a: Toxapex|75/100|[from] Spikes
|move|p1a: Ferrothorn|Leech Seed|p2a: Toxapex
|-start|p2a: Toxapex|move: Leech Seed
|
|-damage|p2a: Toxapex|63/100|[from] Leech Seed|[of] p1a: Ferrothorn
|upkeep
|turn|180
|
|switch|p2a: Reuniclus|Reuniclus, M|95/100 brn
|-damage|p2a: Reuniclus|70/100 brn|[from] Spikes
|switch|p1a: Tyranitar|Tyranitar, F|92/100
|-weather|Sandstorm|[from] ability: Sand Stream|[of] p1a: Tyranitar
|
|-weather|Sandstorm|[upkeep]
|-damage|p2a: Reuniclus|63/100 brn|[from] Sandstorm
|-damage|p2a: Reuniclus|57/100 brn|[from] brn
|upkeep
|turn|181
|
|switch|p1a: Toxapex|Toxapex, F|100/100 brn
|switch|p2a: Toxapex|Toxapex, M|96/100
|-damage|p2a: Toxapex|71/100|[from] Spikes
|
|-weather|Sandstorm|[upkeep]
|-damage|p2a: Toxapex|65/100|[from] Sandstorm
|-damage|p1a: Toxapex|95/100 brn|[from] Sandstorm
|-damage|p1a: Toxapex|89/100 brn|[from] brn
|upkeep
|turn|182
|
|switch|p2a: Reuniclus|Reuniclus, M|91/100 brn
|-damage|p2a: Reuniclus|66/100 brn|[from] Spikes
|switch|p1a: Tyranitar|Tyranitar, F|92/100
|
|-weather|Sandstorm|[upkeep]
|-damage|p2a: Reuniclus|59/100 brn|[from] Sandstorm
|-damage|p2a: Reuniclus|53/100 brn|[from] brn
|upkeep
|turn|183
|
|switch|p2a: Toxapex|Toxapex, M|98/100
|-damage|p2a: Toxapex|73/100|[from] Spikes
|move|p1a: Tyranitar|Stone Edge|p2a: Toxapex
|-damage|p2a: Toxapex|46/100
|
|-weather|Sandstorm|[upkeep]
|-damage|p2a: Toxapex|39/100|[from] Sandstorm
|upkeep
|turn|184
|
|switch|p1a: Toxapex|Toxapex, F|100/100 brn
|move|p2a: Toxapex|Recover|p2a: Toxapex
|-heal|p2a: Toxapex|89/100
|
|-weather|none
|-damage|p1a: Toxapex|95/100 brn|[from] brn
|upkeep
|turn|185
|
|switch|p2a: Corviknight|Corviknight, M|63/100 brn
|-ability|p2a: Corviknight|Pressure
|switch|p1a: Tyranitar|Tyranitar, F|92/100
|-weather|Sandstorm|[from] ability: Sand Stream|[of] p1a: Tyranitar
|
|-weather|Sandstorm|[upkeep]
|-damage|p2a: Corviknight|57/100 brn|[from] brn
|upkeep
|turn|186
|
|switch|p2a: Toxapex|Toxapex, M|100/100
|-damage|p2a: Toxapex|75/100|[from] Spikes
|switch|p1a: Corviknight|Corviknight, M|75/100
|-ability|p1a: Corviknight|Pressure
|
|-weather|Sandstorm|[upkeep]
|-damage|p2a: Toxapex|69/100|[from] Sandstorm
|upkeep
|turn|187
|
|switch|p1a: Toxapex|Toxapex, F|100/100 brn
|switch|p2a: Reuniclus|Reuniclus, M|87/100 brn
|-damage|p2a: Reuniclus|62/100 brn|[from] Spikes
|
|-weather|Sandstorm|[upkeep]
|-damage|p2a: Reuniclus|55/100 brn|[from] Sandstorm
|-damage|p1a: Toxapex|95/100 brn|[from] Sandstorm
|-damage|p2a: Reuniclus|49/100 brn|[from] brn
|-damage|p1a: Toxapex|89/100 brn|[from] brn
|upkeep
|turn|188
|
|switch|p2a: Toxapex|Toxapex, M|100/100
|-damage|p2a: Toxapex|75/100|[from] Spikes
|switch|p1a: Ferrothorn|Ferrothorn, F|100/100
|
|-weather|Sandstorm|[upkeep]
|-damage|p2a: Toxapex|69/100|[from] Sandstorm
|upkeep
|turn|189
|
|switch|p2a: Corviknight|Corviknight, M|57/100 brn
|-ability|p2a: Corviknight|Pressure
|move|p1a: Ferrothorn|Knock Off|p2a: Corviknight
|-damage|p2a: Corviknight|48/100 brn
|
|-weather|none
|-damage|p2a: Corviknight|42/100 brn|[from] brn
|upkeep
|turn|190
|
|switch|p1a: Corviknight|Corviknight, M|75/100
|-ability|p1a: Corviknight|Pressure
|move|p2a: Corviknight|Defog|p1a: Corviknight
|-unboost|p1a: Corviknight|evasion|1
|-sideend|p2: OUTX boomshakalaka|Spikes|[from] move: Defog|[of] p2a: Corviknight
|
|-damage|p2a: Corviknight|36/100 brn|[from] brn
|upkeep
|turn|191
|
|move|p1a: Corviknight|Bulk Up|p1a: Corviknight
|-boost|p1a: Corviknight|atk|1
|-boost|p1a: Corviknight|def|1
|move|p2a: Corviknight|Roost|p2a: Corviknight
|-heal|p2a: Corviknight|86/100 brn
|-singleturn|p2a: Corviknight|move: Roost
|
|-damage|p2a: Corviknight|79/100 brn|[from] brn
|upkeep
|turn|192
|
|switch|p2a: Toxapex|Toxapex, M|100/100
|move|p1a: Corviknight|Bulk Up|p1a: Corviknight
|-boost|p1a: Corviknight|atk|1
|-boost|p1a: Corviknight|def|1
|
|upkeep
|turn|193
|
|switch|p1a: Ferrothorn|Ferrothorn, F|100/100
|move|p2a: Toxapex|Recover||[still]
|-fail|p2a: Toxapex|heal
|
|upkeep
|turn|194
|
|switch|p2a: Clefable|Clefable, F|100/100
|switch|p1a: Toxapex|Toxapex, F|100/100 brn
|
|-damage|p1a: Toxapex|95/100 brn|[from] brn
|upkeep
|turn|195
|
|switch|p1a: Ferrothorn|Ferrothorn, F|100/100
|move|p2a: Clefable|Aromatherapy|p2a: Clefable
|-activate|p2a: Clefable|move: Aromatherapy
|-curestatus|p2: Corviknight|brn|[msg]
|-curestatus|p2: Reuniclus|brn|[msg]
|
|upkeep
|turn|196
|
|switch|p2a: Corviknight|Corviknight, M|79/100
|-ability|p2a: Corviknight|Pressure
|move|p1a: Ferrothorn|Knock Off|p2a: Corviknight
|-damage|p2a: Corviknight|71/100
|
|upkeep
|turn|197
|
|switch|p2a: Reuniclus|Reuniclus, M|83/100
|switch|p1a: Toxapex|Toxapex, F|100/100 brn
|
|-damage|p1a: Toxapex|95/100 brn|[from] brn
|upkeep
|turn|198
|
|switch|p2a: Corviknight|Corviknight, M|71/100
|-ability|p2a: Corviknight|Pressure
|move|p1a: Toxapex|Toxic Spikes|p2a: Corviknight
|-sidestart|p2: OUTX boomshakalaka|move: Toxic Spikes
|
|-damage|p1a: Toxapex|89/100 brn|[from] brn
|upkeep
|turn|199
|
|switch|p2a: Toxapex|Toxapex, M|100/100
|-sideend|p2: OUTX boomshakalaka|move: Toxic Spikes|[of] p2a: Toxapex
|move|p1a: Toxapex|Scald|p2a: Toxapex
|-resisted|p2a: Toxapex
|-damage|p2a: Toxapex|94/100
|
|-damage|p1a: Toxapex|83/100 brn|[from] brn
|upkeep
|turn|200
|
|switch|p2a: Corviknight|Corviknight, M|71/100
|-ability|p2a: Corviknight|Pressure
|move|p1a: Toxapex|Toxic Spikes|p2a: Corviknight
|-sidestart|p2: OUTX boomshakalaka|move: Toxic Spikes
|
|-damage|p1a: Toxapex|77/100 brn|[from] brn
|upkeep
|turn|201
|
|switch|p2a: Reuniclus|Reuniclus, M|100/100
|-status|p2a: Reuniclus|psn
|switch|p1a: Corviknight|Corviknight, M|75/100
|-ability|p1a: Corviknight|Pressure
|
|-damage|p2a: Reuniclus|88/100 psn|[from] psn
|upkeep
|turn|202
|
|switch|p1a: Ferrothorn|Ferrothorn, F|100/100
|switch|p2a: Toxapex|Toxapex, M|100/100
|-sideend|p2: OUTX boomshakalaka|move: Toxic Spikes|[of] p2a: Toxapex
|
|upkeep
|turn|203
|
|switch|p2a: Corviknight|Corviknight, M|71/100
|-ability|p2a: Corviknight|Pressure
|move|p1a: Ferrothorn|Spikes|p2a: Corviknight
|-sidestart|p2: OUTX boomshakalaka|Spikes
|
|upkeep
|turn|204
|
|switch|p2a: Toxapex|Toxapex, M|100/100
|-damage|p2a: Toxapex|88/100|[from] Spikes
|switch|p1a: Corviknight|Corviknight, M|75/100
|-ability|p1a: Corviknight|Pressure
|
|upkeep
|turn|205
|
|switch|p1a: Ferrothorn|Ferrothorn, F|100/100
|switch|p2a: Clefable|Clefable, F|100/100
|-damage|p2a: Clefable|88/100|[from] Spikes
|
|-heal|p2a: Clefable|94/100|[from] item: Leftovers
|upkeep
|turn|206
|
|switch|p2a: Corviknight|Corviknight, M|71/100
|-ability|p2a: Corviknight|Pressure
|move|p1a: Ferrothorn|Knock Off|p2a: Corviknight
|-damage|p2a: Corviknight|63/100
|
|upkeep
|turn|207
|
|switch|p2a: Clefable|Clefable, F|94/100
|-damage|p2a: Clefable|82/100|[from] Spikes
|move|p1a: Ferrothorn|Leech Seed|p2a: Clefable
|-start|p2a: Clefable|move: Leech Seed
|
|-heal|p2a: Clefable|88/100|[from] item: Leftovers
|-damage|p2a: Clefable|75/100|[from] Leech Seed|[of] p1a: Ferrothorn
|upkeep
|turn|208
|
|switch|p2a: Corviknight|Corviknight, M|63/100
|-ability|p2a: Corviknight|Pressure
|move|p1a: Ferrothorn|Knock Off|p2a: Corviknight
|-damage|p2a: Corviknight|55/100
|
|upkeep
|turn|209
|
|switch|p1a: Toxapex|Toxapex, F|100/100 brn
|move|p2a: Corviknight|Roost|p2a: Corviknight
|-heal|p2a: Corviknight|100/100
|-singleturn|p2a: Corviknight|move: Roost
|
|-damage|p1a: Toxapex|95/100 brn|[from] brn
|upkeep
|turn|210
|
|switch|p2a: Clefable|Clefable, F|75/100
|-damage|p2a: Clefable|63/100|[from] Spikes
|switch|p1a: Ferrothorn|Ferrothorn, F|100/100
|
|-heal|p2a: Clefable|69/100|[from] item: Leftovers
|upkeep
|turn|211
|
|move|p2a: Clefable|Protect|p2a: Clefable
|-singleturn|p2a: Clefable|Protect
|move|p1a: Ferrothorn|Knock Off|p2a: Clefable
|-activate|p2a: Clefable|move: Protect
|
|-heal|p2a: Clefable|75/100|[from] item: Leftovers
|upkeep
|turn|212
|
|switch|p2a: Corviknight|Corviknight, M|100/100
|-ability|p2a: Corviknight|Pressure
|move|p1a: Ferrothorn|Knock Off|p2a: Corviknight
|-damage|p2a: Corviknight|91/100
|
|upkeep
|turn|213
|inactive|OUTX boomshakalaka has 120 seconds left.
|
|switch|p2a: Toxapex|Toxapex, M|100/100
|-damage|p2a: Toxapex|88/100|[from] Spikes
|move|p1a: Ferrothorn|Spikes|p2a: Toxapex
|-sidestart|p2: OUTX boomshakalaka|Spikes
|
|upkeep
|turn|214
|
|switch|p2a: Corviknight|Corviknight, M|91/100
|-ability|p2a: Corviknight|Pressure
|switch|p1a: Toxapex|Toxapex, F|100/100 brn
|
|-damage|p1a: Toxapex|95/100 brn|[from] brn
|upkeep
|turn|215
|
|switch|p2a: Toxapex|Toxapex, M|100/100
|-damage|p2a: Toxapex|84/100|[from] Spikes
|switch|p1a: Corviknight|Corviknight, M|75/100
|-ability|p1a: Corviknight|Pressure
|
|upkeep
|turn|216
|
|switch|p1a: Toxapex|Toxapex, F|100/100 brn
|switch|p2a: Corviknight|Corviknight, M|91/100
|-ability|p2a: Corviknight|Pressure
|
|-damage|p1a: Toxapex|95/100 brn|[from] brn
|upkeep
|turn|217
|
|switch|p2a: Toxapex|Toxapex, M|100/100
|-damage|p2a: Toxapex|84/100|[from] Spikes
|switch|p1a: Corviknight|Corviknight, M|75/100
|-ability|p1a: Corviknight|Pressure
|
|upkeep
|turn|218
|
|switch|p1a: Toxapex|Toxapex, F|100/100 brn
|switch|p2a: Corviknight|Corviknight, M|91/100
|-ability|p2a: Corviknight|Pressure
|
|-damage|p1a: Toxapex|95/100 brn|[from] brn
|upkeep
|turn|219
|
|switch|p2a: Toxapex|Toxapex, M|100/100
|-damage|p2a: Toxapex|84/100|[from] Spikes
|switch|p1a: Corviknight|Corviknight, M|75/100
|-ability|p1a: Corviknight|Pressure
|
|upkeep
|turn|220
|
|switch|p1a: Ferrothorn|Ferrothorn, F|100/100
|switch|p2a: Corviknight|Corviknight, M|91/100
|-ability|p2a: Corviknight|Pressure
|
|upkeep
|turn|221
|
|switch|p2a: Toxapex|Toxapex, M|100/100
|-damage|p2a: Toxapex|84/100|[from] Spikes
|switch|p1a: Corviknight|Corviknight, M|75/100
|-ability|p1a: Corviknight|Pressure
|
|upkeep
|turn|222
|
|switch|p2a: Corviknight|Corviknight, M|91/100
|-ability|p2a: Corviknight|Pressure
|move|p1a: Corviknight|Bulk Up|p1a: Corviknight
|-boost|p1a: Corviknight|atk|1
|-boost|p1a: Corviknight|def|1
|
|upkeep
|turn|223
|
|switch|p1a: Toxapex|Toxapex, F|100/100 brn
|switch|p2a: Toxapex|Toxapex, M|100/100
|-damage|p2a: Toxapex|84/100|[from] Spikes
|
|-damage|p1a: Toxapex|95/100 brn|[from] brn
|upkeep
|turn|224
|
|switch|p2a: Corviknight|Corviknight, M|91/100
|-ability|p2a: Corviknight|Pressure
|switch|p1a: Ferrothorn|Ferrothorn, F|100/100
|
|upkeep
|turn|225
|inactive|OUTX boomshakalaka has 90 seconds left.
|
|switch|p2a: Toxapex|Toxapex, M|100/100
|-damage|p2a: Toxapex|84/100|[from] Spikes
|move|p1a: Ferrothorn|Spikes|p2a: Toxapex
|-sidestart|p2: OUTX boomshakalaka|Spikes
|
|upkeep
|turn|226
|inactive|OUTX boomshakalaka has 90 seconds left.
|
|switch|p2a: Corviknight|Corviknight, M|91/100
|-ability|p2a: Corviknight|Pressure
|switch|p1a: Toxapex|Toxapex, F|100/100 brn
|
|-damage|p1a: Toxapex|95/100 brn|[from] brn
|upkeep
|turn|227
|
|switch|p2a: Toxapex|Toxapex, M|100/100
|-damage|p2a: Toxapex|75/100|[from] Spikes
|switch|p1a: Corviknight|Corviknight, M|75/100
|-ability|p1a: Corviknight|Pressure
|
|upkeep
|turn|228
|
|switch|p1a: Toxapex|Toxapex, F|100/100 brn
|switch|p2a: Corviknight|Corviknight, M|91/100
|-ability|p2a: Corviknight|Pressure
|
|-damage|p1a: Toxapex|95/100 brn|[from] brn
|upkeep
|turn|229
|
|switch|p2a: Toxapex|Toxapex, M|100/100
|-damage|p2a: Toxapex|75/100|[from] Spikes
|switch|p1a: Corviknight|Corviknight, M|75/100
|-ability|p1a: Corviknight|Pressure
|
|upkeep
|turn|230
|
|switch|p2a: Corviknight|Corviknight, M|91/100
|-ability|p2a: Corviknight|Pressure
|move|p1a: Corviknight|Roost|p1a: Corviknight
|-heal|p1a: Corviknight|100/100
|-singleturn|p1a: Corviknight|move: Roost
|
|upkeep
|turn|231
|
|switch|p2a: Toxapex|Toxapex, M|100/100
|-damage|p2a: Toxapex|75/100|[from] Spikes
|move|p1a: Corviknight|Bulk Up|p1a: Corviknight
|-boost|p1a: Corviknight|atk|1
|-boost|p1a: Corviknight|def|1
|
|upkeep
|turn|232
|
|switch|p1a: Toxapex|Toxapex, F|100/100 brn
|switch|p2a: Corviknight|Corviknight, M|91/100
|-ability|p2a: Corviknight|Pressure
|
|-damage|p1a: Toxapex|95/100 brn|[from] brn
|upkeep
|turn|233
|
|switch|p2a: Toxapex|Toxapex, M|100/100
|-damage|p2a: Toxapex|75/100|[from] Spikes
|switch|p1a: Corviknight|Corviknight, M|100/100
|-ability|p1a: Corviknight|Pressure
|
|upkeep
|turn|234
|
|switch|p1a: Ferrothorn|Ferrothorn, F|100/100
|switch|p2a: Corviknight|Corviknight, M|91/100
|-ability|p2a: Corviknight|Pressure
|
|upkeep
|turn|235
|
|switch|p2a: Toxapex|Toxapex, M|100/100
|-damage|p2a: Toxapex|75/100|[from] Spikes
|switch|p1a: Corviknight|Corviknight, M|100/100
|-ability|p1a: Corviknight|Pressure
|
|upkeep
|turn|236
|
|switch|p1a: Tyranitar|Tyranitar, F|92/100
|-weather|Sandstorm|[from] ability: Sand Stream|[of] p1a: Tyranitar
|switch|p2a: Corviknight|Corviknight, M|91/100
|-ability|p2a: Corviknight|Pressure
|
|-weather|Sandstorm|[upkeep]
|upkeep
|turn|237
|
|switch|p2a: Toxapex|Toxapex, M|100/100
|-damage|p2a: Toxapex|75/100|[from] Spikes
|switch|p1a: Corviknight|Corviknight, M|100/100
|-ability|p1a: Corviknight|Pressure
|
|-weather|Sandstorm|[upkeep]
|-damage|p2a: Toxapex|69/100|[from] Sandstorm
|upkeep
|turn|238
|
|switch|p1a: Ferrothorn|Ferrothorn, F|100/100
|switch|p2a: Corviknight|Corviknight, M|91/100
|-ability|p2a: Corviknight|Pressure
|
|-weather|Sandstorm|[upkeep]
|upkeep
|turn|239
|
|switch|p2a: Toxapex|Toxapex, M|100/100
|-damage|p2a: Toxapex|75/100|[from] Spikes
|switch|p1a: Corviknight|Corviknight, M|100/100
|-ability|p1a: Corviknight|Pressure
|
|-weather|Sandstorm|[upkeep]
|-damage|p2a: Toxapex|69/100|[from] Sandstorm
|upkeep
|turn|240
|
|switch|p1a: Ferrothorn|Ferrothorn, F|100/100
|switch|p2a: Corviknight|Corviknight, M|91/100
|-ability|p2a: Corviknight|Pressure
|
|-weather|none
|upkeep
|turn|241
|
|switch|p2a: Toxapex|Toxapex, M|100/100
|-damage|p2a: Toxapex|75/100|[from] Spikes
|switch|p1a: Corviknight|Corviknight, M|100/100
|-ability|p1a: Corviknight|Pressure
|
|upkeep
|turn|242
|
|switch|p1a: Tyranitar|Tyranitar, F|92/100
|-weather|Sandstorm|[from] ability: Sand Stream|[of] p1a: Tyranitar
|switch|p2a: Corviknight|Corviknight, M|91/100
|-ability|p2a: Corviknight|Pressure
|
|-weather|Sandstorm|[upkeep]
|upkeep
|turn|243
|
|switch|p2a: Toxapex|Toxapex, M|100/100
|-damage|p2a: Toxapex|75/100|[from] Spikes
|switch|p1a: Corviknight|Corviknight, M|100/100
|-ability|p1a: Corviknight|Pressure
|
|-weather|Sandstorm|[upkeep]
|-damage|p2a: Toxapex|69/100|[from] Sandstorm
|upkeep
|turn|244
|
|switch|p1a: Ferrothorn|Ferrothorn, F|100/100
|switch|p2a: Corviknight|Corviknight, M|91/100
|-ability|p2a: Corviknight|Pressure
|
|-weather|Sandstorm|[upkeep]
|upkeep
|turn|245
|
|switch|p2a: Toxapex|Toxapex, M|100/100
|-damage|p2a: Toxapex|75/100|[from] Spikes
|switch|p1a: Corviknight|Corviknight, M|100/100
|-ability|p1a: Corviknight|Pressure
|
|-weather|Sandstorm|[upkeep]
|-damage|p2a: Toxapex|69/100|[from] Sandstorm
|upkeep
|turn|246
|
|switch|p1a: Clefable|Clefable, M|97/100
|switch|p2a: Corviknight|Corviknight, M|91/100
|-ability|p2a: Corviknight|Pressure
|
|-weather|none
|-heal|p1a: Clefable|100/100|[from] item: Leftovers
|upkeep
|turn|247
|
|switch|p2a: Toxapex|Toxapex, M|100/100
|-damage|p2a: Toxapex|75/100|[from] Spikes
|switch|p1a: Tyranitar|Tyranitar, F|92/100
|-weather|Sandstorm|[from] ability: Sand Stream|[of] p1a: Tyranitar
|
|-weather|Sandstorm|[upkeep]
|-damage|p2a: Toxapex|69/100|[from] Sandstorm
|upkeep
|turn|248
|
|switch|p1a: Corviknight|Corviknight, M|100/100
|-ability|p1a: Corviknight|Pressure
|switch|p2a: Corviknight|Corviknight, M|91/100
|-ability|p2a: Corviknight|Pressure
|
|-weather|Sandstorm|[upkeep]
|upkeep
|turn|249
|
|switch|p1a: Toxapex|Toxapex, F|100/100 brn
|switch|p2a: Toxapex|Toxapex, M|100/100
|-damage|p2a: Toxapex|75/100|[from] Spikes
|
|-weather|Sandstorm|[upkeep]
|-damage|p2a: Toxapex|69/100|[from] Sandstorm
|-damage|p1a: Toxapex|95/100 brn|[from] Sandstorm
|-damage|p1a: Toxapex|89/100 brn|[from] brn
|upkeep
|turn|250
|
|switch|p2a: Corviknight|Corviknight, M|91/100
|-ability|p2a: Corviknight|Pressure
|switch|p1a: Tyranitar|Tyranitar, F|92/100
|
|-weather|Sandstorm|[upkeep]
|upkeep
|turn|251
|
|switch|p2a: Toxapex|Toxapex, M|100/100
|-damage|p2a: Toxapex|75/100|[from] Spikes
|switch|p1a: Toxapex|Toxapex, F|100/100 brn
|
|-weather|none
|-damage|p1a: Toxapex|95/100 brn|[from] brn
|upkeep
|turn|252
|
|switch|p2a: Corviknight|Corviknight, M|91/100
|-ability|p2a: Corviknight|Pressure
|switch|p1a: Tyranitar|Tyranitar, F|92/100
|-weather|Sandstorm|[from] ability: Sand Stream|[of] p1a: Tyranitar
|
|-weather|Sandstorm|[upkeep]
|upkeep
|turn|253
|
|switch|p2a: Toxapex|Toxapex, M|100/100
|-damage|p2a: Toxapex|75/100|[from] Spikes
|switch|p1a: Toxapex|Toxapex, F|100/100 brn
|
|-weather|Sandstorm|[upkeep]
|-damage|p2a: Toxapex|69/100|[from] Sandstorm
|-damage|p1a: Toxapex|95/100 brn|[from] Sandstorm
|-damage|p1a: Toxapex|89/100 brn|[from] brn
|upkeep
|turn|254
|
|switch|p2a: Corviknight|Corviknight, M|91/100
|-ability|p2a: Corviknight|Pressure
|switch|p1a: Tyranitar|Tyranitar, F|92/100
|
|-weather|Sandstorm|[upkeep]
|upkeep
|turn|255
|
|switch|p2a: Toxapex|Toxapex, M|100/100
|-damage|p2a: Toxapex|75/100|[from] Spikes
|switch|p1a: Toxapex|Toxapex, F|100/100 brn
|
|-weather|Sandstorm|[upkeep]
|-damage|p2a: Toxapex|69/100|[from] Sandstorm
|-damage|p1a: Toxapex|95/100 brn|[from] Sandstorm
|-damage|p1a: Toxapex|89/100 brn|[from] brn
|upkeep
|turn|256
|
|switch|p2a: Corviknight|Corviknight, M|91/100
|-ability|p2a: Corviknight|Pressure
|switch|p1a: Corviknight|Corviknight, M|100/100
|-ability|p1a: Corviknight|Pressure
|
|-weather|none
|upkeep
|turn|257
|
|switch|p1a: Tyranitar|Tyranitar, F|92/100
|-weather|Sandstorm|[from] ability: Sand Stream|[of] p1a: Tyranitar
|switch|p2a: Toxapex|Toxapex, M|100/100
|-damage|p2a: Toxapex|75/100|[from] Spikes
|
|-weather|Sandstorm|[upkeep]
|-damage|p2a: Toxapex|69/100|[from] Sandstorm
|upkeep
|turn|258
|
|switch|p1a: Clefable|Clefable, M|100/100
|switch|p2a: Corviknight|Corviknight, M|91/100
|-ability|p2a: Corviknight|Pressure
|
|-weather|Sandstorm|[upkeep]
|-damage|p1a: Clefable|94/100|[from] Sandstorm
|-heal|p1a: Clefable|100/100|[from] item: Leftovers
|upkeep
|turn|259
|
|switch|p2a: Toxapex|Toxapex, M|100/100
|-damage|p2a: Toxapex|75/100|[from] Spikes
|switch|p1a: Corviknight|Corviknight, M|100/100
|-ability|p1a: Corviknight|Pressure
|
|-weather|Sandstorm|[upkeep]
|-damage|p2a: Toxapex|69/100|[from] Sandstorm
|upkeep
|turn|260
|
|switch|p1a: Toxapex|Toxapex, F|100/100 brn
|switch|p2a: Corviknight|Corviknight, M|91/100
|-ability|p2a: Corviknight|Pressure
|
|-weather|Sandstorm|[upkeep]
|-damage|p1a: Toxapex|95/100 brn|[from] Sandstorm
|-damage|p1a: Toxapex|89/100 brn|[from] brn
|upkeep
|turn|261
|
|switch|p2a: Toxapex|Toxapex, M|100/100
|-damage|p2a: Toxapex|75/100|[from] Spikes
|switch|p1a: Corviknight|Corviknight, M|100/100
|-ability|p1a: Corviknight|Pressure
|
|-weather|none
|upkeep
|turn|262
|
|switch|p1a: Tyranitar|Tyranitar, F|92/100
|-weather|Sandstorm|[from] ability: Sand Stream|[of] p1a: Tyranitar
|switch|p2a: Corviknight|Corviknight, M|91/100
|-ability|p2a: Corviknight|Pressure
|
|-weather|Sandstorm|[upkeep]
|upkeep
|turn|263
|
|switch|p2a: Toxapex|Toxapex, M|100/100
|-damage|p2a: Toxapex|75/100|[from] Spikes
|move|p1a: Tyranitar|Seismic Toss|p2a: Toxapex
|-damage|p2a: Toxapex|43/100
|
|-weather|Sandstorm|[upkeep]
|-damage|p2a: Toxapex|36/100|[from] Sandstorm
|upkeep
|turn|264
|
|switch|p2a: Corviknight|Corviknight, M|91/100
|-ability|p2a: Corviknight|Pressure
|move|p1a: Tyranitar|Seismic Toss|p2a: Corviknight
|-damage|p2a: Corviknight|66/100
|
|-weather|Sandstorm|[upkeep]
|upkeep
|turn|265
|inactive|OUTX boomshakalaka has 120 seconds left.
|
|switch|p2a: Toxapex|Toxapex, M|70/100
|-damage|p2a: Toxapex|45/100|[from] Spikes
|switch|p1a: Corviknight|Corviknight, M|100/100
|-ability|p1a: Corviknight|Pressure
|
|-weather|Sandstorm|[upkeep]
|-damage|p2a: Toxapex|38/100|[from] Sandstorm
|upkeep
|turn|266
|inactive|OUTX boomshakalaka has 120 seconds left.
|
|move|p1a: Corviknight|Bulk Up|p1a: Corviknight
|-boost|p1a: Corviknight|atk|1
|-boost|p1a: Corviknight|def|1
|move|p2a: Toxapex|Recover|p2a: Toxapex
|-heal|p2a: Toxapex|88/100
|
|-weather|none
|upkeep
|turn|267
|
|switch|p1a: Tyranitar|Tyranitar, F|92/100
|-weather|Sandstorm|[from] ability: Sand Stream|[of] p1a: Tyranitar
|switch|p2a: Corviknight|Corviknight, M|66/100
|-ability|p2a: Corviknight|Pressure
|
|-weather|Sandstorm|[upkeep]
|upkeep
|turn|268
|inactive|OUTX boomshakalaka has 120 seconds left.
|
|switch|p1a: Corviknight|Corviknight, M|100/100
|-ability|p1a: Corviknight|Pressure
|move|p2a: Corviknight|Roost|p2a: Corviknight
|-heal|p2a: Corviknight|100/100
|-singleturn|p2a: Corviknight|move: Roost
|
|-weather|Sandstorm|[upkeep]
|upkeep
|turn|269
|
|switch|p1a: Toxapex|Toxapex, F|100/100 brn
|switch|p2a: Toxapex|Toxapex, M|100/100
|-damage|p2a: Toxapex|75/100|[from] Spikes
|
|-weather|Sandstorm|[upkeep]
|-damage|p2a: Toxapex|69/100|[from] Sandstorm
|-damage|p1a: Toxapex|95/100 brn|[from] Sandstorm
|-damage|p1a: Toxapex|89/100 brn|[from] brn
|upkeep
|turn|270
|
|switch|p2a: Corviknight|Corviknight, M|100/100
|-ability|p2a: Corviknight|Pressure
|switch|p1a: Corviknight|Corviknight, M|100/100
|-ability|p1a: Corviknight|Pressure
|
|-weather|Sandstorm|[upkeep]
|upkeep
|turn|271
|
|switch|p1a: Toxapex|Toxapex, F|100/100 brn
|switch|p2a: Toxapex|Toxapex, M|100/100
|-damage|p2a: Toxapex|75/100|[from] Spikes
|
|-weather|none
|-damage|p1a: Toxapex|95/100 brn|[from] brn
|upkeep
|turn|272
|
|switch|p2a: Corviknight|Corviknight, M|100/100
|-ability|p2a: Corviknight|Pressure
|switch|p1a: Tyranitar|Tyranitar, F|92/100
|-weather|Sandstorm|[from] ability: Sand Stream|[of] p1a: Tyranitar
|
|-weather|Sandstorm|[upkeep]
|upkeep
|turn|273
|
|switch|p2a: Toxapex|Toxapex, M|100/100
|-damage|p2a: Toxapex|75/100|[from] Spikes
|switch|p1a: Toxapex|Toxapex, F|100/100 brn
|
|-weather|Sandstorm|[upkeep]
|-damage|p2a: Toxapex|69/100|[from] Sandstorm
|-damage|p1a: Toxapex|95/100 brn|[from] Sandstorm
|-damage|p1a: Toxapex|89/100 brn|[from] brn
|upkeep
|turn|274
|
|switch|p2a: Corviknight|Corviknight, M|100/100
|-ability|p2a: Corviknight|Pressure
|switch|p1a: Tyranitar|Tyranitar, F|92/100
|
|-weather|Sandstorm|[upkeep]
|upkeep
|turn|275
|
|switch|p2a: Toxapex|Toxapex, M|100/100
|-damage|p2a: Toxapex|75/100|[from] Spikes
|move|p1a: Tyranitar|Seismic Toss|p2a: Toxapex
|-damage|p2a: Toxapex|43/100
|
|-weather|Sandstorm|[upkeep]
|-damage|p2a: Toxapex|36/100|[from] Sandstorm
|upkeep
|turn|276
|
|move|p1a: Tyranitar|Seismic Toss|p2a: Toxapex
|-damage|p2a: Toxapex|3/100
|move|p2a: Toxapex|Recover|p2a: Toxapex
|-heal|p2a: Toxapex|53/100
|
|-weather|none
|upkeep
|turn|277
|j| Steez Ibanez
|
|switch|p1a: Toxapex|Toxapex, F|100/100 brn
|move|p2a: Toxapex|Recover|p2a: Toxapex
|-heal|p2a: Toxapex|100/100
|
|-damage|p1a: Toxapex|95/100 brn|[from] brn
|upkeep
|turn|278
|
|switch|p2a: Corviknight|Corviknight, M|100/100
|-ability|p2a: Corviknight|Pressure
|switch|p1a: Tyranitar|Tyranitar, F|92/100
|-weather|Sandstorm|[from] ability: Sand Stream|[of] p1a: Tyranitar
|
|-weather|Sandstorm|[upkeep]
|upkeep
|turn|279
|
|switch|p2a: Toxapex|Toxapex, M|100/100
|-damage|p2a: Toxapex|75/100|[from] Spikes
|switch|p1a: Corviknight|Corviknight, M|100/100
|-ability|p1a: Corviknight|Pressure
|
|-weather|Sandstorm|[upkeep]
|-damage|p2a: Toxapex|69/100|[from] Sandstorm
|upkeep
|turn|280
|c|☆OUTX boomshakalaka|do you want to draw
|inactive|OUTX boomshakalaka has 90 seconds left.
|
|switch|p1a: Toxapex|Toxapex, F|100/100 brn
|switch|p2a: Corviknight|Corviknight, M|100/100
|-ability|p2a: Corviknight|Pressure
|
|-weather|Sandstorm|[upkeep]
|-damage|p1a: Toxapex|95/100 brn|[from] Sandstorm
|-damage|p1a: Toxapex|89/100 brn|[from] brn
|upkeep
|turn|281
|
|switch|p2a: Toxapex|Toxapex, M|100/100
|-damage|p2a: Toxapex|75/100|[from] Spikes
|switch|p1a: Corviknight|Corviknight, M|100/100
|-ability|p1a: Corviknight|Pressure
|
|-weather|Sandstorm|[upkeep]
|-damage|p2a: Toxapex|69/100|[from] Sandstorm
|upkeep
|turn|282
|j| sadKEK Sadge
|
|switch|p1a: Toxapex|Toxapex, F|100/100 brn
|switch|p2a: Corviknight|Corviknight, M|100/100
|-ability|p2a: Corviknight|Pressure
|
|-weather|none
|-damage|p1a: Toxapex|95/100 brn|[from] brn
|upkeep
|turn|283
|
|switch|p2a: Toxapex|Toxapex, M|100/100
|-damage|p2a: Toxapex|75/100|[from] Spikes
|switch|p1a: Corviknight|Corviknight, M|100/100
|-ability|p1a: Corviknight|Pressure
|
|upkeep
|turn|284
|l| Steez Ibanez
|
|switch|p1a: Tyranitar|Tyranitar, F|92/100
|-weather|Sandstorm|[from] ability: Sand Stream|[of] p1a: Tyranitar
|switch|p2a: Corviknight|Corviknight, M|100/100
|-ability|p2a: Corviknight|Pressure
|
|-weather|Sandstorm|[upkeep]
|upkeep
|turn|285
|
|switch|p2a: Toxapex|Toxapex, M|100/100
|-damage|p2a: Toxapex|75/100|[from] Spikes
|move|p1a: Tyranitar|Seismic Toss|p2a: Toxapex
|-damage|p2a: Toxapex|43/100
|
|-weather|Sandstorm|[upkeep]
|-damage|p2a: Toxapex|36/100|[from] Sandstorm
|upkeep
|turn|286
|
|switch|p2a: Corviknight|Corviknight, M|100/100
|-ability|p2a: Corviknight|Pressure
|move|p1a: Tyranitar|Seismic Toss|p2a: Corviknight
|-damage|p2a: Corviknight|75/100
|
|-weather|Sandstorm|[upkeep]
|upkeep
|turn|287
|
|switch|p1a: Corviknight|Corviknight, M|100/100
|-ability|p1a: Corviknight|Pressure
|move|p2a: Corviknight|Defog|p1a: Corviknight
|-unboost|p1a: Corviknight|evasion|1
|-sideend|p2: OUTX boomshakalaka|Spikes|[from] move: Defog|[of] p2a: Corviknight
|
|-weather|Sandstorm|[upkeep]
|upkeep
|turn|288
|
|switch|p1a: Toxapex|Toxapex, F|100/100 brn
|switch|p2a: Toxapex|Toxapex, M|70/100
|
|-weather|none
|-damage|p1a: Toxapex|95/100 brn|[from] brn
|upkeep
|turn|289
|
|switch|p2a: Corviknight|Corviknight, M|75/100
|-ability|p2a: Corviknight|Pressure
|switch|p1a: Ferrothorn|Ferrothorn, F|100/100
|
|upkeep
|turn|290
|inactive|OUTX boomshakalaka has 60 seconds left.
|
|switch|p1a: Clefable|Clefable, M|100/100
|move|p2a: Corviknight|Defog|p1a: Clefable
|-unboost|p1a: Clefable|evasion|1
|
|upkeep
|turn|291
|
|switch|p2a: Toxapex|Toxapex, M|100/100
|switch|p1a: Corviknight|Corviknight, M|100/100
|-ability|p1a: Corviknight|Pressure
|
|upkeep
|turn|292
|
|switch|p1a: Ferrothorn|Ferrothorn, F|100/100
|switch|p2a: Corviknight|Corviknight, M|75/100
|-ability|p2a: Corviknight|Pressure
|
|upkeep
|turn|293
|
|switch|p2a: Toxapex|Toxapex, M|100/100
|move|p1a: Ferrothorn|Spikes|p2a: Toxapex
|-sidestart|p2: OUTX boomshakalaka|Spikes
|
|upkeep
|turn|294
|
|switch|p2a: Corviknight|Corviknight, M|75/100
|-ability|p2a: Corviknight|Pressure
|switch|p1a: Toxapex|Toxapex, F|100/100 brn
|
|-damage|p1a: Toxapex|95/100 brn|[from] brn
|upkeep
|turn|295
|
|switch|p2a: Toxapex|Toxapex, M|100/100
|-damage|p2a: Toxapex|88/100|[from] Spikes
|switch|p1a: Corviknight|Corviknight, M|100/100
|-ability|p1a: Corviknight|Pressure
|
|upkeep
|turn|296
|
|switch|p1a: Ferrothorn|Ferrothorn, F|100/100
|switch|p2a: Corviknight|Corviknight, M|75/100
|-ability|p2a: Corviknight|Pressure
|
|upkeep
|turn|297
|
|switch|p2a: Toxapex|Toxapex, M|100/100
|-damage|p2a: Toxapex|88/100|[from] Spikes
|move|p1a: Ferrothorn|Spikes|p2a: Toxapex
|-sidestart|p2: OUTX boomshakalaka|Spikes
|
|upkeep
|turn|298
|
|switch|p2a: Corviknight|Corviknight, M|75/100
|-ability|p2a: Corviknight|Pressure
|switch|p1a: Toxapex|Toxapex, F|100/100 brn
|
|-damage|p1a: Toxapex|95/100 brn|[from] brn
|upkeep
|turn|299
|
|switch|p2a: Toxapex|Toxapex, M|100/100
|-damage|p2a: Toxapex|84/100|[from] Spikes
|switch|p1a: Corviknight|Corviknight, M|100/100
|-ability|p1a: Corviknight|Pressure
|
|upkeep
|turn|300
|
|switch|p1a: Ferrothorn|Ferrothorn, F|100/100
|switch|p2a: Corviknight|Corviknight, M|75/100
|-ability|p2a: Corviknight|Pressure
|
|upkeep
|turn|301
|
|switch|p2a: Toxapex|Toxapex, M|100/100
|-damage|p2a: Toxapex|84/100|[from] Spikes
|move|p1a: Ferrothorn|Spikes|p2a: Toxapex
|-sidestart|p2: OUTX boomshakalaka|Spikes
|
|upkeep
|turn|302
|
|switch|p2a: Corviknight|Corviknight, M|75/100
|-ability|p2a: Corviknight|Pressure
|switch|p1a: Toxapex|Toxapex, F|100/100 brn
|
|-damage|p1a: Toxapex|95/100 brn|[from] brn
|upkeep
|turn|303
|
|switch|p2a: Toxapex|Toxapex, M|100/100
|-damage|p2a: Toxapex|75/100|[from] Spikes
|switch|p1a: Corviknight|Corviknight, M|100/100
|-ability|p1a: Corviknight|Pressure
|
|upkeep
|turn|304
|
|switch|p1a: Tyranitar|Tyranitar, F|92/100
|-weather|Sandstorm|[from] ability: Sand Stream|[of] p1a: Tyranitar
|switch|p2a: Corviknight|Corviknight, M|75/100
|-ability|p2a: Corviknight|Pressure
|
|-weather|Sandstorm|[upkeep]
|upkeep
|turn|305
|
|switch|p2a: Toxapex|Toxapex, M|100/100
|-damage|p2a: Toxapex|75/100|[from] Spikes
|switch|p1a: Corviknight|Corviknight, M|100/100
|-ability|p1a: Corviknight|Pressure
|
|-weather|Sandstorm|[upkeep]
|-damage|p2a: Toxapex|69/100|[from] Sandstorm
|upkeep
|turn|306
|
|switch|p1a: Tyranitar|Tyranitar, F|92/100
|switch|p2a: Corviknight|Corviknight, M|75/100
|-ability|p2a: Corviknight|Pressure
|
|-weather|Sandstorm|[upkeep]
|upkeep
|turn|307
|
|switch|p2a: Toxapex|Toxapex, M|100/100
|-damage|p2a: Toxapex|75/100|[from] Spikes
|switch|p1a: Corviknight|Corviknight, M|100/100
|-ability|p1a: Corviknight|Pressure
|
|-weather|Sandstorm|[upkeep]
|-damage|p2a: Toxapex|69/100|[from] Sandstorm
|upkeep
|turn|308
|
|switch|p1a: Tyranitar|Tyranitar, F|92/100
|switch|p2a: Corviknight|Corviknight, M|75/100
|-ability|p2a: Corviknight|Pressure
|
|-weather|none
|upkeep
|turn|309
|
|switch|p2a: Toxapex|Toxapex, M|100/100
|-damage|p2a: Toxapex|75/100|[from] Spikes
|switch|p1a: Corviknight|Corviknight, M|100/100
|-ability|p1a: Corviknight|Pressure
|
|upkeep
|turn|310
|
|switch|p1a: Tyranitar|Tyranitar, F|92/100
|-weather|Sandstorm|[from] ability: Sand Stream|[of] p1a: Tyranitar
|switch|p2a: Corviknight|Corviknight, M|75/100
|-ability|p2a: Corviknight|Pressure
|
|-weather|Sandstorm|[upkeep]
|upkeep
|turn|311
|
|switch|p2a: Toxapex|Toxapex, M|100/100
|-damage|p2a: Toxapex|75/100|[from] Spikes
|move|p1a: Tyranitar|Seismic Toss|p2a: Toxapex
|-damage|p2a: Toxapex|43/100
|
|-weather|Sandstorm|[upkeep]
|-damage|p2a: Toxapex|36/100|[from] Sandstorm
|upkeep
|turn|312
|
|switch|p2a: Corviknight|Corviknight, M|75/100
|-ability|p2a: Corviknight|Pressure
|move|p1a: Tyranitar|Seismic Toss|p2a: Corviknight
|-damage|p2a: Corviknight|50/100
|
|-weather|Sandstorm|[upkeep]
|upkeep
|turn|313
|
|switch|p2a: Toxapex|Toxapex, M|70/100
|-damage|p2a: Toxapex|45/100|[from] Spikes
|switch|p1a: Corviknight|Corviknight, M|100/100
|-ability|p1a: Corviknight|Pressure
|
|-weather|Sandstorm|[upkeep]
|-damage|p2a: Toxapex|38/100|[from] Sandstorm
|upkeep
|turn|314
|j| outz hjkpl
|inactive|OUTX boomshakalaka has 90 seconds left.
|
|switch|p1a: Toxapex|Toxapex, F|100/100 brn
|switch|p2a: Corviknight|Corviknight, M|50/100
|-ability|p2a: Corviknight|Pressure
|
|-weather|none
|-damage|p1a: Toxapex|95/100 brn|[from] brn
|upkeep
|turn|315
|
|switch|p2a: Toxapex|Toxapex, M|72/100
|-damage|p2a: Toxapex|47/100|[from] Spikes
|switch|p1a: Corviknight|Corviknight, M|100/100
|-ability|p1a: Corviknight|Pressure
|
|upkeep
|turn|316
|
|switch|p1a: Tyranitar|Tyranitar, F|92/100
|-weather|Sandstorm|[from] ability: Sand Stream|[of] p1a: Tyranitar
|switch|p2a: Corviknight|Corviknight, M|50/100
|-ability|p2a: Corviknight|Pressure
|
|-weather|Sandstorm|[upkeep]
|upkeep
|turn|317
|
|switch|p2a: Toxapex|Toxapex, M|80/100
|-damage|p2a: Toxapex|55/100|[from] Spikes
|switch|p1a: Corviknight|Corviknight, M|100/100
|-ability|p1a: Corviknight|Pressure
|
|-weather|Sandstorm|[upkeep]
|-damage|p2a: Toxapex|49/100|[from] Sandstorm
|upkeep
|turn|318
|
|switch|p1a: Tyranitar|Tyranitar, F|92/100
|switch|p2a: Corviknight|Corviknight, M|50/100
|-ability|p2a: Corviknight|Pressure
|
|-weather|Sandstorm|[upkeep]
|upkeep
|turn|319
|
|switch|p2a: Toxapex|Toxapex, M|82/100
|-damage|p2a: Toxapex|57/100|[from] Spikes
|switch|p1a: Corviknight|Corviknight, M|100/100
|-ability|p1a: Corviknight|Pressure
|
|-weather|Sandstorm|[upkeep]
|-damage|p2a: Toxapex|50/100|[from] Sandstorm
|upkeep
|turn|320
|
|switch|p1a: Tyranitar|Tyranitar, F|92/100
|switch|p2a: Corviknight|Corviknight, M|50/100
|-ability|p2a: Corviknight|Pressure
|
|-weather|none
|upkeep
|turn|321
|
|switch|p2a: Toxapex|Toxapex, M|84/100
|-damage|p2a: Toxapex|59/100|[from] Spikes
|switch|p1a: Corviknight|Corviknight, M|100/100
|-ability|p1a: Corviknight|Pressure
|
|upkeep
|turn|322
|
|switch|p1a: Tyranitar|Tyranitar, F|92/100
|-weather|Sandstorm|[from] ability: Sand Stream|[of] p1a: Tyranitar
|switch|p2a: Corviknight|Corviknight, M|50/100
|-ability|p2a: Corviknight|Pressure
|
|-weather|Sandstorm|[upkeep]
|upkeep
|turn|323
|
|switch|p2a: Toxapex|Toxapex, M|92/100
|-damage|p2a: Toxapex|67/100|[from] Spikes
|switch|p1a: Corviknight|Corviknight, M|100/100
|-ability|p1a: Corviknight|Pressure
|
|-weather|Sandstorm|[upkeep]
|-damage|p2a: Toxapex|61/100|[from] Sandstorm
|upkeep
|turn|324
|
|switch|p1a: Tyranitar|Tyranitar, F|92/100
|switch|p2a: Corviknight|Corviknight, M|50/100
|-ability|p2a: Corviknight|Pressure
|
|-weather|Sandstorm|[upkeep]
|upkeep
|turn|325
|
|switch|p2a: Toxapex|Toxapex, M|94/100
|-damage|p2a: Toxapex|69/100|[from] Spikes
|move|p1a: Tyranitar|Seismic Toss|p2a: Toxapex
|-damage|p2a: Toxapex|36/100
|
|-weather|Sandstorm|[upkeep]
|-damage|p2a: Toxapex|30/100|[from] Sandstorm
|upkeep
|turn|326
|
|switch|p2a: Corviknight|Corviknight, M|50/100
|-ability|p2a: Corviknight|Pressure
|move|p1a: Tyranitar|Seismic Toss|p2a: Corviknight
|-damage|p2a: Corviknight|25/100
|
|-weather|none
|upkeep
|turn|327
|
|move|p2a: Corviknight|Roost|p2a: Corviknight
|-heal|p2a: Corviknight|75/100
|-singleturn|p2a: Corviknight|move: Roost
|move|p1a: Tyranitar|Seismic Toss|p2a: Corviknight
|-damage|p2a: Corviknight|50/100
|
|upkeep
|turn|328
|
|switch|p1a: Toxapex|Toxapex, F|100/100 brn
|move|p2a: Corviknight|Roost|p2a: Corviknight
|-heal|p2a: Corviknight|100/100
|-singleturn|p2a: Corviknight|move: Roost
|
|-damage|p1a: Toxapex|95/100 brn|[from] brn
|upkeep
|turn|329
|inactive|OUTX boomshakalaka has 90 seconds left.
|
|switch|p2a: Toxapex|Toxapex, M|63/100
|-damage|p2a: Toxapex|38/100|[from] Spikes
|switch|p1a: Corviknight|Corviknight, M|100/100
|-ability|p1a: Corviknight|Pressure
|
|upkeep
|turn|330
|
|switch|p1a: Tyranitar|Tyranitar, F|92/100
|-weather|Sandstorm|[from] ability: Sand Stream|[of] p1a: Tyranitar
|switch|p2a: Corviknight|Corviknight, M|100/100
|-ability|p2a: Corviknight|Pressure
|
|-weather|Sandstorm|[upkeep]
|upkeep
|turn|331
|
|switch|p2a: Toxapex|Toxapex, M|71/100
|-damage|p2a: Toxapex|46/100|[from] Spikes
|switch|p1a: Corviknight|Corviknight, M|100/100
|-ability|p1a: Corviknight|Pressure
|
|-weather|Sandstorm|[upkeep]
|-damage|p2a: Toxapex|40/100|[from] Sandstorm
|upkeep
|turn|332
|
|switch|p1a: Tyranitar|Tyranitar, F|92/100
|switch|p2a: Corviknight|Corviknight, M|100/100
|-ability|p2a: Corviknight|Pressure
|
|-weather|Sandstorm|[upkeep]
|upkeep
|turn|333
|
|switch|p2a: Toxapex|Toxapex, M|73/100
|-damage|p2a: Toxapex|48/100|[from] Spikes
|switch|p1a: Corviknight|Corviknight, M|100/100
|-ability|p1a: Corviknight|Pressure
|
|-weather|Sandstorm|[upkeep]
|-damage|p2a: Toxapex|42/100|[from] Sandstorm
|upkeep
|turn|334
|
|switch|p1a: Tyranitar|Tyranitar, F|92/100
|switch|p2a: Corviknight|Corviknight, M|100/100
|-ability|p2a: Corviknight|Pressure
|
|-weather|none
|upkeep
|turn|335
|
|switch|p2a: Toxapex|Toxapex, M|75/100
|-damage|p2a: Toxapex|50/100|[from] Spikes
|switch|p1a: Corviknight|Corviknight, M|100/100
|-ability|p1a: Corviknight|Pressure
|
|upkeep
|turn|336
|
|switch|p1a: Tyranitar|Tyranitar, F|92/100
|-weather|Sandstorm|[from] ability: Sand Stream|[of] p1a: Tyranitar
|switch|p2a: Corviknight|Corviknight, M|100/100
|-ability|p2a: Corviknight|Pressure
|
|-weather|Sandstorm|[upkeep]
|upkeep
|turn|337
|
|switch|p2a: Toxapex|Toxapex, M|83/100
|-damage|p2a: Toxapex|58/100|[from] Spikes
|move|p1a: Tyranitar|Seismic Toss|p2a: Toxapex
|-damage|p2a: Toxapex|25/100
|
|-weather|Sandstorm|[upkeep]
|-damage|p2a: Toxapex|19/100|[from] Sandstorm
|upkeep
|turn|338
|
|switch|p2a: Corviknight|Corviknight, M|100/100
|-ability|p2a: Corviknight|Pressure
|move|p1a: Tyranitar|Dragon Tail|p2a: Corviknight
|-resisted|p2a: Corviknight
|-damage|p2a: Corviknight|95/100
|drag|p2a: Reuniclus|Reuniclus, M|100/100 psn
|-damage|p2a: Reuniclus|75/100 psn|[from] Spikes
|
|-weather|Sandstorm|[upkeep]
|-damage|p2a: Reuniclus|69/100 psn|[from] Sandstorm
|-damage|p2a: Reuniclus|57/100 psn|[from] psn
|upkeep
|turn|339
|
|switch|p2a: Corviknight|Corviknight, M|95/100
|-ability|p2a: Corviknight|Pressure
|move|p1a: Tyranitar|Stone Edge|p2a: Corviknight
|-crit|p2a: Corviknight
|-damage|p2a: Corviknight|57/100
|
|-weather|Sandstorm|[upkeep]
|upkeep
|turn|340
|
|switch|p1a: Corviknight|Corviknight, M|100/100
|-ability|p1a: Corviknight|Pressure
|move|p2a: Corviknight|Defog|p1a: Corviknight
|-unboost|p1a: Corviknight|evasion|1
|-sideend|p2: OUTX boomshakalaka|Spikes|[from] move: Defog|[of] p2a: Corviknight
|
|-weather|none
|upkeep
|turn|341
|
|switch|p1a: Ferrothorn|Ferrothorn, F|100/100
|switch|p2a: Toxapex|Toxapex, M|52/100
|
|upkeep
|turn|342
|
|switch|p2a: Corviknight|Corviknight, M|57/100
|-ability|p2a: Corviknight|Pressure
|switch|p1a: Toxapex|Toxapex, F|100/100 brn
|
|-damage|p1a: Toxapex|95/100 brn|[from] brn
|upkeep
|turn|343
|
|switch|p2a: Toxapex|Toxapex, M|86/100
|switch|p1a: Tyranitar|Tyranitar, F|92/100
|-weather|Sandstorm|[from] ability: Sand Stream|[of] p1a: Tyranitar
|
|-weather|Sandstorm|[upkeep]
|-damage|p2a: Toxapex|79/100|[from] Sandstorm
|upkeep
|turn|344
|
|switch|p1a: Ferrothorn|Ferrothorn, F|100/100
|switch|p2a: Corviknight|Corviknight, M|57/100
|-ability|p2a: Corviknight|Pressure
|
|-weather|Sandstorm|[upkeep]
|upkeep
|turn|345
|
|switch|p2a: Toxapex|Toxapex, M|100/100
|move|p1a: Ferrothorn|Spikes|p2a: Toxapex
|-sidestart|p2: OUTX boomshakalaka|Spikes
|
|-weather|Sandstorm|[upkeep]
|-damage|p2a: Toxapex|94/100|[from] Sandstorm
|upkeep
|turn|346
|
|switch|p2a: Corviknight|Corviknight, M|57/100
|-ability|p2a: Corviknight|Pressure
|switch|p1a: Toxapex|Toxapex, F|100/100 brn
|
|-weather|Sandstorm|[upkeep]
|-damage|p1a: Toxapex|95/100 brn|[from] Sandstorm
|-damage|p1a: Toxapex|89/100 brn|[from] brn
|upkeep
|turn|347
|
|switch|p1a: Corviknight|Corviknight, M|100/100
|-ability|p1a: Corviknight|Pressure
|move|p2a: Corviknight|Roost|p2a: Corviknight
|-heal|p2a: Corviknight|100/100
|-singleturn|p2a: Corviknight|move: Roost
|
|-weather|none
|upkeep
|turn|348
|
|switch|p1a: Ferrothorn|Ferrothorn, F|100/100
|switch|p2a: Toxapex|Toxapex, M|100/100
|-damage|p2a: Toxapex|88/100|[from] Spikes
|
|upkeep
|turn|349
|
|switch|p2a: Corviknight|Corviknight, M|100/100
|-ability|p2a: Corviknight|Pressure
|switch|p1a: Clefable|Clefable, M|100/100
|
|upkeep
|turn|350
|
|switch|p2a: Toxapex|Toxapex, M|100/100
|-damage|p2a: Toxapex|88/100|[from] Spikes
|switch|p1a: Corviknight|Corviknight, M|100/100
|-ability|p1a: Corviknight|Pressure
|
|upkeep
|turn|351
|
|switch|p1a: Ferrothorn|Ferrothorn, F|100/100
|switch|p2a: Corviknight|Corviknight, M|100/100
|-ability|p2a: Corviknight|Pressure
|
|upkeep
|turn|352
|
|switch|p2a: Toxapex|Toxapex, M|100/100
|-damage|p2a: Toxapex|88/100|[from] Spikes
|move|p1a: Ferrothorn|Spikes|p2a: Toxapex
|-sidestart|p2: OUTX boomshakalaka|Spikes
|
|upkeep
|turn|353
|
|switch|p2a: Corviknight|Corviknight, M|100/100
|-ability|p2a: Corviknight|Pressure
|switch|p1a: Clefable|Clefable, M|100/100
|
|upkeep
|turn|354
|
|switch|p2a: Toxapex|Toxapex, M|100/100
|-damage|p2a: Toxapex|84/100|[from] Spikes
|switch|p1a: Corviknight|Corviknight, M|100/100
|-ability|p1a: Corviknight|Pressure
|
|upkeep
|turn|355
|
|switch|p1a: Ferrothorn|Ferrothorn, F|100/100
|switch|p2a: Corviknight|Corviknight, M|100/100
|-ability|p2a: Corviknight|Pressure
|
|upkeep
|turn|356
|
|switch|p2a: Toxapex|Toxapex, M|100/100
|-damage|p2a: Toxapex|84/100|[from] Spikes
|move|p1a: Ferrothorn|Spikes|p2a: Toxapex
|-sidestart|p2: OUTX boomshakalaka|Spikes
|
|upkeep
|turn|357
|
|switch|p2a: Corviknight|Corviknight, M|100/100
|-ability|p2a: Corviknight|Pressure
|switch|p1a: Corviknight|Corviknight, M|100/100
|-ability|p1a: Corviknight|Pressure
|
|upkeep
|turn|358
|
|switch|p2a: Toxapex|Toxapex, M|100/100
|-damage|p2a: Toxapex|75/100|[from] Spikes
|move|p1a: Corviknight|Bulk Up|p1a: Corviknight
|-boost|p1a: Corviknight|atk|1
|-boost|p1a: Corviknight|def|1
|
|upkeep
|turn|359
|
|switch|p1a: Tyranitar|Tyranitar, F|92/100
|-weather|Sandstorm|[from] ability: Sand Stream|[of] p1a: Tyranitar
|switch|p2a: Corviknight|Corviknight, M|100/100
|-ability|p2a: Corviknight|Pressure
|
|-weather|Sandstorm|[upkeep]
|upkeep
|turn|360
|
|switch|p2a: Toxapex|Toxapex, M|100/100
|-damage|p2a: Toxapex|75/100|[from] Spikes
|move|p1a: Tyranitar|Seismic Toss|p2a: Toxapex
|-damage|p2a: Toxapex|43/100
|
|-weather|Sandstorm|[upkeep]
|-damage|p2a: Toxapex|36/100|[from] Sandstorm
|upkeep
|turn|361
|
|switch|p2a: Corviknight|Corviknight, M|100/100
|-ability|p2a: Corviknight|Pressure
|move|p1a: Tyranitar|Dragon Tail|p2a: Corviknight
|-resisted|p2a: Corviknight
|-damage|p2a: Corviknight|95/100
|drag|p2a: Toxapex|Toxapex, M|70/100
|-damage|p2a: Toxapex|45/100|[from] Spikes
|
|-weather|Sandstorm|[upkeep]
|-damage|p2a: Toxapex|38/100|[from] Sandstorm
|upkeep
|turn|362
|
|switch|p1a: Corviknight|Corviknight, M|100/100
|-ability|p1a: Corviknight|Pressure
|move|p2a: Toxapex|Recover|p2a: Toxapex
|-heal|p2a: Toxapex|88/100
|
|-weather|Sandstorm|[upkeep]
|-damage|p2a: Toxapex|82/100|[from] Sandstorm
|upkeep
|turn|363
|
|switch|p1a: Ferrothorn|Ferrothorn, F|100/100
|switch|p2a: Corviknight|Corviknight, M|95/100
|-ability|p2a: Corviknight|Pressure
|
|-weather|none
|upkeep
|turn|364
|
|switch|p2a: Toxapex|Toxapex, M|100/100
|-damage|p2a: Toxapex|75/100|[from] Spikes
|switch|p1a: Corviknight|Corviknight, M|100/100
|-ability|p1a: Corviknight|Pressure
|
|upkeep
|turn|365
|
|switch|p1a: Tyranitar|Tyranitar, F|92/100
|-weather|Sandstorm|[from] ability: Sand Stream|[of] p1a: Tyranitar
|switch|p2a: Corviknight|Corviknight, M|95/100
|-ability|p2a: Corviknight|Pressure
|
|-weather|Sandstorm|[upkeep]
|upkeep
|turn|366
|
|switch|p2a: Toxapex|Toxapex, M|100/100
|-damage|p2a: Toxapex|75/100|[from] Spikes
|switch|p1a: Ferrothorn|Ferrothorn, F|100/100
|
|-weather|Sandstorm|[upkeep]
|-damage|p2a: Toxapex|69/100|[from] Sandstorm
|upkeep
|turn|367
|
|switch|p2a: Corviknight|Corviknight, M|95/100
|-ability|p2a: Corviknight|Pressure
|switch|p1a: Tyranitar|Tyranitar, F|92/100
|
|-weather|Sandstorm|[upkeep]
|upkeep
|turn|368
|
|switch|p2a: Toxapex|Toxapex, M|100/100
|-damage|p2a: Toxapex|75/100|[from] Spikes
|switch|p1a: Corviknight|Corviknight, M|100/100
|-ability|p1a: Corviknight|Pressure
|
|-weather|Sandstorm|[upkeep]
|-damage|p2a: Toxapex|69/100|[from] Sandstorm
|upkeep
|turn|369
|
|switch|p1a: Ferrothorn|Ferrothorn, F|100/100
|switch|p2a: Corviknight|Corviknight, M|95/100
|-ability|p2a: Corviknight|Pressure
|
|-weather|none
|upkeep
|turn|370
|
|switch|p2a: Toxapex|Toxapex, M|100/100
|-damage|p2a: Toxapex|75/100|[from] Spikes
|switch|p1a: Tyranitar|Tyranitar, F|92/100
|-weather|Sandstorm|[from] ability: Sand Stream|[of] p1a: Tyranitar
|
|-weather|Sandstorm|[upkeep]
|-damage|p2a: Toxapex|69/100|[from] Sandstorm
|upkeep
|turn|371
|
|switch|p1a: Toxapex|Toxapex, F|100/100 brn
|switch|p2a: Corviknight|Corviknight, M|95/100
|-ability|p2a: Corviknight|Pressure
|
|-weather|Sandstorm|[upkeep]
|-damage|p1a: Toxapex|95/100 brn|[from] Sandstorm
|-damage|p1a: Toxapex|89/100 brn|[from] brn
|upkeep
|turn|372
|
|switch|p2a: Toxapex|Toxapex, M|100/100
|-damage|p2a: Toxapex|75/100|[from] Spikes
|move|p1a: Toxapex|Scald|p2a: Toxapex
|-resisted|p2a: Toxapex
|-damage|p2a: Toxapex|69/100
|-status|p2a: Toxapex|brn
|
|-weather|Sandstorm|[upkeep]
|-damage|p2a: Toxapex|63/100 brn|[from] Sandstorm
|-damage|p1a: Toxapex|83/100 brn|[from] Sandstorm
|-damage|p2a: Toxapex|56/100 brn|[from] brn
|-damage|p1a: Toxapex|77/100 brn|[from] brn
|upkeep
|turn|373
|
|switch|p2a: Corviknight|Corviknight, M|95/100
|-ability|p2a: Corviknight|Pressure
|switch|p1a: Ferrothorn|Ferrothorn, F|100/100
|
|-weather|Sandstorm|[upkeep]
|upkeep
|turn|374
|
|switch|p2a: Toxapex|Toxapex, M|90/100 brn
|-damage|p2a: Toxapex|65/100 brn|[from] Spikes
|move|p1a: Ferrothorn|Leech Seed|p2a: Toxapex
|-start|p2a: Toxapex|move: Leech Seed
|
|-weather|none
|-damage|p2a: Toxapex|52/100 brn|[from] Leech Seed|[of] p1a: Ferrothorn
|-damage|p2a: Toxapex|46/100 brn|[from] brn
|upkeep
|turn|375
|
|switch|p2a: Corviknight|Corviknight, M|95/100
|-ability|p2a: Corviknight|Pressure
|switch|p1a: Tyranitar|Tyranitar, F|92/100
|-weather|Sandstorm|[from] ability: Sand Stream|[of] p1a: Tyranitar
|
|-weather|Sandstorm|[upkeep]
|upkeep
|turn|376
|
|switch|p2a: Toxapex|Toxapex, M|79/100 brn
|-damage|p2a: Toxapex|54/100 brn|[from] Spikes
|switch|p1a: Corviknight|Corviknight, M|100/100
|-ability|p1a: Corviknight|Pressure
|
|-weather|Sandstorm|[upkeep]
|-damage|p2a: Toxapex|48/100 brn|[from] Sandstorm
|-damage|p2a: Toxapex|42/100 brn|[from] brn
|upkeep
|turn|377
|
|switch|p1a: Ferrothorn|Ferrothorn, F|100/100
|switch|p2a: Corviknight|Corviknight, M|95/100
|-ability|p2a: Corviknight|Pressure
|
|-weather|Sandstorm|[upkeep]
|upkeep
|turn|378
|
|switch|p2a: Toxapex|Toxapex, M|75/100 brn
|-damage|p2a: Toxapex|50/100 brn|[from] Spikes
|switch|p1a: Corviknight|Corviknight, M|100/100
|-ability|p1a: Corviknight|Pressure
|
|-weather|Sandstorm|[upkeep]
|-damage|p2a: Toxapex|44/100 brn|[from] Sandstorm
|-damage|p2a: Toxapex|37/100 brn|[from] brn
|upkeep
|turn|379
|
|switch|p1a: Ferrothorn|Ferrothorn, F|100/100
|switch|p2a: Corviknight|Corviknight, M|95/100
|-ability|p2a: Corviknight|Pressure
|
|-weather|none
|upkeep
|turn|380
|
|switch|p2a: Toxapex|Toxapex, M|71/100 brn
|-damage|p2a: Toxapex|46/100 brn|[from] Spikes
|switch|p1a: Corviknight|Corviknight, M|100/100
|-ability|p1a: Corviknight|Pressure
|
|-damage|p2a: Toxapex|39/100 brn|[from] brn
|upkeep
|turn|381
|
|switch|p1a: Tyranitar|Tyranitar, F|92/100
|-weather|Sandstorm|[from] ability: Sand Stream|[of] p1a: Tyranitar
|switch|p2a: Corviknight|Corviknight, M|95/100
|-ability|p2a: Corviknight|Pressure
|
|-weather|Sandstorm|[upkeep]
|upkeep
|turn|382
|
|switch|p2a: Toxapex|Toxapex, M|73/100 brn
|-damage|p2a: Toxapex|48/100 brn|[from] Spikes
|switch|p1a: Ferrothorn|Ferrothorn, F|100/100
|
|-weather|Sandstorm|[upkeep]
|-damage|p2a: Toxapex|41/100 brn|[from] Sandstorm
|-damage|p2a: Toxapex|35/100 brn|[from] brn
|upkeep
|turn|383
|
|switch|p2a: Corviknight|Corviknight, M|95/100
|-ability|p2a: Corviknight|Pressure
|switch|p1a: Tyranitar|Tyranitar, F|92/100
|
|-weather|Sandstorm|[upkeep]
|upkeep
|turn|384
|
|switch|p2a: Toxapex|Toxapex, M|68/100 brn
|-damage|p2a: Toxapex|43/100 brn|[from] Spikes
|move|p1a: Tyranitar|Seismic Toss|p2a: Toxapex
|-damage|p2a: Toxapex|10/100 brn
|
|-weather|Sandstorm|[upkeep]
|-damage|p2a: Toxapex|4/100 brn|[from] Sandstorm
|-damage|p2a: Toxapex|0 fnt|[from] brn
|faint|p2a: Toxapex
|upkeep
|
|switch|p2a: Corviknight|Corviknight, M|95/100
|-ability|p2a: Corviknight|Pressure
|turn|385
|
|switch|p1a: Corviknight|Corviknight, M|100/100
|-ability|p1a: Corviknight|Pressure
|move|p2a: Corviknight|Body Press|p1a: Corviknight
|-damage|p1a: Corviknight|85/100
|
|-weather|none
|upkeep
|turn|386
|
|switch|p2a: Clefable|Clefable, F|75/100
|-damage|p2a: Clefable|50/100|[from] Spikes
|move|p1a: Corviknight|Bulk Up|p1a: Corviknight
|-boost|p1a: Corviknight|atk|1
|-boost|p1a: Corviknight|def|1
|
|-heal|p2a: Clefable|56/100|[from] item: Leftovers
|upkeep
|turn|387
|
|switch|p1a: Ferrothorn|Ferrothorn, F|100/100
|move|p2a: Clefable|Wish|p2a: Clefable
|
|-heal|p2a: Clefable|62/100|[from] item: Leftovers
|upkeep
|turn|388
|
|move|p2a: Clefable|Aromatherapy|p2a: Clefable
|-activate|p2a: Clefable|move: Aromatherapy
|-curestatus|p2: Reuniclus|psn|[msg]
|move|p1a: Ferrothorn|Knock Off|p2a: Clefable
|-resisted|p2a: Clefable
|-damage|p2a: Clefable|52/100
|-enditem|p2a: Clefable|Leftovers|[from] move: Knock Off|[of] p1a: Ferrothorn
|
|-heal|p2a: Clefable|100/100|[from] move: Wish|[wisher] Clefable
|upkeep
|turn|389
|
|switch|p2a: Reuniclus|Reuniclus, M|90/100
|-damage|p2a: Reuniclus|65/100|[from] Spikes
|switch|p1a: Toxapex|Toxapex, F|100/100 brn
|
|-damage|p1a: Toxapex|95/100 brn|[from] brn
|upkeep
|turn|390
|
|switch|p2a: Corviknight|Corviknight, M|95/100
|-ability|p2a: Corviknight|Pressure
|move|p1a: Toxapex|Toxic Spikes|p2a: Corviknight
|-sidestart|p2: OUTX boomshakalaka|move: Toxic Spikes
|
|-damage|p1a: Toxapex|89/100 brn|[from] brn
|upkeep
|turn|391
|
|switch|p1a: Corviknight|Corviknight, M|85/100
|-ability|p1a: Corviknight|Pressure
|move|p2a: Corviknight|Iron Head|p1a: Corviknight
|-resisted|p1a: Corviknight
|-damage|p1a: Corviknight|78/100
|
|upkeep
|turn|392
|
|move|p1a: Corviknight|Bulk Up|p1a: Corviknight
|-boost|p1a: Corviknight|atk|1
|-boost|p1a: Corviknight|def|1
|move|p2a: Corviknight|Defog|p1a: Corviknight
|-unboost|p1a: Corviknight|evasion|1
|-sideend|p2: OUTX boomshakalaka|Spikes|[from] move: Defog|[of] p2a: Corviknight
|-sideend|p2: OUTX boomshakalaka|Toxic Spikes|[from] move: Defog|[of] p2a: Corviknight
|
|upkeep
|turn|393
|-message|OUTX boomshakalaka forfeited.
|
|win|JoeyOwesMeMoney
|l|☆OUTX boomshakalaka
|raw|JoeyOwesMeMoney's rating: 1655 &rarr; <strong>1671</strong><br />(+16 for winning)
|raw|OUTX boomshakalaka's rating: 1581 &rarr; <strong>1565</strong><br />(-16 for losing)
