|j|☆whord
|j|☆gaijineagle
|t:|1598054911
|player|p1|whord|hilbert|1357
|player|p2|gaijineagle|170|1348
|teamsize|p1|6
|teamsize|p2|6
|gametype|singles
|gen|8
|tier|[Gen 8] OU
|rated|
|clearpoke
|poke|p1|Diggersby, M|
|poke|p1|Dragapult, M|
|poke|p1|Rotom-Heat|
|poke|p1|Hippowdon, F|
|poke|p1|Clefable, F|
|poke|p1|Ferrothorn, M|
|poke|p2|Dragapult, F|
|poke|p2|Hippowdon, F|
|poke|p2|Clefable, M|
|poke|p2|Ferrothorn, F|
|poke|p2|Excadrill, M|
|poke|p2|Urshifu-*, M|
|rule|Sleep Clause Mod: Limit one foe put to sleep
|rule|Species Clause: Limit one of each Pokémon
|rule|OHKO Clause: OHKO moves are banned
|rule|Evasion Moves Clause: Evasion moves are banned
|rule|Endless Battle Clause: Forcing endless battles is banned
|rule|HP Percentage Mod: HP is shown in percentages
|rule|Dynamax Clause: You cannot dynamax
|teampreview
|inactive|Battle timer is ON: inactive players will automatically lose when time's up. (requested by gaijineagle)
|inactive|gaijineagle has 120 seconds left.
|inactive|gaijineagle has 90 seconds left.
|inactive|gaijineagle has 60 seconds left.
|inactive|gaijineagle has 30 seconds left.
|inactive|gaijineagle has 20 seconds left.
|inactiveoff|Battle timer is now OFF.
|
|t:|1598055049
|start
|switch|p1a: Ferrothorn|Ferrothorn, M|100/100
|switch|p2a: Urshifu|Urshifu, M|100/100
|turn|1
|
|t:|1598055064
|switch|p1a: Clefable|Clefable, F|100/100
|move|p2a: Urshifu|Close Combat|p1a: Clefable
|-resisted|p1a: Clefable
|-damage|p1a: Clefable|64/100
|-unboost|p2a: Urshifu|def|1
|-unboost|p2a: Urshifu|spd|1
|-damage|p2a: Urshifu|91/100|[from] item: Life Orb
|
|-heal|p1a: Clefable|71/100|[from] item: Leftovers
|upkeep
|turn|2
|
|t:|1598055084
|switch|p2a: Hippowdon|Hippowdon, F|100/100
|-weather|Sandstorm|[from] ability: Sand Stream|[of] p2a: Hippowdon
|move|p1a: Clefable|Teleport|p1a: Clefable
|inactive|Battle timer is ON: inactive players will automatically lose when time's up. (requested by whord)
|
|t:|1598055088
|switch|p1a: Ferrothorn|Ferrothorn, M|100/100|[from]move: Teleport
|
|-weather|Sandstorm|[upkeep]
|upkeep
|turn|3
|inactive|gaijineagle has 90 seconds left.
|
|t:|1598055106
|move|p2a: Hippowdon|Stealth Rock|p1a: Ferrothorn
|-sidestart|p1: whord|move: Stealth Rock
|move|p1a: Ferrothorn|Leech Seed|p2a: Hippowdon
|-start|p2a: Hippowdon|move: Leech Seed
|
|-weather|Sandstorm|[upkeep]
|-damage|p2a: Hippowdon|88/100|[from] Leech Seed|[of] p1a: Ferrothorn
|upkeep
|turn|4
|inactive|gaijineagle has 60 seconds left.
|
|t:|1598055139
|switch|p2a: Dragapult|Dragapult, F|100/100
|move|p1a: Ferrothorn|Spikes|p2a: Dragapult
|-sidestart|p2: gaijineagle|Spikes
|
|-weather|Sandstorm|[upkeep]
|-damage|p2a: Dragapult|95/100|[from] Sandstorm
|upkeep
|turn|5
|
|t:|1598055147
|move|p2a: Dragapult|Flamethrower|p1a: Ferrothorn
|-supereffective|p1a: Ferrothorn
|-damage|p1a: Ferrothorn|12/100
|-damage|p2a: Dragapult|85/100|[from] item: Life Orb
|move|p1a: Ferrothorn|Leech Seed|p2a: Dragapult
|-start|p2a: Dragapult|move: Leech Seed
|
|-weather|Sandstorm|[upkeep]
|-damage|p2a: Dragapult|79/100|[from] Sandstorm
|-heal|p1a: Ferrothorn|18/100|[from] item: Leftovers
|-damage|p2a: Dragapult|66/100|[from] Leech Seed|[of] p1a: Ferrothorn
|-heal|p1a: Ferrothorn|29/100|[silent]
|upkeep
|turn|6
|
|t:|1598055152
|switch|p1a: Rotom|Rotom-Heat|100/100
|move|p2a: Dragapult|Flamethrower|p1a: Rotom
|-resisted|p1a: Rotom
|-damage|p1a: Rotom|88/100
|-damage|p2a: Dragapult|57/100|[from] item: Life Orb
|
|-weather|Sandstorm|[upkeep]
|-damage|p2a: Dragapult|51/100|[from] Sandstorm
|-damage|p1a: Rotom|81/100|[from] Sandstorm
|-damage|p2a: Dragapult|38/100|[from] Leech Seed|[of] p1a: Rotom
|-heal|p1a: Rotom|94/100|[silent]
|upkeep
|turn|7
|inactive|gaijineagle has 60 seconds left.
|inactive|gaijineagle has 30 seconds left.
|
|t:|1598055208
|move|p2a: Dragapult|Dragon Darts|p1a: Rotom
|-damage|p1a: Rotom|68/100
|-anim|p2a: Dragapult|Dragon Darts|p1a: Rotom
|-damage|p1a: Rotom|42/100
|-damage|p2a: Dragapult|29/100|[from] item: Life Orb
|move|p1a: Rotom|Toxic|p2a: Dragapult
|-status|p2a: Dragapult|tox
|
|-weather|Sandstorm|[upkeep]
|-damage|p2a: Dragapult|23/100 tox|[from] Sandstorm
|-damage|p1a: Rotom|36/100|[from] Sandstorm
|-damage|p2a: Dragapult|10/100 tox|[from] Leech Seed|[of] p1a: Rotom
|-heal|p1a: Rotom|49/100|[silent]
|-damage|p2a: Dragapult|4/100 tox|[from] psn
|upkeep
|turn|8
|inactive|gaijineagle has 30 seconds left.
|inactive|gaijineagle has 20 seconds left.
|
|t:|1598055231
|switch|p1a: Clefable|Clefable, F|71/100
|move|p2a: Dragapult|Flamethrower|p1a: Clefable
|-damage|p1a: Clefable|42/100
|-damage|p2a: Dragapult|0 fnt|[from] item: Life Orb
|faint|p2a: Dragapult
|
|-weather|Sandstorm|[upkeep]
|-heal|p1a: Clefable|48/100|[from] item: Leftovers
|upkeep
|inactive|gaijineagle has 25 seconds left this turn.
|inactive|gaijineagle has 20 seconds left.
|inactive|gaijineagle has 15 seconds left.
|inactive|gaijineagle has 10 seconds left.
|
|t:|1598055250
|switch|p2a: Excadrill|Excadrill, M|100/100
|-damage|p2a: Excadrill|88/100|[from] Spikes
|turn|9
|inactive|gaijineagle has 20 seconds left this turn.
|inactive|gaijineagle has 15 seconds left.
|inactive|gaijineagle has 10 seconds left.
|inactive|gaijineagle has 5 seconds left.
|
|t:|1598055266
|move|p2a: Excadrill|Earthquake|p1a: Clefable
|-damage|p1a: Clefable|0 fnt
|-damage|p2a: Excadrill|78/100|[from] item: Life Orb
|faint|p1a: Clefable
|
|-weather|none
|upkeep
|inactive|gaijineagle has 10 seconds left this turn.
|
|t:|1598055275
|switch|p1a: Hippowdon|Hippowdon, F|100/100
|-damage|p1a: Hippowdon|94/100|[from] Stealth Rock
|-weather|Sandstorm|[from] ability: Sand Stream|[of] p1a: Hippowdon
|turn|10
|inactive|gaijineagle has 20 seconds left this turn.
|inactive|gaijineagle has 15 seconds left.
|
|t:|1598055281
|switch|p2a: Ferrothorn|Ferrothorn, F|100/100
|-damage|p2a: Ferrothorn|88/100|[from] Spikes
|move|p1a: Hippowdon|Stealth Rock|p2a: Ferrothorn
|-sidestart|p2: gaijineagle|move: Stealth Rock
|
|-weather|Sandstorm|[upkeep]
|-heal|p1a: Hippowdon|100/100|[from] item: Leftovers
|-heal|p2a: Ferrothorn|94/100|[from] item: Leftovers
|upkeep
|turn|11
|inactive|gaijineagle has 25 seconds left this turn.
|inactive|gaijineagle has 20 seconds left.
|inactive|gaijineagle has 15 seconds left.
|inactive|whord has 120 seconds left.
|
|t:|1598055315
|switch|p1a: Rotom|Rotom-Heat|49/100
|move|p2a: Ferrothorn|Knock Off|p1a: Rotom
|-damage|p1a: Rotom|26/100
|-enditem|p1a: Rotom|Heavy-Duty Boots|[from] move: Knock Off|[of] p2a: Ferrothorn
|
|-weather|Sandstorm|[upkeep]
|-damage|p1a: Rotom|20/100|[from] Sandstorm
|-heal|p2a: Ferrothorn|100/100|[from] item: Leftovers
|upkeep
|turn|12
|inactive|gaijineagle has 25 seconds left this turn.
|inactive|gaijineagle has 20 seconds left.
|inactive|gaijineagle has 15 seconds left.
|inactive|gaijineagle has 10 seconds left.
|
|t:|1598055331
|switch|p2a: Hippowdon|Hippowdon, F|88/100
|-damage|p2a: Hippowdon|82/100|[from] Stealth Rock
|-damage|p2a: Hippowdon|69/100|[from] Spikes
|move|p1a: Rotom|Pain Split|p2a: Hippowdon
|-sethp|p2a: Hippowdon|42/100|[from] move: Pain Split|[silent]
|-sethp|p1a: Rotom|58/100|[from] move: Pain Split
|
|-weather|Sandstorm|[upkeep]
|-damage|p1a: Rotom|51/100|[from] Sandstorm
|upkeep
|turn|13
|inactive|gaijineagle has 20 seconds left this turn.
|inactive|gaijineagle has 15 seconds left.
|
|t:|1598055345
|move|p1a: Rotom|Overheat|p2a: Hippowdon
|-damage|p2a: Hippowdon|0 fnt
|-unboost|p1a: Rotom|spa|2
|faint|p2a: Hippowdon
|
|-weather|Sandstorm|[upkeep]
|-damage|p1a: Rotom|45/100|[from] Sandstorm
|upkeep
|inactive|gaijineagle has 20 seconds left this turn.
|inactive|gaijineagle has 15 seconds left.
|inactive|gaijineagle has 10 seconds left.
|
|t:|1598055357
|switch|p2a: Urshifu|Urshifu, M|91/100
|-damage|p2a: Urshifu|84/100|[from] Stealth Rock
|-damage|p2a: Urshifu|72/100|[from] Spikes
|turn|14
|inactive|gaijineagle has 20 seconds left this turn.
|inactive|gaijineagle has 15 seconds left.
|
|t:|1598055367
|switch|p1a: Hippowdon|Hippowdon, F|100/100
|-damage|p1a: Hippowdon|94/100|[from] Stealth Rock
|move|p2a: Urshifu|Wicked Blow|p1a: Hippowdon
|-crit|p1a: Hippowdon
|-damage|p1a: Hippowdon|47/100
|-damage|p2a: Urshifu|62/100|[from] item: Life Orb
|
|-weather|none
|-heal|p1a: Hippowdon|53/100|[from] item: Leftovers
|upkeep
|turn|15
|inactive|gaijineagle has 25 seconds left this turn.
|inactive|gaijineagle has 20 seconds left.
|
|t:|1598055375
|move|p2a: Urshifu|Wicked Blow|p1a: Hippowdon
|-crit|p1a: Hippowdon
|-damage|p1a: Hippowdon|0 fnt
|-damage|p2a: Urshifu|52/100|[from] item: Life Orb
|faint|p1a: Hippowdon
|
|upkeep
|inactive|gaijineagle has 25 seconds left this turn.
|
|t:|1598055389
|switch|p1a: Dragapult|Dragapult, M|100/100
|turn|16
|
|t:|1598055394
|move|p2a: Urshifu|Sucker Punch|p1a: Dragapult
|-supereffective|p1a: Dragapult
|-damage|p1a: Dragapult|0 fnt
|-damage|p2a: Urshifu|42/100|[from] item: Life Orb
|faint|p1a: Dragapult
|
|upkeep
|
|t:|1598055400
|switch|p1a: Ferrothorn|Ferrothorn, M|29/100
|-damage|p1a: Ferrothorn|23/100|[from] Stealth Rock
|turn|17
|
|t:|1598055409
|move|p2a: Urshifu|Wicked Blow|p1a: Ferrothorn
|-crit|p1a: Ferrothorn
|-damage|p1a: Ferrothorn|0 fnt
|-damage|p2a: Urshifu|30/100|[from] ability: Iron Barbs|[of] p1a: Ferrothorn
|-damage|p2a: Urshifu|20/100|[from] item: Life Orb
|faint|p1a: Ferrothorn
|
|upkeep
|
|t:|1598055413
|switch|p1a: Diggersby|Diggersby, M|100/100
|-damage|p1a: Diggersby|94/100|[from] Stealth Rock
|turn|18
|
|t:|1598055423
|move|p2a: Urshifu|Sucker Punch|p1a: Diggersby
|-damage|p1a: Diggersby|30/100
|-damage|p2a: Urshifu|10/100|[from] item: Life Orb
|move|p1a: Diggersby|Quick Attack|p2a: Urshifu
|-damage|p2a: Urshifu|0 fnt
|-damage|p1a: Diggersby|20/100|[from] item: Life Orb
|faint|p2a: Urshifu
|
|upkeep
|
|t:|1598055434
|switch|p2a: Excadrill|Excadrill, M|78/100
|-damage|p2a: Excadrill|66/100|[from] Spikes
|-damage|p2a: Excadrill|63/100|[from] Stealth Rock
|turn|19
|
|t:|1598055446
|move|p1a: Diggersby|Quick Attack|p2a: Excadrill
|-resisted|p2a: Excadrill
|-crit|p2a: Excadrill
|-damage|p2a: Excadrill|25/100
|-damage|p1a: Diggersby|10/100|[from] item: Life Orb
|move|p2a: Excadrill|Rapid Spin|p1a: Diggersby
|-damage|p1a: Diggersby|0 fnt
|-boost|p2a: Excadrill|spe|1
|-sideend|p2: gaijineagle|Spikes|[from] move: Rapid Spin|[of] p2a: Excadrill
|-sideend|p2: gaijineagle|Stealth Rock|[from] move: Rapid Spin|[of] p2a: Excadrill
|-damage|p2a: Excadrill|15/100|[from] item: Life Orb
|faint|p1a: Diggersby
|
|upkeep
|-message|whord forfeited.
|
|t:|1598055450
|switch|p1a: Rotom|Rotom-Heat|45/100
|-damage|p1a: Rotom|20/100|[from] Stealth Rock
|turn|20
|l|☆whord
|inactive|whord disconnected and has a minute to reconnect!
|player|p1|
|
|win|gaijineagle
|c|☆gaijineagle|gg
|raw|whord's rating: 1377 &rarr; <strong>1355</strong><br />(-22 for losing)
|raw|gaijineagle's rating: 1349 &rarr; <strong>1370</strong><br />(+21 for winning)
