|j|☆Batataplays
|j|☆UTJohn
|inactive|Battle timer is ON: inactive players will automatically lose when time's up.
|t:|1659320879
|gametype|singles
|player|p1|Batataplays|furisodegirl-blue|
|player|p2|UTJohn|red|
|teamsize|p1|6
|teamsize|p2|6
|gen|8
|tier|[Gen 8] OU
|rated|Tournament battle
|rule|Sleep Clause Mod: Limit one foe put to sleep
|rule|Species Clause: Limit one of each Pokémon
|rule|OHKO Clause: OHKO moves are banned
|rule|Evasion Moves Clause: Evasion moves are banned
|rule|Endless Battle Clause: Forcing endless battles is banned
|rule|HP Percentage Mod: HP is shown in percentages
|rule|Dynamax Clause: You cannot dynamax
|clearpoke
|poke|p1|Politoed, F|
|poke|p1|Tapu Lele|
|poke|p1|Ferrothorn, M|
|poke|p1|Landorus-Therian, M|
|poke|p1|Mandibuzz, F|
|poke|p1|Kartana|
|poke|p2|Golisopod, M|
|poke|p2|Tyranitar, F|
|poke|p2|Slowking-Galar, F|
|poke|p2|Ferrothorn, M|
|poke|p2|Porygon-Z|
|poke|p2|Dragonite, F|
|teampreview
|j| AnjoMaliciOsO
|j|%be7
|
|t:|1659320885
|start
|switch|p1a: Politoed|Politoed, F|100/100
|switch|p2a: E n i g ma|Porygon-Z|100/100
|-ability|p2a: E n i g ma|Download|boost
|-boost|p2a: E n i g ma|atk|1
|-weather|RainDance|[from] ability: Drizzle|[of] p1a: Politoed
|turn|1
|c| AnjoMaliciOsO|olar
|j| AmarelinhoBR
|l|%be7
|c|☆Batataplays|oi
|
|t:|1659320892
|switch|p1a: Ferrothorn|Ferrothorn, M|100/100
|move|p2a: E n i g ma|Trick|p1a: Ferrothorn
|-activate|p2a: E n i g ma|move: Trick|[of] p1a: Ferrothorn
|-item|p1a: Ferrothorn|Choice Scarf|[from] move: Trick
|-item|p2a: E n i g ma|Leftovers|[from] move: Trick
|
|-weather|RainDance|[upkeep]
|upkeep
|turn|2
|j| isabela000◥▶_◀◤
|j| riquelme❈14
|
|t:|1659320906
|switch|p2a: I m p e r v i u s|Ferrothorn, M|100/100
|move|p1a: Ferrothorn|Knock Off|p2a: I m p e r v i u s
|-damage|p2a: I m p e r v i u s|88/100
|-damage|p1a: Ferrothorn|88/100|[from] ability: Iron Barbs|[of] p2a: I m p e r v i u s
|-enditem|p2a: I m p e r v i u s|Leftovers|[from] move: Knock Off|[of] p1a: Ferrothorn
|
|-weather|RainDance|[upkeep]
|upkeep
|turn|3
|
|t:|1659320915
|switch|p1a: Politoed|Politoed, F|100/100
|move|p2a: I m p e r v i u s|Leech Seed|p1a: Politoed
|-start|p1a: Politoed|move: Leech Seed
|
|-weather|RainDance|[upkeep]
|-damage|p1a: Politoed|88/100|[from] Leech Seed|[of] p2a: I m p e r v i u s
|-heal|p2a: I m p e r v i u s|99/100|[silent]
|upkeep
|turn|4
|j| proxima galaxy
|c| AmarelinhoBR|Perdeu nabela?
|
|t:|1659320920
|move|p1a: Politoed|Focus Blast|p2a: I m p e r v i u s
|-supereffective|p2a: I m p e r v i u s
|-damage|p2a: I m p e r v i u s|16/100
|move|p2a: I m p e r v i u s|Thunder Wave|p1a: Politoed
|-status|p1a: Politoed|par
|
|-weather|RainDance|[upkeep]
|-damage|p1a: Politoed|76/100 par|[from] Leech Seed|[of] p2a: I m p e r v i u s
|-heal|p2a: I m p e r v i u s|27/100|[silent]
|upkeep
|turn|5
|j| Via Lactea Galaxy
|
|t:|1659320926
|switch|p1a: Tapu Lele|Tapu Lele|100/100
|-fieldstart|move: Psychic Terrain|[from] ability: Psychic Surge|[of] p1a: Tapu Lele
|move|p2a: I m p e r v i u s|Protect||[still]
|-fail|p2a: I m p e r v i u s
|
|-weather|none
|upkeep
|turn|6
|
|t:|1659320931
|switch|p2a: SigmaTox|Slowking-Galar, F|100/100
|move|p1a: Tapu Lele|Psyshock|p2a: SigmaTox
|-damage|p2a: SigmaTox|14/100
|
|upkeep
|turn|7
|
|t:|1659320935
|switch|p1a: Landorus|Landorus-Therian, M|100/100
|-ability|p1a: Landorus|Intimidate|boost
|-unboost|p2a: SigmaTox|atk|1
|switch|p2a: T i t a n|Tyranitar, F|100/100
|-weather|Sandstorm|[from] ability: Sand Stream|[of] p2a: T i t a n
|
|-weather|Sandstorm|[upkeep]
|upkeep
|turn|8
|c| Via Lactea Galaxy|politoed.
|
|t:|1659320941
|switch|p2a: A l a t u s|Dragonite, F|100/100
|move|p1a: Landorus|Earthquake|p2a: A l a t u s
|-immune|p2a: A l a t u s
|
|-weather|Sandstorm|[upkeep]
|-damage|p2a: A l a t u s|94/100|[from] Sandstorm
|upkeep
|turn|9
|
|t:|1659320945
|switch|p1a: Tapu Lele|Tapu Lele|100/100
|move|p2a: A l a t u s|Air Slash|p1a: Tapu Lele
|-damage|p1a: Tapu Lele|64/100
|
|-weather|Sandstorm|[upkeep]
|-damage|p1a: Tapu Lele|58/100|[from] Sandstorm
|-damage|p2a: A l a t u s|88/100|[from] Sandstorm
|-fieldend|move: Psychic Terrain
|upkeep
|turn|10
|c| Via Lactea Galaxy|morto, morto, morto. por que não vê já que morreu?
|n|@Irly|vialacteagalaxy
|
|t:|1659320959
|switch|p2a: I m p e r v i u s|Ferrothorn, M|27/100
|move|p1a: Tapu Lele|Moonblast|p2a: I m p e r v i u s
|-resisted|p2a: I m p e r v i u s
|-damage|p2a: I m p e r v i u s|0 fnt
|faint|p2a: I m p e r v i u s
|
|-weather|Sandstorm|[upkeep]
|-damage|p1a: Tapu Lele|52/100|[from] Sandstorm
|upkeep
|c|@Irly|já se passaram dois, dez, vinte anos
|c|@Irly|e só você não percebeu
|c|☆Batataplays|dig dig dig e
|c|☆Batataplays|dig dig dig e
|l| AmarelinhoBR
|inactive|UTJohn has 120 seconds left.
|
|t:|1659320986
|switch|p2a: Delta Aqua|Golisopod, M|100/100
|turn|11
|
|t:|1659320992
|switch|p1a: Landorus|Landorus-Therian, M|100/100
|-ability|p1a: Landorus|Intimidate|boost
|-unboost|p2a: Delta Aqua|atk|1
|move|p2a: Delta Aqua|First Impression|p1a: Landorus
|-resisted|p1a: Landorus
|-damage|p1a: Landorus|81/100
|-damage|p2a: Delta Aqua|84/100|[from] item: Rocky Helmet|[of] p1a: Landorus
|
|-weather|none
|upkeep
|turn|12
|
|t:|1659320998
|switch|p2a: A l a t u s|Dragonite, F|88/100
|move|p1a: Landorus|U-turn|p2a: A l a t u s
|-resisted|p2a: A l a t u s
|-damage|p2a: A l a t u s|78/100
|
|t:|1659321001
|switch|p1a: Tapu Lele|Tapu Lele|52/100|[from]move: U-turn
|-fieldstart|move: Psychic Terrain|[from] ability: Psychic Surge|[of] p1a: Tapu Lele
|
|upkeep
|turn|13
|
|t:|1659321015
|switch|p2a: SigmaTox|Slowking-Galar, F|48/100
|move|p1a: Tapu Lele|Moonblast|p2a: SigmaTox
|-resisted|p2a: SigmaTox
|-damage|p2a: SigmaTox|27/100
|
|upkeep
|turn|14
|
|t:|1659321021
|switch|p1a: Landorus|Landorus-Therian, M|81/100
|-ability|p1a: Landorus|Intimidate|boost
|-unboost|p2a: SigmaTox|atk|1
|move|p2a: SigmaTox|Sludge Wave|p1a: Landorus
|-resisted|p1a: Landorus
|-damage|p1a: Landorus|53/100
|
|upkeep
|turn|15
|
|t:|1659321028
|switch|p2a: A l a t u s|Dragonite, F|78/100
|move|p1a: Landorus|U-turn|p2a: A l a t u s
|-resisted|p2a: A l a t u s
|-damage|p2a: A l a t u s|68/100
|
|t:|1659321032
|switch|p1a: Politoed|Politoed, F|76/100 par|[from]move: U-turn
|-weather|RainDance|[from] ability: Drizzle|[of] p1a: Politoed
|
|-weather|RainDance|[upkeep]
|upkeep
|turn|16
|
|t:|1659321036
|switch|p2a: T i t a n|Tyranitar, F|100/100
|-weather|Sandstorm|[from] ability: Sand Stream|[of] p2a: T i t a n
|move|p1a: Politoed|Ice Beam|p2a: T i t a n
|-damage|p2a: T i t a n|73/100
|-status|p2a: T i t a n|frz
|
|-weather|Sandstorm|[upkeep]
|-damage|p1a: Politoed|69/100 par|[from] Sandstorm
|-fieldend|move: Psychic Terrain
|upkeep
|turn|17
|c| proxima galaxy|hack
|c| proxima galaxy|ban
|c|☆UTJohn|eu esperava o ice beam, mas nunca esse frozen
|c|☆Batataplays|sim
|inactive|UTJohn has 120 seconds left.
|
|t:|1659321066
|cant|p2a: T i t a n|frz
|move|p1a: Politoed|Ice Beam|p2a: T i t a n
|-damage|p2a: T i t a n|45/100 frz
|
|-weather|Sandstorm|[upkeep]
|-damage|p1a: Politoed|63/100 par|[from] Sandstorm
|upkeep
|turn|18
|
|t:|1659321070
|cant|p2a: T i t a n|frz
|move|p1a: Politoed|Ice Beam|p2a: T i t a n
|-damage|p2a: T i t a n|17/100 frz
|
|-weather|Sandstorm|[upkeep]
|-damage|p1a: Politoed|57/100 par|[from] Sandstorm
|upkeep
|turn|19
|
|t:|1659321075
|switch|p1a: Landorus|Landorus-Therian, M|53/100
|-ability|p1a: Landorus|Intimidate|boost
|-unboost|p2a: T i t a n|atk|1
|cant|p2a: T i t a n|frz
|
|-weather|Sandstorm|[upkeep]
|upkeep
|turn|20
|c|☆UTJohn|ah
|
|t:|1659321084
|move|p1a: Landorus|Stealth Rock|p2a: T i t a n
|-sidestart|p2: UTJohn|move: Stealth Rock
|cant|p2a: T i t a n|frz
|
|-weather|none
|upkeep
|turn|21
|
|t:|1659321088
|move|p1a: Landorus|U-turn|p2a: T i t a n
|-supereffective|p2a: T i t a n
|-damage|p2a: T i t a n|0 fnt
|faint|p2a: T i t a n
|
|t:|1659321090
|switch|p1a: Tapu Lele|Tapu Lele|52/100|[from]move: U-turn
|-fieldstart|move: Psychic Terrain|[from] ability: Psychic Surge|[of] p1a: Tapu Lele
|
|upkeep
|
|t:|1659321103
|switch|p2a: Delta Aqua|Golisopod, M|84/100
|-damage|p2a: Delta Aqua|59/100|[from] Stealth Rock
|turn|22
|c|☆Batataplays|foi bem bad esse freexe
|c|☆Batataplays|freezr
|c|☆UTJohn|sim
|c|☆UTJohn|mas acontece
|
|t:|1659321118
|move|p1a: Tapu Lele|Psyshock|p2a: Delta Aqua
|-damage|p2a: Delta Aqua|3/100
|-activate|p2a: Delta Aqua|ability: Emergency Exit
|
|t:|1659321124
|switch|p2a: E n i g ma|Porygon-Z|100/100
|-damage|p2a: E n i g ma|88/100|[from] Stealth Rock
|-ability|p2a: E n i g ma|Download|boost
|-boost|p2a: E n i g ma|atk|1
|
|-heal|p2a: E n i g ma|94/100|[from] item: Leftovers
|upkeep
|turn|23
|
|t:|1659321127
|move|p1a: Tapu Lele|Psyshock|p2a: E n i g ma
|-damage|p2a: E n i g ma|0 fnt
|faint|p2a: E n i g ma
|
|upkeep
|
|t:|1659321133
|switch|p2a: A l a t u s|Dragonite, F|68/100
|turn|24
|
|t:|1659321135
|move|p1a: Tapu Lele|Psyshock|p2a: A l a t u s
|-damage|p2a: A l a t u s|0 fnt
|faint|p2a: A l a t u s
|
|upkeep
|
|t:|1659321139
|switch|p2a: SigmaTox|Slowking-Galar, F|60/100
|-damage|p2a: SigmaTox|47/100|[from] Stealth Rock
|turn|25
|l| riquelme❈14
|
|t:|1659321141
|move|p1a: Tapu Lele|Psyshock|p2a: SigmaTox
|-damage|p2a: SigmaTox|0 fnt
|faint|p2a: SigmaTox
|
|-fieldend|move: Psychic Terrain
|upkeep
|c|☆UTJohn|gg
|
|t:|1659321144
|switch|p2a: Delta Aqua|Golisopod, M|3/100
|-damage|p2a: Delta Aqua|0 fnt|[from] Stealth Rock
|faint|p2a: Delta Aqua
|
|win|Batataplays
|n|☆Batataplays|batataplays
|n|☆UTJohn|utjohn
|n| AnjoMaliciOsO|anjomalicioso
|n| isabela000◥▶_◀◤|isabela000
|n| proxima galaxy|proximagalaxy
|n| Irly|irly
