|j|☆Mel2345
|j|☆chinmaydagod
|t:|1637687744
|gametype|singles
|player|p1|Mel2345|cheren-gen5bw2|1616
|player|p2|chinmaydagod|169|1683
|teamsize|p1|6
|teamsize|p2|6
|gen|8
|tier|[Gen 8] OU
|rated|
|rule|Sleep Clause Mod: Limit one foe put to sleep
|rule|Species Clause: Limit one of each Pokémon
|rule|OHKO Clause: OHKO moves are banned
|rule|Evasion Moves Clause: Evasion moves are banned
|rule|Endless Battle Clause: Forcing endless battles is banned
|rule|HP Percentage Mod: HP is shown in percentages
|rule|Dynamax Clause: You cannot dynamax
|clearpoke
|poke|p1|Amoonguss, F|
|poke|p1|Dragapult, F|
|poke|p1|Jirachi|
|poke|p1|Blissey, F|
|poke|p1|Zapdos|
|poke|p1|Urshifu-*, M|
|poke|p2|Tapu Lele|
|poke|p2|Garchomp, M|
|poke|p2|Kartana|
|poke|p2|Mandibuzz, F|
|poke|p2|Heatran, F|
|poke|p2|Mew|
|teampreview
|inactive|Battle timer is ON: inactive players will automatically lose when time's up. (requested by Mel2345)
|
|t:|1637687774
|start
|switch|p1a: Jirachi|Jirachi|100/100
|switch|p2a: Samehada|Garchomp, M|100/100
|turn|1
|
|t:|1637687780
|move|p1a: Jirachi|U-turn|p2a: Samehada
|-damage|p2a: Samehada|86/100
|-damage|p1a: Jirachi|88/100|[from] ability: Rough Skin|[of] p2a: Samehada
|-damage|p1a: Jirachi|72/100|[from] item: Rocky Helmet|[of] p2a: Samehada
|
|t:|1637687785
|switch|p1a: Zapdos|Zapdos|100/100|[from]move: U-turn
|move|p2a: Samehada|Stealth Rock|p1a: Zapdos
|-sidestart|p1: Mel2345|move: Stealth Rock
|
|upkeep
|turn|2
|
|t:|1637687789
|move|p1a: Zapdos|Defog|p2a: Samehada
|-unboost|p2a: Samehada|evasion|1
|-sideend|p1: Mel2345|Stealth Rock|[from] move: Defog|[of] p1a: Zapdos
|move|p2a: Samehada|Toxic|p1a: Zapdos
|-status|p1a: Zapdos|tox
|
|-damage|p1a: Zapdos|94/100 tox|[from] psn
|upkeep
|turn|3
|
|t:|1637687793
|move|p1a: Zapdos|Hurricane|p2a: Samehada
|-damage|p2a: Samehada|53/100
|-start|p2a: Samehada|confusion
|-activate|p2a: Samehada|confusion
|move|p2a: Samehada|Stealth Rock|p1a: Zapdos
|-sidestart|p1: Mel2345|move: Stealth Rock
|
|-damage|p1a: Zapdos|82/100 tox|[from] psn
|upkeep
|turn|4
|
|t:|1637687808
|move|p1a: Zapdos|Defog|p2a: Samehada
|-unboost|p2a: Samehada|evasion|1
|-sideend|p1: Mel2345|Stealth Rock|[from] move: Defog|[of] p1a: Zapdos
|-activate|p2a: Samehada|confusion
|move|p2a: Samehada|Stealth Rock|p1a: Zapdos
|-sidestart|p1: Mel2345|move: Stealth Rock
|
|-damage|p1a: Zapdos|64/100 tox|[from] psn
|upkeep
|turn|5
|
|t:|1637687824
|switch|p1a: Amoonguss|Amoonguss, F|100/100
|-damage|p1a: Amoonguss|88/100|[from] Stealth Rock
|-activate|p2a: Samehada|confusion
|move|p2a: Samehada|Rest|p2a: Samehada
|-status|p2a: Samehada|slp|[from] move: Rest
|-heal|p2a: Samehada|100/100 slp|[silent]
|
|upkeep
|turn|6
|
|t:|1637687829
|switch|p2a: Vulkan|Heatran, F|100/100
|-item|p2a: Vulkan|Air Balloon
|move|p1a: Amoonguss|Giga Drain|p2a: Vulkan
|-resisted|p2a: Vulkan
|-damage|p2a: Vulkan|96/100
|-heal|p1a: Amoonguss|90/100|[from] drain|[of] p2a: Vulkan
|-enditem|p2a: Vulkan|Air Balloon
|
|upkeep
|turn|7
|
|t:|1637687840
|switch|p1a: Urshifu|Urshifu-Rapid-Strike, M|100/100
|-damage|p1a: Urshifu|94/100|[from] Stealth Rock
|move|p2a: Vulkan|Magma Storm|p1a: Urshifu
|-resisted|p1a: Urshifu
|-damage|p1a: Urshifu|64/100
|-activate|p1a: Urshifu|move: Magma Storm|[of] p2a: Vulkan
|
|-damage|p1a: Urshifu|52/100|[from] move: Magma Storm|[partiallytrapped]
|upkeep
|turn|8
|
|t:|1637687852
|switch|p2a: Samehada|Garchomp, M|100/100 slp
|move|p1a: Urshifu|Close Combat|p2a: Samehada
|-damage|p2a: Samehada|15/100 slp
|-unboost|p1a: Urshifu|def|1
|-unboost|p1a: Urshifu|spd|1
|-damage|p1a: Urshifu|40/100|[from] ability: Rough Skin|[of] p2a: Samehada
|-damage|p1a: Urshifu|23/100|[from] item: Rocky Helmet|[of] p2a: Samehada
|
|-end|p1a: Urshifu|Magma Storm|[partiallytrapped]|[silent]
|upkeep
|turn|9
|
|t:|1637687858
|switch|p2a: Hope|Tapu Lele|100/100
|-fieldstart|move: Psychic Terrain|[from] ability: Psychic Surge|[of] p2a: Hope
|move|p1a: Urshifu|Close Combat|p2a: Hope
|-resisted|p2a: Hope
|-damage|p2a: Hope|63/100
|-unboost|p1a: Urshifu|def|1
|-unboost|p1a: Urshifu|spd|1
|
|upkeep
|turn|10
|
|t:|1637687864
|switch|p1a: Jirachi|Jirachi|72/100
|-damage|p1a: Jirachi|65/100|[from] Stealth Rock
|move|p2a: Hope|Psyshock|p1a: Jirachi
|-resisted|p1a: Jirachi
|-damage|p1a: Jirachi|52/100
|
|upkeep
|turn|11
|
|t:|1637687871
|switch|p2a: Samehada|Garchomp, M|15/100 slp
|move|p1a: Jirachi|U-turn|p2a: Samehada
|-damage|p2a: Samehada|0 fnt
|-damage|p1a: Jirachi|40/100|[from] ability: Rough Skin|[of] p2a: Samehada
|-damage|p1a: Jirachi|23/100|[from] item: Rocky Helmet|[of] p2a: Samehada
|faint|p2a: Samehada
|
|t:|1637687885
|switch|p1a: Dragapult|Dragapult, F|100/100|[from]move: U-turn
|
|upkeep
|
|t:|1637687888
|switch|p2a: Hope|Tapu Lele|63/100
|turn|12
|
|t:|1637687896
|switch|p1a: Blissey|Blissey, F|100/100
|move|p2a: Hope|Moonblast|p1a: Blissey
|-damage|p1a: Blissey|81/100
|
|upkeep
|turn|13
|
|t:|1637687900
|switch|p2a: Vulkan|Heatran, F|96/100
|move|p1a: Blissey|Thunder Wave|p2a: Vulkan
|-status|p2a: Vulkan|par
|
|-fieldend|move: Psychic Terrain
|upkeep
|turn|14
|
|t:|1637687904
|move|p2a: Vulkan|Body Press|p1a: Blissey
|-supereffective|p1a: Blissey
|-damage|p1a: Blissey|36/100
|move|p1a: Blissey|Teleport|p1a: Blissey
|
|t:|1637687910
|switch|p1a: Urshifu|Urshifu-Rapid-Strike, M|23/100|[from]move: Teleport
|-damage|p1a: Urshifu|17/100|[from] Stealth Rock
|
|upkeep
|turn|15
|
|t:|1637687920
|switch|p2a: Buzzy|Mandibuzz, F|100/100
|move|p1a: Urshifu|Surging Strikes|p2a: Buzzy
|-crit|p2a: Buzzy
|-damage|p2a: Buzzy|82/100
|-crit|p2a: Buzzy
|-damage|p2a: Buzzy|62/100
|-crit|p2a: Buzzy
|-damage|p2a: Buzzy|42/100
|-hitcount|p2a: Buzzy|3
|
|upkeep
|turn|16
|
|t:|1637687924
|switch|p2a: Suigetsu|Kartana|100/100
|move|p1a: Urshifu|Surging Strikes|p2a: Suigetsu
|-resisted|p2a: Suigetsu
|-crit|p2a: Suigetsu
|-damage|p2a: Suigetsu|88/100
|-resisted|p2a: Suigetsu
|-crit|p2a: Suigetsu
|-damage|p2a: Suigetsu|77/100
|-resisted|p2a: Suigetsu
|-crit|p2a: Suigetsu
|-damage|p2a: Suigetsu|65/100
|-hitcount|p2a: Suigetsu|3
|
|-heal|p2a: Suigetsu|72/100|[from] item: Leftovers
|upkeep
|turn|17
|
|t:|1637687931
|switch|p2a: Hope|Tapu Lele|63/100
|-fieldstart|move: Psychic Terrain|[from] ability: Psychic Surge|[of] p2a: Hope
|switch|p1a: Zapdos|Zapdos|64/100 tox
|
|-damage|p1a: Zapdos|58/100 tox|[from] psn
|upkeep
|turn|18
|
|t:|1637687933
|move|p2a: Hope|Psyshock|p1a: Zapdos
|-damage|p1a: Zapdos|13/100 tox
|move|p1a: Zapdos|Defog|p2a: Hope
|-unboost|p2a: Hope|evasion|1
|-sideend|p1: Mel2345|Stealth Rock|[from] move: Defog|[of] p1a: Zapdos
|-fieldend|move: Psychic Terrain
|
|-damage|p1a: Zapdos|1/100 tox|[from] psn
|upkeep
|turn|19
|
|t:|1637687942
|switch|p1a: Jirachi|Jirachi|23/100
|move|p2a: Hope|Psyshock|p1a: Jirachi
|-resisted|p1a: Jirachi
|-damage|p1a: Jirachi|13/100
|
|upkeep
|turn|20
|
|t:|1637687949
|move|p1a: Jirachi|Stealth Rock|p2a: Hope
|-sidestart|p2: chinmaydagod|move: Stealth Rock
|move|p2a: Hope|Psyshock|p1a: Jirachi
|-resisted|p1a: Jirachi
|-damage|p1a: Jirachi|3/100
|
|upkeep
|turn|21
|
|t:|1637687955
|switch|p1a: Zapdos|Zapdos|1/100 tox
|move|p2a: Hope|Psyshock|p1a: Zapdos
|-damage|p1a: Zapdos|0 fnt
|faint|p1a: Zapdos
|
|upkeep
|
|t:|1637687967
|switch|p1a: Jirachi|Jirachi|3/100
|turn|22
|
|t:|1637687972
|switch|p2a: Vulkan|Heatran, F|96/100 par
|-damage|p2a: Vulkan|83/100 par|[from] Stealth Rock
|move|p1a: Jirachi|Iron Head|p2a: Vulkan
|-resisted|p2a: Vulkan
|-damage|p2a: Vulkan|79/100 par
|-status|p1a: Jirachi|brn|[from] ability: Flame Body|[of] p2a: Vulkan
|
|-damage|p1a: Jirachi|0 fnt|[from] brn
|faint|p1a: Jirachi
|upkeep
|
|t:|1637687980
|switch|p1a: Urshifu|Urshifu-Rapid-Strike, M|17/100
|turn|23
|
|t:|1637687986
|move|p1a: Urshifu|Surging Strikes|p2a: Vulkan
|-supereffective|p2a: Vulkan
|-crit|p2a: Vulkan
|-damage|p2a: Vulkan|42/100 par
|-status|p1a: Urshifu|brn|[from] ability: Flame Body|[of] p2a: Vulkan
|-supereffective|p2a: Vulkan
|-crit|p2a: Vulkan
|-damage|p2a: Vulkan|25/100 par
|-supereffective|p2a: Vulkan
|-crit|p2a: Vulkan
|-damage|p2a: Vulkan|6/100 par
|-hitcount|p2a: Vulkan|3
|move|p2a: Vulkan|Body Press|p1a: Urshifu
|-damage|p1a: Urshifu|0 fnt
|faint|p1a: Urshifu
|
|upkeep
|
|t:|1637687996
|switch|p1a: Dragapult|Dragapult, F|100/100
|turn|24
|
|t:|1637688002
|move|p1a: Dragapult|Hex|p2a: Vulkan
|-damage|p2a: Vulkan|0 fnt
|faint|p2a: Vulkan
|
|upkeep
|
|t:|1637688004
|switch|p2a: Buzzy|Mandibuzz, F|42/100
|turn|25
|
|t:|1637688008
|move|p1a: Dragapult|Draco Meteor|p2a: Buzzy
|-damage|p2a: Buzzy|1/100
|-unboost|p1a: Dragapult|spa|2
|move|p2a: Buzzy|Foul Play|p1a: Dragapult
|-supereffective|p1a: Dragapult
|-damage|p1a: Dragapult|1/100
|
|upkeep
|turn|26
|
|t:|1637688018
|move|p1a: Dragapult|U-turn|p2a: Buzzy
|-crit|p2a: Buzzy
|-damage|p2a: Buzzy|0 fnt
|faint|p2a: Buzzy
|
|t:|1637688024
|switch|p1a: Amoonguss|Amoonguss, F|100/100|[from]move: U-turn
|
|upkeep
|
|t:|1637688036
|switch|p2a: Suigetsu|Kartana|72/100
|-damage|p2a: Suigetsu|65/100|[from] Stealth Rock
|turn|27
|
|t:|1637688041
|move|p2a: Suigetsu|Knock Off|p1a: Amoonguss
|-damage|p1a: Amoonguss|74/100
|-damage|p2a: Suigetsu|49/100|[from] item: Rocky Helmet|[of] p1a: Amoonguss
|-enditem|p1a: Amoonguss|Rocky Helmet|[from] move: Knock Off|[of] p2a: Suigetsu
|move|p1a: Amoonguss|Giga Drain|p2a: Suigetsu
|-resisted|p2a: Suigetsu
|-damage|p2a: Suigetsu|36/100
|-heal|p1a: Amoonguss|79/100|[from] drain|[of] p2a: Suigetsu
|
|-heal|p2a: Suigetsu|42/100|[from] item: Leftovers
|upkeep
|turn|28
|
|t:|1637688047
|move|p2a: Suigetsu|Swords Dance|p2a: Suigetsu
|-boost|p2a: Suigetsu|atk|2
|move|p1a: Amoonguss|Giga Drain|p2a: Suigetsu
|-resisted|p2a: Suigetsu
|-crit|p2a: Suigetsu
|-damage|p2a: Suigetsu|21/100
|-heal|p1a: Amoonguss|87/100|[from] drain|[of] p2a: Suigetsu
|
|-heal|p2a: Suigetsu|27/100|[from] item: Leftovers
|upkeep
|turn|29
|
|t:|1637688053
|move|p2a: Suigetsu|Swords Dance|p2a: Suigetsu
|-boost|p2a: Suigetsu|atk|2
|move|p1a: Amoonguss|Giga Drain|p2a: Suigetsu
|-resisted|p2a: Suigetsu
|-damage|p2a: Suigetsu|14/100
|-heal|p1a: Amoonguss|92/100|[from] drain|[of] p2a: Suigetsu
|
|-heal|p2a: Suigetsu|20/100|[from] item: Leftovers
|upkeep
|turn|30
|
|t:|1637688062
|move|p2a: Suigetsu|Knock Off|p1a: Amoonguss
|-damage|p1a: Amoonguss|36/100
|move|p1a: Amoonguss|Giga Drain|p2a: Suigetsu
|-resisted|p2a: Suigetsu
|-damage|p2a: Suigetsu|5/100
|-heal|p1a: Amoonguss|42/100|[from] drain|[of] p2a: Suigetsu
|
|-heal|p2a: Suigetsu|12/100|[from] item: Leftovers
|upkeep
|turn|31
|
|t:|1637688068
|move|p2a: Suigetsu|Knock Off|p1a: Amoonguss
|-damage|p1a: Amoonguss|0 fnt
|faint|p1a: Amoonguss
|-ability|p2a: Suigetsu|Beast Boost|boost
|-boost|p2a: Suigetsu|spe|1
|
|-heal|p2a: Suigetsu|18/100|[from] item: Leftovers
|upkeep
|c|☆chinmaydagod|gg
|-message|Mel2345 forfeited.
|
|win|chinmaydagod
|raw|Mel2345's rating: 1616 &rarr; <strong>1600</strong><br />(-16 for losing)
|raw|chinmaydagod's rating: 1683 &rarr; <strong>1699</strong><br />(+16 for winning)
|l|☆Mel2345
