|html|<div class="broadcast-blue"><strong>[Gen 8] OU is currently suspecting Melmetal! For information on how to participate check out the <a href="https://www.smogon.com/forums/threads/np-ss-ou-suspect-process-round-12-monster-mash.3709234/">suspect thread</a>.</strong></div>
|j|☆minimax_ai
|j|☆A3720
|t:|1666477109
|gametype|singles
|player|p1|minimax_ai|lusamine-nihilego|1470
|player|p2|A3720|2|1501
|teamsize|p1|6
|teamsize|p2|6
|gen|8
|tier|[Gen 8] OU
|rated|
|rule|Sleep Clause Mod: Limit one foe put to sleep
|rule|Species Clause: Limit one of each Pokémon
|rule|OHKO Clause: OHKO moves are banned
|rule|Evasion Items Clause: Evasion items are banned
|rule|Evasion Moves Clause: Evasion moves are banned
|rule|Endless Battle Clause: Forcing endless battles is banned
|rule|HP Percentage Mod: HP is shown in percentages
|rule|Dynamax Clause: You cannot dynamax
|clearpoke
|poke|p1|Rotom-Wash|
|poke|p1|Weavile, M|
|poke|p1|Landorus-Therian, M|
|poke|p1|Heatran, M|
|poke|p1|Tangrowth, M|
|poke|p1|Melmetal|
|poke|p2|Vanilluxe, F|
|poke|p2|Arctozolt|
|poke|p2|Toxapex, M|
|poke|p2|Magnezone|
|poke|p2|Landorus-Therian, M|
|poke|p2|Tornadus-Therian, M|
|teampreview
|c|☆minimax_ai|hf
|inactive|Battle timer is ON: inactive players will automatically lose when time's up. (requested by minimax_ai)
|
|t:|1666477125
|start
|switch|p1a: Heatran|Heatran, M|100/100
|switch|p2a: Landorus|Landorus-Therian, M|100/100
|-item|p1a: Heatran|Air Balloon
|-ability|p2a: Landorus|Intimidate|boost
|-unboost|p1a: Heatran|atk|1
|turn|1
|
|t:|1666477135
|switch|p2a: Toxapex|Toxapex, M, shiny|100/100
|move|p1a: Heatran|Magma Storm|p2a: Toxapex
|-resisted|p2a: Toxapex
|-damage|p2a: Toxapex|79/100
|-activate|p2a: Toxapex|move: Magma Storm|[of] p1a: Heatran
|-enditem|p2a: Toxapex|Eject Button
|
|t:|1666477138
|switch|p2a: Magnezone|Magnezone|100/100
|
|upkeep
|turn|2
|
|t:|1666477140
|move|p1a: Heatran|Eruption|p2a: Magnezone
|-supereffective|p2a: Magnezone
|-damage|p2a: Magnezone|2/100
|move|p2a: Magnezone|Mirror Coat|p1a: Heatran
|-damage|p1a: Heatran|0 fnt
|-enditem|p1a: Heatran|Air Balloon
|faint|p1a: Heatran
|
|upkeep
|
|t:|1666477140
|switch|p1a: Weavile|Weavile, M|100/100
|-ability|p1a: Weavile|Pressure
|turn|3
|
|t:|1666477150
|move|p1a: Weavile|Knock Off|p2a: Magnezone
|-damage|p2a: Magnezone|0 fnt
|-enditem|p2a: Magnezone|Assault Vest|[from] move: Knock Off|[of] p1a: Weavile
|faint|p2a: Magnezone
|
|upkeep
|
|t:|1666477158
|switch|p2a: Toxapex|Toxapex, M, shiny|100/100
|turn|4
|
|t:|1666477165
|switch|p1a: Melmetal|Melmetal|100/100
|move|p2a: Toxapex|Toxic|p1a: Melmetal
|-immune|p1a: Melmetal
|
|upkeep
|turn|5
|
|t:|1666477167
|move|p2a: Toxapex|Knock Off|p1a: Melmetal
|-crit|p1a: Melmetal
|-damage|p1a: Melmetal|88/100
|-enditem|p1a: Melmetal|Assault Vest|[from] move: Knock Off|[of] p2a: Toxapex
|move|p1a: Melmetal|Double Iron Bash|p2a: Toxapex
|-resisted|p2a: Toxapex
|-damage|p2a: Toxapex|87/100
|-resisted|p2a: Toxapex
|-damage|p2a: Toxapex|75/100
|-hitcount|p2a: Toxapex|2
|
|upkeep
|turn|6
|
|t:|1666477174
|move|p2a: Toxapex|Knock Off|p1a: Melmetal
|-damage|p1a: Melmetal|83/100
|move|p1a: Melmetal|Ice Punch|p2a: Toxapex
|-resisted|p2a: Toxapex
|-damage|p2a: Toxapex|64/100
|
|upkeep
|turn|7
|
|t:|1666477178
|move|p2a: Toxapex|Knock Off|p1a: Melmetal
|-damage|p1a: Melmetal|77/100
|move|p1a: Melmetal|Ice Punch|p2a: Toxapex
|-resisted|p2a: Toxapex
|-damage|p2a: Toxapex|54/100
|
|upkeep
|turn|8
|
|t:|1666477180
|move|p2a: Toxapex|Recover|p2a: Toxapex
|-heal|p2a: Toxapex|100/100
|move|p1a: Melmetal|Ice Punch|p2a: Toxapex
|-resisted|p2a: Toxapex
|-damage|p2a: Toxapex|90/100
|
|upkeep
|turn|9
|
|t:|1666477184
|move|p2a: Toxapex|Knock Off|p1a: Melmetal
|-damage|p1a: Melmetal|72/100
|move|p1a: Melmetal|Ice Punch|p2a: Toxapex
|-resisted|p2a: Toxapex
|-damage|p2a: Toxapex|80/100
|-status|p2a: Toxapex|frz
|
|upkeep
|turn|10
|
|t:|1666477194
|switch|p2a: Landorus|Landorus-Therian, M|100/100
|-ability|p2a: Landorus|Intimidate|boost
|-unboost|p1a: Melmetal|atk|1
|move|p1a: Melmetal|Double Iron Bash|p2a: Landorus
|-damage|p2a: Landorus|73/100
|-damage|p2a: Landorus|47/100
|-hitcount|p2a: Landorus|2
|
|-heal|p2a: Landorus|53/100|[from] item: Leftovers
|upkeep
|turn|11
|
|t:|1666477203
|move|p2a: Landorus|Earthquake|p1a: Melmetal
|-supereffective|p1a: Melmetal
|-damage|p1a: Melmetal|17/100
|move|p1a: Melmetal|Ice Punch|p2a: Landorus
|-supereffective|p2a: Landorus
|-crit|p2a: Landorus
|-damage|p2a: Landorus|0 fnt
|faint|p2a: Landorus
|
|upkeep
|
|t:|1666477208
|switch|p2a: Vanilluxe|Vanilluxe, F|100/100
|-weather|Hail|[from] ability: Snow Warning|[of] p2a: Vanilluxe
|turn|12
|
|t:|1666477216
|move|p2a: Vanilluxe|Freeze-Dry|p1a: Melmetal
|-resisted|p1a: Melmetal
|-damage|p1a: Melmetal|0 fnt
|faint|p1a: Melmetal
|
|-weather|Hail|[upkeep]
|upkeep
|
|t:|1666477217
|switch|p1a: Weavile|Weavile, M|100/100
|-ability|p1a: Weavile|Pressure
|turn|13
|
|t:|1666477229
|switch|p2a: Toxapex|Toxapex, M, shiny|100/100 frz
|move|p1a: Weavile|Knock Off|p2a: Toxapex
|-damage|p2a: Toxapex|74/100 frz
|
|-weather|Hail|[upkeep]
|-damage|p2a: Toxapex|67/100 frz|[from] Hail
|upkeep
|turn|14
|
|t:|1666477233
|move|p1a: Weavile|Knock Off|p2a: Toxapex
|-damage|p2a: Toxapex|36/100 frz
|-curestatus|p2a: Toxapex|frz|[msg]
|move|p2a: Toxapex|Toxic|p1a: Weavile
|-status|p1a: Weavile|tox
|
|-weather|Hail|[upkeep]
|-damage|p2a: Toxapex|30/100|[from] Hail
|-damage|p1a: Weavile|94/100 tox|[from] psn
|upkeep
|turn|15
|
|t:|1666477243
|switch|p2a: Tornadus|Tornadus-Therian, M|100/100
|move|p1a: Weavile|Knock Off|p2a: Tornadus
|-damage|p2a: Tornadus|30/100
|-enditem|p2a: Tornadus|Heavy-Duty Boots|[from] move: Knock Off|[of] p1a: Weavile
|
|-weather|Hail|[upkeep]
|-damage|p2a: Tornadus|23/100|[from] Hail
|-damage|p1a: Weavile|82/100 tox|[from] psn
|upkeep
|turn|16
|
|t:|1666477259
|switch|p2a: Toxapex|Toxapex, M, shiny|63/100
|move|p1a: Weavile|Knock Off|p2a: Toxapex
|-damage|p2a: Toxapex|35/100
|
|-weather|none
|-damage|p1a: Weavile|64/100 tox|[from] psn
|upkeep
|turn|17
|
|t:|1666477263
|move|p1a: Weavile|Knock Off|p2a: Toxapex
|-damage|p2a: Toxapex|5/100
|move|p2a: Toxapex|Recover|p2a: Toxapex
|-heal|p2a: Toxapex|55/100
|
|-damage|p1a: Weavile|40/100 tox|[from] psn
|upkeep
|turn|18
|
|t:|1666477268
|move|p1a: Weavile|Knock Off|p2a: Toxapex
|-crit|p2a: Toxapex
|-damage|p2a: Toxapex|14/100
|move|p2a: Toxapex|Recover|p2a: Toxapex
|-heal|p2a: Toxapex|64/100
|
|-damage|p1a: Weavile|10/100 tox|[from] psn
|upkeep
|turn|19
|
|t:|1666477276
|move|p1a: Weavile|Knock Off|p2a: Toxapex
|-damage|p2a: Toxapex|35/100
|move|p2a: Toxapex|Recover|p2a: Toxapex
|-heal|p2a: Toxapex|85/100
|
|-damage|p1a: Weavile|0 fnt|[from] psn
|faint|p1a: Weavile
|upkeep
|
|t:|1666477276
|switch|p1a: rotomwash|Rotom-Wash|100/100
|turn|20
|
|t:|1666477283
|switch|p2a: Vanilluxe|Vanilluxe, F|100/100
|-weather|Hail|[from] ability: Snow Warning|[of] p2a: Vanilluxe
|move|p1a: rotomwash|Nasty Plot|p1a: rotomwash
|-boost|p1a: rotomwash|spa|2
|
|-weather|Hail|[upkeep]
|-damage|p1a: rotomwash|94/100|[from] Hail
|-heal|p1a: rotomwash|100/100|[from] item: Leftovers
|upkeep
|turn|21
|
|t:|1666477305
|switch|p2a: Toxapex|Toxapex, M, shiny|100/100
|move|p1a: rotomwash|Hydro Pump|p2a: Toxapex
|-resisted|p2a: Toxapex
|-damage|p2a: Toxapex|67/100
|
|-weather|Hail|[upkeep]
|-damage|p1a: rotomwash|94/100|[from] Hail
|-damage|p2a: Toxapex|61/100|[from] Hail
|-heal|p1a: rotomwash|100/100|[from] item: Leftovers
|upkeep
|turn|22
|
|t:|1666477310
|move|p1a: rotomwash|Thunderbolt|p2a: Toxapex
|-supereffective|p2a: Toxapex
|-damage|p2a: Toxapex|0 fnt
|faint|p2a: Toxapex
|
|-weather|Hail|[upkeep]
|-damage|p1a: rotomwash|94/100|[from] Hail
|-heal|p1a: rotomwash|100/100|[from] item: Leftovers
|upkeep
|
|t:|1666477312
|switch|p2a: Arctozolt|Arctozolt|100/100
|turn|23
|
|t:|1666477316
|move|p2a: Arctozolt|Freeze-Dry|p1a: rotomwash
|-supereffective|p1a: rotomwash
|-damage|p1a: rotomwash|13/100
|move|p1a: rotomwash|Hydro Pump|p2a: Arctozolt
|-damage|p2a: Arctozolt|0 fnt
|faint|p2a: Arctozolt
|
|-weather|Hail|[upkeep]
|-damage|p1a: rotomwash|7/100|[from] Hail
|-heal|p1a: rotomwash|13/100|[from] item: Leftovers
|upkeep
|
|t:|1666477321
|switch|p2a: Tornadus|Tornadus-Therian, M|57/100
|turn|24
|
|t:|1666477325
|move|p2a: Tornadus|U-turn|p1a: rotomwash
|-damage|p1a: rotomwash|0 fnt
|faint|p1a: rotomwash
|
|t:|1666477327
|switch|p2a: Vanilluxe|Vanilluxe, F|100/100|[from]move: U-turn
|
|-weather|none
|upkeep
|
|t:|1666477327
|switch|p1a: landorustherian|Landorus-Therian, M|100/100
|-ability|p1a: landorustherian|Intimidate|boost
|-unboost|p2a: Vanilluxe|atk|1
|turn|25
|
|t:|1666477332
|switch|p1a: Tangrowth|Tangrowth, M|100/100
|move|p2a: Vanilluxe|Freeze-Dry|p1a: Tangrowth
|-supereffective|p1a: Tangrowth
|-damage|p1a: Tangrowth|0 fnt
|faint|p1a: Tangrowth
|
|upkeep
|
|t:|1666477332
|switch|p1a: landorustherian|Landorus-Therian, M|100/100
|-ability|p1a: landorustherian|Intimidate|boost
|-unboost|p2a: Vanilluxe|atk|1
|turn|26
|
|t:|1666477334
|move|p2a: Vanilluxe|Freeze-Dry|p1a: landorustherian
|-supereffective|p1a: landorustherian
|-damage|p1a: landorustherian|0 fnt
|faint|p1a: landorustherian
|
|win|A3720
|raw|minimax_ai's rating: 1470 &rarr; <strong>1452</strong><br />(-18 for losing)
|raw|A3720's rating: 1501 &rarr; <strong>1519</strong><br />(+18 for winning)
|c|☆minimax_ai|gg
