|raw|<div class="broadcast-blue"><strong>This battle is required to be public due to a player having a name starting with 'lt81yl'.</div>
|j|☆LT81YL John
|j|☆BestixL
|t:|1625544241
|gametype|singles
|player|p1|LT81YL John|tuber|2026
|player|p2|BestixL|flannery|1919
|teamsize|p1|6
|teamsize|p2|6
|gen|8
|tier|[Gen 8] OU
|rated|
|rule|Sleep Clause Mod: Limit one foe put to sleep
|rule|Species Clause: Limit one of each Pokémon
|rule|OHKO Clause: OHKO moves are banned
|rule|Evasion Moves Clause: Evasion moves are banned
|rule|Endless Battle Clause: Forcing endless battles is banned
|rule|HP Percentage Mod: HP is shown in percentages
|rule|Dynamax Clause: You cannot dynamax
|clearpoke
|poke|p1|Heatran, F|
|poke|p1|Tornadus-Therian, M|
|poke|p1|Tapu Bulu|
|poke|p1|Skarmory, F|
|poke|p1|Slowbro, F|
|poke|p1|Seismitoad, F|
|poke|p2|Tapu Koko|
|poke|p2|Landorus-Therian, M|
|poke|p2|Kartana|
|poke|p2|Urshifu-*, M|
|poke|p2|Melmetal|
|poke|p2|Dragapult, M|
|teampreview
|inactive|Battle timer is ON: inactive players will automatically lose when time's up. (requested by BestixL)
|j| LT81YL HY
|j| reigen shishou
|j| Totem skarm
|j| Goojoo
|j| the carkols
|j| DcMarvelAnimeFan
|j| lt81yl ez
|j| dfokgdpfg
|j| LT81YL bfl
|j| hjakshdkjasd
|j| Amy Quaris
|j| menhera chan
|inactive|LT81YL John has 120 seconds left.
|j| d3monl0rd
|j| Amigento1958
|j| dulsetnet
|j| ayevon
|j| I Need Nothing
|inactive|LT81YL John has 90 seconds left.
|
|t:|1625544308
|start
|switch|p1a: Seismitoad|Seismitoad, F|100/100
|switch|p2a: Tapu Koko|Tapu Koko|100/100
|-fieldstart|move: Electric Terrain|[from] ability: Electric Surge|[of] p2a: Tapu Koko
|turn|1
|
|t:|1625544318
|move|p2a: Tapu Koko|Grass Knot|p1a: Seismitoad
|-supereffective|p1a: Seismitoad
|-damage|p1a: Seismitoad|4/100
|move|p1a: Seismitoad|Stealth Rock|p2a: Tapu Koko
|-sidestart|p2: BestixL|move: Stealth Rock
|
|-heal|p1a: Seismitoad|10/100|[from] item: Leftovers
|upkeep
|turn|2
|l| I Need Nothing
|c|☆LT81YL John|..
|j| eebsofresh
|c|☆BestixL|spdef
|l| dulsetnet
|j| Pradhaaan
|
|t:|1625544344
|switch|p1a: Heatran|Heatran, F|100/100
|move|p2a: Tapu Koko|Volt Switch|p1a: Heatran
|-damage|p1a: Heatran|76/100
|
|t:|1625544346
|switch|p2a: Landorus|Landorus-Therian, M|100/100|[from]move: Volt Switch
|-damage|p2a: Landorus|88/100|[from] Stealth Rock
|-ability|p2a: Landorus|Intimidate|boost
|-unboost|p1a: Heatran|atk|1
|
|-heal|p1a: Heatran|82/100|[from] item: Leftovers
|upkeep
|turn|3
|
|t:|1625544349
|switch|p1a: Skarmory|Skarmory, F|100/100
|move|p2a: Landorus|Stealth Rock|p1a: Skarmory
|-sidestart|p1: LT81YL John|move: Stealth Rock
|
|upkeep
|turn|4
|j| LT81YL TmeFugitive
|j|+Analytic
|j| zaaya .‿.
|
|t:|1625544359
|move|p2a: Landorus|Swords Dance|p2a: Landorus
|-boost|p2a: Landorus|atk|2
|move|p1a: Skarmory|Spikes|p2a: Landorus
|-sidestart|p2: BestixL|Spikes
|
|upkeep
|turn|5
|
|t:|1625544367
|move|p2a: Landorus|Swords Dance|p2a: Landorus
|-boost|p2a: Landorus|atk|2
|move|p1a: Skarmory|Toxic|p2a: Landorus
|-status|p2a: Landorus|tox
|
|-damage|p2a: Landorus|82/100 tox|[from] psn
|-fieldend|move: Electric Terrain
|upkeep
|turn|6
|
|t:|1625544371
|move|p2a: Landorus|Swords Dance|p2a: Landorus
|-boost|p2a: Landorus|atk|2
|move|p1a: Skarmory|Roost||[still]
|-fail|p1a: Skarmory|heal
|
|-damage|p2a: Landorus|70/100 tox|[from] psn
|upkeep
|turn|7
|j| salmonelephant
|
|t:|1625544380
|switch|p1a: Seismitoad|Seismitoad, F|10/100
|-damage|p1a: Seismitoad|4/100|[from] Stealth Rock
|move|p2a: Landorus|Explosion|p1a: Seismitoad
|-enditem|p2a: Landorus|Normal Gem|[from] gem
|-damage|p1a: Seismitoad|0 fnt
|faint|p2a: Landorus
|faint|p1a: Seismitoad
|
|upkeep
|j|+Chaitanya
|j| Eternal Spirit
|
|t:|1625544397
|switch|p2a: Tapu Koko|Tapu Koko|100/100
|switch|p1a: Tapu Bulu|Tapu Bulu|100/100
|-damage|p2a: Tapu Koko|88/100|[from] Spikes
|-damage|p2a: Tapu Koko|76/100|[from] Stealth Rock
|-fieldstart|move: Electric Terrain|[from] ability: Electric Surge|[of] p2a: Tapu Koko
|-damage|p1a: Tapu Bulu|88/100|[from] Stealth Rock
|-fieldstart|move: Grassy Terrain|[from] ability: Grassy Surge|[of] p1a: Tapu Bulu
|turn|8
|
|t:|1625544404
|move|p2a: Tapu Koko|Volt Switch|p1a: Tapu Bulu
|-resisted|p1a: Tapu Bulu
|-damage|p1a: Tapu Bulu|72/100
|
|t:|1625544407
|switch|p2a: Melmetal|Melmetal|100/100|[from]move: Volt Switch
|-damage|p2a: Melmetal|88/100|[from] Spikes
|-damage|p2a: Melmetal|82/100|[from] Stealth Rock
|move|p1a: Tapu Bulu|High Horsepower|p2a: Melmetal
|-supereffective|p2a: Melmetal
|-damage|p2a: Melmetal|45/100
|
|-heal|p1a: Tapu Bulu|78/100|[from] Grassy Terrain
|-heal|p1a: Tapu Bulu|84/100|[from] item: Leftovers
|-heal|p2a: Melmetal|52/100|[from] Grassy Terrain
|upkeep
|turn|9
|l| Amigento1958
|j| polaroid camera
|
|t:|1625544428
|switch|p1a: Slowbro|Slowbro, F|100/100
|-damage|p1a: Slowbro|88/100|[from] Stealth Rock
|switch|p2a: Dragapult|Dragapult, M|100/100
|-damage|p2a: Dragapult|88/100|[from] Spikes
|-damage|p2a: Dragapult|76/100|[from] Stealth Rock
|
|-heal|p2a: Dragapult|82/100|[from] Grassy Terrain
|-heal|p1a: Slowbro|94/100|[from] Grassy Terrain
|upkeep
|turn|10
|
|t:|1625544439
|switch|p1a: Heatran|Heatran, F|82/100
|-damage|p1a: Heatran|70/100|[from] Stealth Rock
|move|p2a: Dragapult|Shadow Ball|p1a: Heatran
|-damage|p1a: Heatran|40/100
|
|-heal|p2a: Dragapult|88/100|[from] Grassy Terrain
|-heal|p1a: Heatran|46/100|[from] Grassy Terrain
|-heal|p1a: Heatran|53/100|[from] item: Leftovers
|upkeep
|turn|11
|
|t:|1625544446
|switch|p2a: Urshifu|Urshifu-Rapid-Strike, M|100/100
|-damage|p2a: Urshifu|94/100|[from] Stealth Rock
|-damage|p2a: Urshifu|82/100|[from] Spikes
|move|p1a: Heatran|Heavy Slam|p2a: Urshifu
|-resisted|p2a: Urshifu
|-damage|p2a: Urshifu|67/100
|
|-heal|p2a: Urshifu|73/100|[from] Grassy Terrain
|-heal|p1a: Heatran|59/100|[from] Grassy Terrain
|-heal|p1a: Heatran|65/100|[from] item: Leftovers
|upkeep
|turn|12
|j| CCLM
|
|t:|1625544454
|switch|p1a: Tornadus|Tornadus-Therian, M|100/100
|move|p2a: Urshifu|U-turn|p1a: Tornadus
|-resisted|p1a: Tornadus
|-damage|p1a: Tornadus|89/100
|
|t:|1625544457
|switch|p2a: Tapu Koko|Tapu Koko|76/100|[from]move: U-turn
|-damage|p2a: Tapu Koko|63/100|[from] Spikes
|-damage|p2a: Tapu Koko|51/100|[from] Stealth Rock
|-fieldstart|move: Electric Terrain|[from] ability: Electric Surge|[of] p2a: Tapu Koko
|
|upkeep
|turn|13
|
|t:|1625544462
|switch|p1a: Tapu Bulu|Tapu Bulu|84/100
|-damage|p1a: Tapu Bulu|72/100|[from] Stealth Rock
|-fieldstart|move: Grassy Terrain|[from] ability: Grassy Surge|[of] p1a: Tapu Bulu
|move|p2a: Tapu Koko|Volt Switch|p1a: Tapu Bulu
|-resisted|p1a: Tapu Bulu
|-damage|p1a: Tapu Bulu|55/100
|
|t:|1625544472
|switch|p2a: Dragapult|Dragapult, M|88/100|[from]move: Volt Switch
|-damage|p2a: Dragapult|76/100|[from] Spikes
|-damage|p2a: Dragapult|63/100|[from] Stealth Rock
|
|-heal|p2a: Dragapult|69/100|[from] Grassy Terrain
|-heal|p1a: Tapu Bulu|61/100|[from] Grassy Terrain
|-heal|p1a: Tapu Bulu|68/100|[from] item: Leftovers
|upkeep
|turn|14
|j| Nesnot
|j|+avarice
|
|t:|1625544497
|switch|p1a: Tornadus|Tornadus-Therian, M|100/100
|move|p2a: Dragapult|Shadow Ball|p1a: Tornadus
|-damage|p1a: Tornadus|43/100
|
|-heal|p2a: Dragapult|75/100|[from] Grassy Terrain
|upkeep
|turn|15
|l| menhera chan
|
|t:|1625544505
|move|p2a: Dragapult|Shadow Ball|p1a: Tornadus
|-damage|p1a: Tornadus|0 fnt
|faint|p1a: Tornadus
|
|-heal|p2a: Dragapult|81/100|[from] Grassy Terrain
|upkeep
|
|t:|1625544507
|switch|p1a: Heatran|Heatran, F|65/100
|-damage|p1a: Heatran|53/100|[from] Stealth Rock
|turn|16
|j| LT81YL krsmcts
|
|t:|1625544517
|switch|p2a: Urshifu|Urshifu-Rapid-Strike, M|73/100
|-damage|p2a: Urshifu|67/100|[from] Stealth Rock
|-damage|p2a: Urshifu|55/100|[from] Spikes
|move|p1a: Heatran|Heavy Slam|p2a: Urshifu
|-resisted|p2a: Urshifu
|-damage|p2a: Urshifu|40/100
|
|-heal|p2a: Urshifu|46/100|[from] Grassy Terrain
|-heal|p1a: Heatran|59/100|[from] Grassy Terrain
|-heal|p1a: Heatran|65/100|[from] item: Leftovers
|upkeep
|turn|17
|j| Lunarr
|
|t:|1625544525
|switch|p1a: Slowbro|Slowbro, F|100/100
|-damage|p1a: Slowbro|88/100|[from] Stealth Rock
|move|p2a: Urshifu|Close Combat|p1a: Slowbro
|-resisted|p1a: Slowbro
|-damage|p1a: Slowbro|65/100
|-unboost|p2a: Urshifu|def|1
|-unboost|p2a: Urshifu|spd|1
|
|-heal|p2a: Urshifu|52/100|[from] Grassy Terrain
|-heal|p1a: Slowbro|72/100|[from] Grassy Terrain
|-fieldend|move: Grassy Terrain
|upkeep
|turn|18
|j| Tellado
|j| livin so zambian
|
|t:|1625544536
|move|p2a: Urshifu|U-turn|p1a: Slowbro
|-supereffective|p1a: Slowbro
|-damage|p1a: Slowbro|40/100
|
|t:|1625544539
|switch|p2a: Kartana|Kartana|100/100|[from]move: U-turn
|-damage|p2a: Kartana|88/100|[from] Spikes
|-damage|p2a: Kartana|82/100|[from] Stealth Rock
|move|p1a: Slowbro|Teleport|p1a: Slowbro
|
|t:|1625544543
|switch|p1a: Skarmory|Skarmory, F|100/100|[from]move: Teleport
|-damage|p1a: Skarmory|88/100|[from] Stealth Rock
|
|upkeep
|turn|19
|j| LT81YL crying
|
|t:|1625544563
|move|p2a: Kartana|Knock Off|p1a: Skarmory
|-damage|p1a: Skarmory|65/100
|-damage|p2a: Kartana|65/100|[from] item: Rocky Helmet|[of] p1a: Skarmory
|-enditem|p1a: Skarmory|Rocky Helmet|[from] move: Knock Off|[of] p2a: Kartana
|move|p1a: Skarmory|Spikes|p2a: Kartana
|-sidestart|p2: BestixL|Spikes
|
|upkeep
|turn|20
|l| LT81YL TmeFugitive
|
|t:|1625544567
|switch|p2a: Dragapult|Dragapult, M|81/100
|-damage|p2a: Dragapult|69/100|[from] Stealth Rock
|-damage|p2a: Dragapult|53/100|[from] Spikes
|move|p1a: Skarmory|Roost|p1a: Skarmory
|-heal|p1a: Skarmory|100/100
|-singleturn|p1a: Skarmory|move: Roost
|
|upkeep
|turn|21
|inactive|LT81YL John has 120 seconds left.
|
|t:|1625544621
|switch|p1a: Slowbro|Slowbro, F|73/100
|-damage|p1a: Slowbro|60/100|[from] Stealth Rock
|move|p2a: Dragapult|Shadow Ball|p1a: Slowbro
|-supereffective|p1a: Slowbro
|-damage|p1a: Slowbro|0 fnt
|faint|p1a: Slowbro
|
|upkeep
|
|t:|1625544634
|switch|p1a: Heatran|Heatran, F|65/100
|-damage|p1a: Heatran|53/100|[from] Stealth Rock
|turn|22
|j| LT81YL ReignX
|j| tinyglasses
|j| I Need Nothing
|l| LT81YL crying
|l|goojoo
|inactive|BestixL has 120 seconds left.
|
|t:|1625544670
|switch|p2a: Melmetal|Melmetal|52/100
|-damage|p2a: Melmetal|45/100|[from] Stealth Rock
|-damage|p2a: Melmetal|29/100|[from] Spikes
|move|p1a: Heatran|Heavy Slam|p2a: Melmetal
|-resisted|p2a: Melmetal
|-damage|p2a: Melmetal|25/100
|
|-heal|p1a: Heatran|59/100|[from] item: Leftovers
|upkeep
|turn|23
|j| leo568
|
|t:|1625544679
|move|p1a: Heatran|Earth Power|p2a: Melmetal
|-supereffective|p2a: Melmetal
|-damage|p2a: Melmetal|0 fnt
|faint|p2a: Melmetal
|
|-heal|p1a: Heatran|65/100|[from] item: Leftovers
|upkeep
|
|t:|1625544683
|switch|p2a: Urshifu|Urshifu-Rapid-Strike, M|52/100
|-damage|p2a: Urshifu|46/100|[from] Stealth Rock
|-damage|p2a: Urshifu|30/100|[from] Spikes
|turn|24
|j| lt81yl xkh
|j| OU make me yawn
|l| LT81YL krsmcts
|l| OU make me yawn
|
|t:|1625544698
|switch|p1a: Skarmory|Skarmory, F|100/100
|-damage|p1a: Skarmory|88/100|[from] Stealth Rock
|move|p2a: Urshifu|Close Combat|p1a: Skarmory
|-crit|p1a: Skarmory
|-damage|p1a: Skarmory|32/100
|-unboost|p2a: Urshifu|def|1
|-unboost|p2a: Urshifu|spd|1
|
|upkeep
|turn|25
|j| LT81YL xia
|l| Pradhaaan
|inactive|LT81YL John has 120 seconds left.
|
|t:|1625544714
|move|p2a: Urshifu|Close Combat|p1a: Skarmory
|-damage|p1a: Skarmory|0 fnt
|-unboost|p2a: Urshifu|def|1
|-unboost|p2a: Urshifu|spd|1
|faint|p1a: Skarmory
|
|upkeep
|
|t:|1625544716
|switch|p1a: Tapu Bulu|Tapu Bulu|68/100
|-damage|p1a: Tapu Bulu|55/100|[from] Stealth Rock
|-fieldstart|move: Grassy Terrain|[from] ability: Grassy Surge|[of] p1a: Tapu Bulu
|turn|26
|j| LT81YL POWER
|
|t:|1625544725
|move|p2a: Urshifu|Close Combat|p1a: Tapu Bulu
|-resisted|p1a: Tapu Bulu
|-damage|p1a: Tapu Bulu|26/100
|-unboost|p2a: Urshifu|def|1
|-unboost|p2a: Urshifu|spd|1
|move|p1a: Tapu Bulu|Bullet Seed|p2a: Urshifu
|-supereffective|p2a: Urshifu
|-damage|p2a: Urshifu|0 fnt
|faint|p2a: Urshifu
|-hitcount|p2: Urshifu|1
|
|-heal|p1a: Tapu Bulu|32/100|[from] Grassy Terrain
|-heal|p1a: Tapu Bulu|38/100|[from] item: Leftovers
|upkeep
|c|☆LT81YL John|gg
|
|t:|1625544733
|switch|p2a: Dragapult|Dragapult, M|53/100
|-damage|p2a: Dragapult|40/100|[from] Stealth Rock
|-damage|p2a: Dragapult|24/100|[from] Spikes
|turn|27
|j| Pradhaaan
|
|t:|1625544735
|switch|p1a: Heatran|Heatran, F|65/100
|-damage|p1a: Heatran|53/100|[from] Stealth Rock
|move|p2a: Dragapult|Shadow Ball|p1a: Heatran
|-damage|p1a: Heatran|21/100
|
|-heal|p2a: Dragapult|30/100|[from] Grassy Terrain
|-heal|p1a: Heatran|27/100|[from] Grassy Terrain
|-heal|p1a: Heatran|33/100|[from] item: Leftovers
|upkeep
|turn|28
|
|t:|1625544743
|move|p2a: Dragapult|Shadow Ball|p1a: Heatran
|-damage|p1a: Heatran|4/100
|move|p1a: Heatran|Heavy Slam|p2a: Dragapult
|-damage|p2a: Dragapult|0 fnt
|faint|p2a: Dragapult
|
|-heal|p1a: Heatran|10/100|[from] Grassy Terrain
|-heal|p1a: Heatran|16/100|[from] item: Leftovers
|upkeep
|l| Pradhaaan
|j| LT81YL crying
|j| Linium
|
|t:|1625544758
|switch|p2a: Tapu Koko|Tapu Koko|51/100
|-damage|p2a: Tapu Koko|34/100|[from] Spikes
|-damage|p2a: Tapu Koko|22/100|[from] Stealth Rock
|-fieldstart|move: Electric Terrain|[from] ability: Electric Surge|[of] p2a: Tapu Koko
|turn|29
|c|☆BestixL|gg
|
|t:|1625544762
|move|p2a: Tapu Koko|Thunderbolt|p1a: Heatran
|-damage|p1a: Heatran|0 fnt
|faint|p1a: Heatran
|
|upkeep
|
|t:|1625544763
|switch|p1a: Tapu Bulu|Tapu Bulu|38/100
|-damage|p1a: Tapu Bulu|26/100|[from] Stealth Rock
|-fieldstart|move: Grassy Terrain|[from] ability: Grassy Surge|[of] p1a: Tapu Bulu
|turn|30
|
|t:|1625544765
|move|p2a: Tapu Koko|Dazzling Gleam|p1a: Tapu Bulu
|-damage|p1a: Tapu Bulu|0 fnt
|faint|p1a: Tapu Bulu
|
|win|BestixL
|raw|LT81YL John's rating: 2026 &rarr; <strong>2000</strong><br />(-26 for losing)
|raw|BestixL's rating: 1919 &rarr; <strong>1945</strong><br />(+26 for winning)
|l|☆LT81YL John
|l| polaroid camera
|l| eebsofresh
|l| lt81yl ez
|l| the carkols
|l| LT81YL crying
|l| dfokgdpfg
|l| I Need Nothing
|l| salmonelephant
|l|☆BestixL
|l| LT81YL xia
|l| LT81YL HY
|l| lt81yl xkh
|l|+Analytic
|l| Eternal Spirit
|l| tinyglasses
|l| Tellado
|l| d3monl0rd
