|j|☆SerialNumberR66Y
|j|☆GORAN EL DRACO
|player|p1|SerialNumberR66Y|unknown|1762
|player|p2|GORAN EL DRACO|266|1870
|teamsize|p1|6
|teamsize|p2|6
|gametype|singles
|gen|8
|tier|[Gen 8] OU
|rated|
|html|<div class="broadcast-red"><strong>OU is currently suspecting Arena Trap! For information on how to participate check out the <a href="https://www.smogon.com/forums/threads/3661134/">suspect thread</a>.</strong></div>
|clearpoke
|poke|p1|Hippowdon, M|
|poke|p1|Ferrothorn, F|
|poke|p1|Mandibuzz, F|
|poke|p1|Dracozolt|
|poke|p1|Dragapult, M|
|poke|p1|Primarina, F|
|poke|p2|Dracovish|
|poke|p2|Rotom-Heat|
|poke|p2|Ferrothorn, M|
|poke|p2|Bisharp, M|
|poke|p2|Togekiss, F|
|poke|p2|Hydreigon, F|
|rule|Sleep Clause Mod: Limit one foe put to sleep
|rule|Species Clause: Limit one of each Pokémon
|rule|OHKO Clause: OHKO moves are banned
|rule|Evasion Moves Clause: Evasion moves are banned
|rule|Endless Battle Clause: Forcing endless battles is banned
|rule|HP Percentage Mod: HP is shown in percentages
|rule|Dynamax Clause: You cannot dynamax
|teampreview
|j| Aa147258369
|j| 6tg2
|j| sella alik boi
|
|start
|switch|p1a: Clock Tower|Dragapult, M, shiny|100/100
|switch|p2a: Hydreigon|Hydreigon, F|100/100
|turn|1
|j| partynparadise
|
|switch|p1a: Sorrow|Mandibuzz, F|100/100
|move|p2a: Hydreigon|U-turn|p1a: Sorrow
|-damage|p1a: Sorrow|90/100
|
|switch|p2a: Togekiss|Togekiss, F|100/100|[from]move: U-turn
|
|upkeep
|turn|2
|j| Brosiah Jebediah
|
|move|p2a: Togekiss|Air Slash|p1a: Sorrow|[miss]
|-miss|p2a: Togekiss|p1a: Sorrow
|move|p1a: Sorrow|U-turn|p2a: Togekiss
|-resisted|p2a: Togekiss
|-damage|p2a: Togekiss|97/100
|
|switch|p1a: Clock Tower|Dragapult, M, shiny|100/100|[from]move: U-turn
|
|-heal|p2a: Togekiss|100/100|[from] item: Leftovers
|upkeep
|turn|3
|c| Brosiah Jebediah|gg but my friend will win
|
|switch|p2a: Rotom|Rotom-Heat|100/100
|move|p1a: Clock Tower|Thunder Wave|p2a: Rotom|[miss]
|-miss|p1a: Clock Tower|p2a: Rotom
|
|upkeep
|turn|4
|
|move|p1a: Clock Tower|Substitute|p1a: Clock Tower
|-start|p1a: Clock Tower|Substitute
|-damage|p1a: Clock Tower|76/100
|move|p2a: Rotom|Nasty Plot|p2a: Rotom
|-boost|p2a: Rotom|spa|2
|
|-heal|p1a: Clock Tower|82/100|[from] item: Leftovers
|upkeep
|turn|5
|
|move|p1a: Clock Tower|Hex|p2a: Rotom
|-damage|p2a: Rotom|78/100
|move|p2a: Rotom|Volt Switch|p1a: Clock Tower
|-resisted|p1a: Clock Tower
|-end|p1a: Clock Tower|Substitute
|
|switch|p2a: Hydreigon|Hydreigon, F|100/100|[from]move: Volt Switch
|
|-heal|p1a: Clock Tower|88/100|[from] item: Leftovers
|upkeep
|turn|6
|
|switch|p1a: Sorrow|Mandibuzz, F|90/100
|move|p2a: Hydreigon|Dark Pulse|p1a: Sorrow
|-resisted|p1a: Sorrow
|-damage|p1a: Sorrow|77/100
|
|upkeep
|turn|7
|
|switch|p2a: Ferrothorn|Ferrothorn, M|100/100
|move|p1a: Sorrow|U-turn|p2a: Ferrothorn
|-damage|p2a: Ferrothorn|93/100
|-damage|p1a: Sorrow|65/100|[from] ability: Iron Barbs|[of] p2a: Ferrothorn
|j| slowbro le pam
|
|switch|p1a: Guillotine|Dracozolt|100/100|[from]move: U-turn
|
|-heal|p2a: Ferrothorn|99/100|[from] item: Leftovers
|upkeep
|turn|8
|j| Shucle
|
|switch|p2a: Hydreigon|Hydreigon, F|100/100
|move|p1a: Guillotine|Substitute|p1a: Guillotine
|-start|p1a: Guillotine|Substitute
|-damage|p1a: Guillotine|76/100
|
|-heal|p1a: Guillotine|82/100|[from] item: Leftovers
|upkeep
|turn|9
|
|move|p2a: Hydreigon|U-turn|p1a: Guillotine
|-activate|p1a: Guillotine|move: Substitute|[damage]
|
|switch|p2a: Ferrothorn|Ferrothorn, M|99/100|[from]move: U-turn
|move|p1a: Guillotine|Dragon Claw|p2a: Ferrothorn|[miss]
|-miss|p1a: Guillotine|p2a: Ferrothorn
|
|-heal|p1a: Guillotine|88/100|[from] item: Leftovers
|-heal|p2a: Ferrothorn|100/100|[from] item: Leftovers
|upkeep
|turn|10
|
|switch|p2a: Hydreigon|Hydreigon, F|100/100
|move|p1a: Guillotine|Fire Fang|p2a: Hydreigon|[miss]
|-miss|p1a: Guillotine|p2a: Hydreigon
|
|-heal|p1a: Guillotine|94/100|[from] item: Leftovers
|upkeep
|turn|11
|
|move|p2a: Hydreigon|U-turn|p1a: Guillotine
|-end|p1a: Guillotine|Substitute
|
|switch|p2a: Ferrothorn|Ferrothorn, M|100/100|[from]move: U-turn
|move|p1a: Guillotine|Substitute|p1a: Guillotine
|-start|p1a: Guillotine|Substitute
|-damage|p1a: Guillotine|69/100
|
|-heal|p1a: Guillotine|76/100|[from] item: Leftovers
|upkeep
|turn|12
|
|move|p1a: Guillotine|Fire Fang|p2a: Ferrothorn
|-supereffective|p2a: Ferrothorn
|-damage|p2a: Ferrothorn|32/100
|-damage|p1a: Guillotine|63/100|[from] ability: Iron Barbs|[of] p2a: Ferrothorn
|move|p2a: Ferrothorn|Body Press|p1a: Guillotine
|-end|p1a: Guillotine|Substitute
|
|-heal|p1a: Guillotine|69/100|[from] item: Leftovers
|-heal|p2a: Ferrothorn|39/100|[from] item: Leftovers
|upkeep
|turn|13
|
|move|p1a: Guillotine|Bolt Beak|p2a: Ferrothorn
|-resisted|p2a: Ferrothorn
|-damage|p2a: Ferrothorn|2/100
|-damage|p1a: Guillotine|57/100|[from] ability: Iron Barbs|[of] p2a: Ferrothorn
|move|p2a: Ferrothorn|Stealth Rock|p1a: Guillotine
|-sidestart|p1: SerialNumberR66Y|move: Stealth Rock
|
|-heal|p1a: Guillotine|63/100|[from] item: Leftovers
|-heal|p2a: Ferrothorn|9/100|[from] item: Leftovers
|upkeep
|turn|14
|
|move|p1a: Guillotine|Dragon Claw|p2a: Ferrothorn|[miss]
|-miss|p1a: Guillotine|p2a: Ferrothorn
|move|p2a: Ferrothorn|Body Press|p1a: Guillotine
|-damage|p1a: Guillotine|24/100
|
|-heal|p1a: Guillotine|31/100|[from] item: Leftovers
|-heal|p2a: Ferrothorn|15/100|[from] item: Leftovers
|upkeep
|turn|15
|
|move|p1a: Guillotine|Dragon Claw|p2a: Ferrothorn
|-resisted|p2a: Ferrothorn
|-damage|p2a: Ferrothorn|0 fnt
|-damage|p1a: Guillotine|18/100|[from] ability: Iron Barbs|[of] p2a: Ferrothorn
|faint|p2a: Ferrothorn
|
|-heal|p1a: Guillotine|24/100|[from] item: Leftovers
|upkeep
|
|switch|p2a: Hydreigon|Hydreigon, F|100/100
|turn|16
|
|move|p2a: Hydreigon|U-turn|p1a: Guillotine
|-damage|p1a: Guillotine|7/100
|j| PortoviejoCiudad
|
|switch|p2a: Rotom|Rotom-Heat|78/100|[from]move: U-turn
|move|p1a: Guillotine|Bolt Beak|p2a: Rotom
|-resisted|p2a: Rotom
|-damage|p2a: Rotom|13/100
|
|-heal|p1a: Guillotine|14/100|[from] item: Leftovers
|upkeep
|turn|17
|
|switch|p1a: Battleground|Hippowdon, M|100/100
|-damage|p1a: Battleground|94/100|[from] Stealth Rock
|-weather|Sandstorm|[from] ability: Sand Stream|[of] p1a: Battleground
|move|p2a: Rotom|Overheat|p1a: Battleground
|-damage|p1a: Battleground|53/100
|-unboost|p2a: Rotom|spa|2
|
|-weather|Sandstorm|[upkeep]
|-damage|p2a: Rotom|7/100|[from] Sandstorm
|-heal|p1a: Battleground|60/100|[from] item: Leftovers
|upkeep
|turn|18
|j| Elo Checker Alert
|
|switch|p2a: Dracovish|Dracovish|100/100
|move|p1a: Battleground|Stealth Rock|p2a: Dracovish
|-sidestart|p2: GORAN EL DRACO|move: Stealth Rock
|
|-weather|Sandstorm|[upkeep]
|-damage|p2a: Dracovish|94/100|[from] Sandstorm
|-heal|p1a: Battleground|66/100|[from] item: Leftovers
|upkeep
|turn|19
|
|switch|p1a: Guillotine|Dracozolt|14/100
|-damage|p1a: Guillotine|1/100|[from] Stealth Rock
|move|p2a: Dracovish|Fishious Rend|p1a: Guillotine
|-resisted|p1a: Guillotine
|-crit|p1a: Guillotine
|-damage|p1a: Guillotine|0 fnt
|faint|p1a: Guillotine
|
|-weather|Sandstorm|[upkeep]
|-damage|p2a: Dracovish|88/100|[from] Sandstorm
|upkeep
|
|switch|p1a: Clock Tower|Dragapult, M, shiny|88/100
|-damage|p1a: Clock Tower|76/100|[from] Stealth Rock
|turn|20
|
|move|p1a: Clock Tower|Substitute|p1a: Clock Tower
|-start|p1a: Clock Tower|Substitute
|-damage|p1a: Clock Tower|51/100
|move|p2a: Dracovish|Fishious Rend|p1a: Clock Tower
|-resisted|p1a: Clock Tower
|-end|p1a: Clock Tower|Substitute
|
|-weather|Sandstorm|[upkeep]
|-damage|p1a: Clock Tower|44/100|[from] Sandstorm
|-damage|p2a: Dracovish|82/100|[from] Sandstorm
|-heal|p1a: Clock Tower|51/100|[from] item: Leftovers
|upkeep
|turn|21
|j| Enantyum
|
|move|p1a: Clock Tower|Thunder Wave|p2a: Dracovish
|-status|p2a: Dracovish|par
|move|p2a: Dracovish|Fishious Rend|p1a: Clock Tower
|-resisted|p1a: Clock Tower
|-damage|p1a: Clock Tower|0 fnt
|faint|p1a: Clock Tower
|
|-weather|none
|upkeep
|l| Enantyum
|
|switch|p1a: Lullaby|Primarina, F|100/100
|-damage|p1a: Lullaby|88/100|[from] Stealth Rock
|turn|22
|
|switch|p2a: Rotom|Rotom-Heat|7/100
|move|p1a: Lullaby|Moonblast|p2a: Rotom
|-resisted|p2a: Rotom
|-damage|p2a: Rotom|0 fnt
|faint|p2a: Rotom
|
|-heal|p1a: Lullaby|94/100|[from] item: Leftovers
|upkeep
|
|switch|p2a: Togekiss|Togekiss, F|100/100
|-damage|p2a: Togekiss|76/100|[from] Stealth Rock
|turn|23
|
|move|p2a: Togekiss|Nasty Plot|p2a: Togekiss
|-boost|p2a: Togekiss|spa|2
|move|p1a: Lullaby|Moonblast|p2a: Togekiss
|-damage|p2a: Togekiss|28/100
|
|-heal|p2a: Togekiss|34/100|[from] item: Leftovers
|-heal|p1a: Lullaby|100/100|[from] item: Leftovers
|upkeep
|turn|24
|
|switch|p1a: Sorrow|Mandibuzz, F|65/100
|move|p2a: Togekiss|Air Slash|p1a: Sorrow
|-damage|p1a: Sorrow|17/100
|
|-heal|p2a: Togekiss|40/100|[from] item: Leftovers
|upkeep
|turn|25
|
|move|p2a: Togekiss|Flamethrower|p1a: Sorrow
|-damage|p1a: Sorrow|0 fnt
|faint|p1a: Sorrow
|
|-heal|p2a: Togekiss|46/100|[from] item: Leftovers
|upkeep
|
|switch|p1a: Lullaby|Primarina, F|100/100
|-damage|p1a: Lullaby|88/100|[from] Stealth Rock
|turn|26
|
|move|p2a: Togekiss|Air Slash|p1a: Lullaby
|-damage|p1a: Lullaby|17/100
|cant|p1a: Lullaby|flinch
|
|-heal|p2a: Togekiss|52/100|[from] item: Leftovers
|-heal|p1a: Lullaby|24/100|[from] item: Leftovers
|upkeep
|turn|27
|j| slobadd
|
|move|p2a: Togekiss|Air Slash|p1a: Lullaby
|-damage|p1a: Lullaby|0 fnt
|faint|p1a: Lullaby
|
|-heal|p2a: Togekiss|58/100|[from] item: Leftovers
|upkeep
|-message|SerialNumberR66Y forfeited.
|
|win|GORAN EL DRACO
|l|☆SerialNumberR66Y
|l| slobadd
|l| Elo Checker Alert
|l|☆GORAN EL DRACO
|l| Aa147258369
|l| Shucle
|l| Brosiah Jebediah
||Ladder (probably) updated, but score could not be retrieved (Response not received).
|l| slowbro le pam
