|j|☆cump6
|j|☆WonkySets
|t:|1649365092
|gametype|singles
|player|p1|cump6|266|1173
|player|p2|WonkySets|acetrainerf-gen4dp|1218
|teamsize|p1|6
|teamsize|p2|6
|gen|8
|tier|[Gen 8] OU
|rated|
|rule|Sleep Clause Mod: Limit one foe put to sleep
|rule|Species Clause: Limit one of each Pokémon
|rule|OHKO Clause: OHKO moves are banned
|rule|Evasion Moves Clause: Evasion moves are banned
|rule|Endless Battle Clause: Forcing endless battles is banned
|rule|HP Percentage Mod: HP is shown in percentages
|rule|Dynamax Clause: You cannot dynamax
|clearpoke
|poke|p1|Pelipper, F|
|poke|p1|Barraskewda, F|
|poke|p1|Thundurus-Therian, M|
|poke|p1|Ferrothorn, F|
|poke|p1|Obstagoon, F|
|poke|p1|Volcanion|
|poke|p2|Gardevoir, F|
|poke|p2|Blacephalon|
|poke|p2|Zeraora|
|poke|p2|Cursola, M|
|poke|p2|Salamence, F|
|poke|p2|Porygon-Z|
|teampreview
|
|t:|1649365107
|start
|switch|p1a: Pelipper|Pelipper, F|100/100
|switch|p2a: Zeraora|Zeraora, shiny|100/100
|-weather|RainDance|[from] ability: Drizzle|[of] p1a: Pelipper
|turn|1
|
|t:|1649365112
|switch|p1a: Thundurus|Thundurus-Therian, M|100/100
|move|p2a: Zeraora|Knock Off|p1a: Thundurus
|-damage|p1a: Thundurus|37/100
|-enditem|p1a: Thundurus|Heavy-Duty Boots|[from] move: Knock Off|[of] p2a: Zeraora
|-damage|p2a: Zeraora|91/100|[from] item: Life Orb
|
|-weather|RainDance|[upkeep]
|upkeep
|turn|2
|
|t:|1649365124
|move|p2a: Zeraora|Knock Off|p1a: Thundurus
|-damage|p1a: Thundurus|0 fnt
|faint|p1a: Thundurus
|-damage|p2a: Zeraora|81/100|[from] item: Life Orb
|
|-weather|RainDance|[upkeep]
|upkeep
|
|t:|1649365184
|switch|p1a: Barraskewda|Barraskewda, F|100/100
|turn|3
|
|t:|1649365204
|switch|p2a: Salamence|Salamence, F|100/100
|-ability|p2a: Salamence|Intimidate|boost
|-unboost|p1a: Barraskewda|atk|1
|move|p1a: Barraskewda|Liquidation|p2a: Salamence
|-resisted|p2a: Salamence
|-damage|p2a: Salamence|71/100
|
|-weather|RainDance|[upkeep]
|upkeep
|turn|4
|
|t:|1649365215
|switch|p1a: Volcanion|Volcanion|100/100
|move|p2a: Salamence|Wish|p2a: Salamence
|
|-weather|RainDance|[upkeep]
|upkeep
|turn|5
|
|t:|1649365228
|move|p1a: Volcanion|Steam Eruption|p2a: Salamence
|-resisted|p2a: Salamence
|-damage|p2a: Salamence|1/100
|move|p2a: Salamence|Roost|p2a: Salamence
|-heal|p2a: Salamence|51/100
|-singleturn|p2a: Salamence|move: Roost
|
|-weather|RainDance|[upkeep]
|-heal|p2a: Salamence|100/100|[from] move: Wish|[wisher] Salamence
|upkeep
|turn|6
|
|t:|1649365238
|move|p1a: Volcanion|Steam Eruption|p2a: Salamence
|-resisted|p2a: Salamence
|-damage|p2a: Salamence|33/100
|move|p2a: Salamence|Hurricane|p1a: Volcanion
|-damage|p1a: Volcanion|49/100
|
|-weather|RainDance|[upkeep]
|upkeep
|turn|7
|
|t:|1649365248
|switch|p2a: Gardevoir|Gardevoir, F, shiny|100/100
|-ability|p2a: Gardevoir|Water Absorb|[from] ability: Trace|[of] p1a: Volcanion
|move|p1a: Volcanion|Steam Eruption|p2a: Gardevoir
|-immune|p2a: Gardevoir|[from] ability: Water Absorb
|
|-weather|RainDance|[upkeep]
|upkeep
|turn|8
|
|t:|1649365261
|switch|p1a: Ferrothorn|Ferrothorn, F|100/100
|move|p2a: Gardevoir|Psychic|p1a: Ferrothorn
|-resisted|p1a: Ferrothorn
|-damage|p1a: Ferrothorn|86/100
|
|-weather|none
|-heal|p1a: Ferrothorn|92/100|[from] item: Leftovers
|upkeep
|turn|9
|
|t:|1649365267
|switch|p2a: Salamence|Salamence, F|33/100
|-ability|p2a: Salamence|Intimidate|boost
|-unboost|p1a: Ferrothorn|atk|1
|move|p1a: Ferrothorn|Leech Seed|p2a: Salamence
|-start|p2a: Salamence|move: Leech Seed
|
|-heal|p1a: Ferrothorn|99/100|[from] item: Leftovers
|-damage|p2a: Salamence|21/100|[from] Leech Seed|[of] p1a: Ferrothorn
|-heal|p1a: Ferrothorn|100/100|[silent]
|upkeep
|turn|10
|
|t:|1649365272
|move|p2a: Salamence|Roost|p2a: Salamence
|-heal|p2a: Salamence|71/100
|-singleturn|p2a: Salamence|move: Roost
|move|p1a: Ferrothorn|Gyro Ball|p2a: Salamence
|-damage|p2a: Salamence|46/100
|
|-damage|p2a: Salamence|33/100|[from] Leech Seed|[of] p1a: Ferrothorn
|upkeep
|turn|11
|
|t:|1649365279
|move|p2a: Salamence|Roost|p2a: Salamence
|-heal|p2a: Salamence|83/100
|-singleturn|p2a: Salamence|move: Roost
|move|p1a: Ferrothorn|Stealth Rock|p2a: Salamence
|-sidestart|p2: WonkySets|move: Stealth Rock
|
|-damage|p2a: Salamence|71/100|[from] Leech Seed|[of] p1a: Ferrothorn
|upkeep
|turn|12
|
|t:|1649365283
|switch|p1a: Obstagoon|Obstagoon, F|100/100
|move|p2a: Salamence|Defog|p1a: Obstagoon
|-unboost|p1a: Obstagoon|evasion|1
|-sideend|p2: WonkySets|Stealth Rock|[from] move: Defog|[of] p2a: Salamence
|
|-damage|p2a: Salamence|58/100|[from] Leech Seed|[of] p1a: Obstagoon
|-status|p1a: Obstagoon|brn|[from] item: Flame Orb
|upkeep
|turn|13
|
|t:|1649365291
|move|p1a: Obstagoon|Knock Off|p2a: Salamence
|-damage|p2a: Salamence|4/100
|-enditem|p2a: Salamence|Heavy-Duty Boots|[from] move: Knock Off|[of] p1a: Obstagoon
|move|p2a: Salamence|Hurricane|p1a: Obstagoon
|-damage|p1a: Obstagoon|43/100 brn
|-start|p1a: Obstagoon|confusion
|
|-damage|p2a: Salamence|0 fnt|[from] Leech Seed|[of] p1a: Obstagoon
|-heal|p1a: Obstagoon|48/100 brn|[silent]
|faint|p2a: Salamence
|-damage|p1a: Obstagoon|42/100 brn|[from] brn
|upkeep
|
|t:|1649365308
|switch|p2a: Gardevoir|Gardevoir, F, shiny|100/100
|-ability|p2a: Gardevoir|Guts|[from] ability: Trace|[of] p1a: Obstagoon
|turn|14
|
|t:|1649365315
|switch|p1a: Pelipper|Pelipper, F|100/100
|-weather|RainDance|[from] ability: Drizzle|[of] p1a: Pelipper
|move|p2a: Gardevoir|Mystical Fire|p1a: Pelipper
|-resisted|p1a: Pelipper
|-damage|p1a: Pelipper|92/100
|-unboost|p1a: Pelipper|spa|1
|
|-weather|RainDance|[upkeep]
|upkeep
|turn|15
|
|t:|1649365324
|switch|p2a: Porygon-Z|Porygon-Z|100/100
|move|p1a: Pelipper|U-turn|p2a: Porygon-Z
|-damage|p2a: Porygon-Z|89/100
|
|t:|1649365328
|switch|p1a: Barraskewda|Barraskewda, F|100/100|[from]move: U-turn
|
|-weather|RainDance|[upkeep]
|upkeep
|turn|16
|
|t:|1649365333
|move|p1a: Barraskewda|Liquidation|p2a: Porygon-Z
|-crit|p2a: Porygon-Z
|-damage|p2a: Porygon-Z|0 fnt
|faint|p2a: Porygon-Z
|
|-weather|RainDance|[upkeep]
|upkeep
|
|t:|1649365340
|switch|p2a: Cursola|Cursola, M, shiny|100/100
|turn|17
|
|t:|1649365346
|switch|p1a: Obstagoon|Obstagoon, F|42/100 brn
|move|p2a: Cursola|Earth Power|p1a: Obstagoon
|-damage|p1a: Obstagoon|0 fnt
|faint|p1a: Obstagoon
|
|-weather|RainDance|[upkeep]
|upkeep
|
|t:|1649365349
|switch|p1a: Ferrothorn|Ferrothorn, F|100/100
|turn|18
|
|t:|1649365355
|move|p2a: Cursola|Burning Jealousy|p1a: Ferrothorn
|-supereffective|p1a: Ferrothorn
|-damage|p1a: Ferrothorn|66/100
|move|p1a: Ferrothorn|Knock Off|p2a: Cursola
|-supereffective|p2a: Cursola
|-damage|p2a: Cursola|1/100
|-ability|p2a: Cursola|Weak Armor|boost
|-unboost|p2a: Cursola|def|1
|-boost|p2a: Cursola|spe|2
|-enditem|p2a: Cursola|Focus Sash|[from] move: Knock Off|[of] p1a: Ferrothorn
|
|-weather|RainDance|[upkeep]
|-heal|p1a: Ferrothorn|73/100|[from] item: Leftovers
|upkeep
|turn|19
|
|t:|1649365366
|move|p2a: Cursola|Burning Jealousy|p1a: Ferrothorn
|-supereffective|p1a: Ferrothorn
|-damage|p1a: Ferrothorn|39/100
|move|p1a: Ferrothorn|Stealth Rock|p2a: Cursola
|-sidestart|p2: WonkySets|move: Stealth Rock
|
|-weather|RainDance|[upkeep]
|-heal|p1a: Ferrothorn|45/100|[from] item: Leftovers
|upkeep
|turn|20
|
|t:|1649365376
|switch|p1a: Volcanion|Volcanion|49/100
|move|p2a: Cursola|Burning Jealousy|p1a: Volcanion
|-resisted|p1a: Volcanion
|-damage|p1a: Volcanion|44/100
|
|-weather|RainDance|[upkeep]
|upkeep
|turn|21
|
|t:|1649365383
|move|p2a: Cursola|Earth Power|p1a: Volcanion
|-supereffective|p1a: Volcanion
|-damage|p1a: Volcanion|0 fnt
|faint|p1a: Volcanion
|
|-weather|none
|upkeep
|
|t:|1649365386
|switch|p1a: Pelipper|Pelipper, F|92/100
|-weather|RainDance|[from] ability: Drizzle|[of] p1a: Pelipper
|turn|22
|
|t:|1649365397
|move|p2a: Cursola|Earth Power|p1a: Pelipper
|-immune|p1a: Pelipper
|move|p1a: Pelipper|U-turn|p2a: Cursola
|-resisted|p2a: Cursola
|-damage|p2a: Cursola|0 fnt
|faint|p2a: Cursola
|
|t:|1649365401
|switch|p1a: Barraskewda|Barraskewda, F|100/100|[from]move: U-turn
|
|-weather|RainDance|[upkeep]
|upkeep
|
|t:|1649365406
|switch|p2a: Gardevoir|Gardevoir, F, shiny|100/100
|-damage|p2a: Gardevoir|88/100|[from] Stealth Rock
|-ability|p2a: Gardevoir|Swift Swim|[from] ability: Trace|[of] p1a: Barraskewda
|turn|23
|
|t:|1649365412
|move|p2a: Gardevoir|Moonblast|p1a: Barraskewda
|-damage|p1a: Barraskewda|0 fnt
|faint|p1a: Barraskewda
|
|-weather|RainDance|[upkeep]
|upkeep
|-message|cump6 forfeited.
|
|win|WonkySets
|raw|cump6's rating: 1173 &rarr; <strong>1151</strong><br />(-22 for losing)
|raw|WonkySets's rating: 1218 &rarr; <strong>1240</strong><br />(+22 for winning)
|l|☆cump6
