|j|☆c u soon boi
|j|☆Corumba
|t:|1608145794
|player|p1|c u soon boi|policeman|1936
|player|p2|Corumba|schoolkid-gen4|1792
|teamsize|p1|6
|teamsize|p2|6
|gametype|singles
|gen|8
|tier|[Gen 8] OU
|rated|
|clearpoke
|poke|p1|Mew|
|poke|p1|Cinderace, F|
|poke|p1|Kartana|
|poke|p1|Spectrier|
|poke|p1|Kommo-o, M|
|poke|p1|Zapdos|
|poke|p2|Hydreigon, F|
|poke|p2|Landorus-Therian, M|
|poke|p2|Tapu Fini|
|poke|p2|Tornadus-Therian, M|
|poke|p2|Thundurus, M|
|poke|p2|Magearna|
|rule|Sleep Clause Mod: Limit one foe put to sleep
|rule|Species Clause: Limit one of each Pokémon
|rule|OHKO Clause: OHKO moves are banned
|rule|Evasion Moves Clause: Evasion moves are banned
|rule|Endless Battle Clause: Forcing endless battles is banned
|rule|HP Percentage Mod: HP is shown in percentages
|rule|Dynamax Clause: You cannot dynamax
|teampreview
|
|t:|1608145817
|start
|switch|p1a: Mew|Mew|100/100
|switch|p2a: Thundurus|Thundurus, M|100/100
|turn|1
|j| galactest bro !
|j| Zack Tigerfist
|
|t:|1608145822
|move|p2a: Thundurus|Nasty Plot|p2a: Thundurus
|-boost|p2a: Thundurus|spa|2
|move|p1a: Mew|Stealth Rock|p2a: Thundurus
|-sidestart|p2: Corumba|move: Stealth Rock
|
|upkeep
|turn|2
|l| galactest bro !
|
|t:|1608145827
|move|p2a: Thundurus|Thunderbolt|p1a: Mew
|-damage|p1a: Mew|21/100
|move|p1a: Mew|Misty Explosion|p2a: Thundurus
|-damage|p2a: Thundurus|71/100
|faint|p1a: Mew
|
|upkeep
|
|t:|1608145836
|switch|p1a: Cinderace|Cinderace, F|100/100
|turn|3
|
|t:|1608145842
|move|p2a: Thundurus|Thunder Wave|p1a: Cinderace
|-status|p1a: Cinderace|par
|cant|p1a: Cinderace|par
|
|upkeep
|turn|4
|
|t:|1608145848
|move|p1a: Cinderace|Sucker Punch|p2a: Thundurus
|-start|p1a: Cinderace|typechange|Dark|[from] ability: Libero
|-damage|p2a: Thundurus|24/100
|move|p2a: Thundurus|Thunderbolt|p1a: Cinderace
|-damage|p1a: Cinderace|0 fnt
|faint|p1a: Cinderace
|
|upkeep
|j| epsilon_xd
|j| Esterfly
|
|t:|1608145858
|switch|p1a: Zapdos|Zapdos|100/100
|turn|5
|
|t:|1608145861
|move|p2a: Thundurus|Thunderbolt|p1a: Zapdos
|-damage|p1a: Zapdos|7/100
|move|p1a: Zapdos|Discharge|p2a: Thundurus
|-damage|p2a: Thundurus|0 fnt
|faint|p2a: Thundurus
|
|upkeep
|l| Esterfly
|
|t:|1608145872
|switch|p2a: Tornadus|Tornadus-Therian, M|100/100
|-damage|p2a: Tornadus|76/100|[from] Stealth Rock
|turn|6
|
|t:|1608145878
|move|p2a: Tornadus|Air Slash|p1a: Zapdos
|-resisted|p1a: Zapdos
|-damage|p1a: Zapdos|0 fnt
|faint|p1a: Zapdos
|
|upkeep
|
|t:|1608145882
|switch|p1a: Spectrier|Spectrier|100/100
|turn|7
|
|t:|1608145887
|switch|p2a: Hydreigon|Hydreigon, F|100/100
|-damage|p2a: Hydreigon|88/100|[from] Stealth Rock
|move|p1a: Spectrier|Will-O-Wisp|p2a: Hydreigon|[miss]
|-miss|p1a: Spectrier|p2a: Hydreigon
|
|upkeep
|turn|8
|
|t:|1608145897
|switch|p1a: Kommo-o|Kommo-o, M|100/100
|move|p2a: Hydreigon|Dark Pulse|p1a: Kommo-o
|-resisted|p1a: Kommo-o
|-damage|p1a: Kommo-o|75/100
|
|upkeep
|turn|9
|
|t:|1608145906
|switch|p2a: Magearna|Magearna|100/100
|-damage|p2a: Magearna|95/100|[from] Stealth Rock
|move|p1a: Kommo-o|Clangorous Soul|p1a: Kommo-o
|-boost|p1a: Kommo-o|atk|1
|-boost|p1a: Kommo-o|def|1
|-boost|p1a: Kommo-o|spa|1
|-boost|p1a: Kommo-o|spd|1
|-boost|p1a: Kommo-o|spe|1
|-damage|p1a: Kommo-o|42/100
|-enditem|p1a: Kommo-o|Throat Spray
|-boost|p1a: Kommo-o|spa|1|[from] item: Throat Spray
|
|upkeep
|turn|10
|
|t:|1608145918
|move|p1a: Kommo-o|Flash Cannon|p2a: Magearna
|-crit|p2a: Magearna
|-damage|p2a: Magearna|20/100
|move|p2a: Magearna|Fleur Cannon|p1a: Kommo-o
|-supereffective|p1a: Kommo-o
|-damage|p1a: Kommo-o|0 fnt
|-unboost|p2a: Magearna|spa|2
|faint|p1a: Kommo-o
|-ability|p2a: Magearna|Soul-Heart|boost
|-boost|p2a: Magearna|spa|1
|
|upkeep
|
|t:|1608145926
|switch|p1a: Spectrier|Spectrier|100/100
|turn|11
|
|t:|1608145931
|switch|p2a: Hydreigon|Hydreigon, F|88/100
|-damage|p2a: Hydreigon|75/100|[from] Stealth Rock
|move|p1a: Spectrier|Substitute|p1a: Spectrier
|-start|p1a: Spectrier|Substitute
|-damage|p1a: Spectrier|76/100
|
|-heal|p1a: Spectrier|82/100|[from] item: Leftovers
|upkeep
|turn|12
|
|t:|1608145938
|move|p1a: Spectrier|Calm Mind|p1a: Spectrier
|-boost|p1a: Spectrier|spa|1
|-boost|p1a: Spectrier|spd|1
|move|p2a: Hydreigon|Dark Pulse|p1a: Spectrier
|-supereffective|p1a: Spectrier
|-end|p1a: Spectrier|Substitute
|
|-heal|p1a: Spectrier|88/100|[from] item: Leftovers
|upkeep
|turn|13
|
|t:|1608145949
|move|p1a: Spectrier|Will-O-Wisp|p2a: Hydreigon
|-status|p2a: Hydreigon|brn
|move|p2a: Hydreigon|Nasty Plot|p2a: Hydreigon
|-boost|p2a: Hydreigon|spa|2
|
|-heal|p1a: Spectrier|94/100|[from] item: Leftovers
|-damage|p2a: Hydreigon|69/100 brn|[from] brn
|upkeep
|turn|14
|
|t:|1608145958
|move|p1a: Spectrier|Substitute|p1a: Spectrier
|-start|p1a: Spectrier|Substitute
|-damage|p1a: Spectrier|69/100
|move|p2a: Hydreigon|Dark Pulse|p1a: Spectrier
|-supereffective|p1a: Spectrier
|-end|p1a: Spectrier|Substitute
|
|-heal|p1a: Spectrier|76/100|[from] item: Leftovers
|-damage|p2a: Hydreigon|63/100 brn|[from] brn
|upkeep
|turn|15
|
|t:|1608145966
|move|p1a: Spectrier|Substitute|p1a: Spectrier
|-start|p1a: Spectrier|Substitute
|-damage|p1a: Spectrier|51/100
|move|p2a: Hydreigon|Dark Pulse|p1a: Spectrier
|-supereffective|p1a: Spectrier
|-end|p1a: Spectrier|Substitute
|
|-heal|p1a: Spectrier|57/100|[from] item: Leftovers
|-damage|p2a: Hydreigon|57/100 brn|[from] brn
|upkeep
|turn|16
|
|t:|1608145975
|move|p1a: Spectrier|Substitute|p1a: Spectrier
|-start|p1a: Spectrier|Substitute
|-damage|p1a: Spectrier|32/100
|move|p2a: Hydreigon|Dark Pulse|p1a: Spectrier
|-supereffective|p1a: Spectrier
|-end|p1a: Spectrier|Substitute
|
|-heal|p1a: Spectrier|38/100|[from] item: Leftovers
|-damage|p2a: Hydreigon|51/100 brn|[from] brn
|upkeep
|turn|17
|
|t:|1608145983
|move|p1a: Spectrier|Substitute|p1a: Spectrier
|-start|p1a: Spectrier|Substitute
|-damage|p1a: Spectrier|14/100
|move|p2a: Hydreigon|Dark Pulse|p1a: Spectrier
|-supereffective|p1a: Spectrier
|-end|p1a: Spectrier|Substitute
|
|-heal|p1a: Spectrier|20/100|[from] item: Leftovers
|-damage|p2a: Hydreigon|45/100 brn|[from] brn
|upkeep
|turn|18
|
|t:|1608145991
|move|p1a: Spectrier|Hex|p2a: Hydreigon
|-resisted|p2a: Hydreigon
|-damage|p2a: Hydreigon|0 fnt
|faint|p2a: Hydreigon
|-ability|p1a: Spectrier|Grim Neigh|boost
|-boost|p1a: Spectrier|spa|1
|
|-heal|p1a: Spectrier|26/100|[from] item: Leftovers
|upkeep
|
|t:|1608146002
|switch|p2a: Tapu Fini|Tapu Fini|100/100
|-damage|p2a: Tapu Fini|88/100|[from] Stealth Rock
|-fieldstart|move: Misty Terrain|[from] ability: Misty Surge|[of] p2a: Tapu Fini
|turn|19
|
|t:|1608146015
|move|p2a: Tapu Fini|Moonblast|p1a: Spectrier
|-damage|p1a: Spectrier|0 fnt
|faint|p1a: Spectrier
|
|upkeep
|
|t:|1608146019
|switch|p1a: Kartana|Kartana|100/100
|turn|20
|
|t:|1608146022
|move|p2a: Tapu Fini|Moonblast|p1a: Kartana
|-resisted|p1a: Kartana
|-damage|p1a: Kartana|43/100
|move|p1a: Kartana|Leaf Blade|p2a: Tapu Fini
|-supereffective|p2a: Tapu Fini
|-damage|p2a: Tapu Fini|0 fnt
|faint|p2a: Tapu Fini
|-ability|p1a: Kartana|Beast Boost|boost
|-boost|p1a: Kartana|atk|1
|
|upkeep
|
|t:|1608146032
|switch|p2a: Tornadus|Tornadus-Therian, M|100/100
|-damage|p2a: Tornadus|76/100|[from] Stealth Rock
|turn|21
|
|t:|1608146038
|move|p2a: Tornadus|Air Slash|p1a: Kartana
|-damage|p1a: Kartana|0 fnt
|faint|p1a: Kartana
|
|win|Corumba
|l|☆c u soon boi
|l|☆Corumba
|j| alphax213
||Ladder (probably) updated, but score could not be retrieved (Request timeout).
