|j|☆Flarelda
|j|☆gotsnsd
|t:|1664485479
|gametype|singles
|player|p1|Flarelda|hilda|1557
|player|p2|gotsnsd|beauty-gen2jp|1581
|teamsize|p1|6
|teamsize|p2|6
|gen|8
|tier|[Gen 8] OU
|rated|
|rule|Sleep Clause Mod: Limit one foe put to sleep
|rule|Species Clause: Limit one of each Pokémon
|rule|OHKO Clause: OHKO moves are banned
|rule|Evasion Items Clause: Evasion items are banned
|rule|Evasion Moves Clause: Evasion moves are banned
|rule|Endless Battle Clause: Forcing endless battles is banned
|rule|HP Percentage Mod: HP is shown in percentages
|rule|Dynamax Clause: You cannot dynamax
|clearpoke
|poke|p1|Scizor, M|
|poke|p1|Landorus-Therian, M|
|poke|p1|Tapu Koko|
|poke|p1|Ferrothorn, M|
|poke|p1|Garchomp, M|
|poke|p1|Tapu Fini|
|poke|p2|Nidoking, M|
|poke|p2|Slowking, F|
|poke|p2|Dragapult, F|
|poke|p2|Rillaboom, M|
|poke|p2|Heatran, M|
|poke|p2|Corviknight, M|
|teampreview
|inactive|Battle timer is ON: inactive players will automatically lose when time's up. (requested by Flarelda)
|
|t:|1664485487
|start
|switch|p1a: Tapu Koko|Tapu Koko|100/100
|switch|p2a: Dragapult|Dragapult, F|100/100
|-fieldstart|move: Electric Terrain|[from] ability: Electric Surge|[of] p1a: Tapu Koko
|turn|1
|
|t:|1664485491
|move|p1a: Tapu Koko|Dazzling Gleam|p2a: Dragapult
|-supereffective|p2a: Dragapult
|-damage|p2a: Dragapult|12/100
|move|p2a: Dragapult|U-turn|p1a: Tapu Koko
|-resisted|p1a: Tapu Koko
|-damage|p1a: Tapu Koko|76/100
|
|t:|1664485495
|switch|p2a: Rillaboom|Rillaboom, M|100/100|[from]move: U-turn
|-fieldstart|move: Grassy Terrain|[from] ability: Grassy Surge|[of] p2a: Rillaboom
|
|-heal|p1a: Tapu Koko|82/100|[from] Grassy Terrain
|upkeep
|turn|2
|
|t:|1664485500
|switch|p1a: Christmas Tigrou|Landorus-Therian, M, shiny|100/100
|-ability|p1a: Christmas Tigrou|Intimidate|boost
|-unboost|p2a: Rillaboom|atk|1
|switch|p2a: Nidoking|Nidoking, M|100/100
|
|upkeep
|turn|3
|
|t:|1664485509
|switch|p1a: The Tank|Ferrothorn, M|100/100
|move|p2a: Nidoking|Ice Beam|p1a: The Tank
|-damage|p1a: The Tank|74/100
|
|-heal|p1a: The Tank|80/100|[from] Grassy Terrain
|-heal|p1a: The Tank|86/100|[from] item: Leftovers
|upkeep
|turn|4
|
|t:|1664485517
|switch|p1a: Garchomp|Garchomp, M|100/100
|move|p2a: Nidoking|Flamethrower|p1a: Garchomp
|-resisted|p1a: Garchomp
|-damage|p1a: Garchomp|77/100
|
|-heal|p1a: Garchomp|83/100|[from] Grassy Terrain
|upkeep
|turn|5
|
|t:|1664485528
|switch|p1a: Tapu Fini|Tapu Fini, shiny|100/100
|-fieldstart|move: Misty Terrain|[from] ability: Misty Surge|[of] p1a: Tapu Fini
|move|p2a: Nidoking|Ice Beam|p1a: Tapu Fini
|-resisted|p1a: Tapu Fini
|-damage|p1a: Tapu Fini|84/100
|
|-heal|p1a: Tapu Fini|90/100|[from] item: Leftovers
|upkeep
|turn|6
|
|t:|1664485538
|switch|p1a: Christmas Tigrou|Landorus-Therian, M, shiny|100/100
|-ability|p1a: Christmas Tigrou|Intimidate|boost
|-unboost|p2a: Nidoking|atk|1
|move|p2a: Nidoking|Sludge Wave|p1a: Christmas Tigrou
|-resisted|p1a: Christmas Tigrou
|-damage|p1a: Christmas Tigrou|66/100
|
|-heal|p1a: Christmas Tigrou|72/100|[from] item: Leftovers
|upkeep
|turn|7
|
|t:|1664485544
|move|p1a: Christmas Tigrou|Earthquake|p2a: Nidoking
|-supereffective|p2a: Nidoking
|-damage|p2a: Nidoking|0 fnt
|faint|p2a: Nidoking
|
|-heal|p1a: Christmas Tigrou|78/100|[from] item: Leftovers
|upkeep
|j| Sunday surfer
|
|t:|1664485554
|switch|p2a: Slowking|Slowking, F|100/100
|turn|8
|
|t:|1664485559
|move|p1a: Christmas Tigrou|U-turn|p2a: Slowking
|-supereffective|p2a: Slowking
|-damage|p2a: Slowking|55/100
|
|t:|1664485564
|switch|p1a: The Tank|Ferrothorn, M|86/100|[from]move: U-turn
|move|p2a: Slowking|Future Sight|p1a: The Tank
|-start|p2a: Slowking|move: Future Sight
|
|-heal|p1a: The Tank|93/100|[from] item: Leftovers
|upkeep
|turn|9
|
|t:|1664485569
|switch|p2a: Heatran|Heatran, M|100/100
|move|p1a: The Tank|Knock Off|p2a: Heatran
|-damage|p2a: Heatran|83/100
|-enditem|p2a: Heatran|Leftovers|[from] move: Knock Off|[of] p1a: The Tank
|
|-heal|p1a: The Tank|99/100|[from] item: Leftovers
|-fieldend|Misty Terrain
|upkeep
|turn|10
|
|t:|1664485572
|switch|p1a: Tapu Fini|Tapu Fini, shiny|90/100
|-fieldstart|move: Misty Terrain|[from] ability: Misty Surge|[of] p1a: Tapu Fini
|move|p2a: Heatran|Stealth Rock|p1a: Tapu Fini
|-sidestart|p1: Flarelda|move: Stealth Rock
|
|-end|p1a: Tapu Fini|move: Future Sight
|-damage|p1a: Tapu Fini|60/100
|-heal|p1a: Tapu Fini|66/100|[from] item: Leftovers
|upkeep
|turn|11
|
|t:|1664485577
|switch|p2a: Rillaboom|Rillaboom, M|100/100
|-fieldstart|move: Grassy Terrain|[from] ability: Grassy Surge|[of] p2a: Rillaboom
|move|p1a: Tapu Fini|Substitute|p1a: Tapu Fini
|-start|p1a: Tapu Fini|Substitute
|-damage|p1a: Tapu Fini|41/100
|
|-heal|p1a: Tapu Fini|47/100|[from] Grassy Terrain
|-heal|p1a: Tapu Fini|53/100|[from] item: Leftovers
|upkeep
|turn|12
|
|t:|1664485580
|move|p2a: Rillaboom|Grassy Glide|p1a: Tapu Fini
|-supereffective|p1a: Tapu Fini
|-end|p1a: Tapu Fini|Substitute
|-damage|p2a: Rillaboom|91/100|[from] item: Life Orb
|move|p1a: Tapu Fini|Scald|p2a: Rillaboom
|-resisted|p2a: Rillaboom
|-damage|p2a: Rillaboom|72/100
|
|-heal|p2a: Rillaboom|79/100|[from] Grassy Terrain
|-heal|p1a: Tapu Fini|59/100|[from] Grassy Terrain
|-heal|p1a: Tapu Fini|66/100|[from] item: Leftovers
|upkeep
|turn|13
|
|t:|1664485586
|switch|p1a: Christmas Tigrou|Landorus-Therian, M, shiny|78/100
|-damage|p1a: Christmas Tigrou|65/100|[from] Stealth Rock
|-ability|p1a: Christmas Tigrou|Intimidate|boost
|-unboost|p2a: Rillaboom|atk|1
|move|p2a: Rillaboom|Swords Dance|p2a: Rillaboom
|-boost|p2a: Rillaboom|atk|2
|
|-heal|p1a: Christmas Tigrou|71/100|[from] item: Leftovers
|-heal|p2a: Rillaboom|85/100|[from] Grassy Terrain
|upkeep
|turn|14
|
|t:|1664485592
|switch|p1a: The Tank|Ferrothorn, M|99/100
|-damage|p1a: The Tank|93/100|[from] Stealth Rock
|move|p2a: Rillaboom|Grassy Glide|p1a: The Tank
|-resisted|p1a: The Tank
|-damage|p1a: The Tank|75/100
|-damage|p2a: Rillaboom|72/100|[from] ability: Iron Barbs|[of] p1a: The Tank
|-damage|p2a: Rillaboom|62/100|[from] item: Life Orb
|
|-heal|p2a: Rillaboom|69/100|[from] Grassy Terrain
|-heal|p1a: The Tank|81/100|[from] Grassy Terrain
|-heal|p1a: The Tank|88/100|[from] item: Leftovers
|upkeep
|turn|15
|
|t:|1664485596
|switch|p1a: Christmas Tigrou|Landorus-Therian, M, shiny|71/100
|-damage|p1a: Christmas Tigrou|59/100|[from] Stealth Rock
|-ability|p1a: Christmas Tigrou|Intimidate|boost
|-unboost|p2a: Rillaboom|atk|1
|move|p2a: Rillaboom|Superpower|p1a: Christmas Tigrou
|-resisted|p1a: Christmas Tigrou
|-damage|p1a: Christmas Tigrou|31/100
|-unboost|p2a: Rillaboom|atk|1
|-unboost|p2a: Rillaboom|def|1
|-damage|p2a: Rillaboom|59/100|[from] item: Life Orb
|
|-heal|p1a: Christmas Tigrou|37/100|[from] item: Leftovers
|-heal|p2a: Rillaboom|65/100|[from] Grassy Terrain
|-fieldend|move: Grassy Terrain
|upkeep
|turn|16
|
|t:|1664485600
|switch|p2a: Corviknight|Corviknight, M|100/100
|-ability|p2a: Corviknight|Pressure
|move|p1a: Christmas Tigrou|U-turn|p2a: Corviknight
|-resisted|p2a: Corviknight
|-damage|p2a: Corviknight|97/100
|
|t:|1664485603
|switch|p1a: Tapu Koko|Tapu Koko|82/100|[from]move: U-turn
|-fieldstart|move: Electric Terrain|[from] ability: Electric Surge|[of] p1a: Tapu Koko
|
|-heal|p2a: Corviknight|100/100|[from] item: Leftovers
|upkeep
|turn|17
|
|t:|1664485608
|move|p1a: Tapu Koko|Thunderbolt|p2a: Corviknight
|-supereffective|p2a: Corviknight
|-damage|p2a: Corviknight|9/100
|move|p2a: Corviknight|U-turn|p1a: Tapu Koko
|-resisted|p1a: Tapu Koko
|-damage|p1a: Tapu Koko|73/100
|
|t:|1664485611
|switch|p2a: Rillaboom|Rillaboom, M|65/100|[from]move: U-turn
|-fieldstart|move: Grassy Terrain|[from] ability: Grassy Surge|[of] p2a: Rillaboom
|
|-heal|p1a: Tapu Koko|79/100|[from] Grassy Terrain
|-heal|p2a: Rillaboom|71/100|[from] Grassy Terrain
|upkeep
|turn|18
|
|t:|1664485614
|move|p1a: Tapu Koko|U-turn|p2a: Rillaboom
|-supereffective|p2a: Rillaboom
|-damage|p2a: Rillaboom|36/100
|
|t:|1664485617
|switch|p1a: Christmas Tigrou|Landorus-Therian, M, shiny|37/100|[from]move: U-turn
|-damage|p1a: Christmas Tigrou|25/100|[from] Stealth Rock
|-ability|p1a: Christmas Tigrou|Intimidate|boost
|-unboost|p2a: Rillaboom|atk|1
|move|p2a: Rillaboom|Swords Dance|p2a: Rillaboom
|-boost|p2a: Rillaboom|atk|2
|
|-heal|p1a: Christmas Tigrou|31/100|[from] item: Leftovers
|-heal|p2a: Rillaboom|42/100|[from] Grassy Terrain
|upkeep
|turn|19
|
|t:|1664485638
|switch|p1a: Scizor|Scizor, M|100/100
|-damage|p1a: Scizor|88/100|[from] Stealth Rock
|switch|p2a: Corviknight|Corviknight, M|9/100
|-ability|p2a: Corviknight|Pressure
|
|-heal|p1a: Scizor|94/100|[from] Grassy Terrain
|-heal|p1a: Scizor|99/100|[from] item: Leftovers
|-heal|p2a: Corviknight|15/100|[from] item: Leftovers
|upkeep
|turn|20
|
|t:|1664485642
|move|p1a: Scizor|U-turn|p2a: Corviknight
|-resisted|p2a: Corviknight
|-damage|p2a: Corviknight|10/100
|
|t:|1664485644
|switch|p1a: Tapu Koko|Tapu Koko|79/100|[from]move: U-turn
|-fieldstart|move: Electric Terrain|[from] ability: Electric Surge|[of] p1a: Tapu Koko
|move|p2a: Corviknight|Roost|p2a: Corviknight
|-heal|p2a: Corviknight|60/100
|-singleturn|p2a: Corviknight|move: Roost
|
|-heal|p2a: Corviknight|66/100|[from] item: Leftovers
|upkeep
|turn|21
|
|t:|1664485648
|switch|p2a: Heatran|Heatran, M|83/100
|move|p1a: Tapu Koko|Thunderbolt|p2a: Heatran
|-damage|p2a: Heatran|52/100
|
|upkeep
|turn|22
|
|t:|1664485652
|move|p1a: Tapu Koko|U-turn|p2a: Heatran
|-resisted|p2a: Heatran
|-damage|p2a: Heatran|49/100
|
|t:|1664485656
|switch|p1a: Tapu Fini|Tapu Fini, shiny|66/100|[from]move: U-turn
|-damage|p1a: Tapu Fini|53/100|[from] Stealth Rock
|-fieldstart|move: Misty Terrain|[from] ability: Misty Surge|[of] p1a: Tapu Fini
|move|p2a: Heatran|Magma Storm|p1a: Tapu Fini
|-resisted|p1a: Tapu Fini
|-damage|p1a: Tapu Fini|37/100
|-activate|p1a: Tapu Fini|move: Magma Storm|[of] p2a: Heatran
|
|-heal|p1a: Tapu Fini|43/100|[from] item: Leftovers
|-damage|p1a: Tapu Fini|31/100|[from] move: Magma Storm|[partiallytrapped]
|upkeep
|turn|23
|
|t:|1664485661
|move|p2a: Heatran|Earth Power|p1a: Tapu Fini
|-damage|p1a: Tapu Fini|10/100
|move|p1a: Tapu Fini|Calm Mind|p1a: Tapu Fini
|-boost|p1a: Tapu Fini|spa|1
|-boost|p1a: Tapu Fini|spd|1
|
|-heal|p1a: Tapu Fini|16/100|[from] item: Leftovers
|-damage|p1a: Tapu Fini|4/100|[from] move: Magma Storm|[partiallytrapped]
|upkeep
|turn|24
|
|t:|1664485664
|move|p2a: Heatran|Earth Power|p1a: Tapu Fini
|-damage|p1a: Tapu Fini|0 fnt
|faint|p1a: Tapu Fini
|
|upkeep
|
|t:|1664485666
|switch|p1a: Garchomp|Garchomp, M|83/100
|-damage|p1a: Garchomp|77/100|[from] Stealth Rock
|turn|25
|
|t:|1664485672
|switch|p2a: Corviknight|Corviknight, M|66/100
|-ability|p2a: Corviknight|Pressure
|move|p1a: Garchomp|Swords Dance|p1a: Garchomp
|-boost|p1a: Garchomp|atk|2
|
|-heal|p2a: Corviknight|72/100|[from] item: Leftovers
|upkeep
|turn|26
|
|t:|1664485682
|move|p1a: Garchomp|Fire Fang|p2a: Corviknight
|-supereffective|p2a: Corviknight
|-damage|p2a: Corviknight|18/100
|move|p2a: Corviknight|Brave Bird|p1a: Garchomp
|-damage|p1a: Garchomp|42/100
|-damage|p2a: Corviknight|6/100|[from] ability: Rough Skin|[of] p1a: Garchomp
|-damage|p2a: Corviknight|0 fnt|[from] Recoil
|faint|p2a: Corviknight
|
|-fieldend|Misty Terrain
|upkeep
|
|t:|1664485686
|switch|p2a: Dragapult|Dragapult, F|12/100
|turn|27
|
|t:|1664485695
|move|p2a: Dragapult|Dragon Darts|p1a: Garchomp
|-supereffective|p1a: Garchomp
|-damage|p1a: Garchomp|0 fnt
|faint|p1a: Garchomp
|
|upkeep
|
|t:|1664485698
|switch|p1a: Tapu Koko|Tapu Koko|79/100
|-fieldstart|move: Electric Terrain|[from] ability: Electric Surge|[of] p1a: Tapu Koko
|turn|28
|
|t:|1664485711
|move|p1a: Tapu Koko|Thunderbolt|p2a: Dragapult
|-resisted|p2a: Dragapult
|-damage|p2a: Dragapult|0 fnt
|faint|p2a: Dragapult
|
|upkeep
|
|t:|1664485714
|switch|p2a: Rillaboom|Rillaboom, M|42/100
|-fieldstart|move: Grassy Terrain|[from] ability: Grassy Surge|[of] p2a: Rillaboom
|turn|29
|
|t:|1664485718
|switch|p1a: The Tank|Ferrothorn, M|88/100
|-damage|p1a: The Tank|81/100|[from] Stealth Rock
|move|p2a: Rillaboom|Swords Dance|p2a: Rillaboom
|-boost|p2a: Rillaboom|atk|2
|
|-heal|p2a: Rillaboom|48/100|[from] Grassy Terrain
|-heal|p1a: The Tank|88/100|[from] Grassy Terrain
|-heal|p1a: The Tank|94/100|[from] item: Leftovers
|upkeep
|turn|30
|
|t:|1664485722
|move|p2a: Rillaboom|Superpower|p1a: The Tank
|-supereffective|p1a: The Tank
|-damage|p1a: The Tank|0 fnt
|-unboost|p2a: Rillaboom|atk|1
|-unboost|p2a: Rillaboom|def|1
|-damage|p2a: Rillaboom|36/100|[from] ability: Iron Barbs|[of] p1a: The Tank
|faint|p1a: The Tank
|-damage|p2a: Rillaboom|26/100|[from] item: Life Orb
|
|-heal|p2a: Rillaboom|32/100|[from] Grassy Terrain
|upkeep
|
|t:|1664485726
|switch|p1a: Tapu Koko|Tapu Koko|79/100
|-fieldstart|move: Electric Terrain|[from] ability: Electric Surge|[of] p1a: Tapu Koko
|turn|31
|
|t:|1664485734
|switch|p2a: Slowking|Slowking, F|89/100
|move|p1a: Tapu Koko|U-turn|p2a: Slowking
|-supereffective|p2a: Slowking
|-damage|p2a: Slowking|59/100
|
|t:|1664485738
|switch|p1a: Scizor|Scizor, M|99/100|[from]move: U-turn
|-damage|p1a: Scizor|88/100|[from] Stealth Rock
|
|-heal|p1a: Scizor|94/100|[from] item: Leftovers
|upkeep
|turn|32
|
|t:|1664485741
|move|p1a: Scizor|U-turn|p2a: Slowking
|-supereffective|p2a: Slowking
|-damage|p2a: Slowking|3/100
|
|t:|1664485744
|switch|p1a: Tapu Koko|Tapu Koko|79/100|[from]move: U-turn
|move|p2a: Slowking|Scald|p1a: Tapu Koko
|-damage|p1a: Tapu Koko|35/100
|
|upkeep
|turn|33
|
|t:|1664485751
|move|p1a: Tapu Koko|U-turn|p2a: Slowking
|-supereffective|p2a: Slowking
|-damage|p2a: Slowking|0 fnt
|faint|p2a: Slowking
|
|t:|1664485758
|switch|p1a: Christmas Tigrou|Landorus-Therian, M, shiny|31/100|[from]move: U-turn
|-damage|p1a: Christmas Tigrou|19/100|[from] Stealth Rock
|
|-heal|p1a: Christmas Tigrou|25/100|[from] item: Leftovers
|upkeep
|
|t:|1664485761
|switch|p2a: Rillaboom|Rillaboom, M|32/100
|-fieldstart|move: Grassy Terrain|[from] ability: Grassy Surge|[of] p2a: Rillaboom
|turn|34
|
|t:|1664485764
|switch|p1a: Scizor|Scizor, M|94/100
|-damage|p1a: Scizor|81/100|[from] Stealth Rock
|move|p2a: Rillaboom|Grassy Glide|p1a: Scizor
|-resisted|p1a: Scizor
|-damage|p1a: Scizor|69/100
|-damage|p2a: Rillaboom|22/100|[from] item: Life Orb
|
|-heal|p2a: Rillaboom|28/100|[from] Grassy Terrain
|-heal|p1a: Scizor|75/100|[from] Grassy Terrain
|-heal|p1a: Scizor|81/100|[from] item: Leftovers
|upkeep
|turn|35
|
|t:|1664485767
|switch|p2a: Heatran|Heatran, M|49/100
|move|p1a: Scizor|U-turn|p2a: Heatran
|-resisted|p2a: Heatran
|-damage|p2a: Heatran|43/100
|
|t:|1664485772
|switch|p1a: Christmas Tigrou|Landorus-Therian, M, shiny|25/100|[from]move: U-turn
|-damage|p1a: Christmas Tigrou|12/100|[from] Stealth Rock
|-ability|p1a: Christmas Tigrou|Intimidate|boost
|-unboost|p2a: Heatran|atk|1
|
|-heal|p1a: Christmas Tigrou|18/100|[from] item: Leftovers
|-heal|p2a: Heatran|49/100|[from] Grassy Terrain
|upkeep
|turn|36
|
|t:|1664485775
|move|p1a: Christmas Tigrou|Earthquake|p2a: Heatran
|-supereffective|p2a: Heatran
|-damage|p2a: Heatran|0 fnt
|faint|p2a: Heatran
|
|-heal|p1a: Christmas Tigrou|24/100|[from] item: Leftovers
|upkeep
|
|t:|1664485777
|switch|p2a: Rillaboom|Rillaboom, M|28/100
|turn|37
|
|t:|1664485782
|move|p1a: Christmas Tigrou|U-turn|p2a: Rillaboom
|-supereffective|p2a: Rillaboom
|-damage|p2a: Rillaboom|0 fnt
|faint|p2a: Rillaboom
|
|win|Flarelda
|raw|Flarelda's rating: 1557 &rarr; <strong>1578</strong><br />(+21 for winning)
|raw|gotsnsd's rating: 1581 &rarr; <strong>1560</strong><br />(-21 for losing)
|l|☆gotsnsd
|c|☆Flarelda|gg
|l| Sunday surfer
||Ladder isn't responding, score probably updated but might not have (Request timeout).
