|j|☆Cool Trainer 727
|j|☆POLYKlNG
|t:|1640915969
|gametype|singles
|player|p1|Cool Trainer 727|169|1614
|player|p2|POLYKlNG|hilbert|1575
|teamsize|p1|6
|teamsize|p2|6
|gen|8
|tier|[Gen 8] OU
|rated|
|rule|Sleep Clause Mod: Limit one foe put to sleep
|rule|Species Clause: Limit one of each Pokémon
|rule|OHKO Clause: OHKO moves are banned
|rule|Evasion Moves Clause: Evasion moves are banned
|rule|Endless Battle Clause: Forcing endless battles is banned
|rule|HP Percentage Mod: HP is shown in percentages
|rule|Dynamax Clause: You cannot dynamax
|clearpoke
|poke|p1|Zapdos-Galar|
|poke|p1|Ribombee, M|
|poke|p1|Bisharp, F|
|poke|p1|Volcarona, F|
|poke|p1|Tapu Fini|
|poke|p1|Landorus-Therian, M|
|poke|p2|Slurpuff, M|
|poke|p2|Heatran, F|
|poke|p2|Rillaboom, F|
|poke|p2|Skarmory, M|
|poke|p2|Nidoking, M|
|poke|p2|Obstagoon, F|
|teampreview
|inactive|Battle timer is ON: inactive players will automatically lose when time's up. (requested by POLYKlNG)
|inactive|POLYKlNG has 120 seconds left.
|
|t:|1640916001
|start
|switch|p1a: Ribombee|Ribombee, M|100/100
|switch|p2a: Nidoking|Nidoking, M|100/100
|turn|1
|
|t:|1640916006
|move|p1a: Ribombee|Sticky Web|p2a: Nidoking
|-sidestart|p2: POLYKlNG|move: Sticky Web
|move|p2a: Nidoking|Sludge Wave|p1a: Ribombee
|-supereffective|p1a: Ribombee
|-enditem|p1a: Ribombee|Focus Sash
|-damage|p1a: Ribombee|1/100
|
|upkeep
|turn|2
|
|t:|1640916010
|move|p1a: Ribombee|Stun Spore|p2a: Nidoking
|-status|p2a: Nidoking|par
|cant|p2a: Nidoking|par
|
|upkeep
|turn|3
|
|t:|1640916026
|switch|p1a: Landorus|Landorus-Therian, M|100/100
|-ability|p1a: Landorus|Intimidate|boost
|-unboost|p2a: Nidoking|atk|1
|move|p2a: Nidoking|Ice Beam|p1a: Landorus
|-supereffective|p1a: Landorus
|-damage|p1a: Landorus|0 fnt
|faint|p1a: Landorus
|
|upkeep
|j| yugewgfa
|j| hopefulboi1234
|j| skylink42
|
|t:|1640916033
|switch|p1a: Zapdos|Zapdos-Galar|100/100
|turn|4
|j| The Dragon Gyrados
|
|t:|1640916044
|move|p1a: Zapdos|Stomping Tantrum|p2a: Nidoking
|-supereffective|p2a: Nidoking
|-damage|p2a: Nidoking|44/100 par
|move|p2a: Nidoking|Ice Beam|p1a: Zapdos
|-supereffective|p1a: Zapdos
|-damage|p1a: Zapdos|51/100
|
|upkeep
|turn|5
|j| Shawty Lo
|c| The Dragon Gyrados|wow
|j| Vrynsand
|c| The Dragon Gyrados|that zapdos
|c| The Dragon Gyrados|is vested
|c| The Dragon Gyrados|actually
|c| The Dragon Gyrados|a smart idea
|inactive|POLYKlNG has 120 seconds left.
|c|☆POLYKlNG|That's that tech
|
|t:|1640916083
|move|p1a: Zapdos|Stomping Tantrum|p2a: Nidoking
|-supereffective|p2a: Nidoking
|-damage|p2a: Nidoking|0 fnt
|faint|p2a: Nidoking
|
|upkeep
|
|t:|1640916089
|switch|p2a: Skarmory|Skarmory, M|100/100
|turn|6
|
|t:|1640916100
|move|p1a: Zapdos|Thunderous Kick|p2a: Skarmory
|-damage|p2a: Skarmory|75/100
|-unboost|p2a: Skarmory|def|1
|-damage|p1a: Zapdos|34/100|[from] item: Rocky Helmet|[of] p2a: Skarmory
|move|p2a: Skarmory|Body Press|p1a: Zapdos
|-resisted|p1a: Zapdos
|-damage|p1a: Zapdos|26/100
|
|upkeep
|turn|7
|
|t:|1640916111
|switch|p2a: Rillaboom|Rillaboom, F|100/100
|-activate|p2a: Rillaboom|move: Sticky Web
|-unboost|p2a: Rillaboom|spe|1
|-fieldstart|move: Grassy Terrain|[from] ability: Grassy Surge|[of] p2a: Rillaboom
|move|p1a: Zapdos|Thunderous Kick|p2a: Rillaboom
|-damage|p2a: Rillaboom|60/100
|-unboost|p2a: Rillaboom|def|1
|
|-heal|p2a: Rillaboom|66/100|[from] Grassy Terrain
|upkeep
|turn|8
|
|t:|1640916119
|move|p2a: Rillaboom|Grassy Glide|p1a: Zapdos
|-resisted|p1a: Zapdos
|-damage|p1a: Zapdos|1/100
|move|p1a: Zapdos|Brave Bird|p2a: Rillaboom
|-supereffective|p2a: Rillaboom
|-damage|p2a: Rillaboom|0 fnt
|faint|p2a: Rillaboom
|-damage|p1a: Zapdos|0 fnt|[from] Recoil
|faint|p1a: Zapdos
|
|upkeep
|c| The Dragon Gyrados|damn
|c| The Dragon Gyrados|OOF
|c|☆POLYKlNG|Alive...
|c| The Dragon Gyrados|disgsuting
|
|t:|1640916138
|switch|p2a: Slurpuff|Slurpuff, M|100/100
|switch|p1a: Ribombee|Ribombee, M|1/100
|-activate|p2a: Slurpuff|move: Sticky Web
|-unboost|p2a: Slurpuff|spe|1
|-enditem|p2a: Slurpuff|Grassy Seed
|-boost|p2a: Slurpuff|def|1|[from] item: Grassy Seed
|turn|9
|c| The Dragon Gyrados|slurpuff
|
|t:|1640916156
|move|p1a: Ribombee|Stun Spore|p2a: Slurpuff
|-status|p2a: Slurpuff|par
|move|p2a: Slurpuff|Calm Mind|p2a: Slurpuff
|-boost|p2a: Slurpuff|spa|1
|-boost|p2a: Slurpuff|spd|1
|
|-heal|p1a: Ribombee|7/100|[from] Grassy Terrain
|upkeep
|turn|10
|c| The Dragon Gyrados|bell drum
|c| The Dragon Gyrados|is nice
|
|t:|1640916169
|switch|p1a: Tapu Fini|Tapu Fini|100/100
|-fieldstart|move: Misty Terrain|[from] ability: Misty Surge|[of] p1a: Tapu Fini
|move|p2a: Slurpuff|Calm Mind|p2a: Slurpuff
|-boost|p2a: Slurpuff|spa|1
|-boost|p2a: Slurpuff|spd|1
|
|upkeep
|turn|11
|
|t:|1640916176
|move|p1a: Tapu Fini|Taunt|p2a: Slurpuff
|-start|p2a: Slurpuff|move: Taunt
|move|p2a: Slurpuff|Draining Kiss|p1a: Tapu Fini
|-damage|p1a: Tapu Fini|68/100
|
|-heal|p1a: Tapu Fini|74/100|[from] item: Leftovers
|upkeep
|turn|12
|
|t:|1640916180
|move|p1a: Tapu Fini|Calm Mind|p1a: Tapu Fini
|-boost|p1a: Tapu Fini|spa|1
|-boost|p1a: Tapu Fini|spd|1
|cant|p2a: Slurpuff|par
|
|-heal|p1a: Tapu Fini|80/100|[from] item: Leftovers
|upkeep
|turn|13
|c| The Dragon Gyrados|damn
|c| The Dragon Gyrados|oof
|l| skylink42
|
|t:|1640916194
|switch|p2a: Skarmory|Skarmory, M|75/100
|move|p1a: Tapu Fini|Calm Mind|p1a: Tapu Fini
|-boost|p1a: Tapu Fini|spa|1
|-boost|p1a: Tapu Fini|spd|1
|
|-heal|p1a: Tapu Fini|86/100|[from] item: Leftovers
|upkeep
|turn|14
|
|t:|1640916210
|move|p1a: Tapu Fini|Taunt|p2a: Skarmory
|-start|p2a: Skarmory|move: Taunt
|cant|p2a: Skarmory|move: Taunt|Whirlwind
|
|-heal|p1a: Tapu Fini|92/100|[from] item: Leftovers
|-fieldend|Misty Terrain
|upkeep
|turn|15
|c| The Dragon Gyrados|bra
|
|t:|1640916215
|switch|p2a: Heatran|Heatran, F|100/100
|-activate|p2a: Heatran|move: Sticky Web
|-unboost|p2a: Heatran|spe|1
|move|p1a: Tapu Fini|Calm Mind|p1a: Tapu Fini
|-boost|p1a: Tapu Fini|spa|1
|-boost|p1a: Tapu Fini|spd|1
|
|-heal|p1a: Tapu Fini|98/100|[from] item: Leftovers
|upkeep
|turn|16
|c| The Dragon Gyrados|u seen he had taunt
|
|t:|1640916218
|move|p1a: Tapu Fini|Surf|p2a: Heatran
|-supereffective|p2a: Heatran
|-damage|p2a: Heatran|0 fnt
|faint|p2a: Heatran
|
|-heal|p1a: Tapu Fini|100/100|[from] item: Leftovers
|upkeep
|c| Shawty Lo|gg
|c|☆POLYKlNG|gg
|-message|POLYKlNG forfeited.
|
|win|Cool Trainer 727
|raw|Cool Trainer 727's rating: 1614 &rarr; <strong>1632</strong><br />(+18 for winning)
|raw|POLYKlNG's rating: 1575 &rarr; <strong>1557</strong><br />(-18 for losing)
|l|☆POLYKlNG
|c| The Dragon Gyrados|ravaged
|l| The Dragon Gyrados
|l| Shawty Lo
|l| Vrynsand
