|j|☆volte
|j|☆IM AT MY LIMIT
|inactive|Battle timer is ON: inactive players will automatically lose when time's up.
|t:|1610498395
|player|p1|volte|tate|
|player|p2|IM AT MY LIMIT|lucas|
|teamsize|p1|6
|teamsize|p2|6
|gametype|singles
|gen|8
|tier|[Gen 8] OU
|rated|Tournament battle
|clearpoke
|poke|p1|Blissey, F|
|poke|p1|Seismitoad, F|
|poke|p1|Cobalion|
|poke|p1|Tapu Fini|
|poke|p1|Heatran, F|
|poke|p1|Regieleki|
|poke|p2|Blissey, F|
|poke|p2|Regieleki|
|poke|p2|Cobalion|
|poke|p2|Seismitoad, M|
|poke|p2|Heatran, F|
|poke|p2|Tapu Fini|
|rule|Sleep Clause Mod: Limit one foe put to sleep
|rule|Species Clause: Limit one of each Pokémon
|rule|OHKO Clause: OHKO moves are banned
|rule|Evasion Moves Clause: Evasion moves are banned
|rule|Endless Battle Clause: Forcing endless battles is banned
|rule|HP Percentage Mod: HP is shown in percentages
|rule|Dynamax Clause: You cannot dynamax
|teampreview
|inactive|IM AT MY LIMIT also wants the timer to be on.
|c|☆IM AT MY LIMIT|Nice tea.
|c|☆IM AT MY LIMIT|*team
|j|@pastagirl
|c|☆volte|omgç
|c|☆volte|ur so creative we have the same one
|c|☆IM AT MY LIMIT|Fr
|inactive|IM AT MY LIMIT has 120 seconds left.
|
|t:|1610498435
|start
|switch|p1a: Tapu Fini|Tapu Fini|100/100
|switch|p2a: Your mom|Heatran, F|100/100
|-fieldstart|move: Misty Terrain|[from] ability: Misty Surge|[of] p1a: Tapu Fini
|turn|1
|
|t:|1610498451
|switch|p2a: Deez nutz|Seismitoad, M|100/100
|move|p1a: Tapu Fini|Surf|p2a: Deez nutz
|-immune|p2a: Deez nutz|[from] ability: Water Absorb
|
|upkeep
|turn|2
|
|t:|1610498455
|move|p1a: Tapu Fini|Trick|p2a: Deez nutz
|-activate|p1a: Tapu Fini|move: Trick|[of] p2a: Deez nutz
|-item|p2a: Deez nutz|Ring Target|[from] move: Trick
|-item|p1a: Tapu Fini|Leftovers|[from] move: Trick
|move|p2a: Deez nutz|Stealth Rock|p1a: Tapu Fini
|-sidestart|p1: volte|move: Stealth Rock
|
|upkeep
|turn|3
|
|t:|1610498468
|switch|p1a: Seismitoad|Seismitoad, F|100/100
|-damage|p1a: Seismitoad|94/100|[from] Stealth Rock
|move|p2a: Deez nutz|Knock Off|p1a: Seismitoad
|-damage|p1a: Seismitoad|73/100
|-enditem|p1a: Seismitoad|Life Orb|[from] move: Knock Off|[of] p2a: Deez nutz
|
|upkeep
|turn|4
|
|t:|1610498472
|move|p2a: Deez nutz|Earth Power|p1a: Seismitoad
|-damage|p1a: Seismitoad|42/100
|move|p1a: Seismitoad|Grass Knot|p2a: Deez nutz
|-supereffective|p2a: Deez nutz
|-damage|p2a: Deez nutz|5/100
|
|upkeep
|turn|5
|
|t:|1610498477
|move|p2a: Deez nutz|Earth Power|p1a: Seismitoad
|-damage|p1a: Seismitoad|13/100
|move|p1a: Seismitoad|Earthquake|p2a: Deez nutz
|-damage|p2a: Deez nutz|0 fnt
|faint|p2a: Deez nutz
|
|-fieldend|Misty Terrain
|upkeep
|
|t:|1610498484
|switch|p2a: Ass|Regieleki|100/100
|turn|6
|
|t:|1610498488
|move|p2a: Ass|Swift|p1a: Seismitoad
|-damage|p1a: Seismitoad|0 fnt
|faint|p1a: Seismitoad
|
|upkeep
|
|t:|1610498492
|switch|p1a: Blissey|Blissey, F|100/100
|-damage|p1a: Blissey|88/100|[from] Stealth Rock
|turn|7
|
|t:|1610498496
|switch|p2a: Fatass|Blissey, F, shiny|100/100
|move|p1a: Blissey|Seismic Toss|p2a: Fatass
|-damage|p2a: Fatass|86/100
|
|-heal|p1a: Blissey|94/100|[from] item: Leftovers
|upkeep
|turn|8
|
|t:|1610498499
|move|p1a: Blissey|Thunder Wave|p2a: Fatass
|-status|p2a: Fatass|par
|cant|p2a: Fatass|par
|
|-heal|p1a: Blissey|99/100|[from] item: Leftovers
|upkeep
|turn|9
|
|t:|1610498501
|switch|p2a: tony hawk|Tapu Fini|100/100
|-fieldstart|move: Misty Terrain|[from] ability: Misty Surge|[of] p2a: tony hawk
|move|p1a: Blissey|Seismic Toss|p2a: tony hawk
|-damage|p2a: tony hawk|71/100
|
|-heal|p2a: tony hawk|78/100|[from] item: Leftovers
|-heal|p1a: Blissey|100/100|[from] item: Leftovers
|upkeep
|turn|10
|
|t:|1610498508
|move|p2a: tony hawk|Whirlpool|p1a: Blissey
|-damage|p1a: Blissey|96/100
|-activate|p1a: Blissey|move: Whirlpool|[of] p2a: tony hawk
|move|p1a: Blissey|Thunder Wave|p2a: tony hawk
|-activate|p2a: tony hawk|move: Misty Terrain
|
|-heal|p2a: tony hawk|84/100|[from] item: Leftovers
|-heal|p1a: Blissey|100/100|[from] item: Leftovers
|-damage|p1a: Blissey|88/100|[from] move: Whirlpool|[partiallytrapped]
|upkeep
|turn|11
|
|t:|1610498515
|move|p2a: tony hawk|Taunt|p1a: Blissey
|-start|p1a: Blissey|move: Taunt
|cant|p1a: Blissey|move: Taunt|Thunder Wave
|
|-heal|p2a: tony hawk|90/100|[from] item: Leftovers
|-heal|p1a: Blissey|94/100|[from] item: Leftovers
|-damage|p1a: Blissey|82/100|[from] move: Whirlpool|[partiallytrapped]
|upkeep
|turn|12
|
|t:|1610498517
|move|p2a: tony hawk|Nature's Madness|p1a: Blissey
|-damage|p1a: Blissey|41/100
|move|p1a: Blissey|Seismic Toss|p2a: tony hawk
|-damage|p2a: tony hawk|61/100
|
|-heal|p2a: tony hawk|67/100|[from] item: Leftovers
|-heal|p1a: Blissey|47/100|[from] item: Leftovers
|-damage|p1a: Blissey|35/100|[from] move: Whirlpool|[partiallytrapped]
|upkeep
|turn|13
|
|t:|1610498520
|move|p2a: tony hawk|Draining Kiss|p1a: Blissey
|-damage|p1a: Blissey|29/100
|-heal|p2a: tony hawk|76/100|[from] drain|[of] p1a: Blissey
|move|p1a: Blissey|Seismic Toss|p2a: tony hawk
|-damage|p2a: tony hawk|47/100
|
|-heal|p2a: tony hawk|53/100|[from] item: Leftovers
|-heal|p1a: Blissey|35/100|[from] item: Leftovers
|-damage|p1a: Blissey|22/100|[from] move: Whirlpool|[partiallytrapped]
|-end|p1a: Blissey|move: Taunt
|-fieldend|Misty Terrain
|upkeep
|turn|14
|
|t:|1610498523
|move|p2a: tony hawk|Taunt|p1a: Blissey
|-start|p1a: Blissey|move: Taunt
|move|p1a: Blissey|Seismic Toss|p2a: tony hawk
|-damage|p2a: tony hawk|24/100
|
|-heal|p2a: tony hawk|30/100|[from] item: Leftovers
|-heal|p1a: Blissey|29/100|[from] item: Leftovers
|-damage|p1a: Blissey|16/100|[from] move: Whirlpool|[partiallytrapped]
|upkeep
|turn|15
|
|t:|1610498527
|move|p2a: tony hawk|Draining Kiss|p1a: Blissey
|-damage|p1a: Blissey|10/100
|-heal|p2a: tony hawk|39/100|[from] drain|[of] p1a: Blissey
|move|p1a: Blissey|Seismic Toss|p2a: tony hawk
|-damage|p2a: tony hawk|10/100
|
|-heal|p2a: tony hawk|16/100|[from] item: Leftovers
|-heal|p1a: Blissey|16/100|[from] item: Leftovers
|-end|p1a: Blissey|Whirlpool|[partiallytrapped]
|upkeep
|turn|16
|
|t:|1610498535
|move|p2a: tony hawk|Nature's Madness|p1a: Blissey
|-damage|p1a: Blissey|8/100
|move|p1a: Blissey|Seismic Toss|p2a: tony hawk
|-damage|p2a: tony hawk|0 fnt
|faint|p2a: tony hawk
|
|-heal|p1a: Blissey|15/100|[from] item: Leftovers
|-end|p1a: Blissey|move: Taunt
|upkeep
|
|t:|1610498538
|switch|p2a: Ass|Regieleki|100/100
|turn|17
|
|t:|1610498542
|move|p2a: Ass|Volt Switch|p1a: Blissey
|-damage|p1a: Blissey|0 fnt
|faint|p1a: Blissey
|
|t:|1610498546
|switch|p2a: I|Cobalion|100/100|[from]move: Volt Switch
|
|upkeep
|c|☆volte|so speed tie ?
|c|☆volte|u ready
|
|t:|1610498576
|switch|p1a: Regieleki|Regieleki|100/100
|-damage|p1a: Regieleki|88/100|[from] Stealth Rock
|turn|18
|c|☆IM AT MY LIMIT|Yea
|
|t:|1610498587
|move|p1a: Regieleki|Volt Switch|p2a: I
|-damage|p2a: I|24/100
|c|☆IM AT MY LIMIT|Oh shit
|
|t:|1610498595
|switch|p1a: Heatran|Heatran, F|100/100|[from]move: Volt Switch
|-damage|p1a: Heatran|88/100|[from] Stealth Rock
|move|p2a: I|Volt Switch|p1a: Heatran
|-damage|p1a: Heatran|80/100
|c|☆IM AT MY LIMIT|😳
|
|t:|1610498601
|switch|p2a: Your mom|Heatran, F|100/100|[from]move: Volt Switch
|
|-heal|p1a: Heatran|86/100|[from] item: Leftovers
|upkeep
|turn|19
|c|☆volte|lmao
|c|☆IM AT MY LIMIT|Speed tie in coming
|
|t:|1610498612
|switch|p1a: Tapu Fini|Tapu Fini|100/100
|-damage|p1a: Tapu Fini|88/100|[from] Stealth Rock
|-fieldstart|move: Misty Terrain|[from] ability: Misty Surge|[of] p1a: Tapu Fini
|move|p2a: Your mom|Earth Power|p1a: Tapu Fini
|-damage|p1a: Tapu Fini|69/100
|
|-heal|p1a: Tapu Fini|75/100|[from] item: Leftovers
|upkeep
|turn|20
|
|t:|1610498620
|switch|p2a: Fatass|Blissey, F, shiny|86/100
|move|p1a: Tapu Fini|Surf|p2a: Fatass
|-damage|p2a: Fatass|73/100
|
|-heal|p1a: Tapu Fini|81/100|[from] item: Leftovers
|upkeep
|turn|21
|c|☆volte|im scared
|
|t:|1610498629
|switch|p1a: Cobalion|Cobalion|100/100
|-damage|p1a: Cobalion|97/100|[from] Stealth Rock
|move|p2a: Fatass|Teleport|p2a: Fatass
|c|☆IM AT MY LIMIT|Damn why didnt you take it :(
|
|t:|1610498638
|switch|p2a: Ass|Regieleki|100/100|[from]move: Teleport
|
|upkeep
|turn|22
|
|t:|1610498645
|switch|p1a: Heatran|Heatran, F|86/100
|-damage|p1a: Heatran|74/100|[from] Stealth Rock
|move|p2a: Ass|Volt Switch|p1a: Heatran
|-damage|p1a: Heatran|31/100
|
|t:|1610498656
|switch|p2a: I|Cobalion|24/100|[from]move: Volt Switch
|
|-heal|p2a: I|31/100|[from] item: Leftovers
|-heal|p1a: Heatran|37/100|[from] item: Leftovers
|upkeep
|turn|23
|
|t:|1610498660
|move|p2a: I|Volt Switch|p1a: Heatran
|-damage|p1a: Heatran|28/100
|
|t:|1610498662
|switch|p2a: Fatass|Blissey, F, shiny|73/100|[from]move: Volt Switch
|move|p1a: Heatran|Magma Storm|p2a: Fatass|[miss]
|-miss|p1a: Heatran|p2a: Fatass
|
|-heal|p1a: Heatran|34/100|[from] item: Leftovers
|-fieldend|Misty Terrain
|upkeep
|turn|24
|
|t:|1610498665
|move|p1a: Heatran|Magma Storm|p2a: Fatass
|-damage|p2a: Fatass|58/100
|-activate|p2a: Fatass|move: Magma Storm|[of] p1a: Heatran
|move|p2a: Fatass|Seismic Toss|p1a: Heatran
|-damage|p1a: Heatran|9/100
|
|-heal|p1a: Heatran|15/100|[from] item: Leftovers
|-damage|p2a: Fatass|46/100|[from] move: Magma Storm|[partiallytrapped]
|upkeep
|turn|25
|
|t:|1610498667
|move|p1a: Heatran|Toxic|p2a: Fatass
|-status|p2a: Fatass|tox
|move|p2a: Fatass|Seismic Toss|p1a: Heatran
|-damage|p1a: Heatran|0 fnt
|faint|p1a: Heatran
|
|-damage|p2a: Fatass|40/100 tox|[from] psn
|-end|p2a: Fatass|Magma Storm|[partiallytrapped]|[silent]
|upkeep
|
|t:|1610498675
|switch|p1a: Cobalion|Cobalion|97/100
|-damage|p1a: Cobalion|94/100|[from] Stealth Rock
|turn|26
|
|t:|1610498678
|-curestatus|p2a: Fatass|tox|[from] ability: Natural Cure
|switch|p2a: I|Cobalion|31/100
|move|p1a: Cobalion|Close Combat|p2a: I
|-supereffective|p2a: I
|-damage|p2a: I|0 fnt
|-unboost|p1a: Cobalion|def|1
|-unboost|p1a: Cobalion|spd|1
|faint|p2a: I
|
|upkeep
|
|t:|1610498680
|switch|p2a: Ass|Regieleki|100/100
|turn|27
|
|t:|1610498692
|move|p2a: Ass|Volt Switch|p1a: Cobalion
|-damage|p1a: Cobalion|0 fnt
|faint|p1a: Cobalion
|
|t:|1610498697
|switch|p2a: Fatass|Blissey, F, shiny|40/100|[from]move: Volt Switch
|
|upkeep
|
|t:|1610498706
|switch|p1a: Tapu Fini|Tapu Fini|81/100
|-damage|p1a: Tapu Fini|69/100|[from] Stealth Rock
|-fieldstart|move: Misty Terrain|[from] ability: Misty Surge|[of] p1a: Tapu Fini
|turn|28
|
|t:|1610498708
|move|p1a: Tapu Fini|Calm Mind|p1a: Tapu Fini
|-boost|p1a: Tapu Fini|spa|1
|-boost|p1a: Tapu Fini|spd|1
|move|p2a: Fatass|Soft-Boiled|p2a: Fatass
|-heal|p2a: Fatass|90/100
|
|-heal|p1a: Tapu Fini|75/100|[from] item: Leftovers
|upkeep
|turn|29
|
|t:|1610498712
|move|p1a: Tapu Fini|Surf|p2a: Fatass
|-damage|p2a: Fatass|67/100
|move|p2a: Fatass|Teleport|p2a: Fatass
|
|t:|1610498714
|switch|p2a: Ass|Regieleki|100/100|[from]move: Teleport
|
|-heal|p1a: Tapu Fini|81/100|[from] item: Leftovers
|upkeep
|turn|30
|
|t:|1610498720
|move|p2a: Ass|Thunderbolt|p1a: Tapu Fini
|-supereffective|p1a: Tapu Fini
|-damage|p1a: Tapu Fini|0 fnt
|faint|p1a: Tapu Fini
|
|upkeep
|
|t:|1610498722
|switch|p1a: Regieleki|Regieleki|88/100
|-damage|p1a: Regieleki|76/100|[from] Stealth Rock
|turn|31
|c|☆IM AT MY LIMIT|Wow
|
|t:|1610498726
|move|p1a: Regieleki|Thunderbolt|p2a: Ass
|-resisted|p2a: Ass
|-damage|p2a: Ass|20/100
|move|p2a: Ass|Thunderbolt|p1a: Regieleki
|-resisted|p1a: Regieleki
|-damage|p1a: Regieleki|0 fnt
|faint|p1a: Regieleki
|
|win|IM AT MY LIMIT
|n|☆volte|volte
|n|☆IM AT MY LIMIT|imatmylimit
|n| pastagirl|pastagirl
|l|☆volte
