|j|☆Steelix Fusion
|j|☆RggV_YT
|t:|1653455466
|gametype|singles
|player|p1|Steelix Fusion|marshal|1581
|player|p2|RggV_YT|scientist-gen4|1661
|teamsize|p1|6
|teamsize|p2|6
|gen|8
|tier|[Gen 8] OU
|rated|
|rule|Sleep Clause Mod: Limit one foe put to sleep
|rule|Species Clause: Limit one of each Pokémon
|rule|OHKO Clause: OHKO moves are banned
|rule|Evasion Moves Clause: Evasion moves are banned
|rule|Endless Battle Clause: Forcing endless battles is banned
|rule|HP Percentage Mod: HP is shown in percentages
|rule|Dynamax Clause: You cannot dynamax
|clearpoke
|poke|p1|Ninetales-Alola, M|
|poke|p1|Klefki, M|
|poke|p1|Scolipede, M|
|poke|p1|Weavile, M|
|poke|p1|Steelix, M|
|poke|p1|Gyarados, M|
|poke|p2|Heliolisk, F|
|poke|p2|Torkoal, F|
|poke|p2|Heatran, M|
|poke|p2|Venusaur, F|
|poke|p2|Landorus-Therian, M|
|poke|p2|Weavile, M|
|teampreview
|inactive|Battle timer is ON: inactive players will automatically lose when time's up. (requested by RggV_YT)
|
|t:|1653455489
|start
|switch|p1a: Klefki|Klefki, M|100/100
|switch|p2a: Heatran|Heatran, M|100/100
|-item|p2a: Heatran|Air Balloon
|turn|1
|j| Djjduddh
|
|t:|1653455495
|move|p1a: Klefki|Light Screen|p1a: Klefki
|-sidestart|p1: Steelix Fusion|move: Light Screen
|move|p2a: Heatran|Magma Storm|p1a: Klefki|[miss]
|-miss|p2a: Heatran|p1a: Klefki
|
|upkeep
|turn|2
|
|t:|1653455500
|move|p1a: Klefki|Thunder Wave|p2a: Heatran
|-status|p2a: Heatran|par
|move|p2a: Heatran|Magma Storm|p1a: Klefki
|-supereffective|p1a: Klefki
|-damage|p1a: Klefki|42/100
|-activate|p1a: Klefki|move: Magma Storm|[of] p2a: Heatran
|
|-damage|p1a: Klefki|29/100|[from] move: Magma Storm|[partiallytrapped]
|upkeep
|turn|3
|
|t:|1653455507
|move|p1a: Klefki|Reflect|p1a: Klefki
|-sidestart|p1: Steelix Fusion|Reflect
|move|p2a: Heatran|Magma Storm|p1a: Klefki
|-supereffective|p1a: Klefki
|-damage|p1a: Klefki|0 fnt
|faint|p1a: Klefki
|
|upkeep
|
|t:|1653455512
|switch|p1a: Gyarados|Gyarados, M, shiny|100/100
|turn|4
|
|t:|1653455516
|switch|p2a: Heliolisk|Heliolisk, F, shiny|100/100
|move|p1a: Gyarados|Dragon Dance|p1a: Gyarados
|-boost|p1a: Gyarados|atk|1
|-boost|p1a: Gyarados|spe|1
|
|upkeep
|turn|5
|
|t:|1653455521
|move|p2a: Heliolisk|Volt Switch|p1a: Gyarados
|-supereffective|p1a: Gyarados
|-damage|p1a: Gyarados|32/100
|
|t:|1653455528
|switch|p2a: Landorus|Landorus-Therian, M|100/100|[from]move: Volt Switch
|-ability|p2a: Landorus|Intimidate|boost
|-unboost|p1a: Gyarados|atk|1
|move|p1a: Gyarados|Earthquake|p2a: Landorus
|-immune|p2a: Landorus
|
|-heal|p1a: Gyarados|38/100|[from] item: Leftovers
|upkeep
|turn|6
|
|t:|1653455536
|move|p1a: Gyarados|Dragon Dance|p1a: Gyarados
|-boost|p1a: Gyarados|atk|1
|-boost|p1a: Gyarados|spe|1
|move|p2a: Landorus|Toxic|p1a: Gyarados
|-status|p1a: Gyarados|tox
|
|-heal|p1a: Gyarados|44/100 tox|[from] item: Leftovers
|-damage|p1a: Gyarados|38/100 tox|[from] psn
|upkeep
|turn|7
|l| Djjduddh
|
|t:|1653455543
|switch|p2a: Torkoal|Torkoal, F|100/100
|-weather|SunnyDay|[from] ability: Drought|[of] p2a: Torkoal
|move|p1a: Gyarados|Waterfall|p2a: Torkoal
|-supereffective|p2a: Torkoal
|-damage|p2a: Torkoal|60/100
|
|-weather|SunnyDay|[upkeep]
|-heal|p1a: Gyarados|44/100 tox|[from] item: Leftovers
|-damage|p1a: Gyarados|32/100 tox|[from] psn
|upkeep
|turn|8
|
|t:|1653455552
|switch|p2a: Landorus|Landorus-Therian, M|100/100
|-ability|p2a: Landorus|Intimidate|boost
|-unboost|p1a: Gyarados|atk|1
|move|p1a: Gyarados|Waterfall|p2a: Landorus
|-supereffective|p2a: Landorus
|-damage|p2a: Landorus|70/100
|
|-weather|SunnyDay|[upkeep]
|-heal|p1a: Gyarados|38/100 tox|[from] item: Leftovers
|-heal|p2a: Landorus|76/100|[from] item: Leftovers
|-damage|p1a: Gyarados|20/100 tox|[from] psn
|-sideend|p1: Steelix Fusion|move: Light Screen
|upkeep
|turn|9
|
|t:|1653455563
|switch|p2a: Venusaur|Venusaur, F|100/100
|move|p1a: Gyarados|Waterfall|p2a: Venusaur
|-resisted|p2a: Venusaur
|-damage|p2a: Venusaur|85/100
|
|-weather|SunnyDay|[upkeep]
|-heal|p1a: Gyarados|26/100 tox|[from] item: Leftovers
|-damage|p1a: Gyarados|1/100 tox|[from] psn
|upkeep
|turn|10
|
|t:|1653455573
|move|p2a: Venusaur|Giga Drain|p1a: Gyarados
|-damage|p1a: Gyarados|0 fnt
|-heal|p2a: Venusaur|86/100|[from] drain|[of] p1a: Gyarados
|faint|p1a: Gyarados
|-damage|p2a: Venusaur|76/100|[from] item: Life Orb
|
|-weather|SunnyDay|[upkeep]
|-sideend|p1: Steelix Fusion|Reflect
|upkeep
|j| Djjduddh
|
|t:|1653455579
|switch|p1a: Ninetales|Ninetales-Alola, M|100/100
|-weather|Hail|[from] ability: Snow Warning|[of] p1a: Ninetales
|turn|11
|
|t:|1653455584
|switch|p1a: Weavile|Weavile, M|100/100
|-ability|p1a: Weavile|Pressure
|switch|p2a: Torkoal|Torkoal, F|60/100
|-weather|SunnyDay|[from] ability: Drought|[of] p2a: Torkoal
|
|-weather|SunnyDay|[upkeep]
|upkeep
|turn|12
|
|t:|1653455593
|move|p1a: Weavile|Knock Off|p2a: Torkoal
|-damage|p2a: Torkoal|18/100
|-enditem|p2a: Torkoal|Heat Rock|[from] move: Knock Off|[of] p1a: Weavile
|-damage|p1a: Weavile|91/100|[from] item: Life Orb
|move|p2a: Torkoal|Lava Plume|p1a: Weavile
|-supereffective|p1a: Weavile
|-damage|p1a: Weavile|0 fnt
|faint|p1a: Weavile
|
|-weather|SunnyDay|[upkeep]
|upkeep
|
|t:|1653455602
|switch|p1a: Ninetales|Ninetales-Alola, M|100/100
|-weather|Hail|[from] ability: Snow Warning|[of] p1a: Ninetales
|turn|13
|
|t:|1653455606
|switch|p2a: Heatran|Heatran, M|100/100 par
|-item|p2a: Heatran|Air Balloon
|move|p1a: Ninetales|Aurora Veil|p1a: Ninetales
|-sidestart|p1: Steelix Fusion|move: Aurora Veil
|
|-weather|Hail|[upkeep]
|-damage|p2a: Heatran|94/100 par|[from] Hail
|upkeep
|turn|14
|
|t:|1653455612
|move|p1a: Ninetales|Freeze-Dry|p2a: Heatran
|-resisted|p2a: Heatran
|-damage|p2a: Heatran|89/100 par
|-enditem|p2a: Heatran|Air Balloon
|move|p2a: Heatran|Magma Storm|p1a: Ninetales
|-supereffective|p1a: Ninetales
|-damage|p1a: Ninetales|42/100
|-activate|p1a: Ninetales|move: Magma Storm|[of] p2a: Heatran
|
|-weather|Hail|[upkeep]
|-damage|p2a: Heatran|83/100 par|[from] Hail
|-damage|p1a: Ninetales|30/100|[from] move: Magma Storm|[partiallytrapped]
|upkeep
|turn|15
|
|t:|1653455629
|move|p1a: Ninetales|Encore|p2a: Heatran
|-start|p2a: Heatran|Encore
|move|p2a: Heatran|Magma Storm|p1a: Ninetales|[miss]
|-miss|p2a: Heatran|p1a: Ninetales
|
|-weather|Hail|[upkeep]
|-damage|p2a: Heatran|77/100 par|[from] Hail
|-damage|p1a: Ninetales|18/100|[from] move: Magma Storm|[partiallytrapped]
|upkeep
|turn|16
|
|t:|1653455638
|switch|p2a: Torkoal|Torkoal, F|18/100
|-weather|SunnyDay|[from] ability: Drought|[of] p2a: Torkoal
|move|p1a: Ninetales|Freeze-Dry|p2a: Torkoal
|-resisted|p2a: Torkoal
|-damage|p2a: Torkoal|5/100
|
|-weather|SunnyDay|[upkeep]
|-end|p1a: Ninetales|Magma Storm|[partiallytrapped]|[silent]
|upkeep
|turn|17
|
|t:|1653455646
|switch|p2a: Heliolisk|Heliolisk, F, shiny|100/100
|move|p1a: Ninetales|Freeze-Dry|p2a: Heliolisk
|-damage|p2a: Heliolisk|72/100
|
|-weather|SunnyDay|[upkeep]
|-damage|p2a: Heliolisk|59/100|[from] ability: Solar Power|[of] p2a: Heliolisk
|upkeep
|turn|18
|
|t:|1653455655
|switch|p1a: Steelix|Steelix, M, shiny|100/100
|move|p2a: Heliolisk|Weather Ball|p1a: Steelix
|-supereffective|p1a: Steelix
|-damage|p1a: Steelix|35/100
|
|-weather|SunnyDay|[upkeep]
|-damage|p2a: Heliolisk|47/100|[from] ability: Solar Power|[of] p2a: Heliolisk
|-heal|p1a: Steelix|41/100|[from] item: Leftovers
|upkeep
|turn|19
|
|t:|1653455664
|switch|p1a: Ninetales|Ninetales-Alola, M|18/100
|-weather|Hail|[from] ability: Snow Warning|[of] p1a: Ninetales
|move|p2a: Heliolisk|Weather Ball|p1a: Ninetales
|-resisted|p1a: Ninetales
|-damage|p1a: Ninetales|9/100
|
|-weather|Hail|[upkeep]
|-damage|p2a: Heliolisk|41/100|[from] Hail
|upkeep
|turn|20
|
|t:|1653455676
|switch|p2a: Torkoal|Torkoal, F|5/100
|-weather|SunnyDay|[from] ability: Drought|[of] p2a: Torkoal
|move|p1a: Ninetales|Freeze-Dry|p2a: Torkoal
|-resisted|p2a: Torkoal
|-damage|p2a: Torkoal|0 fnt
|faint|p2a: Torkoal
|
|-weather|SunnyDay|[upkeep]
|-sideend|p1: Steelix Fusion|move: Aurora Veil
|upkeep
|
|t:|1653455680
|switch|p2a: Heliolisk|Heliolisk, F, shiny|41/100
|turn|21
|
|t:|1653455689
|switch|p1a: Steelix|Steelix, M, shiny|41/100
|move|p2a: Heliolisk|Weather Ball|p1a: Steelix
|-supereffective|p1a: Steelix
|-damage|p1a: Steelix|0 fnt
|faint|p1a: Steelix
|
|-weather|SunnyDay|[upkeep]
|-damage|p2a: Heliolisk|28/100|[from] ability: Solar Power|[of] p2a: Heliolisk
|upkeep
|
|t:|1653455697
|switch|p1a: Ninetales|Ninetales-Alola, M|9/100
|-weather|Hail|[from] ability: Snow Warning|[of] p1a: Ninetales
|turn|22
|
|t:|1653455706
|move|p2a: Heliolisk|Weather Ball|p1a: Ninetales
|-resisted|p1a: Ninetales
|-damage|p1a: Ninetales|0 fnt
|faint|p1a: Ninetales
|
|-weather|Hail|[upkeep]
|-damage|p2a: Heliolisk|22/100|[from] Hail
|upkeep
|
|t:|1653455712
|switch|p1a: Scolipede|Scolipede, M|100/100
|turn|23
|
|t:|1653455716
|move|p2a: Heliolisk|Weather Ball|p1a: Scolipede
|-damage|p1a: Scolipede|46/100
|move|p1a: Scolipede|Swords Dance|p1a: Scolipede
|-boost|p1a: Scolipede|atk|2
|
|-weather|Hail|[upkeep]
|-damage|p2a: Heliolisk|16/100|[from] Hail
|-damage|p1a: Scolipede|40/100|[from] Hail
|-ability|p1a: Scolipede|Speed Boost|boost
|-boost|p1a: Scolipede|spe|1
|upkeep
|turn|24
|
|t:|1653455725
|move|p2a: Heliolisk|Weather Ball|p1a: Scolipede
|-damage|p1a: Scolipede|0 fnt
|faint|p1a: Scolipede
|
|win|RggV_YT
|raw|Steelix Fusion's rating: 1581 &rarr; <strong>1566</strong><br />(-15 for losing)
|raw|RggV_YT's rating: 1661 &rarr; <strong>1676</strong><br />(+15 for winning)
|c|☆Steelix Fusion|forgot
|l|☆RggV_YT
|j|☆RggV_YT
|player|p2|RggV_YT|scientist-gen4
|c|☆Steelix Fusion|how shitty that set is
|l|☆Steelix Fusion
|c|☆RggV_YT|Gg
|l|☆RggV_YT
|player|p2|
