|j|☆return nirvana
|j|☆Legendaryhomyak
|inactive|Battle timer is ON: inactive players will automatically lose when time's up.
|t:|1655123313
|gametype|singles
|player|p1|return nirvana|gambler-gen1|
|player|p2|Legendaryhomyak|lillie-z|
|teamsize|p1|6
|teamsize|p2|6
|gen|8
|tier|[Gen 8] OU
|rated|Tournament battle
|rule|Sleep Clause Mod: Limit one foe put to sleep
|rule|Species Clause: Limit one of each Pokémon
|rule|OHKO Clause: OHKO moves are banned
|rule|Evasion Moves Clause: Evasion moves are banned
|rule|Endless Battle Clause: Forcing endless battles is banned
|rule|HP Percentage Mod: HP is shown in percentages
|rule|Dynamax Clause: You cannot dynamax
|clearpoke
|poke|p1|Landorus-Therian, M|
|poke|p1|Pelipper, M|
|poke|p1|Omastar, M|
|poke|p1|Nihilego|
|poke|p1|Tornadus-Therian, M|
|poke|p1|Ferrothorn, M|
|poke|p2|Pelipper, M|
|poke|p2|Barraskewda, M|
|poke|p2|Zapdos|
|poke|p2|Tapu Lele|
|poke|p2|Gengar, M|
|poke|p2|Ferrothorn, M|
|teampreview
|inactive|Legendaryhomyak also wants the timer to be on.
|
|t:|1655123323
|start
|switch|p1a: Nihilego|Nihilego, shiny|100/100
|switch|p2a: Pelipper|Pelipper, M|100/100
|-weather|RainDance|[from] ability: Drizzle|[of] p2a: Pelipper
|turn|1
|j| Enkefalos
|
|t:|1655123340
|switch|p1a: Ferrothorn|Ferrothorn, M, shiny|100/100
|switch|p2a: Ferrothorn|Ferrothorn, M|100/100
|
|-weather|RainDance|[upkeep]
|upkeep
|turn|2
|
|t:|1655123344
|move|p2a: Ferrothorn|Stealth Rock|p1a: Ferrothorn
|-sidestart|p1: return nirvana|move: Stealth Rock
|move|p1a: Ferrothorn|Body Press|p2a: Ferrothorn
|-supereffective|p2a: Ferrothorn
|-damage|p2a: Ferrothorn|54/100
|-damage|p1a: Ferrothorn|88/100|[from] ability: Iron Barbs|[of] p2a: Ferrothorn
|
|-weather|RainDance|[upkeep]
|-heal|p2a: Ferrothorn|60/100|[from] item: Leftovers
|upkeep
|turn|3
|c| Enkefalos|The one with peli will win
|
|t:|1655123346
|move|p2a: Ferrothorn|Thunder Wave|p1a: Ferrothorn
|-status|p1a: Ferrothorn|par
|cant|p1a: Ferrothorn|par
|
|-weather|RainDance|[upkeep]
|-heal|p2a: Ferrothorn|66/100|[from] item: Leftovers
|upkeep
|turn|4
|
|t:|1655123363
|switch|p2a: Gengar|Gengar, M|100/100
|move|p1a: Ferrothorn|Spikes|p2a: Gengar
|-sidestart|p2: Legendaryhomyak|Spikes
|
|-weather|RainDance|[upkeep]
|upkeep
|turn|5
|
|t:|1655123366
|switch|p1a: Tornadus|Tornadus-Therian, M, shiny|100/100
|move|p2a: Gengar|Substitute|p2a: Gengar
|-start|p2a: Gengar|Substitute
|-damage|p2a: Gengar|76/100
|
|-weather|none
|upkeep
|turn|6
|
|t:|1655123370
|move|p2a: Gengar|Shadow Ball|p1a: Tornadus
|-damage|p1a: Tornadus|64/100
|move|p1a: Tornadus|Knock Off|p2a: Gengar
|-supereffective|p2a: Gengar
|-end|p2a: Gengar|Substitute
|
|upkeep
|turn|7
|
|t:|1655123378
|switch|p2a: Zapdos|Zapdos|100/100
|move|p1a: Tornadus|U-turn|p2a: Zapdos
|-resisted|p2a: Zapdos
|-damage|p2a: Zapdos|92/100
|
|t:|1655123388
|switch|p1a: Nihilego|Nihilego, shiny|100/100|[from]move: U-turn
|-damage|p1a: Nihilego|88/100|[from] Stealth Rock
|
|upkeep
|turn|8
|
|t:|1655123393
|switch|p2a: Ferrothorn|Ferrothorn, M|66/100
|-damage|p2a: Ferrothorn|54/100|[from] Spikes
|move|p1a: Nihilego|Meteor Beam||[still]
|-prepare|p1a: Nihilego|Meteor Beam
|-boost|p1a: Nihilego|spa|1
|-enditem|p1a: Nihilego|Power Herb
|-anim|p1a: Nihilego|Meteor Beam|p2a: Ferrothorn|[miss]
|-miss|p1a: Nihilego|p2a: Ferrothorn
|
|-heal|p2a: Ferrothorn|60/100|[from] item: Leftovers
|upkeep
|turn|9
|
|t:|1655123398
|move|p1a: Nihilego|Power Gem|p2a: Ferrothorn
|-resisted|p2a: Ferrothorn
|-damage|p2a: Ferrothorn|42/100
|move|p2a: Ferrothorn|Leech Seed|p1a: Nihilego
|-start|p1a: Nihilego|move: Leech Seed
|
|-heal|p2a: Ferrothorn|48/100|[from] item: Leftovers
|-damage|p1a: Nihilego|76/100|[from] Leech Seed|[of] p2a: Ferrothorn
|-heal|p2a: Ferrothorn|60/100|[silent]
|upkeep
|turn|10
|
|t:|1655123403
|switch|p1a: Landorus|Landorus-Therian, M, shiny|100/100
|-damage|p1a: Landorus|88/100|[from] Stealth Rock
|-ability|p1a: Landorus|Intimidate|boost
|-unboost|p2a: Ferrothorn|atk|1
|move|p2a: Ferrothorn|Thunder Wave|p1a: Landorus
|-immune|p1a: Landorus
|
|-heal|p1a: Landorus|94/100|[from] item: Leftovers
|-heal|p2a: Ferrothorn|66/100|[from] item: Leftovers
|upkeep
|turn|11
|
|t:|1655123409
|move|p1a: Landorus|Knock Off|p2a: Ferrothorn
|-damage|p2a: Ferrothorn|43/100
|-damage|p1a: Landorus|82/100|[from] ability: Iron Barbs|[of] p2a: Ferrothorn
|-enditem|p2a: Ferrothorn|Leftovers|[from] move: Knock Off|[of] p1a: Landorus
|move|p2a: Ferrothorn|Leech Seed|p1a: Landorus
|-start|p1a: Landorus|move: Leech Seed
|
|-heal|p1a: Landorus|88/100|[from] item: Leftovers
|-damage|p1a: Landorus|76/100|[from] Leech Seed|[of] p2a: Ferrothorn
|-heal|p2a: Ferrothorn|57/100|[silent]
|upkeep
|turn|12
|
|t:|1655123412
|move|p2a: Ferrothorn|Protect|p2a: Ferrothorn
|-singleturn|p2a: Ferrothorn|Protect
|move|p1a: Landorus|Stealth Rock|p2a: Ferrothorn
|-sidestart|p2: Legendaryhomyak|move: Stealth Rock
|
|-heal|p1a: Landorus|82/100|[from] item: Leftovers
|-damage|p1a: Landorus|69/100|[from] Leech Seed|[of] p2a: Ferrothorn
|-heal|p2a: Ferrothorn|70/100|[silent]
|upkeep
|turn|13
|
|t:|1655123423
|switch|p1a: Ferrothorn|Ferrothorn, M, shiny|88/100 par
|-damage|p1a: Ferrothorn|82/100 par|[from] Stealth Rock
|move|p2a: Ferrothorn|Protect||[still]
|-fail|p2a: Ferrothorn
|
|upkeep
|turn|14
|
|t:|1655123432
|move|p2a: Ferrothorn|Protect|p2a: Ferrothorn
|-singleturn|p2a: Ferrothorn|Protect
|cant|p1a: Ferrothorn|par
|
|upkeep
|turn|15
|
|t:|1655123437
|switch|p2a: Zapdos|Zapdos|92/100
|cant|p1a: Ferrothorn|par
|
|upkeep
|turn|16
|
|t:|1655123444
|switch|p1a: Nihilego|Nihilego, shiny|76/100
|-damage|p1a: Nihilego|64/100|[from] Stealth Rock
|move|p2a: Zapdos|Heat Wave|p1a: Nihilego
|-resisted|p1a: Nihilego
|-damage|p1a: Nihilego|52/100
|
|upkeep
|turn|17
|
|t:|1655123456
|switch|p2a: Ferrothorn|Ferrothorn, M|70/100
|-damage|p2a: Ferrothorn|58/100|[from] Spikes
|-damage|p2a: Ferrothorn|52/100|[from] Stealth Rock
|move|p1a: Nihilego|Power Gem|p2a: Ferrothorn
|-resisted|p2a: Ferrothorn
|-damage|p2a: Ferrothorn|40/100
|
|upkeep
|turn|18
|
|t:|1655123463
|switch|p1a: Ferrothorn|Ferrothorn, M, shiny|82/100 par
|-damage|p1a: Ferrothorn|75/100 par|[from] Stealth Rock
|move|p2a: Ferrothorn|Leech Seed|p1a: Ferrothorn
|-immune|p1a: Ferrothorn
|
|upkeep
|turn|19
|
|t:|1655123480
|switch|p2a: Zapdos|Zapdos|92/100
|move|p1a: Ferrothorn|Leech Seed|p2a: Zapdos
|-start|p2a: Zapdos|move: Leech Seed
|
|-damage|p2a: Zapdos|79/100|[from] Leech Seed|[of] p1a: Ferrothorn
|-heal|p1a: Ferrothorn|87/100 par|[silent]
|upkeep
|turn|20
|
|t:|1655123483
|switch|p1a: Landorus|Landorus-Therian, M, shiny|69/100
|-damage|p1a: Landorus|57/100|[from] Stealth Rock
|-ability|p1a: Landorus|Intimidate|boost
|-unboost|p2a: Zapdos|atk|1
|move|p2a: Zapdos|Heat Wave|p1a: Landorus
|-damage|p1a: Landorus|34/100
|
|-heal|p1a: Landorus|40/100|[from] item: Leftovers
|-damage|p2a: Zapdos|67/100|[from] Leech Seed|[of] p1a: Landorus
|-heal|p1a: Landorus|50/100|[silent]
|upkeep
|turn|21
|
|t:|1655123491
|switch|p2a: Pelipper|Pelipper, M|100/100
|-damage|p2a: Pelipper|76/100|[from] Stealth Rock
|-weather|RainDance|[from] ability: Drizzle|[of] p2a: Pelipper
|move|p1a: Landorus|Knock Off|p2a: Pelipper
|-damage|p2a: Pelipper|36/100
|-enditem|p2a: Pelipper|Choice Specs|[from] move: Knock Off|[of] p1a: Landorus
|
|-weather|RainDance|[upkeep]
|-heal|p1a: Landorus|56/100|[from] item: Leftovers
|upkeep
|turn|22
|
|t:|1655123497
|switch|p1a: Tornadus|Tornadus-Therian, M, shiny|97/100
|move|p2a: Pelipper|Weather Ball|p1a: Tornadus
|-crit|p1a: Tornadus
|-damage|p1a: Tornadus|8/100
|
|-weather|RainDance|[upkeep]
|upkeep
|turn|23
|
|t:|1655123500
|move|p1a: Tornadus|Hurricane|p2a: Pelipper
|-damage|p2a: Pelipper|0 fnt
|faint|p2a: Pelipper
|
|-weather|RainDance|[upkeep]
|upkeep
|
|t:|1655123504
|switch|p2a: Barraskewda|Barraskewda, M|100/100
|-damage|p2a: Barraskewda|88/100|[from] Spikes
|-damage|p2a: Barraskewda|76/100|[from] Stealth Rock
|turn|24
|
|t:|1655123507
|switch|p1a: Ferrothorn|Ferrothorn, M, shiny|87/100 par
|-damage|p1a: Ferrothorn|81/100 par|[from] Stealth Rock
|move|p2a: Barraskewda|Close Combat|p1a: Ferrothorn
|-supereffective|p1a: Ferrothorn
|-enditem|p1a: Ferrothorn|Chople Berry|[eat]
|-enditem|p1a: Ferrothorn|Chople Berry|[weaken]
|-damage|p1a: Ferrothorn|45/100 par
|-unboost|p2a: Barraskewda|def|1
|-unboost|p2a: Barraskewda|spd|1
|-damage|p2a: Barraskewda|64/100|[from] ability: Iron Barbs|[of] p1a: Ferrothorn
|
|-weather|RainDance|[upkeep]
|upkeep
|turn|25
|
|t:|1655123511
|switch|p1a: Landorus|Landorus-Therian, M, shiny|56/100
|-damage|p1a: Landorus|44/100|[from] Stealth Rock
|-ability|p1a: Landorus|Intimidate|boost
|-unboost|p2a: Barraskewda|atk|1
|move|p2a: Barraskewda|Close Combat|p1a: Landorus
|-resisted|p1a: Landorus
|-damage|p1a: Landorus|24/100
|-unboost|p2a: Barraskewda|def|1
|-unboost|p2a: Barraskewda|spd|1
|
|-weather|none
|-heal|p1a: Landorus|30/100|[from] item: Leftovers
|upkeep
|turn|26
|
|t:|1655123517
|switch|p2a: Zapdos|Zapdos|67/100
|move|p1a: Landorus|U-turn|p2a: Zapdos
|-resisted|p2a: Zapdos
|-damage|p2a: Zapdos|53/100
|-status|p1a: Landorus|par|[from] ability: Static|[of] p2a: Zapdos
|
|t:|1655123520
|switch|p1a: Nihilego|Nihilego, shiny|52/100|[from]move: U-turn
|-damage|p1a: Nihilego|40/100|[from] Stealth Rock
|
|upkeep
|turn|27
|inactive|Legendaryhomyak has 120 seconds left.
|
|t:|1655123564
|switch|p2a: Ferrothorn|Ferrothorn, M|40/100
|-damage|p2a: Ferrothorn|28/100|[from] Spikes
|-damage|p2a: Ferrothorn|22/100|[from] Stealth Rock
|move|p1a: Nihilego|Power Gem|p2a: Ferrothorn
|-resisted|p2a: Ferrothorn
|-damage|p2a: Ferrothorn|10/100
|
|upkeep
|turn|28
|
|t:|1655123569
|move|p1a: Nihilego|Power Gem|p2a: Ferrothorn
|-resisted|p2a: Ferrothorn
|-damage|p2a: Ferrothorn|0 fnt
|faint|p2a: Ferrothorn
|-ability|p1a: Nihilego|Beast Boost|boost
|-boost|p1a: Nihilego|spe|1
|
|upkeep
|
|t:|1655123571
|switch|p2a: Barraskewda|Barraskewda, M|64/100
|-damage|p2a: Barraskewda|52/100|[from] Spikes
|-damage|p2a: Barraskewda|40/100|[from] Stealth Rock
|turn|29
|
|t:|1655123574
|move|p2a: Barraskewda|Aqua Jet|p1a: Nihilego
|-supereffective|p1a: Nihilego
|-damage|p1a: Nihilego|0 fnt
|faint|p1a: Nihilego
|
|upkeep
|
|t:|1655123576
|switch|p1a: Omastar|Omastar, M, shiny|100/100
|-damage|p1a: Omastar|88/100|[from] Stealth Rock
|turn|30
|
|t:|1655123582
|switch|p2a: Gengar|Gengar, M|76/100
|-damage|p2a: Gengar|63/100|[from] Spikes
|-damage|p2a: Gengar|51/100|[from] Stealth Rock
|move|p1a: Omastar|Shell Smash|p1a: Omastar
|-unboost|p1a: Omastar|def|1
|-unboost|p1a: Omastar|spd|1
|-boost|p1a: Omastar|atk|2
|-boost|p1a: Omastar|spa|2
|-boost|p1a: Omastar|spe|2
|
|upkeep
|turn|31
|
|t:|1655123586
|move|p1a: Omastar|Earth Power|p2a: Gengar
|-supereffective|p2a: Gengar
|-damage|p2a: Gengar|0 fnt
|-start|p1a: Omastar|Disable|Earth Power|[from] ability: Cursed Body|[of] p2a: Gengar
|faint|p2a: Gengar
|
|upkeep
|
|t:|1655123590
|switch|p2a: Zapdos|Zapdos|53/100
|turn|32
|
|t:|1655123591
|move|p1a: Omastar|Surf|p2a: Zapdos
|-damage|p2a: Zapdos|0 fnt
|faint|p2a: Zapdos
|
|upkeep
|
|t:|1655123597
|switch|p2a: Tapu Lele|Tapu Lele|100/100
|-damage|p2a: Tapu Lele|88/100|[from] Spikes
|-damage|p2a: Tapu Lele|76/100|[from] Stealth Rock
|-fieldstart|move: Psychic Terrain|[from] ability: Psychic Surge|[of] p2a: Tapu Lele
|turn|33
|
|t:|1655123599
|move|p1a: Omastar|Surf|p2a: Tapu Lele
|-damage|p2a: Tapu Lele|0 fnt
|faint|p2a: Tapu Lele
|
|upkeep
|
|t:|1655123609
|switch|p2a: Barraskewda|Barraskewda, M|40/100
|-damage|p2a: Barraskewda|27/100|[from] Spikes
|-damage|p2a: Barraskewda|15/100|[from] Stealth Rock
|turn|34
|
|t:|1655123612
|move|p1a: Omastar|Meteor Beam||[still]
|-prepare|p1a: Omastar|Meteor Beam
|-boost|p1a: Omastar|spa|1
|-enditem|p1a: Omastar|Power Herb
|-anim|p1a: Omastar|Meteor Beam|p2a: Barraskewda
|-damage|p2a: Barraskewda|0 fnt
|faint|p2a: Barraskewda
|
|win|return nirvana
|n|☆return nirvana|returnnirvana
|n|☆Legendaryhomyak|legendaryhomyak
|n| Enkefalos|enkefalos
|c|☆return nirvana|gg
|l|☆return nirvana
|n| zReptar|enkefalos
