|raw|<div class="broadcast-blue"><strong>This battle is required to be public due to a player having a name starting with 'lt94je'.</div>
|j|☆Adel19
|j|☆LT94JE 444 nuits
|t:|1661158492
|gametype|singles
|player|p1|Adel19|169|1762
|player|p2|LT94JE 444 nuits|camper|1742
|teamsize|p1|6
|teamsize|p2|6
|gen|8
|tier|[Gen 8] OU
|rated|
|rule|Sleep Clause Mod: Limit one foe put to sleep
|rule|Species Clause: Limit one of each Pokémon
|rule|OHKO Clause: OHKO moves are banned
|rule|Evasion Items Clause: Evasion items are banned
|rule|Evasion Moves Clause: Evasion moves are banned
|rule|Endless Battle Clause: Forcing endless battles is banned
|rule|HP Percentage Mod: HP is shown in percentages
|rule|Dynamax Clause: You cannot dynamax
|clearpoke
|poke|p1|Landorus-Therian, M|
|poke|p1|Zeraora|
|poke|p1|Kartana|
|poke|p1|Tapu Fini|
|poke|p1|Blissey, F|
|poke|p1|Zapdos|
|poke|p2|Tapu Lele|
|poke|p2|Blastoise, F|
|poke|p2|Polteageist|
|poke|p2|Hatterene, F|
|poke|p2|Blacephalon|
|poke|p2|Hawlucha, F|
|teampreview
|inactive|Battle timer is ON: inactive players will automatically lose when time's up. (requested by LT94JE 444 nuits)
|
|t:|1661158501
|start
|switch|p1a: Landorus|Landorus-Therian, M|100/100
|switch|p2a: Blacephalon|Blacephalon, shiny|100/100
|-ability|p1a: Landorus|Intimidate|boost
|-unboost|p2a: Blacephalon|atk|1
|turn|1
|
|t:|1661158509
|switch|p2a: Hatterene|Hatterene, F, shiny|100/100
|move|p1a: Landorus|Earthquake|p2a: Hatterene
|-damage|p2a: Hatterene|40/100
|-enditem|p2a: Hatterene|Eject Button
|j| anique
|
|t:|1661158516
|switch|p2a: Blastoise|Blastoise, F, shiny|100/100
|
|upkeep
|turn|2
|
|t:|1661158519
|move|p1a: Landorus|Earthquake|p2a: Blastoise
|-damage|p2a: Blastoise|19/100
|move|p2a: Blastoise|Surf|p1a: Landorus
|-supereffective|p1a: Landorus
|-damage|p1a: Landorus|0 fnt
|faint|p1a: Landorus
|
|upkeep
|
|t:|1661158526
|switch|p1a: Kartana|Kartana|100/100
|turn|3
|
|t:|1661158529
|move|p1a: Kartana|Knock Off|p2a: Blastoise
|-damage|p2a: Blastoise|0 fnt
|-enditem|p2a: Blastoise|Focus Sash|[from] move: Knock Off|[of] p1a: Kartana
|faint|p2a: Blastoise
|-ability|p1a: Kartana|Beast Boost|boost
|-boost|p1a: Kartana|spe|1
|
|upkeep
|
|t:|1661158531
|switch|p2a: Blacephalon|Blacephalon, shiny|100/100
|turn|4
|
|t:|1661158537
|move|p1a: Kartana|Knock Off|p2a: Blacephalon
|-supereffective|p2a: Blacephalon
|-enditem|p2a: Blacephalon|Focus Sash
|-damage|p2a: Blacephalon|1/100
|move|p2a: Blacephalon|Flamethrower|p1a: Kartana
|-supereffective|p1a: Kartana
|-damage|p1a: Kartana|0 fnt
|faint|p1a: Kartana
|-ability|p2a: Blacephalon|Beast Boost|boost
|-boost|p2a: Blacephalon|spa|1
|
|upkeep
|
|t:|1661158542
|switch|p1a: Zeraora|Zeraora|100/100
|turn|5
|
|t:|1661158545
|move|p1a: Zeraora|Knock Off|p2a: Blacephalon
|-supereffective|p2a: Blacephalon
|-damage|p2a: Blacephalon|0 fnt
|faint|p2a: Blacephalon
|
|upkeep
|j| LT94JEwhyaddicted
|
|t:|1661158548
|switch|p2a: Tapu Lele|Tapu Lele, shiny|100/100
|-fieldstart|move: Psychic Terrain|[from] ability: Psychic Surge|[of] p2a: Tapu Lele
|turn|6
|
|t:|1661158551
|move|p1a: Zeraora|Knock Off|p2a: Tapu Lele
|-damage|p2a: Tapu Lele|60/100
|-enditem|p2a: Tapu Lele|Terrain Extender|[from] move: Knock Off|[of] p1a: Zeraora
|move|p2a: Tapu Lele|Psyshock|p1a: Zeraora
|-damage|p1a: Zeraora|17/100
|
|upkeep
|turn|7
|
|t:|1661158555
|switch|p2a: Hatterene|Hatterene, F, shiny|40/100
|move|p1a: Zeraora|Plasma Fists|p2a: Hatterene
|-damage|p2a: Hatterene|2/100
|-fieldactivate|move: Ion Deluge
|-hint|Normal-type moves become Electric-type after using Plasma Fists.
|
|upkeep
|turn|8
|
|t:|1661158560
|move|p1a: Zeraora|Plasma Fists|p2a: Hatterene
|-damage|p2a: Hatterene|0 fnt
|-fieldactivate|move: Ion Deluge
|-hint|Normal-type moves become Electric-type after using Plasma Fists.
|faint|p2a: Hatterene
|
|upkeep
|
|t:|1661158565
|switch|p2a: Hawlucha|Hawlucha, F, shiny|100/100
|-enditem|p2a: Hawlucha|Psychic Seed
|-boost|p2a: Hawlucha|spd|1|[from] item: Psychic Seed
|turn|9
|
|t:|1661158569
|move|p2a: Hawlucha|Acrobatics|p1a: Zeraora
|-resisted|p1a: Zeraora
|-damage|p1a: Zeraora|0 fnt
|faint|p1a: Zeraora
|
|upkeep
|
|t:|1661158577
|switch|p1a: Zapdos|Zapdos|100/100
|turn|10
|
|t:|1661158578
|move|p2a: Hawlucha|Swords Dance|p2a: Hawlucha
|-boost|p2a: Hawlucha|atk|2
|move|p1a: Zapdos|Volt Switch|p2a: Hawlucha
|-supereffective|p2a: Hawlucha
|-damage|p2a: Hawlucha|45/100
|
|t:|1661158581
|switch|p1a: Tapu Fini|Tapu Fini|100/100|[from]move: Volt Switch
|-fieldstart|move: Misty Terrain|[from] ability: Misty Surge|[of] p1a: Tapu Fini
|
|upkeep
|turn|11
|j| YuJiu
|
|t:|1661158586
|move|p2a: Hawlucha|Acrobatics|p1a: Tapu Fini
|-damage|p1a: Tapu Fini|0 fnt
|faint|p1a: Tapu Fini
|
|upkeep
|
|t:|1661158588
|switch|p1a: Zapdos|Zapdos|100/100
|turn|12
|
|t:|1661158592
|move|p2a: Hawlucha|Acrobatics|p1a: Zapdos
|-resisted|p1a: Zapdos
|-damage|p1a: Zapdos|65/100
|move|p1a: Zapdos|Volt Switch|p2a: Hawlucha
|-supereffective|p2a: Hawlucha
|-damage|p2a: Hawlucha|0 fnt
|faint|p2a: Hawlucha
|
|t:|1661158595
|switch|p1a: Blissey|Blissey, F|100/100|[from]move: Volt Switch
|
|upkeep
|
|t:|1661158596
|switch|p2a: Tapu Lele|Tapu Lele, shiny|60/100
|-fieldstart|move: Psychic Terrain|[from] ability: Psychic Surge|[of] p2a: Tapu Lele
|turn|13
|
|t:|1661158606
|move|p2a: Tapu Lele|Psyshock|p1a: Blissey
|-damage|p1a: Blissey|51/100
|move|p1a: Blissey|Soft-Boiled|p1a: Blissey
|-heal|p1a: Blissey|100/100
|
|upkeep
|turn|14
|
|t:|1661158610
|move|p2a: Tapu Lele|Taunt|p1a: Blissey
|-start|p1a: Blissey|move: Taunt
|cant|p1a: Blissey|move: Taunt|Soft-Boiled
|
|upkeep
|turn|15
|
|t:|1661158614
|switch|p1a: Zapdos|Zapdos|65/100
|move|p2a: Tapu Lele|Psyshock|p1a: Zapdos
|-damage|p1a: Zapdos|21/100
|
|upkeep
|turn|16
|
|t:|1661158619
|move|p1a: Zapdos|Roost|p1a: Zapdos
|-heal|p1a: Zapdos|71/100
|-singleturn|p1a: Zapdos|move: Roost
|move|p2a: Tapu Lele|Psyshock|p1a: Zapdos
|-damage|p1a: Zapdos|27/100
|
|upkeep
|turn|17
|j|+kino
|
|t:|1661158632
|move|p1a: Zapdos|Roost|p1a: Zapdos
|-heal|p1a: Zapdos|77/100
|-singleturn|p1a: Zapdos|move: Roost
|move|p2a: Tapu Lele|Moonblast|p1a: Zapdos
|-damage|p1a: Zapdos|23/100
|
|-fieldend|move: Psychic Terrain
|upkeep
|turn|18
|
|t:|1661158640
|move|p1a: Zapdos|Volt Switch|p2a: Tapu Lele
|-damage|p2a: Tapu Lele|34/100
|
|t:|1661158644
|switch|p1a: Blissey|Blissey, F|100/100|[from]move: Volt Switch
|move|p2a: Tapu Lele|Moonblast|p1a: Blissey
|-damage|p1a: Blissey|82/100
|
|upkeep
|turn|19
|
|t:|1661158649
|switch|p2a: Polteageist|Polteageist, shiny|100/100
|move|p1a: Blissey|Seismic Toss|p2a: Polteageist
|-immune|p2a: Polteageist
|
|upkeep
|turn|20
|
|t:|1661158652
|move|p2a: Polteageist|Shell Smash|p2a: Polteageist
|-unboost|p2a: Polteageist|def|1
|-unboost|p2a: Polteageist|spd|1
|-boost|p2a: Polteageist|atk|2
|-boost|p2a: Polteageist|spa|2
|-boost|p2a: Polteageist|spe|2
|move|p1a: Blissey|Toxic|p2a: Polteageist
|-status|p2a: Polteageist|tox
|
|-damage|p2a: Polteageist|94/100 tox|[from] psn
|upkeep
|turn|21
|
|t:|1661158662
|move|p2a: Polteageist|Shell Smash|p2a: Polteageist
|-unboost|p2a: Polteageist|def|1
|-unboost|p2a: Polteageist|spd|1
|-boost|p2a: Polteageist|atk|2
|-boost|p2a: Polteageist|spa|2
|-boost|p2a: Polteageist|spe|2
|move|p1a: Blissey|Stealth Rock|p2a: Polteageist
|-sidestart|p2: LT94JE 444 nuits|move: Stealth Rock
|
|-damage|p2a: Polteageist|82/100 tox|[from] psn
|upkeep
|turn|22
|j|+Dragonillis
|
|t:|1661158668
|move|p2a: Polteageist|Shell Smash|p2a: Polteageist
|-unboost|p2a: Polteageist|def|1
|-unboost|p2a: Polteageist|spd|1
|-boost|p2a: Polteageist|atk|2
|-boost|p2a: Polteageist|spa|2
|-boost|p2a: Polteageist|spe|2
|move|p1a: Blissey|Soft-Boiled|p1a: Blissey
|-heal|p1a: Blissey|100/100
|
|-damage|p2a: Polteageist|64/100 tox|[from] psn
|upkeep
|turn|23
|
|t:|1661158671
|move|p2a: Polteageist|Stored Power|p1a: Blissey
|-damage|p1a: Blissey|0 fnt
|faint|p1a: Blissey
|
|-damage|p2a: Polteageist|39/100 tox|[from] psn
|upkeep
|-message|Adel19 forfeited.
|
|win|LT94JE 444 nuits
|raw|Adel19's rating: 1762 &rarr; <strong>1741</strong><br />(-21 for losing)
|raw|LT94JE 444 nuits's rating: 1742 &rarr; <strong>1763</strong><br />(+21 for winning)
|l|☆Adel19
|l|☆LT94JE 444 nuits
