|j|☆PQPP214
|j|☆penguinsingh337
|t:|1645954283
|gametype|singles
|player|p1|PQPP214|1|1533
|player|p2|penguinsingh337|ethan|1466
|teamsize|p1|6
|teamsize|p2|6
|gen|8
|tier|[Gen 8] OU
|rated|
|rule|Sleep Clause Mod: Limit one foe put to sleep
|rule|Species Clause: Limit one of each Pokémon
|rule|OHKO Clause: OHKO moves are banned
|rule|Evasion Moves Clause: Evasion moves are banned
|rule|Endless Battle Clause: Forcing endless battles is banned
|rule|HP Percentage Mod: HP is shown in percentages
|rule|Dynamax Clause: You cannot dynamax
|clearpoke
|poke|p1|Landorus-Therian, M|
|poke|p1|Tornadus-Therian, M|
|poke|p1|Zeraora|
|poke|p1|Zapdos-Galar|
|poke|p1|Jirachi|
|poke|p1|Toxapex, M|
|poke|p2|Torkoal, M|
|poke|p2|Charizard, M|
|poke|p2|Venusaur, M|
|poke|p2|Xatu, M|
|poke|p2|Rillaboom, M|
|poke|p2|Heatran, M|
|teampreview
|inactive|Battle timer is ON: inactive players will automatically lose when time's up. (requested by penguinsingh337)
|
|t:|1645954309
|start
|switch|p1a: Landorus|Landorus-Therian, M, shiny|100/100
|switch|p2a: Torkoal|Torkoal, M|100/100
|-ability|p1a: Landorus|Intimidate|boost
|-unboost|p2a: Torkoal|atk|1
|-weather|SunnyDay|[from] ability: Drought|[of] p2a: Torkoal
|turn|1
|
|t:|1645954317
|switch|p2a: Xatu|Xatu, M|100/100
|move|p1a: Landorus|Earthquake|p2a: Xatu
|-immune|p2a: Xatu
|
|-weather|SunnyDay|[upkeep]
|upkeep
|turn|2
|
|t:|1645954327
|move|p1a: Landorus|U-turn|p2a: Xatu
|-damage|p2a: Xatu|69/100
|
|t:|1645954332
|switch|p1a: Jirachi|Jirachi, shiny|100/100|[from]move: U-turn
|move|p2a: Xatu|Teleport|p2a: Xatu
|
|t:|1645954337
|switch|p2a: Charizard|Charizard, M|100/100|[from]move: Teleport
|
|-weather|SunnyDay|[upkeep]
|-damage|p2a: Charizard|88/100|[from] ability: Solar Power|[of] p2a: Charizard
|upkeep
|turn|3
|
|t:|1645954343
|switch|p1a: Toxapex|Toxapex, M, shiny|100/100
|move|p2a: Charizard|Weather Ball|p1a: Toxapex
|-resisted|p1a: Toxapex
|-damage|p1a: Toxapex|34/100
|
|-weather|SunnyDay|[upkeep]
|-damage|p2a: Charizard|76/100|[from] ability: Solar Power|[of] p2a: Charizard
|upkeep
|turn|4
|
|t:|1645954357
|switch|p1a: Jirachi|Jirachi, shiny|100/100
|move|p2a: Charizard|Weather Ball|p1a: Jirachi
|-supereffective|p1a: Jirachi
|-damage|p1a: Jirachi|0 fnt
|faint|p1a: Jirachi
|
|-weather|SunnyDay|[upkeep]
|-damage|p2a: Charizard|63/100|[from] ability: Solar Power|[of] p2a: Charizard
|upkeep
|
|t:|1645954363
|switch|p1a: Zeraora|Zeraora, shiny|100/100
|turn|5
|
|t:|1645954370
|switch|p2a: Rillaboom|Rillaboom, M|100/100
|-fieldstart|move: Grassy Terrain|[from] ability: Grassy Surge|[of] p2a: Rillaboom
|move|p1a: Zeraora|Plasma Fists|p2a: Rillaboom
|-resisted|p2a: Rillaboom
|-damage|p2a: Rillaboom|74/100
|-fieldactivate|move: Ion Deluge
|-hint|Normal-type moves become Electric-type after using Plasma Fists.
|
|-weather|SunnyDay|[upkeep]
|-heal|p2a: Rillaboom|80/100|[from] Grassy Terrain
|upkeep
|turn|6
|
|t:|1645954381
|switch|p1a: Tornadus|Tornadus-Therian, M, shiny|100/100
|move|p2a: Rillaboom|U-turn|p1a: Tornadus
|-resisted|p1a: Tornadus
|-damage|p1a: Tornadus|81/100
|
|t:|1645954390
|switch|p2a: Heatran|Heatran, M|100/100|[from]move: U-turn
|
|-weather|SunnyDay|[upkeep]
|upkeep
|turn|7
|
|t:|1645954409
|switch|p1a: Toxapex|Toxapex, M, shiny|68/100
|move|p2a: Heatran|Magma Storm|p1a: Toxapex
|-resisted|p1a: Toxapex
|-damage|p1a: Toxapex|40/100
|-activate|p1a: Toxapex|move: Magma Storm|[of] p2a: Heatran
|
|-weather|SunnyDay|[upkeep]
|-heal|p1a: Toxapex|46/100|[from] Grassy Terrain
|-damage|p1a: Toxapex|34/100|[from] move: Magma Storm|[partiallytrapped]
|upkeep
|turn|8
|
|t:|1645954437
|move|p2a: Heatran|Taunt|p1a: Toxapex
|-start|p1a: Toxapex|move: Taunt
|move|p1a: Toxapex|Knock Off|p2a: Heatran
|-damage|p2a: Heatran|87/100
|-enditem|p2a: Heatran|Leftovers|[from] move: Knock Off|[of] p1a: Toxapex
|
|-weather|none
|-heal|p2a: Heatran|94/100|[from] Grassy Terrain
|-heal|p1a: Toxapex|40/100|[from] Grassy Terrain
|-damage|p1a: Toxapex|28/100|[from] move: Magma Storm|[partiallytrapped]
|upkeep
|turn|9
|inactive|penguinsingh337 has 120 seconds left.
|
|t:|1645954463
|move|p2a: Heatran|Earth Power|p1a: Toxapex
|-supereffective|p1a: Toxapex
|-damage|p1a: Toxapex|0 fnt
|faint|p1a: Toxapex
|
|-heal|p2a: Heatran|99/100|[from] Grassy Terrain
|-fieldend|move: Grassy Terrain
|upkeep
|
|t:|1645954467
|switch|p1a: Landorus|Landorus-Therian, M, shiny|100/100
|-ability|p1a: Landorus|Intimidate|boost
|-unboost|p2a: Heatran|atk|1
|turn|10
|inactive|penguinsingh337 has 120 seconds left.
|
|t:|1645954476
|switch|p2a: Xatu|Xatu, M|69/100
|move|p1a: Landorus|U-turn|p2a: Xatu
|-damage|p2a: Xatu|39/100
|
|t:|1645954482
|switch|p1a: Zeraora|Zeraora, shiny|100/100|[from]move: U-turn
|
|upkeep
|turn|11
|
|t:|1645954487
|switch|p1a: Tornadus|Tornadus-Therian, M, shiny|100/100
|move|p2a: Xatu|Roost|p2a: Xatu
|-heal|p2a: Xatu|89/100
|-singleturn|p2a: Xatu|move: Roost
|
|upkeep
|turn|12
|
|t:|1645954495
|move|p1a: Tornadus|Knock Off|p2a: Xatu
|-supereffective|p2a: Xatu
|-damage|p2a: Xatu|36/100
|-enditem|p2a: Xatu|Heavy-Duty Boots|[from] move: Knock Off|[of] p1a: Tornadus
|move|p2a: Xatu|Thunder Wave|p1a: Tornadus
|-status|p1a: Tornadus|par
|
|upkeep
|turn|13
|
|t:|1645954504
|move|p1a: Tornadus|Knock Off|p2a: Xatu
|-supereffective|p2a: Xatu
|-damage|p2a: Xatu|0 fnt
|faint|p2a: Xatu
|
|upkeep
|
|t:|1645954509
|switch|p2a: Torkoal|Torkoal, M|100/100
|-weather|SunnyDay|[from] ability: Drought|[of] p2a: Torkoal
|turn|14
|
|t:|1645954514
|switch|p2a: Heatran|Heatran, M|99/100
|move|p1a: Tornadus|Knock Off|p2a: Heatran
|-damage|p2a: Heatran|88/100
|
|-weather|SunnyDay|[upkeep]
|upkeep
|turn|15
|
|t:|1645954521
|move|p2a: Heatran|Magma Storm|p1a: Tornadus
|-crit|p1a: Tornadus
|-damage|p1a: Tornadus|7/100 par
|-activate|p1a: Tornadus|move: Magma Storm|[of] p2a: Heatran
|move|p1a: Tornadus|U-turn|p2a: Heatran
|-resisted|p2a: Heatran
|-damage|p2a: Heatran|85/100
|
|t:|1645954529
|switch|p1a: Zapdos|Zapdos-Galar|100/100|[from]move: U-turn
|
|-weather|SunnyDay|[upkeep]
|upkeep
|turn|16
|
|t:|1645954534
|move|p1a: Zapdos|Close Combat|p2a: Heatran
|-supereffective|p2a: Heatran
|-damage|p2a: Heatran|0 fnt
|-unboost|p1a: Zapdos|def|1
|-unboost|p1a: Zapdos|spd|1
|faint|p2a: Heatran
|
|-weather|SunnyDay|[upkeep]
|upkeep
|
|t:|1645954542
|switch|p2a: Charizard|Charizard, M|63/100
|turn|17
|
|t:|1645954550
|switch|p1a: Tornadus|Tornadus-Therian, M, shiny|40/100 par
|move|p2a: Charizard|Weather Ball|p1a: Tornadus
|-damage|p1a: Tornadus|0 fnt
|faint|p1a: Tornadus
|
|-weather|SunnyDay|[upkeep]
|-damage|p2a: Charizard|51/100|[from] ability: Solar Power|[of] p2a: Charizard
|upkeep
|
|t:|1645954560
|switch|p1a: Zapdos|Zapdos-Galar|100/100
|turn|18
|
|t:|1645954563
|move|p1a: Zapdos|Brave Bird|p2a: Charizard
|-damage|p2a: Charizard|0 fnt
|faint|p2a: Charizard
|-damage|p1a: Zapdos|85/100|[from] Recoil
|
|-weather|SunnyDay|[upkeep]
|upkeep
|
|t:|1645954569
|switch|p2a: Torkoal|Torkoal, M|100/100
|turn|19
|
|t:|1645954576
|switch|p1a: Zeraora|Zeraora, shiny|100/100
|move|p2a: Torkoal|Will-O-Wisp|p1a: Zeraora|[miss]
|-miss|p2a: Torkoal|p1a: Zeraora
|
|-weather|SunnyDay|[upkeep]
|upkeep
|turn|20
|
|t:|1645954593
|switch|p2a: Rillaboom|Rillaboom, M|80/100
|-fieldstart|move: Grassy Terrain|[from] ability: Grassy Surge|[of] p2a: Rillaboom
|move|p1a: Zeraora|Knock Off|p2a: Rillaboom
|-crit|p2a: Rillaboom
|-damage|p2a: Rillaboom|30/100
|-enditem|p2a: Rillaboom|Choice Band|[from] move: Knock Off|[of] p1a: Zeraora
|
|-weather|SunnyDay|[upkeep]
|-heal|p2a: Rillaboom|36/100|[from] Grassy Terrain
|upkeep
|turn|21
|
|t:|1645954607
|move|p1a: Zeraora|Close Combat|p2a: Rillaboom
|-damage|p2a: Rillaboom|0 fnt
|-unboost|p1a: Zeraora|def|1
|-unboost|p1a: Zeraora|spd|1
|faint|p2a: Rillaboom
|
|-weather|none
|upkeep
|
|t:|1645954614
|switch|p2a: Torkoal|Torkoal, M|100/100
|-weather|SunnyDay|[from] ability: Drought|[of] p2a: Torkoal
|turn|22
|
|t:|1645954619
|move|p1a: Zeraora|Knock Off|p2a: Torkoal
|-damage|p2a: Torkoal|83/100
|-enditem|p2a: Torkoal|Heat Rock|[from] move: Knock Off|[of] p1a: Zeraora
|move|p2a: Torkoal|Will-O-Wisp|p1a: Zeraora
|-status|p1a: Zeraora|brn
|
|-weather|SunnyDay|[upkeep]
|-heal|p2a: Torkoal|89/100|[from] Grassy Terrain
|-damage|p1a: Zeraora|95/100 brn|[from] brn
|upkeep
|turn|23
|
|t:|1645954629
|switch|p2a: Venusaur|Venusaur, M|100/100
|move|p1a: Zeraora|Knock Off|p2a: Venusaur
|-damage|p2a: Venusaur|80/100
|-enditem|p2a: Venusaur|Life Orb|[from] move: Knock Off|[of] p1a: Zeraora
|
|-weather|SunnyDay|[upkeep]
|-heal|p2a: Venusaur|86/100|[from] Grassy Terrain
|-heal|p1a: Zeraora|100/100 brn|[from] Grassy Terrain
|-damage|p1a: Zeraora|95/100 brn|[from] brn
|upkeep
|turn|24
|
|t:|1645954644
|switch|p1a: Zapdos|Zapdos-Galar|85/100
|move|p2a: Venusaur|Growth|p2a: Venusaur
|-boost|p2a: Venusaur|atk|2
|-boost|p2a: Venusaur|spa|2
|
|-weather|SunnyDay|[upkeep]
|-heal|p2a: Venusaur|92/100|[from] Grassy Terrain
|-fieldend|move: Grassy Terrain
|upkeep
|turn|25
|
|t:|1645954652
|switch|p1a: Zeraora|Zeraora, shiny|95/100 brn
|move|p2a: Venusaur|Sludge Bomb|p1a: Zeraora
|-damage|p1a: Zeraora|0 fnt
|faint|p1a: Zeraora
|
|-weather|SunnyDay|[upkeep]
|upkeep
|
|t:|1645954662
|switch|p1a: Landorus|Landorus-Therian, M, shiny|100/100
|-ability|p1a: Landorus|Intimidate|boost
|-unboost|p2a: Venusaur|atk|1
|turn|26
|
|t:|1645954666
|move|p2a: Venusaur|Giga Drain|p1a: Landorus
|-damage|p1a: Landorus|55/100
|-heal|p2a: Venusaur|100/100|[from] drain|[of] p1a: Landorus
|move|p1a: Landorus|Earthquake|p2a: Venusaur
|-damage|p2a: Venusaur|34/100
|
|-weather|SunnyDay|[upkeep]
|-heal|p1a: Landorus|61/100|[from] item: Leftovers
|upkeep
|turn|27
|
|t:|1645954677
|move|p2a: Venusaur|Giga Drain|p1a: Landorus
|-damage|p1a: Landorus|15/100
|-heal|p2a: Venusaur|63/100|[from] drain|[of] p1a: Landorus
|move|p1a: Landorus|Earthquake|p2a: Venusaur
|-damage|p2a: Venusaur|0 fnt
|faint|p2a: Venusaur
|
|-weather|SunnyDay|[upkeep]
|-heal|p1a: Landorus|21/100|[from] item: Leftovers
|upkeep
|
|t:|1645954686
|switch|p2a: Torkoal|Torkoal, M|89/100
|turn|28
|
|t:|1645954689
|move|p1a: Landorus|Earthquake|p2a: Torkoal
|-supereffective|p2a: Torkoal
|-damage|p2a: Torkoal|34/100
|move|p2a: Torkoal|Lava Plume|p1a: Landorus
|-damage|p1a: Landorus|0 fnt
|faint|p1a: Landorus
|
|-weather|SunnyDay|[upkeep]
|upkeep
|
|t:|1645954696
|switch|p1a: Zapdos|Zapdos-Galar|85/100
|turn|29
|
|t:|1645954706
|move|p1a: Zapdos|Brave Bird|p2a: Torkoal
|-damage|p2a: Torkoal|0 fnt
|faint|p2a: Torkoal
|-damage|p1a: Zapdos|73/100|[from] Recoil
|
|win|PQPP214
|raw|PQPP214's rating: 1533 &rarr; <strong>1549</strong><br />(+16 for winning)
|raw|penguinsingh337's rating: 1466 &rarr; <strong>1450</strong><br />(-16 for losing)
|l|☆penguinsingh337
