|j|☆DiggyHiggy
|j|☆Justin UA
|t:|1614659475
|player|p1|DiggyHiggy|burglar-gen2|1325
|player|p2|Justin UA|ethan|1312
|teamsize|p1|6
|teamsize|p2|6
|gametype|singles
|gen|8
|tier|[Gen 8] OU
|rated|
|clearpoke
|poke|p1|Hatterene, F|
|poke|p1|Nidoking, M|
|poke|p1|Blaziken, M|
|poke|p1|Zapdos-Galar|
|poke|p1|Zeraora|
|poke|p1|Crawdaunt, F|
|poke|p2|Tapu Koko|
|poke|p2|Urshifu-*, M|
|poke|p2|Corviknight, F|
|poke|p2|Slowbro, F|
|poke|p2|Landorus-Therian, M|
|poke|p2|Dragapult, M|
|rule|Sleep Clause Mod: Limit one foe put to sleep
|rule|Species Clause: Limit one of each Pokémon
|rule|OHKO Clause: OHKO moves are banned
|rule|Evasion Moves Clause: Evasion moves are banned
|rule|Endless Battle Clause: Forcing endless battles is banned
|rule|HP Percentage Mod: HP is shown in percentages
|rule|Dynamax Clause: You cannot dynamax
|teampreview
|inactive|Battle timer is ON: inactive players will automatically lose when time's up. (requested by Justin UA)
|
|t:|1614659494
|start
|switch|p1a: Zapdos|Zapdos-Galar|100/100
|switch|p2a: Landorus|Landorus-Therian, M|100/100
|-ability|p2a: Landorus|Intimidate|boost
|-unboost|p1a: Zapdos|atk|1
|-ability|p1a: Zapdos|Defiant
|-boost|p1a: Zapdos|atk|2
|-enditem|p1a: Zapdos|Adrenaline Orb
|-boost|p1a: Zapdos|spe|1|[from] item: Adrenaline Orb
|turn|1
|
|t:|1614659500
|move|p1a: Zapdos|Acrobatics|p2a: Landorus
|-damage|p2a: Landorus|33/100
|-damage|p1a: Zapdos|84/100|[from] item: Rocky Helmet|[of] p2a: Landorus
|move|p2a: Landorus|U-turn|p1a: Zapdos
|-resisted|p1a: Zapdos
|-damage|p1a: Zapdos|77/100
|
|t:|1614659504
|switch|p2a: Tapu Koko|Tapu Koko|100/100|[from]move: U-turn
|-fieldstart|move: Electric Terrain|[from] ability: Electric Surge|[of] p2a: Tapu Koko
|
|upkeep
|turn|2
|
|t:|1614659507
|move|p1a: Zapdos|Stomping Tantrum|p2a: Tapu Koko
|-supereffective|p2a: Tapu Koko
|-damage|p2a: Tapu Koko|0 fnt
|faint|p2a: Tapu Koko
|
|upkeep
|
|t:|1614659523
|switch|p2a: Corviknight|Corviknight, F|100/100
|-ability|p2a: Corviknight|Pressure
|turn|3
|
|t:|1614659529
|move|p1a: Zapdos|Thunderous Kick|p2a: Corviknight
|-damage|p2a: Corviknight|60/100
|-unboost|p2a: Corviknight|def|1
|move|p2a: Corviknight|U-turn|p1a: Zapdos
|-resisted|p1a: Zapdos
|-damage|p1a: Zapdos|74/100
|
|t:|1614659536
|switch|p2a: Urshifu|Urshifu-Rapid-Strike, M|100/100|[from]move: U-turn
|
|upkeep
|turn|4
|
|t:|1614659544
|switch|p2a: Corviknight|Corviknight, F|60/100
|-ability|p2a: Corviknight|Pressure
|move|p1a: Zapdos|Acrobatics|p2a: Corviknight
|-resisted|p2a: Corviknight
|-damage|p2a: Corviknight|32/100
|
|-heal|p2a: Corviknight|38/100|[from] item: Leftovers
|upkeep
|turn|5
|
|t:|1614659551
|move|p1a: Zapdos|Thunderous Kick|p2a: Corviknight
|-damage|p2a: Corviknight|0 fnt
|faint|p2a: Corviknight
|
|-fieldend|move: Electric Terrain
|upkeep
|
|t:|1614659555
|switch|p2a: Urshifu|Urshifu-Rapid-Strike, M|100/100
|turn|6
|
|t:|1614659560
|move|p1a: Zapdos|Acrobatics|p2a: Urshifu
|-supereffective|p2a: Urshifu
|-damage|p2a: Urshifu|0 fnt
|faint|p2a: Urshifu
|
|upkeep
|-message|Justin UA forfeited.
|
|win|DiggyHiggy
|l|☆Justin UA
|raw|DiggyHiggy's rating: 1325 &rarr; <strong>1344</strong><br />(+19 for winning)
|raw|Justin UA's rating: 1312 &rarr; <strong>1293</strong><br />(-19 for losing)
