|j|☆VannAccessible
|j|☆Shootingwolf
|t:|1604249100
|player|p1|VannAccessible|170|1513
|player|p2|Shootingwolf|101|1493
|teamsize|p1|6
|teamsize|p2|6
|gametype|singles
|gen|8
|tier|[Gen 8] OU
|rated|
|clearpoke
|poke|p1|Meowstic, M|
|poke|p1|Stakataka|
|poke|p1|Conkeldurr, M|
|poke|p1|Magearna|
|poke|p1|Slowbro, F|
|poke|p1|Glastrier|
|poke|p2|Kyurem-Black|
|poke|p2|Excadrill, F|
|poke|p2|Tapu Fini|
|poke|p2|Urshifu-*, M|
|poke|p2|Tapu Koko|
|poke|p2|Zapdos|
|rule|Sleep Clause Mod: Limit one foe put to sleep
|rule|Species Clause: Limit one of each Pokémon
|rule|OHKO Clause: OHKO moves are banned
|rule|Evasion Moves Clause: Evasion moves are banned
|rule|Endless Battle Clause: Forcing endless battles is banned
|rule|HP Percentage Mod: HP is shown in percentages
|rule|Dynamax Clause: You cannot dynamax
|teampreview
|
|t:|1604249130
|start
|switch|p1a: Meowstic|Meowstic, M|100/100
|switch|p2a: Tapu Koko|Tapu Koko|100/100
|-fieldstart|move: Electric Terrain|[from] ability: Electric Surge|[of] p2a: Tapu Koko
|turn|1
|
|t:|1604249137
|move|p1a: Meowstic|Light Screen|p1a: Meowstic
|-sidestart|p1: VannAccessible|move: Light Screen
|move|p2a: Tapu Koko|Thunderbolt|p1a: Meowstic
|-damage|p1a: Meowstic|69/100
|
|upkeep
|turn|2
|
|t:|1604249142
|move|p1a: Meowstic|Reflect|p1a: Meowstic
|-sidestart|p1: VannAccessible|Reflect
|move|p2a: Tapu Koko|Thunderbolt|p1a: Meowstic
|-damage|p1a: Meowstic|39/100
|
|upkeep
|turn|3
|
|t:|1604249148
|move|p2a: Tapu Koko|Thunderbolt|p1a: Meowstic
|-damage|p1a: Meowstic|8/100
|move|p1a: Meowstic|Trick Room|p1a: Meowstic
|-fieldstart|move: Trick Room|[of] p1a: Meowstic
|
|upkeep
|turn|4
|
|t:|1604249157
|switch|p1a: Magearna|Magearna|100/100
|move|p2a: Tapu Koko|Thunderbolt|p1a: Magearna
|-damage|p1a: Magearna|77/100
|
|upkeep
|turn|5
|
|t:|1604249167
|switch|p2a: Excadrill|Excadrill, F|100/100
|-ability|p2a: Excadrill|Mold Breaker
|move|p1a: Magearna|Steel Beam|p2a: Excadrill
|-resisted|p2a: Excadrill
|-damage|p2a: Excadrill|63/100
|-damage|p1a: Magearna|27/100|[from] mindblown
|-damage|p1a: Magearna|17/100|[from] item: Life Orb
|
|-heal|p2a: Excadrill|69/100|[from] item: Leftovers
|-fieldend|move: Electric Terrain
|upkeep
|turn|6
|
|t:|1604249180
|move|p1a: Magearna|Focus Blast|p2a: Excadrill|[miss]
|-miss|p1a: Magearna|p2a: Excadrill
|move|p2a: Excadrill|Earthquake|p1a: Magearna
|-supereffective|p1a: Magearna
|-damage|p1a: Magearna|0 fnt
|faint|p1a: Magearna
|
|-heal|p2a: Excadrill|75/100|[from] item: Leftovers
|upkeep
|
|t:|1604249198
|switch|p1a: Stakataka|Stakataka|100/100
|turn|7
|
|t:|1604249203
|switch|p2a: hidden power ice|Zapdos|100/100
|move|p1a: Stakataka|Earthquake|p2a: hidden power ice
|-immune|p2a: hidden power ice
|
|-fieldend|move: Trick Room
|upkeep
|turn|8
|
|t:|1604249210
|move|p2a: hidden power ice|Defog|p1a: Stakataka
|-unboost|p1a: Stakataka|evasion|1
|-sideend|p1: VannAccessible|Reflect
|-sideend|p1: VannAccessible|move: Light Screen
|move|p1a: Stakataka|Trick Room|p1a: Stakataka
|-fieldstart|move: Trick Room|[of] p1a: Stakataka
|
|upkeep
|turn|9
|
|t:|1604249217
|move|p1a: Stakataka|Earthquake|p2a: hidden power ice
|-immune|p2a: hidden power ice
|move|p2a: hidden power ice|Heat Wave|p1a: Stakataka
|-damage|p1a: Stakataka|71/100
|-status|p1a: Stakataka|brn
|
|-damage|p1a: Stakataka|65/100 brn|[from] brn
|upkeep
|turn|10
|
|t:|1604249226
|switch|p1a: Conkeldurr|Conkeldurr, M|100/100
|move|p2a: hidden power ice|Volt Switch|p1a: Conkeldurr
|-damage|p1a: Conkeldurr|68/100
|
|t:|1604249229
|switch|p2a: Tapu Fini|Tapu Fini|100/100|[from]move: Volt Switch
|-fieldstart|move: Misty Terrain|[from] ability: Misty Surge|[of] p2a: Tapu Fini
|
|upkeep
|turn|11
|
|t:|1604249237
|switch|p1a: Glastrier|Glastrier|100/100
|move|p2a: Tapu Fini|Moonblast|p1a: Glastrier
|-damage|p1a: Glastrier|77/100
|
|upkeep
|turn|12
|
|t:|1604249250
|switch|p2a: Kyurem|Kyurem-Black|100/100
|-ability|p2a: Kyurem|Teravolt
|move|p1a: Glastrier|Swords Dance|p1a: Glastrier
|-boost|p1a: Glastrier|atk|2
|
|-fieldend|move: Trick Room
|upkeep
|turn|13
|
|t:|1604249289
|switch|p2a: Tapu Fini|Tapu Fini|100/100
|move|p1a: Glastrier|Close Combat|p2a: Tapu Fini
|-resisted|p2a: Tapu Fini
|-damage|p2a: Tapu Fini|66/100
|-unboost|p1a: Glastrier|def|1
|-unboost|p1a: Glastrier|spd|1
|
|-heal|p2a: Tapu Fini|72/100|[from] item: Leftovers
|upkeep
|turn|14
|
|t:|1604249300
|move|p2a: Tapu Fini|Moonblast|p1a: Glastrier
|-damage|p1a: Glastrier|41/100
|move|p1a: Glastrier|High Horsepower|p2a: Tapu Fini
|-damage|p2a: Tapu Fini|17/100
|
|-heal|p2a: Tapu Fini|23/100|[from] item: Leftovers
|-fieldend|Misty Terrain
|upkeep
|turn|15
|
|t:|1604249309
|move|p2a: Tapu Fini|Moonblast|p1a: Glastrier
|-damage|p1a: Glastrier|6/100
|move|p1a: Glastrier|High Horsepower|p2a: Tapu Fini
|-damage|p2a: Tapu Fini|0 fnt
|faint|p2a: Tapu Fini
|-ability|p1a: Glastrier|Chilling Neigh|boost
|-boost|p1a: Glastrier|atk|1
|
|upkeep
|
|t:|1604249314
|switch|p2a: Tapu Koko|Tapu Koko|100/100
|-fieldstart|move: Electric Terrain|[from] ability: Electric Surge|[of] p2a: Tapu Koko
|turn|16
|
|t:|1604249326
|move|p2a: Tapu Koko|Volt Switch|p1a: Glastrier
|-damage|p1a: Glastrier|0 fnt
|faint|p1a: Glastrier
|
|t:|1604249334
|switch|p2a: Kyurem|Kyurem-Black|100/100|[from]move: Volt Switch
|-ability|p2a: Kyurem|Teravolt
|
|upkeep
|
|t:|1604249340
|switch|p1a: Meowstic|Meowstic, M|8/100
|turn|17
|
|t:|1604249343
|move|p1a: Meowstic|Reflect|p1a: Meowstic
|-sidestart|p1: VannAccessible|Reflect
|move|p2a: Kyurem|Dragon Dance|p2a: Kyurem
|-boost|p2a: Kyurem|atk|1
|-boost|p2a: Kyurem|spe|1
|
|upkeep
|turn|18
|
|t:|1604249350
|move|p1a: Meowstic|Light Screen|p1a: Meowstic
|-sidestart|p1: VannAccessible|move: Light Screen
|move|p2a: Kyurem|Icicle Spear|p1a: Meowstic
|-damage|p1a: Meowstic|0 fnt
|-hitcount|p1a: Meowstic|1
|-damage|p2a: Kyurem|91/100|[from] item: Life Orb
|faint|p1a: Meowstic
|
|upkeep
|
|t:|1604249360
|switch|p1a: Stakataka|Stakataka|65/100 brn
|turn|19
|
|t:|1604249364
|switch|p2a: hidden power ice|Zapdos|100/100
|move|p1a: Stakataka|Trick Room|p1a: Stakataka
|-fieldstart|move: Trick Room|[of] p1a: Stakataka
|
|-damage|p1a: Stakataka|59/100 brn|[from] brn
|upkeep
|turn|20
|
|t:|1604249372
|switch|p1a: Conkeldurr|Conkeldurr, M|68/100
|move|p2a: hidden power ice|Defog|p1a: Conkeldurr
|-unboost|p1a: Conkeldurr|evasion|1
|-sideend|p1: VannAccessible|Reflect
|-sideend|p1: VannAccessible|move: Light Screen
|-fieldend|move: Electric Terrain
|
|-status|p1a: Conkeldurr|brn|[from] item: Flame Orb
|upkeep
|turn|21
|
|t:|1604249382
|move|p1a: Conkeldurr|Facade|p2a: hidden power ice
|-damage|p2a: hidden power ice|36/100
|move|p2a: hidden power ice|Volt Switch|p1a: Conkeldurr
|-damage|p1a: Conkeldurr|35/100 brn
|
|t:|1604249395
|switch|p2a: Excadrill|Excadrill, F|75/100|[from]move: Volt Switch
|-ability|p2a: Excadrill|Mold Breaker
|
|-heal|p2a: Excadrill|81/100|[from] item: Leftovers
|-damage|p1a: Conkeldurr|29/100 brn|[from] brn
|upkeep
|turn|22
|
|t:|1604249404
|switch|p2a: hidden power ice|Zapdos|36/100
|move|p1a: Conkeldurr|Close Combat|p2a: hidden power ice
|-resisted|p2a: hidden power ice
|-damage|p2a: hidden power ice|0 fnt
|-unboost|p1a: Conkeldurr|def|1
|-unboost|p1a: Conkeldurr|spd|1
|faint|p2a: hidden power ice
|
|-damage|p1a: Conkeldurr|23/100 brn|[from] brn
|upkeep
|
|t:|1604249415
|switch|p2a: Kyurem|Kyurem-Black|91/100
|-ability|p2a: Kyurem|Teravolt
|turn|23
|
|t:|1604249419
|move|p1a: Conkeldurr|Close Combat|p2a: Kyurem
|-supereffective|p2a: Kyurem
|-damage|p2a: Kyurem|0 fnt
|-unboost|p1a: Conkeldurr|def|1
|-unboost|p1a: Conkeldurr|spd|1
|faint|p2a: Kyurem
|
|-damage|p1a: Conkeldurr|17/100 brn|[from] brn
|-fieldend|move: Trick Room
|upkeep
|
|t:|1604249424
|switch|p2a: Tapu Koko|Tapu Koko|100/100
|-fieldstart|move: Electric Terrain|[from] ability: Electric Surge|[of] p2a: Tapu Koko
|turn|24
|
|t:|1604249437
|switch|p1a: Slowbro|Slowbro, F|100/100
|move|p2a: Tapu Koko|Thunderbolt|p1a: Slowbro
|-supereffective|p1a: Slowbro
|-damage|p1a: Slowbro|0 fnt
|faint|p1a: Slowbro
|
|upkeep
|
|t:|1604249449
|switch|p1a: Stakataka|Stakataka|59/100 brn
|turn|25
|
|t:|1604249452
|move|p2a: Tapu Koko|Thunderbolt|p1a: Stakataka
|-damage|p1a: Stakataka|5/100 brn
|move|p1a: Stakataka|Trick Room|p1a: Stakataka
|-fieldstart|move: Trick Room|[of] p1a: Stakataka
|
|-damage|p1a: Stakataka|0 fnt|[from] brn
|faint|p1a: Stakataka
|upkeep
|
|t:|1604249459
|switch|p1a: Conkeldurr|Conkeldurr, M|17/100 brn
|turn|26
|
|t:|1604249467
|switch|p2a: Excadrill|Excadrill, F|81/100
|-ability|p2a: Excadrill|Mold Breaker
|move|p1a: Conkeldurr|Earthquake|p2a: Excadrill
|-supereffective|p2a: Excadrill
|-damage|p2a: Excadrill|0 fnt
|faint|p2a: Excadrill
|
|-damage|p1a: Conkeldurr|11/100 brn|[from] brn
|upkeep
|
|t:|1604249478
|switch|p2a: Urshifu|Urshifu, M|100/100
|turn|27
|
|t:|1604249483
|switch|p2a: Tapu Koko|Tapu Koko|100/100
|move|p1a: Conkeldurr|Mach Punch|p2a: Tapu Koko
|-resisted|p2a: Tapu Koko
|-damage|p2a: Tapu Koko|76/100
|
|-damage|p1a: Conkeldurr|5/100 brn|[from] brn
|upkeep
|turn|28
|
|t:|1604249491
|switch|p2a: Urshifu|Urshifu, M|100/100
|move|p1a: Conkeldurr|Facade|p2a: Urshifu
|-damage|p2a: Urshifu|19/100
|
|-damage|p1a: Conkeldurr|0 fnt|[from] brn
|faint|p1a: Conkeldurr
|
|win|Shootingwolf
|upkeep
|c|☆VannAccessible|Gg
||Ladder (probably) updated, but score could not be retrieved (Request timeout).
