|j|☆gudachen
|j|☆hadahada
|t:|1663577536
|gametype|singles
|player|p1|gudachen|lady-gen4|1566
|player|p2|hadahada|gentleman-gen4dp|1675
|teamsize|p1|6
|teamsize|p2|6
|gen|8
|tier|[Gen 8] OU
|rated|
|rule|Sleep Clause Mod: Limit one foe put to sleep
|rule|Species Clause: Limit one of each Pokémon
|rule|OHKO Clause: OHKO moves are banned
|rule|Evasion Items Clause: Evasion items are banned
|rule|Evasion Moves Clause: Evasion moves are banned
|rule|Endless Battle Clause: Forcing endless battles is banned
|rule|HP Percentage Mod: HP is shown in percentages
|rule|Dynamax Clause: You cannot dynamax
|clearpoke
|poke|p1|Rillaboom, M|
|poke|p1|Blaziken, M|
|poke|p1|Primarina, F|
|poke|p1|Corviknight, F|
|poke|p1|Blissey, F|
|poke|p1|Landorus-Therian, M|
|poke|p2|Heatran, M|
|poke|p2|Zarude|
|poke|p2|Rillaboom, M|
|poke|p2|Swampert, F|
|poke|p2|Tapu Fini|
|poke|p2|Zapdos|
|teampreview
|inactive|Battle timer is ON: inactive players will automatically lose when time's up. (requested by hadahada)
|
|t:|1663577571
|start
|switch|p1a: Landorus|Landorus-Therian, M|100/100
|switch|p2a: Swampert|Swampert, F|100/100
|-ability|p1a: Landorus|Intimidate|boost
|-unboost|p2a: Swampert|atk|1
|turn|1
|
|t:|1663577579
|move|p1a: Landorus|Stealth Rock|p2a: Swampert
|-sidestart|p2: hadahada|move: Stealth Rock
|move|p2a: Swampert|Stealth Rock|p1a: Landorus
|-sidestart|p1: gudachen|move: Stealth Rock
|
|upkeep
|turn|2
|
|t:|1663577583
|move|p1a: Landorus|U-turn|p2a: Swampert
|-damage|p2a: Swampert|75/100
|
|t:|1663577589
|switch|p1a: Primarina|Primarina, F|100/100|[from]move: U-turn
|-damage|p1a: Primarina|88/100|[from] Stealth Rock
|move|p2a: Swampert|Toxic|p1a: Primarina
|-status|p1a: Primarina|tox
|
|-heal|p2a: Swampert|82/100|[from] item: Leftovers
|-damage|p1a: Primarina|82/100 tox|[from] psn
|upkeep
|turn|3
|j| shinhow
|
|t:|1663577606
|move|p1a: Primarina|Moonblast|p2a: Swampert
|-crit|p2a: Swampert
|-damage|p2a: Swampert|32/100
|move|p2a: Swampert|Flip Turn|p1a: Primarina
|-resisted|p1a: Primarina
|-damage|p1a: Primarina|72/100 tox
|
|t:|1663577609
|switch|p2a: Zapdos|Zapdos|100/100|[from]move: Flip Turn
|
|-damage|p1a: Primarina|60/100 tox|[from] psn
|upkeep
|turn|4
|
|t:|1663577616
|move|p2a: Zapdos|Defog|p1a: Primarina
|-unboost|p1a: Primarina|evasion|1
|-sideend|p1: gudachen|Stealth Rock|[from] move: Defog|[of] p2a: Zapdos
|-sideend|p2: hadahada|Stealth Rock|[from] move: Defog|[of] p2a: Zapdos
|move|p1a: Primarina|Hydro Pump|p2a: Zapdos
|-damage|p2a: Zapdos|44/100
|
|-damage|p1a: Primarina|42/100 tox|[from] psn
|upkeep
|turn|5
|
|t:|1663577623
|switch|p1a: Landorus|Landorus-Therian, M|100/100
|-ability|p1a: Landorus|Intimidate|boost
|-unboost|p2a: Zapdos|atk|1
|move|p2a: Zapdos|Volt Switch|p1a: Landorus
|-immune|p1a: Landorus
|
|upkeep
|turn|6
|
|t:|1663577640
|move|p1a: Landorus|Smack Down|p2a: Zapdos
|-supereffective|p2a: Zapdos
|-damage|p2a: Zapdos|16/100
|-start|p2a: Zapdos|Smack Down
|move|p2a: Zapdos|Roost|p2a: Zapdos
|-heal|p2a: Zapdos|66/100
|-singleturn|p2a: Zapdos|move: Roost
|
|upkeep
|turn|7
|
|t:|1663577653
|switch|p2a: Rillaboom|Rillaboom, M|100/100
|-fieldstart|move: Grassy Terrain|[from] ability: Grassy Surge|[of] p2a: Rillaboom
|move|p1a: Landorus|U-turn|p2a: Rillaboom
|-supereffective|p2a: Rillaboom
|-damage|p2a: Rillaboom|48/100
|j| Kyurem
|
|t:|1663577668
|switch|p1a: Blaziken|Blaziken, M|100/100|[from]move: U-turn
|
|-heal|p2a: Rillaboom|54/100|[from] Grassy Terrain
|upkeep
|turn|8
|
|t:|1663577683
|switch|p2a: Tapu Fini|Tapu Fini|100/100
|-fieldstart|move: Misty Terrain|[from] ability: Misty Surge|[of] p2a: Tapu Fini
|move|p1a: Blaziken|Swords Dance|p1a: Blaziken
|-boost|p1a: Blaziken|atk|2
|
|-ability|p1a: Blaziken|Speed Boost|boost
|-boost|p1a: Blaziken|spe|1
|upkeep
|turn|9
|
|t:|1663577708
|switch|p1a: Blissey|Blissey, F|100/100
|move|p2a: Tapu Fini|Scald|p1a: Blissey
|-damage|p1a: Blissey|92/100
|
|upkeep
|turn|10
|
|t:|1663577714
|move|p2a: Tapu Fini|Taunt|p1a: Blissey
|-start|p1a: Blissey|move: Taunt
|move|p1a: Blissey|Seismic Toss|p2a: Tapu Fini
|-damage|p2a: Tapu Fini|71/100
|
|-heal|p2a: Tapu Fini|77/100|[from] item: Leftovers
|upkeep
|turn|11
|
|t:|1663577720
|switch|p2a: Rillaboom|Rillaboom, M|54/100
|-fieldstart|move: Grassy Terrain|[from] ability: Grassy Surge|[of] p2a: Rillaboom
|move|p1a: Blissey|Seismic Toss|p2a: Rillaboom
|-damage|p2a: Rillaboom|25/100
|
|-heal|p2a: Rillaboom|31/100|[from] Grassy Terrain
|-heal|p1a: Blissey|98/100|[from] Grassy Terrain
|upkeep
|turn|12
|
|t:|1663577732
|switch|p1a: Corviknight|Corviknight, F|100/100
|-ability|p1a: Corviknight|Pressure
|move|p2a: Rillaboom|Knock Off|p1a: Corviknight
|-damage|p1a: Corviknight|70/100
|-damage|p2a: Rillaboom|14/100|[from] item: Rocky Helmet|[of] p1a: Corviknight
|-enditem|p1a: Corviknight|Rocky Helmet|[from] move: Knock Off|[of] p2a: Rillaboom
|
|-heal|p2a: Rillaboom|20/100|[from] Grassy Terrain
|upkeep
|turn|13
|
|t:|1663577736
|switch|p2a: Zapdos|Zapdos|66/100
|move|p1a: Corviknight|U-turn|p2a: Zapdos
|-resisted|p2a: Zapdos
|-damage|p2a: Zapdos|60/100
|-status|p1a: Corviknight|par|[from] ability: Static|[of] p2a: Zapdos
|
|t:|1663577742
|switch|p1a: Landorus|Landorus-Therian, M|100/100|[from]move: U-turn
|-ability|p1a: Landorus|Intimidate|boost
|-unboost|p2a: Zapdos|atk|1
|
|upkeep
|turn|14
|
|t:|1663577747
|move|p1a: Landorus|Smack Down|p2a: Zapdos
|-supereffective|p2a: Zapdos
|-damage|p2a: Zapdos|33/100
|-start|p2a: Zapdos|Smack Down
|move|p2a: Zapdos|Roost|p2a: Zapdos
|-heal|p2a: Zapdos|83/100
|-singleturn|p2a: Zapdos|move: Roost
|
|-heal|p2a: Zapdos|89/100|[from] Grassy Terrain
|upkeep
|turn|15
|
|t:|1663577754
|move|p1a: Landorus|Earthquake|p2a: Zapdos
|-supereffective|p2a: Zapdos
|-damage|p2a: Zapdos|51/100
|move|p2a: Zapdos|Hurricane|p1a: Landorus|[miss]
|-miss|p2a: Zapdos|p1a: Landorus
|
|-heal|p2a: Zapdos|57/100|[from] Grassy Terrain
|-fieldend|move: Grassy Terrain
|upkeep
|turn|16
|
|t:|1663577761
|switch|p2a: Zarude|Zarude|100/100
|move|p1a: Landorus|Earthquake|p2a: Zarude
|-resisted|p2a: Zarude
|-damage|p2a: Zarude|73/100
|
|upkeep
|turn|17
|
|t:|1663577769
|move|p2a: Zarude|Darkest Lariat|p1a: Landorus
|-damage|p1a: Landorus|52/100
|move|p1a: Landorus|U-turn|p2a: Zarude
|-supereffective|p2a: Zarude
|-damage|p2a: Zarude|0 fnt
|faint|p2a: Zarude
|
|t:|1663577782
|switch|p1a: Primarina|Primarina, F|42/100 tox|[from]move: U-turn
|
|-damage|p1a: Primarina|35/100 tox|[from] psn
|upkeep
|
|t:|1663577792
|switch|p2a: Zapdos|Zapdos|57/100
|turn|18
|
|t:|1663577800
|move|p2a: Zapdos|Hurricane|p1a: Primarina|[miss]
|-miss|p2a: Zapdos|p1a: Primarina
|move|p1a: Primarina|Moonblast|p2a: Zapdos
|-damage|p2a: Zapdos|7/100
|-unboost|p2a: Zapdos|spa|1
|
|-damage|p1a: Primarina|23/100 tox|[from] psn
|upkeep
|turn|19
|
|t:|1663577806
|move|p2a: Zapdos|Volt Switch|p1a: Primarina
|-supereffective|p1a: Primarina
|-damage|p1a: Primarina|0 fnt
|faint|p1a: Primarina
|
|t:|1663577811
|switch|p2a: Heatran|Heatran, M|100/100|[from]move: Volt Switch
|
|upkeep
|
|t:|1663577816
|switch|p1a: Landorus|Landorus-Therian, M|52/100
|-ability|p1a: Landorus|Intimidate|boost
|-unboost|p2a: Heatran|atk|1
|turn|20
|
|t:|1663577820
|move|p2a: Heatran|Eruption|p1a: Landorus
|-damage|p1a: Landorus|0 fnt
|faint|p1a: Landorus
|
|upkeep
|
|t:|1663577843
|switch|p1a: Blissey|Blissey, F|98/100
|turn|21
|
|t:|1663577857
|switch|p2a: Tapu Fini|Tapu Fini|77/100
|-fieldstart|move: Misty Terrain|[from] ability: Misty Surge|[of] p2a: Tapu Fini
|move|p1a: Blissey|Seismic Toss|p2a: Tapu Fini
|-damage|p2a: Tapu Fini|48/100
|
|-heal|p2a: Tapu Fini|54/100|[from] item: Leftovers
|upkeep
|turn|22
|
|t:|1663577876
|move|p2a: Tapu Fini|Taunt|p1a: Blissey
|-start|p1a: Blissey|move: Taunt
|move|p1a: Blissey|Seismic Toss|p2a: Tapu Fini
|-damage|p2a: Tapu Fini|25/100
|
|-heal|p2a: Tapu Fini|31/100|[from] item: Leftovers
|upkeep
|turn|23
|
|t:|1663577882
|switch|p2a: Swampert|Swampert, F|32/100
|move|p1a: Blissey|Seismic Toss|p2a: Swampert
|-damage|p2a: Swampert|7/100
|
|-heal|p2a: Swampert|13/100|[from] item: Leftovers
|upkeep
|turn|24
|
|t:|1663577885
|move|p2a: Swampert|Stealth Rock|p1a: Blissey
|-sidestart|p1: gudachen|move: Stealth Rock
|move|p1a: Blissey|Seismic Toss|p2a: Swampert
|-damage|p2a: Swampert|0 fnt
|faint|p2a: Swampert
|
|-end|p1a: Blissey|move: Taunt
|upkeep
|
|t:|1663577889
|switch|p2a: Rillaboom|Rillaboom, M|20/100
|-fieldstart|move: Grassy Terrain|[from] ability: Grassy Surge|[of] p2a: Rillaboom
|turn|25
|
|t:|1663577891
|move|p2a: Rillaboom|U-turn|p1a: Blissey
|-damage|p1a: Blissey|64/100
|
|t:|1663577894
|switch|p2a: Zapdos|Zapdos|7/100|[from]move: U-turn
|move|p1a: Blissey|Seismic Toss|p2a: Zapdos
|-damage|p2a: Zapdos|0 fnt
|faint|p2a: Zapdos
|
|-heal|p1a: Blissey|71/100|[from] Grassy Terrain
|upkeep
|
|t:|1663577895
|switch|p2a: Rillaboom|Rillaboom, M|20/100
|turn|26
|
|t:|1663577902
|switch|p1a: Corviknight|Corviknight, F|70/100 par
|-damage|p1a: Corviknight|57/100 par|[from] Stealth Rock
|-ability|p1a: Corviknight|Pressure
|move|p2a: Rillaboom|Grassy Glide|p1a: Corviknight
|-resisted|p1a: Corviknight
|-damage|p1a: Corviknight|47/100 par
|
|-heal|p2a: Rillaboom|27/100|[from] Grassy Terrain
|upkeep
|turn|27
|
|t:|1663577907
|switch|p2a: Heatran|Heatran, M|100/100
|cant|p1a: Corviknight|par
|
|upkeep
|turn|28
|
|t:|1663577912
|switch|p2a: Rillaboom|Rillaboom, M|27/100
|switch|p1a: Blissey|Blissey, F|71/100
|
|-heal|p2a: Rillaboom|33/100|[from] Grassy Terrain
|-heal|p1a: Blissey|77/100|[from] Grassy Terrain
|upkeep
|turn|29
|
|t:|1663577915
|switch|p1a: Corviknight|Corviknight, F|47/100 par
|-damage|p1a: Corviknight|35/100 par|[from] Stealth Rock
|-ability|p1a: Corviknight|Pressure
|move|p2a: Rillaboom|Grassy Glide|p1a: Corviknight
|-resisted|p1a: Corviknight
|-damage|p1a: Corviknight|26/100 par
|
|-heal|p2a: Rillaboom|39/100|[from] Grassy Terrain
|-fieldend|move: Grassy Terrain
|upkeep
|turn|30
|
|t:|1663577918
|switch|p2a: Heatran|Heatran, M|100/100
|move|p1a: Corviknight|Roost|p1a: Corviknight
|-heal|p1a: Corviknight|76/100 par
|-singleturn|p1a: Corviknight|move: Roost
|
|upkeep
|turn|31
|
|t:|1663577923
|switch|p1a: Blissey|Blissey, F|77/100
|move|p2a: Heatran|Eruption|p1a: Blissey
|-damage|p1a: Blissey|48/100
|
|upkeep
|turn|32
|
|t:|1663577927
|switch|p2a: Tapu Fini|Tapu Fini|31/100
|-fieldstart|move: Misty Terrain|[from] ability: Misty Surge|[of] p2a: Tapu Fini
|move|p1a: Blissey|Soft-Boiled|p1a: Blissey
|-heal|p1a: Blissey|98/100
|
|-heal|p2a: Tapu Fini|38/100|[from] item: Leftovers
|upkeep
|turn|33
|
|t:|1663577930
|move|p2a: Tapu Fini|Calm Mind|p2a: Tapu Fini
|-boost|p2a: Tapu Fini|spa|1
|-boost|p2a: Tapu Fini|spd|1
|move|p1a: Blissey|Seismic Toss|p2a: Tapu Fini
|-damage|p2a: Tapu Fini|8/100
|
|-heal|p2a: Tapu Fini|14/100|[from] item: Leftovers
|upkeep
|turn|34
|
|t:|1663577932
|move|p2a: Tapu Fini|Draining Kiss|p1a: Blissey
|-damage|p1a: Blissey|89/100
|-heal|p2a: Tapu Fini|27/100|[from] drain|[of] p1a: Blissey
|move|p1a: Blissey|Seismic Toss|p2a: Tapu Fini
|-damage|p2a: Tapu Fini|0 fnt
|faint|p2a: Tapu Fini
|
|upkeep
|
|t:|1663577934
|switch|p2a: Rillaboom|Rillaboom, M|39/100
|-fieldstart|move: Grassy Terrain|[from] ability: Grassy Surge|[of] p2a: Rillaboom
|turn|35
|
|t:|1663577939
|switch|p1a: Corviknight|Corviknight, F|76/100 par
|-damage|p1a: Corviknight|63/100 par|[from] Stealth Rock
|-ability|p1a: Corviknight|Pressure
|move|p2a: Rillaboom|U-turn|p1a: Corviknight
|-resisted|p1a: Corviknight
|-damage|p1a: Corviknight|58/100 par
|
|t:|1663577941
|switch|p2a: Heatran|Heatran, M|100/100|[from]move: U-turn
|
|upkeep
|turn|36
|
|t:|1663577944
|switch|p2a: Rillaboom|Rillaboom, M|39/100
|cant|p1a: Corviknight|par
|
|-heal|p2a: Rillaboom|45/100|[from] Grassy Terrain
|upkeep
|turn|37
|
|t:|1663577948
|move|p2a: Rillaboom|U-turn|p1a: Corviknight
|-resisted|p1a: Corviknight
|-damage|p1a: Corviknight|53/100 par
|
|t:|1663577950
|switch|p2a: Heatran|Heatran, M|100/100|[from]move: U-turn
|move|p1a: Corviknight|U-turn|p2a: Heatran
|-resisted|p2a: Heatran
|-damage|p2a: Heatran|97/100
|-message|hadahada forfeited.
|
|win|gudachen
|raw|gudachen's rating: 1566 &rarr; <strong>1592</strong><br />(+26 for winning)
|raw|hadahada's rating: 1675 &rarr; <strong>1649</strong><br />(-26 for losing)
|l|☆hadahada
