|j|☆wsdfg
|j|☆Tonytuffnuts
|t:|1602017920
|player|p1|wsdfg|lady|1800
|player|p2|Tonytuffnuts|1|1669
|teamsize|p1|6
|teamsize|p2|6
|gametype|singles
|gen|8
|tier|[Gen 8] OU
|rated|
|clearpoke
|poke|p1|Zeraora|
|poke|p1|Clefable, F|
|poke|p1|Excadrill, M|
|poke|p1|Ferrothorn, M|
|poke|p1|Hydreigon, M|
|poke|p1|Hippowdon, M|
|poke|p2|Comfey, F|
|poke|p2|Slowbro-Galar, F|
|poke|p2|Zeraora|
|poke|p2|Rillaboom, M|
|poke|p2|Crawdaunt, M|
|poke|p2|Volcarona, M|
|rule|Sleep Clause Mod: Limit one foe put to sleep
|rule|Species Clause: Limit one of each Pokémon
|rule|OHKO Clause: OHKO moves are banned
|rule|Evasion Moves Clause: Evasion moves are banned
|rule|Endless Battle Clause: Forcing endless battles is banned
|rule|HP Percentage Mod: HP is shown in percentages
|rule|Dynamax Clause: You cannot dynamax
|teampreview
|inactive|Battle timer is ON: inactive players will automatically lose when time's up. (requested by Tonytuffnuts)
|
|t:|1602017934
|start
|switch|p1a: Zeraora|Zeraora|100/100
|switch|p2a: Crawdaunt|Crawdaunt, M|100/100
|turn|1
|
|t:|1602017944
|switch|p2a: Zeraora|Zeraora|100/100
|move|p1a: Zeraora|Close Combat|p2a: Zeraora
|-damage|p2a: Zeraora|52/100
|-unboost|p1a: Zeraora|def|1
|-unboost|p1a: Zeraora|spd|1
|
|upkeep
|turn|2
|
|t:|1602017951
|switch|p1a: Hippowdon|Hippowdon, M|100/100
|-weather|Sandstorm|[from] ability: Sand Stream|[of] p1a: Hippowdon
|move|p2a: Zeraora|Close Combat|p1a: Hippowdon
|-damage|p1a: Hippowdon|73/100
|-unboost|p2a: Zeraora|def|1
|-unboost|p2a: Zeraora|spd|1
|
|-weather|Sandstorm|[upkeep]
|-damage|p2a: Zeraora|46/100|[from] Sandstorm
|-heal|p1a: Hippowdon|79/100|[from] item: Leftovers
|upkeep
|turn|3
|
|t:|1602017957
|switch|p2a: Crawdaunt|Crawdaunt, M|100/100
|move|p1a: Hippowdon|Toxic|p2a: Crawdaunt
|-status|p2a: Crawdaunt|tox
|
|-weather|Sandstorm|[upkeep]
|-damage|p2a: Crawdaunt|95/100 tox|[from] Sandstorm
|-heal|p1a: Hippowdon|85/100|[from] item: Leftovers
|-damage|p2a: Crawdaunt|89/100 tox|[from] psn
|upkeep
|turn|4
|
|t:|1602017971
|switch|p1a: Ferrothorn|Ferrothorn, M|100/100
|move|p2a: Crawdaunt|Crabhammer|p1a: Ferrothorn
|-resisted|p1a: Ferrothorn
|-damage|p1a: Ferrothorn|69/100
|-damage|p2a: Crawdaunt|76/100 tox|[from] ability: Iron Barbs|[of] p1a: Ferrothorn
|-damage|p2a: Crawdaunt|60/100 tox|[from] item: Rocky Helmet|[of] p1a: Ferrothorn
|
|-weather|Sandstorm|[upkeep]
|-damage|p2a: Crawdaunt|54/100 tox|[from] Sandstorm
|-damage|p2a: Crawdaunt|42/100 tox|[from] psn
|upkeep
|turn|5
|
|t:|1602017977
|switch|p2a: Slowbro|Slowbro-Galar, F|100/100
|move|p1a: Ferrothorn|Stealth Rock|p2a: Slowbro
|-sidestart|p2: Tonytuffnuts|move: Stealth Rock
|
|-weather|Sandstorm|[upkeep]
|-damage|p2a: Slowbro|94/100|[from] Sandstorm
|upkeep
|turn|6
|
|t:|1602017984
|switch|p1a: Hydreigon|Hydreigon, M|100/100
|move|p2a: Slowbro|Flamethrower|p1a: Hydreigon
|-resisted|p1a: Hydreigon
|-damage|p1a: Hydreigon|85/100
|
|-weather|none
|upkeep
|turn|7
|
|t:|1602017993
|switch|p2a: Comfey|Comfey, F|100/100
|-damage|p2a: Comfey|88/100|[from] Stealth Rock
|move|p1a: Hydreigon|Flash Cannon|p2a: Comfey
|-supereffective|p2a: Comfey
|-damage|p2a: Comfey|13/100
|-damage|p1a: Hydreigon|75/100|[from] item: Life Orb
|
|upkeep
|turn|8
|j| MiguelAHHH
|
|t:|1602018005
|switch|p1a: Zeraora|Zeraora|100/100
|switch|p2a: Crawdaunt|Crawdaunt, M|42/100 tox
|-damage|p2a: Crawdaunt|29/100 tox|[from] Stealth Rock
|
|-damage|p2a: Crawdaunt|23/100 tox|[from] psn
|upkeep
|turn|9
|
|t:|1602018008
|switch|p1a: Ferrothorn|Ferrothorn, M|69/100
|move|p2a: Crawdaunt|Aqua Jet|p1a: Ferrothorn
|-resisted|p1a: Ferrothorn
|-damage|p1a: Ferrothorn|56/100
|-damage|p2a: Crawdaunt|11/100 tox|[from] ability: Iron Barbs|[of] p1a: Ferrothorn
|-damage|p2a: Crawdaunt|0 fnt|[from] item: Rocky Helmet|[of] p1a: Ferrothorn
|faint|p2a: Crawdaunt
|
|upkeep
|
|t:|1602018025
|switch|p2a: Volcarona|Volcarona, M|100/100
|turn|10
|
|t:|1602018031
|switch|p1a: Clefable|Clefable, F|100/100
|move|p2a: Volcarona|Quiver Dance|p2a: Volcarona
|-boost|p2a: Volcarona|spa|1
|-boost|p2a: Volcarona|spd|1
|-boost|p2a: Volcarona|spe|1
|
|upkeep
|turn|11
|
|t:|1602018033
|move|p2a: Volcarona|Fiery Dance|p1a: Clefable
|-damage|p1a: Clefable|72/100
|-boost|p2a: Volcarona|spa|1
|move|p1a: Clefable|Toxic|p2a: Volcarona
|-status|p2a: Volcarona|tox
|
|-heal|p1a: Clefable|78/100|[from] item: Leftovers
|-damage|p2a: Volcarona|94/100 tox|[from] psn
|upkeep
|turn|12
|
|t:|1602018038
|switch|p2a: Slowbro|Slowbro-Galar, F|94/100
|-damage|p2a: Slowbro|82/100|[from] Stealth Rock
|move|p1a: Clefable|Wish|p1a: Clefable
|
|-heal|p1a: Clefable|85/100|[from] item: Leftovers
|upkeep
|turn|13
|-activate|p2a: Slowbro|item: Quick Claw
|
|t:|1602018042
|switch|p1a: Hydreigon|Hydreigon, M|75/100
|move|p2a: Slowbro|Sludge Bomb|p1a: Hydreigon
|-damage|p1a: Hydreigon|25/100
|
|-heal|p1a: Hydreigon|85/100|[from] move: Wish|[wisher] Clefable
|upkeep
|turn|14
|
|t:|1602018049
|move|p1a: Hydreigon|Draco Meteor|p2a: Slowbro
|-crit|p2a: Slowbro
|-damage|p2a: Slowbro|0 fnt
|-unboost|p1a: Hydreigon|spa|2
|-damage|p1a: Hydreigon|76/100|[from] item: Life Orb
|faint|p2a: Slowbro
|
|upkeep
|
|t:|1602018067
|switch|p2a: Rillaboom|Rillaboom, M|100/100
|-damage|p2a: Rillaboom|88/100|[from] Stealth Rock
|-fieldstart|move: Grassy Terrain|[from] ability: Grassy Surge|[of] p2a: Rillaboom
|-enditem|p2a: Rillaboom|Grassy Seed
|-boost|p2a: Rillaboom|def|1|[from] item: Grassy Seed
|turn|15
|
|t:|1602018070
|switch|p1a: Ferrothorn|Ferrothorn, M|56/100
|move|p2a: Rillaboom|Swords Dance|p2a: Rillaboom
|-boost|p2a: Rillaboom|atk|2
|
|-heal|p2a: Rillaboom|94/100|[from] Grassy Terrain
|-heal|p1a: Ferrothorn|62/100|[from] Grassy Terrain
|upkeep
|turn|16
|
|t:|1602018074
|move|p2a: Rillaboom|Acrobatics|p1a: Ferrothorn
|-damage|p1a: Ferrothorn|11/100
|-damage|p2a: Rillaboom|82/100|[from] ability: Iron Barbs|[of] p1a: Ferrothorn
|-damage|p2a: Rillaboom|65/100|[from] item: Rocky Helmet|[of] p1a: Ferrothorn
|move|p1a: Ferrothorn|Knock Off|p2a: Rillaboom
|-damage|p2a: Rillaboom|55/100
|
|-heal|p2a: Rillaboom|62/100|[from] Grassy Terrain
|-heal|p1a: Ferrothorn|17/100|[from] Grassy Terrain
|upkeep
|turn|17
|
|t:|1602018081
|move|p2a: Rillaboom|Acrobatics|p1a: Ferrothorn
|-damage|p1a: Ferrothorn|0 fnt
|-damage|p2a: Rillaboom|49/100|[from] ability: Iron Barbs|[of] p1a: Ferrothorn
|-damage|p2a: Rillaboom|33/100|[from] item: Rocky Helmet|[of] p1a: Ferrothorn
|faint|p1a: Ferrothorn
|
|-heal|p2a: Rillaboom|39/100|[from] Grassy Terrain
|upkeep
|
|t:|1602018087
|switch|p1a: Hydreigon|Hydreigon, M|76/100
|turn|18
|
|t:|1602018103
|switch|p2a: Zeraora|Zeraora|46/100
|-damage|p2a: Zeraora|33/100|[from] Stealth Rock
|move|p1a: Hydreigon|Flamethrower|p2a: Zeraora
|-damage|p2a: Zeraora|0 fnt
|-damage|p1a: Hydreigon|66/100|[from] item: Life Orb
|faint|p2a: Zeraora
|
|upkeep
|
|t:|1602018105
|switch|p2a: Comfey|Comfey, F|13/100
|-damage|p2a: Comfey|0 fnt|[from] Stealth Rock
|faint|p2a: Comfey
|
|t:|1602018108
|switch|p2a: Volcarona|Volcarona, M|94/100 tox
|turn|19
|
|t:|1602018114
|switch|p1a: Clefable|Clefable, F|85/100
|move|p2a: Volcarona|Fiery Dance|p1a: Clefable
|-damage|p1a: Clefable|57/100
|-boost|p2a: Volcarona|spa|1
|
|-heal|p2a: Volcarona|100/100 tox|[from] Grassy Terrain
|-heal|p1a: Clefable|63/100|[from] item: Leftovers
|-heal|p1a: Clefable|69/100|[from] Grassy Terrain
|-fieldend|move: Grassy Terrain
|-damage|p2a: Volcarona|94/100 tox|[from] psn
|upkeep
|turn|20
|
|t:|1602018117
|move|p2a: Volcarona|Fiery Dance|p1a: Clefable
|-damage|p1a: Clefable|40/100
|-boost|p2a: Volcarona|spa|1
|move|p1a: Clefable|Wish|p1a: Clefable
|
|-heal|p1a: Clefable|46/100|[from] item: Leftovers
|-damage|p2a: Volcarona|82/100 tox|[from] psn
|upkeep
|turn|21
|
|t:|1602018121
|move|p2a: Volcarona|Fiery Dance|p1a: Clefable
|-damage|p1a: Clefable|20/100
|move|p1a: Clefable|Moonblast|p2a: Volcarona
|-resisted|p2a: Volcarona
|-damage|p2a: Volcarona|65/100 tox
|
|-heal|p1a: Clefable|70/100|[from] move: Wish|[wisher] Clefable
|-heal|p1a: Clefable|76/100|[from] item: Leftovers
|-damage|p2a: Volcarona|47/100 tox|[from] psn
|upkeep
|turn|22
|
|t:|1602018123
|move|p2a: Volcarona|Fiery Dance|p1a: Clefable
|-damage|p1a: Clefable|46/100
|move|p1a: Clefable|Wish|p1a: Clefable
|
|-heal|p1a: Clefable|53/100|[from] item: Leftovers
|-damage|p2a: Volcarona|22/100 tox|[from] psn
|upkeep
|turn|23
|
|t:|1602018126
|move|p1a: Clefable|Protect|p1a: Clefable
|-singleturn|p1a: Clefable|Protect
|move|p2a: Volcarona|Fiery Dance|p1a: Clefable
|-activate|p1a: Clefable|move: Protect
|
|-heal|p1a: Clefable|100/100|[from] move: Wish|[wisher] Clefable
|-damage|p2a: Volcarona|0 fnt|[from] psn
|faint|p2a: Volcarona
|upkeep
|-message|Tonytuffnuts forfeited.
|
|win|wsdfg
|l|☆Tonytuffnuts
|c|☆wsdfg|gg
|l| MiguelAHHH
|raw|wsdfg's rating: 1800 &rarr; <strong>1813</strong><br />(+13 for winning)
|raw|Tonytuffnuts's rating: 1669 &rarr; <strong>1656</strong><br />(-13 for losing)
