|raw|<div class="broadcast-blue"><strong>This battle is required to be public due to a player having a name starting with 'lt94je'.</div>
|j|☆LT94JE Lio
|j|☆Plasmeek
|t:|1661473142
|gametype|singles
|player|p1|LT94JE Lio|1|1859
|player|p2|Plasmeek|170|1831
|teamsize|p1|6
|teamsize|p2|6
|gen|8
|tier|[Gen 8] OU
|rated|
|rule|Sleep Clause Mod: Limit one foe put to sleep
|rule|Species Clause: Limit one of each Pokémon
|rule|OHKO Clause: OHKO moves are banned
|rule|Evasion Items Clause: Evasion items are banned
|rule|Evasion Moves Clause: Evasion moves are banned
|rule|Endless Battle Clause: Forcing endless battles is banned
|rule|HP Percentage Mod: HP is shown in percentages
|rule|Dynamax Clause: You cannot dynamax
|clearpoke
|poke|p1|Pelipper, F|
|poke|p1|Landorus-Therian, M|
|poke|p1|Ferrothorn, M|
|poke|p1|Barraskewda, F|
|poke|p1|Tapu Lele|
|poke|p1|Weavile, M|
|poke|p2|Victini|
|poke|p2|Zapdos|
|poke|p2|Tapu Fini|
|poke|p2|Ferrothorn, M|
|poke|p2|Dragapult, M|
|poke|p2|Landorus-Therian, M|
|teampreview
|
|t:|1661473162
|start
|switch|p1a: Pelipper|Pelipper, F|100/100
|switch|p2a: Dragapult|Dragapult, M|100/100
|-weather|RainDance|[from] ability: Drizzle|[of] p1a: Pelipper
|turn|1
|j| NoTollsNoRolls
|
|t:|1661473168
|switch|p1a: Ferrothorn|Ferrothorn, M|100/100
|move|p2a: Dragapult|Draco Meteor|p1a: Ferrothorn
|-resisted|p1a: Ferrothorn
|-damage|p1a: Ferrothorn|63/100
|-unboost|p2a: Dragapult|spa|2
|-enditem|p1a: Ferrothorn|Eject Button
|
|t:|1661473173
|switch|p1a: Weavile|Weavile, M|100/100
|-ability|p1a: Weavile|Pressure
|
|-weather|RainDance|[upkeep]
|upkeep
|turn|2
|
|t:|1661473179
|switch|p2a: Tapu Fini|Tapu Fini|100/100
|-fieldstart|move: Misty Terrain|[from] ability: Misty Surge|[of] p2a: Tapu Fini
|move|p1a: Weavile|Knock Off|p2a: Tapu Fini
|-resisted|p2a: Tapu Fini
|-damage|p2a: Tapu Fini|73/100
|-enditem|p2a: Tapu Fini|Choice Scarf|[from] move: Knock Off|[of] p1a: Weavile
|
|-weather|RainDance|[upkeep]
|upkeep
|turn|3
|
|t:|1661473185
|switch|p1a: Ferrothorn|Ferrothorn, M|63/100
|move|p2a: Tapu Fini|Moonblast|p1a: Ferrothorn
|-resisted|p1a: Ferrothorn
|-damage|p1a: Ferrothorn|50/100
|-unboost|p1a: Ferrothorn|spa|1
|
|-weather|RainDance|[upkeep]
|upkeep
|turn|4
|
|t:|1661473191
|switch|p2a: Ferrothorn|Ferrothorn, M|100/100
|move|p1a: Ferrothorn|Stealth Rock|p2a: Ferrothorn
|-sidestart|p2: Plasmeek|move: Stealth Rock
|
|-weather|RainDance|[upkeep]
|upkeep
|turn|5
|
|t:|1661473195
|move|p1a: Ferrothorn|Body Press|p2a: Ferrothorn
|-supereffective|p2a: Ferrothorn
|-damage|p2a: Ferrothorn|53/100
|-damage|p1a: Ferrothorn|38/100|[from] ability: Iron Barbs|[of] p2a: Ferrothorn
|move|p2a: Ferrothorn|Spikes|p1a: Ferrothorn
|-sidestart|p1: LT94JE Lio|Spikes
|
|-weather|none
|-heal|p2a: Ferrothorn|59/100|[from] item: Leftovers
|upkeep
|turn|6
|
|t:|1661473200
|switch|p2a: Zapdos|Zapdos|100/100
|move|p1a: Ferrothorn|Body Press|p2a: Zapdos
|-resisted|p2a: Zapdos
|-damage|p2a: Zapdos|86/100
|
|-fieldend|Misty Terrain
|upkeep
|turn|7
|
|t:|1661473207
|switch|p1a: Landorus|Landorus-Therian, M|100/100
|-ability|p1a: Landorus|Intimidate|boost
|-unboost|p2a: Zapdos|atk|1
|move|p2a: Zapdos|Hurricane|p1a: Landorus
|-damage|p1a: Landorus|41/100
|
|-heal|p1a: Landorus|47/100|[from] item: Leftovers
|upkeep
|turn|8
|j| edrala
|
|t:|1661473211
|move|p2a: Zapdos|Hurricane|p1a: Landorus|[miss]
|-miss|p2a: Zapdos|p1a: Landorus
|move|p1a: Landorus|U-turn|p2a: Zapdos
|-resisted|p2a: Zapdos
|-damage|p2a: Zapdos|74/100
|-status|p1a: Landorus|par|[from] ability: Static|[of] p2a: Zapdos
|j| Venositile
|
|t:|1661473213
|switch|p1a: Weavile|Weavile, M|100/100|[from]move: U-turn
|-damage|p1a: Weavile|88/100|[from] Spikes
|-ability|p1a: Weavile|Pressure
|
|upkeep
|turn|9
|
|t:|1661473219
|switch|p2a: Tapu Fini|Tapu Fini|73/100
|-damage|p2a: Tapu Fini|60/100|[from] Stealth Rock
|-fieldstart|move: Misty Terrain|[from] ability: Misty Surge|[of] p2a: Tapu Fini
|move|p1a: Weavile|Icicle Crash|p2a: Tapu Fini
|-resisted|p2a: Tapu Fini
|-damage|p2a: Tapu Fini|34/100
|
|upkeep
|turn|10
|
|t:|1661473225
|switch|p1a: Tapu Lele|Tapu Lele|100/100
|-damage|p1a: Tapu Lele|88/100|[from] Spikes
|-fieldstart|move: Psychic Terrain|[from] ability: Psychic Surge|[of] p1a: Tapu Lele
|move|p2a: Tapu Fini|Moonblast|p1a: Tapu Lele
|-damage|p1a: Tapu Lele|55/100
|
|upkeep
|turn|11
|
|t:|1661473228
|switch|p2a: Victini|Victini|100/100
|move|p1a: Tapu Lele|Psychic|p2a: Victini
|-resisted|p2a: Victini
|-damage|p2a: Victini|68/100
|
|upkeep
|turn|12
|
|t:|1661473238
|switch|p1a: Ferrothorn|Ferrothorn, M|38/100
|-damage|p1a: Ferrothorn|25/100|[from] Spikes
|move|p2a: Victini|V-create|p1a: Ferrothorn
|-supereffective|p1a: Ferrothorn
|-damage|p1a: Ferrothorn|0 fnt
|-unboost|p2a: Victini|spe|1
|-unboost|p2a: Victini|def|1
|-unboost|p2a: Victini|spd|1
|-damage|p2a: Victini|56/100|[from] ability: Iron Barbs|[of] p1a: Ferrothorn
|faint|p1a: Ferrothorn
|
|upkeep
|
|t:|1661473240
|switch|p1a: Barraskewda|Barraskewda, F|100/100
|-damage|p1a: Barraskewda|88/100|[from] Spikes
|turn|13
|
|t:|1661473250
|switch|p2a: Dragapult|Dragapult, M|100/100
|-damage|p2a: Dragapult|88/100|[from] Stealth Rock
|move|p1a: Barraskewda|Flip Turn|p2a: Dragapult
|-resisted|p2a: Dragapult
|-damage|p2a: Dragapult|52/100
|
|t:|1661473253
|switch|p1a: Tapu Lele|Tapu Lele|55/100|[from]move: Flip Turn
|-damage|p1a: Tapu Lele|42/100|[from] Spikes
|
|upkeep
|turn|14
|
|t:|1661473257
|switch|p2a: Victini|Victini|56/100
|move|p1a: Tapu Lele|Psychic|p2a: Victini
|-resisted|p2a: Victini
|-damage|p2a: Victini|25/100
|
|-fieldend|move: Psychic Terrain
|upkeep
|turn|15
|
|t:|1661473265
|switch|p1a: Landorus|Landorus-Therian, M|47/100 par
|-ability|p1a: Landorus|Intimidate|boost
|-unboost|p2a: Victini|atk|1
|move|p2a: Victini|V-create|p1a: Landorus
|-damage|p1a: Landorus|10/100 par
|-unboost|p2a: Victini|spe|1
|-unboost|p2a: Victini|def|1
|-unboost|p2a: Victini|spd|1
|
|-heal|p1a: Landorus|16/100 par|[from] item: Leftovers
|upkeep
|turn|16
|
|t:|1661473268
|switch|p1a: Pelipper|Pelipper, F|100/100
|-weather|RainDance|[from] ability: Drizzle|[of] p1a: Pelipper
|move|p2a: Victini|V-create|p1a: Pelipper
|-resisted|p1a: Pelipper
|-damage|p1a: Pelipper|85/100
|-unboost|p2a: Victini|spe|1
|-unboost|p2a: Victini|def|1
|-unboost|p2a: Victini|spd|1
|
|-weather|RainDance|[upkeep]
|upkeep
|turn|17
|
|t:|1661473279
|move|p1a: Pelipper|Weather Ball|p2a: Victini
|-supereffective|p2a: Victini
|-damage|p2a: Victini|0 fnt
|faint|p2a: Victini
|
|-weather|RainDance|[upkeep]
|upkeep
|
|t:|1661473286
|switch|p2a: Dragapult|Dragapult, M|52/100
|-damage|p2a: Dragapult|39/100|[from] Stealth Rock
|turn|18
|
|t:|1661473289
|switch|p1a: Landorus|Landorus-Therian, M|16/100 par
|-ability|p1a: Landorus|Intimidate|boost
|-unboost|p2a: Dragapult|atk|1
|move|p2a: Dragapult|Shadow Ball|p1a: Landorus
|-crit|p1a: Landorus
|-damage|p1a: Landorus|0 fnt
|faint|p1a: Landorus
|
|-weather|RainDance|[upkeep]
|upkeep
|
|t:|1661473293
|switch|p1a: Barraskewda|Barraskewda, F|88/100
|-damage|p1a: Barraskewda|76/100|[from] Spikes
|turn|19
|
|t:|1661473299
|switch|p2a: Tapu Fini|Tapu Fini|34/100
|-damage|p2a: Tapu Fini|22/100|[from] Stealth Rock
|-fieldstart|move: Misty Terrain|[from] ability: Misty Surge|[of] p2a: Tapu Fini
|move|p1a: Barraskewda|Liquidation|p2a: Tapu Fini
|-resisted|p2a: Tapu Fini
|-damage|p2a: Tapu Fini|0 fnt
|faint|p2a: Tapu Fini
|
|-weather|RainDance|[upkeep]
|upkeep
|
|t:|1661473302
|switch|p2a: Ferrothorn|Ferrothorn, M|59/100
|-damage|p2a: Ferrothorn|53/100|[from] Stealth Rock
|turn|20
|
|t:|1661473310
|switch|p1a: Pelipper|Pelipper, F|85/100
|switch|p2a: Zapdos|Zapdos|74/100
|
|-weather|none
|upkeep
|turn|21
|
|t:|1661473315
|switch|p1a: Weavile|Weavile, M|88/100
|-damage|p1a: Weavile|76/100|[from] Spikes
|-ability|p1a: Weavile|Pressure
|move|p2a: Zapdos|Volt Switch|p1a: Weavile
|-damage|p1a: Weavile|21/100
|
|t:|1661473320
|switch|p2a: Dragapult|Dragapult, M|39/100|[from]move: Volt Switch
|-damage|p2a: Dragapult|27/100|[from] Stealth Rock
|
|upkeep
|turn|22
|
|t:|1661473323
|move|p1a: Weavile|Ice Shard|p2a: Dragapult
|-supereffective|p2a: Dragapult
|-damage|p2a: Dragapult|0 fnt
|faint|p2a: Dragapult
|
|upkeep
|
|t:|1661473325
|switch|p2a: Ferrothorn|Ferrothorn, M|53/100
|-damage|p2a: Ferrothorn|47/100|[from] Stealth Rock
|turn|23
|
|t:|1661473332
|switch|p1a: Pelipper|Pelipper, F|85/100
|-weather|RainDance|[from] ability: Drizzle|[of] p1a: Pelipper
|move|p2a: Ferrothorn|Leech Seed|p1a: Pelipper
|-start|p1a: Pelipper|move: Leech Seed
|
|-weather|RainDance|[upkeep]
|-heal|p2a: Ferrothorn|53/100|[from] item: Leftovers
|-damage|p1a: Pelipper|73/100|[from] Leech Seed|[of] p2a: Ferrothorn
|-heal|p2a: Ferrothorn|62/100|[silent]
|-fieldend|Misty Terrain
|upkeep
|turn|24
|
|t:|1661473337
|move|p1a: Pelipper|Weather Ball|p2a: Ferrothorn
|-resisted|p2a: Ferrothorn
|-damage|p2a: Ferrothorn|30/100
|move|p2a: Ferrothorn|Gyro Ball|p1a: Pelipper
|-resisted|p1a: Pelipper
|-damage|p1a: Pelipper|44/100
|
|-weather|RainDance|[upkeep]
|-heal|p2a: Ferrothorn|36/100|[from] item: Leftovers
|-damage|p1a: Pelipper|32/100|[from] Leech Seed|[of] p2a: Ferrothorn
|-heal|p2a: Ferrothorn|46/100|[silent]
|upkeep
|turn|25
|
|t:|1661473346
|move|p1a: Pelipper|Weather Ball|p2a: Ferrothorn
|-resisted|p2a: Ferrothorn
|-damage|p2a: Ferrothorn|8/100
|move|p2a: Ferrothorn|Gyro Ball|p1a: Pelipper
|-resisted|p1a: Pelipper
|-damage|p1a: Pelipper|0 fnt
|faint|p1a: Pelipper
|
|-weather|RainDance|[upkeep]
|-heal|p2a: Ferrothorn|14/100|[from] item: Leftovers
|upkeep
|
|t:|1661473348
|switch|p1a: Barraskewda|Barraskewda, F|76/100
|-damage|p1a: Barraskewda|64/100|[from] Spikes
|turn|26
|
|t:|1661473353
|move|p1a: Barraskewda|Liquidation|p2a: Ferrothorn
|-resisted|p2a: Ferrothorn
|-damage|p2a: Ferrothorn|0 fnt
|-damage|p1a: Barraskewda|52/100|[from] ability: Iron Barbs|[of] p2a: Ferrothorn
|faint|p2a: Ferrothorn
|
|-weather|RainDance|[upkeep]
|upkeep
|
|t:|1661473356
|switch|p2a: Landorus|Landorus-Therian, M|100/100
|-damage|p2a: Landorus|88/100|[from] Stealth Rock
|-ability|p2a: Landorus|Intimidate|boost
|-unboost|p1a: Barraskewda|atk|1
|turn|27
|
|t:|1661473358
|move|p1a: Barraskewda|Liquidation|p2a: Landorus
|-supereffective|p2a: Landorus
|-damage|p2a: Landorus|0 fnt
|faint|p2a: Landorus
|
|-weather|none
|upkeep
|
|t:|1661473359
|switch|p2a: Zapdos|Zapdos|74/100
|turn|28
|
|t:|1661473361
|move|p1a: Barraskewda|Liquidation|p2a: Zapdos
|-damage|p2a: Zapdos|22/100
|-unboost|p2a: Zapdos|def|1
|move|p2a: Zapdos|Roost|p2a: Zapdos
|-heal|p2a: Zapdos|73/100
|-singleturn|p2a: Zapdos|move: Roost
|
|upkeep
|turn|29
|
|t:|1661473363
|move|p1a: Barraskewda|Liquidation|p2a: Zapdos
|-damage|p2a: Zapdos|6/100
|-unboost|p2a: Zapdos|def|1
|-status|p1a: Barraskewda|par|[from] ability: Static|[of] p2a: Zapdos
|move|p2a: Zapdos|Roost|p2a: Zapdos
|-heal|p2a: Zapdos|56/100
|-singleturn|p2a: Zapdos|move: Roost
|
|upkeep
|turn|30
|
|t:|1661473368
|move|p2a: Zapdos|Roost|p2a: Zapdos
|-heal|p2a: Zapdos|100/100
|-singleturn|p2a: Zapdos|move: Roost
|cant|p1a: Barraskewda|par
|
|upkeep
|turn|31
|
|t:|1661473369
|move|p2a: Zapdos|Volt Switch|p1a: Barraskewda
|-supereffective|p1a: Barraskewda
|-damage|p1a: Barraskewda|0 fnt
|faint|p1a: Barraskewda
|
|upkeep
|
|t:|1661473371
|switch|p1a: Tapu Lele|Tapu Lele|42/100
|-damage|p1a: Tapu Lele|30/100|[from] Spikes
|-fieldstart|move: Psychic Terrain|[from] ability: Psychic Surge|[of] p1a: Tapu Lele
|turn|32
|
|t:|1661473373
|move|p1a: Tapu Lele|Psychic|p2a: Zapdos
|-damage|p2a: Zapdos|42/100
|move|p2a: Zapdos|Volt Switch|p1a: Tapu Lele
|-damage|p1a: Tapu Lele|0 fnt
|faint|p1a: Tapu Lele
|
|upkeep
|
|t:|1661473376
|switch|p1a: Weavile|Weavile, M|21/100
|-damage|p1a: Weavile|8/100|[from] Spikes
|-ability|p1a: Weavile|Pressure
|turn|33
|
|t:|1661473378
|move|p1a: Weavile|Ice Shard|p2a: Zapdos
|-hint|Psychic Terrain doesn't affect Pokémon immune to Ground.
|-supereffective|p2a: Zapdos
|-damage|p2a: Zapdos|0 fnt
|faint|p2a: Zapdos
|
|win|LT94JE Lio
|raw|LT94JE Lio's rating: 1859 &rarr; <strong>1877</strong><br />(+18 for winning)
|raw|Plasmeek's rating: 1831 &rarr; <strong>1813</strong><br />(-18 for losing)
|j| Jongruenwald
|l| Jongruenwald
|l|☆Plasmeek
