|raw|<div class="broadcast-blue"><strong>This battle is required to be public due to a player having a name starting with 'lt92pf'.</div>
|j|☆LT92PF damien
|j|☆Adel19
|t:|1660281110
|gametype|singles
|player|p1|LT92PF damien|lucas|1859
|player|p2|Adel19|2|1780
|teamsize|p1|6
|teamsize|p2|6
|gen|8
|tier|[Gen 8] OU
|rated|
|rule|Sleep Clause Mod: Limit one foe put to sleep
|rule|Species Clause: Limit one of each Pokémon
|rule|OHKO Clause: OHKO moves are banned
|rule|Evasion Items Clause: Evasion items are banned
|rule|Evasion Moves Clause: Evasion moves are banned
|rule|Endless Battle Clause: Forcing endless battles is banned
|rule|HP Percentage Mod: HP is shown in percentages
|rule|Dynamax Clause: You cannot dynamax
|clearpoke
|poke|p1|Kartana|
|poke|p1|Magnezone|
|poke|p1|Landorus-Therian, M|
|poke|p1|Tapu Lele|
|poke|p1|Tapu Fini|
|poke|p1|Dragonite, M|
|poke|p2|Landorus-Therian, M|
|poke|p2|Zeraora|
|poke|p2|Kartana|
|poke|p2|Tapu Fini|
|poke|p2|Blissey, F|
|poke|p2|Zapdos|
|teampreview
|inactive|Battle timer is ON: inactive players will automatically lose when time's up. (requested by LT92PF damien)
|j| drerer
|
|t:|1660281139
|start
|switch|p1a: Tapu Lele|Tapu Lele|100/100
|switch|p2a: Zeraora|Zeraora|100/100
|-fieldstart|move: Psychic Terrain|[from] ability: Psychic Surge|[of] p1a: Tapu Lele
|turn|1
|
|t:|1660281142
|move|p2a: Zeraora|Knock Off|p1a: Tapu Lele
|-damage|p1a: Tapu Lele|50/100
|-enditem|p1a: Tapu Lele|Choice Specs|[from] move: Knock Off|[of] p2a: Zeraora
|move|p1a: Tapu Lele|Psyshock|p2a: Zeraora
|-damage|p2a: Zeraora|31/100
|
|upkeep
|turn|2
|l| drerer
|j| anique
|j| lt92pf star
|
|t:|1660281150
|switch|p1a: Magnezone|Magnezone|100/100
|move|p2a: Zeraora|Knock Off|p1a: Magnezone
|-damage|p1a: Magnezone|74/100
|-damage|p2a: Zeraora|15/100|[from] item: Rocky Helmet|[of] p1a: Magnezone
|-enditem|p1a: Magnezone|Rocky Helmet|[from] move: Knock Off|[of] p2a: Zeraora
|
|upkeep
|turn|3
|
|t:|1660281176
|move|p2a: Zeraora|Close Combat|p1a: Magnezone
|-supereffective|p1a: Magnezone
|-damage|p1a: Magnezone|10/100
|-unboost|p2a: Zeraora|def|1
|-unboost|p2a: Zeraora|spd|1
|move|p1a: Magnezone|Toxic|p2a: Zeraora
|-status|p2a: Zeraora|tox
|
|-damage|p2a: Zeraora|9/100 tox|[from] psn
|upkeep
|turn|4
|
|t:|1660281185
|move|p2a: Zeraora|Close Combat|p1a: Magnezone
|-supereffective|p1a: Magnezone
|-damage|p1a: Magnezone|0 fnt
|-unboost|p2a: Zeraora|def|1
|-unboost|p2a: Zeraora|spd|1
|faint|p1a: Magnezone
|
|-damage|p2a: Zeraora|0 fnt|[from] psn
|faint|p2a: Zeraora
|upkeep
|
|t:|1660281193
|switch|p2a: Landorus|Landorus-Therian, M|100/100
|switch|p1a: Landorus|Landorus-Therian, M|100/100
|-ability|p2a: Landorus|Intimidate|boost
|-unboost|p1a: Landorus|atk|1
|-ability|p1a: Landorus|Intimidate|boost
|-unboost|p2a: Landorus|atk|1
|turn|5
|
|t:|1660281201
|move|p2a: Landorus|Swords Dance|p2a: Landorus
|-boost|p2a: Landorus|atk|2
|move|p1a: Landorus|Toxic|p2a: Landorus
|-status|p2a: Landorus|tox
|
|-damage|p2a: Landorus|95/100 tox|[from] psn
|-fieldend|move: Psychic Terrain
|upkeep
|turn|6
|
|t:|1660281209
|move|p2a: Landorus|Stone Edge|p1a: Landorus
|-crit|p1a: Landorus
|-damage|p1a: Landorus|9/100
|move|p1a: Landorus|U-turn|p2a: Landorus
|-resisted|p2a: Landorus
|-damage|p2a: Landorus|85/100 tox
|
|t:|1660281212
|switch|p1a: Tapu Lele|Tapu Lele|50/100|[from]move: U-turn
|-fieldstart|move: Psychic Terrain|[from] ability: Psychic Surge|[of] p1a: Tapu Lele
|
|-damage|p2a: Landorus|74/100 tox|[from] psn
|upkeep
|turn|7
|j| CZM019
|l| CZM019
|
|t:|1660281243
|switch|p2a: Blissey|Blissey, F|100/100
|move|p1a: Tapu Lele|Psyshock|p2a: Blissey
|-damage|p2a: Blissey|0 fnt
|faint|p2a: Blissey
|
|upkeep
|j| LT92P Fever
|inactive|Adel19 has 120 seconds left.
|
|t:|1660281278
|switch|p2a: Kartana|Kartana|100/100
|turn|8
|inactive|LT92PF damien has 120 seconds left.
|
|t:|1660281308
|switch|p1a: Landorus|Landorus-Therian, M|9/100
|-ability|p1a: Landorus|Intimidate|boost
|-unboost|p2a: Kartana|atk|1
|move|p2a: Kartana|Swords Dance|p2a: Kartana
|-boost|p2a: Kartana|atk|2
|
|-heal|p1a: Landorus|15/100|[from] item: Leftovers
|upkeep
|turn|9
|inactive|LT92PF damien has 120 seconds left.
|
|t:|1660281321
|move|p2a: Kartana|Swords Dance|p2a: Kartana
|-boost|p2a: Kartana|atk|2
|move|p1a: Landorus|Earthquake|p2a: Kartana
|-damage|p2a: Kartana|63/100
|
|-heal|p1a: Landorus|21/100|[from] item: Leftovers
|upkeep
|turn|10
|inactive|LT92PF damien has 120 seconds left.
|
|t:|1660281334
|move|p2a: Kartana|Knock Off|p1a: Landorus
|-damage|p1a: Landorus|0 fnt
|-enditem|p1a: Landorus|Leftovers|[from] move: Knock Off|[of] p2a: Kartana
|faint|p1a: Landorus
|-ability|p2a: Kartana|Beast Boost|boost
|-boost|p2a: Kartana|spe|1
|
|-fieldend|move: Psychic Terrain
|upkeep
|inactive|LT92PF damien has 120 seconds left.
|inactive|LT92PF damien has 90 seconds left.
|
|t:|1660281385
|switch|p1a: Kartana|Kartana|100/100
|turn|11
|
|t:|1660281389
|move|p1a: Kartana|Sacred Sword|p2a: Kartana
|-supereffective|p2a: Kartana
|-damage|p2a: Kartana|0 fnt
|faint|p2a: Kartana
|-ability|p1a: Kartana|Beast Boost|boost
|-boost|p1a: Kartana|atk|1
|
|upkeep
|
|t:|1660281392
|switch|p2a: Zapdos|Zapdos|100/100
|turn|12
|j| MrToxicSheep
|
|t:|1660281398
|switch|p1a: Dragonite|Dragonite, M|100/100
|move|p2a: Zapdos|Volt Switch|p1a: Dragonite
|-damage|p1a: Dragonite|86/100
|
|t:|1660281401
|switch|p2a: Tapu Fini|Tapu Fini|100/100|[from]move: Volt Switch
|-fieldstart|move: Misty Terrain|[from] ability: Misty Surge|[of] p2a: Tapu Fini
|
|upkeep
|turn|13
|
|t:|1660281412
|move|p1a: Dragonite|Dual Wingbeat|p2a: Tapu Fini
|-crit|p2a: Tapu Fini
|-damage|p2a: Tapu Fini|79/100
|-damage|p2a: Tapu Fini|64/100
|-hitcount|p2a: Tapu Fini|2
|move|p2a: Tapu Fini|Moonblast|p1a: Dragonite
|-supereffective|p1a: Dragonite
|-damage|p1a: Dragonite|15/100
|
|-heal|p2a: Tapu Fini|70/100|[from] item: Leftovers
|upkeep
|turn|14
|
|t:|1660281420
|move|p1a: Dragonite|Dual Wingbeat|p2a: Tapu Fini|[miss]
|-miss|p1a: Dragonite|p2a: Tapu Fini
|move|p2a: Tapu Fini|Moonblast|p1a: Dragonite
|-supereffective|p1a: Dragonite
|-damage|p1a: Dragonite|0 fnt
|faint|p1a: Dragonite
|
|-heal|p2a: Tapu Fini|76/100|[from] item: Leftovers
|upkeep
|
|t:|1660281428
|switch|p1a: Tapu Lele|Tapu Lele|50/100
|-fieldstart|move: Psychic Terrain|[from] ability: Psychic Surge|[of] p1a: Tapu Lele
|turn|15
|
|t:|1660281431
|move|p1a: Tapu Lele|Psychic|p2a: Tapu Fini
|-damage|p2a: Tapu Fini|30/100
|move|p2a: Tapu Fini|Moonblast|p1a: Tapu Lele
|-damage|p1a: Tapu Lele|14/100
|
|-heal|p2a: Tapu Fini|36/100|[from] item: Leftovers
|upkeep
|turn|16
|l| anique
|
|t:|1660281447
|switch|p2a: Landorus|Landorus-Therian, M|74/100 tox
|-ability|p2a: Landorus|Intimidate|boost
|-unboost|p1a: Tapu Lele|atk|1
|move|p1a: Tapu Lele|Psychic|p2a: Landorus
|-damage|p2a: Landorus|0 fnt
|faint|p2a: Landorus
|
|upkeep
|
|t:|1660281450
|switch|p2a: Tapu Fini|Tapu Fini|36/100
|-fieldstart|move: Misty Terrain|[from] ability: Misty Surge|[of] p2a: Tapu Fini
|turn|17
|
|t:|1660281466
|switch|p1a: Kartana|Kartana|100/100
|move|p2a: Tapu Fini|Moonblast|p1a: Kartana
|-resisted|p1a: Kartana
|-damage|p1a: Kartana|49/100
|-unboost|p1a: Kartana|spa|1
|
|-heal|p2a: Tapu Fini|42/100|[from] item: Leftovers
|upkeep
|turn|18
|l| MrToxicSheep
|
|t:|1660281473
|move|p1a: Kartana|Knock Off|p2a: Tapu Fini
|-resisted|p2a: Tapu Fini
|-damage|p2a: Tapu Fini|28/100
|-enditem|p2a: Tapu Fini|Leftovers|[from] move: Knock Off|[of] p1a: Kartana
|move|p2a: Tapu Fini|Moonblast|p1a: Kartana
|-resisted|p1a: Kartana
|-damage|p1a: Kartana|0 fnt
|faint|p1a: Kartana
|
|upkeep
|
|t:|1660281477
|switch|p1a: Tapu Lele|Tapu Lele|14/100
|-fieldstart|move: Psychic Terrain|[from] ability: Psychic Surge|[of] p1a: Tapu Lele
|turn|19
|
|t:|1660281483
|move|p1a: Tapu Lele|Psychic|p2a: Tapu Fini
|-damage|p2a: Tapu Fini|0 fnt
|faint|p2a: Tapu Fini
|
|upkeep
|l| LT92P Fever
|
|t:|1660281485
|switch|p2a: Zapdos|Zapdos|100/100
|turn|20
|
|t:|1660281487
|move|p1a: Tapu Lele|Psychic|p2a: Zapdos
|-damage|p2a: Zapdos|46/100
|move|p2a: Zapdos|Volt Switch|p1a: Tapu Lele
|-damage|p1a: Tapu Lele|0 fnt
|faint|p1a: Tapu Lele
|
|upkeep
|
|t:|1660281491
|switch|p1a: Tapu Fini|Tapu Fini|100/100
|-fieldstart|move: Misty Terrain|[from] ability: Misty Surge|[of] p1a: Tapu Fini
|turn|21
|inactive|LT92PF damien has 120 seconds left.
|inactive|LT92PF damien has 90 seconds left.
|
|t:|1660281570
|move|p1a: Tapu Fini|Trick|p2a: Zapdos
|-activate|p1a: Tapu Fini|move: Trick|[of] p2a: Zapdos
|-item|p2a: Zapdos|Choice Scarf|[from] move: Trick
|-item|p1a: Tapu Fini|Heavy-Duty Boots|[from] move: Trick
|move|p2a: Zapdos|Roost|p2a: Zapdos
|-heal|p2a: Zapdos|96/100
|-singleturn|p2a: Zapdos|move: Roost
|
|upkeep
|turn|22
|-message|Adel19 forfeited.
|
|win|LT92PF damien
|raw|LT92PF damien's rating: 1859 &rarr; <strong>1875</strong><br />(+16 for winning)
|raw|Adel19's rating: 1780 &rarr; <strong>1764</strong><br />(-16 for losing)
|l|☆Adel19
|l|☆LT92PF damien
