|j|☆Elite4Donovan
|j|☆call the crew
|t:|1651297379
|gametype|singles
|player|p1|Elite4Donovan|lucas|1574
|player|p2|call the crew|lucas|1597
|teamsize|p1|6
|teamsize|p2|6
|gen|8
|tier|[Gen 8] OU
|rated|
|rule|Sleep Clause Mod: Limit one foe put to sleep
|rule|Species Clause: Limit one of each Pokémon
|rule|OHKO Clause: OHKO moves are banned
|rule|Evasion Moves Clause: Evasion moves are banned
|rule|Endless Battle Clause: Forcing endless battles is banned
|rule|HP Percentage Mod: HP is shown in percentages
|rule|Dynamax Clause: You cannot dynamax
|clearpoke
|poke|p1|Grapploct, M|
|poke|p1|Regidrago|
|poke|p1|Zapdos|
|poke|p1|Nidoking, M|
|poke|p1|Melmetal|
|poke|p1|Ditto|
|poke|p2|Pyukumuku, L95, F|
|poke|p2|Clefable, F|
|poke|p2|Blissey, F|
|poke|p2|Skarmory, F|
|poke|p2|Zeraora|
|poke|p2|Garchomp, M|
|teampreview
|
|t:|1651297450
|start
|switch|p1a: Nidoking|Nidoking, M|100/100
|switch|p2a: Garchomp|Garchomp, M|100/100
|turn|1
|
|t:|1651297470
|switch|p2a: Blissey|Blissey, F|100/100
|move|p1a: Nidoking|Ice Beam|p2a: Blissey
|-damage|p2a: Blissey|90/100
|
|upkeep
|turn|2
|
|t:|1651297479
|switch|p1a: Grapploct|Grapploct, M|100/100
|move|p2a: Blissey|Teleport|p2a: Blissey
|
|t:|1651297504
|switch|p2a: Clefable|Clefable, F|100/100|[from]move: Teleport
|
|upkeep
|turn|3
|
|t:|1651297514
|switch|p1a: Melmetal|Melmetal|100/100
|move|p2a: Clefable|Trick|p1a: Melmetal
|-activate|p2a: Clefable|move: Trick|[of] p1a: Melmetal
|-item|p1a: Melmetal|Sticky Barb|[from] move: Trick
|-item|p2a: Clefable|Assault Vest|[from] move: Trick
|
|-damage|p1a: Melmetal|88/100|[from] item: Sticky Barb
|upkeep
|turn|4
|
|t:|1651297526
|switch|p2a: Skarmory|Skarmory, F|100/100
|switch|p1a: Nidoking|Nidoking, M|100/100
|
|upkeep
|turn|5
|
|t:|1651297539
|switch|p1a: Grapploct|Grapploct, M|100/100
|switch|p2a: Blissey|Blissey, F|90/100
|
|upkeep
|turn|6
|
|t:|1651297547
|switch|p2a: Clefable|Clefable, F|100/100
|move|p1a: Grapploct|Octolock|p2a: Clefable
|-start|p2a: Clefable|move: Octolock|[of] p1a: Grapploct
|
|-unboost|p2a: Clefable|def|1
|-unboost|p2a: Clefable|spd|1
|upkeep
|turn|7
|
|t:|1651297553
|move|p1a: Grapploct|Ice Punch|p2a: Clefable
|-damage|p2a: Clefable|69/100
|move|p2a: Clefable|Moonblast|p1a: Grapploct
|-supereffective|p1a: Grapploct
|-enditem|p1a: Grapploct|Roseli Berry|[eat]
|-enditem|p1a: Grapploct|Roseli Berry|[weaken]
|-damage|p1a: Grapploct|63/100
|-unboost|p1a: Grapploct|spa|1
|
|-unboost|p2a: Clefable|def|1
|-unboost|p2a: Clefable|spd|1
|upkeep
|turn|8
|
|t:|1651297560
|move|p2a: Clefable|Moonblast|p1a: Grapploct
|-supereffective|p1a: Grapploct
|-damage|p1a: Grapploct|0 fnt
|faint|p1a: Grapploct
|
|-end|p2a: Clefable|Octolock|[partiallytrapped]|[silent]
|upkeep
|
|t:|1651297595
|switch|p1a: Ditto|Ditto|100/100
|-transform|p1a: Ditto|p2a: Clefable|[from] ability: Imposter
|turn|9
|c|☆Elite4Donovan|gg
|-message|Elite4Donovan forfeited.
|
|win|call the crew
|raw|Elite4Donovan's rating: 1574 &rarr; <strong>1555</strong><br />(-19 for losing)
|raw|call the crew's rating: 1597 &rarr; <strong>1616</strong><br />(+19 for winning)
|c|☆call the crew|gg
