|j|☆yung_iznamakin
|j|☆gmax bouffalant
|t:|1650088434
|gametype|singles
|player|p1|yung_iznamakin|brendan-gen3|1569
|player|p2|gmax bouffalant|lass-gen4dp|1650
|teamsize|p1|6
|teamsize|p2|6
|gen|8
|tier|[Gen 8] OU
|rated|
|rule|Sleep Clause Mod: Limit one foe put to sleep
|rule|Species Clause: Limit one of each Pokémon
|rule|OHKO Clause: OHKO moves are banned
|rule|Evasion Moves Clause: Evasion moves are banned
|rule|Endless Battle Clause: Forcing endless battles is banned
|rule|HP Percentage Mod: HP is shown in percentages
|rule|Dynamax Clause: You cannot dynamax
|clearpoke
|poke|p1|Kommo-o, M|
|poke|p1|Corviknight, F|
|poke|p1|Slowking-Galar, M|
|poke|p1|Tapu Koko|
|poke|p1|Landorus-Therian, M|
|poke|p1|Weavile, M|
|poke|p2|Inteleon, M|
|poke|p2|Galvantula, M|
|poke|p2|Zapdos-Galar|
|poke|p2|Garchomp, F|
|poke|p2|Blacephalon|
|poke|p2|Bisharp, F|
|teampreview
|
|t:|1650088439
|start
|switch|p1a: Kommo-o|Kommo-o, M|100/100
|switch|p2a: Galvantula|Galvantula, M|100/100
|turn|1
|
|t:|1650088444
|move|p2a: Galvantula|Thunder Wave|p1a: Kommo-o
|-status|p1a: Kommo-o|par
|move|p1a: Kommo-o|Toxic|p2a: Galvantula
|-status|p2a: Galvantula|tox
|
|-damage|p2a: Galvantula|94/100 tox|[from] psn
|upkeep
|turn|2
|
|t:|1650088450
|move|p2a: Galvantula|Sticky Web|p1a: Kommo-o
|-sidestart|p1: yung_iznamakin|move: Sticky Web
|move|p1a: Kommo-o|Stealth Rock|p2a: Galvantula
|-sidestart|p2: gmax bouffalant|move: Stealth Rock
|
|-damage|p2a: Galvantula|82/100 tox|[from] psn
|upkeep
|turn|3
|inactive|Battle timer is ON: inactive players will automatically lose when time's up. (requested by yung_iznamakin)
|
|t:|1650088461
|switch|p2a: Zapdos|Zapdos-Galar|100/100
|-damage|p2a: Zapdos|88/100|[from] Stealth Rock
|move|p1a: Kommo-o|Toxic|p2a: Zapdos
|-status|p2a: Zapdos|tox
|
|-damage|p2a: Zapdos|82/100 tox|[from] psn
|upkeep
|turn|4
|j| Golem Rising
|
|t:|1650088468
|cant|p1a: Kommo-o|par
|move|p2a: Zapdos|U-turn|p1a: Kommo-o
|-resisted|p1a: Kommo-o
|-damage|p1a: Kommo-o|88/100 par
|
|t:|1650088473
|switch|p2a: Inteleon|Inteleon, M|100/100|[from]move: U-turn
|-damage|p2a: Inteleon|88/100|[from] Stealth Rock
|
|-heal|p1a: Kommo-o|95/100 par|[from] item: Leftovers
|upkeep
|turn|5
|
|t:|1650088479
|move|p1a: Kommo-o|Protect|p1a: Kommo-o
|-singleturn|p1a: Kommo-o|Protect
|move|p2a: Inteleon|Focus Energy|p2a: Inteleon
|-start|p2a: Inteleon|move: Focus Energy
|
|-heal|p1a: Kommo-o|100/100 par|[from] item: Leftovers
|upkeep
|turn|6
|
|t:|1650088486
|switch|p1a: Slowking|Slowking-Galar, M|100/100
|-activate|p1a: Slowking|move: Sticky Web
|-unboost|p1a: Slowking|spe|1
|move|p2a: Inteleon|Ice Beam|p1a: Slowking
|-crit|p1a: Slowking
|-damage|p1a: Slowking|70/100
|
|upkeep
|turn|7
|
|t:|1650088493
|move|p2a: Inteleon|Dark Pulse|p1a: Slowking
|-supereffective|p1a: Slowking
|-crit|p1a: Slowking
|-damage|p1a: Slowking|15/100
|move|p1a: Slowking|Sludge Bomb|p2a: Inteleon
|-damage|p2a: Inteleon|25/100
|
|upkeep
|turn|8
|j| yilranx
|
|t:|1650088500
|switch|p1a: Kommo-o|Kommo-o, M|100/100 par
|-activate|p1a: Kommo-o|move: Sticky Web
|-unboost|p1a: Kommo-o|spe|1
|move|p2a: Inteleon|Hydro Pump|p1a: Kommo-o
|-resisted|p1a: Kommo-o
|-crit|p1a: Kommo-o
|-damage|p1a: Kommo-o|52/100 par
|
|-heal|p1a: Kommo-o|58/100 par|[from] item: Leftovers
|upkeep
|turn|9
|j| Valckyrion
|
|t:|1650088508
|move|p1a: Kommo-o|Protect|p1a: Kommo-o
|-singleturn|p1a: Kommo-o|Protect
|move|p2a: Inteleon|Ice Beam|p1a: Kommo-o
|-activate|p1a: Kommo-o|move: Protect
|
|-heal|p1a: Kommo-o|65/100 par|[from] item: Leftovers
|upkeep
|turn|10
|j| testoudude
|l| Golem Rising
|
|t:|1650088525
|switch|p1a: Weavile|Weavile, M|100/100
|-activate|p1a: Weavile|move: Sticky Web
|-unboost|p1a: Weavile|spe|1
|-ability|p1a: Weavile|Pressure
|move|p2a: Inteleon|Ice Beam|p1a: Weavile
|-resisted|p1a: Weavile
|-crit|p1a: Weavile
|-damage|p1a: Weavile|54/100
|
|upkeep
|turn|11
|
|t:|1650088535
|switch|p1a: Kommo-o|Kommo-o, M|65/100 par
|-activate|p1a: Kommo-o|move: Sticky Web
|-unboost|p1a: Kommo-o|spe|1
|move|p2a: Inteleon|Hydro Pump|p1a: Kommo-o
|-resisted|p1a: Kommo-o
|-crit|p1a: Kommo-o
|-damage|p1a: Kommo-o|13/100 par
|
|-heal|p1a: Kommo-o|19/100 par|[from] item: Leftovers
|upkeep
|turn|12
|
|t:|1650088546
|move|p2a: Inteleon|Hydro Pump|p1a: Kommo-o
|-resisted|p1a: Kommo-o
|-crit|p1a: Kommo-o
|-damage|p1a: Kommo-o|0 fnt
|faint|p1a: Kommo-o
|
|upkeep
|
|t:|1650088551
|switch|p1a: Tapu Koko|Tapu Koko|100/100
|-fieldstart|move: Electric Terrain|[from] ability: Electric Surge|[of] p1a: Tapu Koko
|turn|13
|
|t:|1650088567
|switch|p2a: Garchomp|Garchomp, F|100/100
|-damage|p2a: Garchomp|94/100|[from] Stealth Rock
|move|p1a: Tapu Koko|U-turn|p2a: Garchomp
|-damage|p2a: Garchomp|79/100
|-damage|p1a: Tapu Koko|88/100|[from] ability: Rough Skin|[of] p2a: Garchomp
|
|t:|1650088576
|switch|p1a: Landorus|Landorus-Therian, M|100/100|[from]move: U-turn
|-ability|p1a: Landorus|Intimidate|boost
|-unboost|p2a: Garchomp|atk|1
|
|upkeep
|turn|14
|
|t:|1650088582
|switch|p2a: Galvantula|Galvantula, M|82/100 tox
|-damage|p2a: Galvantula|57/100 tox|[from] Stealth Rock
|move|p1a: Landorus|Substitute|p1a: Landorus
|-start|p1a: Landorus|Substitute
|-damage|p1a: Landorus|76/100
|
|-damage|p2a: Galvantula|51/100 tox|[from] psn
|upkeep
|turn|15
|
|t:|1650088590
|move|p2a: Galvantula|Energy Ball|p1a: Landorus
|-end|p1a: Landorus|Substitute
|move|p1a: Landorus|Smack Down|p2a: Galvantula
|-supereffective|p2a: Galvantula
|-damage|p2a: Galvantula|0 fnt
|faint|p2a: Galvantula
|
|upkeep
|
|t:|1650088595
|switch|p2a: Inteleon|Inteleon, M|25/100
|-damage|p2a: Inteleon|13/100|[from] Stealth Rock
|turn|16
|
|t:|1650088600
|switch|p1a: Slowking|Slowking-Galar, M|48/100
|-activate|p1a: Slowking|move: Sticky Web
|-unboost|p1a: Slowking|spe|1
|move|p2a: Inteleon|Hydro Pump|p1a: Slowking
|-damage|p1a: Slowking|24/100
|
|upkeep
|turn|17
|
|t:|1650088612
|move|p2a: Inteleon|Dark Pulse|p1a: Slowking
|-supereffective|p1a: Slowking
|-damage|p1a: Slowking|0 fnt
|faint|p1a: Slowking
|
|-fieldend|move: Electric Terrain
|upkeep
|
|t:|1650088617
|switch|p1a: Tapu Koko|Tapu Koko|88/100
|-fieldstart|move: Electric Terrain|[from] ability: Electric Surge|[of] p1a: Tapu Koko
|turn|18
|
|t:|1650088636
|switch|p2a: Zapdos|Zapdos-Galar|82/100 tox
|-damage|p2a: Zapdos|69/100 tox|[from] Stealth Rock
|move|p1a: Tapu Koko|U-turn|p2a: Zapdos
|-resisted|p2a: Zapdos
|-damage|p2a: Zapdos|64/100 tox
|
|t:|1650088643
|switch|p1a: Corviknight|Corviknight, F|100/100|[from]move: U-turn
|-ability|p1a: Corviknight|Pressure
|
|-damage|p2a: Zapdos|58/100 tox|[from] psn
|upkeep
|turn|19
|
|t:|1650088650
|move|p2a: Zapdos|Close Combat|p1a: Corviknight
|-damage|p1a: Corviknight|45/100
|-unboost|p2a: Zapdos|def|1
|-unboost|p2a: Zapdos|spd|1
|-damage|p2a: Zapdos|42/100 tox|[from] item: Rocky Helmet|[of] p1a: Corviknight
|move|p1a: Corviknight|Roost|p1a: Corviknight
|-heal|p1a: Corviknight|95/100
|-singleturn|p1a: Corviknight|move: Roost
|
|-damage|p2a: Zapdos|29/100 tox|[from] psn
|upkeep
|turn|20
|
|t:|1650088660
|move|p2a: Zapdos|Close Combat|p1a: Corviknight
|-damage|p1a: Corviknight|41/100
|-unboost|p2a: Zapdos|def|1
|-unboost|p2a: Zapdos|spd|1
|-damage|p2a: Zapdos|13/100 tox|[from] item: Rocky Helmet|[of] p1a: Corviknight
|move|p1a: Corviknight|Defog|p2a: Zapdos
|-unboost|p2a: Zapdos|evasion|1
|-ability|p2a: Zapdos|Defiant
|-boost|p2a: Zapdos|atk|2
|-sideend|p2: gmax bouffalant|Stealth Rock|[from] move: Defog|[of] p1a: Corviknight
|-sideend|p1: yung_iznamakin|Sticky Web|[from] move: Defog|[of] p1a: Corviknight
|-fieldend|move: Electric Terrain
|
|-damage|p2a: Zapdos|0 fnt|[from] psn
|faint|p2a: Zapdos
|upkeep
|
|t:|1650088665
|switch|p2a: Blacephalon|Blacephalon|100/100
|turn|21
|
|t:|1650088676
|move|p2a: Blacephalon|Flamethrower|p1a: Corviknight
|-supereffective|p1a: Corviknight
|-damage|p1a: Corviknight|0 fnt
|faint|p1a: Corviknight
|-ability|p2a: Blacephalon|Beast Boost|boost
|-boost|p2a: Blacephalon|spa|1
|
|upkeep
|
|t:|1650088681
|switch|p1a: Landorus|Landorus-Therian, M|76/100
|-ability|p1a: Landorus|Intimidate|boost
|-unboost|p2a: Blacephalon|atk|1
|turn|22
|inactive|gmax bouffalant has 120 seconds left.
|
|t:|1650088713
|switch|p2a: Garchomp|Garchomp, F|79/100
|move|p1a: Landorus|Earthquake|p2a: Garchomp
|-damage|p2a: Garchomp|14/100
|
|upkeep
|turn|23
|
|t:|1650088734
|switch|p1a: Tapu Koko|Tapu Koko|88/100
|-fieldstart|move: Electric Terrain|[from] ability: Electric Surge|[of] p1a: Tapu Koko
|move|p2a: Garchomp|Fire Fang|p1a: Tapu Koko
|-damage|p1a: Tapu Koko|54/100
|
|upkeep
|turn|24
|
|t:|1650088741
|move|p1a: Tapu Koko|Dazzling Gleam|p2a: Garchomp
|-supereffective|p2a: Garchomp
|-enditem|p2a: Garchomp|Roseli Berry|[eat]
|-enditem|p2a: Garchomp|Roseli Berry|[weaken]
|-damage|p2a: Garchomp|0 fnt
|faint|p2a: Garchomp
|
|upkeep
|
|t:|1650088744
|switch|p2a: Blacephalon|Blacephalon|100/100
|turn|25
|
|t:|1650088748
|move|p2a: Blacephalon|Flamethrower|p1a: Tapu Koko
|-damage|p1a: Tapu Koko|0 fnt
|faint|p1a: Tapu Koko
|-ability|p2a: Blacephalon|Beast Boost|boost
|-boost|p2a: Blacephalon|spa|1
|
|upkeep
|
|t:|1650088753
|switch|p1a: Landorus|Landorus-Therian, M|76/100
|-ability|p1a: Landorus|Intimidate|boost
|-unboost|p2a: Blacephalon|atk|1
|turn|26
|
|t:|1650088760
|move|p2a: Blacephalon|Flamethrower|p1a: Landorus
|-damage|p1a: Landorus|0 fnt
|faint|p1a: Landorus
|-ability|p2a: Blacephalon|Beast Boost|boost
|-boost|p2a: Blacephalon|spa|1
|
|upkeep
|-message|yung_iznamakin forfeited.
|
|win|gmax bouffalant
|raw|yung_iznamakin's rating: 1569 &rarr; <strong>1554</strong><br />(-15 for losing)
|raw|gmax bouffalant's rating: 1650 &rarr; <strong>1665</strong><br />(+15 for winning)
|l|☆yung_iznamakin
|c|☆gmax bouffalant|gg
