|j|☆minimax_ai
|j|☆drop a baby
|t:|1665456701
|gametype|singles
|player|p1|minimax_ai|lusamine-nihilego|1589
|player|p2|drop a baby|chase|1673
|teamsize|p1|6
|teamsize|p2|6
|gen|8
|tier|[Gen 8] OU
|rated|
|rule|Sleep Clause Mod: Limit one foe put to sleep
|rule|Species Clause: Limit one of each Pokémon
|rule|OHKO Clause: OHKO moves are banned
|rule|Evasion Items Clause: Evasion items are banned
|rule|Evasion Moves Clause: Evasion moves are banned
|rule|Endless Battle Clause: Forcing endless battles is banned
|rule|HP Percentage Mod: HP is shown in percentages
|rule|Dynamax Clause: You cannot dynamax
|clearpoke
|poke|p1|Rotom-Wash|
|poke|p1|Weavile, M|
|poke|p1|Landorus-Therian, M|
|poke|p1|Heatran, M|
|poke|p1|Tangrowth, M|
|poke|p1|Melmetal|
|poke|p2|Weavile, M|
|poke|p2|Blaziken, M|
|poke|p2|Rillaboom, M|
|poke|p2|Nihilego|
|poke|p2|Dragapult, M|
|poke|p2|Aegislash, M|
|teampreview
|c|☆minimax_ai|hf
|
|t:|1665456705
|start
|switch|p1a: landorustherian|Landorus-Therian, M|100/100
|switch|p2a: Destroyer|Blaziken, M, shiny|100/100
|-ability|p1a: landorustherian|Intimidate|boost
|-unboost|p2a: Destroyer|atk|1
|turn|1
|inactive|Battle timer is ON: inactive players will automatically lose when time's up. (requested by minimax_ai)
|
|t:|1665456708
|switch|p2a: Kong|Rillaboom, M, shiny|100/100
|-fieldstart|move: Grassy Terrain|[from] ability: Grassy Surge|[of] p2a: Kong
|move|p1a: landorustherian|Earthquake|p2a: Kong
|-resisted|p2a: Kong
|-damage|p2a: Kong|88/100
|
|-heal|p2a: Kong|94/100|[from] Grassy Terrain
|upkeep
|turn|2
|
|t:|1665456712
|switch|p2a: Nihilego|Nihilego|100/100
|switch|p1a: Tangrowth|Tangrowth, M|100/100
|
|upkeep
|turn|3
|
|t:|1665456715
|switch|p1a: landorustherian|Landorus-Therian, M|100/100
|-ability|p1a: landorustherian|Intimidate|boost
|-unboost|p2a: Nihilego|atk|1
|move|p2a: Nihilego|Stealth Rock|p1a: landorustherian
|-sidestart|p1: minimax_ai|move: Stealth Rock
|
|upkeep
|turn|4
|
|t:|1665456717
|move|p2a: Nihilego|Meteor Beam||[still]
|-prepare|p2a: Nihilego|Meteor Beam
|-boost|p2a: Nihilego|spa|1
|-enditem|p2a: Nihilego|Power Herb
|-anim|p2a: Nihilego|Meteor Beam|p1a: landorustherian|[miss]
|-miss|p2a: Nihilego|p1a: landorustherian
|move|p1a: landorustherian|Defog|p2a: Nihilego
|-unboost|p2a: Nihilego|evasion|1
|-sideend|p1: minimax_ai|Stealth Rock|[from] move: Defog|[of] p1a: landorustherian
|-fieldend|move: Grassy Terrain
|
|upkeep
|turn|5
|
|t:|1665456721
|move|p2a: Nihilego|Stealth Rock|p1a: landorustherian
|-sidestart|p1: minimax_ai|move: Stealth Rock
|move|p1a: landorustherian|Defog|p2a: Nihilego
|-unboost|p2a: Nihilego|evasion|1
|-sideend|p1: minimax_ai|Stealth Rock|[from] move: Defog|[of] p1a: landorustherian
|
|upkeep
|turn|6
|
|t:|1665456724
|move|p2a: Nihilego|Stealth Rock|p1a: landorustherian
|-sidestart|p1: minimax_ai|move: Stealth Rock
|move|p1a: landorustherian|Defog|p2a: Nihilego
|-unboost|p2a: Nihilego|evasion|1
|-sideend|p1: minimax_ai|Stealth Rock|[from] move: Defog|[of] p1a: landorustherian
|
|upkeep
|turn|7
|
|t:|1665456726
|move|p2a: Nihilego|Stealth Rock|p1a: landorustherian
|-sidestart|p1: minimax_ai|move: Stealth Rock
|move|p1a: landorustherian|Defog|p2a: Nihilego
|-unboost|p2a: Nihilego|evasion|1
|-sideend|p1: minimax_ai|Stealth Rock|[from] move: Defog|[of] p1a: landorustherian
|
|upkeep
|turn|8
|
|t:|1665456727
|move|p2a: Nihilego|Power Gem|p1a: landorustherian
|-damage|p1a: landorustherian|55/100
|move|p1a: landorustherian|Defog|p2a: Nihilego
|-unboost|p2a: Nihilego|evasion|1
|
|-heal|p1a: landorustherian|61/100|[from] item: Leftovers
|upkeep
|turn|9
|
|t:|1665456730
|move|p2a: Nihilego|Stealth Rock|p1a: landorustherian
|-sidestart|p1: minimax_ai|move: Stealth Rock
|move|p1a: landorustherian|Defog|p2a: Nihilego
|-unboost|p2a: Nihilego|evasion|1
|-sideend|p1: minimax_ai|Stealth Rock|[from] move: Defog|[of] p1a: landorustherian
|
|-heal|p1a: landorustherian|67/100|[from] item: Leftovers
|upkeep
|turn|10
|
|t:|1665456732
|move|p2a: Nihilego|Power Gem|p1a: landorustherian
|-damage|p1a: landorustherian|25/100
|move|p1a: landorustherian|Defog||[still]
|-unboost|p2a: Nihilego|evasion|0
|-fail|p1a: landorustherian
|
|-heal|p1a: landorustherian|31/100|[from] item: Leftovers
|upkeep
|turn|11
|
|t:|1665456734
|move|p2a: Nihilego|Power Gem|p1a: landorustherian
|-damage|p1a: landorustherian|0 fnt
|faint|p1a: landorustherian
|-ability|p2a: Nihilego|Beast Boost|boost
|-boost|p2a: Nihilego|spe|1
|
|upkeep
|
|t:|1665456734
|switch|p1a: Melmetal|Melmetal|100/100
|turn|12
|
|t:|1665456735
|move|p2a: Nihilego|Stealth Rock|p1a: Melmetal
|-sidestart|p1: minimax_ai|move: Stealth Rock
|move|p1a: Melmetal|Double Iron Bash|p2a: Nihilego
|-supereffective|p2a: Nihilego
|-crit|p2a: Nihilego
|-damage|p2a: Nihilego|0 fnt
|faint|p2a: Nihilego
|-hitcount|p2: Nihilego|1
|
|upkeep
|
|t:|1665456737
|switch|p2a: Destroyer|Blaziken, M, shiny|100/100
|turn|13
|
|t:|1665456738
|move|p2a: Destroyer|Close Combat|p1a: Melmetal
|-supereffective|p1a: Melmetal
|-damage|p1a: Melmetal|3/100
|-unboost|p2a: Destroyer|def|1
|-unboost|p2a: Destroyer|spd|1
|-damage|p2a: Destroyer|91/100|[from] item: Life Orb
|move|p1a: Melmetal|Earthquake|p2a: Destroyer
|-supereffective|p2a: Destroyer
|-damage|p2a: Destroyer|0 fnt
|faint|p2a: Destroyer
|
|upkeep
|
|t:|1665456743
|switch|p2a: Bandit|Weavile, M, shiny|100/100
|-ability|p2a: Bandit|Pressure
|turn|14
|
|t:|1665456744
|move|p2a: Bandit|Knock Off|p1a: Melmetal
|-damage|p1a: Melmetal|0 fnt
|-enditem|p1a: Melmetal|Assault Vest|[from] move: Knock Off|[of] p2a: Bandit
|faint|p1a: Melmetal
|-damage|p2a: Bandit|91/100|[from] item: Life Orb
|
|upkeep
|
|t:|1665456744
|switch|p1a: Heatran|Heatran, M|100/100
|-damage|p1a: Heatran|88/100|[from] Stealth Rock
|-item|p1a: Heatran|Air Balloon
|turn|15
|
|t:|1665456749
|move|p2a: Bandit|Knock Off|p1a: Heatran
|-damage|p1a: Heatran|16/100
|-enditem|p1a: Heatran|Air Balloon
|-damage|p2a: Bandit|81/100|[from] item: Life Orb
|move|p1a: Heatran|Magma Storm|p2a: Bandit
|-supereffective|p2a: Bandit
|-damage|p2a: Bandit|0 fnt
|faint|p2a: Bandit
|
|upkeep
|
|t:|1665456753
|switch|p2a: Leviathan|Dragapult, M, shiny|100/100
|turn|16
|
|t:|1665456755
|move|p2a: Leviathan|Dragon Darts|p1a: Heatran
|-resisted|p1a: Heatran
|-damage|p1a: Heatran|0 fnt
|faint|p1a: Heatran
|-damage|p2a: Leviathan|91/100|[from] item: Life Orb
|
|upkeep
|
|t:|1665456755
|switch|p1a: Weavile|Weavile, M|100/100
|-damage|p1a: Weavile|76/100|[from] Stealth Rock
|-ability|p1a: Weavile|Pressure
|turn|17
|
|t:|1665456758
|move|p1a: Weavile|Ice Shard|p2a: Leviathan
|-supereffective|p2a: Leviathan
|-damage|p2a: Leviathan|14/100
|move|p2a: Leviathan|Dragon Darts|p1a: Weavile
|-damage|p1a: Weavile|18/100
|-anim|p2a: Leviathan|Dragon Darts|p1a: Weavile
|-damage|p1a: Weavile|0 fnt
|faint|p1a: Weavile
|-damage|p2a: Leviathan|5/100|[from] item: Life Orb
|
|upkeep
|
|t:|1665456758
|switch|p1a: rotomwash|Rotom-Wash|100/100
|-damage|p1a: rotomwash|88/100|[from] Stealth Rock
|turn|18
|
|t:|1665456761
|move|p2a: Leviathan|Dragon Darts|p1a: rotomwash
|-damage|p1a: rotomwash|51/100
|-anim|p2a: Leviathan|Dragon Darts|p1a: rotomwash
|-damage|p1a: rotomwash|15/100
|-damage|p2a: Leviathan|0 fnt|[from] item: Life Orb
|faint|p2a: Leviathan
|move|p1a: rotomwash|Hydro Pump|p2: Leviathan|[notarget]
|-fail|p1a: rotomwash
|
|-heal|p1a: rotomwash|21/100|[from] item: Leftovers
|upkeep
|
|t:|1665456765
|switch|p2a: Kong|Rillaboom, M, shiny|94/100
|-fieldstart|move: Grassy Terrain|[from] ability: Grassy Surge|[of] p2a: Kong
|turn|19
|
|t:|1665456766
|move|p1a: rotomwash|Hydro Pump|p2a: Kong
|-resisted|p2a: Kong
|-damage|p2a: Kong|66/100
|move|p2a: Kong|Swords Dance|p2a: Kong
|-boost|p2a: Kong|atk|2
|
|-heal|p1a: rotomwash|27/100|[from] item: Leftovers
|-heal|p2a: Kong|72/100|[from] Grassy Terrain
|upkeep
|turn|20
|
|t:|1665456768
|move|p2a: Kong|Grassy Glide|p1a: rotomwash
|-supereffective|p1a: rotomwash
|-damage|p1a: rotomwash|0 fnt
|faint|p1a: rotomwash
|-damage|p2a: Kong|62/100|[from] item: Life Orb
|
|-heal|p2a: Kong|69/100|[from] Grassy Terrain
|upkeep
|
|t:|1665456768
|switch|p1a: Tangrowth|Tangrowth, M|100/100
|-damage|p1a: Tangrowth|88/100|[from] Stealth Rock
|turn|21
|
|t:|1665456769
|move|p2a: Kong|Superpower|p1a: Tangrowth
|-damage|p1a: Tangrowth|25/100
|-unboost|p2a: Kong|atk|1
|-unboost|p2a: Kong|def|1
|-damage|p2a: Kong|52/100|[from] item: Rocky Helmet|[of] p1a: Tangrowth
|-damage|p2a: Kong|42/100|[from] item: Life Orb
|move|p1a: Tangrowth|Giga Drain|p2a: Kong
|-resisted|p2a: Kong
|-damage|p2a: Kong|16/100
|-heal|p1a: Tangrowth|35/100|[from] drain|[of] p2a: Kong
|
|-heal|p2a: Kong|22/100|[from] Grassy Terrain
|-heal|p1a: Tangrowth|42/100|[from] Grassy Terrain
|upkeep
|turn|22
|
|t:|1665456772
|move|p2a: Kong|Superpower|p1a: Tangrowth
|-damage|p1a: Tangrowth|0 fnt
|-unboost|p2a: Kong|atk|1
|-unboost|p2a: Kong|def|1
|-damage|p2a: Kong|6/100|[from] item: Rocky Helmet|[of] p1a: Tangrowth
|faint|p1a: Tangrowth
|-damage|p2a: Kong|0 fnt|[from] item: Life Orb
|faint|p2a: Kong
|
|win|drop a baby
|raw|minimax_ai's rating: 1589 &rarr; <strong>1574</strong><br />(-15 for losing)
|raw|drop a baby's rating: 1673 &rarr; <strong>1688</strong><br />(+15 for winning)
|c|☆minimax_ai|gg
