|raw|<div class="broadcast-blue"><strong>This battle is required to be public due to a player having a name starting with 'lt91bb'.</div>
|j|☆dmt dreams
|j|☆LT91BB PDC
|t:|1659535171
|gametype|singles
|player|p1|dmt dreams|pokefan-gen4|2011
|player|p2|LT91BB PDC|ethan|1859
|teamsize|p1|6
|teamsize|p2|6
|gen|8
|tier|[Gen 8] OU
|rated|
|rule|Sleep Clause Mod: Limit one foe put to sleep
|rule|Species Clause: Limit one of each Pokémon
|rule|OHKO Clause: OHKO moves are banned
|rule|Evasion Moves Clause: Evasion moves are banned
|rule|Endless Battle Clause: Forcing endless battles is banned
|rule|HP Percentage Mod: HP is shown in percentages
|rule|Dynamax Clause: You cannot dynamax
|clearpoke
|poke|p1|Moltres|
|poke|p1|Corviknight, F|
|poke|p1|Toxapex, F|
|poke|p1|Zeraora|
|poke|p1|Cresselia, F|
|poke|p1|Clefable, M|
|poke|p2|Garchomp, M|
|poke|p2|Dragapult, M|
|poke|p2|Heatran, M|
|poke|p2|Scizor, M|
|poke|p2|Weavile, F|
|poke|p2|Zapdos|
|teampreview
|inactive|Battle timer is ON: inactive players will automatically lose when time's up. (requested by dmt dreams)
|
|t:|1659535192
|start
|switch|p1a: Toxapex|Toxapex, F|100/100
|switch|p2a: Heatran|Heatran, M|100/100
|-item|p2a: Heatran|Air Balloon
|turn|1
|
|t:|1659535197
|move|p2a: Heatran|Stealth Rock|p1a: Toxapex
|-sidestart|p1: dmt dreams|move: Stealth Rock
|move|p1a: Toxapex|Knock Off|p2a: Heatran
|-damage|p2a: Heatran|85/100
|-enditem|p2a: Heatran|Air Balloon
|
|upkeep
|turn|2
|
|t:|1659535200
|move|p2a: Heatran|Taunt|p1a: Toxapex
|-start|p1a: Toxapex|move: Taunt
|move|p1a: Toxapex|Knock Off|p2a: Heatran
|-damage|p2a: Heatran|75/100
|
|upkeep
|turn|3
|
|t:|1659535203
|move|p2a: Heatran|Earth Power|p1a: Toxapex
|-supereffective|p1a: Toxapex
|-damage|p1a: Toxapex|65/100
|move|p1a: Toxapex|Knock Off|p2a: Heatran
|-damage|p2a: Heatran|65/100
|-status|p1a: Toxapex|brn|[from] ability: Flame Body|[of] p2a: Heatran
|
|-damage|p1a: Toxapex|59/100 brn|[from] brn
|upkeep
|turn|4
|
|t:|1659535207
|switch|p1a: Moltres|Moltres|100/100
|-ability|p1a: Moltres|Pressure
|move|p2a: Heatran|Magma Storm|p1a: Moltres
|-resisted|p1a: Moltres
|-damage|p1a: Moltres|78/100
|-activate|p1a: Moltres|move: Magma Storm|[of] p2a: Heatran
|
|-damage|p1a: Moltres|66/100|[from] move: Magma Storm|[partiallytrapped]
|upkeep
|turn|5
|
|t:|1659535214
|switch|p2a: Zapdos|Zapdos|100/100
|move|p1a: Moltres|Scorching Sands|p2a: Zapdos
|-immune|p2a: Zapdos
|
|-end|p1a: Moltres|Magma Storm|[partiallytrapped]|[silent]
|upkeep
|turn|6
|
|t:|1659535218
|switch|p1a: Zeraora|Zeraora|100/100
|-damage|p1a: Zeraora|88/100|[from] Stealth Rock
|move|p2a: Zapdos|Discharge|p1a: Zeraora
|-heal|p1a: Zeraora|100/100|[from] ability: Volt Absorb|[of] p2a: Zapdos
|
|upkeep
|turn|7
|j| Confusien
|
|t:|1659535227
|switch|p2a: Garchomp|Garchomp, M|100/100
|move|p1a: Zeraora|Toxic|p2a: Garchomp
|-status|p2a: Garchomp|tox
|
|-damage|p2a: Garchomp|94/100 tox|[from] psn
|upkeep
|turn|8
|j| Cocomelon Esports
|j| lt91bb mind
|
|t:|1659535254
|move|p1a: Zeraora|Knock Off|p2a: Garchomp
|-damage|p2a: Garchomp|59/100 tox
|-damage|p1a: Zeraora|88/100|[from] ability: Rough Skin|[of] p2a: Garchomp
|-enditem|p2a: Garchomp|Roseli Berry|[from] move: Knock Off|[of] p1a: Zeraora
|move|p2a: Garchomp|Swords Dance|p2a: Garchomp
|-boost|p2a: Garchomp|atk|2
|
|-heal|p1a: Zeraora|94/100|[from] item: Leftovers
|-damage|p2a: Garchomp|46/100 tox|[from] psn
|upkeep
|turn|9
|j| Friends is ghosts
|
|t:|1659535257
|switch|p1a: Clefable|Clefable, M|100/100
|-damage|p1a: Clefable|88/100|[from] Stealth Rock
|move|p2a: Garchomp|Fire Fang|p1a: Clefable
|-damage|p1a: Clefable|71/100
|
|-heal|p1a: Clefable|77/100|[from] item: Leftovers
|-damage|p2a: Garchomp|28/100 tox|[from] psn
|upkeep
|turn|10
|
|t:|1659535266
|move|p2a: Garchomp|Earthquake|p1a: Clefable
|-damage|p1a: Clefable|39/100
|move|p1a: Clefable|Stealth Rock|p2a: Garchomp
|-sidestart|p2: LT91BB PDC|move: Stealth Rock
|
|-heal|p1a: Clefable|45/100|[from] item: Leftovers
|-damage|p2a: Garchomp|3/100 tox|[from] psn
|upkeep
|turn|11
|j| LT91BB xray
|
|t:|1659535275
|move|p2a: Garchomp|Earthquake|p1a: Clefable
|-damage|p1a: Clefable|1/100
|move|p1a: Clefable|Soft-Boiled|p1a: Clefable
|-heal|p1a: Clefable|51/100
|
|-heal|p1a: Clefable|57/100|[from] item: Leftovers
|-damage|p2a: Garchomp|0 fnt|[from] psn
|faint|p2a: Garchomp
|upkeep
|
|t:|1659535279
|switch|p2a: Heatran|Heatran, M|65/100
|-damage|p2a: Heatran|52/100|[from] Stealth Rock
|turn|12
|
|t:|1659535284
|switch|p1a: Toxapex|Toxapex, F|92/100 brn
|-damage|p1a: Toxapex|79/100 brn|[from] Stealth Rock
|move|p2a: Heatran|Magma Storm|p1a: Toxapex
|-resisted|p1a: Toxapex
|-damage|p1a: Toxapex|65/100 brn
|-activate|p1a: Toxapex|move: Magma Storm|[of] p2a: Heatran
|
|-damage|p1a: Toxapex|58/100 brn|[from] brn
|-damage|p1a: Toxapex|46/100 brn|[from] move: Magma Storm|[partiallytrapped]
|upkeep
|turn|13
|
|t:|1659535288
|switch|p1a: Moltres|Moltres|66/100
|-ability|p1a: Moltres|Pressure
|move|p2a: Heatran|Magma Storm|p1a: Moltres
|-resisted|p1a: Moltres
|-damage|p1a: Moltres|42/100
|-activate|p1a: Moltres|move: Magma Storm|[of] p2a: Heatran
|
|-damage|p1a: Moltres|29/100|[from] move: Magma Storm|[partiallytrapped]
|upkeep
|turn|14
|j| horsehunter
|
|t:|1659535296
|move|p2a: Heatran|Taunt|p1a: Moltres
|-start|p1a: Moltres|move: Taunt
|move|p1a: Moltres|Scorching Sands|p2a: Heatran
|-supereffective|p2a: Heatran
|-damage|p2a: Heatran|0 fnt
|faint|p2a: Heatran
|
|-end|p1a: Moltres|Magma Storm|[partiallytrapped]|[silent]
|upkeep
|
|t:|1659535306
|switch|p2a: Weavile|Weavile, F|100/100
|-ability|p2a: Weavile|Pressure
|turn|15
|
|t:|1659535310
|switch|p1a: Corviknight|Corviknight, F|100/100
|-damage|p1a: Corviknight|88/100|[from] Stealth Rock
|-ability|p1a: Corviknight|Pressure
|move|p2a: Weavile|Knock Off|p1a: Corviknight
|-damage|p1a: Corviknight|58/100
|-enditem|p1a: Corviknight|Shed Shell|[from] move: Knock Off|[of] p2a: Weavile
|
|upkeep
|turn|16
|
|t:|1659535314
|switch|p2a: Zapdos|Zapdos|100/100
|move|p1a: Corviknight|Roost|p1a: Corviknight
|-heal|p1a: Corviknight|100/100
|-singleturn|p1a: Corviknight|move: Roost
|
|upkeep
|turn|17
|
|t:|1659535316
|move|p2a: Zapdos|Discharge|p1a: Corviknight
|-supereffective|p1a: Corviknight
|-damage|p1a: Corviknight|31/100
|-status|p1a: Corviknight|par
|cant|p1a: Corviknight|par
|
|upkeep
|turn|18
|
|t:|1659535320
|switch|p1a: Zeraora|Zeraora|94/100
|-damage|p1a: Zeraora|82/100|[from] Stealth Rock
|move|p2a: Zapdos|Volt Switch|p1a: Zeraora
|-heal|p1a: Zeraora|100/100|[from] ability: Volt Absorb|[of] p2a: Zapdos
|
|upkeep
|turn|19
|
|t:|1659535325
|move|p1a: Zeraora|Knock Off|p2a: Zapdos
|-damage|p2a: Zapdos|72/100
|-enditem|p2a: Zapdos|Heavy-Duty Boots|[from] move: Knock Off|[of] p1a: Zeraora
|move|p2a: Zapdos|Hurricane|p1a: Zeraora
|-resisted|p1a: Zeraora
|-damage|p1a: Zeraora|67/100
|-start|p1a: Zeraora|confusion
|
|-heal|p1a: Zeraora|73/100|[from] item: Leftovers
|upkeep
|turn|20
|j| LT91BB Storm
|j| ElevatedGodlyness
|j| gridline
|
|t:|1659535349
|-activate|p1a: Zeraora|confusion
|move|p1a: Zeraora|Plasma Fists|p2a: Zapdos
|-damage|p2a: Zapdos|27/100
|-fieldactivate|move: Ion Deluge
|-hint|Normal-type moves become Electric-type after using Plasma Fists.
|move|p2a: Zapdos|Hurricane|p1a: Zeraora|[miss]
|-miss|p2a: Zapdos|p1a: Zeraora
|
|-heal|p1a: Zeraora|79/100|[from] item: Leftovers
|upkeep
|turn|21
|
|t:|1659535355
|-end|p1a: Zeraora|confusion
|move|p1a: Zeraora|Plasma Fists|p2a: Zapdos
|-damage|p2a: Zapdos|0 fnt
|-fieldactivate|move: Ion Deluge
|-hint|Normal-type moves become Electric-type after using Plasma Fists.
|faint|p2a: Zapdos
|
|-heal|p1a: Zeraora|85/100|[from] item: Leftovers
|upkeep
|
|t:|1659535358
|switch|p2a: Scizor|Scizor, M|100/100
|-damage|p2a: Scizor|88/100|[from] Stealth Rock
|turn|22
|
|t:|1659535367
|move|p1a: Zeraora|Knock Off|p2a: Scizor
|-damage|p2a: Scizor|57/100
|-enditem|p2a: Scizor|Leftovers|[from] move: Knock Off|[of] p1a: Zeraora
|move|p2a: Scizor|Swords Dance|p2a: Scizor
|-boost|p2a: Scizor|atk|2
|
|-heal|p1a: Zeraora|91/100|[from] item: Leftovers
|upkeep
|turn|23
|j| gei
|
|t:|1659535376
|move|p1a: Zeraora|Plasma Fists|p2a: Scizor
|-crit|p2a: Scizor
|-damage|p2a: Scizor|0 fnt
|-fieldactivate|move: Ion Deluge
|-hint|Normal-type moves become Electric-type after using Plasma Fists.
|faint|p2a: Scizor
|
|-heal|p1a: Zeraora|97/100|[from] item: Leftovers
|upkeep
|c|☆LT91BB PDC|yeah i fucked this up
|-message|LT91BB PDC forfeited.
|
|win|dmt dreams
|raw|dmt dreams's rating: 2011 &rarr; <strong>2023</strong><br />(+12 for winning)
|raw|LT91BB PDC's rating: 1859 &rarr; <strong>1847</strong><br />(-12 for losing)
|c|☆dmt dreams|gg
