|j|‽Cowsrule247
|j|☆Pokemh
|t:|1660467288
|gametype|singles
|player|p1|Cowsrule247|skyla|1319
|player|p2|Pokemh|#agplivlionsden|1332
|teamsize|p1|6
|teamsize|p2|6
|gen|8
|tier|[Gen 8] OU
|rated|
|rule|Sleep Clause Mod: Limit one foe put to sleep
|rule|Species Clause: Limit one of each Pokémon
|rule|OHKO Clause: OHKO moves are banned
|rule|Evasion Items Clause: Evasion items are banned
|rule|Evasion Moves Clause: Evasion moves are banned
|rule|Endless Battle Clause: Forcing endless battles is banned
|rule|HP Percentage Mod: HP is shown in percentages
|rule|Dynamax Clause: You cannot dynamax
|clearpoke
|poke|p1|Corviknight, M|
|poke|p1|Gastrodon-East, M|
|poke|p1|Toxapex, F|
|poke|p1|Buzzwole|
|poke|p1|Clefable, F|
|poke|p1|Blissey, F|
|poke|p2|Alakazam, F|
|poke|p2|Crawdaunt, M|
|poke|p2|Kommo-o, M|
|poke|p2|Lunatone|
|poke|p2|Solrock|
|poke|p2|Volcarona, F|
|teampreview
|inactive|Battle timer is ON: inactive players will automatically lose when time's up. (requested by Cowsrule247)
|
|t:|1660467298
|start
|switch|p1a: Buzzwole|Buzzwole|100/100
|switch|p2a: Solrock|Solrock|100/100
|turn|1
|
|t:|1660467303
|move|p2a: Solrock|Stealth Rock|p1a: Buzzwole
|-sidestart|p1: Cowsrule247|move: Stealth Rock
|move|p1a: Buzzwole|Close Combat|p2a: Solrock
|-damage|p2a: Solrock|22/100
|-unboost|p1a: Buzzwole|def|1
|-unboost|p1a: Buzzwole|spd|1
|
|upkeep
|turn|2
|
|t:|1660467313
|switch|p1a: Corviknight|Corviknight, M|100/100
|-damage|p1a: Corviknight|88/100|[from] Stealth Rock
|-ability|p1a: Corviknight|Pressure
|move|p2a: Solrock|Explosion|p1a: Corviknight
|-resisted|p1a: Corviknight
|-damage|p1a: Corviknight|66/100
|faint|p2a: Solrock
|
|-heal|p1a: Corviknight|72/100|[from] item: Leftovers
|upkeep
|
|t:|1660467333
|switch|p2a: Volcarona|Volcarona, F|100/100
|turn|3
|
|t:|1660467339
|switch|p2a: Kommo-o|Kommo-o, M|100/100
|switch|p1a: Blissey|Blissey, F|100/100
|
|upkeep
|turn|4
|
|t:|1660467348
|switch|p1a: Toxapex|Toxapex, F|100/100
|-damage|p1a: Toxapex|88/100|[from] Stealth Rock
|move|p2a: Kommo-o|Clangorous Soul|p2a: Kommo-o
|-boost|p2a: Kommo-o|atk|1
|-boost|p2a: Kommo-o|def|1
|-boost|p2a: Kommo-o|spa|1
|-boost|p2a: Kommo-o|spd|1
|-boost|p2a: Kommo-o|spe|1
|-damage|p2a: Kommo-o|68/100
|-enditem|p2a: Kommo-o|Throat Spray
|-boost|p2a: Kommo-o|spa|1|[from] item: Throat Spray
|
|upkeep
|turn|5
|
|t:|1660467364
|move|p2a: Kommo-o|Clanging Scales|p1a: Toxapex
|-damage|p1a: Toxapex|5/100
|-unboost|p2a: Kommo-o|def|1
|move|p1a: Toxapex|Haze|p1a: Toxapex
|-clearallboost
|
|upkeep
|turn|6
|
|t:|1660467376
|switch|p1a: Clefable|Clefable, F|100/100
|-damage|p1a: Clefable|88/100|[from] Stealth Rock
|move|p2a: Kommo-o|Clangorous Soul|p2a: Kommo-o
|-boost|p2a: Kommo-o|atk|1
|-boost|p2a: Kommo-o|def|1
|-boost|p2a: Kommo-o|spa|1
|-boost|p2a: Kommo-o|spd|1
|-boost|p2a: Kommo-o|spe|1
|-damage|p2a: Kommo-o|35/100
|
|-heal|p1a: Clefable|94/100|[from] item: Leftovers
|upkeep
|turn|7
|
|t:|1660467385
|move|p2a: Kommo-o|Flamethrower|p1a: Clefable
|-damage|p1a: Clefable|71/100
|move|p1a: Clefable|Moonblast|p2a: Kommo-o
|-supereffective|p2a: Kommo-o
|-crit|p2a: Kommo-o
|-damage|p2a: Kommo-o|0 fnt
|faint|p2a: Kommo-o
|
|-heal|p1a: Clefable|77/100|[from] item: Leftovers
|upkeep
|
|t:|1660467393
|switch|p2a: Volcarona|Volcarona, F|100/100
|turn|8
|
|t:|1660467400
|switch|p2a: Crawdaunt|Crawdaunt, M|100/100
|move|p1a: Clefable|Wish|p1a: Clefable
|
|-heal|p1a: Clefable|83/100|[from] item: Leftovers
|upkeep
|turn|9
|
|t:|1660467404
|switch|p2a: Lunatone|Lunatone|100/100
|switch|p1a: Corviknight|Corviknight, M|72/100
|-damage|p1a: Corviknight|59/100|[from] Stealth Rock
|-ability|p1a: Corviknight|Pressure
|
|-heal|p1a: Corviknight|100/100|[from] move: Wish|[wisher] Clefable
|upkeep
|turn|10
|
|t:|1660467409
|move|p2a: Lunatone|Hypnosis|p1a: Corviknight
|-status|p1a: Corviknight|slp|[from] move: Hypnosis
|cant|p1a: Corviknight|slp
|
|upkeep
|turn|11
|
|t:|1660467411
|switch|p2a: Crawdaunt|Crawdaunt, M|100/100
|cant|p1a: Corviknight|slp
|
|upkeep
|turn|12
|
|t:|1660467420
|switch|p1a: Clefable|Clefable, F|83/100
|-damage|p1a: Clefable|71/100|[from] Stealth Rock
|move|p2a: Crawdaunt|Swords Dance|p2a: Crawdaunt
|-boost|p2a: Crawdaunt|atk|2
|
|-heal|p1a: Clefable|77/100|[from] item: Leftovers
|upkeep
|turn|13
|
|t:|1660467424
|move|p2a: Crawdaunt|Crabhammer|p1a: Clefable|[miss]
|-miss|p2a: Crawdaunt|p1a: Clefable
|move|p1a: Clefable|Moonblast|p2a: Crawdaunt
|-supereffective|p2a: Crawdaunt
|-damage|p2a: Crawdaunt|0 fnt
|faint|p2a: Crawdaunt
|
|-heal|p1a: Clefable|83/100|[from] item: Leftovers
|upkeep
|
|t:|1660467432
|switch|p2a: Volcarona|Volcarona, F|100/100
|turn|14
|
|t:|1660467436
|move|p2a: Volcarona|Quiver Dance|p2a: Volcarona
|-boost|p2a: Volcarona|spa|1
|-boost|p2a: Volcarona|spd|1
|-boost|p2a: Volcarona|spe|1
|move|p1a: Clefable|Wish|p1a: Clefable
|
|-heal|p1a: Clefable|89/100|[from] item: Leftovers
|upkeep
|turn|15
|
|t:|1660467438
|move|p2a: Volcarona|Quiver Dance|p2a: Volcarona
|-boost|p2a: Volcarona|spa|1
|-boost|p2a: Volcarona|spd|1
|-boost|p2a: Volcarona|spe|1
|move|p1a: Clefable|Moonblast|p2a: Volcarona
|-resisted|p2a: Volcarona
|-damage|p2a: Volcarona|85/100
|-unboost|p2a: Volcarona|spa|1
|
|-heal|p1a: Clefable|100/100|[from] move: Wish|[wisher] Clefable
|upkeep
|turn|16
|
|t:|1660467440
|move|p2a: Volcarona|Quiver Dance|p2a: Volcarona
|-boost|p2a: Volcarona|spa|1
|-boost|p2a: Volcarona|spd|1
|-boost|p2a: Volcarona|spe|1
|move|p1a: Clefable|Moonblast|p2a: Volcarona
|-resisted|p2a: Volcarona
|-damage|p2a: Volcarona|70/100
|-unboost|p2a: Volcarona|spa|1
|
|upkeep
|turn|17
|
|t:|1660467444
|move|p2a: Volcarona|Quiver Dance|p2a: Volcarona
|-boost|p2a: Volcarona|spa|1
|-boost|p2a: Volcarona|spd|1
|-boost|p2a: Volcarona|spe|1
|move|p1a: Clefable|Moonblast|p2a: Volcarona
|-resisted|p2a: Volcarona
|-damage|p2a: Volcarona|53/100
|
|upkeep
|turn|18
|
|t:|1660467446
|move|p2a: Volcarona|Flamethrower|p1a: Clefable
|-damage|p1a: Clefable|63/100
|move|p1a: Clefable|Moonblast|p2a: Volcarona
|-resisted|p2a: Volcarona
|-damage|p2a: Volcarona|36/100
|-unboost|p2a: Volcarona|spa|1
|
|-heal|p1a: Clefable|69/100|[from] item: Leftovers
|upkeep
|turn|19
|
|t:|1660467450
|move|p2a: Volcarona|Flamethrower|p1a: Clefable
|-crit|p1a: Clefable
|-damage|p1a: Clefable|11/100
|move|p1a: Clefable|Moonblast|p2a: Volcarona
|-resisted|p2a: Volcarona
|-damage|p2a: Volcarona|18/100
|-unboost|p2a: Volcarona|spa|1
|
|-heal|p1a: Clefable|17/100|[from] item: Leftovers
|upkeep
|turn|20
|
|t:|1660467455
|move|p1a: Clefable|Protect|p1a: Clefable
|-singleturn|p1a: Clefable|Protect
|move|p2a: Volcarona|Flamethrower|p1a: Clefable
|-activate|p1a: Clefable|move: Protect
|
|-heal|p1a: Clefable|23/100|[from] item: Leftovers
|upkeep
|turn|21
|
|t:|1660467461
|move|p2a: Volcarona|Flamethrower|p1a: Clefable
|-damage|p1a: Clefable|0 fnt
|faint|p1a: Clefable
|
|upkeep
|
|t:|1660467476
|switch|p1a: Blissey|Blissey, F|100/100
|turn|22
|
|t:|1660467481
|move|p2a: Volcarona|Quiver Dance|p2a: Volcarona
|-boost|p2a: Volcarona|spa|1
|-boost|p2a: Volcarona|spd|1
|-boost|p2a: Volcarona|spe|1
|move|p1a: Blissey|Seismic Toss|p2a: Volcarona
|-damage|p2a: Volcarona|0 fnt
|-status|p1a: Blissey|brn|[from] ability: Flame Body|[of] p2a: Volcarona
|faint|p2a: Volcarona
|
|-damage|p1a: Blissey|94/100 brn|[from] brn
|upkeep
|
|t:|1660467484
|switch|p2a: Alakazam|Alakazam, F|100/100
|turn|23
|
|t:|1660467491
|move|p2a: Alakazam|Focus Blast|p1a: Blissey
|-supereffective|p1a: Blissey
|-damage|p1a: Blissey|61/100 brn
|move|p1a: Blissey|Toxic|p2a: Alakazam
|-status|p2a: Alakazam|tox
|
|-damage|p1a: Blissey|55/100 brn|[from] brn
|upkeep
|turn|24
|
|t:|1660467499
|move|p2a: Alakazam|Psychic|p1a: Blissey
|-damage|p1a: Blissey|37/100 brn
|move|p1a: Blissey|Soft-Boiled|p1a: Blissey
|-heal|p1a: Blissey|87/100 brn
|
|-damage|p1a: Blissey|81/100 brn|[from] brn
|upkeep
|turn|25
|
|t:|1660467506
|move|p2a: Alakazam|Psychic|p1a: Blissey
|-damage|p1a: Blissey|63/100 brn
|-unboost|p1a: Blissey|spd|1
|move|p1a: Blissey|Soft-Boiled|p1a: Blissey
|-heal|p1a: Blissey|100/100 brn
|
|-damage|p1a: Blissey|94/100 brn|[from] brn
|upkeep
|turn|26
|
|t:|1660467510
|-curestatus|p1a: Blissey|brn|[from] ability: Natural Cure
|switch|p1a: Corviknight|Corviknight, M|100/100 slp
|-damage|p1a: Corviknight|88/100 slp|[from] Stealth Rock
|-ability|p1a: Corviknight|Pressure
|move|p2a: Alakazam|Focus Blast|p1a: Corviknight
|-damage|p1a: Corviknight|48/100 slp
|
|-heal|p1a: Corviknight|54/100 slp|[from] item: Leftovers
|upkeep
|turn|27
|
|t:|1660467515
|switch|p1a: Blissey|Blissey, F|94/100
|move|p2a: Alakazam|Shadow Ball|p1a: Blissey
|-immune|p1a: Blissey
|
|upkeep
|turn|28
|
|t:|1660467519
|move|p2a: Alakazam|Psychic|p1a: Blissey
|-damage|p1a: Blissey|78/100
|move|p1a: Blissey|Stealth Rock|p2a: Alakazam
|-sidestart|p2: Pokemh|move: Stealth Rock
|
|upkeep
|turn|29
|
|t:|1660467523
|move|p2a: Alakazam|Focus Blast|p1a: Blissey|[miss]
|-miss|p2a: Alakazam|p1a: Blissey
|move|p1a: Blissey|Seismic Toss|p2a: Alakazam
|-damage|p2a: Alakazam|61/100 tox
|
|upkeep
|turn|30
|
|t:|1660467526
|move|p2a: Alakazam|Psychic|p1a: Blissey
|-damage|p1a: Blissey|61/100
|move|p1a: Blissey|Seismic Toss|p2a: Alakazam
|-damage|p2a: Alakazam|21/100 tox
|
|upkeep
|turn|31
|
|t:|1660467528
|move|p2a: Alakazam|Focus Blast|p1a: Blissey
|-supereffective|p1a: Blissey
|-damage|p1a: Blissey|26/100
|move|p1a: Blissey|Seismic Toss|p2a: Alakazam
|-damage|p2a: Alakazam|0 fnt
|faint|p2a: Alakazam
|
|upkeep
|
|t:|1660467531
|switch|p2a: Lunatone|Lunatone|100/100
|-damage|p2a: Lunatone|88/100|[from] Stealth Rock
|turn|32
|c|☆Pokemh|crit
|c|☆Pokemh|gg
|
|t:|1660467541
|move|p2a: Lunatone|Psychic|p1a: Blissey
|-damage|p1a: Blissey|12/100
|move|p1a: Blissey|Soft-Boiled|p1a: Blissey
|-heal|p1a: Blissey|62/100
|
|upkeep
|turn|33
|
|t:|1660467545
|move|p2a: Lunatone|Psychic|p1a: Blissey
|-damage|p1a: Blissey|45/100
|move|p1a: Blissey|Soft-Boiled|p1a: Blissey
|-heal|p1a: Blissey|95/100
|
|upkeep
|turn|34
|
|t:|1660467548
|move|p2a: Lunatone|Earth Power|p1a: Blissey
|-damage|p1a: Blissey|85/100
|move|p1a: Blissey|Toxic|p2a: Lunatone
|-status|p2a: Lunatone|tox
|
|-damage|p2a: Lunatone|82/100 tox|[from] psn
|upkeep
|turn|35
|
|t:|1660467552
|move|p2a: Lunatone|Earth Power|p1a: Blissey
|-damage|p1a: Blissey|75/100
|-unboost|p1a: Blissey|spd|1
|move|p1a: Blissey|Seismic Toss|p2a: Lunatone
|-damage|p2a: Lunatone|51/100 tox
|
|-damage|p2a: Lunatone|38/100 tox|[from] psn
|upkeep
|turn|36
|
|t:|1660467554
|move|p2a: Lunatone|Psychic|p1a: Blissey
|-damage|p1a: Blissey|51/100
|move|p1a: Blissey|Seismic Toss|p2a: Lunatone
|-damage|p2a: Lunatone|7/100 tox
|
|-damage|p2a: Lunatone|0 fnt|[from] psn
|faint|p2a: Lunatone
|
|win|Cowsrule247
|upkeep
|raw|Cowsrule247's rating: 1319 &rarr; <strong>1340</strong><br />(+21 for winning)
|raw|Pokemh's rating: 1332 &rarr; <strong>1311</strong><br />(-21 for losing)
