|raw|<div class="broadcast-blue"><strong>This battle is required to be public due to a player having a name starting with 'lt81yl'.</div>
|j|☆Plasmeek
|j|☆LT81YL PETKO
|t:|1625570197
|gametype|singles
|player|p1|Plasmeek|youngster-gen4dp|1677
|player|p2|LT81YL PETKO|brock|1642
|teamsize|p1|6
|teamsize|p2|6
|gen|8
|tier|[Gen 8] OU
|rated|
|rule|Sleep Clause Mod: Limit one foe put to sleep
|rule|Species Clause: Limit one of each Pokémon
|rule|OHKO Clause: OHKO moves are banned
|rule|Evasion Moves Clause: Evasion moves are banned
|rule|Endless Battle Clause: Forcing endless battles is banned
|rule|HP Percentage Mod: HP is shown in percentages
|rule|Dynamax Clause: You cannot dynamax
|clearpoke
|poke|p1|Slowking-Galar, M|
|poke|p1|Buzzwole|
|poke|p1|Ferrothorn, M|
|poke|p1|Hippowdon, M|
|poke|p1|Zeraora|
|poke|p1|Tornadus-Therian, M|
|poke|p2|Buzzwole|
|poke|p2|Victini|
|poke|p2|Slowbro, M|
|poke|p2|Hippowdon, F|
|poke|p2|Corviknight, M|
|poke|p2|Weavile, M|
|teampreview
|inactive|Battle timer is ON: inactive players will automatically lose when time's up. (requested by LT81YL PETKO)
|
|t:|1625570227
|start
|switch|p1a: Slowking|Slowking-Galar, M|100/100
|switch|p2a: Slowbro|Slowbro, M|100/100
|turn|1
|
|t:|1625570236
|move|p2a: Slowbro|Scald|p1a: Slowking
|-damage|p1a: Slowking|88/100
|move|p1a: Slowking|Sludge Bomb|p2a: Slowbro
|-damage|p2a: Slowbro|64/100
|-status|p2a: Slowbro|psn
|
|-damage|p2a: Slowbro|52/100 psn|[from] psn
|upkeep
|turn|2
|
|t:|1625570240
|move|p1a: Slowking|Future Sight|p2a: Slowbro
|-start|p1a: Slowking|move: Future Sight
|move|p2a: Slowbro|Teleport|p2a: Slowbro
|
|t:|1625570244
|switch|p2a: Weavile|Weavile, M|100/100|[from]move: Teleport
|-ability|p2a: Weavile|Pressure
|
|upkeep
|turn|3
|
|t:|1625570247
|switch|p1a: Buzzwole|Buzzwole|100/100
|move|p2a: Weavile|Knock Off|p1a: Buzzwole
|-resisted|p1a: Buzzwole
|-damage|p1a: Buzzwole|86/100
|-damage|p2a: Weavile|84/100|[from] item: Rocky Helmet|[of] p1a: Buzzwole
|-enditem|p1a: Buzzwole|Rocky Helmet|[from] move: Knock Off|[of] p2a: Weavile
|
|upkeep
|turn|4
|
|t:|1625570254
|switch|p2a: Slowbro|Slowbro, M|85/100 psn
|move|p1a: Buzzwole|Close Combat|p2a: Slowbro
|-resisted|p2a: Slowbro
|-crit|p2a: Slowbro
|-damage|p2a: Slowbro|52/100 psn
|-unboost|p1a: Buzzwole|def|1
|-unboost|p1a: Buzzwole|spd|1
|-damage|p1a: Buzzwole|70/100|[from] item: Rocky Helmet|[of] p2a: Slowbro
|
|-end|p2a: Slowbro|move: Future Sight
|-resisted|p2a: Slowbro
|-damage|p2a: Slowbro|26/100 psn
|-damage|p2a: Slowbro|14/100 psn|[from] psn
|upkeep
|turn|5
|
|t:|1625570260
|switch|p2a: Buzzwole|Buzzwole|100/100
|move|p1a: Buzzwole|Close Combat|p2a: Buzzwole
|-resisted|p2a: Buzzwole
|-crit|p2a: Buzzwole
|-damage|p2a: Buzzwole|74/100
|-unboost|p1a: Buzzwole|def|1
|-unboost|p1a: Buzzwole|spd|1
|-damage|p1a: Buzzwole|53/100|[from] item: Rocky Helmet|[of] p2a: Buzzwole
|
|upkeep
|turn|6
|
|t:|1625570267
|switch|p2a: Slowbro|Slowbro, M|47/100 psn
|move|p1a: Buzzwole|Roost|p1a: Buzzwole
|-heal|p1a: Buzzwole|100/100
|-singleturn|p1a: Buzzwole|move: Roost
|
|-damage|p2a: Slowbro|35/100 psn|[from] psn
|upkeep
|turn|7
|
|t:|1625570272
|switch|p1a: Slowking|Slowking-Galar, M|100/100
|move|p2a: Slowbro|Teleport|p2a: Slowbro
|
|t:|1625570275
|switch|p2a: Weavile|Weavile, M|84/100|[from]move: Teleport
|-ability|p2a: Weavile|Pressure
|
|upkeep
|turn|8
|
|t:|1625570278
|switch|p1a: Buzzwole|Buzzwole|100/100
|move|p2a: Weavile|Triple Axel|p1a: Buzzwole
|-damage|p1a: Buzzwole|94/100
|-damage|p1a: Buzzwole|82/100
|-damage|p1a: Buzzwole|63/100
|-hitcount|p1a: Buzzwole|3
|
|upkeep
|turn|9
|
|t:|1625570284
|switch|p2a: Victini|Victini|100/100
|move|p1a: Buzzwole|Roost|p1a: Buzzwole
|-heal|p1a: Buzzwole|100/100
|-singleturn|p1a: Buzzwole|move: Roost
|
|upkeep
|turn|10
|
|t:|1625570290
|switch|p2a: Slowbro|Slowbro, M|68/100 psn
|switch|p1a: Hippowdon|Hippowdon, M|100/100
|-weather|Sandstorm|[from] ability: Sand Stream|[of] p1a: Hippowdon
|
|-weather|Sandstorm|[upkeep]
|-damage|p2a: Slowbro|62/100 psn|[from] Sandstorm
|-damage|p2a: Slowbro|49/100 psn|[from] psn
|upkeep
|turn|11
|
|t:|1625570295
|move|p1a: Hippowdon|Stealth Rock|p2a: Slowbro
|-sidestart|p2: LT81YL PETKO|move: Stealth Rock
|move|p2a: Slowbro|Slack Off|p2a: Slowbro
|-heal|p2a: Slowbro|99/100 psn
|
|-weather|Sandstorm|[upkeep]
|-damage|p2a: Slowbro|93/100 psn|[from] Sandstorm
|-damage|p2a: Slowbro|81/100 psn|[from] psn
|upkeep
|turn|12
|
|t:|1625570302
|switch|p1a: Tornadus|Tornadus-Therian, M, shiny|100/100
|move|p2a: Slowbro|Scald|p1a: Tornadus
|-damage|p1a: Tornadus|72/100
|-status|p1a: Tornadus|brn
|
|-weather|Sandstorm|[upkeep]
|-damage|p1a: Tornadus|66/100 brn|[from] Sandstorm
|-damage|p2a: Slowbro|75/100 psn|[from] Sandstorm
|-damage|p2a: Slowbro|62/100 psn|[from] psn
|-damage|p1a: Tornadus|60/100 brn|[from] brn
|upkeep
|turn|13
|
|t:|1625570309
|switch|p2a: Corviknight|Corviknight, M|100/100
|-damage|p2a: Corviknight|88/100|[from] Stealth Rock
|-ability|p2a: Corviknight|Pressure
|move|p1a: Tornadus|Hurricane|p2a: Corviknight
|-resisted|p2a: Corviknight
|-damage|p2a: Corviknight|74/100
|-start|p2a: Corviknight|confusion
|
|-weather|Sandstorm|[upkeep]
|-damage|p1a: Tornadus|54/100 brn|[from] Sandstorm
|-heal|p2a: Corviknight|80/100|[from] item: Leftovers
|-damage|p1a: Tornadus|48/100 brn|[from] brn
|upkeep
|turn|14
|
|t:|1625570315
|switch|p1a: Zeraora|Zeraora|100/100
|-activate|p2a: Corviknight|confusion
|-damage|p2a: Corviknight|73/100|[from] confusion
|
|-weather|none
|-heal|p2a: Corviknight|79/100|[from] item: Leftovers
|upkeep
|turn|15
|
|t:|1625570320
|switch|p2a: Buzzwole|Buzzwole|74/100
|-damage|p2a: Buzzwole|61/100|[from] Stealth Rock
|move|p1a: Zeraora|Knock Off|p2a: Buzzwole
|-resisted|p2a: Buzzwole
|-damage|p2a: Buzzwole|54/100
|-damage|p1a: Zeraora|84/100|[from] item: Rocky Helmet|[of] p2a: Buzzwole
|-enditem|p2a: Buzzwole|Rocky Helmet|[from] move: Knock Off|[of] p1a: Zeraora
|
|upkeep
|turn|16
|
|t:|1625570326
|switch|p1a: Tornadus|Tornadus-Therian, M, shiny|81/100 brn
|move|p2a: Buzzwole|Roost|p2a: Buzzwole
|-heal|p2a: Buzzwole|100/100
|-singleturn|p2a: Buzzwole|move: Roost
|
|-damage|p1a: Tornadus|75/100 brn|[from] brn
|upkeep
|turn|17
|
|t:|1625570333
|switch|p2a: Corviknight|Corviknight, M|79/100
|-damage|p2a: Corviknight|67/100|[from] Stealth Rock
|-ability|p2a: Corviknight|Pressure
|move|p1a: Tornadus|Nasty Plot|p1a: Tornadus
|-boost|p1a: Tornadus|spa|2
|
|-heal|p2a: Corviknight|73/100|[from] item: Leftovers
|-damage|p1a: Tornadus|69/100 brn|[from] brn
|upkeep
|turn|18
|
|t:|1625570338
|move|p1a: Tornadus|Heat Wave|p2a: Corviknight
|-supereffective|p2a: Corviknight
|-damage|p2a: Corviknight|8/100
|move|p2a: Corviknight|Roost|p2a: Corviknight
|-heal|p2a: Corviknight|58/100
|-singleturn|p2a: Corviknight|move: Roost
|
|-heal|p2a: Corviknight|64/100|[from] item: Leftovers
|-damage|p1a: Tornadus|63/100 brn|[from] brn
|upkeep
|turn|19
|
|t:|1625570345
|switch|p2a: Slowbro|Slowbro, M|95/100 psn
|-damage|p2a: Slowbro|83/100 psn|[from] Stealth Rock
|move|p1a: Tornadus|Heat Wave|p2a: Slowbro
|-resisted|p2a: Slowbro
|-damage|p2a: Slowbro|55/100 psn
|
|-damage|p2a: Slowbro|42/100 psn|[from] psn
|-damage|p1a: Tornadus|57/100 brn|[from] brn
|upkeep
|turn|20
|
|t:|1625570349
|switch|p2a: Corviknight|Corviknight, M|64/100
|-damage|p2a: Corviknight|51/100|[from] Stealth Rock
|-ability|p2a: Corviknight|Pressure
|move|p1a: Tornadus|Hurricane|p2a: Corviknight
|-resisted|p2a: Corviknight
|-damage|p2a: Corviknight|23/100
|
|-heal|p2a: Corviknight|29/100|[from] item: Leftovers
|-damage|p1a: Tornadus|50/100 brn|[from] brn
|upkeep
|turn|21
|
|t:|1625570354
|move|p1a: Tornadus|Heat Wave|p2a: Corviknight
|-supereffective|p2a: Corviknight
|-damage|p2a: Corviknight|0 fnt
|faint|p2a: Corviknight
|
|-damage|p1a: Tornadus|44/100 brn|[from] brn
|upkeep
|
|t:|1625570357
|switch|p2a: Weavile|Weavile, M|84/100
|-ability|p2a: Weavile|Pressure
|turn|22
|
|t:|1625570360
|switch|p1a: Buzzwole|Buzzwole|100/100
|move|p2a: Weavile|Triple Axel|p1a: Buzzwole|[miss]
|-miss|p2a: Weavile|p1a: Buzzwole
|
|upkeep
|turn|23
|
|t:|1625570367
|switch|p2a: Slowbro|Slowbro, M|75/100 psn
|-damage|p2a: Slowbro|63/100 psn|[from] Stealth Rock
|move|p1a: Buzzwole|Poison Jab|p2a: Slowbro
|-damage|p2a: Slowbro|43/100 psn
|-damage|p1a: Buzzwole|84/100|[from] item: Rocky Helmet|[of] p2a: Slowbro
|
|-damage|p2a: Slowbro|31/100 psn|[from] psn
|upkeep
|turn|24
|
|t:|1625570374
|switch|p1a: Ferrothorn|Ferrothorn, M|100/100
|move|p2a: Slowbro|Teleport|p2a: Slowbro
|
|t:|1625570378
|switch|p2a: Weavile|Weavile, M|84/100|[from]move: Teleport
|-ability|p2a: Weavile|Pressure
|
|upkeep
|turn|25
|
|t:|1625570382
|switch|p2a: Hippowdon|Hippowdon, F|100/100
|-damage|p2a: Hippowdon|94/100|[from] Stealth Rock
|-weather|Sandstorm|[from] ability: Sand Stream|[of] p2a: Hippowdon
|switch|p1a: Buzzwole|Buzzwole|84/100
|
|-weather|Sandstorm|[upkeep]
|-damage|p1a: Buzzwole|78/100|[from] Sandstorm
|-heal|p2a: Hippowdon|100/100|[from] item: Leftovers
|upkeep
|turn|26
|
|t:|1625570386
|switch|p1a: Ferrothorn|Ferrothorn, M|100/100
|move|p2a: Hippowdon|Stealth Rock|p1a: Ferrothorn
|-sidestart|p1: Plasmeek|move: Stealth Rock
|
|-weather|Sandstorm|[upkeep]
|upkeep
|turn|27
|
|t:|1625570390
|switch|p2a: Slowbro|Slowbro, M|64/100 psn
|-damage|p2a: Slowbro|52/100 psn|[from] Stealth Rock
|move|p1a: Ferrothorn|Spikes|p2a: Slowbro
|-sidestart|p2: LT81YL PETKO|Spikes
|
|-weather|Sandstorm|[upkeep]
|-damage|p2a: Slowbro|46/100 psn|[from] Sandstorm
|-damage|p2a: Slowbro|33/100 psn|[from] psn
|upkeep
|turn|28
|
|t:|1625570393
|move|p1a: Ferrothorn|Spikes|p2a: Slowbro
|-sidestart|p2: LT81YL PETKO|Spikes
|move|p2a: Slowbro|Teleport|p2a: Slowbro
|
|t:|1625570396
|switch|p2a: Victini|Victini|100/100|[from]move: Teleport
|
|-weather|Sandstorm|[upkeep]
|-damage|p2a: Victini|94/100|[from] Sandstorm
|upkeep
|turn|29
|
|t:|1625570402
|switch|p1a: Hippowdon|Hippowdon, M|100/100
|-damage|p1a: Hippowdon|94/100|[from] Stealth Rock
|move|p2a: Victini|V-create|p1a: Hippowdon
|-damage|p1a: Hippowdon|41/100
|-unboost|p2a: Victini|spe|1
|-unboost|p2a: Victini|def|1
|-unboost|p2a: Victini|spd|1
|
|-weather|none
|-heal|p1a: Hippowdon|47/100|[from] item: Leftovers
|upkeep
|turn|30
|
|t:|1625570417
|move|p2a: Victini|V-create|p1a: Hippowdon
|-damage|p1a: Hippowdon|0 fnt
|-unboost|p2a: Victini|spe|1
|-unboost|p2a: Victini|def|1
|-unboost|p2a: Victini|spd|1
|faint|p1a: Hippowdon
|
|upkeep
|
|t:|1625570420
|switch|p1a: Zeraora|Zeraora|84/100
|turn|31
|
|t:|1625570424
|switch|p2a: Buzzwole|Buzzwole|100/100
|-damage|p2a: Buzzwole|84/100|[from] Spikes
|-damage|p2a: Buzzwole|72/100|[from] Stealth Rock
|move|p1a: Zeraora|Knock Off|p2a: Buzzwole
|-resisted|p2a: Buzzwole
|-damage|p2a: Buzzwole|67/100
|
|upkeep
|turn|32
|
|t:|1625570430
|switch|p1a: Slowking|Slowking-Galar, M|100/100
|-damage|p1a: Slowking|88/100|[from] Stealth Rock
|move|p2a: Buzzwole|Roost|p2a: Buzzwole
|-heal|p2a: Buzzwole|100/100
|-singleturn|p2a: Buzzwole|move: Roost
|
|upkeep
|turn|33
|
|t:|1625570434
|switch|p2a: Slowbro|Slowbro, M|66/100 psn
|-damage|p2a: Slowbro|50/100 psn|[from] Spikes
|-damage|p2a: Slowbro|38/100 psn|[from] Stealth Rock
|move|p1a: Slowking|Sludge Bomb|p2a: Slowbro
|-damage|p2a: Slowbro|0 fnt
|faint|p2a: Slowbro
|
|upkeep
|
|t:|1625570437
|switch|p2a: Weavile|Weavile, M|84/100
|-ability|p2a: Weavile|Pressure
|turn|34
|
|t:|1625570441
|move|p2a: Weavile|Swords Dance|p2a: Weavile
|-boost|p2a: Weavile|atk|2
|move|p1a: Slowking|Sludge Bomb|p2a: Weavile
|-damage|p2a: Weavile|35/100
|
|upkeep
|turn|35
|
|t:|1625570448
|switch|p1a: Buzzwole|Buzzwole|78/100
|-damage|p1a: Buzzwole|65/100|[from] Stealth Rock
|move|p2a: Weavile|Knock Off|p1a: Buzzwole
|-resisted|p1a: Buzzwole
|-damage|p1a: Buzzwole|47/100
|
|upkeep
|turn|36
|
|t:|1625570452
|move|p2a: Weavile|Triple Axel|p1a: Buzzwole
|-damage|p1a: Buzzwole|34/100
|-damage|p1a: Buzzwole|12/100
|-damage|p1a: Buzzwole|0 fnt
|faint|p1a: Buzzwole
|-hitcount|p1: Buzzwole|3
|
|upkeep
|
|t:|1625570454
|switch|p1a: Zeraora|Zeraora|84/100
|turn|37
|
|t:|1625570459
|switch|p2a: Buzzwole|Buzzwole|100/100
|-damage|p2a: Buzzwole|84/100|[from] Spikes
|-damage|p2a: Buzzwole|72/100|[from] Stealth Rock
|move|p1a: Zeraora|Close Combat|p2a: Buzzwole
|-resisted|p2a: Buzzwole
|-damage|p2a: Buzzwole|62/100
|-unboost|p1a: Zeraora|def|1
|-unboost|p1a: Zeraora|spd|1
|
|upkeep
|turn|38
|
|t:|1625570463
|switch|p1a: Slowking|Slowking-Galar, M|100/100
|-damage|p1a: Slowking|88/100|[from] Stealth Rock
|switch|p2a: Weavile|Weavile, M|35/100
|-ability|p2a: Weavile|Pressure
|
|upkeep
|turn|39
|
|t:|1625570467
|switch|p1a: Ferrothorn|Ferrothorn, M|100/100
|-damage|p1a: Ferrothorn|94/100|[from] Stealth Rock
|move|p2a: Weavile|Knock Off|p1a: Ferrothorn
|-damage|p1a: Ferrothorn|59/100
|-damage|p2a: Weavile|22/100|[from] ability: Iron Barbs|[of] p1a: Ferrothorn
|-enditem|p1a: Ferrothorn|Leftovers|[from] move: Knock Off|[of] p2a: Weavile
|
|upkeep
|turn|40
|
|t:|1625570472
|switch|p2a: Victini|Victini|94/100
|move|p1a: Ferrothorn|Leech Seed|p2a: Victini
|-start|p2a: Victini|move: Leech Seed
|
|-damage|p2a: Victini|82/100|[from] Leech Seed|[of] p1a: Ferrothorn
|-heal|p1a: Ferrothorn|71/100|[silent]
|upkeep
|turn|41
|
|t:|1625570479
|switch|p1a: Tornadus|Tornadus-Therian, M, shiny|78/100 brn
|move|p2a: Victini|V-create|p1a: Tornadus
|-damage|p1a: Tornadus|0 fnt
|-unboost|p2a: Victini|spe|1
|-unboost|p2a: Victini|def|1
|-unboost|p2a: Victini|spd|1
|faint|p1a: Tornadus
|
|upkeep
|
|t:|1625570484
|switch|p1a: Zeraora|Zeraora|84/100
|turn|42
|
|t:|1625570488
|switch|p1a: Slowking|Slowking-Galar, M|100/100
|-damage|p1a: Slowking|88/100|[from] Stealth Rock
|switch|p2a: Hippowdon|Hippowdon, F|100/100
|-damage|p2a: Hippowdon|94/100|[from] Stealth Rock
|-damage|p2a: Hippowdon|78/100|[from] Spikes
|-weather|Sandstorm|[from] ability: Sand Stream|[of] p2a: Hippowdon
|
|-weather|Sandstorm|[upkeep]
|-damage|p1a: Slowking|82/100|[from] Sandstorm
|-heal|p2a: Hippowdon|84/100|[from] item: Leftovers
|upkeep
|turn|43
|
|t:|1625570492
|move|p2a: Hippowdon|Earthquake|p1a: Slowking
|-supereffective|p1a: Slowking
|-damage|p1a: Slowking|0 fnt
|faint|p1a: Slowking
|
|-weather|Sandstorm|[upkeep]
|-heal|p2a: Hippowdon|90/100|[from] item: Leftovers
|upkeep
|
|t:|1625570495
|switch|p1a: Ferrothorn|Ferrothorn, M|71/100
|-damage|p1a: Ferrothorn|65/100|[from] Stealth Rock
|turn|44
|
|t:|1625570499
|switch|p2a: Weavile|Weavile, M|22/100
|-ability|p2a: Weavile|Pressure
|move|p1a: Ferrothorn|Knock Off|p2a: Weavile
|-resisted|p2a: Weavile
|-damage|p2a: Weavile|4/100
|-enditem|p2a: Weavile|Heavy-Duty Boots|[from] move: Knock Off|[of] p1a: Ferrothorn
|
|-weather|Sandstorm|[upkeep]
|-damage|p2a: Weavile|0 fnt|[from] Sandstorm
|faint|p2a: Weavile
|upkeep
|
|t:|1625570501
|switch|p2a: Victini|Victini|82/100
|turn|45
|
|t:|1625570511
|move|p2a: Victini|V-create|p1a: Ferrothorn
|-supereffective|p1a: Ferrothorn
|-damage|p1a: Ferrothorn|0 fnt
|-unboost|p2a: Victini|spe|1
|-unboost|p2a: Victini|def|1
|-unboost|p2a: Victini|spd|1
|-damage|p2a: Victini|70/100|[from] ability: Iron Barbs|[of] p1a: Ferrothorn
|faint|p1a: Ferrothorn
|
|-weather|Sandstorm|[upkeep]
|-damage|p2a: Victini|64/100|[from] Sandstorm
|upkeep
|
|t:|1625570515
|switch|p1a: Zeraora|Zeraora|84/100
|turn|46
|
|t:|1625570519
|move|p1a: Zeraora|Bulk Up|p1a: Zeraora
|-boost|p1a: Zeraora|atk|1
|-boost|p1a: Zeraora|def|1
|move|p2a: Victini|Encore|p1a: Zeraora
|-start|p1a: Zeraora|Encore
|
|-weather|none
|upkeep
|turn|47
|-message|Plasmeek forfeited.
|
|win|LT81YL PETKO
|raw|Plasmeek's rating: 1677 &rarr; <strong>1655</strong><br />(-22 for losing)
|raw|LT81YL PETKO's rating: 1642 &rarr; <strong>1664</strong><br />(+22 for winning)
|l|☆Plasmeek
