|j|☆Pinkacross
|j|☆Reshirider
|inactive|Battle timer is ON: inactive players will automatically lose when time's up.
|t:|1656544752
|gametype|singles
|player|p1|Pinkacross|artist|
|player|p2|Reshirider|red|
|teamsize|p1|6
|teamsize|p2|6
|gen|8
|tier|[Gen 8] OU
|rated|Tournament battle
|rule|Sleep Clause Mod: Limit one foe put to sleep
|rule|Species Clause: Limit one of each Pokémon
|rule|OHKO Clause: OHKO moves are banned
|rule|Evasion Moves Clause: Evasion moves are banned
|rule|Endless Battle Clause: Forcing endless battles is banned
|rule|HP Percentage Mod: HP is shown in percentages
|rule|Dynamax Clause: You cannot dynamax
|clearpoke
|poke|p1|Nihilego|
|poke|p1|Tapu Lele|
|poke|p1|Ferrothorn, F|
|poke|p1|Diggersby, M|
|poke|p1|Slowbro, M|
|poke|p1|Tornadus-Therian, M|
|poke|p2|Hydreigon, M|
|poke|p2|Mew|
|poke|p2|Corviknight, M|
|poke|p2|Blaziken, F|
|poke|p2|Dragapult, M|
|poke|p2|Tapu Koko|
|teampreview
|c|☆Pinkacross|hf
|j| G2 Paz Padilla
|j| prof dankness
|
|t:|1656544767
|start
|switch|p1a: Tornadus|Tornadus-Therian, M|100/100
|switch|p2a: Tapu Koko|Tapu Koko|100/100
|-fieldstart|move: Electric Terrain|[from] ability: Electric Surge|[of] p2a: Tapu Koko
|turn|1
|
|t:|1656544775
|switch|p1a: Diggersby|Diggersby, M|100/100
|move|p2a: Tapu Koko|Dazzling Gleam|p1a: Diggersby
|-damage|p1a: Diggersby|52/100
|
|upkeep
|turn|2
|j| jackasx1
|
|t:|1656544783
|switch|p2a: Corviknight|Corviknight, M|100/100
|move|p1a: Diggersby|Fire Punch|p2a: Corviknight
|-supereffective|p2a: Corviknight
|-damage|p2a: Corviknight|39/100
|-status|p2a: Corviknight|brn
|-damage|p1a: Diggersby|36/100|[from] item: Rocky Helmet|[of] p2a: Corviknight
|
|-damage|p2a: Corviknight|33/100 brn|[from] brn
|upkeep
|turn|3
|j| RUMYMOME
|
|t:|1656544789
|move|p1a: Diggersby|Fire Punch|p2a: Corviknight
|-supereffective|p2a: Corviknight
|-damage|p2a: Corviknight|0 fnt
|-damage|p1a: Diggersby|19/100|[from] item: Rocky Helmet|[of] p2a: Corviknight
|faint|p2a: Corviknight
|
|upkeep
|j| RedDiamond1024
|
|t:|1656544793
|switch|p2a: Tapu Koko|Tapu Koko|100/100
|turn|4
|
|t:|1656544795
|switch|p1a: Ferrothorn|Ferrothorn, F|100/100
|move|p2a: Tapu Koko|U-turn|p1a: Ferrothorn
|-damage|p1a: Ferrothorn|91/100
|-damage|p2a: Tapu Koko|88/100|[from] ability: Iron Barbs|[of] p1a: Ferrothorn
|-damage|p2a: Tapu Koko|72/100|[from] item: Rocky Helmet|[of] p1a: Ferrothorn
|j|%Sww-Suwa
|
|t:|1656544803
|switch|p2a: Blaziken|Blaziken, F|100/100|[from]move: U-turn
|
|upkeep
|turn|5
|
|t:|1656544805
|move|p2a: Blaziken|Swords Dance|p2a: Blaziken
|-boost|p2a: Blaziken|atk|2
|move|p1a: Ferrothorn|Body Press|p2a: Blaziken
|-damage|p2a: Blaziken|56/100
|
|-fieldend|move: Electric Terrain
|-ability|p2a: Blaziken|Speed Boost|boost
|-boost|p2a: Blaziken|spe|1
|upkeep
|turn|6
|j| new landlord
|
|t:|1656544815
|switch|p1a: Slowbro|Slowbro, M|100/100
|move|p2a: Blaziken|Close Combat|p1a: Slowbro
|-resisted|p1a: Slowbro
|-damage|p1a: Slowbro|47/100
|-unboost|p2a: Blaziken|def|1
|-unboost|p2a: Blaziken|spd|1
|
|-ability|p2a: Blaziken|Speed Boost|boost
|-boost|p2a: Blaziken|spe|1
|upkeep
|turn|7
|j| Barracades
|
|t:|1656544824
|move|p2a: Blaziken|Thunder Punch|p1a: Slowbro
|-supereffective|p1a: Slowbro
|-damage|p1a: Slowbro|0 fnt
|faint|p1a: Slowbro
|
|-ability|p2a: Blaziken|Speed Boost|boost
|-boost|p2a: Blaziken|spe|1
|upkeep
|
|t:|1656544826
|switch|p1a: Diggersby|Diggersby, M|19/100
|turn|8
|j| gotsnsd
|
|t:|1656544846
|switch|p2a: Dragapult|Dragapult, M|100/100
|move|p1a: Diggersby|Quick Attack|p2a: Dragapult
|-immune|p2a: Dragapult
|
|upkeep
|turn|9
|
|t:|1656544854
|switch|p1a: Ferrothorn|Ferrothorn, F|91/100
|move|p2a: Dragapult|Dragon Dance|p2a: Dragapult
|-boost|p2a: Dragapult|atk|1
|-boost|p2a: Dragapult|spe|1
|
|upkeep
|turn|10
|
|t:|1656544869
|switch|p1a: Tapu Lele|Tapu Lele|100/100
|-fieldstart|move: Psychic Terrain|[from] ability: Psychic Surge|[of] p1a: Tapu Lele
|move|p2a: Dragapult|Flamethrower|p1a: Tapu Lele
|-damage|p1a: Tapu Lele|80/100
|
|upkeep
|turn|11
|j| mataj
|
|t:|1656544879
|switch|p1a: Diggersby|Diggersby, M|19/100
|move|p2a: Dragapult|Dragon Darts|p1a: Diggersby
|-damage|p1a: Diggersby|0 fnt
|faint|p1a: Diggersby
|
|upkeep
|c|☆Pinkacross|ah well played
|
|t:|1656544886
|switch|p1a: Tapu Lele|Tapu Lele|80/100
|turn|12
|
|t:|1656544890
|switch|p1a: Ferrothorn|Ferrothorn, F|91/100
|move|p2a: Dragapult|Phantom Force||[still]
|-prepare|p2a: Dragapult|Phantom Force
|
|upkeep
|turn|13
|
|t:|1656544893
|move|p2a: Dragapult|Phantom Force|p1a: Ferrothorn|[from]lockedmove
|-damage|p1a: Ferrothorn|51/100
|-damage|p2a: Dragapult|88/100|[from] ability: Iron Barbs|[of] p1a: Ferrothorn
|-damage|p2a: Dragapult|72/100|[from] item: Rocky Helmet|[of] p1a: Ferrothorn
|move|p1a: Ferrothorn|Knock Off|p2a: Dragapult
|-supereffective|p2a: Dragapult
|-damage|p2a: Dragapult|11/100
|-enditem|p2a: Dragapult|Dragon Fang|[from] move: Knock Off|[of] p1a: Ferrothorn
|
|upkeep
|turn|14
|
|t:|1656544906
|switch|p1a: Tapu Lele|Tapu Lele|80/100
|move|p2a: Dragapult|Flamethrower|p1a: Tapu Lele
|-damage|p1a: Tapu Lele|59/100
|
|-fieldend|move: Psychic Terrain
|upkeep
|turn|15
|j| kayflockupnext
|
|t:|1656544920
|move|p2a: Dragapult|Phantom Force||[still]
|-prepare|p2a: Dragapult|Phantom Force
|move|p1a: Tapu Lele|Moonblast|p2a: Dragapult|[miss]
|-miss|p1a: Tapu Lele|p2a: Dragapult
|
|upkeep
|turn|16
|
|t:|1656544923
|switch|p1a: Ferrothorn|Ferrothorn, F|51/100
|move|p2a: Dragapult|Phantom Force|p1a: Ferrothorn|[from]lockedmove
|-damage|p1a: Ferrothorn|11/100
|-damage|p2a: Dragapult|0 fnt|[from] ability: Iron Barbs|[of] p1a: Ferrothorn
|faint|p2a: Dragapult
|
|upkeep
|
|t:|1656544938
|switch|p2a: Mew|Mew|100/100
|turn|17
|
|t:|1656544945
|move|p2a: Mew|Cosmic Power|p2a: Mew
|-boost|p2a: Mew|def|1
|-boost|p2a: Mew|spd|1
|move|p1a: Ferrothorn|Knock Off|p2a: Mew
|-supereffective|p2a: Mew
|-damage|p2a: Mew|82/100
|-enditem|p2a: Mew|Weakness Policy
|-boost|p2a: Mew|atk|2|[from] item: Weakness Policy
|-boost|p2a: Mew|spa|2|[from] item: Weakness Policy
|
|upkeep
|turn|18
|c|☆Pinkacross|ooh
|c|☆Pinkacross|I forgot about this mew
|
|t:|1656544957
|move|p2a: Mew|Cosmic Power|p2a: Mew
|-boost|p2a: Mew|def|1
|-boost|p2a: Mew|spd|1
|move|p1a: Ferrothorn|Leech Seed|p2a: Mew
|-start|p2a: Mew|move: Leech Seed
|
|-damage|p2a: Mew|70/100|[from] Leech Seed|[of] p1a: Ferrothorn
|-heal|p1a: Ferrothorn|25/100|[silent]
|upkeep
|turn|19
|
|t:|1656544960
|move|p2a: Mew|Body Press|p1a: Ferrothorn
|-supereffective|p1a: Ferrothorn
|-damage|p1a: Ferrothorn|0 fnt
|-damage|p2a: Mew|57/100|[from] ability: Iron Barbs|[of] p1a: Ferrothorn
|-damage|p2a: Mew|41/100|[from] item: Rocky Helmet|[of] p1a: Ferrothorn
|faint|p1a: Ferrothorn
|
|upkeep
|
|t:|1656544965
|switch|p1a: Tornadus|Tornadus-Therian, M|100/100
|turn|20
|
|t:|1656544969
|move|p1a: Tornadus|Taunt|p2a: Mew
|-start|p2a: Mew|move: Taunt
|cant|p2a: Mew|move: Taunt|Roost
|
|-damage|p2a: Mew|28/100|[from] Leech Seed|[of] p1a: Tornadus
|upkeep
|turn|21
|inactive|Pinkacross has 120 seconds left.
|
|t:|1656545000
|move|p1a: Tornadus|U-turn|p2a: Mew
|-supereffective|p2a: Mew
|-damage|p2a: Mew|19/100
|
|t:|1656545002
|switch|p1a: Tapu Lele|Tapu Lele|59/100|[from]move: U-turn
|-fieldstart|move: Psychic Terrain|[from] ability: Psychic Surge|[of] p1a: Tapu Lele
|move|p2a: Mew|Stored Power|p1a: Tapu Lele
|-resisted|p1a: Tapu Lele
|-damage|p1a: Tapu Lele|0 fnt
|faint|p1a: Tapu Lele
|
|upkeep
|inactive|Pinkacross has 120 seconds left.
|j| HonkHonkGoose776
|l| gotsnsd
|
|t:|1656545037
|switch|p1a: Nihilego|Nihilego|100/100
|turn|22
|
|t:|1656545040
|move|p1a: Nihilego|Sludge Bomb|p2a: Mew
|-damage|p2a: Mew|0 fnt
|faint|p2a: Mew
|-ability|p1a: Nihilego|Beast Boost|boost
|-boost|p1a: Nihilego|spa|1
|
|upkeep
|
|t:|1656545059
|switch|p2a: Hydreigon|Hydreigon, M|100/100
|turn|23
|
|t:|1656545063
|move|p1a: Nihilego|Sludge Bomb|p2a: Hydreigon
|-damage|p2a: Hydreigon|0 fnt
|faint|p2a: Hydreigon
|-ability|p1a: Nihilego|Beast Boost|boost
|-boost|p1a: Nihilego|spa|1
|
|upkeep
|j| s0urs
|
|t:|1656545066
|switch|p2a: Tapu Koko|Tapu Koko|72/100
|-fieldstart|move: Electric Terrain|[from] ability: Electric Surge|[of] p2a: Tapu Koko
|turn|24
|
|t:|1656545068
|move|p2a: Tapu Koko|Thunderbolt|p1a: Nihilego
|-damage|p1a: Nihilego|52/100
|move|p1a: Nihilego|Sludge Bomb|p2a: Tapu Koko
|-supereffective|p2a: Tapu Koko
|-damage|p2a: Tapu Koko|0 fnt
|faint|p2a: Tapu Koko
|-ability|p1a: Nihilego|Beast Boost|boost
|-boost|p1a: Nihilego|spa|1
|
|upkeep
|c|☆Pinkacross|gg
|
|t:|1656545073
|switch|p2a: Blaziken|Blaziken, F|56/100
|turn|25
|
|t:|1656545076
|move|p1a: Nihilego|Sludge Bomb|p2a: Blaziken
|-crit|p2a: Blaziken
|-damage|p2a: Blaziken|0 fnt
|faint|p2a: Blaziken
|
|win|Pinkacross
|n|☆Pinkacross|pinkacross
|n|☆Reshirider|reshirider
|n| G2 Paz Padilla|g2pazpadilla
|n| prof dankness|profdankness
|n| jackasx1|jackasx1
|n| RUMYMOME|rumymome
|n| RedDiamond1024|reddiamond1024
|n| Sww-Suwa|swwsuwa
|n| new landlord|newlandlord
|n| Barracades|barracades
|n| mataj|mataj
|n| kayflockupnext|kayflockupnext
|n| HonkHonkGoose776|honkhonkgoose776
|n| s0urs|s0urs
|l| Sww-Suwa
|c|☆Reshirider|gg
|l| new landlord
|l|☆Reshirider
|l| jackasx1
|l| prof dankness
|l| s0urs
|l| kayflockupnext
|j| jackasx1
|l| jackasx1
|j| jackasx1
|l| jackasx1
|l| HonkHonkGoose776
|l| RedDiamond1024
|l| mataj
|l| G2 Paz Padilla
