|raw|<div class="broadcast-blue"><strong>This battle is required to be public due to a player having a name starting with 'lt94je'.</div>
|j|☆LT94JE C.Oliveira
|j|☆Gotmyvanson
|t:|1661039767
|gametype|singles
|player|p1|LT94JE C.Oliveira|giovanni-gen1|1498
|player|p2|Gotmyvanson|ghetsis|1502
|teamsize|p1|6
|teamsize|p2|6
|gen|8
|tier|[Gen 8] OU
|rated|
|rule|Sleep Clause Mod: Limit one foe put to sleep
|rule|Species Clause: Limit one of each Pokémon
|rule|OHKO Clause: OHKO moves are banned
|rule|Evasion Items Clause: Evasion items are banned
|rule|Evasion Moves Clause: Evasion moves are banned
|rule|Endless Battle Clause: Forcing endless battles is banned
|rule|HP Percentage Mod: HP is shown in percentages
|rule|Dynamax Clause: You cannot dynamax
|clearpoke
|poke|p1|Mew|
|poke|p1|Weavile, M|
|poke|p1|Kartana|
|poke|p1|Volcarona, M|
|poke|p1|Skarmory, F|
|poke|p1|Garchomp, M|
|poke|p2|Tornadus-Therian, M|
|poke|p2|Nidoking, M|
|poke|p2|Urshifu-*, F|
|poke|p2|Buzzwole|
|poke|p2|Blissey, F|
|poke|p2|Slowbro, F|
|teampreview
|inactive|Battle timer is ON: inactive players will automatically lose when time's up. (requested by Gotmyvanson)
|
|t:|1661039826
|start
|switch|p1a: Skarmory|Skarmory, F|100/100
|switch|p2a: Tornadus|Tornadus-Therian, M|100/100
|turn|1
|
|t:|1661039850
|move|p2a: Tornadus|U-turn|p1a: Skarmory
|-resisted|p1a: Skarmory
|-damage|p1a: Skarmory|97/100
|
|t:|1661039853
|switch|p2a: Nidoking|Nidoking, M, shiny|100/100|[from]move: U-turn
|move|p1a: Skarmory|Stealth Rock|p2a: Nidoking
|-sidestart|p2: Gotmyvanson|move: Stealth Rock
|
|upkeep
|turn|2
|
|t:|1661039862
|move|p2a: Nidoking|Ice Beam|p1a: Skarmory
|-damage|p1a: Skarmory|19/100
|move|p1a: Skarmory|Spikes|p2a: Nidoking
|-sidestart|p2: Gotmyvanson|Spikes
|
|upkeep
|turn|3
|-enditem|p1a: Skarmory|Custap Berry|[eat]
|-activate|p1a: Skarmory|item: Custap Berry|[consumed]
|
|t:|1661039866
|move|p1a: Skarmory|Brave Bird|p2a: Nidoking
|-damage|p2a: Nidoking|34/100
|-damage|p1a: Skarmory|0 fnt|[from] Recoil
|faint|p1a: Skarmory
|move|p2a: Nidoking|Flamethrower|p1: Skarmory|[notarget]
|-fail|p2a: Nidoking
|
|upkeep
|
|t:|1661039871
|switch|p1a: Garchomp|Garchomp, M|100/100
|turn|4
|
|t:|1661039874
|switch|p2a: Slowbro|Slowbro, F, shiny|100/100
|move|p1a: Garchomp|Earthquake|p2a: Slowbro
|-damage|p2a: Slowbro|68/100
|
|upkeep
|turn|5
|
|t:|1661039900
|move|p1a: Garchomp|Swords Dance|p1a: Garchomp
|-boost|p1a: Garchomp|atk|2
|move|p2a: Slowbro|Future Sight|p1a: Garchomp
|-start|p2a: Slowbro|move: Future Sight
|
|upkeep
|turn|6
|
|t:|1661039909
|move|p1a: Garchomp|Swords Dance|p1a: Garchomp
|-boost|p1a: Garchomp|atk|2
|move|p2a: Slowbro|Ice Beam|p1a: Garchomp
|-supereffective|p1a: Garchomp
|-damage|p1a: Garchomp|8/100
|-status|p1a: Garchomp|frz
|-enditem|p1a: Garchomp|Lum Berry|[eat]
|-curestatus|p1a: Garchomp|frz|[msg]
|
|upkeep
|turn|7
|
|t:|1661039917
|switch|p2a: Tornadus|Tornadus-Therian, M|100/100
|move|p1a: Garchomp|Scale Shot|p2a: Tornadus
|-damage|p2a: Tornadus|60/100
|-damage|p2a: Tornadus|22/100
|-hitcount|p2a: Tornadus|2
|-unboost|p1a: Garchomp|def|1
|-boost|p1a: Garchomp|spe|1
|
|-end|p1a: Garchomp|move: Future Sight
|-damage|p1a: Garchomp|0 fnt
|faint|p1a: Garchomp
|upkeep
|
|t:|1661039926
|switch|p1a: Weavile|Weavile, M|100/100
|turn|8
|
|t:|1661039934
|switch|p2a: Buzzwole|Buzzwole|100/100
|-damage|p2a: Buzzwole|88/100|[from] Stealth Rock
|-damage|p2a: Buzzwole|76/100|[from] Spikes
|move|p1a: Weavile|Knock Off|p2a: Buzzwole
|-resisted|p2a: Buzzwole
|-damage|p2a: Buzzwole|65/100
|-damage|p1a: Weavile|84/100|[from] item: Rocky Helmet|[of] p2a: Buzzwole
|-enditem|p2a: Buzzwole|Rocky Helmet|[from] move: Knock Off|[of] p1a: Weavile
|
|upkeep
|turn|9
|
|t:|1661039957
|switch|p1a: Volcarona|Volcarona, M|100/100
|move|p2a: Buzzwole|Toxic|p1a: Volcarona
|-status|p1a: Volcarona|tox
|
|-damage|p1a: Volcarona|94/100 tox|[from] psn
|upkeep
|turn|10
|
|t:|1661039965
|switch|p1a: Kartana|Kartana|100/100
|switch|p2a: Blissey|Blissey, F|100/100
|
|upkeep
|turn|11
|
|t:|1661039968
|switch|p2a: Tornadus|Tornadus-Therian, M|55/100
|move|p1a: Kartana|Swords Dance|p1a: Kartana
|-boost|p1a: Kartana|atk|2
|
|upkeep
|turn|12
|
|t:|1661039972
|move|p2a: Tornadus|Hurricane|p1a: Kartana|[miss]
|-miss|p2a: Tornadus|p1a: Kartana
|move|p1a: Kartana|Knock Off|p2a: Tornadus
|-damage|p2a: Tornadus|0 fnt
|-enditem|p2a: Tornadus|Heavy-Duty Boots|[from] move: Knock Off|[of] p1a: Kartana
|faint|p2a: Tornadus
|-ability|p1a: Kartana|Beast Boost|boost
|-boost|p1a: Kartana|spe|1
|
|upkeep
|
|t:|1661039976
|switch|p2a: Buzzwole|Buzzwole|65/100
|-damage|p2a: Buzzwole|52/100|[from] Stealth Rock
|-damage|p2a: Buzzwole|40/100|[from] Spikes
|turn|13
|
|t:|1661039987
|switch|p1a: Volcarona|Volcarona, M|94/100 tox
|move|p2a: Buzzwole|Roost|p2a: Buzzwole
|-heal|p2a: Buzzwole|90/100
|-singleturn|p2a: Buzzwole|move: Roost
|
|-damage|p1a: Volcarona|88/100 tox|[from] psn
|upkeep
|turn|14
|
|t:|1661039997
|switch|p2a: Slowbro|Slowbro, F, shiny|100/100
|move|p1a: Volcarona|Flamethrower|p2a: Slowbro
|-resisted|p2a: Slowbro
|-damage|p2a: Slowbro|78/100
|
|-damage|p1a: Volcarona|76/100 tox|[from] psn
|upkeep
|turn|15
|
|t:|1661040005
|move|p1a: Volcarona|Bug Buzz|p2a: Slowbro
|-supereffective|p2a: Slowbro
|-damage|p2a: Slowbro|0 fnt
|faint|p2a: Slowbro
|
|-damage|p1a: Volcarona|58/100 tox|[from] psn
|upkeep
|
|t:|1661040011
|switch|p2a: Urshifu|Urshifu-Rapid-Strike, F|100/100
|-damage|p2a: Urshifu|94/100|[from] Stealth Rock
|-damage|p2a: Urshifu|82/100|[from] Spikes
|turn|16
|
|t:|1661040017
|switch|p1a: Kartana|Kartana|100/100
|move|p2a: Urshifu|U-turn|p1a: Kartana
|-damage|p1a: Kartana|72/100
|
|t:|1661040020
|switch|p2a: Buzzwole|Buzzwole|90/100|[from]move: U-turn
|-damage|p2a: Buzzwole|78/100|[from] Stealth Rock
|-damage|p2a: Buzzwole|65/100|[from] Spikes
|
|upkeep
|turn|17
|
|t:|1661040028
|switch|p1a: Volcarona|Volcarona, M|58/100 tox
|move|p2a: Buzzwole|Drain Punch|p1a: Volcarona
|-resisted|p1a: Volcarona
|-damage|p1a: Volcarona|32/100 tox
|-heal|p2a: Buzzwole|75/100|[from] drain|[of] p1a: Volcarona
|
|-damage|p1a: Volcarona|26/100 tox|[from] psn
|upkeep
|turn|18
|j| isabela000◥▶_◀◤
|
|t:|1661040035
|switch|p2a: Blissey|Blissey, F|100/100
|move|p1a: Volcarona|Flamethrower|p2a: Blissey
|-damage|p2a: Blissey|82/100
|
|-damage|p1a: Volcarona|13/100 tox|[from] psn
|upkeep
|turn|19
|
|t:|1661040040
|move|p1a: Volcarona|Flamethrower|p2a: Blissey
|-damage|p2a: Blissey|65/100
|move|p2a: Blissey|Teleport|p2a: Blissey
|
|t:|1661040051
|switch|p2a: Nidoking|Nidoking, M, shiny|34/100|[from]move: Teleport
|-damage|p2a: Nidoking|28/100|[from] Stealth Rock
|-damage|p2a: Nidoking|16/100|[from] Spikes
|
|-damage|p1a: Volcarona|0 fnt|[from] psn
|faint|p1a: Volcarona
|upkeep
|
|t:|1661040067
|switch|p1a: Weavile|Weavile, M|84/100
|turn|20
|
|t:|1661040072
|move|p1a: Weavile|Knock Off|p2a: Nidoking
|-damage|p2a: Nidoking|0 fnt
|-enditem|p2a: Nidoking|Life Orb|[from] move: Knock Off|[of] p1a: Weavile
|faint|p2a: Nidoking
|
|upkeep
|
|t:|1661040076
|switch|p2a: Buzzwole|Buzzwole|75/100
|-damage|p2a: Buzzwole|62/100|[from] Stealth Rock
|-damage|p2a: Buzzwole|50/100|[from] Spikes
|turn|21
|
|t:|1661040081
|move|p1a: Weavile|Swords Dance|p1a: Weavile
|-boost|p1a: Weavile|atk|2
|move|p2a: Buzzwole|Roost|p2a: Buzzwole
|-heal|p2a: Buzzwole|99/100
|-singleturn|p2a: Buzzwole|move: Roost
|
|upkeep
|turn|22
|
|t:|1661040085
|move|p1a: Weavile|Triple Axel|p2a: Buzzwole
|-damage|p2a: Buzzwole|90/100
|-crit|p2a: Buzzwole
|-damage|p2a: Buzzwole|60/100
|-damage|p2a: Buzzwole|33/100
|-hitcount|p2a: Buzzwole|3
|move|p2a: Buzzwole|Drain Punch|p1a: Weavile
|-supereffective|p1a: Weavile
|-damage|p1a: Weavile|0 fnt
|-heal|p2a: Buzzwole|61/100|[from] drain|[of] p1a: Weavile
|faint|p1a: Weavile
|-ability|p2a: Buzzwole|Beast Boost|boost
|-boost|p2a: Buzzwole|def|1
|
|upkeep
|
|t:|1661040093
|switch|p1a: Mew|Mew|100/100
|turn|23
|
|t:|1661040096
|switch|p2a: Blissey|Blissey, F|65/100
|move|p1a: Mew|Calm Mind|p1a: Mew
|-boost|p1a: Mew|spa|1
|-boost|p1a: Mew|spd|1
|
|upkeep
|turn|24
|
|t:|1661040098
|move|p1a: Mew|Calm Mind|p1a: Mew
|-boost|p1a: Mew|spa|1
|-boost|p1a: Mew|spd|1
|move|p2a: Blissey|Toxic|p1a: Mew
|-status|p1a: Mew|tox
|-activate|p1a: Mew|ability: Synchronize
|-status|p2a: Blissey|tox
|
|-damage|p1a: Mew|94/100 tox|[from] psn
|-damage|p2a: Blissey|59/100 tox|[from] psn
|upkeep
|turn|25
|
|t:|1661040103
|move|p1a: Mew|Calm Mind|p1a: Mew
|-boost|p1a: Mew|spa|1
|-boost|p1a: Mew|spd|1
|move|p2a: Blissey|Soft-Boiled|p2a: Blissey
|-heal|p2a: Blissey|100/100 tox
|
|-heal|p1a: Mew|100/100 tox|[from] item: Leftovers
|-damage|p1a: Mew|88/100 tox|[from] psn
|-damage|p2a: Blissey|88/100 tox|[from] psn
|upkeep
|turn|26
|
|t:|1661040108
|move|p1a: Mew|Stored Power|p2a: Blissey
|-damage|p2a: Blissey|40/100 tox
|move|p2a: Blissey|Soft-Boiled|p2a: Blissey
|-heal|p2a: Blissey|90/100 tox
|
|-heal|p1a: Mew|94/100 tox|[from] item: Leftovers
|-damage|p1a: Mew|76/100 tox|[from] psn
|-damage|p2a: Blissey|72/100 tox|[from] psn
|upkeep
|turn|27
|
|t:|1661040111
|move|p1a: Mew|Stored Power|p2a: Blissey
|-damage|p2a: Blissey|25/100 tox
|move|p2a: Blissey|Soft-Boiled|p2a: Blissey
|-heal|p2a: Blissey|75/100 tox
|
|-heal|p1a: Mew|82/100 tox|[from] item: Leftovers
|-damage|p1a: Mew|57/100 tox|[from] psn
|-damage|p2a: Blissey|51/100 tox|[from] psn
|upkeep
|turn|28
|inactive|Gotmyvanson has 120 seconds left.
|
|t:|1661040147
|move|p1a: Mew|Stored Power|p2a: Blissey
|-damage|p2a: Blissey|3/100 tox
|move|p2a: Blissey|Toxic|p1a: Mew
|-fail|p1a: Mew|tox
|
|-heal|p1a: Mew|63/100 tox|[from] item: Leftovers
|-damage|p1a: Mew|32/100 tox|[from] psn
|-damage|p2a: Blissey|0 fnt|[from] psn
|faint|p2a: Blissey
|upkeep
|
|t:|1661040151
|switch|p2a: Urshifu|Urshifu-Rapid-Strike, F|82/100
|-damage|p2a: Urshifu|76/100|[from] Stealth Rock
|-damage|p2a: Urshifu|64/100|[from] Spikes
|turn|29
|
|t:|1661040154
|move|p2a: Urshifu|Aqua Jet|p1a: Mew
|-damage|p1a: Mew|12/100 tox
|move|p1a: Mew|Stored Power|p2a: Urshifu
|-supereffective|p2a: Urshifu
|-damage|p2a: Urshifu|0 fnt
|faint|p2a: Urshifu
|
|-heal|p1a: Mew|19/100 tox|[from] item: Leftovers
|-damage|p1a: Mew|0 fnt|[from] psn
|faint|p1a: Mew
|upkeep
|-message|LT94JE C.Oliveira forfeited.
|
|win|Gotmyvanson
|raw|LT94JE C.Oliveira's rating: 1515 &rarr; <strong>1494</strong><br />(-21 for losing)
|raw|Gotmyvanson's rating: 1502 &rarr; <strong>1523</strong><br />(+21 for winning)
|l|☆LT94JE C.Oliveira
