|j|☆big boss 447
|j|☆hh66tt
|t:|1647747803
|gametype|singles
|player|p1|big boss 447|harlequin|1666
|player|p2|hh66tt|169|1732
|teamsize|p1|6
|teamsize|p2|6
|gen|8
|tier|[Gen 8] OU
|rated|
|rule|Sleep Clause Mod: Limit one foe put to sleep
|rule|Species Clause: Limit one of each Pokémon
|rule|OHKO Clause: OHKO moves are banned
|rule|Evasion Moves Clause: Evasion moves are banned
|rule|Endless Battle Clause: Forcing endless battles is banned
|rule|HP Percentage Mod: HP is shown in percentages
|rule|Dynamax Clause: You cannot dynamax
|clearpoke
|poke|p1|Landorus-Therian, M|
|poke|p1|Tapu Koko|
|poke|p1|Urshifu-*, M|
|poke|p1|Tornadus-Therian, M|
|poke|p1|Rillaboom, M|
|poke|p1|Ferrothorn, M|
|poke|p2|Tapu Lele|
|poke|p2|Polteageist|
|poke|p2|Espeon, F|
|poke|p2|Hawlucha, M|
|poke|p2|Cloyster, F|
|poke|p2|Omastar, M|
|teampreview
|inactive|Battle timer is ON: inactive players will automatically lose when time's up. (requested by big boss 447)
|
|t:|1647747821
|start
|switch|p1a: Rillaboom|Rillaboom, M|100/100
|switch|p2a: Tapu Lele|Tapu Lele, shiny|100/100
|-fieldstart|move: Grassy Terrain|[from] ability: Grassy Surge|[of] p1a: Rillaboom
|-fieldstart|move: Psychic Terrain|[from] ability: Psychic Surge|[of] p2a: Tapu Lele
|turn|1
|
|t:|1647747833
|move|p1a: Rillaboom|Wood Hammer|p2a: Tapu Lele
|-damage|p2a: Tapu Lele|0 fnt
|faint|p2a: Tapu Lele
|-damage|p1a: Rillaboom|75/100|[from] Recoil
|
|upkeep
|j| Clefan
|
|t:|1647747858
|switch|p2a: Cloyster|Cloyster, F, shiny|100/100
|turn|2
|
|t:|1647747868
|move|p2a: Cloyster|Icicle Spear|p1a: Rillaboom
|-supereffective|p1a: Rillaboom
|-damage|p1a: Rillaboom|55/100
|-supereffective|p1a: Rillaboom
|-damage|p1a: Rillaboom|35/100
|-supereffective|p1a: Rillaboom
|-damage|p1a: Rillaboom|15/100
|-supereffective|p1a: Rillaboom
|-damage|p1a: Rillaboom|0 fnt
|faint|p1a: Rillaboom
|-hitcount|p1: Rillaboom|4
|
|upkeep
|
|t:|1647747872
|switch|p1a: Ferrothorn|Ferrothorn, M|100/100
|turn|3
|
|t:|1647747876
|move|p2a: Cloyster|Shell Smash|p2a: Cloyster
|-unboost|p2a: Cloyster|def|1
|-unboost|p2a: Cloyster|spd|1
|-boost|p2a: Cloyster|atk|2
|-boost|p2a: Cloyster|spa|2
|-boost|p2a: Cloyster|spe|2
|move|p1a: Ferrothorn|Knock Off|p2a: Cloyster
|-damage|p2a: Cloyster|75/100
|-enditem|p2a: Cloyster|Focus Sash|[from] move: Knock Off|[of] p1a: Ferrothorn
|
|upkeep
|turn|4
|
|t:|1647747879
|move|p2a: Cloyster|Icicle Spear|p1a: Ferrothorn
|-damage|p1a: Ferrothorn|83/100
|-damage|p1a: Ferrothorn|67/100
|-damage|p1a: Ferrothorn|51/100
|-damage|p1a: Ferrothorn|35/100
|-damage|p1a: Ferrothorn|19/100
|-hitcount|p1a: Ferrothorn|5
|move|p1a: Ferrothorn|Leech Seed|p2a: Cloyster|[miss]
|-miss|p1a: Ferrothorn|p2a: Cloyster
|
|-heal|p1a: Ferrothorn|25/100|[from] item: Leftovers
|upkeep
|turn|5
|
|t:|1647747890
|move|p2a: Cloyster|Icicle Spear|p1a: Ferrothorn
|-damage|p1a: Ferrothorn|9/100
|-damage|p1a: Ferrothorn|0 fnt
|faint|p1a: Ferrothorn
|-hitcount|p1: Ferrothorn|2
|
|upkeep
|
|t:|1647747891
|switch|p1a: Urshifu|Urshifu-Rapid-Strike, M|100/100
|turn|6
|
|t:|1647747895
|move|p2a: Cloyster|Icicle Spear|p1a: Urshifu
|-resisted|p1a: Urshifu
|-damage|p1a: Urshifu|90/100
|-resisted|p1a: Urshifu
|-damage|p1a: Urshifu|79/100
|-resisted|p1a: Urshifu
|-damage|p1a: Urshifu|69/100
|-resisted|p1a: Urshifu
|-damage|p1a: Urshifu|59/100
|-resisted|p1a: Urshifu
|-damage|p1a: Urshifu|47/100
|-hitcount|p1a: Urshifu|5
|move|p1a: Urshifu|Close Combat|p2a: Cloyster
|-supereffective|p2a: Cloyster
|-damage|p2a: Cloyster|0 fnt
|-unboost|p1a: Urshifu|def|1
|-unboost|p1a: Urshifu|spd|1
|faint|p2a: Cloyster
|
|upkeep
|
|t:|1647747909
|switch|p2a: Hawlucha|Hawlucha, M|100/100
|-enditem|p2a: Hawlucha|Psychic Seed
|-boost|p2a: Hawlucha|spd|1|[from] item: Psychic Seed
|turn|7
|
|t:|1647747924
|switch|p1a: Tapu Koko|Tapu Koko|100/100
|-fieldstart|move: Electric Terrain|[from] ability: Electric Surge|[of] p1a: Tapu Koko
|move|p2a: Hawlucha|Acrobatics|p1a: Tapu Koko
|-resisted|p1a: Tapu Koko
|-damage|p1a: Tapu Koko|64/100
|
|upkeep
|turn|8
|
|t:|1647747928
|move|p2a: Hawlucha|Close Combat|p1a: Tapu Koko
|-resisted|p1a: Tapu Koko
|-damage|p1a: Tapu Koko|25/100
|-unboost|p2a: Hawlucha|def|1
|-unboost|p2a: Hawlucha|spd|1
|move|p1a: Tapu Koko|Thunderbolt|p2a: Hawlucha
|-supereffective|p2a: Hawlucha
|-damage|p2a: Hawlucha|0 fnt
|faint|p2a: Hawlucha
|
|upkeep
|inactive|hh66tt has 120 seconds left.
|
|t:|1647747960
|switch|p2a: Omastar|Omastar, M|100/100
|turn|9
|
|t:|1647747967
|move|p1a: Tapu Koko|Thunderbolt|p2a: Omastar
|-supereffective|p2a: Omastar
|-enditem|p2a: Omastar|Focus Sash
|-damage|p2a: Omastar|1/100
|move|p2a: Omastar|Shell Smash|p2a: Omastar
|-unboost|p2a: Omastar|def|1
|-unboost|p2a: Omastar|spd|1
|-boost|p2a: Omastar|atk|2
|-boost|p2a: Omastar|spa|2
|-boost|p2a: Omastar|spe|2
|
|upkeep
|turn|10
|
|t:|1647747981
|switch|p1a: Tornadus|Tornadus-Therian, M|100/100
|move|p2a: Omastar|Surf|p1a: Tornadus
|-damage|p1a: Tornadus|4/100
|
|upkeep
|turn|11
|
|t:|1647747986
|move|p2a: Omastar|Surf|p1a: Tornadus
|-damage|p1a: Tornadus|0 fnt
|faint|p1a: Tornadus
|
|-fieldend|move: Electric Terrain
|upkeep
|
|t:|1647747987
|switch|p1a: Urshifu|Urshifu-Rapid-Strike, M|47/100
|turn|12
|
|t:|1647747990
|move|p1a: Urshifu|Aqua Jet|p2a: Omastar
|-damage|p2a: Omastar|0 fnt
|faint|p2a: Omastar
|
|upkeep
|
|t:|1647748003
|switch|p2a: Espeon|Espeon, F|100/100
|turn|13
|
|t:|1647748005
|move|p1a: Urshifu|Aqua Jet|p2a: Espeon
|-damage|p2a: Espeon|31/100
|-enditem|p2a: Espeon|Eject Button
|
|t:|1647748008
|switch|p2a: Polteageist|Polteageist, shiny|100/100
|
|upkeep
|turn|14
|
|t:|1647748012
|move|p1a: Urshifu|Aqua Jet|p2a: Polteageist
|-damage|p2a: Polteageist|41/100
|-ability|p2a: Polteageist|Weak Armor|boost
|-unboost|p2a: Polteageist|def|1
|-boost|p2a: Polteageist|spe|2
|move|p2a: Polteageist|Giga Drain|p1a: Urshifu
|-supereffective|p1a: Urshifu
|-damage|p1a: Urshifu|0 fnt
|-heal|p2a: Polteageist|72/100|[from] drain|[of] p1a: Urshifu
|faint|p1a: Urshifu
|
|upkeep
|
|t:|1647748016
|switch|p1a: Landorus|Landorus-Therian, M|100/100
|-ability|p1a: Landorus|Intimidate|boost
|-unboost|p2a: Polteageist|atk|1
|turn|15
|
|t:|1647748027
|move|p2a: Polteageist|Giga Drain|p1a: Landorus
|-damage|p1a: Landorus|80/100
|-heal|p2a: Polteageist|87/100|[from] drain|[of] p1a: Landorus
|move|p1a: Landorus|Knock Off|p2a: Polteageist
|-supereffective|p2a: Polteageist
|-damage|p2a: Polteageist|0 fnt
|-enditem|p2a: Polteageist|Focus Sash|[from] move: Knock Off|[of] p1a: Landorus
|faint|p2a: Polteageist
|
|upkeep
|n|!big boss 447|bigboss447
|
|t:|1647748031
|switch|p2a: Espeon|Espeon, F|31/100
|turn|16
|
|t:|1647748037
|move|p2a: Espeon|Expanding Force|p1a: Landorus
|-damage|p1a: Landorus|47/100
|move|p1a: Landorus|Knock Off|p2a: Espeon
|-supereffective|p2a: Espeon
|-damage|p2a: Espeon|0 fnt
|faint|p2a: Espeon
|
|win|big boss 447
|raw|big boss 447's rating: 1666 &rarr; <strong>1690</strong><br />(+24 for winning)
|raw|hh66tt's rating: 1732 &rarr; <strong>1708</strong><br />(-24 for losing)
