|j|☆Lord finkledink
|j|☆SkipTheDripBayless
|t:|1611001721
|player|p1|Lord finkledink|170|1819
|player|p2|SkipTheDripBayless|youngathletef|1927
|teamsize|p1|6
|teamsize|p2|6
|gametype|singles
|gen|8
|tier|[Gen 8] OU
|rated|
|clearpoke
|poke|p1|Celesteela|
|poke|p1|Slowking-Galar, M|
|poke|p1|Weavile, F|
|poke|p1|Garchomp, M|
|poke|p1|Ferrothorn, M|
|poke|p1|Tapu Fini|
|poke|p2|Kartana|
|poke|p2|Zapdos|
|poke|p2|Blissey, F|
|poke|p2|Slowbro, F|
|poke|p2|Flygon, F|
|poke|p2|Magearna|
|rule|Sleep Clause Mod: Limit one foe put to sleep
|rule|Species Clause: Limit one of each Pokémon
|rule|OHKO Clause: OHKO moves are banned
|rule|Evasion Moves Clause: Evasion moves are banned
|rule|Endless Battle Clause: Forcing endless battles is banned
|rule|HP Percentage Mod: HP is shown in percentages
|rule|Dynamax Clause: You cannot dynamax
|teampreview
|inactive|Battle timer is ON: inactive players will automatically lose when time's up. (requested by SkipTheDripBayless)
|j| Friskysunny
|inactive|Lord finkledink has 120 seconds left.
|
|t:|1611001764
|start
|switch|p1a: Tapu Fini|Tapu Fini|100/100
|switch|p2a: HIGH AS A BITCH|Kartana|100/100
|-fieldstart|move: Misty Terrain|[from] ability: Misty Surge|[of] p1a: Tapu Fini
|turn|1
|j| wut lol huh
|
|t:|1611001771
|switch|p1a: Celesteela|Celesteela|100/100
|switch|p2a: STAY IN MY LANE|Magearna|100/100
|
|upkeep
|turn|2
|j| Storm Jack
|
|t:|1611001778
|move|p1a: Celesteela|Leech Seed|p2a: STAY IN MY LANE
|-start|p2a: STAY IN MY LANE|move: Leech Seed
|move|p2a: STAY IN MY LANE|Volt Switch|p1a: Celesteela
|-supereffective|p1a: Celesteela
|-damage|p1a: Celesteela|37/100
|
|t:|1611001783
|switch|p2a: DO NO TALKIN|Zapdos|100/100|[from]move: Volt Switch
|-ability|p2a: DO NO TALKIN|Pressure
|
|-heal|p1a: Celesteela|43/100|[from] item: Leftovers
|upkeep
|turn|3
|l| Friskysunny
|
|t:|1611001786
|move|p1a: Celesteela|Protect|p1a: Celesteela
|-singleturn|p1a: Celesteela|Protect
|move|p2a: DO NO TALKIN|Substitute|p2a: DO NO TALKIN
|-start|p2a: DO NO TALKIN|Substitute
|-damage|p2a: DO NO TALKIN|76/100
|
|-heal|p1a: Celesteela|49/100|[from] item: Leftovers
|upkeep
|turn|4
|
|t:|1611001790
|switch|p1a: Slowking|Slowking-Galar, M|100/100
|move|p2a: DO NO TALKIN|Hurricane|p1a: Slowking
|-damage|p1a: Slowking|79/100
|
|upkeep
|turn|5
|
|t:|1611001793
|move|p2a: DO NO TALKIN|Discharge|p1a: Slowking
|-damage|p1a: Slowking|63/100
|move|p1a: Slowking|Future Sight|p2a: DO NO TALKIN
|-start|p1a: Slowking|move: Future Sight
|
|-fieldend|Misty Terrain
|upkeep
|turn|6
|
|t:|1611001797
|move|p2a: DO NO TALKIN|Discharge|p1a: Slowking
|-damage|p1a: Slowking|47/100
|move|p1a: Slowking|Sludge Bomb|p2a: DO NO TALKIN
|-end|p2a: DO NO TALKIN|Substitute
|
|upkeep
|turn|7
|
|t:|1611001804
|switch|p2a: UPIN THEM YOPPAS|Flygon, F|100/100
|switch|p1a: Weavile|Weavile, F|100/100
|-ability|p1a: Weavile|Pressure
|
|-end|p2a: UPIN THEM YOPPAS|move: Future Sight
|-damage|p2a: UPIN THEM YOPPAS|57/100
|-heal|p2a: UPIN THEM YOPPAS|63/100|[from] item: Leftovers
|upkeep
|turn|8
|
|t:|1611001810
|switch|p2a: STAY IN MY LANE|Magearna|100/100
|move|p1a: Weavile|Swords Dance|p1a: Weavile
|-boost|p1a: Weavile|atk|2
|
|upkeep
|turn|9
|
|t:|1611001814
|move|p1a: Weavile|Triple Axel|p2a: STAY IN MY LANE
|-resisted|p2a: STAY IN MY LANE
|-damage|p2a: STAY IN MY LANE|90/100
|-resisted|p2a: STAY IN MY LANE
|-damage|p2a: STAY IN MY LANE|67/100
|-resisted|p2a: STAY IN MY LANE
|-damage|p2a: STAY IN MY LANE|36/100
|-hitcount|p2a: STAY IN MY LANE|3
|-damage|p1a: Weavile|91/100|[from] item: Life Orb
|move|p2a: STAY IN MY LANE|Trick|p1a: Weavile
|-activate|p2a: STAY IN MY LANE|move: Trick|[of] p1a: Weavile
|-item|p1a: Weavile|Choice Specs|[from] move: Trick
|-item|p2a: STAY IN MY LANE|Life Orb|[from] move: Trick
|
|upkeep
|turn|10
|j| meatybawls
|
|t:|1611001825
|switch|p2a: OBN UP NEXT|Slowbro, F|100/100
|move|p1a: Weavile|Knock Off|p2a: OBN UP NEXT
|-supereffective|p2a: OBN UP NEXT
|-damage|p2a: OBN UP NEXT|0 fnt
|-enditem|p2a: OBN UP NEXT|Heavy-Duty Boots|[from] move: Knock Off|[of] p1a: Weavile
|faint|p2a: OBN UP NEXT
|
|upkeep
|
|t:|1611001833
|switch|p2a: STAY IN MY LANE|Magearna|36/100
|turn|11
|
|t:|1611001837
|move|p1a: Weavile|Knock Off|p2a: STAY IN MY LANE
|-resisted|p2a: STAY IN MY LANE
|-damage|p2a: STAY IN MY LANE|0 fnt
|-enditem|p2a: STAY IN MY LANE|Life Orb|[from] move: Knock Off|[of] p1a: Weavile
|faint|p2a: STAY IN MY LANE
|
|upkeep
|-message|SkipTheDripBayless forfeited.
|
|win|Lord finkledink
|l|☆SkipTheDripBayless
|l| meatybawls
|c| wut lol huh|dont fuk with weavile
|c|☆Lord finkledink|tru dat
|c|☆Lord finkledink|lmao
|c| wut lol huh|lol gj
|c|☆Lord finkledink|169 spatk with a specs
||Ladder (probably) updated, but score could not be retrieved (Request timeout).
