|j|☆mikeyuwu
|j|☆playeraccount
|t:|1661620363
|gametype|singles
|player|p1|mikeyuwu|psychic-gen4|1119
|player|p2|playeraccount|1|1129
|teamsize|p1|6
|teamsize|p2|6
|gen|8
|tier|[Gen 8] OU
|rated|
|rule|Sleep Clause Mod: Limit one foe put to sleep
|rule|Species Clause: Limit one of each Pokémon
|rule|OHKO Clause: OHKO moves are banned
|rule|Evasion Items Clause: Evasion items are banned
|rule|Evasion Moves Clause: Evasion moves are banned
|rule|Endless Battle Clause: Forcing endless battles is banned
|rule|HP Percentage Mod: HP is shown in percentages
|rule|Dynamax Clause: You cannot dynamax
|clearpoke
|poke|p1|Garchomp, M|
|poke|p1|Tyranitar, M|
|poke|p1|Centiskorch, F|
|poke|p1|Venusaur, F|
|poke|p1|Slowbro, F|
|poke|p1|Ninetales, M|
|poke|p2|Latias, F|
|poke|p2|Slowbro, F|
|poke|p2|Nidoqueen, F|
|poke|p2|Cresselia, F|
|poke|p2|Audino, M|
|poke|p2|Blastoise, M|
|teampreview
|inactive|Battle timer is ON: inactive players will automatically lose when time's up. (requested by playeraccount)
|
|t:|1661620372
|start
|switch|p1a: Slowbro|Slowbro, F|100/100
|switch|p2a: Slowbro|Slowbro, F, shiny|100/100
|turn|1
|
|t:|1661620377
|switch|p1a: Tyranitar|Tyranitar, M|100/100
|-weather|Sandstorm|[from] ability: Sand Stream|[of] p1a: Tyranitar
|move|p2a: Slowbro|Future Sight|p1a: Tyranitar
|-start|p2a: Slowbro|move: Future Sight
|
|-weather|Sandstorm|[upkeep]
|-damage|p2a: Slowbro|94/100|[from] Sandstorm
|upkeep
|turn|2
|
|t:|1661620383
|switch|p2a: Blastoise|Blastoise, M, shiny|100/100
|move|p1a: Tyranitar|Crunch|p2a: Blastoise
|-crit|p2a: Blastoise
|-damage|p2a: Blastoise|61/100
|-unboost|p2a: Blastoise|def|1
|
|-weather|Sandstorm|[upkeep]
|-damage|p2a: Blastoise|55/100|[from] Sandstorm
|upkeep
|turn|3
|
|t:|1661620393
|move|p2a: Blastoise|Fake Out|p1a: Tyranitar
|-resisted|p1a: Tyranitar
|-damage|p1a: Tyranitar|97/100
|cant|p1a: Tyranitar|flinch
|
|-weather|Sandstorm|[upkeep]
|-damage|p2a: Blastoise|49/100|[from] Sandstorm
|-end|p1a: Tyranitar|move: Future Sight
|-immune|p1a: Tyranitar
|upkeep
|turn|4
|
|t:|1661620398
|move|p2a: Blastoise|Brick Break|p1a: Tyranitar
|-supereffective|p1a: Tyranitar
|-damage|p1a: Tyranitar|47/100
|move|p1a: Tyranitar|Crunch|p2a: Blastoise
|-damage|p2a: Blastoise|6/100
|
|-weather|Sandstorm|[upkeep]
|-damage|p2a: Blastoise|0 fnt|[from] Sandstorm
|faint|p2a: Blastoise
|upkeep
|
|t:|1661620407
|switch|p2a: Latias|Latias, F, shiny|100/100
|turn|5
|
|t:|1661620418
|switch|p2a: Nidoqueen|Nidoqueen, F, shiny|100/100
|switch|p1a: Ninetales|Ninetales, M|100/100
|-weather|SunnyDay|[from] ability: Drought|[of] p1a: Ninetales
|
|-weather|SunnyDay|[upkeep]
|upkeep
|turn|6
|
|t:|1661620422
|move|p1a: Ninetales|Extrasensory|p2a: Nidoqueen
|-supereffective|p2a: Nidoqueen
|-damage|p2a: Nidoqueen|58/100
|cant|p2a: Nidoqueen|flinch
|
|-weather|SunnyDay|[upkeep]
|upkeep
|turn|7
|
|t:|1661620429
|move|p1a: Ninetales|Extrasensory|p2a: Nidoqueen
|-supereffective|p2a: Nidoqueen
|-damage|p2a: Nidoqueen|11/100
|move|p2a: Nidoqueen|Earth Power|p1a: Ninetales
|-supereffective|p1a: Ninetales
|-damage|p1a: Ninetales|10/100
|
|-weather|SunnyDay|[upkeep]
|upkeep
|turn|8
|
|t:|1661620437
|move|p1a: Ninetales|Extrasensory|p2a: Nidoqueen
|-supereffective|p2a: Nidoqueen
|-damage|p2a: Nidoqueen|0 fnt
|faint|p2a: Nidoqueen
|
|-weather|SunnyDay|[upkeep]
|upkeep
|
|t:|1661620442
|switch|p2a: Cresselia|Cresselia, F, shiny|100/100
|turn|9
|
|t:|1661620449
|switch|p1a: Tyranitar|Tyranitar, M|47/100
|-weather|Sandstorm|[from] ability: Sand Stream|[of] p1a: Tyranitar
|move|p2a: Cresselia|Moonblast|p1a: Tyranitar
|-supereffective|p1a: Tyranitar
|-damage|p1a: Tyranitar|36/100
|
|-weather|Sandstorm|[upkeep]
|-damage|p2a: Cresselia|94/100|[from] Sandstorm
|upkeep
|turn|10
|
|t:|1661620468
|move|p2a: Cresselia|Moonblast|p1a: Tyranitar
|-supereffective|p1a: Tyranitar
|-damage|p1a: Tyranitar|25/100
|move|p1a: Tyranitar|Crunch|p2a: Cresselia
|-supereffective|p2a: Cresselia
|-damage|p2a: Cresselia|43/100
|
|-weather|Sandstorm|[upkeep]
|-damage|p2a: Cresselia|37/100|[from] Sandstorm
|upkeep
|turn|11
|
|t:|1661620475
|move|p2a: Cresselia|Moonblast|p1a: Tyranitar
|-supereffective|p1a: Tyranitar
|-damage|p1a: Tyranitar|14/100
|move|p1a: Tyranitar|Crunch|p2a: Cresselia
|-supereffective|p2a: Cresselia
|-damage|p2a: Cresselia|0 fnt
|faint|p2a: Cresselia
|
|-weather|Sandstorm|[upkeep]
|upkeep
|
|t:|1661620480
|switch|p2a: Slowbro|Slowbro, F, shiny|100/100
|turn|12
|-message|playeraccount forfeited.
|
|win|mikeyuwu
|raw|mikeyuwu's rating: 1119 &rarr; <strong>1145</strong><br />(+26 for winning)
|raw|playeraccount's rating: 1129 &rarr; <strong>1103</strong><br />(-26 for losing)
|l|☆playeraccount
