|j|☆Mrmonkey101
|j|☆ty-tyui↻
|t:|1665342245
|gametype|singles
|player|p1|Mrmonkey101|hilda|1613
|player|p2|ty-tyui↻|kamado|1642
|teamsize|p1|6
|teamsize|p2|6
|gen|8
|tier|[Gen 8] OU
|rated|
|rule|Sleep Clause Mod: Limit one foe put to sleep
|rule|Species Clause: Limit one of each Pokémon
|rule|OHKO Clause: OHKO moves are banned
|rule|Evasion Items Clause: Evasion items are banned
|rule|Evasion Moves Clause: Evasion moves are banned
|rule|Endless Battle Clause: Forcing endless battles is banned
|rule|HP Percentage Mod: HP is shown in percentages
|rule|Dynamax Clause: You cannot dynamax
|clearpoke
|poke|p1|Melmetal|
|poke|p1|Slowking-Galar, F|
|poke|p1|Blacephalon|
|poke|p1|Heliolisk, F|
|poke|p1|Tornadus-Therian, M|
|poke|p1|Garchomp, F|
|poke|p2|Mienshao, M|
|poke|p2|Ninetales-Alola, M|
|poke|p2|Blacephalon|
|poke|p2|Landorus-Therian, M|
|poke|p2|Corviknight, M|
|poke|p2|Rotom-Wash|
|teampreview
|inactive|Battle timer is ON: inactive players will automatically lose when time's up. (requested by Mrmonkey101)
|j| T_Blizzy
|
|t:|1665342273
|start
|switch|p1a: Blacephalon|Blacephalon|100/100
|switch|p2a: Landorus|Landorus-Therian, M|100/100
|-ability|p2a: Landorus|Intimidate|boost
|-unboost|p1a: Blacephalon|atk|1
|turn|1
|
|t:|1665342276
|switch|p1a: Tornadus|Tornadus-Therian, M|100/100
|move|p2a: Landorus|Earthquake|p1a: Tornadus
|-immune|p1a: Tornadus
|
|upkeep
|turn|2
|
|t:|1665342279
|move|p1a: Tornadus|Knock Off|p2a: Landorus
|-damage|p2a: Landorus|82/100
|-enditem|p2a: Landorus|Leftovers|[from] move: Knock Off|[of] p1a: Tornadus
|move|p2a: Landorus|Toxic|p1a: Tornadus
|-status|p1a: Tornadus|tox
|
|-damage|p1a: Tornadus|94/100 tox|[from] psn
|upkeep
|turn|3
|
|t:|1665342282
|move|p1a: Tornadus|Hurricane|p2a: Landorus|[miss]
|-miss|p1a: Tornadus|p2a: Landorus
|move|p2a: Landorus|Stealth Rock|p1a: Tornadus
|-sidestart|p1: Mrmonkey101|move: Stealth Rock
|
|-damage|p1a: Tornadus|82/100 tox|[from] psn
|upkeep
|turn|4
|
|t:|1665342285
|move|p1a: Tornadus|Defog|p2a: Landorus
|-unboost|p2a: Landorus|evasion|1
|-sideend|p1: Mrmonkey101|Stealth Rock|[from] move: Defog|[of] p1a: Tornadus
|move|p2a: Landorus|Stealth Rock|p1a: Tornadus
|-sidestart|p1: Mrmonkey101|move: Stealth Rock
|
|-damage|p1a: Tornadus|64/100 tox|[from] psn
|upkeep
|turn|5
|
|t:|1665342288
|switch|p2a: Rotom|Rotom-Wash|100/100
|move|p1a: Tornadus|Hurricane|p2a: Rotom|[miss]
|-miss|p1a: Tornadus|p2a: Rotom
|
|-damage|p1a: Tornadus|40/100 tox|[from] psn
|upkeep
|turn|6
|
|t:|1665342293
|move|p1a: Tornadus|U-turn|p2a: Rotom
|-damage|p2a: Rotom|85/100
|
|t:|1665342294
|switch|p1a: Slowking|Slowking-Galar, F|100/100|[from]move: U-turn
|-damage|p1a: Slowking|88/100|[from] Stealth Rock
|move|p2a: Rotom|Hydro Pump|p1a: Slowking
|-crit|p1a: Slowking
|-damage|p1a: Slowking|63/100
|
|-heal|p2a: Rotom|91/100|[from] item: Leftovers
|upkeep
|turn|7
|
|t:|1665342300
|move|p2a: Rotom|Thunder Wave|p1a: Slowking
|-status|p1a: Slowking|par
|cant|p1a: Slowking|par
|
|-heal|p2a: Rotom|97/100|[from] item: Leftovers
|upkeep
|turn|8
|
|t:|1665342308
|move|p2a: Rotom|Volt Switch|p1a: Slowking
|-damage|p1a: Slowking|53/100 par
|
|t:|1665342310
|switch|p2a: Mienshao|Mienshao, M, shiny|100/100|[from]move: Volt Switch
|move|p1a: Slowking|Scald|p2a: Mienshao
|-damage|p2a: Mienshao|62/100
|
|upkeep
|turn|9
|
|t:|1665342314
|switch|p1a: Tornadus|Tornadus-Therian, M|73/100 tox
|move|p2a: Mienshao|Knock Off|p1a: Tornadus
|-damage|p1a: Tornadus|30/100 tox
|-enditem|p1a: Tornadus|Heavy-Duty Boots|[from] move: Knock Off|[of] p2a: Mienshao
|-damage|p2a: Mienshao|52/100|[from] item: Life Orb
|
|-damage|p1a: Tornadus|24/100 tox|[from] psn
|upkeep
|turn|10
|
|t:|1665342322
|switch|p2a: Corviknight|Corviknight, M|100/100
|-ability|p2a: Corviknight|Pressure
|move|p1a: Tornadus|Defog|p2a: Corviknight
|-unboost|p2a: Corviknight|evasion|1
|-sideend|p1: Mrmonkey101|Stealth Rock|[from] move: Defog|[of] p1a: Tornadus
|
|-damage|p1a: Tornadus|12/100 tox|[from] psn
|upkeep
|turn|11
|
|t:|1665342328
|switch|p1a: Slowking|Slowking-Galar, F|87/100 par
|move|p2a: Corviknight|U-turn|p1a: Slowking
|-damage|p1a: Slowking|70/100 par
|
|t:|1665342331
|switch|p2a: Landorus|Landorus-Therian, M|82/100|[from]move: U-turn
|-ability|p2a: Landorus|Intimidate|boost
|-unboost|p1a: Slowking|atk|1
|
|upkeep
|turn|12
|
|t:|1665342335
|switch|p1a: Tornadus|Tornadus-Therian, M|45/100 tox
|move|p2a: Landorus|Stealth Rock|p1a: Tornadus
|-sidestart|p1: Mrmonkey101|move: Stealth Rock
|
|-damage|p1a: Tornadus|39/100 tox|[from] psn
|upkeep
|turn|13
|
|t:|1665342340
|move|p1a: Tornadus|Hurricane|p2a: Landorus
|-damage|p2a: Landorus|50/100
|move|p2a: Landorus|U-turn|p1a: Tornadus
|-resisted|p1a: Tornadus
|-damage|p1a: Tornadus|27/100 tox
|
|t:|1665342343
|switch|p2a: Blacephalon|Blacephalon, shiny|100/100|[from]move: U-turn
|
|-damage|p1a: Tornadus|15/100 tox|[from] psn
|upkeep
|turn|14
|
|t:|1665342350
|switch|p1a: Slowking|Slowking-Galar, F|100/100 par
|-damage|p1a: Slowking|88/100 par|[from] Stealth Rock
|move|p2a: Blacephalon|Shadow Ball|p1a: Slowking
|-supereffective|p1a: Slowking
|-damage|p1a: Slowking|48/100 par
|
|upkeep
|turn|15
|
|t:|1665342360
|switch|p2a: Ninetales|Ninetales-Alola, M|100/100
|-weather|Hail|[from] ability: Snow Warning|[of] p2a: Ninetales
|switch|p1a: Heliolisk|Heliolisk, F|100/100
|-damage|p1a: Heliolisk|88/100|[from] Stealth Rock
|
|-weather|Hail|[upkeep]
|-damage|p1a: Heliolisk|82/100|[from] Hail
|upkeep
|turn|16
|
|t:|1665342366
|move|p1a: Heliolisk|Volt Switch|p2a: Ninetales
|-damage|p2a: Ninetales|61/100
|
|t:|1665342371
|switch|p1a: Melmetal|Melmetal|100/100|[from]move: Volt Switch
|-damage|p1a: Melmetal|94/100|[from] Stealth Rock
|move|p2a: Ninetales|Blizzard|p1a: Melmetal
|-resisted|p1a: Melmetal
|-damage|p1a: Melmetal|61/100
|
|-weather|Hail|[upkeep]
|-damage|p1a: Melmetal|55/100|[from] Hail
|-heal|p1a: Melmetal|61/100|[from] item: Leftovers
|upkeep
|turn|17
|
|t:|1665342376
|switch|p2a: Corviknight|Corviknight, M|100/100
|-ability|p2a: Corviknight|Pressure
|move|p1a: Melmetal|Acid Armor|p1a: Melmetal
|-boost|p1a: Melmetal|def|2
|
|-weather|Hail|[upkeep]
|-damage|p2a: Corviknight|94/100|[from] Hail
|-damage|p1a: Melmetal|55/100|[from] Hail
|-heal|p1a: Melmetal|61/100|[from] item: Leftovers
|upkeep
|turn|18
|
|t:|1665342389
|move|p2a: Corviknight|U-turn|p1a: Melmetal
|-resisted|p1a: Melmetal
|-damage|p1a: Melmetal|60/100
|
|t:|1665342392
|switch|p2a: Rotom|Rotom-Wash|97/100|[from]move: U-turn
|move|p1a: Melmetal|Double Iron Bash|p2a: Rotom
|-resisted|p2a: Rotom
|-damage|p2a: Rotom|88/100
|-resisted|p2a: Rotom
|-crit|p2a: Rotom
|-damage|p2a: Rotom|75/100
|-hitcount|p2a: Rotom|2
|
|-weather|Hail|[upkeep]
|-damage|p2a: Rotom|69/100|[from] Hail
|-damage|p1a: Melmetal|54/100|[from] Hail
|-heal|p2a: Rotom|75/100|[from] item: Leftovers
|-heal|p1a: Melmetal|60/100|[from] item: Leftovers
|upkeep
|turn|19
|
|t:|1665342400
|switch|p1a: Slowking|Slowking-Galar, F|82/100 par
|-damage|p1a: Slowking|69/100 par|[from] Stealth Rock
|move|p2a: Rotom|Hydro Pump|p1a: Slowking
|-damage|p1a: Slowking|54/100 par
|
|-weather|none
|-heal|p2a: Rotom|81/100|[from] item: Leftovers
|upkeep
|turn|20
|
|t:|1665342407
|move|p2a: Rotom|Volt Switch|p1a: Slowking
|-damage|p1a: Slowking|43/100 par
|
|t:|1665342410
|switch|p2a: Corviknight|Corviknight, M|94/100|[from]move: Volt Switch
|-ability|p2a: Corviknight|Pressure
|cant|p1a: Slowking|par
|
|upkeep
|turn|21
|
|t:|1665342417
|move|p2a: Corviknight|U-turn|p1a: Slowking
|-damage|p1a: Slowking|27/100 par
|
|t:|1665342421
|switch|p2a: Mienshao|Mienshao, M, shiny|85/100|[from]move: U-turn
|cant|p1a: Slowking|par
|
|upkeep
|turn|22
|
|t:|1665342435
|switch|p1a: Garchomp|Garchomp, F|100/100
|-damage|p1a: Garchomp|94/100|[from] Stealth Rock
|move|p2a: Mienshao|Knock Off|p1a: Garchomp
|-damage|p1a: Garchomp|51/100
|-damage|p2a: Mienshao|73/100|[from] ability: Rough Skin|[of] p1a: Garchomp
|-enditem|p1a: Garchomp|Leftovers|[from] move: Knock Off|[of] p2a: Mienshao
|-damage|p2a: Mienshao|63/100|[from] item: Life Orb
|
|upkeep
|turn|23
|j| HalfBnW
|
|t:|1665342442
|move|p2a: Mienshao|Close Combat|p1a: Garchomp
|-damage|p1a: Garchomp|0 fnt
|-unboost|p2a: Mienshao|def|1
|-unboost|p2a: Mienshao|spd|1
|-damage|p2a: Mienshao|51/100|[from] ability: Rough Skin|[of] p1a: Garchomp
|faint|p1a: Garchomp
|-damage|p2a: Mienshao|41/100|[from] item: Life Orb
|
|upkeep
|
|t:|1665342446
|switch|p1a: Heliolisk|Heliolisk, F|82/100
|-damage|p1a: Heliolisk|70/100|[from] Stealth Rock
|turn|24
|
|t:|1665342453
|switch|p2a: Blacephalon|Blacephalon, shiny|100/100
|move|p1a: Heliolisk|Surf|p2a: Blacephalon
|-supereffective|p2a: Blacephalon
|-damage|p2a: Blacephalon|15/100
|
|upkeep
|turn|25
|
|t:|1665342457
|move|p1a: Heliolisk|Surf|p2a: Blacephalon
|-supereffective|p2a: Blacephalon
|-damage|p2a: Blacephalon|0 fnt
|faint|p2a: Blacephalon
|
|upkeep
|j| Ran Kob
|
|t:|1665342464
|switch|p2a: Rotom|Rotom-Wash|81/100
|turn|26
|
|t:|1665342467
|switch|p1a: Slowking|Slowking-Galar, F|60/100 par
|-damage|p1a: Slowking|48/100 par|[from] Stealth Rock
|move|p2a: Rotom|Volt Switch|p1a: Slowking
|-damage|p1a: Slowking|37/100 par
|
|t:|1665342470
|switch|p2a: Mienshao|Mienshao, M, shiny|74/100|[from]move: Volt Switch
|
|upkeep
|turn|27
|
|t:|1665342473
|switch|p1a: Melmetal|Melmetal|60/100
|-damage|p1a: Melmetal|54/100|[from] Stealth Rock
|move|p2a: Mienshao|Knock Off|p1a: Melmetal
|-damage|p1a: Melmetal|37/100
|-enditem|p1a: Melmetal|Leftovers|[from] move: Knock Off|[of] p2a: Mienshao
|-damage|p2a: Mienshao|64/100|[from] item: Life Orb
|
|upkeep
|turn|28
|
|t:|1665342480
|move|p2a: Mienshao|Close Combat|p1a: Melmetal
|-supereffective|p1a: Melmetal
|-damage|p1a: Melmetal|0 fnt
|-unboost|p2a: Mienshao|def|1
|-unboost|p2a: Mienshao|spd|1
|faint|p1a: Melmetal
|-damage|p2a: Mienshao|54/100|[from] item: Life Orb
|
|upkeep
|l| T_Blizzy
|
|t:|1665342483
|switch|p1a: Heliolisk|Heliolisk, F|70/100
|-damage|p1a: Heliolisk|57/100|[from] Stealth Rock
|turn|29
|
|t:|1665342488
|switch|p2a: Rotom|Rotom-Wash|81/100
|move|p1a: Heliolisk|Volt Switch|p2a: Rotom
|-damage|p2a: Rotom|52/100
|
|t:|1665342490
|switch|p1a: Tornadus|Tornadus-Therian, M|48/100 tox|[from]move: Volt Switch
|-damage|p1a: Tornadus|23/100 tox|[from] Stealth Rock
|
|-heal|p2a: Rotom|59/100|[from] item: Leftovers
|-damage|p1a: Tornadus|17/100 tox|[from] psn
|upkeep
|turn|30
|
|t:|1665342495
|move|p1a: Tornadus|Defog|p2a: Rotom
|-unboost|p2a: Rotom|evasion|1
|-sideend|p1: Mrmonkey101|Stealth Rock|[from] move: Defog|[of] p1a: Tornadus
|move|p2a: Rotom|Volt Switch|p1a: Tornadus
|-supereffective|p1a: Tornadus
|-damage|p1a: Tornadus|0 fnt
|faint|p1a: Tornadus
|
|t:|1665342502
|switch|p2a: Landorus|Landorus-Therian, M|50/100|[from]move: Volt Switch
|
|upkeep
|
|t:|1665342505
|switch|p1a: Blacephalon|Blacephalon|100/100
|turn|31
|
|t:|1665342509
|move|p1a: Blacephalon|Flamethrower|p2a: Landorus
|-damage|p2a: Landorus|0 fnt
|faint|p2a: Landorus
|-ability|p1a: Blacephalon|Beast Boost|boost
|-boost|p1a: Blacephalon|spa|1
|
|upkeep
|
|t:|1665342516
|switch|p2a: Rotom|Rotom-Wash|59/100
|turn|32
|
|t:|1665342520
|move|p1a: Blacephalon|Flamethrower|p2a: Rotom
|-resisted|p2a: Rotom
|-damage|p2a: Rotom|13/100
|move|p2a: Rotom|Volt Switch|p1a: Blacephalon
|-damage|p1a: Blacephalon|61/100
|
|t:|1665342526
|switch|p2a: Ninetales|Ninetales-Alola, M|61/100|[from]move: Volt Switch
|-weather|Hail|[from] ability: Snow Warning|[of] p2a: Ninetales
|
|-weather|Hail|[upkeep]
|-damage|p1a: Blacephalon|55/100|[from] Hail
|upkeep
|turn|33
|
|t:|1665342529
|move|p2a: Ninetales|Dark Pulse|p1a: Blacephalon
|-supereffective|p1a: Blacephalon
|-damage|p1a: Blacephalon|0 fnt
|faint|p1a: Blacephalon
|
|-weather|Hail|[upkeep]
|upkeep
|
|t:|1665342532
|switch|p1a: Heliolisk|Heliolisk, F|57/100
|turn|34
|
|t:|1665342538
|switch|p2a: Rotom|Rotom-Wash|13/100
|move|p1a: Heliolisk|Volt Switch|p2a: Rotom
|-damage|p2a: Rotom|0 fnt
|faint|p2a: Rotom
|
|t:|1665342540
|switch|p1a: Slowking|Slowking-Galar, F|71/100 par|[from]move: Volt Switch
|
|-weather|Hail|[upkeep]
|-damage|p1a: Slowking|64/100 par|[from] Hail
|upkeep
|
|t:|1665342542
|switch|p2a: Mienshao|Mienshao, M, shiny|87/100
|turn|35
|
|t:|1665342544
|move|p2a: Mienshao|Knock Off|p1a: Slowking
|-supereffective|p1a: Slowking
|-damage|p1a: Slowking|0 fnt
|-enditem|p1a: Slowking|Assault Vest|[from] move: Knock Off|[of] p2a: Mienshao
|faint|p1a: Slowking
|-damage|p2a: Mienshao|77/100|[from] item: Life Orb
|
|-weather|Hail|[upkeep]
|-damage|p2a: Mienshao|71/100|[from] Hail
|upkeep
|
|t:|1665342546
|switch|p1a: Heliolisk|Heliolisk, F|57/100
|turn|36
|
|t:|1665342550
|switch|p2a: Corviknight|Corviknight, M|94/100
|-ability|p2a: Corviknight|Pressure
|move|p1a: Heliolisk|Thunderbolt|p2a: Corviknight
|-supereffective|p2a: Corviknight
|-damage|p2a: Corviknight|24/100
|
|-weather|none
|upkeep
|turn|37
|
|t:|1665342552
|move|p1a: Heliolisk|Thunderbolt|p2a: Corviknight
|-supereffective|p2a: Corviknight
|-damage|p2a: Corviknight|0 fnt
|faint|p2a: Corviknight
|
|upkeep
|
|t:|1665342555
|switch|p2a: Mienshao|Mienshao, M, shiny|100/100
|turn|38
|l| Ran Kob
|
|t:|1665342559
|move|p1a: Heliolisk|Thunderbolt|p2a: Mienshao
|-damage|p2a: Mienshao|16/100
|move|p2a: Mienshao|Close Combat|p1a: Heliolisk
|-supereffective|p1a: Heliolisk
|-damage|p1a: Heliolisk|0 fnt
|-unboost|p2a: Mienshao|def|1
|-unboost|p2a: Mienshao|spd|1
|faint|p1a: Heliolisk
|-damage|p2a: Mienshao|6/100|[from] item: Life Orb
|
|win|ty-tyui↻
|raw|Mrmonkey101's rating: 1613 &rarr; <strong>1595</strong><br />(-18 for losing)
|raw|ty-tyui↻'s rating: 1642 &rarr; <strong>1660</strong><br />(+18 for winning)
|l|☆Mrmonkey101
||Ladder isn't responding, score probably updated but might not have (Request timeout).
