|j|☆Vaush Rad
|j|☆Bunch24
|t:|1663527873
|gametype|singles
|player|p1|Vaush Rad|burglar-gen1|1639
|player|p2|Bunch24|169|1672
|teamsize|p1|6
|teamsize|p2|6
|gen|8
|tier|[Gen 8] OU
|rated|
|rule|Sleep Clause Mod: Limit one foe put to sleep
|rule|Species Clause: Limit one of each Pokémon
|rule|OHKO Clause: OHKO moves are banned
|rule|Evasion Items Clause: Evasion items are banned
|rule|Evasion Moves Clause: Evasion moves are banned
|rule|Endless Battle Clause: Forcing endless battles is banned
|rule|HP Percentage Mod: HP is shown in percentages
|rule|Dynamax Clause: You cannot dynamax
|clearpoke
|poke|p1|Regigigas|
|poke|p1|Weezing-Galar, M|
|poke|p1|Landorus-Therian, M|
|poke|p1|Dragapult, F|
|poke|p1|Toxapex, F|
|poke|p1|Slowbro, F|
|poke|p2|Slowking, M|
|poke|p2|Tapu Lele|
|poke|p2|Dragapult, M|
|poke|p2|Landorus-Therian, M|
|poke|p2|Garchomp, F|
|poke|p2|Heatran, F|
|teampreview
|c|☆Vaush Rad|Hf
|inactive|Battle timer is ON: inactive players will automatically lose when time's up. (requested by Vaush Rad)
|j| i am ves ♥
|inactive|Bunch24 has 120 seconds left.
|inactive|Bunch24 has 90 seconds left.
|
|t:|1663527947
|start
|switch|p1a: Dimmadome|Weezing-Galar, M|100/100
|switch|p2a: Slowking|Slowking, M|100/100
|turn|1
|
|t:|1663527957
|switch|p1a: BIacephaIon|Regigigas|100/100
|-start|p1a: BIacephaIon|ability: Slow Start
|move|p2a: Slowking|Future Sight|p1a: BIacephaIon
|-start|p2a: Slowking|move: Future Sight
|
|upkeep
|turn|2
|
|t:|1663527964
|move|p1a: BIacephaIon|Knock Off|p2a: Slowking
|-supereffective|p2a: Slowking
|-damage|p2a: Slowking|64/100
|-enditem|p2a: Slowking|Heavy-Duty Boots|[from] move: Knock Off|[of] p1a: BIacephaIon
|move|p2a: Slowking|Teleport|p2a: Slowking
|
|t:|1663527974
|switch|p2a: Tapu Lele|Tapu Lele|100/100|[from]move: Teleport
|-fieldstart|move: Psychic Terrain|[from] ability: Psychic Surge|[of] p2a: Tapu Lele
|
|upkeep
|turn|3
|
|t:|1663527979
|-end|p1a: BIacephaIon|Slow Start|[silent]
|switch|p1a: ur slow|Slowbro, F|100/100
|move|p2a: Tapu Lele|Psychic|p1a: ur slow
|-resisted|p1a: ur slow
|-damage|p1a: ur slow|80/100
|
|-end|p1a: ur slow|move: Future Sight
|-resisted|p1a: ur slow
|-damage|p1a: ur slow|59/100
|upkeep
|turn|4
|
|t:|1663527986
|switch|p2a: Slowking|Slowking, M|98/100
|move|p1a: ur slow|Teleport|p1a: ur slow
|
|t:|1663527992
|switch|p1a: LandOUrus-T|Landorus-Therian, M|100/100|[from]move: Teleport
|-ability|p1a: LandOUrus-T|Intimidate|boost
|-unboost|p2a: Slowking|atk|1
|
|upkeep
|turn|5
|
|t:|1663527994
|move|p1a: LandOUrus-T|Stealth Rock|p2a: Slowking
|-sidestart|p2: Bunch24|move: Stealth Rock
|move|p2a: Slowking|Scald|p1a: LandOUrus-T
|-supereffective|p1a: LandOUrus-T
|-damage|p1a: LandOUrus-T|54/100
|-status|p1a: LandOUrus-T|brn
|
|-heal|p1a: LandOUrus-T|60/100 brn|[from] item: Leftovers
|-damage|p1a: LandOUrus-T|54/100 brn|[from] brn
|upkeep
|turn|6
|
|t:|1663527997
|move|p1a: LandOUrus-T|U-turn|p2a: Slowking
|-supereffective|p2a: Slowking
|-damage|p2a: Slowking|75/100
|
|t:|1663528002
|switch|p1a: Dreepy Airlines|Dragapult, F|100/100|[from]move: U-turn
|move|p2a: Slowking|Future Sight|p1a: Dreepy Airlines
|-start|p2a: Slowking|move: Future Sight
|
|-fieldend|move: Psychic Terrain
|upkeep
|turn|7
|
|t:|1663528006
|move|p1a: Dreepy Airlines|Shadow Ball|p2a: Slowking
|-supereffective|p2a: Slowking
|-damage|p2a: Slowking|16/100
|move|p2a: Slowking|Teleport|p2a: Slowking
|
|t:|1663528009
|switch|p2a: Tapu Lele|Tapu Lele|100/100|[from]move: Teleport
|-damage|p2a: Tapu Lele|88/100|[from] Stealth Rock
|-fieldstart|move: Psychic Terrain|[from] ability: Psychic Surge|[of] p2a: Tapu Lele
|
|upkeep
|turn|8
|
|t:|1663528013
|switch|p1a: ur slow|Slowbro, F|93/100
|move|p2a: Tapu Lele|Moonblast|p1a: ur slow
|-crit|p1a: ur slow
|-damage|p1a: ur slow|35/100
|
|-end|p1a: ur slow|move: Future Sight
|-resisted|p1a: ur slow
|-damage|p1a: ur slow|16/100
|upkeep
|turn|9
|
|t:|1663528021
|switch|p2a: Slowking|Slowking, M|50/100
|-damage|p2a: Slowking|37/100|[from] Stealth Rock
|switch|p1a: BIacephaIon|Regigigas|100/100
|-start|p1a: BIacephaIon|ability: Slow Start
|
|upkeep
|turn|10
|
|t:|1663528026
|-end|p1a: BIacephaIon|Slow Start|[silent]
|switch|p1a: Dreepy Airlines|Dragapult, F|100/100
|switch|p2a: Landorus|Landorus-Therian, M|100/100
|-damage|p2a: Landorus|88/100|[from] Stealth Rock
|-ability|p2a: Landorus|Intimidate|boost
|-unboost|p1a: Dreepy Airlines|atk|1
|
|-heal|p2a: Landorus|94/100|[from] item: Leftovers
|upkeep
|turn|11
|
|t:|1663528030
|switch|p1a: Dimmadome|Weezing-Galar, M|100/100
|move|p2a: Landorus|Earthquake|p1a: Dimmadome
|-immune|p1a: Dimmadome|[from] ability: Levitate
|
|-heal|p2a: Landorus|99/100|[from] item: Leftovers
|-fieldend|move: Psychic Terrain
|upkeep
|turn|12
|
|t:|1663528033
|switch|p2a: Slowking|Slowking, M|71/100
|-damage|p2a: Slowking|58/100|[from] Stealth Rock
|move|p1a: Dimmadome|Will-O-Wisp|p2a: Slowking|[miss]
|-miss|p1a: Dimmadome|p2a: Slowking
|
|upkeep
|turn|13
|
|t:|1663528036
|switch|p1a: Dreepy Airlines|Dragapult, F|100/100
|move|p2a: Slowking|Teleport|p2a: Slowking
|
|t:|1663528038
|switch|p2a: Landorus|Landorus-Therian, M|99/100|[from]move: Teleport
|-damage|p2a: Landorus|88/100|[from] Stealth Rock
|-ability|p2a: Landorus|Intimidate|boost
|-unboost|p1a: Dreepy Airlines|atk|1
|
|-heal|p2a: Landorus|94/100|[from] item: Leftovers
|upkeep
|turn|14
|
|t:|1663528041
|move|p1a: Dreepy Airlines|U-turn|p2a: Landorus
|-resisted|p2a: Landorus
|-damage|p2a: Landorus|88/100
|
|t:|1663528042
|switch|p1a: Dimmadome|Weezing-Galar, M|100/100|[from]move: U-turn
|move|p2a: Landorus|Stealth Rock|p1a: Dimmadome
|-sidestart|p1: Vaush Rad|move: Stealth Rock
|
|-heal|p2a: Landorus|94/100|[from] item: Leftovers
|upkeep
|turn|15
|
|t:|1663528046
|move|p2a: Landorus|U-turn|p1a: Dimmadome
|-resisted|p1a: Dimmadome
|-damage|p1a: Dimmadome|97/100
|-damage|p2a: Landorus|78/100|[from] item: Rocky Helmet|[of] p1a: Dimmadome
|
|t:|1663528049
|switch|p2a: Slowking|Slowking, M|91/100|[from]move: U-turn
|-damage|p2a: Slowking|79/100|[from] Stealth Rock
|move|p1a: Dimmadome|Will-O-Wisp|p2a: Slowking
|-status|p2a: Slowking|brn
|
|-damage|p2a: Slowking|73/100 brn|[from] brn
|upkeep
|turn|16
|
|t:|1663528051
|switch|p1a: Dreepy Airlines|Dragapult, F|100/100
|-damage|p1a: Dreepy Airlines|88/100|[from] Stealth Rock
|move|p2a: Slowking|Teleport|p2a: Slowking
|
|t:|1663528053
|switch|p2a: Tapu Lele|Tapu Lele|88/100|[from]move: Teleport
|-damage|p2a: Tapu Lele|76/100|[from] Stealth Rock
|-fieldstart|move: Psychic Terrain|[from] ability: Psychic Surge|[of] p2a: Tapu Lele
|
|upkeep
|turn|17
|
|t:|1663528059
|switch|p1a: ur slow|Slowbro, F|49/100
|move|p2a: Tapu Lele|Psychic|p1a: ur slow
|-resisted|p1a: ur slow
|-damage|p1a: ur slow|29/100
|
|upkeep
|turn|18
|
|t:|1663528066
|move|p2a: Tapu Lele|Psychic|p1a: ur slow
|-resisted|p1a: ur slow
|-damage|p1a: ur slow|8/100
|move|p1a: ur slow|Slack Off|p1a: ur slow
|-heal|p1a: ur slow|58/100
|
|upkeep
|turn|19
|
|t:|1663528069
|switch|p2a: Slowking|Slowking, M|100/100 brn
|-damage|p2a: Slowking|88/100 brn|[from] Stealth Rock
|move|p1a: ur slow|Teleport|p1a: ur slow
|
|t:|1663528071
|switch|p1a: Dreepy Airlines|Dragapult, F|88/100|[from]move: Teleport
|-damage|p1a: Dreepy Airlines|76/100|[from] Stealth Rock
|
|-damage|p2a: Slowking|82/100 brn|[from] brn
|upkeep
|turn|20
|
|t:|1663528075
|switch|p2a: Landorus|Landorus-Therian, M|78/100
|-damage|p2a: Landorus|65/100|[from] Stealth Rock
|-ability|p2a: Landorus|Intimidate|boost
|-unboost|p1a: Dreepy Airlines|atk|1
|move|p1a: Dreepy Airlines|Shadow Ball|p2a: Landorus
|-damage|p2a: Landorus|25/100
|
|-heal|p2a: Landorus|31/100|[from] item: Leftovers
|-fieldend|move: Psychic Terrain
|upkeep
|turn|21
|
|t:|1663528078
|move|p1a: Dreepy Airlines|Shadow Ball|p2a: Landorus
|-damage|p2a: Landorus|0 fnt
|faint|p2a: Landorus
|
|upkeep
|
|t:|1663528081
|switch|p2a: Garchomp|Garchomp, F|100/100
|-damage|p2a: Garchomp|94/100|[from] Stealth Rock
|turn|22
|
|t:|1663528085
|switch|p1a: Dimmadome|Weezing-Galar, M|97/100
|-damage|p1a: Dimmadome|85/100|[from] Stealth Rock
|move|p2a: Garchomp|Swords Dance|p2a: Garchomp
|-boost|p2a: Garchomp|atk|2
|
|-heal|p2a: Garchomp|100/100|[from] item: Leftovers
|upkeep
|turn|23
|
|t:|1663528091
|switch|p2a: Slowking|Slowking, M|100/100 brn
|-damage|p2a: Slowking|88/100 brn|[from] Stealth Rock
|move|p1a: Dimmadome|Will-O-Wisp|p2a: Slowking
|-fail|p2a: Slowking|brn
|
|-damage|p2a: Slowking|82/100 brn|[from] brn
|upkeep
|turn|24
|
|t:|1663528095
|switch|p1a: Dreepy Airlines|Dragapult, F|76/100
|-damage|p1a: Dreepy Airlines|64/100|[from] Stealth Rock
|move|p2a: Slowking|Teleport|p2a: Slowking
|
|t:|1663528097
|switch|p2a: Tapu Lele|Tapu Lele|76/100|[from]move: Teleport
|-damage|p2a: Tapu Lele|63/100|[from] Stealth Rock
|-fieldstart|move: Psychic Terrain|[from] ability: Psychic Surge|[of] p2a: Tapu Lele
|
|upkeep
|turn|25
|
|t:|1663528100
|switch|p1a: ur slow|Slowbro, F|92/100
|move|p2a: Tapu Lele|Moonblast|p1a: ur slow
|-damage|p1a: ur slow|54/100
|
|upkeep
|turn|26
|
|t:|1663528104
|switch|p2a: Slowking|Slowking, M|100/100 brn
|-damage|p2a: Slowking|88/100 brn|[from] Stealth Rock
|move|p1a: ur slow|Slack Off|p1a: ur slow
|-heal|p1a: ur slow|100/100
|
|-damage|p2a: Slowking|82/100 brn|[from] brn
|upkeep
|turn|27
|
|t:|1663528107
|move|p2a: Slowking|Future Sight|p1a: ur slow
|-start|p2a: Slowking|move: Future Sight
|move|p1a: ur slow|Teleport|p1a: ur slow
|
|t:|1663528112
|switch|p1a: Dreepy Airlines|Dragapult, F|64/100|[from]move: Teleport
|-damage|p1a: Dreepy Airlines|51/100|[from] Stealth Rock
|
|-damage|p2a: Slowking|76/100 brn|[from] brn
|upkeep
|turn|28
|
|t:|1663528114
|move|p1a: Dreepy Airlines|Shadow Ball|p2a: Slowking
|-supereffective|p2a: Slowking
|-damage|p2a: Slowking|10/100 brn
|move|p2a: Slowking|Teleport|p2a: Slowking
|
|t:|1663528117
|switch|p2a: Tapu Lele|Tapu Lele|63/100|[from]move: Teleport
|-damage|p2a: Tapu Lele|51/100|[from] Stealth Rock
|
|-fieldend|move: Psychic Terrain
|upkeep
|turn|29
|
|t:|1663528122
|switch|p2a: Dragapult|Dragapult, M|100/100
|-damage|p2a: Dragapult|88/100|[from] Stealth Rock
|switch|p1a: ur slow|Slowbro, F|100/100
|
|-end|p1a: ur slow|move: Future Sight
|-resisted|p1a: ur slow
|-damage|p1a: ur slow|85/100
|upkeep
|turn|30
|
|t:|1663528128
|switch|p1a: BIacephaIon|Regigigas|100/100
|-damage|p1a: BIacephaIon|88/100|[from] Stealth Rock
|-start|p1a: BIacephaIon|ability: Slow Start
|move|p2a: Dragapult|Draco Meteor|p1a: BIacephaIon
|-damage|p1a: BIacephaIon|41/100
|-unboost|p2a: Dragapult|spa|2
|
|-heal|p1a: BIacephaIon|47/100|[from] item: Leftovers
|upkeep
|turn|31
|
|t:|1663528135
|switch|p2a: Heatran|Heatran, F|100/100
|-damage|p2a: Heatran|88/100|[from] Stealth Rock
|move|p1a: BIacephaIon|Knock Off|p2a: Heatran
|-damage|p2a: Heatran|77/100
|-damage|p1a: BIacephaIon|31/100|[from] item: Rocky Helmet|[of] p2a: Heatran
|-status|p1a: BIacephaIon|brn|[from] ability: Flame Body|[of] p2a: Heatran
|-enditem|p2a: Heatran|Rocky Helmet|[from] move: Knock Off|[of] p1a: BIacephaIon
|
|-heal|p1a: BIacephaIon|37/100 brn|[from] item: Leftovers
|-damage|p1a: BIacephaIon|31/100 brn|[from] brn
|upkeep
|turn|32
|
|t:|1663528141
|move|p2a: Heatran|Magma Storm|p1a: BIacephaIon|[miss]
|-miss|p2a: Heatran|p1a: BIacephaIon
|move|p1a: BIacephaIon|Rest|p1a: BIacephaIon
|-status|p1a: BIacephaIon|slp|[from] move: Rest
|-heal|p1a: BIacephaIon|100/100 slp|[silent]
|
|upkeep
|turn|33
|
|t:|1663528144
|move|p2a: Heatran|Magma Storm|p1a: BIacephaIon
|-damage|p1a: BIacephaIon|75/100 slp
|-activate|p1a: BIacephaIon|move: Magma Storm|[of] p2a: Heatran
|cant|p1a: BIacephaIon|slp
|
|-heal|p1a: BIacephaIon|81/100 slp|[from] item: Leftovers
|-damage|p1a: BIacephaIon|68/100 slp|[from] move: Magma Storm|[partiallytrapped]
|upkeep
|turn|34
|
|t:|1663528149
|move|p2a: Heatran|Magma Storm|p1a: BIacephaIon
|-damage|p1a: BIacephaIon|43/100 slp
|cant|p1a: BIacephaIon|slp
|
|-heal|p1a: BIacephaIon|49/100 slp|[from] item: Leftovers
|-damage|p1a: BIacephaIon|36/100 slp|[from] move: Magma Storm|[partiallytrapped]
|-end|p1a: BIacephaIon|Slow Start
|upkeep
|turn|35
|
|t:|1663528161
|-curestatus|p1a: BIacephaIon|slp|[msg]
|move|p1a: BIacephaIon|Rest|p1a: BIacephaIon
|-status|p1a: BIacephaIon|slp|[from] move: Rest
|-heal|p1a: BIacephaIon|100/100 slp|[silent]
|move|p2a: Heatran|Taunt|p1a: BIacephaIon
|-start|p1a: BIacephaIon|move: Taunt
|
|-damage|p1a: BIacephaIon|88/100 slp|[from] move: Magma Storm|[partiallytrapped]
|upkeep
|turn|36
|
|t:|1663528167
|cant|p1a: BIacephaIon|slp
|move|p2a: Heatran|Magma Storm|p1a: BIacephaIon
|-damage|p1a: BIacephaIon|63/100 slp
|
|-heal|p1a: BIacephaIon|69/100 slp|[from] item: Leftovers
|-damage|p1a: BIacephaIon|57/100 slp|[from] move: Magma Storm|[partiallytrapped]
|upkeep
|turn|37
|
|t:|1663528169
|cant|p1a: BIacephaIon|slp
|move|p2a: Heatran|Magma Storm|p1a: BIacephaIon
|-crit|p1a: BIacephaIon
|-damage|p1a: BIacephaIon|21/100 slp
|
|-heal|p1a: BIacephaIon|27/100 slp|[from] item: Leftovers
|-damage|p1a: BIacephaIon|15/100 slp|[from] move: Magma Storm|[partiallytrapped]
|upkeep
|turn|38
|
|t:|1663528173
|-curestatus|p1a: BIacephaIon|slp|[msg]
|move|p1a: BIacephaIon|Power-Up Punch|p2a: Heatran
|-supereffective|p2a: Heatran
|-damage|p2a: Heatran|59/100
|-boost|p1a: BIacephaIon|atk|1
|move|p2a: Heatran|Earth Power|p1a: BIacephaIon
|-damage|p1a: BIacephaIon|1/100
|
|-heal|p1a: BIacephaIon|7/100|[from] item: Leftovers
|-end|p1a: BIacephaIon|Magma Storm|[partiallytrapped]
|-end|p1a: BIacephaIon|move: Taunt
|upkeep
|turn|39
|
|t:|1663528177
|move|p1a: BIacephaIon|Rest|p1a: BIacephaIon
|-status|p1a: BIacephaIon|slp|[from] move: Rest
|-heal|p1a: BIacephaIon|100/100 slp|[silent]
|move|p2a: Heatran|Magma Storm|p1a: BIacephaIon
|-damage|p1a: BIacephaIon|76/100 slp
|-activate|p1a: BIacephaIon|move: Magma Storm|[of] p2a: Heatran
|
|-heal|p1a: BIacephaIon|82/100 slp|[from] item: Leftovers
|-damage|p1a: BIacephaIon|70/100 slp|[from] move: Magma Storm|[partiallytrapped]
|upkeep
|turn|40
|
|t:|1663528183
|cant|p1a: BIacephaIon|slp
|move|p2a: Heatran|Magma Storm|p1a: BIacephaIon
|-damage|p1a: BIacephaIon|45/100 slp
|
|-heal|p1a: BIacephaIon|51/100 slp|[from] item: Leftovers
|-damage|p1a: BIacephaIon|38/100 slp|[from] move: Magma Storm|[partiallytrapped]
|upkeep
|turn|41
|
|t:|1663528188
|cant|p1a: BIacephaIon|slp
|move|p2a: Heatran|Taunt|p1a: BIacephaIon
|-start|p1a: BIacephaIon|move: Taunt
|
|-heal|p1a: BIacephaIon|45/100 slp|[from] item: Leftovers
|-damage|p1a: BIacephaIon|32/100 slp|[from] move: Magma Storm|[partiallytrapped]
|upkeep
|turn|42
|
|t:|1663528194
|-curestatus|p1a: BIacephaIon|slp|[msg]
|move|p1a: BIacephaIon|Power-Up Punch|p2a: Heatran
|-supereffective|p2a: Heatran
|-damage|p2a: Heatran|34/100
|-boost|p1a: BIacephaIon|atk|1
|-status|p1a: BIacephaIon|brn|[from] ability: Flame Body|[of] p2a: Heatran
|move|p2a: Heatran|Magma Storm|p1a: BIacephaIon|[miss]
|-miss|p2a: Heatran|p1a: BIacephaIon
|
|-heal|p1a: BIacephaIon|38/100 brn|[from] item: Leftovers
|-damage|p1a: BIacephaIon|32/100 brn|[from] brn
|-damage|p1a: BIacephaIon|20/100 brn|[from] move: Magma Storm|[partiallytrapped]
|upkeep
|turn|43
|
|t:|1663528206
|move|p1a: BIacephaIon|Power-Up Punch|p2a: Heatran
|-supereffective|p2a: Heatran
|-damage|p2a: Heatran|17/100
|-boost|p1a: BIacephaIon|atk|1
|move|p2a: Heatran|Earth Power|p1a: BIacephaIon
|-damage|p1a: BIacephaIon|5/100 brn
|
|-heal|p1a: BIacephaIon|11/100 brn|[from] item: Leftovers
|-damage|p1a: BIacephaIon|5/100 brn|[from] brn
|-end|p1a: BIacephaIon|Magma Storm|[partiallytrapped]
|upkeep
|turn|44
|
|t:|1663528215
|move|p1a: BIacephaIon|Power-Up Punch|p2a: Heatran
|-supereffective|p2a: Heatran
|-damage|p2a: Heatran|0 fnt
|-boost|p1a: BIacephaIon|atk|1
|faint|p2a: Heatran
|
|-heal|p1a: BIacephaIon|11/100 brn|[from] item: Leftovers
|-damage|p1a: BIacephaIon|5/100 brn|[from] brn
|-end|p1a: BIacephaIon|move: Taunt
|upkeep
|
|t:|1663528218
|switch|p2a: Dragapult|Dragapult, M|88/100
|-damage|p2a: Dragapult|76/100|[from] Stealth Rock
|turn|45
|
|t:|1663528230
|move|p2a: Dragapult|U-turn|p1a: BIacephaIon
|-damage|p1a: BIacephaIon|0 fnt
|faint|p1a: BIacephaIon
|-end|p1a: BIacephaIon|Slow Start|[silent]
|
|t:|1663528234
|switch|p2a: Tapu Lele|Tapu Lele|51/100|[from]move: U-turn
|-damage|p2a: Tapu Lele|38/100|[from] Stealth Rock
|-fieldstart|move: Psychic Terrain|[from] ability: Psychic Surge|[of] p2a: Tapu Lele
|
|upkeep
|
|t:|1663528237
|switch|p1a: ur slow|Slowbro, F|100/100
|turn|46
|
|t:|1663528245
|move|p2a: Tapu Lele|Moonblast|p1a: ur slow
|-damage|p1a: ur slow|68/100
|move|p1a: ur slow|Teleport|p1a: ur slow
|
|t:|1663528249
|switch|p1a: Prédastérie|Toxapex, F|100/100|[from]move: Teleport
|-damage|p1a: Prédastérie|88/100|[from] Stealth Rock
|
|upkeep
|turn|47
|
|t:|1663528255
|switch|p2a: Slowking|Slowking, M|43/100 brn
|-damage|p2a: Slowking|31/100 brn|[from] Stealth Rock
|switch|p1a: Dreepy Airlines|Dragapult, F|51/100
|-damage|p1a: Dreepy Airlines|39/100|[from] Stealth Rock
|
|-damage|p2a: Slowking|25/100 brn|[from] brn
|upkeep
|turn|48
|
|t:|1663528263
|switch|p2a: Garchomp|Garchomp, F|100/100
|-damage|p2a: Garchomp|94/100|[from] Stealth Rock
|move|p1a: Dreepy Airlines|Shadow Ball|p2a: Garchomp
|-damage|p2a: Garchomp|42/100
|
|-heal|p2a: Garchomp|48/100|[from] item: Leftovers
|upkeep
|turn|49
|
|t:|1663528275
|move|p1a: Dreepy Airlines|Shadow Ball|p2a: Garchomp
|-damage|p2a: Garchomp|0 fnt
|faint|p2a: Garchomp
|
|-fieldend|move: Psychic Terrain
|upkeep
|
|t:|1663528280
|switch|p2a: Tapu Lele|Tapu Lele|38/100
|-damage|p2a: Tapu Lele|26/100|[from] Stealth Rock
|-fieldstart|move: Psychic Terrain|[from] ability: Psychic Surge|[of] p2a: Tapu Lele
|turn|50
|
|t:|1663528285
|switch|p2a: Dragapult|Dragapult, M|76/100
|-damage|p2a: Dragapult|64/100|[from] Stealth Rock
|switch|p1a: ur slow|Slowbro, F|100/100
|
|upkeep
|turn|51
|
|t:|1663528294
|move|p2a: Dragapult|Shadow Ball|p1a: ur slow
|-supereffective|p1a: ur slow
|-damage|p1a: ur slow|20/100
|move|p1a: ur slow|Future Sight|p2a: Dragapult
|-start|p1a: ur slow|move: Future Sight
|
|upkeep
|turn|52
|
|t:|1663528301
|switch|p1a: LandOUrus-T|Landorus-Therian, M|54/100 brn
|-damage|p1a: LandOUrus-T|42/100 brn|[from] Stealth Rock
|-ability|p1a: LandOUrus-T|Intimidate|boost
|-unboost|p2a: Dragapult|atk|1
|move|p2a: Dragapult|Shadow Ball|p1a: LandOUrus-T
|-damage|p1a: LandOUrus-T|0 fnt
|faint|p1a: LandOUrus-T
|
|upkeep
|
|t:|1663528307
|switch|p1a: Dreepy Airlines|Dragapult, F|39/100
|-damage|p1a: Dreepy Airlines|27/100|[from] Stealth Rock
|turn|53
|
|t:|1663528323
|switch|p2a: Tapu Lele|Tapu Lele|26/100
|-damage|p2a: Tapu Lele|13/100|[from] Stealth Rock
|move|p1a: Dreepy Airlines|Shadow Ball|p2a: Tapu Lele
|-supereffective|p2a: Tapu Lele
|-damage|p2a: Tapu Lele|0 fnt
|faint|p2a: Tapu Lele
|
|-hint|Future Sight did not hit because the target is fainted.
|upkeep
|
|t:|1663528325
|switch|p2a: Dragapult|Dragapult, M|64/100
|-damage|p2a: Dragapult|51/100|[from] Stealth Rock
|turn|54
|
|t:|1663528351
|move|p1a: Dreepy Airlines|Shadow Ball|p2a: Dragapult
|-supereffective|p2a: Dragapult
|-damage|p2a: Dragapult|0 fnt
|faint|p2a: Dragapult
|
|-fieldend|move: Psychic Terrain
|upkeep
|
|t:|1663528353
|switch|p2a: Slowking|Slowking, M|58/100 brn
|-damage|p2a: Slowking|45/100 brn|[from] Stealth Rock
|turn|55
|
|t:|1663528357
|move|p1a: Dreepy Airlines|Shadow Ball|p2a: Slowking
|-supereffective|p2a: Slowking
|-damage|p2a: Slowking|0 fnt
|faint|p2a: Slowking
|
|win|Vaush Rad
|raw|Vaush Rad's rating: 1639 &rarr; <strong>1661</strong><br />(+22 for winning)
|raw|Bunch24's rating: 1672 &rarr; <strong>1650</strong><br />(-22 for losing)
