|j|☆Dallyranks
|j|☆jawabarat
|t:|1650715691
|gametype|singles
|player|p1|Dallyranks|101|1842
|player|p2|jawabarat|artist-gen4|1873
|teamsize|p1|6
|teamsize|p2|6
|gen|8
|tier|[Gen 8] OU
|rated|
|rule|Sleep Clause Mod: Limit one foe put to sleep
|rule|Species Clause: Limit one of each Pokémon
|rule|OHKO Clause: OHKO moves are banned
|rule|Evasion Moves Clause: Evasion moves are banned
|rule|Endless Battle Clause: Forcing endless battles is banned
|rule|HP Percentage Mod: HP is shown in percentages
|rule|Dynamax Clause: You cannot dynamax
|clearpoke
|poke|p1|Tornadus-Therian, M|
|poke|p1|Slowbro, M|
|poke|p1|Diggersby, M|
|poke|p1|Buzzwole|
|poke|p1|Marowak-Alola, M|
|poke|p1|Slowking-Galar, F|
|poke|p2|Kartana|
|poke|p2|Weavile, F|
|poke|p2|Dragapult, M|
|poke|p2|Volcanion|
|poke|p2|Landorus-Therian, M|
|poke|p2|Melmetal|
|teampreview
|j| wtmzjqf
|inactive|Battle timer is ON: inactive players will automatically lose when time's up. (requested by Dallyranks)
|
|t:|1650715719
|start
|switch|p1a: Hercules|Buzzwole|100/100
|switch|p2a: PUGI|Weavile, F|100/100
|-ability|p2a: PUGI|Pressure
|turn|1
|
|t:|1650715729
|switch|p2a: LEADERSHIP STARS|Landorus-Therian, M|100/100
|-ability|p2a: LEADERSHIP STARS|Intimidate|boost
|-unboost|p1a: Hercules|atk|1
|move|p1a: Hercules|Ice Punch|p2a: LEADERSHIP STARS
|-supereffective|p2a: LEADERSHIP STARS
|-damage|p2a: LEADERSHIP STARS|44/100
|
|-heal|p2a: LEADERSHIP STARS|50/100|[from] item: Leftovers
|upkeep
|turn|2
|
|t:|1650715739
|switch|p2a: FOG OF WAR|Dragapult, M|100/100
|move|p1a: Hercules|Ice Punch|p2a: FOG OF WAR
|-supereffective|p2a: FOG OF WAR
|-damage|p2a: FOG OF WAR|53/100
|
|upkeep
|turn|3
|
|t:|1650715747
|switch|p1a: Slowking-Valar|Slowking-Galar, F|100/100
|move|p2a: FOG OF WAR|U-turn|p1a: Slowking-Valar
|-damage|p1a: Slowking-Valar|66/100
|
|t:|1650715756
|switch|p2a: PUGI|Weavile, F|100/100|[from]move: U-turn
|-ability|p2a: PUGI|Pressure
|
|upkeep
|turn|4
|
|t:|1650715766
|switch|p2a: EYVEL|Volcanion|100/100
|switch|p1a: Hercules|Buzzwole|100/100
|
|upkeep
|turn|5
|
|t:|1650715774
|switch|p1a: Slowking-Valar|Slowking-Galar, F|99/100
|move|p2a: EYVEL|Steam Eruption|p1a: Slowking-Valar
|-damage|p1a: Slowking-Valar|75/100
|
|upkeep
|turn|6
|
|t:|1650715786
|switch|p2a: DAGDA|Melmetal|100/100
|move|p1a: Slowking-Valar|Psychic|p2a: DAGDA
|-resisted|p2a: DAGDA
|-damage|p2a: DAGDA|82/100
|
|upkeep
|turn|7
|
|t:|1650715794
|switch|p1a: Poseidon|Slowbro, M|100/100
|move|p2a: DAGDA|Thunder Punch|p1a: Poseidon
|-supereffective|p1a: Poseidon
|-damage|p1a: Poseidon|58/100
|-status|p1a: Poseidon|par
|
|upkeep
|turn|8
|j| Cris and Kryz
|
|t:|1650715810
|switch|p1a: Hercules|Buzzwole|100/100
|move|p2a: DAGDA|Double Iron Bash|p1a: Hercules
|-damage|p1a: Hercules|77/100
|-damage|p1a: Hercules|56/100
|-hitcount|p1a: Hercules|2
|
|upkeep
|turn|9
|
|t:|1650715822
|move|p1a: Hercules|Roost|p1a: Hercules
|-heal|p1a: Hercules|100/100
|-singleturn|p1a: Hercules|move: Roost
|move|p2a: DAGDA|Double Iron Bash|p1a: Hercules
|-damage|p1a: Hercules|79/100
|-damage|p1a: Hercules|56/100
|-hitcount|p1a: Hercules|2
|
|upkeep
|turn|10
|
|t:|1650715830
|switch|p2a: EYVEL|Volcanion|100/100
|move|p1a: Hercules|Roost|p1a: Hercules
|-heal|p1a: Hercules|100/100
|-singleturn|p1a: Hercules|move: Roost
|
|upkeep
|turn|11
|
|t:|1650715844
|switch|p2a: PUGI|Weavile, F|100/100
|-ability|p2a: PUGI|Pressure
|switch|p1a: Slowking-Valar|Slowking-Galar, F|100/100
|
|upkeep
|turn|12
|
|t:|1650715852
|switch|p1a: Hercules|Buzzwole|100/100
|move|p2a: PUGI|Knock Off|p1a: Hercules
|-resisted|p1a: Hercules
|-damage|p1a: Hercules|83/100
|-damage|p2a: PUGI|84/100|[from] item: Rocky Helmet|[of] p1a: Hercules
|-enditem|p1a: Hercules|Rocky Helmet|[from] move: Knock Off|[of] p2a: PUGI
|
|upkeep
|turn|13
|l| Cris and Kryz
|
|t:|1650715866
|switch|p2a: LEADERSHIP STARS|Landorus-Therian, M|50/100
|-ability|p2a: LEADERSHIP STARS|Intimidate|boost
|-unboost|p1a: Hercules|atk|1
|move|p1a: Hercules|Drain Punch|p2a: LEADERSHIP STARS
|-resisted|p2a: LEADERSHIP STARS
|-damage|p2a: LEADERSHIP STARS|39/100
|-heal|p1a: Hercules|88/100|[from] drain|[of] p2a: LEADERSHIP STARS
|
|-heal|p2a: LEADERSHIP STARS|45/100|[from] item: Leftovers
|upkeep
|turn|14
|
|t:|1650715877
|switch|p2a: EYVEL|Volcanion|100/100
|move|p1a: Hercules|Ice Punch|p2a: EYVEL
|-resisted|p2a: EYVEL
|-damage|p2a: EYVEL|97/100
|
|upkeep
|turn|15
|
|t:|1650715887
|switch|p2a: PUGI|Weavile, F|84/100
|-ability|p2a: PUGI|Pressure
|switch|p1a: Slowking-Valar|Slowking-Galar, F|100/100
|
|upkeep
|turn|16
|
|t:|1650715896
|switch|p1a: Poseidon|Slowbro, M|91/100 par
|move|p2a: PUGI|Triple Axel|p1a: Poseidon
|-resisted|p1a: Poseidon
|-damage|p1a: Poseidon|87/100 par
|-damage|p2a: PUGI|68/100|[from] item: Rocky Helmet|[of] p1a: Poseidon
|-hitcount|p1a: Poseidon|1
|
|upkeep
|turn|17
|
|t:|1650715909
|switch|p2a: FOG OF WAR|Dragapult, M|53/100
|move|p1a: Poseidon|Teleport|p1a: Poseidon
|
|t:|1650715920
|switch|p1a: Zeus|Tornadus-Therian, M|100/100|[from]move: Teleport
|
|upkeep
|turn|18
|
|t:|1650715925
|move|p2a: FOG OF WAR|Dragon Darts|p1a: Zeus
|-damage|p1a: Zeus|61/100
|-anim|p2a: FOG OF WAR|Dragon Darts|p1a: Zeus
|-damage|p1a: Zeus|20/100
|move|p1a: Zeus|U-turn|p2a: FOG OF WAR
|-resisted|p2a: FOG OF WAR
|-damage|p2a: FOG OF WAR|40/100
|
|t:|1650715936
|switch|p1a: Poseidon|Slowbro, M|100/100 par|[from]move: U-turn
|
|upkeep
|turn|19
|j| Cris and Kryz
|
|t:|1650715941
|move|p2a: FOG OF WAR|Dragon Darts|p1a: Poseidon
|-damage|p1a: Poseidon|78/100 par
|-anim|p2a: FOG OF WAR|Dragon Darts|p1a: Poseidon
|-damage|p1a: Poseidon|56/100 par
|move|p1a: Poseidon|Ice Beam|p2a: FOG OF WAR
|-supereffective|p2a: FOG OF WAR
|-damage|p2a: FOG OF WAR|0 fnt
|faint|p2a: FOG OF WAR
|
|upkeep
|j| deadthoughts
|
|t:|1650715949
|switch|p2a: PUGI|Weavile, F|68/100
|-ability|p2a: PUGI|Pressure
|turn|20
|
|t:|1650715962
|switch|p1a: Hercules|Buzzwole|88/100
|move|p2a: PUGI|Triple Axel|p1a: Hercules
|-damage|p1a: Hercules|80/100
|-damage|p1a: Hercules|65/100
|-damage|p1a: Hercules|43/100
|-hitcount|p1a: Hercules|3
|
|upkeep
|turn|21
|
|t:|1650715991
|switch|p2a: LEADERSHIP STARS|Landorus-Therian, M|45/100
|-ability|p2a: LEADERSHIP STARS|Intimidate|boost
|-unboost|p1a: Hercules|atk|1
|move|p1a: Hercules|Roost|p1a: Hercules
|-heal|p1a: Hercules|93/100
|-singleturn|p1a: Hercules|move: Roost
|
|-heal|p2a: LEADERSHIP STARS|51/100|[from] item: Leftovers
|upkeep
|turn|22
|
|t:|1650716000
|switch|p2a: EYVEL|Volcanion|97/100
|move|p1a: Hercules|Ice Punch|p2a: EYVEL
|-resisted|p2a: EYVEL
|-damage|p2a: EYVEL|94/100
|-status|p2a: EYVEL|frz
|
|upkeep
|turn|23
|
|t:|1650716012
|switch|p1a: Slowking-Valar|Slowking-Galar, F|100/100
|-curestatus|p2a: EYVEL|frz|[from] move: Steam Eruption
|move|p2a: EYVEL|Steam Eruption|p1a: Slowking-Valar|[miss]
|-miss|p2a: EYVEL|p1a: Slowking-Valar
|
|upkeep
|turn|24
|
|t:|1650716029
|switch|p2a: LEADERSHIP STARS|Landorus-Therian, M|51/100
|-ability|p2a: LEADERSHIP STARS|Intimidate|boost
|-unboost|p1a: Slowking-Valar|atk|1
|move|p1a: Slowking-Valar|Flamethrower|p2a: LEADERSHIP STARS
|-damage|p2a: LEADERSHIP STARS|33/100
|
|-heal|p2a: LEADERSHIP STARS|39/100|[from] item: Leftovers
|upkeep
|turn|25
|
|t:|1650716038
|switch|p1a: Zeus|Tornadus-Therian, M|53/100
|move|p2a: LEADERSHIP STARS|Stealth Rock|p1a: Zeus
|-sidestart|p1: Dallyranks|move: Stealth Rock
|
|-heal|p2a: LEADERSHIP STARS|45/100|[from] item: Leftovers
|upkeep
|turn|26
|
|t:|1650716047
|move|p1a: Zeus|Defog|p2a: LEADERSHIP STARS
|-unboost|p2a: LEADERSHIP STARS|evasion|1
|-sideend|p1: Dallyranks|Stealth Rock|[from] move: Defog|[of] p1a: Zeus
|move|p2a: LEADERSHIP STARS|U-turn|p1a: Zeus
|-resisted|p1a: Zeus
|-damage|p1a: Zeus|41/100
|
|t:|1650716051
|switch|p2a: PUGI|Weavile, F|68/100|[from]move: U-turn
|-ability|p2a: PUGI|Pressure
|
|upkeep
|turn|27
|l| deadthoughts
|
|t:|1650716070
|switch|p1a: Hercules|Buzzwole|93/100
|move|p2a: PUGI|Triple Axel|p1a: Hercules
|-damage|p1a: Hercules|85/100
|-damage|p1a: Hercules|70/100
|-damage|p1a: Hercules|48/100
|-hitcount|p1a: Hercules|3
|
|upkeep
|turn|28
|
|t:|1650716095
|move|p2a: PUGI|Triple Axel|p1a: Hercules
|-damage|p1a: Hercules|39/100
|-damage|p1a: Hercules|25/100
|-damage|p1a: Hercules|1/100
|-hitcount|p1a: Hercules|3
|move|p1a: Hercules|Roost|p1a: Hercules
|-heal|p1a: Hercules|51/100
|-singleturn|p1a: Hercules|move: Roost
|
|upkeep
|turn|29
|
|t:|1650716112
|switch|p2a: EYVEL|Volcanion|94/100
|move|p1a: Hercules|Roost|p1a: Hercules
|-heal|p1a: Hercules|100/100
|-singleturn|p1a: Hercules|move: Roost
|
|upkeep
|turn|30
|
|t:|1650716125
|switch|p2a: PUGI|Weavile, F|68/100
|-ability|p2a: PUGI|Pressure
|switch|p1a: Slowking-Valar|Slowking-Galar, F|100/100
|
|upkeep
|turn|31
|
|t:|1650716133
|switch|p1a: Hercules|Buzzwole|100/100
|move|p2a: PUGI|Knock Off|p1a: Hercules
|-resisted|p1a: Hercules
|-damage|p1a: Hercules|89/100
|
|upkeep
|turn|32
|
|t:|1650716148
|switch|p2a: LEADERSHIP STARS|Landorus-Therian, M|45/100
|-ability|p2a: LEADERSHIP STARS|Intimidate|boost
|-unboost|p1a: Hercules|atk|1
|switch|p1a: Hermes|Diggersby, M|100/100
|
|-heal|p2a: LEADERSHIP STARS|51/100|[from] item: Leftovers
|upkeep
|turn|33
|
|t:|1650716157
|switch|p2a: DAGDA|Melmetal|82/100
|move|p1a: Hermes|U-turn|p2a: DAGDA
|-resisted|p2a: DAGDA
|-damage|p2a: DAGDA|69/100
|
|t:|1650716163
|switch|p1a: Hades|Marowak-Alola, M|100/100|[from]move: U-turn
|
|upkeep
|turn|34
|
|t:|1650716172
|move|p1a: Hades|Flare Blitz|p2a: DAGDA
|-supereffective|p2a: DAGDA
|-damage|p2a: DAGDA|0 fnt
|faint|p2a: DAGDA
|
|upkeep
|-message|jawabarat forfeited.
|
|win|Dallyranks
|raw|Dallyranks's rating: 1842 &rarr; <strong>1864</strong><br />(+22 for winning)
|raw|jawabarat's rating: 1873 &rarr; <strong>1851</strong><br />(-22 for losing)
|l| Cris and Kryz
