|j|☆Ruby 炎
|j|☆Pinkacross
|inactive|Battle timer is ON: inactive players will automatically lose when time's up.
|t:|1652641301
|gametype|singles
|player|p1|Ruby 炎|volo|
|player|p2|Pinkacross|artist|
|teamsize|p1|6
|teamsize|p2|6
|gen|8
|tier|[Gen 8] OU
|rated|Tournament battle
|rule|Sleep Clause Mod: Limit one foe put to sleep
|rule|Species Clause: Limit one of each Pokémon
|rule|OHKO Clause: OHKO moves are banned
|rule|Evasion Moves Clause: Evasion moves are banned
|rule|Endless Battle Clause: Forcing endless battles is banned
|rule|HP Percentage Mod: HP is shown in percentages
|rule|Dynamax Clause: You cannot dynamax
|clearpoke
|poke|p1|Regieleki|
|poke|p1|Regidrago|
|poke|p1|Zeraora|
|poke|p1|Mew|
|poke|p1|Dragapult, F|
|poke|p1|Golurk|
|poke|p2|Tyranitar, F|
|poke|p2|Excadrill, F|
|poke|p2|Dracozolt|
|poke|p2|Sandslash, F|
|poke|p2|Rhyperior, M|
|poke|p2|Quagsire, F|
|teampreview
|j| me313
|c|☆Pinkacross|hf
|c|☆Ruby 炎|u2
|j| RedDiamond1024
|j| Ayante
|j| LordXen VII
|inactive|Ruby 炎 has 120 seconds left.
|j| mrwhy124
|
|t:|1652641351
|start
|switch|p1a: Mew|Mew|100/100
|switch|p2a: Tyranitar|Tyranitar, F|100/100
|-weather|Sandstorm|[from] ability: Sand Stream|[of] p2a: Tyranitar
|turn|1
|j| Zemmour & Rick
|j|%htcl (>◡<)
|
|t:|1652641368
|switch|p2a: Sandslash|Sandslash, F|100/100
|move|p1a: Mew|Taunt|p2a: Sandslash
|-start|p2a: Sandslash|move: Taunt
|
|-weather|Sandstorm|[upkeep]
|-damage|p1a: Mew|94/100|[from] Sandstorm
|upkeep
|turn|2
|j| SmackPackt
|j| davis test
|j| gotsnsd
|
|t:|1652641387
|move|p2a: Sandslash|Knock Off|p1a: Mew
|-supereffective|p1a: Mew
|-damage|p1a: Mew|43/100
|-enditem|p1a: Mew|Ring Target|[from] move: Knock Off|[of] p2a: Sandslash
|move|p1a: Mew|Stealth Rock|p2a: Sandslash
|-sidestart|p2: Pinkacross|move: Stealth Rock
|
|-weather|Sandstorm|[upkeep]
|-damage|p1a: Mew|37/100|[from] Sandstorm
|upkeep
|turn|3
|
|t:|1652641393
|move|p2a: Sandslash|Rapid Spin|p1a: Mew
|-damage|p1a: Mew|23/100
|-boost|p2a: Sandslash|spe|1
|-sideend|p2: Pinkacross|Stealth Rock|[from] move: Rapid Spin|[of] p2a: Sandslash
|move|p1a: Mew|Explosion|p2a: Sandslash
|-damage|p2a: Sandslash|43/100
|faint|p1a: Mew
|
|-weather|Sandstorm|[upkeep]
|-end|p2a: Sandslash|move: Taunt
|upkeep
|
|t:|1652641399
|switch|p1a: Regieleki|Regieleki|100/100
|turn|4
|j| Fr3udian
|
|t:|1652641403
|move|p2a: Sandslash|Earthquake|p1a: Regieleki
|-supereffective|p1a: Regieleki
|-damage|p1a: Regieleki|0 fnt
|faint|p1a: Regieleki
|
|-weather|Sandstorm|[upkeep]
|upkeep
|c|☆Ruby 炎|o
|c|☆Ruby 炎|fuck
|c|☆Pinkacross|sand rush + spin ye
|c|☆Ruby 炎|i forgot sand was on LUL
|
|t:|1652641413
|switch|p1a: Regidrago|Regidrago|100/100
|turn|5
|c|☆Pinkacross|rippp
|l| Fr3udian
|c|☆Pinkacross|oh dang I forgot regidrago completely
|
|t:|1652641425
|move|p2a: Sandslash|Earthquake|p1a: Regidrago
|-damage|p1a: Regidrago|39/100
|move|p1a: Regidrago|Draco Meteor|p2a: Sandslash
|-damage|p2a: Sandslash|0 fnt
|-unboost|p1a: Regidrago|spa|2
|faint|p2a: Sandslash
|
|-weather|none
|upkeep
|
|t:|1652641429
|switch|p2a: Tyranitar|Tyranitar, F|100/100
|-weather|Sandstorm|[from] ability: Sand Stream|[of] p2a: Tyranitar
|turn|6
|j| heyitsjinx
|
|t:|1652641450
|move|p1a: Regidrago|Outrage|p2a: Tyranitar
|-damage|p2a: Tyranitar|53/100
|move|p2a: Tyranitar|Ice Beam|p1a: Regidrago
|-supereffective|p1a: Regidrago
|-damage|p1a: Regidrago|0 fnt
|faint|p1a: Regidrago
|
|-weather|Sandstorm|[upkeep]
|upkeep
|
|t:|1652641458
|switch|p1a: Zeraora|Zeraora|100/100
|turn|7
|
|t:|1652641468
|switch|p2a: Rhyperior|Rhyperior, M|100/100
|move|p1a: Zeraora|Close Combat|p2a: Rhyperior
|-supereffective|p2a: Rhyperior
|-damage|p2a: Rhyperior|43/100
|-unboost|p1a: Zeraora|def|1
|-unboost|p1a: Zeraora|spd|1
|
|-weather|Sandstorm|[upkeep]
|-damage|p1a: Zeraora|95/100|[from] Sandstorm
|upkeep
|turn|8
|
|t:|1652641473
|move|p1a: Zeraora|Close Combat|p2a: Rhyperior
|-supereffective|p2a: Rhyperior
|-damage|p2a: Rhyperior|0 fnt
|-unboost|p1a: Zeraora|def|1
|-unboost|p1a: Zeraora|spd|1
|faint|p2a: Rhyperior
|
|-weather|Sandstorm|[upkeep]
|-damage|p1a: Zeraora|89/100|[from] Sandstorm
|upkeep
|
|t:|1652641477
|switch|p2a: Excadrill|Excadrill, F|100/100
|turn|9
|
|t:|1652641503
|switch|p1a: Dragapult|Dragapult, F|100/100
|move|p2a: Excadrill|Earthquake|p1a: Dragapult
|-damage|p1a: Dragapult|24/100
|
|-weather|Sandstorm|[upkeep]
|-damage|p1a: Dragapult|18/100|[from] Sandstorm
|upkeep
|turn|10
|
|t:|1652641508
|move|p2a: Excadrill|Earthquake|p1a: Dragapult
|-damage|p1a: Dragapult|0 fnt
|faint|p1a: Dragapult
|
|-weather|none
|upkeep
|
|t:|1652641520
|switch|p1a: Zeraora|Zeraora|89/100
|turn|11
|
|t:|1652641527
|switch|p2a: Tyranitar|Tyranitar, F|53/100
|-weather|Sandstorm|[from] ability: Sand Stream|[of] p2a: Tyranitar
|move|p1a: Zeraora|Volt Switch|p2a: Tyranitar
|-damage|p2a: Tyranitar|44/100
|
|t:|1652641529
|switch|p1a: Golurk|Golurk|100/100|[from]move: Volt Switch
|
|-weather|Sandstorm|[upkeep]
|upkeep
|turn|12
|
|t:|1652641537
|switch|p2a: Quagsire|Quagsire, F|100/100
|move|p1a: Golurk|Rock Polish|p1a: Golurk
|-boost|p1a: Golurk|spe|2
|
|-weather|Sandstorm|[upkeep]
|upkeep
|turn|13
|
|t:|1652641551
|move|p1a: Golurk|Earthquake|p2a: Quagsire
|-damage|p2a: Quagsire|61/100
|move|p2a: Quagsire|Scald|p1a: Golurk
|-supereffective|p1a: Golurk
|-damage|p1a: Golurk|58/100
|
|-weather|Sandstorm|[upkeep]
|upkeep
|turn|14
|
|t:|1652641560
|move|p1a: Golurk|Poltergeist|p2a: Quagsire
|-activate|p2a: Quagsire|move: Poltergeist|Ring Target
|-damage|p2a: Quagsire|16/100
|move|p2a: Quagsire|Scald|p1a: Golurk
|-supereffective|p1a: Golurk
|-damage|p1a: Golurk|15/100
|-status|p1a: Golurk|brn
|
|-weather|Sandstorm|[upkeep]
|-damage|p1a: Golurk|9/100 brn|[from] brn
|upkeep
|turn|15
|l| mrwhy124
|
|t:|1652641569
|move|p1a: Golurk|Earthquake|p2a: Quagsire
|-damage|p2a: Quagsire|0 fnt
|faint|p2a: Quagsire
|
|-weather|none
|-damage|p1a: Golurk|3/100 brn|[from] brn
|upkeep
|
|t:|1652641575
|switch|p2a: Tyranitar|Tyranitar, F|44/100
|-weather|Sandstorm|[from] ability: Sand Stream|[of] p2a: Tyranitar
|turn|16
|
|t:|1652641578
|switch|p2a: Dracozolt|Dracozolt|100/100
|move|p1a: Golurk|Earthquake|p2a: Dracozolt
|-supereffective|p2a: Dracozolt
|-damage|p2a: Dracozolt|38/100
|
|-weather|Sandstorm|[upkeep]
|-damage|p1a: Golurk|0 fnt|[from] brn
|faint|p1a: Golurk
|upkeep
|
|t:|1652641581
|switch|p1a: Zeraora|Zeraora|89/100
|turn|17
|c|☆Ruby 炎|GG
|c|☆Pinkacross|gg
|
|t:|1652641587
|move|p2a: Dracozolt|Earthquake|p1a: Zeraora
|-supereffective|p1a: Zeraora
|-damage|p1a: Zeraora|0 fnt
|faint|p1a: Zeraora
|
|win|Pinkacross
|n|☆Ruby 炎|ruby
|n|☆Pinkacross|pinkacross
|n| me313|me313
|n| RedDiamond1024|reddiamond1024
|n| Ayante|ayante
|n| LordXen VII|lordxenvii
|n| Zemmour & Rick|zemmourrick
|n| htcl (>◡<)|htcl
|n| SmackPackt|smackpackt
|n| davis test|davistest
|n| gotsnsd|gotsnsd
|n| heyitsjinx|heyitsjinx
