|j|☆playstation games
|j|☆Gotmyvanson
|player|p1|playstation games|winona-gen3|1652
|player|p2|Gotmyvanson|169|1626
|teamsize|p1|6
|teamsize|p2|6
|gametype|singles
|gen|8
|tier|[Gen 8] OU
|rated|
|clearpoke
|poke|p1|Ditto|
|poke|p1|Rotom-Wash|
|poke|p1|Clefable, F|
|poke|p1|Ferrothorn, M|
|poke|p1|Rhyperior, M|
|poke|p1|Mandibuzz, F|
|poke|p2|Dragapult, M|
|poke|p2|Clefable, M|
|poke|p2|Mew|
|poke|p2|Kommo-o, F|
|poke|p2|Bisharp, M|
|poke|p2|Cloyster, M|
|rule|Sleep Clause Mod: Limit one foe put to sleep
|rule|Species Clause: Limit one of each Pokémon
|rule|OHKO Clause: OHKO moves are banned
|rule|Evasion Moves Clause: Evasion moves are banned
|rule|Endless Battle Clause: Forcing endless battles is banned
|rule|HP Percentage Mod: HP is shown in percentages
|rule|Dynamax Clause: You cannot dynamax
|teampreview
|
|start
|switch|p1a: Mandibuzz|Mandibuzz, F, shiny|100/100
|switch|p2a: Mew|Mew|100/100
|turn|1
|
|move|p2a: Mew|Taunt|p1a: Mandibuzz
|-start|p1a: Mandibuzz|move: Taunt
|move|p1a: Mandibuzz|Knock Off|p2a: Mew
|-supereffective|p2a: Mew
|-damage|p2a: Mew|60/100
|-enditem|p2a: Mew|Red Card|[from] move: Knock Off|[of] p1a: Mandibuzz
|
|upkeep
|turn|2
|
|move|p2a: Mew|Stealth Rock|p1a: Mandibuzz
|-sidestart|p1: playstation games|move: Stealth Rock
|move|p1a: Mandibuzz|Knock Off|p2a: Mew
|-supereffective|p2a: Mew
|-damage|p2a: Mew|33/100
|
|upkeep
|turn|3
|
|move|p2a: Mew|U-turn|p1a: Mandibuzz
|-damage|p1a: Mandibuzz|91/100
|inactive|Battle timer is ON: inactive players will automatically lose when time's up. (requested by playstation games)
|
|switch|p2a: Clefable|Clefable, M|100/100|[from]move: U-turn
|move|p1a: Mandibuzz|Foul Play|p2a: Clefable
|-resisted|p2a: Clefable
|-damage|p2a: Clefable|90/100
|
|-end|p1a: Mandibuzz|move: Taunt
|upkeep
|turn|4
|
|move|p1a: Mandibuzz|Knock Off|p2a: Clefable
|-resisted|p2a: Clefable
|-damage|p2a: Clefable|77/100
|-enditem|p2a: Clefable|Life Orb|[from] move: Knock Off|[of] p1a: Mandibuzz
|move|p2a: Clefable|Moonblast|p1a: Mandibuzz
|-supereffective|p1a: Mandibuzz
|-damage|p1a: Mandibuzz|19/100
|
|upkeep
|turn|5
|
|switch|p1a: Clefable|Clefable, F|100/100
|move|p2a: Clefable|Moonblast|p1a: Clefable
|-damage|p1a: Clefable|72/100
|
|-heal|p1a: Clefable|79/100|[from] item: Leftovers
|upkeep
|turn|6
|
|switch|p2a: Mew|Mew|33/100
|move|p1a: Clefable|Wish|p1a: Clefable
|
|-heal|p1a: Clefable|85/100|[from] item: Leftovers
|upkeep
|turn|7
|
|switch|p1a: Mandibuzz|Mandibuzz, F, shiny|19/100
|move|p2a: Mew|Taunt|p1a: Mandibuzz
|-start|p1a: Mandibuzz|move: Taunt
|
|-heal|p1a: Mandibuzz|65/100|[from] move: Wish|[wisher] Clefable
|upkeep
|turn|8
|
|move|p2a: Mew|Spikes|p1a: Mandibuzz
|-sidestart|p1: playstation games|Spikes
|move|p1a: Mandibuzz|Knock Off|p2a: Mew
|-supereffective|p2a: Mew
|-damage|p2a: Mew|6/100
|
|upkeep
|turn|9
|
|move|p2a: Mew|Spikes|p1a: Mandibuzz
|-sidestart|p1: playstation games|Spikes
|move|p1a: Mandibuzz|Knock Off|p2a: Mew
|-supereffective|p2a: Mew
|-damage|p2a: Mew|0 fnt
|faint|p2a: Mew
|
|-end|p1a: Mandibuzz|move: Taunt
|upkeep
|
|switch|p2a: Clefable|Clefable, M|77/100
|turn|10
|
|move|p1a: Mandibuzz|Defog|p2a: Clefable
|-unboost|p2a: Clefable|evasion|1
|-sideend|p1: playstation games|Spikes|[from] move: Defog|[of] p1a: Mandibuzz
|-sideend|p1: playstation games|Stealth Rock|[from] move: Defog|[of] p1a: Mandibuzz
|move|p2a: Clefable|Moonblast|p1a: Mandibuzz
|-supereffective|p1a: Mandibuzz
|-damage|p1a: Mandibuzz|4/100
|
|upkeep
|turn|11
|
|switch|p1a: Clefable|Clefable, F|85/100
|move|p2a: Clefable|Flamethrower|p1a: Clefable
|-crit|p1a: Clefable
|-damage|p1a: Clefable|56/100
|
|-heal|p1a: Clefable|62/100|[from] item: Leftovers
|upkeep
|turn|12
|
|move|p2a: Clefable|Moonblast|p1a: Clefable
|-damage|p1a: Clefable|29/100
|-unboost|p1a: Clefable|spa|1
|move|p1a: Clefable|Wish|p1a: Clefable
|
|-heal|p1a: Clefable|35/100|[from] item: Leftovers
|upkeep
|turn|13
|
|switch|p2a: Bisharp|Bisharp, M|100/100
|move|p1a: Clefable|Moonblast|p2a: Bisharp
|-damage|p2a: Bisharp|66/100
|-unboost|p2a: Bisharp|spa|1
|-ability|p2a: Bisharp|Defiant
|-boost|p2a: Bisharp|atk|2
|
|-heal|p1a: Clefable|85/100|[from] move: Wish|[wisher] Clefable
|-heal|p1a: Clefable|92/100|[from] item: Leftovers
|upkeep
|turn|14
|
|switch|p1a: Mandibuzz|Mandibuzz, F, shiny|4/100
|move|p2a: Bisharp|Iron Head|p1a: Mandibuzz
|-damage|p1a: Mandibuzz|0 fnt
|faint|p1a: Mandibuzz
|
|upkeep
|
|switch|p1a: Ditto|Ditto|100/100
|-transform|p1a: Ditto|p2a: Bisharp|[from] ability: Imposter
|turn|15
|
|move|p2a: Bisharp|Sucker Punch|p1a: Ditto
|-resisted|p1a: Ditto
|-damage|p1a: Ditto|49/100
|move|p1a: Ditto|Iron Head|p2a: Bisharp
|-resisted|p2a: Bisharp
|-damage|p2a: Bisharp|8/100
|
|upkeep
|turn|16
|
|switch|p1a: Ferrothorn|Ferrothorn, M|100/100
|move|p2a: Bisharp|Sucker Punch||[still]
|-fail|p2a: Bisharp
|
|upkeep
|turn|17
|
|move|p2a: Bisharp|Throat Chop|p1a: Ferrothorn
|-damage|p1a: Ferrothorn|39/100
|-damage|p2a: Bisharp|0 fnt|[from] ability: Iron Barbs|[of] p1a: Ferrothorn
|-start|p1a: Ferrothorn|Throat Chop|[silent]
|faint|p2a: Bisharp
|move|p1a: Ferrothorn|Spikes|p2: Bisharp
|-sidestart|p2: Gotmyvanson|Spikes
|
|-heal|p1a: Ferrothorn|45/100|[from] item: Leftovers
|upkeep
|
|switch|p2a: Clefable|Clefable, M|77/100
|turn|18
|
|switch|p1a: Clefable|Clefable, F|92/100
|move|p2a: Clefable|Flamethrower|p1a: Clefable
|-damage|p1a: Clefable|71/100
|-status|p1a: Clefable|brn
|
|-heal|p1a: Clefable|78/100 brn|[from] item: Leftovers
|upkeep
|turn|19
|
|move|p2a: Clefable|Moonblast|p1a: Clefable
|-damage|p1a: Clefable|45/100 brn
|-unboost|p1a: Clefable|spa|1
|move|p1a: Clefable|Wish|p1a: Clefable
|
|-heal|p1a: Clefable|51/100 brn|[from] item: Leftovers
|upkeep
|turn|20
|
|move|p2a: Clefable|Moonblast|p1a: Clefable
|-crit|p1a: Clefable
|-damage|p1a: Clefable|9/100 brn
|move|p1a: Clefable|Moonblast|p2a: Clefable
|-damage|p2a: Clefable|56/100
|
|-heal|p1a: Clefable|59/100 brn|[from] move: Wish|[wisher] Clefable
|-heal|p1a: Clefable|65/100 brn|[from] item: Leftovers
|upkeep
|turn|21
|
|move|p2a: Clefable|Moonblast|p1a: Clefable
|-damage|p1a: Clefable|34/100 brn
|move|p1a: Clefable|Wish|p1a: Clefable
|
|-heal|p1a: Clefable|40/100 brn|[from] item: Leftovers
|upkeep
|turn|22
|
|move|p1a: Clefable|Protect|p1a: Clefable
|-singleturn|p1a: Clefable|Protect
|move|p2a: Clefable|Moonlight|p2a: Clefable
|-heal|p2a: Clefable|100/100
|
|-heal|p1a: Clefable|90/100 brn|[from] move: Wish|[wisher] Clefable
|-heal|p1a: Clefable|97/100 brn|[from] item: Leftovers
|upkeep
|turn|23
|
|move|p2a: Clefable|Moonblast|p1a: Clefable
|-damage|p1a: Clefable|64/100 brn
|-unboost|p1a: Clefable|spa|1
|move|p1a: Clefable|Wish|p1a: Clefable
|
|-heal|p1a: Clefable|71/100 brn|[from] item: Leftovers
|upkeep
|turn|24
|
|move|p2a: Clefable|Moonblast|p1a: Clefable
|-damage|p1a: Clefable|40/100 brn
|-unboost|p1a: Clefable|spa|1
|move|p1a: Clefable|Moonblast|p2a: Clefable
|-damage|p2a: Clefable|87/100
|
|-heal|p1a: Clefable|90/100 brn|[from] move: Wish|[wisher] Clefable
|-heal|p1a: Clefable|96/100 brn|[from] item: Leftovers
|upkeep
|turn|25
|
|switch|p2a: Kommo-o|Kommo-o, F|100/100
|-damage|p2a: Kommo-o|88/100|[from] Spikes
|move|p1a: Clefable|Wish|p1a: Clefable
|
|-heal|p1a: Clefable|100/100 brn|[from] item: Leftovers
|upkeep
|turn|26
|
|move|p2a: Kommo-o|Clangorous Soul|p2a: Kommo-o
|-boost|p2a: Kommo-o|atk|1
|-boost|p2a: Kommo-o|def|1
|-boost|p2a: Kommo-o|spa|1
|-boost|p2a: Kommo-o|spd|1
|-boost|p2a: Kommo-o|spe|1
|-damage|p2a: Kommo-o|55/100
|-enditem|p2a: Kommo-o|Throat Spray
|-boost|p2a: Kommo-o|spa|1|[from] item: Throat Spray
|move|p1a: Clefable|Moonblast|p2a: Kommo-o
|-supereffective|p2a: Kommo-o
|-damage|p2a: Kommo-o|18/100
|
|upkeep
|turn|27
|
|switch|p1a: Ferrothorn|Ferrothorn, M|45/100
|move|p2a: Kommo-o|Flash Cannon|p1a: Ferrothorn
|-resisted|p1a: Ferrothorn
|-damage|p1a: Ferrothorn|26/100
|
|-heal|p1a: Ferrothorn|33/100|[from] item: Leftovers
|upkeep
|turn|28
|
|move|p2a: Kommo-o|Aura Sphere|p1a: Ferrothorn
|-supereffective|p1a: Ferrothorn
|-damage|p1a: Ferrothorn|0 fnt
|faint|p1a: Ferrothorn
|
|upkeep
|
|switch|p1a: Ditto|Ditto|49/100
|-transform|p1a: Ditto|p2a: Kommo-o|[from] ability: Imposter
|turn|29
|
|move|p1a: Ditto|Flash Cannon|p2a: Kommo-o
|-damage|p2a: Kommo-o|0 fnt
|faint|p2a: Kommo-o
|
|upkeep
|
|switch|p2a: Cloyster|Cloyster, M|100/100
|-damage|p2a: Cloyster|88/100|[from] Spikes
|turn|30
|
|move|p1a: Ditto|Flash Cannon|p2a: Cloyster
|-damage|p2a: Cloyster|0 fnt
|faint|p2a: Cloyster
|
|upkeep
|-message|Gotmyvanson forfeited.
|
|win|playstation games
|l|☆Gotmyvanson
|raw|playstation games's rating: 1652 &rarr; <strong>1671</strong><br />(+19 for winning)
|raw|Gotmyvanson's rating: 1627 &rarr; <strong>1608</strong><br />(-19 for losing)
