|j|☆Makuryu
|j|‽oof_oofington2
|t:|1658351112
|gametype|singles
|player|p1|Makuryu|koga|1782
|player|p2|oof_oofington2|dancer|1771
|teamsize|p1|6
|teamsize|p2|6
|gen|8
|tier|[Gen 8] OU
|rated|
|rule|Sleep Clause Mod: Limit one foe put to sleep
|rule|Species Clause: Limit one of each Pokémon
|rule|OHKO Clause: OHKO moves are banned
|rule|Evasion Moves Clause: Evasion moves are banned
|rule|Endless Battle Clause: Forcing endless battles is banned
|rule|HP Percentage Mod: HP is shown in percentages
|rule|Dynamax Clause: You cannot dynamax
|clearpoke
|poke|p1|Landorus-Therian, M|
|poke|p1|Tapu Lele|
|poke|p1|Magnezone|
|poke|p1|Kartana|
|poke|p1|Dragonite, M|
|poke|p1|Weavile, F|
|poke|p2|Pelipper, F|
|poke|p2|Ferrothorn, M|
|poke|p2|Urshifu-*, M|
|poke|p2|Kingdra, F|
|poke|p2|Garchomp, F|
|poke|p2|Zapdos|
|teampreview
|j| gvhgiugi
|j| p74
|
|t:|1658351163
|start
|switch|p1a: Tapu Lele|Tapu Lele|100/100
|switch|p2a: Pelipper|Pelipper, F|100/100
|-fieldstart|move: Psychic Terrain|[from] ability: Psychic Surge|[of] p1a: Tapu Lele
|-weather|RainDance|[from] ability: Drizzle|[of] p2a: Pelipper
|turn|1
|inactive|Battle timer is ON: inactive players will automatically lose when time's up. (requested by Makuryu)
|
|t:|1658351170
|switch|p2a: Ferrothorn|Ferrothorn, M|100/100
|move|p1a: Tapu Lele|Moonblast|p2a: Ferrothorn
|-resisted|p2a: Ferrothorn
|-damage|p2a: Ferrothorn|74/100
|-unboost|p2a: Ferrothorn|spa|1
|
|-weather|RainDance|[upkeep]
|-heal|p2a: Ferrothorn|80/100|[from] item: Leftovers
|upkeep
|turn|2
|
|t:|1658351178
|switch|p1a: Magnezone|Magnezone|100/100
|move|p2a: Ferrothorn|Spikes|p1a: Magnezone
|-sidestart|p1: Makuryu|Spikes
|
|-weather|RainDance|[upkeep]
|-heal|p2a: Ferrothorn|87/100|[from] item: Leftovers
|upkeep
|turn|3
|
|t:|1658351185
|move|p1a: Magnezone|Iron Defense|p1a: Magnezone
|-boost|p1a: Magnezone|def|2
|move|p2a: Ferrothorn|Spikes|p1a: Magnezone
|-sidestart|p1: Makuryu|Spikes
|
|-weather|RainDance|[upkeep]
|-heal|p2a: Ferrothorn|93/100|[from] item: Leftovers
|upkeep
|turn|4
|
|t:|1658351190
|move|p1a: Magnezone|Iron Defense|p1a: Magnezone
|-boost|p1a: Magnezone|def|2
|move|p2a: Ferrothorn|Spikes|p1a: Magnezone
|-sidestart|p1: Makuryu|Spikes
|
|-weather|RainDance|[upkeep]
|-heal|p2a: Ferrothorn|99/100|[from] item: Leftovers
|upkeep
|turn|5
|
|t:|1658351197
|move|p1a: Magnezone|Body Press|p2a: Ferrothorn
|-supereffective|p2a: Ferrothorn
|-damage|p2a: Ferrothorn|0 fnt
|-damage|p1a: Magnezone|88/100|[from] ability: Iron Barbs|[of] p2a: Ferrothorn
|faint|p2a: Ferrothorn
|
|-weather|RainDance|[upkeep]
|-fieldend|move: Psychic Terrain
|upkeep
|
|t:|1658351199
|switch|p2a: Kingdra|Kingdra, F|100/100
|turn|6
|j| animekingreal
|
|t:|1658351214
|move|p2a: Kingdra|Surf|p1a: Magnezone
|-damage|p1a: Magnezone|0 fnt
|faint|p1a: Magnezone
|
|-weather|RainDance|[upkeep]
|upkeep
|
|t:|1658351225
|switch|p1a: Dragonite|Dragonite, M|100/100
|turn|7
|inactive|Makuryu has 120 seconds left.
|
|t:|1658351253
|switch|p2a: Zapdos|Zapdos, shiny|100/100
|move|p1a: Dragonite|Dragon Dance|p1a: Dragonite
|-boost|p1a: Dragonite|atk|1
|-boost|p1a: Dragonite|spe|1
|
|-weather|RainDance|[upkeep]
|upkeep
|turn|8
|inactive|Makuryu has 120 seconds left.
|j| ID Uc207Pr4f57t9
|inactive|Makuryu has 90 seconds left.
|j| Eyyk
|
|t:|1658351308
|move|p1a: Dragonite|Dragon Dance|p1a: Dragonite
|-boost|p1a: Dragonite|atk|1
|-boost|p1a: Dragonite|spe|1
|move|p2a: Zapdos|Thunder|p1a: Dragonite
|-damage|p1a: Dragonite|73/100
|
|-weather|none
|upkeep
|turn|9
|j| ChristianBeThatGuy
|
|t:|1658351319
|move|p1a: Dragonite|Dragon Dance|p1a: Dragonite
|-boost|p1a: Dragonite|atk|1
|-boost|p1a: Dragonite|spe|1
|move|p2a: Zapdos|Thunder|p1a: Dragonite
|-damage|p1a: Dragonite|15/100
|
|upkeep
|turn|10
|
|t:|1658351326
|move|p1a: Dragonite|Ice Punch|p2a: Zapdos
|-supereffective|p2a: Zapdos
|-damage|p2a: Zapdos|0 fnt
|faint|p2a: Zapdos
|
|upkeep
|
|t:|1658351330
|switch|p2a: Pelipper|Pelipper, F|100/100
|-weather|RainDance|[from] ability: Drizzle|[of] p2a: Pelipper
|turn|11
|
|t:|1658351335
|move|p1a: Dragonite|Dual Wingbeat|p2a: Pelipper
|-damage|p2a: Pelipper|59/100
|-damage|p2a: Pelipper|16/100
|-hitcount|p2a: Pelipper|2
|move|p2a: Pelipper|Hurricane|p1a: Dragonite
|-damage|p1a: Dragonite|0 fnt
|faint|p1a: Dragonite
|
|-weather|RainDance|[upkeep]
|upkeep
|j| xBeen0
|inactive|Makuryu has 90 seconds left.
|l| xBeen0
|
|t:|1658351353
|switch|p1a: Weavile|Weavile, F|100/100
|-ability|p1a: Weavile|Pressure
|turn|12
|
|t:|1658351357
|move|p1a: Weavile|Knock Off|p2a: Pelipper
|-damage|p2a: Pelipper|0 fnt
|-enditem|p2a: Pelipper|Damp Rock|[from] move: Knock Off|[of] p1a: Weavile
|faint|p2a: Pelipper
|
|-weather|RainDance|[upkeep]
|upkeep
|
|t:|1658351359
|switch|p2a: Kingdra|Kingdra, F|100/100
|turn|13
|
|t:|1658351368
|move|p1a: Weavile|Ice Shard|p2a: Kingdra
|-damage|p2a: Kingdra|75/100
|move|p2a: Kingdra|Surf|p1a: Weavile
|-damage|p1a: Weavile|0 fnt
|faint|p1a: Weavile
|
|-weather|RainDance|[upkeep]
|upkeep
|inactive|Makuryu has 90 seconds left.
|
|t:|1658351411
|switch|p1a: Kartana|Kartana|100/100
|-damage|p1a: Kartana|76/100|[from] Spikes
|turn|14
|j| omundoaonorte
|
|t:|1658351414
|move|p2a: Kingdra|Surf|p1a: Kartana
|-resisted|p1a: Kartana
|-damage|p1a: Kartana|0 fnt
|faint|p1a: Kartana
|
|-weather|RainDance|[upkeep]
|upkeep
|l| gvhgiugi
|
|t:|1658351419
|switch|p1a: Tapu Lele|Tapu Lele|100/100
|-damage|p1a: Tapu Lele|76/100|[from] Spikes
|-fieldstart|move: Psychic Terrain|[from] ability: Psychic Surge|[of] p1a: Tapu Lele
|turn|15
|
|t:|1658351423
|move|p2a: Kingdra|Surf|p1a: Tapu Lele
|-damage|p1a: Tapu Lele|0 fnt
|faint|p1a: Tapu Lele
|
|-weather|RainDance|[upkeep]
|upkeep
|l| ID Uc207Pr4f57t9
|-message|Makuryu forfeited.
|
|win|oof_oofington2
|raw|Makuryu's rating: 1782 &rarr; <strong>1761</strong><br />(-21 for losing)
|raw|oof_oofington2's rating: 1771 &rarr; <strong>1792</strong><br />(+21 for winning)
|l|☆Makuryu
|l| Eyyk
|l| p74
|l| animekingreal
||Ladder isn't responding, score probably updated but might not have (Request timeout).
