|j|☆lt91bb xxtarlit
|j|☆PedroGreg
|t:|1659638235
|gametype|singles
|player|p1|lt91bb xxtarlit|cynthia-masters|1583
|player|p2|PedroGreg|#wcop2022brazil|1758
|teamsize|p1|6
|teamsize|p2|6
|gen|8
|tier|[Gen 8] OU
|rated|
|rule|Sleep Clause Mod: Limit one foe put to sleep
|rule|Species Clause: Limit one of each Pokémon
|rule|OHKO Clause: OHKO moves are banned
|rule|Evasion Items Clause: Evasion items are banned
|rule|Evasion Moves Clause: Evasion moves are banned
|rule|Endless Battle Clause: Forcing endless battles is banned
|rule|HP Percentage Mod: HP is shown in percentages
|rule|Dynamax Clause: You cannot dynamax
|clearpoke
|poke|p1|Tornadus-Therian, M|
|poke|p1|Rotom-Wash|
|poke|p1|Clefable, M|
|poke|p1|Heatran, M|
|poke|p1|Nidoking, M|
|poke|p1|Buzzwole|
|poke|p2|Dragapult, F|
|poke|p2|Landorus-Therian, M|
|poke|p2|Tornadus-Therian, M|
|poke|p2|Urshifu-*, F|
|poke|p2|Blacephalon|
|poke|p2|Heatran, M|
|teampreview
|inactive|Battle timer is ON: inactive players will automatically lose when time's up. (requested by PedroGreg)
|
|t:|1659638256
|start
|switch|p1a: Rotom|Rotom-Wash|100/100
|switch|p2a: Tornadus|Tornadus-Therian, M|100/100
|turn|1
|
|t:|1659638260
|move|p2a: Tornadus|Knock Off|p1a: Rotom
|-damage|p1a: Rotom|80/100
|-enditem|p1a: Rotom|Leftovers|[from] move: Knock Off|[of] p2a: Tornadus
|move|p1a: Rotom|Thunder Wave|p2a: Tornadus
|-status|p2a: Tornadus|par
|
|upkeep
|turn|2
|j| isabela000◥▶_◀◤
|
|t:|1659638265
|move|p1a: Rotom|Volt Switch|p2a: Tornadus
|-supereffective|p2a: Tornadus
|-damage|p2a: Tornadus|52/100 par
|
|t:|1659638267
|switch|p1a: Heatran|Heatran, M|100/100|[from]move: Volt Switch
|move|p2a: Tornadus|U-turn|p1a: Heatran
|-resisted|p1a: Heatran
|-damage|p1a: Heatran|98/100
|
|t:|1659638277
|switch|p2a: Landorus|Landorus-Therian, M|100/100|[from]move: U-turn
|-ability|p2a: Landorus|Intimidate|boost
|-unboost|p1a: Heatran|atk|1
|
|-heal|p1a: Heatran|100/100|[from] item: Leftovers
|upkeep
|turn|3
|
|t:|1659638280
|switch|p1a: Rotom|Rotom-Wash|80/100
|move|p2a: Landorus|Stealth Rock|p1a: Rotom
|-sidestart|p1: lt91bb xxtarlit|move: Stealth Rock
|
|upkeep
|turn|4
|
|t:|1659638284
|move|p1a: Rotom|Defog|p2a: Landorus
|-unboost|p2a: Landorus|evasion|1
|-sideend|p1: lt91bb xxtarlit|Stealth Rock|[from] move: Defog|[of] p1a: Rotom
|move|p2a: Landorus|U-turn|p1a: Rotom
|-damage|p1a: Rotom|58/100
|
|t:|1659638288
|switch|p2a: Blacephalon|Blacephalon|100/100|[from]move: U-turn
|
|upkeep
|turn|5
|
|t:|1659638291
|switch|p1a: Heatran|Heatran, M|100/100
|move|p2a: Blacephalon|Shadow Ball|p1a: Heatran
|-damage|p1a: Heatran|57/100
|
|-heal|p1a: Heatran|64/100|[from] item: Leftovers
|upkeep
|turn|6
|
|t:|1659638298
|move|p2a: Blacephalon|Shadow Ball|p1a: Heatran
|-damage|p1a: Heatran|15/100
|move|p1a: Heatran|Toxic|p2a: Blacephalon
|-status|p2a: Blacephalon|tox
|
|-heal|p1a: Heatran|21/100|[from] item: Leftovers
|-damage|p2a: Blacephalon|94/100 tox|[from] psn
|upkeep
|turn|7
|
|t:|1659638305
|switch|p2a: Landorus|Landorus-Therian, M|100/100
|-ability|p2a: Landorus|Intimidate|boost
|-unboost|p1a: Heatran|atk|1
|move|p1a: Heatran|Protect||[still]
|-fail|p1a: Heatran
|
|-heal|p1a: Heatran|28/100|[from] item: Leftovers
|upkeep
|turn|8
|
|t:|1659638309
|switch|p1a: Rotom|Rotom-Wash|58/100
|move|p2a: Landorus|Stealth Rock|p1a: Rotom
|-sidestart|p1: lt91bb xxtarlit|move: Stealth Rock
|
|upkeep
|turn|9
|
|t:|1659638311
|move|p1a: Rotom|Hydro Pump|p2a: Landorus
|-supereffective|p2a: Landorus
|-damage|p2a: Landorus|19/100
|move|p2a: Landorus|Toxic|p1a: Rotom
|-status|p1a: Rotom|tox
|
|-damage|p1a: Rotom|52/100 tox|[from] psn
|upkeep
|turn|10
|
|t:|1659638315
|move|p1a: Rotom|Defog|p2a: Landorus
|-unboost|p2a: Landorus|evasion|1
|-sideend|p1: lt91bb xxtarlit|Stealth Rock|[from] move: Defog|[of] p1a: Rotom
|move|p2a: Landorus|U-turn|p1a: Rotom
|-damage|p1a: Rotom|30/100 tox
|
|t:|1659638320
|switch|p2a: Dragapult|Dragapult, F|100/100|[from]move: U-turn
|
|-damage|p1a: Rotom|18/100 tox|[from] psn
|upkeep
|turn|11
|
|t:|1659638323
|switch|p1a: Tornadus|Tornadus-Therian, M|100/100
|move|p2a: Dragapult|U-turn|p1a: Tornadus
|-resisted|p1a: Tornadus
|-damage|p1a: Tornadus|81/100
|
|t:|1659638328
|switch|p2a: Heatran|Heatran, M|100/100|[from]move: U-turn
|
|upkeep
|turn|12
|
|t:|1659638334
|move|p1a: Tornadus|Knock Off|p2a: Heatran
|-damage|p2a: Heatran|85/100
|-enditem|p2a: Heatran|Leftovers|[from] move: Knock Off|[of] p1a: Tornadus
|move|p2a: Heatran|Magma Storm|p1a: Tornadus
|-damage|p1a: Tornadus|50/100
|-activate|p1a: Tornadus|move: Magma Storm|[of] p2a: Heatran
|
|-damage|p1a: Tornadus|37/100|[from] move: Magma Storm|[partiallytrapped]
|upkeep
|turn|13
|
|t:|1659638337
|move|p2a: Heatran|Protect|p2a: Heatran
|-singleturn|p2a: Heatran|Protect
|move|p1a: Tornadus|U-turn|p2a: Heatran
|-activate|p2a: Heatran|move: Protect
|
|-damage|p1a: Tornadus|25/100|[from] move: Magma Storm|[partiallytrapped]
|upkeep
|turn|14
|
|t:|1659638341
|move|p1a: Tornadus|U-turn|p2a: Heatran
|-resisted|p2a: Heatran
|-damage|p2a: Heatran|82/100
|
|t:|1659638342
|switch|p1a: Rotom|Rotom-Wash|18/100 tox|[from]move: U-turn
|move|p2a: Heatran|Magma Storm|p1a: Rotom
|-resisted|p1a: Rotom
|-damage|p1a: Rotom|0 fnt
|faint|p1a: Rotom
|
|upkeep
|
|t:|1659638344
|switch|p1a: Nidoking|Nidoking, M|100/100
|turn|15
|
|t:|1659638350
|switch|p2a: Landorus|Landorus-Therian, M|19/100
|-ability|p2a: Landorus|Intimidate|boost
|-unboost|p1a: Nidoking|atk|1
|move|p1a: Nidoking|Earth Power|p2a: Landorus
|-immune|p2a: Landorus
|
|upkeep
|turn|16
|
|t:|1659638354
|switch|p2a: Urshifu|Urshifu-Rapid-Strike, F|100/100
|move|p1a: Nidoking|Ice Beam|p2a: Urshifu
|-resisted|p2a: Urshifu
|-damage|p2a: Urshifu|71/100
|
|upkeep
|turn|17
|
|t:|1659638361
|switch|p1a: Buzzwole|Buzzwole|100/100
|move|p2a: Urshifu|U-turn|p1a: Buzzwole
|-resisted|p1a: Buzzwole
|-damage|p1a: Buzzwole|94/100
|
|t:|1659638364
|switch|p2a: Blacephalon|Blacephalon|94/100 tox|[from]move: U-turn
|
|-damage|p2a: Blacephalon|88/100 tox|[from] psn
|upkeep
|turn|18
|
|t:|1659638369
|switch|p1a: Heatran|Heatran, M|28/100
|move|p2a: Blacephalon|Mind Blown|p1a: Heatran
|-start|p1a: Heatran|ability: Flash Fire
|-damage|p2a: Blacephalon|38/100 tox|[from] mindblown
|
|-heal|p1a: Heatran|34/100|[from] item: Leftovers
|-damage|p2a: Blacephalon|26/100 tox|[from] psn
|upkeep
|turn|19
|-message|PedroGreg forfeited.
|
|win|lt91bb xxtarlit
|raw|lt91bb xxtarlit's rating: 1583 &rarr; <strong>1612</strong><br />(+29 for winning)
|raw|PedroGreg's rating: 1758 &rarr; <strong>1729</strong><br />(-29 for losing)
|l|☆PedroGreg
|l| isabela000◥▶_◀◤
|l|☆lt91bb xxtarlit
||Ladder isn't responding, score probably updated but might not have (Request timeout).
|j| lt92pf dxm
