|j|☆icebeamprodigy
|j|☆early_human
|t:|1655834700
|gametype|singles
|player|p1|icebeamprodigy|169|1833
|player|p2|early_human|dancer|1873
|teamsize|p1|6
|teamsize|p2|6
|gen|8
|tier|[Gen 8] OU
|rated|
|rule|Sleep Clause Mod: Limit one foe put to sleep
|rule|Species Clause: Limit one of each Pokémon
|rule|OHKO Clause: OHKO moves are banned
|rule|Evasion Moves Clause: Evasion moves are banned
|rule|Endless Battle Clause: Forcing endless battles is banned
|rule|HP Percentage Mod: HP is shown in percentages
|rule|Dynamax Clause: You cannot dynamax
|clearpoke
|poke|p1|Landorus-Therian, M|
|poke|p1|Rotom-Wash|
|poke|p1|Corviknight, F|
|poke|p1|Diggersby, M|
|poke|p1|Dragapult, F|
|poke|p1|Bisharp, M|
|poke|p2|Pelipper, F|
|poke|p2|Ferrothorn, F|
|poke|p2|Urshifu-*, F|
|poke|p2|Kingdra, M|
|poke|p2|Garchomp, F|
|poke|p2|Zapdos|
|teampreview
|
|t:|1655834730
|start
|switch|p1a: Tatum-Wash|Rotom-Wash|100/100
|switch|p2a: Pelipper|Pelipper, F|100/100
|-weather|RainDance|[from] ability: Drizzle|[of] p2a: Pelipper
|turn|1
|
|t:|1655834734
|switch|p2a: Ferrothorn|Ferrothorn, F|100/100
|move|p1a: Tatum-Wash|Volt Switch|p2a: Ferrothorn
|-resisted|p2a: Ferrothorn
|-damage|p2a: Ferrothorn|92/100
|
|t:|1655834748
|switch|p1a: Shaqqersby|Diggersby, M|100/100|[from]move: Volt Switch
|
|-weather|RainDance|[upkeep]
|-heal|p2a: Ferrothorn|98/100|[from] item: Leftovers
|upkeep
|turn|2
|
|t:|1655834765
|switch|p2a: Zapdos|Zapdos, shiny|100/100
|move|p1a: Shaqqersby|Earthquake|p2a: Zapdos
|-immune|p2a: Zapdos
|
|-weather|RainDance|[upkeep]
|upkeep
|turn|3
|
|t:|1655834768
|switch|p1a: Tatum-Wash|Rotom-Wash|100/100
|move|p2a: Zapdos|Hurricane|p1a: Tatum-Wash
|-resisted|p1a: Tatum-Wash
|-damage|p1a: Tatum-Wash|78/100
|-start|p1a: Tatum-Wash|confusion
|
|-weather|RainDance|[upkeep]
|-heal|p1a: Tatum-Wash|84/100|[from] item: Leftovers
|upkeep
|turn|4
|
|t:|1655834774
|move|p2a: Zapdos|Thunder|p1a: Tatum-Wash
|-damage|p1a: Tatum-Wash|41/100
|-activate|p1a: Tatum-Wash|confusion
|-damage|p1a: Tatum-Wash|36/100|[from] confusion
|
|-weather|RainDance|[upkeep]
|-heal|p1a: Tatum-Wash|42/100|[from] item: Leftovers
|upkeep
|turn|5
|
|t:|1655834783
|move|p2a: Zapdos|Hurricane|p1a: Tatum-Wash
|-resisted|p1a: Tatum-Wash
|-damage|p1a: Tatum-Wash|22/100
|-end|p1a: Tatum-Wash|confusion
|move|p1a: Tatum-Wash|Pain Split|p2a: Zapdos
|-sethp|p2a: Zapdos|60/100|[from] move: Pain Split|[silent]
|-sethp|p1a: Tatum-Wash|64/100|[from] move: Pain Split
|
|-weather|RainDance|[upkeep]
|-heal|p1a: Tatum-Wash|70/100|[from] item: Leftovers
|upkeep
|turn|6
|
|t:|1655834797
|switch|p1a: Shaqqersby|Diggersby, M|100/100
|move|p2a: Zapdos|Thunder|p1a: Shaqqersby
|-immune|p1a: Shaqqersby
|
|-weather|RainDance|[upkeep]
|upkeep
|turn|7
|
|t:|1655834807
|switch|p1a: Sir Charles|Bisharp, M|100/100
|move|p2a: Zapdos|Hurricane|p1a: Sir Charles
|-resisted|p1a: Sir Charles
|-damage|p1a: Sir Charles|51/100
|
|-weather|RainDance|[upkeep]
|upkeep
|turn|8
|
|t:|1655834814
|move|p1a: Sir Charles|Sucker Punch|p2a: Zapdos
|-damage|p2a: Zapdos|4/100
|move|p2a: Zapdos|Thunder|p1a: Sir Charles
|-damage|p1a: Sir Charles|0 fnt
|faint|p1a: Sir Charles
|
|-weather|none
|upkeep
|
|t:|1655834817
|switch|p1a: Drag the jet Pult|Dragapult, F|100/100
|turn|9
|
|t:|1655834821
|move|p1a: Drag the jet Pult|Shadow Ball|p2a: Zapdos
|-damage|p2a: Zapdos|0 fnt
|faint|p2a: Zapdos
|
|upkeep
|
|t:|1655834824
|switch|p2a: Ferrothorn|Ferrothorn, F|98/100
|turn|10
|
|t:|1655834829
|move|p1a: Drag the jet Pult|Shadow Ball|p2a: Ferrothorn
|-damage|p2a: Ferrothorn|64/100
|move|p2a: Ferrothorn|Knock Off|p1a: Drag the jet Pult
|-supereffective|p1a: Drag the jet Pult
|-damage|p1a: Drag the jet Pult|47/100
|-enditem|p1a: Drag the jet Pult|Choice Specs|[from] move: Knock Off|[of] p2a: Ferrothorn
|
|-heal|p2a: Ferrothorn|70/100|[from] item: Leftovers
|upkeep
|turn|11
|j| goobermane
|inactive|Battle timer is ON: inactive players will automatically lose when time's up. (requested by icebeamprodigy)
|j| clflucker
|
|t:|1655834881
|switch|p2a: Garchomp|Garchomp, F, shiny|100/100
|move|p1a: Drag the jet Pult|Fire Blast|p2a: Garchomp
|-resisted|p2a: Garchomp
|-damage|p2a: Garchomp|82/100
|
|-heal|p2a: Garchomp|89/100|[from] item: Leftovers
|upkeep
|turn|12
|
|t:|1655834894
|move|p1a: Drag the jet Pult|Draco Meteor|p2a: Garchomp
|-supereffective|p2a: Garchomp
|-damage|p2a: Garchomp|0 fnt
|-unboost|p1a: Drag the jet Pult|spa|2
|faint|p2a: Garchomp
|
|upkeep
|
|t:|1655834896
|switch|p2a: Pelipper|Pelipper, F|100/100
|-weather|RainDance|[from] ability: Drizzle|[of] p2a: Pelipper
|turn|13
|
|t:|1655834899
|move|p1a: Drag the jet Pult|U-turn|p2a: Pelipper
|-resisted|p2a: Pelipper
|-damage|p2a: Pelipper|94/100
|
|t:|1655834901
|switch|p1a: Tatum-Wash|Rotom-Wash|70/100|[from]move: U-turn
|move|p2a: Pelipper|U-turn|p1a: Tatum-Wash
|-damage|p1a: Tatum-Wash|61/100
|
|t:|1655834912
|switch|p2a: Urshifu|Urshifu-Rapid-Strike, F|100/100|[from]move: U-turn
|
|-weather|RainDance|[upkeep]
|-heal|p1a: Tatum-Wash|68/100|[from] item: Leftovers
|upkeep
|turn|14
|j| bong serpent 420
|j| Ran Kob
|l| Ran Kob
|inactive|icebeamprodigy has 120 seconds left.
|
|t:|1655834946
|switch|p1a: korver bird|Corviknight, F|100/100
|-ability|p1a: korver bird|Pressure
|move|p2a: Urshifu|U-turn|p1a: korver bird
|-resisted|p1a: korver bird
|-damage|p1a: korver bird|97/100
|-damage|p2a: Urshifu|84/100|[from] item: Rocky Helmet|[of] p1a: korver bird
|
|t:|1655834948
|switch|p2a: Kingdra|Kingdra, M|100/100|[from]move: U-turn
|
|-weather|RainDance|[upkeep]
|upkeep
|turn|15
|
|t:|1655834954
|move|p2a: Kingdra|Hydro Pump|p1a: korver bird|[miss]
|-miss|p2a: Kingdra|p1a: korver bird
|move|p1a: korver bird|Brave Bird|p2a: Kingdra
|-damage|p2a: Kingdra|59/100
|-damage|p1a: korver bird|87/100|[from] Recoil
|
|-weather|RainDance|[upkeep]
|upkeep
|turn|16
|
|t:|1655834958
|switch|p1a: Ernie|Landorus-Therian, M|100/100
|-ability|p1a: Ernie|Intimidate|boost
|-unboost|p2a: Kingdra|atk|1
|move|p2a: Kingdra|Hydro Pump|p1a: Ernie|[miss]
|-miss|p2a: Kingdra|p1a: Ernie
|
|-weather|RainDance|[upkeep]
|upkeep
|turn|17
|
|t:|1655834962
|move|p2a: Kingdra|Hydro Pump|p1a: Ernie
|-supereffective|p1a: Ernie
|-damage|p1a: Ernie|0 fnt
|faint|p1a: Ernie
|
|-weather|RainDance|[upkeep]
|upkeep
|
|t:|1655834966
|switch|p1a: Tatum-Wash|Rotom-Wash|68/100
|turn|18
|
|t:|1655834971
|move|p2a: Kingdra|Hydro Pump|p1a: Tatum-Wash
|-resisted|p1a: Tatum-Wash
|-damage|p1a: Tatum-Wash|25/100
|move|p1a: Tatum-Wash|Volt Switch|p2a: Kingdra
|-damage|p2a: Kingdra|25/100
|
|t:|1655834975
|switch|p1a: Shaqqersby|Diggersby, M|100/100|[from]move: Volt Switch
|
|-weather|RainDance|[upkeep]
|upkeep
|turn|19
|
|t:|1655834977
|switch|p2a: Urshifu|Urshifu-Rapid-Strike, F|84/100
|move|p1a: Shaqqersby|Quick Attack|p2a: Urshifu
|-damage|p2a: Urshifu|44/100
|
|-weather|RainDance|[upkeep]
|upkeep
|turn|20
|
|t:|1655834980
|switch|p2a: Kingdra|Kingdra, M|25/100
|switch|p1a: korver bird|Corviknight, F|87/100
|-ability|p1a: korver bird|Pressure
|
|-weather|none
|upkeep
|turn|21
|
|t:|1655834985
|move|p2a: Kingdra|Hydro Pump|p1a: korver bird
|-damage|p1a: korver bird|13/100
|move|p1a: korver bird|Brave Bird|p2a: Kingdra
|-crit|p2a: Kingdra
|-damage|p2a: Kingdra|0 fnt
|faint|p2a: Kingdra
|-damage|p1a: korver bird|7/100|[from] Recoil
|
|upkeep
|
|t:|1655834990
|switch|p2a: Urshifu|Urshifu-Rapid-Strike, F|44/100
|turn|22
|
|t:|1655834995
|move|p2a: Urshifu|Surging Strikes|p1a: korver bird
|-crit|p1a: korver bird
|-damage|p1a: korver bird|0 fnt
|-damage|p2a: Urshifu|27/100|[from] item: Rocky Helmet|[of] p1a: korver bird
|faint|p1a: korver bird
|-hitcount|p1: korver bird|1
|
|upkeep
|
|t:|1655835005
|switch|p1a: Drag the jet Pult|Dragapult, F|47/100
|turn|23
|j| Titanus-Mothra-.
|
|t:|1655835027
|switch|p2a: Ferrothorn|Ferrothorn, F|70/100
|move|p1a: Drag the jet Pult|U-turn|p2a: Ferrothorn
|-damage|p2a: Ferrothorn|57/100
|-damage|p1a: Drag the jet Pult|35/100|[from] ability: Iron Barbs|[of] p2a: Ferrothorn
|
|t:|1655835042
|switch|p1a: Tatum-Wash|Rotom-Wash|25/100|[from]move: U-turn
|
|-heal|p1a: Tatum-Wash|31/100|[from] item: Leftovers
|-heal|p2a: Ferrothorn|63/100|[from] item: Leftovers
|upkeep
|turn|24
|
|t:|1655835051
|move|p1a: Tatum-Wash|Volt Switch|p2a: Ferrothorn
|-resisted|p2a: Ferrothorn
|-damage|p2a: Ferrothorn|54/100
|
|t:|1655835054
|switch|p1a: Shaqqersby|Diggersby, M|100/100|[from]move: Volt Switch
|move|p2a: Ferrothorn|Knock Off|p1a: Shaqqersby
|-damage|p1a: Shaqqersby|70/100
|-enditem|p1a: Shaqqersby|Choice Band|[from] move: Knock Off|[of] p2a: Ferrothorn
|
|-heal|p2a: Ferrothorn|61/100|[from] item: Leftovers
|upkeep
|turn|25
|
|t:|1655835063
|switch|p2a: Pelipper|Pelipper, F|94/100
|-weather|RainDance|[from] ability: Drizzle|[of] p2a: Pelipper
|move|p1a: Shaqqersby|Fire Punch|p2a: Pelipper
|-resisted|p2a: Pelipper
|-damage|p2a: Pelipper|87/100
|
|-weather|RainDance|[upkeep]
|upkeep
|turn|26
|inactive|early_human has 120 seconds left.
|
|t:|1655835098
|move|p1a: Shaqqersby|Body Slam|p2a: Pelipper
|-damage|p2a: Pelipper|42/100
|move|p2a: Pelipper|U-turn|p1a: Shaqqersby
|-damage|p1a: Shaqqersby|57/100
|
|t:|1655835101
|switch|p2a: Ferrothorn|Ferrothorn, F|61/100|[from]move: U-turn
|
|-weather|RainDance|[upkeep]
|-heal|p2a: Ferrothorn|67/100|[from] item: Leftovers
|upkeep
|turn|27
|
|t:|1655835103
|move|p1a: Shaqqersby|Earthquake|p2a: Ferrothorn
|-damage|p2a: Ferrothorn|18/100
|move|p2a: Ferrothorn|Gyro Ball|p1a: Shaqqersby
|-damage|p1a: Shaqqersby|0 fnt
|faint|p1a: Shaqqersby
|
|-weather|RainDance|[upkeep]
|-heal|p2a: Ferrothorn|24/100|[from] item: Leftovers
|upkeep
|
|t:|1655835109
|switch|p1a: Drag the jet Pult|Dragapult, F|35/100
|turn|28
|
|t:|1655835113
|move|p1a: Drag the jet Pult|Shadow Ball|p2a: Ferrothorn
|-damage|p2a: Ferrothorn|0 fnt
|faint|p2a: Ferrothorn
|
|-weather|RainDance|[upkeep]
|upkeep
|
|t:|1655835116
|switch|p2a: Urshifu|Urshifu-Rapid-Strike, F|27/100
|turn|29
|
|t:|1655835131
|move|p2a: Urshifu|Surging Strikes|p1a: Drag the jet Pult
|-resisted|p1a: Drag the jet Pult
|-crit|p1a: Drag the jet Pult
|-damage|p1a: Drag the jet Pult|13/100
|-resisted|p1a: Drag the jet Pult
|-crit|p1a: Drag the jet Pult
|-damage|p1a: Drag the jet Pult|0 fnt
|faint|p1a: Drag the jet Pult
|-hitcount|p1: Drag the jet Pult|2
|
|-weather|RainDance|[upkeep]
|upkeep
|
|t:|1655835136
|switch|p1a: Tatum-Wash|Rotom-Wash|31/100
|turn|30
|
|t:|1655835163
|move|p2a: Urshifu|Surging Strikes|p1a: Tatum-Wash
|-resisted|p1a: Tatum-Wash
|-crit|p1a: Tatum-Wash
|-damage|p1a: Tatum-Wash|15/100
|-resisted|p1a: Tatum-Wash
|-crit|p1a: Tatum-Wash
|-damage|p1a: Tatum-Wash|0 fnt
|faint|p1a: Tatum-Wash
|-hitcount|p1: Tatum-Wash|2
|
|win|early_human
|raw|icebeamprodigy's rating: 1833 &rarr; <strong>1815</strong><br />(-18 for losing)
|raw|early_human's rating: 1873 &rarr; <strong>1891</strong><br />(+18 for winning)
|j| GoldenStateIdiots
|c|☆early_human|gg
