|j|☆Libski
|j|☆yung_iznamakin
|t:|1663530454
|gametype|singles
|player|p1|Libski|bede|1715
|player|p2|yung_iznamakin|chase|1698
|teamsize|p1|6
|teamsize|p2|6
|gen|8
|tier|[Gen 8] OU
|rated|
|rule|Sleep Clause Mod: Limit one foe put to sleep
|rule|Species Clause: Limit one of each Pokémon
|rule|OHKO Clause: OHKO moves are banned
|rule|Evasion Items Clause: Evasion items are banned
|rule|Evasion Moves Clause: Evasion moves are banned
|rule|Endless Battle Clause: Forcing endless battles is banned
|rule|HP Percentage Mod: HP is shown in percentages
|rule|Dynamax Clause: You cannot dynamax
|clearpoke
|poke|p1|Shuckle, M|
|poke|p1|Kartana|
|poke|p1|Victini|
|poke|p1|Magnezone|
|poke|p1|Nidoking, M|
|poke|p1|Urshifu-*, M|
|poke|p2|Zeraora|
|poke|p2|Volcanion|
|poke|p2|Landorus-Therian, M|
|poke|p2|Volcarona, F|
|poke|p2|Blacephalon|
|poke|p2|Moltres-Galar|
|teampreview
|inactive|Battle timer is ON: inactive players will automatically lose when time's up. (requested by Libski)
|
|t:|1663530484
|start
|switch|p1a: UFO Lookin' Augh|Magnezone|100/100
|switch|p2a: Volcanion|Volcanion|100/100
|turn|1
|
|t:|1663530489
|switch|p2a: Landorus|Landorus-Therian, M|100/100
|-ability|p2a: Landorus|Intimidate|boost
|-unboost|p1a: UFO Lookin' Augh|atk|1
|move|p1a: UFO Lookin' Augh|Mirror Coat||[still]
|-fail|p1a: UFO Lookin' Augh
|
|upkeep
|turn|2
|
|t:|1663530494
|move|p2a: Landorus|Stealth Rock|p1a: UFO Lookin' Augh
|-sidestart|p1: Libski|move: Stealth Rock
|move|p1a: UFO Lookin' Augh|Flash Cannon|p2a: Landorus
|-damage|p2a: Landorus|43/100
|
|upkeep
|turn|3
|
|t:|1663530499
|move|p2a: Landorus|Explosion|p1a: UFO Lookin' Augh
|-enditem|p2a: Landorus|Normal Gem|[from] gem
|-resisted|p1a: UFO Lookin' Augh
|-damage|p1a: UFO Lookin' Augh|33/100
|faint|p2a: Landorus
|move|p1a: UFO Lookin' Augh|Flash Cannon|p2: Landorus|[notarget]
|-fail|p1a: UFO Lookin' Augh
|
|upkeep
|
|t:|1663530504
|switch|p2a: Blacephalon|Blacephalon|100/100
|turn|4
|
|t:|1663530509
|switch|p1a: Shakul|Shuckle, M|100/100
|-damage|p1a: Shakul|76/100|[from] Stealth Rock
|move|p2a: Blacephalon|Shadow Ball|p1a: Shakul
|-damage|p1a: Shakul|43/100
|-unboost|p1a: Shakul|spd|1
|
|upkeep
|turn|5
|
|t:|1663530512
|move|p2a: Blacephalon|Shadow Ball|p1a: Shakul
|-damage|p1a: Shakul|0 fnt
|faint|p1a: Shakul
|-ability|p2a: Blacephalon|Beast Boost|boost
|-boost|p2a: Blacephalon|spa|1
|
|upkeep
|
|t:|1663530514
|switch|p1a: UFO Lookin' Augh|Magnezone|33/100
|-damage|p1a: UFO Lookin' Augh|26/100|[from] Stealth Rock
|turn|6
|
|t:|1663530523
|move|p2a: Blacephalon|Shadow Ball|p1a: UFO Lookin' Augh
|-damage|p1a: UFO Lookin' Augh|0 fnt
|faint|p1a: UFO Lookin' Augh
|-ability|p2a: Blacephalon|Beast Boost|boost
|-boost|p2a: Blacephalon|spa|1
|
|upkeep
|
|t:|1663530524
|switch|p1a: Kami|Kartana|100/100
|-damage|p1a: Kami|94/100|[from] Stealth Rock
|turn|7
|
|t:|1663530527
|switch|p2a: Moltres|Moltres-Galar|100/100
|move|p1a: Kami|Knock Off|p2a: Moltres
|-resisted|p2a: Moltres
|-damage|p2a: Moltres|76/100
|-enditem|p2a: Moltres|Chesto Berry|[from] move: Knock Off|[of] p1a: Kami
|
|upkeep
|turn|8
|
|t:|1663530530
|switch|p1a: Purple Guy☠|Nidoking, M|100/100
|-damage|p1a: Purple Guy☠|95/100|[from] Stealth Rock
|move|p2a: Moltres|Fiery Wrath|p1a: Purple Guy☠
|-damage|p1a: Purple Guy☠|38/100
|
|upkeep
|turn|9
|
|t:|1663530538
|move|p1a: Purple Guy☠|Ice Beam|p2a: Moltres
|-supereffective|p2a: Moltres
|-damage|p2a: Moltres|16/100
|move|p2a: Moltres|Fiery Wrath|p1a: Purple Guy☠
|-damage|p1a: Purple Guy☠|0 fnt
|faint|p1a: Purple Guy☠
|
|upkeep
|
|t:|1663530540
|switch|p1a: Kami|Kartana|94/100
|-damage|p1a: Kami|88/100|[from] Stealth Rock
|turn|10
|
|t:|1663530545
|switch|p2a: Volcanion|Volcanion|100/100
|move|p1a: Kami|Knock Off|p2a: Volcanion
|-damage|p2a: Volcanion|67/100
|-enditem|p2a: Volcanion|Heavy-Duty Boots|[from] move: Knock Off|[of] p1a: Kami
|
|upkeep
|turn|11
|
|t:|1663530549
|switch|p1a: V Royal 😍|Victini|100/100
|-damage|p1a: V Royal 😍|76/100|[from] Stealth Rock
|move|p2a: Volcanion|Steam Eruption|p1a: V Royal 😍
|-supereffective|p1a: V Royal 😍
|-damage|p1a: V Royal 😍|0 fnt
|faint|p1a: V Royal 😍
|
|upkeep
|
|t:|1663530551
|switch|p1a: Urdaddy 🤤|Urshifu-Rapid-Strike, M|100/100
|-damage|p1a: Urdaddy 🤤|94/100|[from] Stealth Rock
|turn|12
|
|t:|1663530555
|switch|p2a: Moltres|Moltres-Galar|16/100
|move|p1a: Urdaddy 🤤|Drain Punch|p2a: Moltres
|-damage|p2a: Moltres|0 fnt
|-heal|p1a: Urdaddy 🤤|100/100|[from] drain|[of] p2a: Moltres
|faint|p2a: Moltres
|
|upkeep
|
|t:|1663530560
|switch|p2a: Volcarona|Volcarona, F|100/100
|turn|13
|
|t:|1663530562
|move|p1a: Urdaddy 🤤|Surging Strikes|p2a: Volcarona
|-supereffective|p2a: Volcarona
|-crit|p2a: Volcarona
|-damage|p2a: Volcarona|36/100
|-supereffective|p2a: Volcarona
|-crit|p2a: Volcarona
|-damage|p2a: Volcarona|0 fnt
|faint|p2a: Volcarona
|-hitcount|p2: Volcarona|2
|
|upkeep
|
|t:|1663530570
|switch|p2a: Zeraora|Zeraora|100/100
|turn|14
|
|t:|1663530574
|move|p2a: Zeraora|Plasma Fists|p1a: Urdaddy 🤤
|-supereffective|p1a: Urdaddy 🤤
|-damage|p1a: Urdaddy 🤤|11/100
|-fieldactivate|move: Ion Deluge
|-hint|Normal-type moves become Electric-type after using Plasma Fists.
|move|p1a: Urdaddy 🤤|Drain Punch|p2a: Zeraora
|-damage|p2a: Zeraora|51/100
|-heal|p1a: Urdaddy 🤤|34/100|[from] drain|[of] p2a: Zeraora
|
|-heal|p2a: Zeraora|57/100|[from] item: Leftovers
|upkeep
|turn|15
|
|t:|1663530578
|switch|p1a: Kami|Kartana|88/100
|-damage|p1a: Kami|82/100|[from] Stealth Rock
|move|p2a: Zeraora|Plasma Fists|p1a: Kami
|-resisted|p1a: Kami
|-damage|p1a: Kami|58/100
|-fieldactivate|move: Ion Deluge
|-hint|Normal-type moves become Electric-type after using Plasma Fists.
|
|-heal|p2a: Zeraora|63/100|[from] item: Leftovers
|upkeep
|turn|16
|
|t:|1663530582
|move|p1a: Kami|Leaf Blade|p2a: Zeraora
|-damage|p2a: Zeraora|0 fnt
|faint|p2a: Zeraora
|-ability|p1a: Kami|Beast Boost|boost
|-boost|p1a: Kami|atk|1
|
|upkeep
|j| i am ves ♥
|
|t:|1663530586
|switch|p2a: Blacephalon|Blacephalon|100/100
|turn|17
|
|t:|1663530587
|move|p1a: Kami|Leaf Blade|p2a: Blacephalon
|-resisted|p2a: Blacephalon
|-damage|p2a: Blacephalon|0 fnt
|faint|p2a: Blacephalon
|-ability|p1a: Kami|Beast Boost|boost
|-boost|p1a: Kami|atk|1
|
|upkeep
|
|t:|1663530590
|switch|p2a: Volcanion|Volcanion|67/100
|turn|18
|c|☆Libski|gg
|
|t:|1663530593
|move|p1a: Kami|Leaf Blade|p2a: Volcanion
|-damage|p2a: Volcanion|0 fnt
|faint|p2a: Volcanion
|
|win|Libski
|raw|Libski's rating: 1715 &rarr; <strong>1734</strong><br />(+19 for winning)
|raw|yung_iznamakin's rating: 1698 &rarr; <strong>1679</strong><br />(-19 for losing)
|l|☆yung_iznamakin
