|html|<div class="broadcast-blue"><strong>[Gen 8] OU is currently suspecting Urshifu-S! For information on how to participate check out the <a href="https://www.smogon.com/forums/threads/np-ss-ou-suspect-process-round-8-aint-no-rest-for-the-wicked.3675310/">suspect thread</a>.</strong></div>
|j|☆bulchasqu
|j|☆lando expando
|t:|1609263550
|player|p1|bulchasqu|1|1921
|player|p2|lando expando|rocketgrunt|1786
|teamsize|p1|6
|teamsize|p2|6
|gametype|singles
|gen|8
|tier|[Gen 8] OU
|rated|
|clearpoke
|poke|p1|Kyurem|
|poke|p1|Heatran, M|
|poke|p1|Landorus-Therian, M|
|poke|p1|Rillaboom, M|
|poke|p1|Mandibuzz, F|
|poke|p1|Tapu Fini|
|poke|p2|Tyrantrum, M|
|poke|p2|Latios, M|
|poke|p2|Ferrothorn, F|
|poke|p2|Slowking, F|
|poke|p2|Landorus-Therian, M|
|poke|p2|Drapion, M|
|rule|Sleep Clause Mod: Limit one foe put to sleep
|rule|Species Clause: Limit one of each Pokémon
|rule|OHKO Clause: OHKO moves are banned
|rule|Evasion Moves Clause: Evasion moves are banned
|rule|Endless Battle Clause: Forcing endless battles is banned
|rule|HP Percentage Mod: HP is shown in percentages
|rule|Dynamax Clause: You cannot dynamax
|teampreview
|j| tanggy
|
|t:|1609263562
|start
|switch|p1a: Landorus|Landorus-Therian, M|100/100
|switch|p2a: Latios|Latios, M|100/100
|-ability|p1a: Landorus|Intimidate|boost
|-unboost|p2a: Latios|atk|1
|turn|1
|j| CB Baselord
|j| Mixster
|
|t:|1609263579
|switch|p2a: Drapion|Drapion, M|100/100
|move|p1a: Landorus|U-turn|p2a: Drapion
|-damage|p2a: Drapion|80/100
|-damage|p1a: Landorus|84/100|[from] item: Rocky Helmet|[of] p2a: Drapion
|
|t:|1609263585
|switch|p1a: Kyurem|Kyurem|100/100|[from]move: U-turn
|-ability|p1a: Kyurem|Pressure
|
|upkeep
|turn|2
|
|t:|1609263591
|switch|p2a: Ferrothorn|Ferrothorn, F|100/100
|move|p1a: Kyurem|Substitute|p1a: Kyurem
|-start|p1a: Kyurem|Substitute
|-damage|p1a: Kyurem|76/100
|
|-heal|p1a: Kyurem|82/100|[from] item: Leftovers
|upkeep
|turn|3
|
|t:|1609263593
|move|p1a: Kyurem|Freeze-Dry|p2a: Ferrothorn
|-damage|p2a: Ferrothorn|70/100
|move|p2a: Ferrothorn|Gyro Ball|p1a: Kyurem
|-supereffective|p1a: Kyurem
|-end|p1a: Kyurem|Substitute
|
|-heal|p1a: Kyurem|88/100|[from] item: Leftovers
|upkeep
|turn|4
|j| heatrangoat
|
|t:|1609263605
|move|p1a: Kyurem|Substitute|p1a: Kyurem
|-start|p1a: Kyurem|Substitute
|-damage|p1a: Kyurem|63/100
|move|p2a: Ferrothorn|Stealth Rock|p1a: Kyurem
|-sidestart|p1: bulchasqu|move: Stealth Rock
|
|-heal|p1a: Kyurem|69/100|[from] item: Leftovers
|upkeep
|turn|5
|
|t:|1609263613
|move|p1a: Kyurem|Roost|p1a: Kyurem
|-heal|p1a: Kyurem|100/100
|-singleturn|p1a: Kyurem|move: Roost
|move|p2a: Ferrothorn|Gyro Ball|p1a: Kyurem
|-supereffective|p1a: Kyurem
|-end|p1a: Kyurem|Substitute
|
|upkeep
|turn|6
|l| Mixster
|
|t:|1609263617
|move|p1a: Kyurem|Substitute|p1a: Kyurem
|-start|p1a: Kyurem|Substitute
|-damage|p1a: Kyurem|76/100
|move|p2a: Ferrothorn|Gyro Ball|p1a: Kyurem
|-supereffective|p1a: Kyurem
|-end|p1a: Kyurem|Substitute
|
|-heal|p1a: Kyurem|82/100|[from] item: Leftovers
|upkeep
|turn|7
|
|t:|1609263634
|switch|p2a: Drapion|Drapion, M|80/100
|move|p1a: Kyurem|Substitute|p1a: Kyurem
|-start|p1a: Kyurem|Substitute
|-damage|p1a: Kyurem|57/100
|
|-heal|p1a: Kyurem|63/100|[from] item: Leftovers
|upkeep
|turn|8
|
|t:|1609263637
|move|p1a: Kyurem|Earth Power|p2a: Drapion
|-supereffective|p2a: Drapion
|-damage|p2a: Drapion|3/100
|move|p2a: Drapion|Knock Off|p1a: Kyurem
|-end|p1a: Kyurem|Substitute
|
|-heal|p1a: Kyurem|69/100|[from] item: Leftovers
|upkeep
|turn|9
|
|t:|1609263646
|move|p1a: Kyurem|Freeze-Dry|p2a: Drapion
|-damage|p2a: Drapion|0 fnt
|faint|p2a: Drapion
|
|-heal|p1a: Kyurem|75/100|[from] item: Leftovers
|upkeep
|
|t:|1609263652
|switch|p2a: Latios|Latios, M|100/100
|turn|10
|
|t:|1609263657
|switch|p1a: Tapu Fini|Tapu Fini|100/100
|-damage|p1a: Tapu Fini|88/100|[from] Stealth Rock
|-fieldstart|move: Misty Terrain|[from] ability: Misty Surge|[of] p1a: Tapu Fini
|move|p2a: Latios|Psychic|p1a: Tapu Fini
|-damage|p1a: Tapu Fini|31/100
|-unboost|p1a: Tapu Fini|spd|1
|-damage|p2a: Latios|91/100|[from] item: Life Orb
|
|upkeep
|turn|11
|j| i-TigEr4
|
|t:|1609263672
|move|p1a: Tapu Fini|Defog|p2a: Latios
|-unboost|p2a: Latios|evasion|1
|-sideend|p1: bulchasqu|Stealth Rock|[from] move: Defog|[of] p1a: Tapu Fini
|-fieldend|Misty Terrain
|move|p2a: Latios|Psychic|p1a: Tapu Fini
|-damage|p1a: Tapu Fini|0 fnt
|-damage|p2a: Latios|81/100|[from] item: Life Orb
|faint|p1a: Tapu Fini
|
|upkeep
|
|t:|1609263678
|switch|p1a: Landorus|Landorus-Therian, M|84/100
|-ability|p1a: Landorus|Intimidate|boost
|-unboost|p2a: Latios|atk|1
|turn|12
|j| Anpawo
|j| ByronGymLeader
|
|t:|1609263687
|switch|p2a: Landorus|Landorus-Therian, M|100/100
|-ability|p2a: Landorus|Intimidate|boost
|-unboost|p1a: Landorus|atk|1
|move|p1a: Landorus|U-turn|p2a: Landorus
|-resisted|p2a: Landorus
|-damage|p2a: Landorus|90/100
|j| Bluritdrachen
|
|t:|1609263694
|switch|p1a: Kyurem|Kyurem|75/100|[from]move: U-turn
|-ability|p1a: Kyurem|Pressure
|
|-heal|p1a: Kyurem|81/100|[from] item: Leftovers
|upkeep
|turn|13
|l| Bluritdrachen
|
|t:|1609263698
|switch|p1a: Landorus|Landorus-Therian, M|84/100
|-ability|p1a: Landorus|Intimidate|boost
|-unboost|p2a: Landorus|atk|1
|move|p2a: Landorus|Stone Edge|p1a: Landorus
|-damage|p1a: Landorus|58/100
|
|upkeep
|turn|14
|
|t:|1609263705
|move|p2a: Landorus|Stone Edge|p1a: Landorus
|-damage|p1a: Landorus|31/100
|move|p1a: Landorus|U-turn|p2a: Landorus
|-resisted|p2a: Landorus
|-damage|p2a: Landorus|74/100
|
|t:|1609263712
|switch|p1a: Rillaboom|Rillaboom, M, shiny|100/100|[from]move: U-turn
|-fieldstart|move: Grassy Terrain|[from] ability: Grassy Surge|[of] p1a: Rillaboom
|
|upkeep
|turn|15
|
|t:|1609263720
|move|p2a: Landorus|Stone Edge|p1a: Rillaboom
|-damage|p1a: Rillaboom|75/100
|move|p1a: Rillaboom|Swords Dance|p1a: Rillaboom
|-boost|p1a: Rillaboom|atk|2
|
|-heal|p1a: Rillaboom|81/100|[from] Grassy Terrain
|upkeep
|turn|16
|c| Anpawo|i love this kyurem set !
|
|t:|1609263727
|switch|p2a: Ferrothorn|Ferrothorn, F|70/100
|move|p1a: Rillaboom|Swords Dance|p1a: Rillaboom
|-boost|p1a: Rillaboom|atk|2
|
|-heal|p1a: Rillaboom|87/100|[from] Grassy Terrain
|-heal|p2a: Ferrothorn|76/100|[from] Grassy Terrain
|upkeep
|turn|17
|
|t:|1609263731
|move|p1a: Rillaboom|Superpower|p2a: Ferrothorn
|-supereffective|p2a: Ferrothorn
|-enditem|p2a: Ferrothorn|Chople Berry|[eat]
|-enditem|p2a: Ferrothorn|Chople Berry|[weaken]
|-damage|p2a: Ferrothorn|0 fnt
|-unboost|p1a: Rillaboom|atk|1
|-unboost|p1a: Rillaboom|def|1
|-damage|p1a: Rillaboom|75/100|[from] ability: Iron Barbs|[of] p2a: Ferrothorn
|-damage|p1a: Rillaboom|65/100|[from] item: Life Orb
|faint|p2a: Ferrothorn
|
|-heal|p1a: Rillaboom|71/100|[from] Grassy Terrain
|upkeep
|
|t:|1609263736
|switch|p2a: Landorus|Landorus-Therian, M|74/100
|-ability|p2a: Landorus|Intimidate|boost
|-unboost|p1a: Rillaboom|atk|1
|turn|18
|l| i-TigEr4
|j| Serdnas
|
|t:|1609263743
|switch|p2a: Tyrantrum|Tyrantrum, M|100/100
|move|p1a: Rillaboom|Grassy Glide|p2a: Tyrantrum
|-damage|p2a: Tyrantrum|0 fnt
|-damage|p1a: Rillaboom|61/100|[from] item: Life Orb
|faint|p2a: Tyrantrum
|
|-heal|p1a: Rillaboom|67/100|[from] Grassy Terrain
|-fieldend|move: Grassy Terrain
|upkeep
|
|t:|1609263745
|switch|p2a: Latios|Latios, M|81/100
|turn|19
|j| odin77
|
|t:|1609263752
|switch|p1a: Heatran|Heatran, M, shiny|100/100
|move|p2a: Latios|Draco Meteor|p1a: Heatran|[miss]
|-miss|p2a: Latios|p1a: Heatran
|
|upkeep
|turn|20
|j| OUTW akari
|
|t:|1609263757
|move|p2a: Latios|Aura Sphere|p1a: Heatran
|-supereffective|p1a: Heatran
|-damage|p1a: Heatran|54/100
|-damage|p2a: Latios|71/100|[from] item: Life Orb
|move|p1a: Heatran|Magma Storm|p2a: Latios|[miss]
|-miss|p1a: Heatran|p2a: Latios
|
|-heal|p1a: Heatran|60/100|[from] item: Leftovers
|upkeep
|turn|21
|j| Sonic112233
|
|t:|1609263763
|move|p2a: Latios|Aura Sphere|p1a: Heatran
|-supereffective|p1a: Heatran
|-damage|p1a: Heatran|17/100
|-damage|p2a: Latios|61/100|[from] item: Life Orb
|move|p1a: Heatran|Stealth Rock|p2a: Latios
|-sidestart|p2: lando expando|move: Stealth Rock
|
|-heal|p1a: Heatran|23/100|[from] item: Leftovers
|upkeep
|turn|22
|
|t:|1609263774
|move|p2a: Latios|Roost|p2a: Latios
|-heal|p2a: Latios|100/100
|-singleturn|p2a: Latios|move: Roost
|move|p1a: Heatran|Magma Storm|p2a: Latios
|-resisted|p2a: Latios
|-damage|p2a: Latios|79/100
|-activate|p2a: Latios|move: Magma Storm|[of] p1a: Heatran
|
|-heal|p1a: Heatran|29/100|[from] item: Leftovers
|-damage|p2a: Latios|67/100|[from] move: Magma Storm|[partiallytrapped]
|upkeep
|turn|23
|
|t:|1609263779
|move|p2a: Latios|Aura Sphere|p1a: Heatran
|-supereffective|p1a: Heatran
|-damage|p1a: Heatran|0 fnt
|-damage|p2a: Latios|57/100|[from] item: Life Orb
|faint|p1a: Heatran
|
|-end|p2a: Latios|Magma Storm|[partiallytrapped]|[silent]
|upkeep
|
|t:|1609263782
|switch|p1a: Landorus|Landorus-Therian, M|31/100
|-ability|p1a: Landorus|Intimidate|boost
|-unboost|p2a: Latios|atk|1
|turn|24
|
|t:|1609263789
|switch|p2a: Landorus|Landorus-Therian, M|74/100
|-damage|p2a: Landorus|62/100|[from] Stealth Rock
|-ability|p2a: Landorus|Intimidate|boost
|-unboost|p1a: Landorus|atk|1
|move|p1a: Landorus|U-turn|p2a: Landorus
|-resisted|p2a: Landorus
|-damage|p2a: Landorus|52/100
|
|t:|1609263792
|switch|p1a: Rillaboom|Rillaboom, M, shiny|67/100|[from]move: U-turn
|-fieldstart|move: Grassy Terrain|[from] ability: Grassy Surge|[of] p1a: Rillaboom
|
|-heal|p1a: Rillaboom|73/100|[from] Grassy Terrain
|upkeep
|turn|25
|
|t:|1609263796
|switch|p2a: Slowking|Slowking, F|100/100
|move|p1a: Rillaboom|Grassy Glide|p2a: Slowking
|-supereffective|p2a: Slowking
|-damage|p2a: Slowking|0 fnt
|-damage|p1a: Rillaboom|64/100|[from] item: Life Orb
|faint|p2a: Slowking
|
|-heal|p1a: Rillaboom|70/100|[from] Grassy Terrain
|upkeep
|
|t:|1609263797
|switch|p2a: Latios|Latios, M|57/100
|-damage|p2a: Latios|44/100|[from] Stealth Rock
|turn|26
|
|t:|1609263804
|move|p1a: Rillaboom|Grassy Glide|p2a: Latios
|-resisted|p2a: Latios
|-damage|p2a: Latios|0 fnt
|-damage|p1a: Rillaboom|60/100|[from] item: Life Orb
|faint|p2a: Latios
|
|-heal|p1a: Rillaboom|66/100|[from] Grassy Terrain
|upkeep
|
|t:|1609263807
|switch|p2a: Landorus|Landorus-Therian, M|52/100
|-damage|p2a: Landorus|40/100|[from] Stealth Rock
|-ability|p2a: Landorus|Intimidate|boost
|-unboost|p1a: Rillaboom|atk|1
|turn|27
|
|t:|1609263809
|move|p1a: Rillaboom|Grassy Glide|p2a: Landorus
|-damage|p2a: Landorus|0 fnt
|-damage|p1a: Rillaboom|56/100|[from] item: Life Orb
|faint|p2a: Landorus
|
|win|bulchasqu
|l|☆bulchasqu
|l| odin77
|l| Sonic112233
|c|☆lando expando|smd
|raw|bulchasqu's rating: 1931 &rarr; <strong>1943</strong><br />(+12 for winning)
|raw|lando expando's rating: 1786 &rarr; <strong>1774</strong><br />(-12 for losing)
|l|☆lando expando
|l| OUTW akari
