|j|☆hqstest
|j|☆Chipstofer skylark
|t:|1664747264
|gametype|singles
|player|p1|hqstest|veteranf|1533
|player|p2|Chipstofer skylark|byron|1713
|teamsize|p1|6
|teamsize|p2|6
|gen|8
|tier|[Gen 8] OU
|rated|
|rule|Sleep Clause Mod: Limit one foe put to sleep
|rule|Species Clause: Limit one of each Pokémon
|rule|OHKO Clause: OHKO moves are banned
|rule|Evasion Items Clause: Evasion items are banned
|rule|Evasion Moves Clause: Evasion moves are banned
|rule|Endless Battle Clause: Forcing endless battles is banned
|rule|HP Percentage Mod: HP is shown in percentages
|rule|Dynamax Clause: You cannot dynamax
|clearpoke
|poke|p1|Heatran, M|
|poke|p1|Mew|
|poke|p1|Blaziken, M|
|poke|p1|Rillaboom, M|
|poke|p1|Weavile, F|
|poke|p1|Dragonite, M|
|poke|p2|Ferrothorn, M|
|poke|p2|Heatran, M|
|poke|p2|Dragonite, M|
|poke|p2|Zapdos|
|poke|p2|Garchomp, M|
|poke|p2|Swampert, F|
|teampreview
|
|t:|1664747272
|start
|switch|p1a: Heatran|Heatran, M|100/100
|switch|p2a: Heatran|Heatran, M|100/100
|turn|1
|inactive|Battle timer is ON: inactive players will automatically lose when time's up. (requested by hqstest)
|
|t:|1664747278
|move|p1a: Heatran|Taunt|p2a: Heatran
|-start|p2a: Heatran|move: Taunt
|move|p2a: Heatran|Earth Power|p1a: Heatran
|-supereffective|p1a: Heatran
|-enditem|p1a: Heatran|Focus Sash
|-damage|p1a: Heatran|1/100
|
|upkeep
|turn|2
|
|t:|1664747282
|move|p1a: Heatran|Stealth Rock|p2a: Heatran
|-sidestart|p2: Chipstofer skylark|move: Stealth Rock
|move|p2a: Heatran|Earth Power|p1a: Heatran
|-supereffective|p1a: Heatran
|-damage|p1a: Heatran|0 fnt
|faint|p1a: Heatran
|
|upkeep
|
|t:|1664747295
|switch|p1a: Dragonite|Dragonite, M|100/100
|turn|3
|
|t:|1664747298
|move|p2a: Heatran|Eruption|p1a: Dragonite
|-resisted|p1a: Dragonite
|-damage|p1a: Dragonite|80/100
|move|p1a: Dragonite|Earthquake|p2a: Heatran
|-supereffective|p2a: Heatran
|-enditem|p2a: Heatran|Focus Sash
|-damage|p2a: Heatran|1/100
|
|-end|p2a: Heatran|move: Taunt
|upkeep
|turn|4
|
|t:|1664747310
|move|p2a: Heatran|Flamethrower|p1a: Dragonite
|-resisted|p1a: Dragonite
|-damage|p1a: Dragonite|53/100
|move|p1a: Dragonite|Earthquake|p2a: Heatran
|-supereffective|p2a: Heatran
|-crit|p2a: Heatran
|-damage|p2a: Heatran|0 fnt
|faint|p2a: Heatran
|
|upkeep
|
|t:|1664747315
|switch|p2a: Swampert|Swampert, F|100/100
|-damage|p2a: Swampert|94/100|[from] Stealth Rock
|turn|5
|
|t:|1664747322
|switch|p1a: Rillaboom|Rillaboom, M|100/100
|-fieldstart|move: Grassy Terrain|[from] ability: Grassy Surge|[of] p1a: Rillaboom
|move|p2a: Swampert|Ice Punch|p1a: Rillaboom
|-supereffective|p1a: Rillaboom
|-damage|p1a: Rillaboom|48/100
|
|-heal|p1a: Rillaboom|54/100|[from] Grassy Terrain
|-heal|p2a: Swampert|100/100|[from] Grassy Terrain
|upkeep
|turn|6
|
|t:|1664747330
|switch|p2a: Ferrothorn|Ferrothorn, M|100/100
|-damage|p2a: Ferrothorn|94/100|[from] Stealth Rock
|move|p1a: Rillaboom|Knock Off|p2a: Ferrothorn
|-crit|p2a: Ferrothorn
|-damage|p2a: Ferrothorn|56/100
|-damage|p1a: Rillaboom|42/100|[from] ability: Iron Barbs|[of] p2a: Ferrothorn
|-enditem|p2a: Ferrothorn|Leftovers|[from] move: Knock Off|[of] p1a: Rillaboom
|-damage|p1a: Rillaboom|32/100|[from] item: Life Orb
|
|-heal|p1a: Rillaboom|38/100|[from] Grassy Terrain
|-heal|p2a: Ferrothorn|62/100|[from] Grassy Terrain
|upkeep
|turn|7
|
|t:|1664747335
|move|p1a: Rillaboom|Swords Dance|p1a: Rillaboom
|-boost|p1a: Rillaboom|atk|2
|move|p2a: Ferrothorn|Toxic|p1a: Rillaboom
|-status|p1a: Rillaboom|tox
|
|-heal|p1a: Rillaboom|44/100 tox|[from] Grassy Terrain
|-heal|p2a: Ferrothorn|68/100|[from] Grassy Terrain
|-damage|p1a: Rillaboom|38/100 tox|[from] psn
|upkeep
|turn|8
|
|t:|1664747338
|move|p1a: Rillaboom|Drain Punch|p2a: Ferrothorn
|-supereffective|p2a: Ferrothorn
|-damage|p2a: Ferrothorn|0 fnt
|-heal|p1a: Rillaboom|74/100 tox|[from] drain|[of] p2a: Ferrothorn
|-damage|p1a: Rillaboom|61/100 tox|[from] ability: Iron Barbs|[of] p2a: Ferrothorn
|faint|p2a: Ferrothorn
|-damage|p1a: Rillaboom|51/100 tox|[from] item: Life Orb
|
|-heal|p1a: Rillaboom|57/100 tox|[from] Grassy Terrain
|-damage|p1a: Rillaboom|45/100 tox|[from] psn
|upkeep
|
|t:|1664747344
|switch|p2a: Zapdos|Zapdos|100/100
|-damage|p2a: Zapdos|76/100|[from] Stealth Rock
|turn|9
|
|t:|1664747347
|move|p1a: Rillaboom|Grassy Glide|p2a: Zapdos
|-resisted|p2a: Zapdos
|-damage|p2a: Zapdos|0 fnt
|faint|p2a: Zapdos
|-damage|p1a: Rillaboom|35/100 tox|[from] item: Life Orb
|
|-heal|p1a: Rillaboom|41/100 tox|[from] Grassy Terrain
|-damage|p1a: Rillaboom|23/100 tox|[from] psn
|-fieldend|move: Grassy Terrain
|upkeep
|
|t:|1664747350
|switch|p2a: Dragonite|Dragonite, M|100/100
|turn|10
|
|t:|1664747356
|move|p1a: Rillaboom|Knock Off|p2a: Dragonite
|-damage|p2a: Dragonite|59/100
|-enditem|p2a: Dragonite|Heavy-Duty Boots|[from] move: Knock Off|[of] p1a: Rillaboom
|-damage|p1a: Rillaboom|13/100 tox|[from] item: Life Orb
|move|p2a: Dragonite|Roost|p2a: Dragonite
|-heal|p2a: Dragonite|100/100
|-singleturn|p2a: Dragonite|move: Roost
|
|-damage|p1a: Rillaboom|0 fnt|[from] psn
|faint|p1a: Rillaboom
|upkeep
|
|t:|1664747377
|switch|p1a: Dragonite|Dragonite, M|53/100
|turn|11
|
|t:|1664747383
|move|p1a: Dragonite|Extreme Speed|p2a: Dragonite
|-damage|p2a: Dragonite|86/100
|move|p2a: Dragonite|Ice Beam|p1a: Dragonite
|-supereffective|p1a: Dragonite
|-damage|p1a: Dragonite|0 fnt
|faint|p1a: Dragonite
|
|upkeep
|
|t:|1664747385
|switch|p1a: Weavile|Weavile, F|100/100
|-ability|p1a: Weavile|Pressure
|turn|12
|
|t:|1664747390
|move|p1a: Weavile|Swords Dance|p1a: Weavile
|-boost|p1a: Weavile|atk|2
|move|p2a: Dragonite|Flamethrower|p1a: Weavile
|-supereffective|p1a: Weavile
|-damage|p1a: Weavile|21/100
|
|upkeep
|turn|13
|
|t:|1664747394
|move|p1a: Weavile|Ice Shard|p2a: Dragonite
|-supereffective|p2a: Dragonite
|-damage|p2a: Dragonite|0 fnt
|faint|p2a: Dragonite
|-damage|p1a: Weavile|12/100|[from] item: Life Orb
|
|upkeep
|
|t:|1664747397
|switch|p2a: Garchomp|Garchomp, M|100/100
|-damage|p2a: Garchomp|94/100|[from] Stealth Rock
|turn|14
|
|t:|1664747401
|move|p1a: Weavile|Ice Shard|p2a: Garchomp
|-supereffective|p2a: Garchomp
|-damage|p2a: Garchomp|0 fnt
|faint|p2a: Garchomp
|-damage|p1a: Weavile|2/100|[from] item: Life Orb
|
|upkeep
|
|t:|1664747403
|switch|p2a: Swampert|Swampert, F|100/100
|-damage|p2a: Swampert|94/100|[from] Stealth Rock
|turn|15
|
|t:|1664747406
|move|p1a: Weavile|Knock Off|p2a: Swampert
|-damage|p2a: Swampert|0 fnt
|-enditem|p2a: Swampert|Leftovers|[from] move: Knock Off|[of] p1a: Weavile
|faint|p2a: Swampert
|-damage|p1a: Weavile|0 fnt|[from] item: Life Orb
|faint|p1a: Weavile
|
|win|hqstest
|raw|hqstest's rating: 1533 &rarr; <strong>1563</strong><br />(+30 for winning)
|raw|Chipstofer skylark's rating: 1713 &rarr; <strong>1683</strong><br />(-30 for losing)
||Ladder isn't responding, score probably updated but might not have (Request timeout).
