|raw|<div class="broadcast-blue"><strong>This battle is required to be public due to a player having a name starting with 'lt91bb'.</div>
|j|☆OUT Kazt
|j|☆LT91BB gostop
|t:|1659494137
|gametype|singles
|player|p1|OUT Kazt|acetrainersnowf|1724
|player|p2|LT91BB gostop|swimmer-gen4dp|1735
|teamsize|p1|6
|teamsize|p2|6
|gen|8
|tier|[Gen 8] OU
|rated|
|rule|Sleep Clause Mod: Limit one foe put to sleep
|rule|Species Clause: Limit one of each Pokémon
|rule|OHKO Clause: OHKO moves are banned
|rule|Evasion Moves Clause: Evasion moves are banned
|rule|Endless Battle Clause: Forcing endless battles is banned
|rule|HP Percentage Mod: HP is shown in percentages
|rule|Dynamax Clause: You cannot dynamax
|clearpoke
|poke|p1|Heatran, M|
|poke|p1|Heracross, M|
|poke|p1|Landorus-Therian, M|
|poke|p1|Slowbro, F|
|poke|p1|Mandibuzz, F|
|poke|p1|Gengar, F|
|poke|p2|Cresselia, F|
|poke|p2|Clefable, M|
|poke|p2|Quagsire, F|
|poke|p2|Skarmory, F|
|poke|p2|Zapdos|
|poke|p2|Toxapex, M|
|teampreview
|inactive|Battle timer is ON: inactive players will automatically lose when time's up. (requested by OUT Kazt)
|
|t:|1659494154
|start
|switch|p1a: Gengar|Gengar, F|100/100
|switch|p2a: Clefable|Clefable, M|100/100
|turn|1
|
|t:|1659494165
|switch|p2a: Toxapex|Toxapex, M|100/100
|move|p1a: Gengar|Sludge Wave|p2a: Toxapex
|-resisted|p2a: Toxapex
|-damage|p2a: Toxapex|77/100
|
|upkeep
|turn|2
|
|t:|1659494178
|switch|p1a: Slowbro|Slowbro, F|100/100
|move|p2a: Toxapex|Knock Off|p1a: Slowbro
|-supereffective|p1a: Slowbro
|-damage|p1a: Slowbro|81/100
|-damage|p2a: Toxapex|61/100|[from] item: Rocky Helmet|[of] p1a: Slowbro
|-enditem|p1a: Slowbro|Rocky Helmet|[from] move: Knock Off|[of] p2a: Toxapex
|
|upkeep
|turn|3
|
|t:|1659494187
|move|p2a: Toxapex|Toxic|p1a: Slowbro
|-status|p1a: Slowbro|tox
|move|p1a: Slowbro|Future Sight|p2a: Toxapex
|-start|p1a: Slowbro|move: Future Sight
|
|-damage|p1a: Slowbro|75/100 tox|[from] psn
|upkeep
|turn|4
|
|t:|1659494192
|switch|p2a: Cresselia|Cresselia, F|100/100
|move|p1a: Slowbro|Teleport|p1a: Slowbro
|
|t:|1659494196
|switch|p1a: Gengar|Gengar, F|100/100|[from]move: Teleport
|
|upkeep
|turn|5
|
|t:|1659494202
|move|p2a: Cresselia|Protect|p2a: Cresselia
|-singleturn|p2a: Cresselia|Protect
|move|p1a: Gengar|Shadow Ball|p2a: Cresselia
|-activate|p2a: Cresselia|move: Protect
|
|-end|p2a: Cresselia|move: Future Sight
|-resisted|p2a: Cresselia
|-damage|p2a: Cresselia|89/100
|-heal|p2a: Cresselia|95/100|[from] item: Leftovers
|upkeep
|turn|6
|
|t:|1659494206
|switch|p2a: Toxapex|Toxapex, M|94/100
|move|p1a: Gengar|Shadow Ball|p2a: Toxapex
|-damage|p2a: Toxapex|51/100
|
|upkeep
|turn|7
|
|t:|1659494211
|switch|p1a: Slowbro|Slowbro, F|100/100 tox
|move|p2a: Toxapex|Recover|p2a: Toxapex
|-heal|p2a: Toxapex|100/100
|
|-damage|p1a: Slowbro|94/100 tox|[from] psn
|upkeep
|turn|8
|
|t:|1659494223
|switch|p2a: Zapdos|Zapdos|100/100
|-ability|p2a: Zapdos|Pressure
|move|p1a: Slowbro|Future Sight|p2a: Zapdos
|-start|p1a: Slowbro|move: Future Sight
|
|-damage|p1a: Slowbro|82/100 tox|[from] psn
|upkeep
|turn|9
|
|t:|1659494227
|switch|p1a: Heatran|Heatran, M|100/100
|move|p2a: Zapdos|Volt Switch|p1a: Heatran
|-damage|p1a: Heatran|79/100
|j| minamyboy
|l| minamyboy
|
|t:|1659494250
|switch|p2a: Quagsire|Quagsire, F|100/100|[from]move: Volt Switch
|
|-heal|p1a: Heatran|85/100|[from] item: Leftovers
|upkeep
|turn|10
|
|t:|1659494259
|switch|p1a: Slowbro|Slowbro, F|100/100 tox
|switch|p2a: Clefable|Clefable, M|100/100
|
|-end|p2a: Clefable|move: Future Sight
|-damage|p2a: Clefable|68/100
|-damage|p1a: Slowbro|94/100 tox|[from] psn
|upkeep
|turn|11
|
|t:|1659494266
|move|p2a: Clefable|Stealth Rock|p1a: Slowbro
|-sidestart|p1: OUT Kazt|move: Stealth Rock
|move|p1a: Slowbro|Teleport|p1a: Slowbro
|
|t:|1659494267
|switch|p1a: Heatran|Heatran, M|85/100|[from]move: Teleport
|-damage|p1a: Heatran|73/100|[from] Stealth Rock
|
|-heal|p1a: Heatran|79/100|[from] item: Leftovers
|upkeep
|turn|12
|
|t:|1659494272
|switch|p2a: Toxapex|Toxapex, M|100/100
|move|p1a: Heatran|Taunt|p2a: Toxapex
|-start|p2a: Toxapex|move: Taunt
|
|-heal|p1a: Heatran|85/100|[from] item: Leftovers
|upkeep
|turn|13
|
|t:|1659494276
|move|p1a: Heatran|Stealth Rock|p2a: Toxapex
|-sidestart|p2: LT91BB gostop|move: Stealth Rock
|move|p2a: Toxapex|Knock Off|p1a: Heatran
|-damage|p1a: Heatran|72/100
|-enditem|p1a: Heatran|Leftovers|[from] move: Knock Off|[of] p2a: Toxapex
|
|upkeep
|turn|14
|
|t:|1659494282
|switch|p1a: Slowbro|Slowbro, F|100/100 tox
|-damage|p1a: Slowbro|88/100 tox|[from] Stealth Rock
|move|p2a: Toxapex|Knock Off|p1a: Slowbro
|-supereffective|p1a: Slowbro
|-damage|p1a: Slowbro|75/100 tox
|
|-damage|p1a: Slowbro|69/100 tox|[from] psn
|-end|p2a: Toxapex|move: Taunt
|upkeep
|turn|15
|
|t:|1659494300
|switch|p2a: Zapdos|Zapdos|100/100
|-ability|p2a: Zapdos|Pressure
|move|p1a: Slowbro|Future Sight|p2a: Zapdos
|-start|p1a: Slowbro|move: Future Sight
|
|-damage|p1a: Slowbro|57/100 tox|[from] psn
|upkeep
|turn|16
|
|t:|1659494307
|switch|p1a: Landorus|Landorus-Therian, M|100/100
|-damage|p1a: Landorus|88/100|[from] Stealth Rock
|-ability|p1a: Landorus|Intimidate|boost
|-unboost|p2a: Zapdos|atk|1
|move|p2a: Zapdos|Volt Switch|p1a: Landorus
|-immune|p1a: Landorus
|
|upkeep
|turn|17
|
|t:|1659494313
|switch|p2a: Skarmory|Skarmory, F|100/100
|-damage|p2a: Skarmory|88/100|[from] Stealth Rock
|move|p1a: Landorus|Knock Off|p2a: Skarmory
|-damage|p2a: Skarmory|66/100
|-enditem|p2a: Skarmory|Shed Shell|[from] move: Knock Off|[of] p1a: Landorus
|
|-end|p2a: Skarmory|move: Future Sight
|-resisted|p2a: Skarmory
|-damage|p2a: Skarmory|37/100
|upkeep
|turn|18
|
|t:|1659494318
|switch|p1a: Heracross|Heracross, M|100/100
|-damage|p1a: Heracross|88/100|[from] Stealth Rock
|move|p2a: Skarmory|Roost|p2a: Skarmory
|-heal|p2a: Skarmory|87/100
|-singleturn|p2a: Skarmory|move: Roost
|
|-status|p1a: Heracross|brn|[from] item: Flame Orb
|upkeep
|turn|19
|
|t:|1659494341
|switch|p2a: Clefable|Clefable, M|68/100
|move|p1a: Heracross|Facade|p2a: Clefable
|-damage|p2a: Clefable|0 fnt
|faint|p2a: Clefable
|
|-damage|p1a: Heracross|82/100 brn|[from] brn
|upkeep
|
|t:|1659494344
|switch|p2a: Zapdos|Zapdos|100/100
|-ability|p2a: Zapdos|Pressure
|turn|20
|
|t:|1659494350
|switch|p1a: Heatran|Heatran, M|72/100
|-damage|p1a: Heatran|60/100|[from] Stealth Rock
|move|p2a: Zapdos|Hurricane|p1a: Heatran|[miss]
|-miss|p2a: Zapdos|p1a: Heatran
|
|upkeep
|turn|21
|
|t:|1659494353
|move|p2a: Zapdos|Volt Switch|p1a: Heatran
|-damage|p1a: Heatran|41/100
|
|t:|1659494358
|switch|p2a: Toxapex|Toxapex, M|100/100|[from]move: Volt Switch
|-damage|p2a: Toxapex|88/100|[from] Stealth Rock
|move|p1a: Heatran|Magma Storm|p2a: Toxapex
|-resisted|p2a: Toxapex
|-damage|p2a: Toxapex|75/100
|-activate|p2a: Toxapex|move: Magma Storm|[of] p1a: Heatran
|
|-damage|p2a: Toxapex|63/100|[from] move: Magma Storm|[partiallytrapped]
|upkeep
|turn|22
|
|t:|1659494366
|switch|p2a: Quagsire|Quagsire, F|100/100
|-damage|p2a: Quagsire|94/100|[from] Stealth Rock
|move|p1a: Heatran|Earth Power|p2a: Quagsire
|-damage|p2a: Quagsire|64/100
|-unboost|p2a: Quagsire|spd|1
|
|-heal|p2a: Quagsire|70/100|[from] item: Leftovers
|upkeep
|turn|23
|
|t:|1659494372
|switch|p1a: Slowbro|Slowbro, F|90/100 tox
|-damage|p1a: Slowbro|78/100 tox|[from] Stealth Rock
|move|p2a: Quagsire|Earthquake|p1a: Slowbro
|-damage|p1a: Slowbro|59/100 tox
|
|-heal|p2a: Quagsire|76/100|[from] item: Leftovers
|-damage|p1a: Slowbro|53/100 tox|[from] psn
|upkeep
|turn|24
|
|t:|1659494377
|switch|p2a: Zapdos|Zapdos|100/100
|-ability|p2a: Zapdos|Pressure
|move|p1a: Slowbro|Teleport|p1a: Slowbro
|
|t:|1659494379
|switch|p1a: Gengar|Gengar, F|100/100|[from]move: Teleport
|-damage|p1a: Gengar|88/100|[from] Stealth Rock
|
|upkeep
|turn|25
|
|t:|1659494383
|switch|p2a: Toxapex|Toxapex, M|96/100
|-damage|p2a: Toxapex|84/100|[from] Stealth Rock
|move|p1a: Gengar|Shadow Ball|p2a: Toxapex
|-crit|p2a: Toxapex
|-damage|p2a: Toxapex|25/100
|
|upkeep
|turn|26
|
|t:|1659494389
|switch|p2a: Zapdos|Zapdos|100/100
|-ability|p2a: Zapdos|Pressure
|move|p1a: Gengar|Shadow Ball|p2a: Zapdos
|-damage|p2a: Zapdos|51/100
|
|upkeep
|turn|27
|
|t:|1659494395
|move|p1a: Gengar|Shadow Ball|p2a: Zapdos
|-damage|p2a: Zapdos|1/100
|move|p2a: Zapdos|Hurricane|p1a: Gengar
|-damage|p1a: Gengar|16/100
|
|upkeep
|turn|28
|
|t:|1659494400
|move|p1a: Gengar|Shadow Ball|p2a: Zapdos
|-damage|p2a: Zapdos|0 fnt
|faint|p2a: Zapdos
|
|upkeep
|
|t:|1659494402
|switch|p2a: Toxapex|Toxapex, M|58/100
|-damage|p2a: Toxapex|46/100|[from] Stealth Rock
|turn|29
|
|t:|1659494408
|switch|p1a: Slowbro|Slowbro, F|87/100 tox
|-damage|p1a: Slowbro|74/100 tox|[from] Stealth Rock
|move|p2a: Toxapex|Recover|p2a: Toxapex
|-heal|p2a: Toxapex|96/100
|
|-damage|p1a: Slowbro|68/100 tox|[from] psn
|upkeep
|turn|30
|
|t:|1659494413
|move|p2a: Toxapex|Toxic Spikes|p1a: Slowbro
|-sidestart|p1: OUT Kazt|move: Toxic Spikes
|move|p1a: Slowbro|Future Sight|p2a: Toxapex
|-start|p1a: Slowbro|move: Future Sight
|
|-damage|p1a: Slowbro|56/100 tox|[from] psn
|upkeep
|turn|31
|
|t:|1659494419
|switch|p2a: Cresselia|Cresselia, F|95/100
|-damage|p2a: Cresselia|82/100|[from] Stealth Rock
|move|p1a: Slowbro|Teleport|p1a: Slowbro
|
|t:|1659494426
|switch|p1a: Mandibuzz|Mandibuzz, F|100/100|[from]move: Teleport
|
|-heal|p2a: Cresselia|88/100|[from] item: Leftovers
|upkeep
|turn|32
|
|t:|1659494434
|move|p2a: Cresselia|Toxic|p1a: Mandibuzz|[miss]
|-miss|p2a: Cresselia|p1a: Mandibuzz
|move|p1a: Mandibuzz|Defog|p2a: Cresselia
|-unboost|p2a: Cresselia|evasion|1
|-sideend|p2: LT91BB gostop|Stealth Rock|[from] move: Defog|[of] p1a: Mandibuzz
|-sideend|p1: OUT Kazt|Toxic Spikes|[from] move: Defog|[of] p1a: Mandibuzz
|-sideend|p1: OUT Kazt|Stealth Rock|[from] move: Defog|[of] p1a: Mandibuzz
|
|-end|p2a: Cresselia|move: Future Sight
|-resisted|p2a: Cresselia
|-damage|p2a: Cresselia|75/100
|-heal|p2a: Cresselia|82/100|[from] item: Leftovers
|upkeep
|turn|33
|
|t:|1659494440
|switch|p2a: Skarmory|Skarmory, F|87/100
|switch|p1a: Slowbro|Slowbro, F|89/100 tox
|
|-damage|p1a: Slowbro|83/100 tox|[from] psn
|upkeep
|turn|34
|
|t:|1659494445
|switch|p1a: Gengar|Gengar, F|16/100
|move|p2a: Skarmory|Spikes|p1a: Gengar
|-sidestart|p1: OUT Kazt|Spikes
|
|upkeep
|turn|35
|
|t:|1659494449
|switch|p2a: Toxapex|Toxapex, M|100/100
|move|p1a: Gengar|Trick|p2a: Toxapex
|-activate|p1a: Gengar|move: Trick|[of] p2a: Toxapex
|-item|p2a: Toxapex|Choice Specs|[from] move: Trick
|-item|p1a: Gengar|Shed Shell|[from] move: Trick
|
|upkeep
|turn|36
|
|t:|1659494460
|switch|p1a: Mandibuzz|Mandibuzz, F|100/100
|move|p2a: Toxapex|Knock Off|p1a: Mandibuzz
|-resisted|p1a: Mandibuzz
|-damage|p1a: Mandibuzz|96/100
|-enditem|p1a: Mandibuzz|Heavy-Duty Boots|[from] move: Knock Off|[of] p2a: Toxapex
|
|upkeep
|turn|37
|
|t:|1659494471
|switch|p2a: Skarmory|Skarmory, F|87/100
|move|p1a: Mandibuzz|Defog|p2a: Skarmory
|-unboost|p2a: Skarmory|evasion|1
|-sideend|p1: OUT Kazt|Spikes|[from] move: Defog|[of] p1a: Mandibuzz
|
|upkeep
|turn|38
|
|t:|1659494478
|switch|p1a: Gengar|Gengar, F|16/100
|move|p2a: Skarmory|Spikes|p1a: Gengar
|-sidestart|p1: OUT Kazt|Spikes
|
|upkeep
|turn|39
|
|t:|1659494483
|switch|p2a: Toxapex|Toxapex, M|100/100
|move|p1a: Gengar|Shadow Ball|p2a: Toxapex
|-damage|p2a: Toxapex|76/100
|-unboost|p2a: Toxapex|spd|1
|
|upkeep
|turn|40
|
|t:|1659494488
|switch|p1a: Slowbro|Slowbro, F|100/100 tox
|-damage|p1a: Slowbro|88/100 tox|[from] Spikes
|move|p2a: Toxapex|Knock Off|p1a: Slowbro
|-supereffective|p1a: Slowbro
|-damage|p1a: Slowbro|76/100 tox
|
|-damage|p1a: Slowbro|70/100 tox|[from] psn
|upkeep
|turn|41
|
|t:|1659494493
|switch|p2a: Cresselia|Cresselia, F|82/100
|move|p1a: Slowbro|Future Sight|p2a: Cresselia
|-start|p1a: Slowbro|move: Future Sight
|
|-heal|p2a: Cresselia|88/100|[from] item: Leftovers
|-damage|p1a: Slowbro|58/100 tox|[from] psn
|upkeep
|turn|42
|
|t:|1659494505
|move|p2a: Cresselia|Moonlight|p2a: Cresselia
|-heal|p2a: Cresselia|100/100
|move|p1a: Slowbro|Teleport|p1a: Slowbro
|
|t:|1659494508
|switch|p1a: Gengar|Gengar, F|16/100|[from]move: Teleport
|-damage|p1a: Gengar|4/100|[from] Spikes
|
|upkeep
|turn|43
|
|t:|1659494515
|move|p2a: Cresselia|Protect|p2a: Cresselia
|-singleturn|p2a: Cresselia|Protect
|move|p1a: Gengar|Shadow Ball|p2a: Cresselia
|-activate|p2a: Cresselia|move: Protect
|
|-end|p2a: Cresselia|move: Future Sight
|-resisted|p2a: Cresselia
|-damage|p2a: Cresselia|88/100
|-heal|p2a: Cresselia|94/100|[from] item: Leftovers
|upkeep
|turn|44
|
|t:|1659494523
|move|p1a: Gengar|Shadow Ball|p2a: Cresselia
|-supereffective|p2a: Cresselia
|-damage|p2a: Cresselia|42/100
|move|p2a: Cresselia|Ice Beam|p1a: Gengar
|-damage|p1a: Gengar|0 fnt
|faint|p1a: Gengar
|
|-heal|p2a: Cresselia|48/100|[from] item: Leftovers
|upkeep
|
|t:|1659494527
|switch|p1a: Heracross|Heracross, M|82/100 brn
|-damage|p1a: Heracross|70/100 brn|[from] Spikes
|turn|45
|
|t:|1659494539
|switch|p2a: Skarmory|Skarmory, F|87/100
|move|p1a: Heracross|Facade|p2a: Skarmory
|-resisted|p2a: Skarmory
|-damage|p2a: Skarmory|65/100
|
|-damage|p1a: Heracross|63/100 brn|[from] brn
|upkeep
|turn|46
|
|t:|1659494546
|move|p1a: Heracross|Swords Dance|p1a: Heracross
|-boost|p1a: Heracross|atk|2
|move|p2a: Skarmory|Roost|p2a: Skarmory
|-heal|p2a: Skarmory|100/100
|-singleturn|p2a: Skarmory|move: Roost
|
|-damage|p1a: Heracross|57/100 brn|[from] brn
|upkeep
|turn|47
|
|t:|1659494550
|switch|p2a: Toxapex|Toxapex, M|100/100
|move|p1a: Heracross|Close Combat|p2a: Toxapex
|-resisted|p2a: Toxapex
|-damage|p2a: Toxapex|17/100
|-unboost|p1a: Heracross|def|1
|-unboost|p1a: Heracross|spd|1
|
|-damage|p1a: Heracross|51/100 brn|[from] brn
|upkeep
|turn|48
|
|t:|1659494556
|move|p1a: Heracross|Close Combat|p2a: Toxapex
|-resisted|p2a: Toxapex
|-damage|p2a: Toxapex|0 fnt
|-unboost|p1a: Heracross|def|1
|-unboost|p1a: Heracross|spd|1
|faint|p2a: Toxapex
|
|-damage|p1a: Heracross|45/100 brn|[from] brn
|upkeep
|
|t:|1659494559
|switch|p2a: Quagsire|Quagsire, F|76/100
|turn|49
|
|t:|1659494563
|switch|p1a: Slowbro|Slowbro, F|91/100 tox
|-damage|p1a: Slowbro|78/100 tox|[from] Spikes
|move|p2a: Quagsire|Recover|p2a: Quagsire
|-heal|p2a: Quagsire|100/100
|
|-damage|p1a: Slowbro|72/100 tox|[from] psn
|upkeep
|turn|50
|
|t:|1659494569
|switch|p2a: Skarmory|Skarmory, F|100/100
|move|p1a: Slowbro|Scald|p2a: Skarmory
|-damage|p2a: Skarmory|60/100
|-status|p2a: Skarmory|brn
|
|-damage|p1a: Slowbro|60/100 tox|[from] psn
|-damage|p2a: Skarmory|54/100 brn|[from] brn
|upkeep
|turn|51
|
|t:|1659494572
|move|p2a: Skarmory|Spikes|p1a: Slowbro
|-sidestart|p1: OUT Kazt|Spikes
|move|p1a: Slowbro|Scald|p2a: Skarmory
|-damage|p2a: Skarmory|13/100 brn
|
|-damage|p1a: Slowbro|42/100 tox|[from] psn
|-damage|p2a: Skarmory|7/100 brn|[from] brn
|upkeep
|turn|52
|
|t:|1659494575
|move|p2a: Skarmory|Roost|p2a: Skarmory
|-heal|p2a: Skarmory|57/100 brn
|-singleturn|p2a: Skarmory|move: Roost
|move|p1a: Slowbro|Teleport|p1a: Slowbro
|
|t:|1659494578
|switch|p1a: Mandibuzz|Mandibuzz, F|96/100|[from]move: Teleport
|
|-damage|p2a: Skarmory|51/100 brn|[from] brn
|upkeep
|turn|53
|
|t:|1659494581
|move|p1a: Mandibuzz|Defog|p2a: Skarmory
|-unboost|p2a: Skarmory|evasion|1
|-sideend|p1: OUT Kazt|Spikes|[from] move: Defog|[of] p1a: Mandibuzz
|move|p2a: Skarmory|Toxic|p1a: Mandibuzz|[miss]
|-miss|p2a: Skarmory|p1a: Mandibuzz
|
|-damage|p2a: Skarmory|45/100 brn|[from] brn
|upkeep
|turn|54
|
|t:|1659494586
|switch|p1a: Heatran|Heatran, M|41/100
|move|p2a: Skarmory|Roost|p2a: Skarmory
|-heal|p2a: Skarmory|95/100 brn
|-singleturn|p2a: Skarmory|move: Roost
|
|-damage|p2a: Skarmory|89/100 brn|[from] brn
|upkeep
|turn|55
|
|t:|1659494592
|switch|p2a: Quagsire|Quagsire, F|100/100
|move|p1a: Heatran|Stealth Rock|p2a: Quagsire
|-sidestart|p2: LT91BB gostop|move: Stealth Rock
|
|upkeep
|turn|56
|
|t:|1659494597
|switch|p1a: Slowbro|Slowbro, F|75/100 tox
|move|p2a: Quagsire|Scald|p1a: Slowbro
|-resisted|p1a: Slowbro
|-damage|p1a: Slowbro|66/100 tox
|
|-damage|p1a: Slowbro|60/100 tox|[from] psn
|upkeep
|turn|57
|
|t:|1659494603
|switch|p2a: Cresselia|Cresselia, F|48/100
|-damage|p2a: Cresselia|35/100|[from] Stealth Rock
|move|p1a: Slowbro|Teleport|p1a: Slowbro
|
|t:|1659494606
|switch|p1a: Heracross|Heracross, M|45/100 brn|[from]move: Teleport
|
|-heal|p2a: Cresselia|41/100|[from] item: Leftovers
|-damage|p1a: Heracross|39/100 brn|[from] brn
|upkeep
|turn|58
|
|t:|1659494610
|move|p2a: Cresselia|Protect|p2a: Cresselia
|-singleturn|p2a: Cresselia|Protect
|move|p1a: Heracross|Facade|p2a: Cresselia
|-activate|p2a: Cresselia|move: Protect
|
|-heal|p2a: Cresselia|48/100|[from] item: Leftovers
|-damage|p1a: Heracross|32/100 brn|[from] brn
|upkeep
|turn|59
|j| hariyana grande
|
|t:|1659494614
|switch|p2a: Skarmory|Skarmory, F|89/100 brn
|-damage|p2a: Skarmory|77/100 brn|[from] Stealth Rock
|move|p1a: Heracross|Facade|p2a: Skarmory
|-resisted|p2a: Skarmory
|-damage|p2a: Skarmory|54/100 brn
|
|-damage|p1a: Heracross|26/100 brn|[from] brn
|-damage|p2a: Skarmory|48/100 brn|[from] brn
|upkeep
|turn|60
|j| minamyboy
|
|t:|1659494620
|move|p1a: Heracross|Close Combat|p2a: Skarmory
|-damage|p2a: Skarmory|0 fnt
|-unboost|p1a: Heracross|def|1
|-unboost|p1a: Heracross|spd|1
|faint|p2a: Skarmory
|
|-damage|p1a: Heracross|20/100 brn|[from] brn
|upkeep
|
|t:|1659494622
|switch|p2a: Quagsire|Quagsire, F|100/100
|-damage|p2a: Quagsire|94/100|[from] Stealth Rock
|turn|61
|l| minamyboy
|
|t:|1659494629
|switch|p1a: Slowbro|Slowbro, F|93/100 tox
|move|p2a: Quagsire|Scald|p1a: Slowbro
|-resisted|p1a: Slowbro
|-damage|p1a: Slowbro|84/100 tox
|
|-heal|p2a: Quagsire|100/100|[from] item: Leftovers
|-damage|p1a: Slowbro|78/100 tox|[from] psn
|upkeep
|turn|62
|
|t:|1659494633
|move|p2a: Quagsire|Scald|p1a: Slowbro
|-resisted|p1a: Slowbro
|-damage|p1a: Slowbro|69/100 tox
|move|p1a: Slowbro|Teleport|p1a: Slowbro
|
|t:|1659494636
|switch|p1a: Landorus|Landorus-Therian, M|88/100|[from]move: Teleport
|-ability|p1a: Landorus|Intimidate|boost
|-unboost|p2a: Quagsire|atk|1
|
|upkeep
|turn|63
|
|t:|1659494639
|move|p1a: Landorus|U-turn|p2a: Quagsire
|-damage|p2a: Quagsire|79/100
|
|t:|1659494641
|switch|p1a: Slowbro|Slowbro, F|100/100 tox|[from]move: U-turn
|move|p2a: Quagsire|Scald|p1a: Slowbro
|-resisted|p1a: Slowbro
|-damage|p1a: Slowbro|91/100 tox
|
|-heal|p2a: Quagsire|85/100|[from] item: Leftovers
|-damage|p1a: Slowbro|85/100 tox|[from] psn
|upkeep
|turn|64
|
|t:|1659494645
|switch|p2a: Cresselia|Cresselia, F|48/100
|-damage|p2a: Cresselia|35/100|[from] Stealth Rock
|move|p1a: Slowbro|Teleport|p1a: Slowbro
|
|t:|1659494652
|switch|p1a: Heracross|Heracross, M|20/100 brn|[from]move: Teleport
|
|-heal|p2a: Cresselia|41/100|[from] item: Leftovers
|-damage|p1a: Heracross|14/100 brn|[from] brn
|upkeep
|turn|65
|
|t:|1659494655
|move|p2a: Cresselia|Protect|p2a: Cresselia
|-singleturn|p2a: Cresselia|Protect
|move|p1a: Heracross|Facade|p2a: Cresselia
|-activate|p2a: Cresselia|move: Protect
|
|-heal|p2a: Cresselia|47/100|[from] item: Leftovers
|-damage|p1a: Heracross|8/100 brn|[from] brn
|upkeep
|turn|66
|
|t:|1659494663
|move|p2a: Cresselia|Protect|p2a: Cresselia
|-singleturn|p2a: Cresselia|Protect
|move|p1a: Heracross|Facade|p2a: Cresselia
|-activate|p2a: Cresselia|move: Protect
|
|-heal|p2a: Cresselia|53/100|[from] item: Leftovers
|-damage|p1a: Heracross|1/100 brn|[from] brn
|upkeep
|turn|67
|
|t:|1659494666
|move|p2a: Cresselia|Protect||[still]
|-fail|p2a: Cresselia
|move|p1a: Heracross|Facade|p2a: Cresselia
|-damage|p2a: Cresselia|6/100
|
|-heal|p2a: Cresselia|12/100|[from] item: Leftovers
|-damage|p1a: Heracross|0 fnt|[from] brn
|faint|p1a: Heracross
|upkeep
|
|t:|1659494670
|switch|p1a: Landorus|Landorus-Therian, M|88/100
|-ability|p1a: Landorus|Intimidate|boost
|-unboost|p2a: Cresselia|atk|1
|turn|68
|
|t:|1659494678
|move|p2a: Cresselia|Protect|p2a: Cresselia
|-singleturn|p2a: Cresselia|Protect
|move|p1a: Landorus|Knock Off|p2a: Cresselia
|-activate|p2a: Cresselia|move: Protect
|
|-heal|p2a: Cresselia|18/100|[from] item: Leftovers
|upkeep
|turn|69
|
|t:|1659494683
|switch|p2a: Quagsire|Quagsire, F|85/100
|-damage|p2a: Quagsire|79/100|[from] Stealth Rock
|move|p1a: Landorus|Knock Off|p2a: Quagsire
|-damage|p2a: Quagsire|50/100
|-enditem|p2a: Quagsire|Leftovers|[from] move: Knock Off|[of] p1a: Landorus
|
|upkeep
|turn|70
|
|t:|1659494686
|switch|p1a: Slowbro|Slowbro, F|100/100 tox
|move|p2a: Quagsire|Recover|p2a: Quagsire
|-heal|p2a: Quagsire|99/100
|
|-damage|p1a: Slowbro|94/100 tox|[from] psn
|upkeep
|turn|71
|
|t:|1659494694
|move|p2a: Quagsire|Earthquake|p1a: Slowbro
|-damage|p1a: Slowbro|76/100 tox
|move|p1a: Slowbro|Teleport|p1a: Slowbro
|
|t:|1659494696
|switch|p1a: Landorus|Landorus-Therian, M|88/100|[from]move: Teleport
|-ability|p1a: Landorus|Intimidate|boost
|-unboost|p2a: Quagsire|atk|1
|
|upkeep
|turn|72
|
|t:|1659494699
|move|p1a: Landorus|U-turn|p2a: Quagsire
|-damage|p2a: Quagsire|82/100
|
|t:|1659494701
|switch|p1a: Slowbro|Slowbro, F|100/100 tox|[from]move: U-turn
|move|p2a: Quagsire|Scald|p1a: Slowbro
|-resisted|p1a: Slowbro
|-damage|p1a: Slowbro|92/100 tox
|
|-damage|p1a: Slowbro|86/100 tox|[from] psn
|upkeep
|turn|73
|
|t:|1659494709
|move|p2a: Quagsire|Haze|p2a: Quagsire
|-clearallboost
|move|p1a: Slowbro|Scald|p2a: Quagsire
|-crit|p2a: Quagsire
|-damage|p2a: Quagsire|33/100
|-status|p2a: Quagsire|brn
|
|-damage|p1a: Slowbro|73/100 tox|[from] psn
|-damage|p2a: Quagsire|27/100 brn|[from] brn
|upkeep
|turn|74
|-message|LT91BB gostop forfeited.
|
|win|OUT Kazt
|raw|OUT Kazt's rating: 1724 &rarr; <strong>1745</strong><br />(+21 for winning)
|raw|LT91BB gostop's rating: 1735 &rarr; <strong>1714</strong><br />(-21 for losing)
|l|☆LT91BB gostop
|l|☆OUT Kazt
||Ladder isn't responding, score probably updated but might not have (Request timeout).
|j|☆OUT Kazt
|player|p1|OUT Kazt|acetrainersnowf
