|j|☆KVA01
|j|☆ferromolybdenum
|player|p1|KVA01|169|1503
|player|p2|ferromolybdenum|lucas|1524
|teamsize|p1|6
|teamsize|p2|6
|gametype|singles
|gen|8
|tier|[Gen 8] OU
|rated|
|html|<div class="broadcast-red"><strong>OU is currently suspecting Arena Trap! For information on how to participate check out the <a href="https://www.smogon.com/forums/threads/3661134/">suspect thread</a>.</strong></div>
|clearpoke
|poke|p1|Bisharp, M|
|poke|p1|Clefable, F|
|poke|p1|Ferrothorn, M|
|poke|p1|Rotom-Wash|
|poke|p1|Dragapult, F|
|poke|p1|Zeraora|
|poke|p2|Dracovish|
|poke|p2|Trapinch, M|
|poke|p2|Clefable, F|
|poke|p2|Corviknight, F|
|poke|p2|Dragapult, M|
|poke|p2|Rotom-Heat|
|rule|Sleep Clause Mod: Limit one foe put to sleep
|rule|Species Clause: Limit one of each Pokémon
|rule|OHKO Clause: OHKO moves are banned
|rule|Evasion Moves Clause: Evasion moves are banned
|rule|Endless Battle Clause: Forcing endless battles is banned
|rule|HP Percentage Mod: HP is shown in percentages
|rule|Dynamax Clause: You cannot dynamax
|teampreview
|inactive|Battle timer is ON: inactive players will automatically lose when time's up. (requested by KVA01)
|
|start
|switch|p1a: Rotom|Rotom-Wash|100/100
|switch|p2a: Rotom|Rotom-Heat|100/100
|turn|1
|
|switch|p2a: Clefable|Clefable, F|100/100
|move|p1a: Rotom|Hydro Pump|p2a: Clefable
|-damage|p2a: Clefable|68/100
|
|-heal|p2a: Clefable|74/100|[from] item: Leftovers
|upkeep
|turn|2
|
|switch|p1a: Bisharp|Bisharp, M|100/100
|move|p2a: Clefable|Teleport|p2a: Clefable
|
|switch|p2a: Corviknight|Corviknight, F|100/100|[from]move: Teleport
|-ability|p2a: Corviknight|Pressure
|
|upkeep
|turn|3
|
|switch|p1a: Ferrothorn|Ferrothorn, M|100/100
|move|p2a: Corviknight|Body Press|p1a: Ferrothorn
|-supereffective|p1a: Ferrothorn
|-damage|p1a: Ferrothorn|72/100
|-damage|p2a: Corviknight|88/100|[from] ability: Iron Barbs|[of] p1a: Ferrothorn
|
|-heal|p2a: Corviknight|94/100|[from] item: Leftovers
|-heal|p1a: Ferrothorn|78/100|[from] item: Leftovers
|upkeep
|turn|4
|
|switch|p1a: Rotom|Rotom-Wash|100/100
|move|p2a: Corviknight|U-turn|p1a: Rotom
|-damage|p1a: Rotom|80/100
|
|switch|p2a: Clefable|Clefable, F|74/100|[from]move: U-turn
|
|-heal|p2a: Clefable|80/100|[from] item: Leftovers
|upkeep
|turn|5
|
|move|p1a: Rotom|Trick|p2a: Clefable
|-activate|p1a: Rotom|move: Trick|[of] p2a: Clefable
|-item|p2a: Clefable|Choice Scarf|[from] move: Trick
|-item|p1a: Rotom|Leftovers|[from] move: Trick
|move|p2a: Clefable|Moonblast|p1a: Rotom
|-damage|p1a: Rotom|36/100
|
|-heal|p1a: Rotom|43/100|[from] item: Leftovers
|upkeep
|turn|6
|
|switch|p1a: Ferrothorn|Ferrothorn, M|78/100
|move|p2a: Clefable|Moonblast|p1a: Ferrothorn
|-resisted|p1a: Ferrothorn
|-damage|p1a: Ferrothorn|64/100
|-unboost|p1a: Ferrothorn|spa|1
|
|-heal|p1a: Ferrothorn|70/100|[from] item: Leftovers
|upkeep
|turn|7
|
|switch|p2a: Rotom|Rotom-Heat|100/100
|move|p1a: Ferrothorn|Leech Seed|p2a: Rotom
|-start|p2a: Rotom|move: Leech Seed
|
|-heal|p1a: Ferrothorn|77/100|[from] item: Leftovers
|-damage|p2a: Rotom|88/100|[from] Leech Seed|[of] p1a: Ferrothorn
|-heal|p1a: Ferrothorn|87/100|[silent]
|upkeep
|turn|8
|
|switch|p1a: Dragapult|Dragapult, F|100/100
|move|p2a: Rotom|Nasty Plot|p2a: Rotom
|-boost|p2a: Rotom|spa|2
|
|-damage|p2a: Rotom|76/100|[from] Leech Seed|[of] p1a: Dragapult
|upkeep
|turn|9
|
|move|p1a: Dragapult|Shadow Ball|p2a: Rotom
|-damage|p2a: Rotom|23/100
|move|p2a: Rotom|Volt Switch|p1a: Dragapult
|-resisted|p1a: Dragapult
|-damage|p1a: Dragapult|68/100
|
|switch|p2a: Clefable|Clefable, F|80/100|[from]move: Volt Switch
|
|upkeep
|turn|10
|
|switch|p1a: Ferrothorn|Ferrothorn, M|87/100
|move|p2a: Clefable|Teleport|p2a: Clefable
|
|switch|p2a: Rotom|Rotom-Heat|23/100|[from]move: Teleport
|
|-heal|p1a: Ferrothorn|93/100|[from] item: Leftovers
|upkeep
|turn|11
|
|switch|p1a: Dragapult|Dragapult, F|68/100
|move|p2a: Rotom|Toxic|p1a: Dragapult
|-status|p1a: Dragapult|tox
|
|-damage|p1a: Dragapult|62/100 tox|[from] psn
|upkeep
|turn|12
|
|switch|p2a: Corviknight|Corviknight, F|94/100
|-ability|p2a: Corviknight|Pressure
|move|p1a: Dragapult|Shadow Ball|p2a: Corviknight
|-damage|p2a: Corviknight|49/100
|-unboost|p2a: Corviknight|spd|1
|
|-heal|p2a: Corviknight|55/100|[from] item: Leftovers
|-damage|p1a: Dragapult|50/100 tox|[from] psn
|upkeep
|turn|13
|
|switch|p2a: Trapinch|Trapinch, M|100/100
|move|p1a: Dragapult|Shadow Ball|p2a: Trapinch
|-damage|p2a: Trapinch|52/100
|
|-damage|p1a: Dragapult|32/100 tox|[from] psn
|upkeep
|turn|14
|
|move|p1a: Dragapult|Shadow Ball|p2a: Trapinch
|-damage|p2a: Trapinch|6/100
|move|p2a: Trapinch|Earthquake|p1a: Dragapult
|-damage|p1a: Dragapult|0 fnt
|faint|p1a: Dragapult
|
|upkeep
|inactive|KVA01 has 120 seconds left.
|
|switch|p1a: Clefable|Clefable, F|100/100
|turn|15
|
|move|p1a: Clefable|Moonblast|p2a: Trapinch
|-damage|p2a: Trapinch|0 fnt
|faint|p2a: Trapinch
|
|upkeep
|
|switch|p2a: Clefable|Clefable, F|80/100
|turn|16
|
|move|p2a: Clefable|Wish|p2a: Clefable
|move|p1a: Clefable|Stealth Rock|p2a: Clefable
|-sidestart|p2: ferromolybdenum|move: Stealth Rock
|
|upkeep
|turn|17
|
|switch|p2a: Rotom|Rotom-Heat|23/100
|switch|p1a: Rotom|Rotom-Wash|43/100
|
|-heal|p2a: Rotom|88/100|[from] move: Wish|[wisher] Clefable
|-heal|p1a: Rotom|49/100|[from] item: Leftovers
|upkeep
|turn|18
|
|switch|p2a: Dragapult|Dragapult, M|100/100
|-damage|p2a: Dragapult|88/100|[from] Stealth Rock
|move|p1a: Rotom|Hydro Pump|p2a: Dragapult
|-resisted|p2a: Dragapult
|-damage|p2a: Dragapult|56/100
|
|-heal|p1a: Rotom|55/100|[from] item: Leftovers
|upkeep
|turn|19
|
|move|p2a: Dragapult|Shadow Ball|p1a: Rotom
|-damage|p1a: Rotom|12/100
|move|p1a: Rotom|Thunder Wave|p2a: Dragapult
|-status|p2a: Dragapult|par
|
|-heal|p1a: Rotom|19/100|[from] item: Leftovers
|upkeep
|turn|20
|
|move|p2a: Dragapult|Shadow Ball|p1a: Rotom
|-damage|p1a: Rotom|0 fnt
|faint|p1a: Rotom
|
|upkeep
|
|switch|p1a: Ferrothorn|Ferrothorn, M|93/100
|turn|21
|
|switch|p2a: Corviknight|Corviknight, F|55/100
|-damage|p2a: Corviknight|43/100|[from] Stealth Rock
|-ability|p2a: Corviknight|Pressure
|move|p1a: Ferrothorn|Leech Seed|p2a: Corviknight
|-start|p2a: Corviknight|move: Leech Seed
|
|-heal|p2a: Corviknight|49/100|[from] item: Leftovers
|-heal|p1a: Ferrothorn|99/100|[from] item: Leftovers
|-damage|p2a: Corviknight|36/100|[from] Leech Seed|[of] p1a: Ferrothorn
|-heal|p1a: Ferrothorn|100/100|[silent]
|upkeep
|turn|22
|
|switch|p1a: Bisharp|Bisharp, M|100/100
|move|p2a: Corviknight|Roost|p2a: Corviknight
|-heal|p2a: Corviknight|86/100
|-singleturn|p2a: Corviknight|move: Roost
|
|-heal|p2a: Corviknight|93/100|[from] item: Leftovers
|-damage|p2a: Corviknight|80/100|[from] Leech Seed|[of] p1a: Bisharp
|upkeep
|turn|23
|
|switch|p1a: Zeraora|Zeraora|100/100
|move|p2a: Corviknight|Body Press|p1a: Zeraora
|-damage|p1a: Zeraora|65/100
|
|-heal|p2a: Corviknight|86/100|[from] item: Leftovers
|-damage|p2a: Corviknight|74/100|[from] Leech Seed|[of] p1a: Zeraora
|-heal|p1a: Zeraora|81/100|[silent]
|upkeep
|turn|24
|
|switch|p2a: Clefable|Clefable, F|80/100
|move|p1a: Zeraora|Plasma Fists|p2a: Clefable
|-damage|p2a: Clefable|6/100
|-fieldactivate|move: Ion Deluge
|-damage|p1a: Zeraora|71/100|[from] item: Life Orb
|
|upkeep
|turn|25
|
|move|p2a: Clefable|Protect|p2a: Clefable
|-singleturn|p2a: Clefable|Protect
|move|p1a: Zeraora|Grass Knot|p2a: Clefable
|-activate|p2a: Clefable|move: Protect
|
|upkeep
|turn|26
|
|move|p2a: Clefable|Protect||[still]
|-fail|p2a: Clefable
|move|p1a: Zeraora|Plasma Fists|p2a: Clefable
|-damage|p2a: Clefable|0 fnt
|-fieldactivate|move: Ion Deluge
|-damage|p1a: Zeraora|61/100|[from] item: Life Orb
|faint|p2a: Clefable
|
|upkeep
|
|switch|p2a: Rotom|Rotom-Heat|88/100
|turn|27
|
|move|p1a: Zeraora|Close Combat|p2a: Rotom
|-damage|p2a: Rotom|36/100
|-unboost|p1a: Zeraora|def|1
|-unboost|p1a: Zeraora|spd|1
|-damage|p1a: Zeraora|51/100|[from] item: Life Orb
|move|p2a: Rotom|Overheat|p1a: Zeraora
|-damage|p1a: Zeraora|0 fnt
|-unboost|p2a: Rotom|spa|2
|faint|p1a: Zeraora
|
|upkeep
|
|switch|p1a: Bisharp|Bisharp, M|100/100
|turn|28
|
|move|p1a: Bisharp|Sucker Punch|p2a: Rotom
|-damage|p2a: Rotom|0 fnt
|faint|p2a: Rotom
|
|upkeep
|
|switch|p2a: Corviknight|Corviknight, F|74/100
|-damage|p2a: Corviknight|61/100|[from] Stealth Rock
|-ability|p2a: Corviknight|Pressure
|turn|29
|
|switch|p1a: Ferrothorn|Ferrothorn, M|100/100
|move|p2a: Corviknight|Roost|p2a: Corviknight
|-heal|p2a: Corviknight|100/100
|-singleturn|p2a: Corviknight|move: Roost
|
|upkeep
|turn|30
|
|move|p2a: Corviknight|Defog|p1a: Ferrothorn
|-unboost|p1a: Ferrothorn|evasion|1
|-sideend|p2: ferromolybdenum|Stealth Rock|[from] move: Defog|[of] p2a: Corviknight
|move|p1a: Ferrothorn|Thunder Wave|p2a: Corviknight
|-status|p2a: Corviknight|par
|
|upkeep
|turn|31
|
|move|p2a: Corviknight|U-turn|p1a: Ferrothorn
|-damage|p1a: Ferrothorn|91/100
|-damage|p2a: Corviknight|88/100 par|[from] ability: Iron Barbs|[of] p1a: Ferrothorn
|
|switch|p2a: Dragapult|Dragapult, M|56/100 par|[from]move: U-turn
|move|p1a: Ferrothorn|Leech Seed|p2a: Dragapult
|-start|p2a: Dragapult|move: Leech Seed
|
|-heal|p1a: Ferrothorn|98/100|[from] item: Leftovers
|-damage|p2a: Dragapult|43/100 par|[from] Leech Seed|[of] p1a: Ferrothorn
|-heal|p1a: Ferrothorn|100/100|[silent]
|upkeep
|turn|32
|
|switch|p1a: Clefable|Clefable, F|100/100
|move|p2a: Dragapult|Fire Blast|p1a: Clefable
|-damage|p1a: Clefable|78/100
|
|-heal|p1a: Clefable|85/100|[from] item: Leftovers
|-damage|p2a: Dragapult|31/100 par|[from] Leech Seed|[of] p1a: Clefable
|-heal|p1a: Clefable|94/100|[silent]
|upkeep
|turn|33
|
|switch|p2a: Corviknight|Corviknight, F|88/100 par
|-ability|p2a: Corviknight|Pressure
|move|p1a: Clefable|Stealth Rock|p2a: Corviknight
|-sidestart|p2: ferromolybdenum|move: Stealth Rock
|
|-heal|p1a: Clefable|100/100|[from] item: Leftovers
|-heal|p2a: Corviknight|94/100 par|[from] item: Leftovers
|upkeep
|turn|34
|
|switch|p1a: Bisharp|Bisharp, M|100/100
|move|p2a: Corviknight|Defog|p1a: Bisharp
|-unboost|p1a: Bisharp|evasion|1
|-ability|p1a: Bisharp|Defiant
|-boost|p1a: Bisharp|atk|2
|-sideend|p2: ferromolybdenum|Stealth Rock|[from] move: Defog|[of] p2a: Corviknight
|
|-heal|p2a: Corviknight|100/100 par|[from] item: Leftovers
|upkeep
|turn|35
|
|move|p1a: Bisharp|Knock Off|p2a: Corviknight
|-damage|p2a: Corviknight|22/100 par
|-enditem|p2a: Corviknight|Leftovers|[from] move: Knock Off|[of] p1a: Bisharp
|move|p2a: Corviknight|Body Press|p1a: Bisharp
|-supereffective|p1a: Bisharp
|-damage|p1a: Bisharp|0 fnt
|faint|p1a: Bisharp
|
|upkeep
|
|switch|p1a: Clefable|Clefable, F|100/100
|turn|36
|
|move|p1a: Clefable|Moonblast|p2a: Corviknight
|-resisted|p2a: Corviknight
|-damage|p2a: Corviknight|9/100 par
|move|p2a: Corviknight|Roost|p2a: Corviknight
|-heal|p2a: Corviknight|59/100 par
|-singleturn|p2a: Corviknight|move: Roost
|
|upkeep
|turn|37
|-message|KVA01 forfeited.
|
|win|ferromolybdenum
|l|☆KVA01
|raw|KVA01's rating: 1503 &rarr; <strong>1484</strong><br />(-19 for losing)
|raw|ferromolybdenum's rating: 1508 &rarr; <strong>1528</strong><br />(+20 for winning)
