|j|☆Meracx
|j|☆Meroz
|player|p1|Meracx|thorton|1826
|player|p2|Meroz|265|1721
|teamsize|p1|6
|teamsize|p2|6
|gametype|singles
|gen|8
|tier|[Gen 8] OU
|rated|
|clearpoke
|poke|p1|Chandelure, M|
|poke|p1|Mandibuzz, F|
|poke|p1|Clefable, F|
|poke|p1|Zeraora|
|poke|p1|Rillaboom, F|
|poke|p1|Azumarill, M|
|poke|p2|Shuckle, M|
|poke|p2|Exploud, F|
|poke|p2|Heracross, M|
|poke|p2|Bisharp, F|
|poke|p2|Dragapult, M|
|poke|p2|Magearna|
|rule|Sleep Clause Mod: Limit one foe put to sleep
|rule|Species Clause: Limit one of each Pokémon
|rule|OHKO Clause: OHKO moves are banned
|rule|Evasion Moves Clause: Evasion moves are banned
|rule|Endless Battle Clause: Forcing endless battles is banned
|rule|HP Percentage Mod: HP is shown in percentages
|rule|Dynamax Clause: You cannot dynamax
|teampreview
|inactive|Battle timer is ON: inactive players will automatically lose when time's up. (requested by Meroz)
|
|start
|switch|p1a: Azumarill|Azumarill, M|100/100
|switch|p2a: Shuckle|Shuckle, M|100/100
|turn|1
|j| Sneaselman
|
|move|p1a: Azumarill|Liquidation|p2a: Shuckle
|-supereffective|p2a: Shuckle
|-damage|p2a: Shuckle|12/100
|-enditem|p2a: Shuckle|Red Card|[of] p1a: Azumarill
|drag|p1a: Rillaboom|Rillaboom, F|100/100
|-fieldstart|move: Grassy Terrain|[from] ability: Grassy Surge|[of] p1a: Rillaboom
|move|p2a: Shuckle|Sticky Web|p1a: Rillaboom
|-sidestart|p1: Meracx|move: Sticky Web
|
|-heal|p2a: Shuckle|18/100|[from] Grassy Terrain
|upkeep
|turn|2
|
|move|p1a: Rillaboom|Swords Dance|p1a: Rillaboom
|-boost|p1a: Rillaboom|atk|2
|move|p2a: Shuckle|Encore|p1a: Rillaboom
|-start|p1a: Rillaboom|Encore
|
|-heal|p2a: Shuckle|24/100|[from] Grassy Terrain
|upkeep
|turn|3
|
|switch|p1a: Mandibuzz|Mandibuzz, F|100/100
|move|p2a: Shuckle|Stealth Rock|p1a: Mandibuzz
|-sidestart|p1: Meracx|move: Stealth Rock
|
|-heal|p2a: Shuckle|30/100|[from] Grassy Terrain
|upkeep
|turn|4
|
|switch|p2a: Bisharp|Bisharp, F|100/100
|move|p1a: Mandibuzz|Defog|p2a: Bisharp
|-unboost|p2a: Bisharp|evasion|1
|-ability|p2a: Bisharp|Defiant
|-boost|p2a: Bisharp|atk|2
|-sideend|p1: Meracx|Stealth Rock|[from] move: Defog|[of] p1a: Mandibuzz
|-sideend|p1: Meracx|Sticky Web|[from] move: Defog|[of] p1a: Mandibuzz
|-fieldend|move: Grassy Terrain
|
|upkeep
|turn|5
|j| Unbroken Chain
|
|move|p2a: Bisharp|Knock Off|p1a: Mandibuzz
|-resisted|p1a: Mandibuzz
|-damage|p1a: Mandibuzz|61/100
|-enditem|p1a: Mandibuzz|Heavy-Duty Boots|[from] move: Knock Off|[of] p2a: Bisharp
|move|p1a: Mandibuzz|U-turn|p2a: Bisharp
|-damage|p2a: Bisharp|85/100
|
|switch|p1a: Chandelure|Chandelure, M|100/100|[from]move: U-turn
|
|upkeep
|turn|6
|
|move|p1a: Chandelure|Substitute|p1a: Chandelure
|-start|p1a: Chandelure|Substitute
|-damage|p1a: Chandelure|76/100
|move|p2a: Bisharp|Knock Off|p1a: Chandelure
|-supereffective|p1a: Chandelure
|-end|p1a: Chandelure|Substitute
|
|-heal|p1a: Chandelure|82/100|[from] item: Leftovers
|upkeep
|turn|7
|
|move|p2a: Bisharp|Sucker Punch||[still]
|-fail|p2a: Bisharp
|move|p1a: Chandelure|Substitute|p1a: Chandelure
|-start|p1a: Chandelure|Substitute
|-damage|p1a: Chandelure|57/100
|
|-heal|p1a: Chandelure|63/100|[from] item: Leftovers
|upkeep
|turn|8
|
|switch|p2a: Exploud|Exploud, F|100/100
|move|p1a: Chandelure|Calm Mind|p1a: Chandelure
|-boost|p1a: Chandelure|spa|1
|-boost|p1a: Chandelure|spd|1
|
|-heal|p1a: Chandelure|69/100|[from] item: Leftovers
|upkeep
|turn|9
|
|switch|p2a: Dragapult|Dragapult, M|100/100
|move|p1a: Chandelure|Flamethrower|p2a: Dragapult
|-resisted|p2a: Dragapult
|-damage|p2a: Dragapult|34/100
|
|-heal|p1a: Chandelure|75/100|[from] item: Leftovers
|upkeep
|turn|10
|
|move|p2a: Dragapult|Dragon Darts|p1a: Chandelure
|-damage|p1a: Chandelure|24/100
|-anim|p2a: Dragapult|Dragon Darts|p1a: Chandelure
|-damage|p1a: Chandelure|0 fnt
|-damage|p2a: Dragapult|25/100|[from] item: Life Orb
|faint|p1a: Chandelure
|
|upkeep
|
|switch|p1a: Azumarill|Azumarill, M|100/100
|turn|11
|
|move|p2a: Dragapult|Phantom Force||[still]
|-prepare|p2a: Dragapult|Phantom Force|p1a: Azumarill
|move|p1a: Azumarill|Liquidation|p2a: Dragapult|[miss]
|-miss|p1a: Azumarill|p2a: Dragapult
|
|upkeep
|turn|12
|
|switch|p1a: Mandibuzz|Mandibuzz, F|61/100
|move|p2a: Dragapult|Phantom Force|p1a: Mandibuzz|[from]lockedmove
|-resisted|p1a: Mandibuzz
|-damage|p1a: Mandibuzz|44/100
|-damage|p2a: Dragapult|15/100|[from] item: Life Orb
|
|upkeep
|turn|13
|
|switch|p2a: Exploud|Exploud, F|100/100
|move|p1a: Mandibuzz|Roost|p1a: Mandibuzz
|-heal|p1a: Mandibuzz|94/100
|-singleturn|p1a: Mandibuzz|move: Roost
|
|upkeep
|turn|14
|
|move|p2a: Exploud|Boomburst|p1a: Mandibuzz
|-damage|p1a: Mandibuzz|20/100
|move|p1a: Mandibuzz|U-turn|p2a: Exploud
|-damage|p2a: Exploud|84/100
|
|switch|p1a: Zeraora|Zeraora|100/100|[from]move: U-turn
|
|upkeep
|turn|15
|
|move|p1a: Zeraora|Plasma Fists|p2a: Exploud
|-damage|p2a: Exploud|19/100
|-fieldactivate|move: Ion Deluge
|move|p2a: Exploud|Boomburst|p1a: Zeraora
|-immune|p1a: Zeraora|[from] ability: Volt Absorb
|
|upkeep
|turn|16
|
|switch|p2a: Shuckle|Shuckle, M|30/100
|move|p1a: Zeraora|Plasma Fists|p2a: Shuckle
|-damage|p2a: Shuckle|3/100
|-fieldactivate|move: Ion Deluge
|
|upkeep
|turn|17
|
|move|p1a: Zeraora|Plasma Fists|p2a: Shuckle
|-damage|p2a: Shuckle|0 fnt
|-fieldactivate|move: Ion Deluge
|faint|p2a: Shuckle
|
|upkeep
|
|switch|p2a: Magearna|Magearna|100/100
|turn|18
|
|move|p1a: Zeraora|Taunt|p2a: Magearna
|-start|p2a: Magearna|move: Taunt
|move|p2a: Magearna|Fleur Cannon|p1a: Zeraora
|-damage|p1a: Zeraora|27/100
|-unboost|p2a: Magearna|spa|2
|
|-heal|p1a: Zeraora|33/100|[from] item: Leftovers
|upkeep
|turn|19
|
|switch|p1a: Azumarill|Azumarill, M|100/100
|move|p2a: Magearna|Fleur Cannon|p1a: Azumarill
|-damage|p1a: Azumarill|69/100
|-unboost|p2a: Magearna|spa|2
|
|upkeep
|turn|20
|
|move|p1a: Azumarill|Liquidation|p2a: Magearna
|-damage|p2a: Magearna|43/100
|-unboost|p2a: Magearna|def|1
|-enditem|p2a: Magearna|Sitrus Berry|[eat]
|-heal|p2a: Magearna|68/100|[from] item: Sitrus Berry
|move|p2a: Magearna|Explosion|p1a: Azumarill
|-damage|p1a: Azumarill|8/100
|faint|p2a: Magearna
|
|upkeep
|
|switch|p2a: Bisharp|Bisharp, F|85/100
|turn|21
|
|move|p2a: Bisharp|Iron Head|p1a: Azumarill
|-damage|p1a: Azumarill|0 fnt
|faint|p1a: Azumarill
|
|upkeep
|
|switch|p1a: Rillaboom|Rillaboom, F|100/100
|-fieldstart|move: Grassy Terrain|[from] ability: Grassy Surge|[of] p1a: Rillaboom
|turn|22
|
|switch|p2a: Dragapult|Dragapult, M|15/100
|move|p1a: Rillaboom|Drain Punch|p2a: Dragapult
|-immune|p2a: Dragapult
|
|-heal|p2a: Dragapult|21/100|[from] Grassy Terrain
|upkeep
|turn|23
|
|move|p2a: Dragapult|Dragon Darts|p1a: Rillaboom
|-damage|p1a: Rillaboom|61/100
|-anim|p2a: Dragapult|Dragon Darts|p1a: Rillaboom
|-damage|p1a: Rillaboom|22/100
|-damage|p2a: Dragapult|11/100|[from] item: Life Orb
|move|p1a: Rillaboom|Swords Dance|p1a: Rillaboom
|-boost|p1a: Rillaboom|atk|2
|
|-heal|p2a: Dragapult|17/100|[from] Grassy Terrain
|-heal|p1a: Rillaboom|28/100|[from] Grassy Terrain
|upkeep
|turn|24
|
|move|p1a: Rillaboom|Grassy Glide|p2a: Dragapult
|-resisted|p2a: Dragapult
|-damage|p2a: Dragapult|0 fnt
|-damage|p1a: Rillaboom|18/100|[from] item: Life Orb
|faint|p2a: Dragapult
|
|-heal|p1a: Rillaboom|25/100|[from] Grassy Terrain
|upkeep
|
|switch|p2a: Bisharp|Bisharp, F|85/100
|turn|25
|
|move|p2a: Bisharp|Sucker Punch|p1a: Rillaboom
|-damage|p1a: Rillaboom|0 fnt
|faint|p1a: Rillaboom
|
|-heal|p2a: Bisharp|91/100|[from] Grassy Terrain
|upkeep
|
|switch|p1a: Zeraora|Zeraora|33/100
|turn|26
|
|move|p2a: Bisharp|Sucker Punch||[still]
|-fail|p2a: Bisharp
|move|p1a: Zeraora|Taunt|p2a: Bisharp
|-start|p2a: Bisharp|move: Taunt
|
|-heal|p1a: Zeraora|39/100|[from] item: Leftovers
|-heal|p1a: Zeraora|45/100|[from] Grassy Terrain
|-heal|p2a: Bisharp|97/100|[from] Grassy Terrain
|-fieldend|move: Grassy Terrain
|upkeep
|turn|27
|
|move|p2a: Bisharp|Sucker Punch|p1a: Zeraora
|-damage|p1a: Zeraora|0 fnt
|faint|p1a: Zeraora
|
|upkeep
|-message|Meracx forfeited.
|
|win|Meroz
|l|☆Meracx
|raw|Meracx's rating: 1798 &rarr; <strong>1774</strong><br />(-24 for losing)
|raw|Meroz's rating: 1737 &rarr; <strong>1761</strong><br />(+24 for winning)
|l| Unbroken Chain
|l|☆Meroz
