|raw|<div class="broadcast-blue"><strong>This battle is required to be public due to a player having a name starting with 'lt94je'.</div>
|j|☆GGeorgie◕‿◕
|j|☆LT94JECRYANDHIDE
|t:|1661654714
|gametype|singles
|player|p1|GGeorgie◕‿◕|hiker-gen2|1694
|player|p2|LT94JECRYANDHIDE|#mplviiithunders|1824
|teamsize|p1|6
|teamsize|p2|6
|gen|8
|tier|[Gen 8] OU
|rated|
|rule|Sleep Clause Mod: Limit one foe put to sleep
|rule|Species Clause: Limit one of each Pokémon
|rule|OHKO Clause: OHKO moves are banned
|rule|Evasion Items Clause: Evasion items are banned
|rule|Evasion Moves Clause: Evasion moves are banned
|rule|Endless Battle Clause: Forcing endless battles is banned
|rule|HP Percentage Mod: HP is shown in percentages
|rule|Dynamax Clause: You cannot dynamax
|clearpoke
|poke|p1|Zapdos|
|poke|p1|Tyranitar, M|
|poke|p1|Landorus-Therian, M|
|poke|p1|Excadrill, F|
|poke|p1|Clefable, F|
|poke|p1|Ferrothorn, M|
|poke|p2|Melmetal|
|poke|p2|Dragonite, M|
|poke|p2|Magnezone|
|poke|p2|Slowking, M|
|poke|p2|Chansey, F|
|poke|p2|Landorus-Therian, M|
|teampreview
|inactive|Battle timer is ON: inactive players will automatically lose when time's up. (requested by LT94JECRYANDHIDE)
|
|t:|1661654725
|start
|switch|p1a: Clefable|Clefable, F|100/100
|switch|p2a: Melmetal|Melmetal|100/100
|turn|1
|
|t:|1661654738
|switch|p1a: Ferrothorn|Ferrothorn, M, shiny|100/100
|move|p2a: Melmetal|Rock Slide|p1a: Ferrothorn
|-resisted|p1a: Ferrothorn
|-damage|p1a: Ferrothorn|87/100
|
|upkeep
|turn|2
|
|t:|1661654744
|move|p2a: Melmetal|Rock Slide|p1a: Ferrothorn
|-resisted|p1a: Ferrothorn
|-damage|p1a: Ferrothorn|72/100
|move|p1a: Ferrothorn|Spikes|p2a: Melmetal
|-sidestart|p2: LT94JECRYANDHIDE|Spikes
|
|upkeep
|turn|3
|
|t:|1661654747
|switch|p2a: Magnezone|Magnezone|100/100
|-item|p2a: Magnezone|Air Balloon
|switch|p1a: Landorus|Landorus-Therian, M|100/100
|-ability|p1a: Landorus|Intimidate|boost
|-unboost|p2a: Magnezone|atk|1
|
|upkeep
|turn|4
|
|t:|1661654761
|switch|p2a: Landorus|Landorus-Therian, M|100/100
|-ability|p2a: Landorus|Intimidate|boost
|-unboost|p1a: Landorus|atk|1
|move|p1a: Landorus|U-turn|p2a: Landorus
|-resisted|p2a: Landorus
|-damage|p2a: Landorus|91/100
|
|t:|1661654767
|switch|p1a: Zapdos|Zapdos|100/100|[from]move: U-turn
|
|upkeep
|turn|5
|
|t:|1661654771
|switch|p2a: Chansey|Chansey, F|100/100
|-damage|p2a: Chansey|88/100|[from] Spikes
|switch|p1a: Landorus|Landorus-Therian, M|100/100
|-ability|p1a: Landorus|Intimidate|boost
|-unboost|p2a: Chansey|atk|1
|
|upkeep
|turn|6
|
|t:|1661654773
|move|p1a: Landorus|U-turn|p2a: Chansey
|-damage|p2a: Chansey|70/100
|
|t:|1661654776
|switch|p1a: Tyranitar|Tyranitar, M, shiny|100/100|[from]move: U-turn
|-weather|Sandstorm|[from] ability: Sand Stream|[of] p1a: Tyranitar
|move|p2a: Chansey|Stealth Rock|p1a: Tyranitar
|-sidestart|p1: GGeorgie◕‿◕|move: Stealth Rock
|
|-weather|Sandstorm|[upkeep]
|-damage|p2a: Chansey|64/100|[from] Sandstorm
|upkeep
|turn|7
|
|t:|1661654781
|switch|p2a: Dragonite|Dragonite, M|100/100
|move|p1a: Tyranitar|Taunt|p2a: Dragonite
|-start|p2a: Dragonite|move: Taunt
|
|-weather|Sandstorm|[upkeep]
|-damage|p2a: Dragonite|94/100|[from] Sandstorm
|upkeep
|turn|8
|
|t:|1661654784
|switch|p2a: Melmetal|Melmetal|100/100
|-damage|p2a: Melmetal|88/100|[from] Spikes
|move|p1a: Tyranitar|Stone Edge|p2a: Melmetal
|-resisted|p2a: Melmetal
|-damage|p2a: Melmetal|70/100
|
|-weather|Sandstorm|[upkeep]
|upkeep
|turn|9
|
|t:|1661654787
|switch|p1a: Ferrothorn|Ferrothorn, M, shiny|72/100
|-damage|p1a: Ferrothorn|66/100|[from] Stealth Rock
|move|p2a: Melmetal|Double Iron Bash|p1a: Ferrothorn
|-resisted|p1a: Ferrothorn
|-damage|p1a: Ferrothorn|47/100
|-damage|p2a: Melmetal|57/100|[from] ability: Iron Barbs|[of] p1a: Ferrothorn
|-damage|p2a: Melmetal|41/100|[from] item: Rocky Helmet|[of] p1a: Ferrothorn
|-resisted|p1a: Ferrothorn
|-damage|p1a: Ferrothorn|26/100
|-damage|p2a: Melmetal|29/100|[from] ability: Iron Barbs|[of] p1a: Ferrothorn
|-damage|p2a: Melmetal|12/100|[from] item: Rocky Helmet|[of] p1a: Ferrothorn
|-hitcount|p1a: Ferrothorn|2
|
|-weather|Sandstorm|[upkeep]
|upkeep
|turn|10
|
|t:|1661654794
|move|p2a: Melmetal|Double Iron Bash|p1a: Ferrothorn
|-resisted|p1a: Ferrothorn
|-damage|p1a: Ferrothorn|7/100
|-damage|p2a: Melmetal|0 fnt|[from] ability: Iron Barbs|[of] p1a: Ferrothorn
|faint|p2a: Melmetal
|-hitcount|p1a: Ferrothorn|1
|cant|p1a: Ferrothorn|flinch
|
|-weather|none
|upkeep
|
|t:|1661654797
|switch|p2a: Magnezone|Magnezone|100/100
|-item|p2a: Magnezone|Air Balloon
|turn|11
|
|t:|1661654801
|move|p2a: Magnezone|Discharge|p1a: Ferrothorn
|-resisted|p1a: Ferrothorn
|-damage|p1a: Ferrothorn|0 fnt
|faint|p1a: Ferrothorn
|
|upkeep
|
|t:|1661654803
|switch|p1a: Landorus|Landorus-Therian, M|100/100
|-damage|p1a: Landorus|88/100|[from] Stealth Rock
|-ability|p1a: Landorus|Intimidate|boost
|-unboost|p2a: Magnezone|atk|1
|turn|12
|
|t:|1661654810
|switch|p2a: Landorus|Landorus-Therian, M|91/100
|-ability|p2a: Landorus|Intimidate|boost
|-unboost|p1a: Landorus|atk|1
|move|p1a: Landorus|U-turn|p2a: Landorus
|-resisted|p2a: Landorus
|-damage|p2a: Landorus|82/100
|
|t:|1661654814
|switch|p1a: Clefable|Clefable, F|100/100|[from]move: U-turn
|
|upkeep
|turn|13
|
|t:|1661654818
|switch|p2a: Chansey|Chansey, F|64/100
|-damage|p2a: Chansey|51/100|[from] Spikes
|switch|p1a: Landorus|Landorus-Therian, M|88/100
|-damage|p1a: Landorus|76/100|[from] Stealth Rock
|-ability|p1a: Landorus|Intimidate|boost
|-unboost|p2a: Chansey|atk|1
|
|upkeep
|turn|14
|
|t:|1661654826
|move|p1a: Landorus|U-turn|p2a: Chansey
|-damage|p2a: Chansey|34/100
|
|t:|1661654828
|switch|p1a: Tyranitar|Tyranitar, M, shiny|100/100|[from]move: U-turn
|-damage|p1a: Tyranitar|88/100|[from] Stealth Rock
|-weather|Sandstorm|[from] ability: Sand Stream|[of] p1a: Tyranitar
|move|p2a: Chansey|Soft-Boiled|p2a: Chansey
|-heal|p2a: Chansey|85/100
|
|-weather|Sandstorm|[upkeep]
|-damage|p2a: Chansey|78/100|[from] Sandstorm
|upkeep
|turn|15
|
|t:|1661654831
|switch|p2a: Landorus|Landorus-Therian, M|82/100
|-ability|p2a: Landorus|Intimidate|boost
|-unboost|p1a: Tyranitar|atk|1
|move|p1a: Tyranitar|Stone Edge|p2a: Landorus
|-damage|p2a: Landorus|37/100
|
|-weather|Sandstorm|[upkeep]
|upkeep
|turn|16
|
|t:|1661654835
|switch|p1a: Landorus|Landorus-Therian, M|76/100
|-damage|p1a: Landorus|64/100|[from] Stealth Rock
|-ability|p1a: Landorus|Intimidate|boost
|-unboost|p2a: Landorus|atk|1
|move|p2a: Landorus|U-turn|p1a: Landorus
|-resisted|p1a: Landorus
|-damage|p1a: Landorus|53/100
|
|t:|1661654838
|switch|p2a: Dragonite|Dragonite, M|94/100|[from]move: U-turn
|
|-weather|Sandstorm|[upkeep]
|-damage|p2a: Dragonite|88/100|[from] Sandstorm
|upkeep
|turn|17
|
|t:|1661654841
|move|p1a: Landorus|Explosion|p2a: Dragonite
|-damage|p2a: Dragonite|30/100
|faint|p1a: Landorus
|move|p2a: Dragonite|Ice Beam|p1: Landorus|[notarget]
|-fail|p2a: Dragonite
|
|-weather|Sandstorm|[upkeep]
|-damage|p2a: Dragonite|24/100|[from] Sandstorm
|upkeep
|
|t:|1661654848
|switch|p1a: Zapdos|Zapdos|100/100
|-damage|p1a: Zapdos|76/100|[from] Stealth Rock
|turn|18
|
|t:|1661654852
|switch|p2a: Chansey|Chansey, F|78/100
|-damage|p2a: Chansey|66/100|[from] Spikes
|move|p1a: Zapdos|Volt Switch|p2a: Chansey
|-damage|p2a: Chansey|50/100
|
|t:|1661654854
|switch|p1a: Excadrill|Excadrill, F|100/100|[from]move: Volt Switch
|-damage|p1a: Excadrill|97/100|[from] Stealth Rock
|
|-weather|none
|-heal|p1a: Excadrill|100/100|[from] item: Leftovers
|upkeep
|turn|19
|
|t:|1661654861
|move|p1a: Excadrill|Rapid Spin|p2a: Chansey
|-damage|p2a: Chansey|38/100
|-boost|p1a: Excadrill|spe|1
|-sideend|p1: GGeorgie◕‿◕|Stealth Rock|[from] move: Rapid Spin|[of] p1a: Excadrill
|move|p2a: Chansey|Soft-Boiled|p2a: Chansey
|-heal|p2a: Chansey|88/100
|
|upkeep
|turn|20
|
|t:|1661654866
|move|p1a: Excadrill|Swords Dance|p1a: Excadrill
|-boost|p1a: Excadrill|atk|2
|move|p2a: Chansey|Wish|p2a: Chansey
|
|upkeep
|turn|21
|
|t:|1661654877
|switch|p2a: Slowking|Slowking, M|100/100
|move|p1a: Excadrill|Iron Head|p2a: Slowking
|-resisted|p2a: Slowking
|-damage|p2a: Slowking|61/100
|
|-heal|p2a: Slowking|100/100|[from] move: Wish|[wisher] Chansey
|upkeep
|turn|22
|
|t:|1661654896
|move|p1a: Excadrill|Earthquake|p2a: Slowking
|-damage|p2a: Slowking|5/100
|move|p2a: Slowking|Scald|p1a: Excadrill
|-supereffective|p1a: Excadrill
|-damage|p1a: Excadrill|32/100
|
|-heal|p1a: Excadrill|38/100|[from] item: Leftovers
|upkeep
|turn|23
|
|t:|1661654903
|move|p1a: Excadrill|Rapid Spin|p2a: Slowking
|-damage|p2a: Slowking|0 fnt
|-boost|p1a: Excadrill|spe|1
|faint|p2a: Slowking
|
|-heal|p1a: Excadrill|45/100|[from] item: Leftovers
|upkeep
|
|t:|1661654904
|switch|p2a: Magnezone|Magnezone|100/100
|-item|p2a: Magnezone|Air Balloon
|turn|24
|
|t:|1661654906
|move|p1a: Excadrill|Iron Head|p2a: Magnezone
|-resisted|p2a: Magnezone
|-damage|p2a: Magnezone|81/100
|-enditem|p2a: Magnezone|Air Balloon
|move|p2a: Magnezone|Body Press|p1a: Excadrill
|-supereffective|p1a: Excadrill
|-damage|p1a: Excadrill|0 fnt
|faint|p1a: Excadrill
|
|upkeep
|
|t:|1661654911
|switch|p1a: Zapdos|Zapdos|76/100
|turn|25
|
|t:|1661654919
|switch|p2a: Chansey|Chansey, F|88/100
|-damage|p2a: Chansey|76/100|[from] Spikes
|move|p1a: Zapdos|Volt Switch|p2a: Chansey
|-damage|p2a: Chansey|59/100
|
|t:|1661654921
|switch|p1a: Tyranitar|Tyranitar, M, shiny|88/100|[from]move: Volt Switch
|-weather|Sandstorm|[from] ability: Sand Stream|[of] p1a: Tyranitar
|
|-weather|Sandstorm|[upkeep]
|-damage|p2a: Chansey|53/100|[from] Sandstorm
|upkeep
|turn|26
|
|t:|1661654924
|switch|p2a: Magnezone|Magnezone|81/100
|-damage|p2a: Magnezone|69/100|[from] Spikes
|move|p1a: Tyranitar|Stone Edge|p2a: Magnezone
|-resisted|p2a: Magnezone
|-crit|p2a: Magnezone
|-damage|p2a: Magnezone|28/100
|
|-weather|Sandstorm|[upkeep]
|upkeep
|turn|27
|
|t:|1661654929
|move|p1a: Tyranitar|Earthquake|p2a: Magnezone
|-supereffective|p2a: Magnezone
|-damage|p2a: Magnezone|0 fnt
|faint|p2a: Magnezone
|
|-weather|Sandstorm|[upkeep]
|upkeep
|
|t:|1661654931
|switch|p2a: Landorus|Landorus-Therian, M|37/100
|-ability|p2a: Landorus|Intimidate|boost
|-unboost|p1a: Tyranitar|atk|1
|turn|28
|
|t:|1661654935
|move|p2a: Landorus|U-turn|p1a: Tyranitar
|-supereffective|p1a: Tyranitar
|-damage|p1a: Tyranitar|39/100
|
|t:|1661654936
|switch|p2a: Dragonite|Dragonite, M|24/100|[from]move: U-turn
|move|p1a: Tyranitar|Stone Edge|p2a: Dragonite
|-supereffective|p2a: Dragonite
|-damage|p2a: Dragonite|0 fnt
|faint|p2a: Dragonite
|
|-weather|Sandstorm|[upkeep]
|upkeep
|
|t:|1661654937
|switch|p2a: Landorus|Landorus-Therian, M|37/100
|-ability|p2a: Landorus|Intimidate|boost
|-unboost|p1a: Tyranitar|atk|1
|turn|29
|
|t:|1661654940
|switch|p1a: Zapdos|Zapdos|76/100
|move|p2a: Landorus|U-turn|p1a: Zapdos
|-resisted|p1a: Zapdos
|-damage|p1a: Zapdos|60/100
|
|t:|1661654941
|switch|p2a: Chansey|Chansey, F|53/100|[from]move: U-turn
|-damage|p2a: Chansey|40/100|[from] Spikes
|
|-weather|none
|upkeep
|turn|30
|
|t:|1661654943
|move|p1a: Zapdos|Volt Switch|p2a: Chansey
|-damage|p2a: Chansey|24/100
|
|t:|1661654945
|switch|p1a: Tyranitar|Tyranitar, M, shiny|39/100|[from]move: Volt Switch
|-weather|Sandstorm|[from] ability: Sand Stream|[of] p1a: Tyranitar
|move|p2a: Chansey|Soft-Boiled|p2a: Chansey
|-heal|p2a: Chansey|74/100
|
|-weather|Sandstorm|[upkeep]
|-damage|p2a: Chansey|68/100|[from] Sandstorm
|upkeep
|turn|31
|
|t:|1661654947
|move|p1a: Tyranitar|Stone Edge|p2a: Chansey|[miss]
|-miss|p1a: Tyranitar|p2a: Chansey
|move|p2a: Chansey|Seismic Toss|p1a: Tyranitar
|-damage|p1a: Tyranitar|10/100
|
|-weather|Sandstorm|[upkeep]
|-damage|p2a: Chansey|62/100|[from] Sandstorm
|upkeep
|turn|32
|
|t:|1661654948
|move|p1a: Tyranitar|Stone Edge|p2a: Chansey
|-damage|p2a: Chansey|24/100
|move|p2a: Chansey|Seismic Toss|p1a: Tyranitar
|-damage|p1a: Tyranitar|0 fnt
|faint|p1a: Tyranitar
|
|-weather|Sandstorm|[upkeep]
|-damage|p2a: Chansey|18/100|[from] Sandstorm
|upkeep
|
|t:|1661654951
|switch|p1a: Zapdos|Zapdos|60/100
|turn|33
|
|t:|1661654953
|move|p1a: Zapdos|Thunderbolt|p2a: Chansey
|-damage|p2a: Chansey|0 fnt
|faint|p2a: Chansey
|
|-weather|Sandstorm|[upkeep]
|-damage|p1a: Zapdos|53/100|[from] Sandstorm
|upkeep
|-message|LT94JECRYANDHIDE forfeited.
|
|win|GGeorgie◕‿◕
|raw|GGeorgie◕‿◕'s rating: 1694 &rarr; <strong>1721</strong><br />(+27 for winning)
|raw|LT94JECRYANDHIDE's rating: 1824 &rarr; <strong>1797</strong><br />(-27 for losing)
|l|☆LT94JECRYANDHIDE
