|j|☆yokcnosoy100tifico
|j|‽hypervortexreturns
|t:|1664617526
|gametype|singles
|player|p1|yokcnosoy100tifico|2|1649
|player|p2|hypervortexreturns|2|1956
|teamsize|p1|6
|teamsize|p2|6
|gen|8
|tier|[Gen 8] OU
|rated|
|rule|Sleep Clause Mod: Limit one foe put to sleep
|rule|Species Clause: Limit one of each Pokémon
|rule|OHKO Clause: OHKO moves are banned
|rule|Evasion Items Clause: Evasion items are banned
|rule|Evasion Moves Clause: Evasion moves are banned
|rule|Endless Battle Clause: Forcing endless battles is banned
|rule|HP Percentage Mod: HP is shown in percentages
|rule|Dynamax Clause: You cannot dynamax
|clearpoke
|poke|p1|Ninetales-Alola, M|
|poke|p1|Heatran, M|
|poke|p1|Landorus-Therian, M|
|poke|p1|Tapu Fini|
|poke|p1|Arctozolt|
|poke|p1|Kartana|
|poke|p2|Hydreigon, M|
|poke|p2|Zapdos|
|poke|p2|Tangrowth, M|
|poke|p2|Corviknight, F|
|poke|p2|Excadrill, F|
|poke|p2|Azumarill, M|
|teampreview
|
|t:|1664617540
|start
|switch|p1a: Ninetales|Ninetales-Alola, M|100/100
|switch|p2a: Azumarill|Azumarill, M|100/100
|-weather|Hail|[from] ability: Snow Warning|[of] p1a: Ninetales
|turn|1
|
|t:|1664617569
|move|p1a: Ninetales|Aurora Veil|p1a: Ninetales
|-sidestart|p1: yokcnosoy100tifico|move: Aurora Veil
|move|p2a: Azumarill|Knock Off|p1a: Ninetales
|-resisted|p1a: Ninetales
|-damage|p1a: Ninetales|88/100
|-enditem|p1a: Ninetales|Icy Rock|[from] move: Knock Off|[of] p2a: Azumarill
|
|-weather|Hail|[upkeep]
|-damage|p2a: Azumarill|94/100|[from] Hail
|upkeep
|turn|2
|
|t:|1664617584
|move|p1a: Ninetales|Freeze-Dry|p2a: Azumarill
|-supereffective|p2a: Azumarill
|-damage|p2a: Azumarill|48/100
|-status|p2a: Azumarill|frz
|-enditem|p2a: Azumarill|Sitrus Berry|[eat]
|-heal|p2a: Azumarill|73/100 frz|[from] item: Sitrus Berry
|cant|p2a: Azumarill|frz
|
|-weather|Hail|[upkeep]
|-damage|p2a: Azumarill|67/100 frz|[from] Hail
|upkeep
|turn|3
|
|t:|1664617617
|switch|p1a: Destroyer|Arctozolt, shiny|100/100
|-curestatus|p2a: Azumarill|frz|[msg]
|move|p2a: Azumarill|Knock Off|p1a: Destroyer
|-damage|p1a: Destroyer|78/100
|-enditem|p1a: Destroyer|Heavy-Duty Boots|[from] move: Knock Off|[of] p2a: Azumarill
|
|-weather|Hail|[upkeep]
|-damage|p2a: Azumarill|61/100|[from] Hail
|upkeep
|turn|4
|inactive|Battle timer is ON: inactive players will automatically lose when time's up. (requested by yokcnosoy100tifico)
|
|t:|1664617643
|move|p1a: Destroyer|Substitute|p1a: Destroyer
|-start|p1a: Destroyer|Substitute
|-damage|p1a: Destroyer|53/100
|move|p2a: Azumarill|Play Rough|p1a: Destroyer
|-end|p1a: Destroyer|Substitute
|
|-weather|Hail|[upkeep]
|-damage|p2a: Azumarill|55/100|[from] Hail
|upkeep
|turn|5
|
|t:|1664617667
|switch|p2a: Excadrill|Excadrill, F|100/100
|-ability|p2a: Excadrill|Mold Breaker
|move|p1a: Destroyer|Bolt Beak|p2a: Excadrill
|-immune|p2a: Excadrill
|
|-weather|Hail|[upkeep]
|-damage|p2a: Excadrill|94/100|[from] Hail
|-heal|p2a: Excadrill|100/100|[from] item: Leftovers
|-sideend|p1: yokcnosoy100tifico|move: Aurora Veil
|upkeep
|turn|6
|
|t:|1664617687
|switch|p1a: Landorus|Landorus-Therian, M|100/100
|-ability|p1a: Landorus|Intimidate|boost
|-unboost|p2a: Excadrill|atk|1
|move|p2a: Excadrill|Earthquake|p1a: Landorus
|-immune|p1a: Landorus
|
|-weather|Hail|[upkeep]
|-damage|p2a: Excadrill|94/100|[from] Hail
|-damage|p1a: Landorus|94/100|[from] Hail
|-heal|p2a: Excadrill|100/100|[from] item: Leftovers
|-heal|p1a: Landorus|100/100|[from] item: Leftovers
|upkeep
|turn|7
|inactive|hypervortexreturns has 120 seconds left.
|
|t:|1664617721
|switch|p2a: Zapdos|Zapdos|100/100
|move|p1a: Landorus|Knock Off|p2a: Zapdos
|-damage|p2a: Zapdos|70/100
|-enditem|p2a: Zapdos|Heavy-Duty Boots|[from] move: Knock Off|[of] p1a: Landorus
|
|-weather|Hail|[upkeep]
|-damage|p2a: Zapdos|64/100|[from] Hail
|-damage|p1a: Landorus|94/100|[from] Hail
|-heal|p1a: Landorus|100/100|[from] item: Leftovers
|upkeep
|turn|8
|inactive|yokcnosoy100tifico has 120 seconds left.
|
|t:|1664617749
|move|p2a: Zapdos|Hurricane|p1a: Landorus|[miss]
|-miss|p2a: Zapdos|p1a: Landorus
|move|p1a: Landorus|U-turn|p2a: Zapdos
|-resisted|p2a: Zapdos
|-damage|p2a: Zapdos|53/100
|
|t:|1664617762
|switch|p1a: Ninetales|Ninetales-Alola, M|88/100|[from]move: U-turn
|
|-weather|none
|upkeep
|turn|9
|
|t:|1664617774
|move|p1a: Ninetales|Freeze-Dry|p2a: Zapdos
|-supereffective|p2a: Zapdos
|-damage|p2a: Zapdos|12/100
|move|p2a: Zapdos|Discharge|p1a: Ninetales
|-damage|p1a: Ninetales|57/100
|
|upkeep
|turn|10
|j| NDHB
|inactive|hypervortexreturns has 90 seconds left.
|
|t:|1664617817
|switch|p2a: Excadrill|Excadrill, F|100/100
|-ability|p2a: Excadrill|Mold Breaker
|move|p1a: Ninetales|Freeze-Dry|p2a: Excadrill
|-damage|p2a: Excadrill|74/100
|
|-heal|p2a: Excadrill|80/100|[from] item: Leftovers
|upkeep
|turn|11
|
|t:|1664617833
|switch|p1a: Landorus|Landorus-Therian, M|100/100
|-ability|p1a: Landorus|Intimidate|boost
|-unboost|p2a: Excadrill|atk|1
|move|p2a: Excadrill|Iron Head|p1a: Landorus
|-damage|p1a: Landorus|71/100
|
|-heal|p2a: Excadrill|86/100|[from] item: Leftovers
|-heal|p1a: Landorus|77/100|[from] item: Leftovers
|upkeep
|turn|12
|j| WeirdHamster
|inactive|yokcnosoy100tifico has 120 seconds left.
|inactive|hypervortexreturns has 60 seconds left.
|
|t:|1664617862
|switch|p2a: Corviknight|Corviknight, F|100/100
|-ability|p2a: Corviknight|Pressure
|move|p1a: Landorus|Earthquake|p2a: Corviknight
|-immune|p2a: Corviknight
|
|-heal|p1a: Landorus|83/100|[from] item: Leftovers
|upkeep
|turn|13
|inactive|hypervortexreturns has 60 seconds left.
|
|t:|1664617874
|move|p1a: Landorus|Knock Off|p2a: Corviknight
|-damage|p2a: Corviknight|73/100
|-enditem|p2a: Corviknight|Leftovers|[from] move: Knock Off|[of] p1a: Landorus
|move|p2a: Corviknight|Brave Bird|p1a: Landorus
|-crit|p1a: Landorus
|-damage|p1a: Landorus|28/100
|-damage|p2a: Corviknight|56/100|[from] Recoil
|
|-heal|p1a: Landorus|34/100|[from] item: Leftovers
|upkeep
|turn|14
|inactive|hypervortexreturns has 60 seconds left.
|
|t:|1664617890
|move|p1a: Landorus|U-turn|p2a: Corviknight
|-resisted|p2a: Corviknight
|-crit|p2a: Corviknight
|-damage|p2a: Corviknight|49/100
|inactive|yokcnosoy100tifico has 120 seconds left.
|
|t:|1664617916
|switch|p1a: Heatran|Heatran, M|100/100|[from]move: U-turn
|-item|p1a: Heatran|Air Balloon
|move|p2a: Corviknight|Roost|p2a: Corviknight
|-heal|p2a: Corviknight|99/100
|-singleturn|p2a: Corviknight|move: Roost
|
|upkeep
|turn|15
|l| WeirdHamster
|inactive|hypervortexreturns has 60 seconds left.
|
|t:|1664617933
|switch|p2a: Hydreigon|Hydreigon, M|100/100
|move|p1a: Heatran|Magma Storm|p2a: Hydreigon
|-resisted|p2a: Hydreigon
|-damage|p2a: Hydreigon|81/100
|-activate|p2a: Hydreigon|move: Magma Storm|[of] p1a: Heatran
|
|-heal|p2a: Hydreigon|87/100|[from] item: Leftovers
|-damage|p2a: Hydreigon|75/100|[from] move: Magma Storm|[partiallytrapped]
|upkeep
|turn|16
|j| WeirdHamster
|inactive|yokcnosoy100tifico has 120 seconds left.
|inactive|hypervortexreturns has 60 seconds left.
|
|t:|1664617957
|move|p2a: Hydreigon|Dark Pulse|p1a: Heatran
|-damage|p1a: Heatran|80/100
|-enditem|p1a: Heatran|Air Balloon
|move|p1a: Heatran|Stealth Rock|p2a: Hydreigon
|-sidestart|p2: hypervortexreturns|move: Stealth Rock
|
|-heal|p2a: Hydreigon|81/100|[from] item: Leftovers
|-damage|p2a: Hydreigon|68/100|[from] move: Magma Storm|[partiallytrapped]
|upkeep
|turn|17
|inactive|hypervortexreturns has 60 seconds left.
|
|t:|1664617971
|switch|p1a: Ninetales|Ninetales-Alola, M|57/100
|-weather|Hail|[from] ability: Snow Warning|[of] p1a: Ninetales
|move|p2a: Hydreigon|Earth Power|p1a: Ninetales
|-damage|p1a: Ninetales|33/100
|
|-weather|Hail|[upkeep]
|-damage|p2a: Hydreigon|62/100|[from] Hail
|-heal|p2a: Hydreigon|68/100|[from] item: Leftovers
|-end|p2a: Hydreigon|Magma Storm|[partiallytrapped]|[silent]
|upkeep
|turn|18
|inactive|hypervortexreturns has 60 seconds left.
|
|t:|1664617998
|switch|p2a: Corviknight|Corviknight, F|99/100
|-damage|p2a: Corviknight|87/100|[from] Stealth Rock
|-ability|p2a: Corviknight|Pressure
|move|p1a: Ninetales|Freeze-Dry|p2a: Corviknight
|-damage|p2a: Corviknight|72/100
|
|-weather|Hail|[upkeep]
|-damage|p2a: Corviknight|65/100|[from] Hail
|upkeep
|turn|19
|
|t:|1664618011
|move|p1a: Ninetales|Hypnosis|p2a: Corviknight
|-status|p2a: Corviknight|slp|[from] move: Hypnosis
|cant|p2a: Corviknight|slp
|
|-weather|Hail|[upkeep]
|-damage|p2a: Corviknight|59/100 slp|[from] Hail
|upkeep
|turn|20
|
|t:|1664618021
|switch|p1a: Destroyer|Arctozolt, shiny|53/100
|cant|p2a: Corviknight|slp
|
|-weather|Hail|[upkeep]
|-damage|p2a: Corviknight|53/100 slp|[from] Hail
|upkeep
|turn|21
|inactive|yokcnosoy100tifico has 120 seconds left.
|inactive|hypervortexreturns has 30 seconds left.
|
|t:|1664618045
|switch|p2a: Azumarill|Azumarill, M|55/100
|-damage|p2a: Azumarill|42/100|[from] Stealth Rock
|move|p1a: Destroyer|Substitute|p1a: Destroyer
|-start|p1a: Destroyer|Substitute
|-damage|p1a: Destroyer|28/100
|
|-weather|none
|upkeep
|turn|22
|inactive|yokcnosoy100tifico has 120 seconds left.
|
|t:|1664618054
|move|p2a: Azumarill|Aqua Jet|p1a: Destroyer
|-end|p1a: Destroyer|Substitute
|move|p1a: Destroyer|Bolt Beak|p2a: Azumarill
|-supereffective|p2a: Azumarill
|-damage|p2a: Azumarill|0 fnt
|faint|p2a: Azumarill
|
|upkeep
|
|t:|1664618064
|switch|p2a: Excadrill|Excadrill, F|86/100
|-damage|p2a: Excadrill|83/100|[from] Stealth Rock
|-ability|p2a: Excadrill|Mold Breaker
|turn|23
|
|t:|1664618074
|switch|p1a: Landorus|Landorus-Therian, M|34/100
|-ability|p1a: Landorus|Intimidate|boost
|-unboost|p2a: Excadrill|atk|1
|move|p2a: Excadrill|Iron Head|p1a: Landorus
|-damage|p1a: Landorus|7/100
|
|-heal|p2a: Excadrill|89/100|[from] item: Leftovers
|-heal|p1a: Landorus|13/100|[from] item: Leftovers
|upkeep
|turn|24
|
|t:|1664618091
|move|p2a: Excadrill|Iron Head|p1a: Landorus
|-damage|p1a: Landorus|0 fnt
|faint|p1a: Landorus
|
|-heal|p2a: Excadrill|95/100|[from] item: Leftovers
|upkeep
|
|t:|1664618093
|switch|p1a: Kartana|Kartana|100/100
|turn|25
|
|t:|1664618108
|switch|p2a: Tangrowth|Tangrowth, M|100/100
|-damage|p2a: Tangrowth|88/100|[from] Stealth Rock
|move|p1a: Kartana|Sacred Sword|p2a: Tangrowth
|-damage|p2a: Tangrowth|67/100
|-damage|p1a: Kartana|84/100|[from] item: Rocky Helmet|[of] p2a: Tangrowth
|
|upkeep
|turn|26
|inactive|hypervortexreturns has 30 seconds left.
|
|t:|1664618130
|switch|p1a: Ninetales|Ninetales-Alola, M|33/100
|-weather|Hail|[from] ability: Snow Warning|[of] p1a: Ninetales
|move|p2a: Tangrowth|Focus Blast|p1a: Ninetales
|-damage|p1a: Ninetales|2/100
|
|-weather|Hail|[upkeep]
|-damage|p2a: Tangrowth|60/100|[from] Hail
|upkeep
|turn|27
|inactive|hypervortexreturns has 30 seconds left.
|inactive|hypervortexreturns has 20 seconds left.
|
|t:|1664618148
|switch|p2a: Corviknight|Corviknight, F|53/100 slp
|-damage|p2a: Corviknight|40/100 slp|[from] Stealth Rock
|-ability|p2a: Corviknight|Pressure
|move|p1a: Ninetales|Freeze-Dry|p2a: Corviknight
|-damage|p2a: Corviknight|27/100 slp
|
|-weather|Hail|[upkeep]
|-damage|p2a: Corviknight|20/100 slp|[from] Hail
|upkeep
|turn|28
|inactive|hypervortexreturns has 30 seconds left this turn.
|inactive|hypervortexreturns has 20 seconds left.
|inactive|hypervortexreturns has 15 seconds left.
|
|t:|1664618165
|move|p1a: Ninetales|Freeze-Dry|p2a: Corviknight
|-damage|p2a: Corviknight|7/100 slp
|cant|p2a: Corviknight|slp
|
|-weather|Hail|[upkeep]
|-damage|p2a: Corviknight|0 fnt|[from] Hail
|faint|p2a: Corviknight
|upkeep
|inactive|hypervortexreturns has 20 seconds left this turn.
|inactive|hypervortexreturns has 15 seconds left.
|
|t:|1664618175
|switch|p2a: Excadrill|Excadrill, F|95/100
|-damage|p2a: Excadrill|92/100|[from] Stealth Rock
|-ability|p2a: Excadrill|Mold Breaker
|turn|29
|inactive|hypervortexreturns has 25 seconds left this turn.
|inactive|hypervortexreturns has 20 seconds left.
|
|t:|1664618182
|move|p1a: Ninetales|Hypnosis|p2a: Excadrill
|-status|p2a: Excadrill|slp|[from] move: Hypnosis
|cant|p2a: Excadrill|slp
|
|-weather|Hail|[upkeep]
|-damage|p2a: Excadrill|86/100 slp|[from] Hail
|-heal|p2a: Excadrill|92/100 slp|[from] item: Leftovers
|upkeep
|turn|30
|inactive|hypervortexreturns has 30 seconds left this turn.
|
|t:|1664618191
|switch|p1a: Tapu Fini|Tapu Fini|100/100
|-fieldstart|move: Misty Terrain|[from] ability: Misty Surge|[of] p1a: Tapu Fini
|cant|p2a: Excadrill|slp
|
|-weather|none
|-heal|p2a: Excadrill|98/100 slp|[from] item: Leftovers
|upkeep
|turn|31
|inactive|hypervortexreturns has 30 seconds left.
|inactive|hypervortexreturns has 20 seconds left.
|inactive|hypervortexreturns has 15 seconds left.
|inactive|hypervortexreturns has 10 seconds left.
|
|t:|1664618220
|switch|p2a: Tangrowth|Tangrowth, M|94/100
|-damage|p2a: Tangrowth|81/100|[from] Stealth Rock
|move|p1a: Tapu Fini|Calm Mind|p1a: Tapu Fini
|-boost|p1a: Tapu Fini|spa|1
|-boost|p1a: Tapu Fini|spd|1
|
|upkeep
|turn|32
|inactive|hypervortexreturns has 20 seconds left this turn.
|inactive|hypervortexreturns has 15 seconds left.
|
|t:|1664618230
|move|p1a: Tapu Fini|Calm Mind|p1a: Tapu Fini
|-boost|p1a: Tapu Fini|spa|1
|-boost|p1a: Tapu Fini|spd|1
|move|p2a: Tangrowth|Power Whip|p1a: Tapu Fini
|-supereffective|p1a: Tapu Fini
|-damage|p1a: Tapu Fini|42/100
|
|-heal|p1a: Tapu Fini|48/100|[from] item: Leftovers
|upkeep
|turn|33
|inactive|hypervortexreturns has 25 seconds left this turn.
|inactive|hypervortexreturns has 20 seconds left.
|inactive|hypervortexreturns has 15 seconds left.
|inactive|hypervortexreturns has 10 seconds left.
|
|t:|1664618246
|move|p1a: Tapu Fini|Draining Kiss|p2a: Tangrowth
|-damage|p2a: Tangrowth|35/100
|-heal|p1a: Tapu Fini|94/100|[from] drain|[of] p2a: Tangrowth
|-damage|p1a: Tapu Fini|77/100|[from] item: Rocky Helmet|[of] p2a: Tangrowth
|move|p2a: Tangrowth|Power Whip|p1a: Tapu Fini
|-supereffective|p1a: Tapu Fini
|-damage|p1a: Tapu Fini|20/100
|
|-heal|p1a: Tapu Fini|26/100|[from] item: Leftovers
|upkeep
|turn|34
|inactive|hypervortexreturns has 20 seconds left this turn.
|inactive|hypervortexreturns has 15 seconds left.
|inactive|hypervortexreturns has 10 seconds left.
|
|t:|1664618259
|switch|p2a: Zapdos|Zapdos|12/100
|-damage|p2a: Zapdos|0 fnt|[from] Stealth Rock
|faint|p2a: Zapdos
|move|p1a: Tapu Fini|Draining Kiss|p2: Zapdos|[notarget]
|-fail|p1a: Tapu Fini
|
|-heal|p1a: Tapu Fini|33/100|[from] item: Leftovers
|-fieldend|Misty Terrain
|upkeep
|inactive|hypervortexreturns has 15 seconds left this turn.
|inactive|hypervortexreturns has 10 seconds left.
|
|t:|1664618268
|switch|p2a: Excadrill|Excadrill, F|98/100 slp
|-damage|p2a: Excadrill|95/100 slp|[from] Stealth Rock
|-ability|p2a: Excadrill|Mold Breaker
|turn|35
|inactive|hypervortexreturns has 20 seconds left this turn.
|inactive|hypervortexreturns has 15 seconds left.
|
|t:|1664618275
|-curestatus|p2a: Excadrill|slp|[msg]
|move|p2a: Excadrill|Earthquake|p1a: Tapu Fini
|-damage|p1a: Tapu Fini|0 fnt
|faint|p1a: Tapu Fini
|
|-heal|p2a: Excadrill|100/100|[from] item: Leftovers
|upkeep
|inactive|hypervortexreturns has 20 seconds left this turn.
|j| t-yeu
|
|t:|1664618283
|switch|p1a: Kartana|Kartana|84/100
|turn|36
|inactive|hypervortexreturns has 30 seconds left this turn.
|inactive|hypervortexreturns has 20 seconds left.
|inactive|hypervortexreturns has 15 seconds left.
|
|t:|1664618303
|switch|p2a: Tangrowth|Tangrowth, M|68/100
|-damage|p2a: Tangrowth|56/100|[from] Stealth Rock
|move|p1a: Kartana|Sacred Sword|p2a: Tangrowth
|-damage|p2a: Tangrowth|37/100
|-damage|p1a: Kartana|67/100|[from] item: Rocky Helmet|[of] p2a: Tangrowth
|
|upkeep
|turn|37
|inactive|hypervortexreturns has 25 seconds left this turn.
|inactive|hypervortexreturns has 20 seconds left.
|inactive|hypervortexreturns has 15 seconds left.
|inactive|hypervortexreturns has 10 seconds left.
|
|t:|1664618321
|switch|p1a: Ninetales|Ninetales-Alola, M|2/100
|-weather|Hail|[from] ability: Snow Warning|[of] p1a: Ninetales
|move|p2a: Tangrowth|Focus Blast|p1a: Ninetales
|-damage|p1a: Ninetales|0 fnt
|faint|p1a: Ninetales
|
|-weather|Hail|[upkeep]
|-damage|p2a: Tangrowth|30/100|[from] Hail
|upkeep
|inactive|hypervortexreturns has 15 seconds left this turn.
|
|t:|1664618333
|switch|p1a: Destroyer|Arctozolt, shiny|28/100
|turn|38
|inactive|hypervortexreturns has 25 seconds left this turn.
|inactive|hypervortexreturns has 20 seconds left.
|inactive|hypervortexreturns has 15 seconds left.
|
|t:|1664618343
|switch|p2a: Excadrill|Excadrill, F|100/100
|-damage|p2a: Excadrill|97/100|[from] Stealth Rock
|-ability|p2a: Excadrill|Mold Breaker
|move|p1a: Destroyer|Blizzard|p2a: Excadrill
|-damage|p2a: Excadrill|47/100
|
|-weather|Hail|[upkeep]
|-damage|p2a: Excadrill|41/100|[from] Hail
|-heal|p2a: Excadrill|47/100|[from] item: Leftovers
|upkeep
|turn|39
|inactive|hypervortexreturns has 25 seconds left this turn.
|inactive|hypervortexreturns has 20 seconds left.
|inactive|hypervortexreturns has 15 seconds left.
|inactive|hypervortexreturns has 10 seconds left.
|inactive|yokcnosoy100tifico has 120 seconds left.
|inactive|yokcnosoy100tifico has 90 seconds left.
|
|t:|1664618410
|move|p1a: Destroyer|Blizzard|p2a: Excadrill
|-damage|p2a: Excadrill|0 fnt
|faint|p2a: Excadrill
|
|-weather|Hail|[upkeep]
|upkeep
|inactive|hypervortexreturns has 15 seconds left this turn.
|l| WeirdHamster
|inactive|hypervortexreturns has 10 seconds left.
|
|t:|1664618418
|switch|p2a: Hydreigon|Hydreigon, M|68/100
|-damage|p2a: Hydreigon|56/100|[from] Stealth Rock
|turn|40
|inactive|hypervortexreturns has 20 seconds left this turn.
|
|t:|1664618423
|move|p1a: Destroyer|Blizzard|p2a: Hydreigon
|-supereffective|p2a: Hydreigon
|-damage|p2a: Hydreigon|0 fnt
|faint|p2a: Hydreigon
|
|-weather|Hail|[upkeep]
|upkeep
|inactive|hypervortexreturns has 25 seconds left this turn.
|inactive|hypervortexreturns has 20 seconds left.
|j| WeirdHamster
|inactive|hypervortexreturns has 15 seconds left.
|inactive|hypervortexreturns has 10 seconds left.
|inactive|hypervortexreturns has 5 seconds left.
|l| WeirdHamster
|-message|hypervortexreturns lost due to inactivity.
|
|win|yokcnosoy100tifico
|raw|yokcnosoy100tifico's rating: 1649 &rarr; <strong>1683</strong><br />(+34 for winning)
|raw|hypervortexreturns's rating: 1956 &rarr; <strong>1922</strong><br />(-34 for losing)
