|j|☆Sombra Diurna
|j|☆Steez Ibanez
|t:|1667712933
|gametype|singles
|player|p1|Sombra Diurna|blue|1783
|player|p2|Steez Ibanez|acetrainer-gen7|1819
|teamsize|p1|6
|teamsize|p2|6
|gen|8
|tier|[Gen 8] OU
|rated|
|rule|Sleep Clause Mod: Limit one foe put to sleep
|rule|Species Clause: Limit one of each Pokémon
|rule|OHKO Clause: OHKO moves are banned
|rule|Evasion Items Clause: Evasion items are banned
|rule|Evasion Moves Clause: Evasion moves are banned
|rule|Endless Battle Clause: Forcing endless battles is banned
|rule|HP Percentage Mod: HP is shown in percentages
|rule|Dynamax Clause: You cannot dynamax
|clearpoke
|poke|p1|Slowbro, F|
|poke|p1|Hatterene, F|
|poke|p1|Marowak-Alola, M|
|poke|p1|Ferrothorn, M|
|poke|p1|Garchomp, F|
|poke|p1|Drampa, M|
|poke|p2|Zeraora|
|poke|p2|Weezing-Galar, M|
|poke|p2|Gastrodon-East, M|
|poke|p2|Ferrothorn, M|
|poke|p2|Zapdos|
|poke|p2|Heatran, M|
|teampreview
|inactive|Battle timer is ON: inactive players will automatically lose when time's up. (requested by Steez Ibanez)
|
|t:|1667712947
|start
|switch|p1a: Billy B.|Marowak-Alola, M|100/100
|switch|p2a: Speedwagon|Weezing-Galar, M|100/100
|turn|1
|
|t:|1667712957
|move|p1a: Billy B.|Poltergeist|p2a: Speedwagon
|-activate|p2a: Speedwagon|move: Poltergeist|Black Sludge
|-damage|p2a: Speedwagon|39/100
|move|p2a: Speedwagon|Toxic Spikes|p1a: Billy B.
|-sidestart|p1: Sombra Diurna|move: Toxic Spikes
|
|-heal|p2a: Speedwagon|45/100|[from] item: Black Sludge
|upkeep
|turn|2
|
|t:|1667712968
|switch|p2a: Hephaestus|Heatran, M|100/100
|-item|p2a: Hephaestus|Air Balloon
|move|p1a: Billy B.|Substitute|p1a: Billy B.
|-start|p1a: Billy B.|Substitute
|-damage|p1a: Billy B.|76/100
|
|upkeep
|turn|3
|
|t:|1667712975
|move|p2a: Hephaestus|Earth Power|p1a: Billy B.
|-supereffective|p1a: Billy B.
|-end|p1a: Billy B.|Substitute
|move|p1a: Billy B.|Poltergeist|p2a: Hephaestus
|-activate|p2a: Hephaestus|move: Poltergeist|Air Balloon
|-damage|p2a: Hephaestus|13/100
|-enditem|p2a: Hephaestus|Air Balloon
|
|upkeep
|turn|4
|j| zttyt
|
|t:|1667712989
|switch|p1a: Gorra|Hatterene, F|100/100
|-status|p1a: Gorra|psn
|move|p2a: Hephaestus|Earth Power|p1a: Gorra
|-damage|p1a: Gorra|72/100 psn
|
|-damage|p1a: Gorra|60/100 psn|[from] psn
|upkeep
|turn|5
|
|t:|1667712997
|move|p2a: Hephaestus|Magma Storm|p1a: Gorra
|-damage|p1a: Gorra|11/100 psn
|-activate|p1a: Gorra|move: Magma Storm|[of] p2a: Hephaestus
|move|p1a: Gorra|Trick Room|p1a: Gorra
|-fieldstart|move: Trick Room|[of] p1a: Gorra
|
|-damage|p1a: Gorra|0 fnt|[from] psn
|faint|p1a: Gorra
|upkeep
|
|t:|1667713005
|switch|p1a: Falko|Drampa, M|100/100
|-status|p1a: Falko|psn
|turn|6
|
|t:|1667713010
|switch|p2a: Gary|Gastrodon-East, M, shiny|100/100
|move|p1a: Falko|Focus Blast|p2a: Gary|[miss]
|-miss|p1a: Falko|p2a: Gary
|
|-damage|p1a: Falko|88/100 psn|[from] psn
|upkeep
|turn|7
|
|t:|1667713018
|switch|p1a: Thorns|Ferrothorn, M|100/100
|switch|p2a: Hephaestus|Heatran, M|13/100
|
|upkeep
|turn|8
|
|t:|1667713025
|move|p1a: Thorns|Stealth Rock|p2a: Hephaestus
|-sidestart|p2: Steez Ibanez|move: Stealth Rock
|move|p2a: Hephaestus|Magma Storm|p1a: Thorns
|-supereffective|p1a: Thorns
|-damage|p1a: Thorns|0 fnt
|faint|p1a: Thorns
|
|upkeep
|inactive|Sombra Diurna has 120 seconds left.
|
|t:|1667713056
|switch|p1a: Sonso|Slowbro, F|100/100
|-status|p1a: Sonso|psn
|turn|9
|j| Skinnybiscuit
|
|t:|1667713066
|move|p1a: Sonso|Body Press|p2a: Hephaestus
|-supereffective|p2a: Hephaestus
|-damage|p2a: Hephaestus|0 fnt
|faint|p2a: Hephaestus
|
|-damage|p1a: Sonso|88/100 psn|[from] psn
|-fieldend|move: Trick Room
|upkeep
|j| FENDINI
|
|t:|1667713073
|switch|p2a: Bolt|Zapdos|100/100
|turn|10
|j| LindsayDavenPORK
|
|t:|1667713085
|switch|p1a: Falko|Drampa, M|88/100 psn
|move|p2a: Bolt|Volt Switch|p1a: Falko
|-resisted|p1a: Falko
|-damage|p1a: Falko|72/100 psn
|
|t:|1667713089
|switch|p2a: Jotaro|Zeraora|100/100|[from]move: Volt Switch
|
|-damage|p1a: Falko|60/100 psn|[from] psn
|upkeep
|turn|11
|j| gold bottle
|
|t:|1667713099
|switch|p1a: Sonso|Slowbro, F|100/100 psn
|move|p2a: Jotaro|Close Combat|p1a: Sonso
|-resisted|p1a: Sonso
|-damage|p1a: Sonso|90/100 psn
|-unboost|p2a: Jotaro|def|1
|-unboost|p2a: Jotaro|spd|1
|
|-damage|p1a: Sonso|78/100 psn|[from] psn
|upkeep
|turn|12
|
|t:|1667713110
|move|p2a: Jotaro|Taunt|p1a: Sonso
|-start|p1a: Sonso|move: Taunt
|move|p1a: Sonso|Scald|p2a: Jotaro
|-damage|p2a: Jotaro|48/100
|
|-damage|p1a: Sonso|65/100 psn|[from] psn
|upkeep
|turn|13
|
|t:|1667713121
|move|p2a: Jotaro|Plasma Fists|p1a: Sonso
|-supereffective|p1a: Sonso
|-damage|p1a: Sonso|13/100 psn
|-fieldactivate|move: Ion Deluge
|-hint|Normal-type moves become Electric-type after using Plasma Fists.
|move|p1a: Sonso|Scald|p2a: Jotaro
|-damage|p2a: Jotaro|0 fnt
|faint|p2a: Jotaro
|
|-damage|p1a: Sonso|1/100 psn|[from] psn
|upkeep
|
|t:|1667713135
|switch|p2a: Abomination|Ferrothorn, M|100/100
|-damage|p2a: Abomination|95/100|[from] Stealth Rock
|turn|14
|
|t:|1667713142
|switch|p1a: Falko|Drampa, M|60/100 psn
|move|p2a: Abomination|Knock Off|p1a: Falko
|-damage|p1a: Falko|37/100 psn
|-enditem|p1a: Falko|Expert Belt|[from] move: Knock Off|[of] p2a: Abomination
|-ability|p1a: Falko|Berserk|boost
|-boost|p1a: Falko|spa|1
|
|-damage|p1a: Falko|24/100 psn|[from] psn
|upkeep
|turn|15
|j| ygvbnh
|
|t:|1667713153
|switch|p2a: Gary|Gastrodon-East, M, shiny|100/100
|move|p1a: Falko|Roost|p1a: Falko
|-heal|p1a: Falko|75/100 psn
|-singleturn|p1a: Falko|move: Roost
|
|-damage|p1a: Falko|62/100 psn|[from] psn
|upkeep
|turn|16
|
|t:|1667713159
|move|p2a: Gary|Clear Smog|p1a: Falko
|-damage|p1a: Falko|51/100 psn
|-clearboost|p1a: Falko
|move|p1a: Falko|Roost|p1a: Falko
|-heal|p1a: Falko|100/100 psn
|-singleturn|p1a: Falko|move: Roost
|
|-damage|p1a: Falko|88/100 psn|[from] psn
|upkeep
|turn|17
|
|t:|1667713169
|move|p2a: Gary|Earthquake|p1a: Falko
|-damage|p1a: Falko|56/100 psn
|move|p1a: Falko|Focus Blast|p2a: Gary
|-damage|p2a: Gary|72/100
|-unboost|p2a: Gary|spd|1
|
|-damage|p1a: Falko|43/100 psn|[from] psn
|upkeep
|turn|18
|
|t:|1667713178
|switch|p2a: Speedwagon|Weezing-Galar, M|45/100
|-damage|p2a: Speedwagon|32/100|[from] Stealth Rock
|move|p1a: Falko|Roost|p1a: Falko
|-heal|p1a: Falko|94/100 psn
|-singleturn|p1a: Falko|move: Roost
|
|-heal|p2a: Speedwagon|38/100|[from] item: Black Sludge
|-damage|p1a: Falko|81/100 psn|[from] psn
|upkeep
|turn|19
|
|t:|1667713186
|move|p2a: Speedwagon|Strange Steam|p1a: Falko
|-supereffective|p1a: Falko
|-damage|p1a: Falko|23/100 psn
|-ability|p1a: Falko|Berserk|boost
|-boost|p1a: Falko|spa|1
|move|p1a: Falko|Ice Beam|p2a: Speedwagon
|-damage|p2a: Speedwagon|0 fnt
|faint|p2a: Speedwagon
|
|-damage|p1a: Falko|11/100 psn|[from] psn
|upkeep
|
|t:|1667713195
|switch|p2a: Bolt|Zapdos|100/100
|turn|20
|j| Tsukimizaka Kiriha
|
|t:|1667713207
|switch|p1a: Sonso|Slowbro, F|34/100 psn
|move|p2a: Bolt|Heat Wave|p1a: Sonso
|-resisted|p1a: Sonso
|-damage|p1a: Sonso|21/100 psn
|
|-damage|p1a: Sonso|9/100 psn|[from] psn
|upkeep
|turn|21
|
|t:|1667713214
|move|p2a: Bolt|Heat Wave|p1a: Sonso
|-resisted|p1a: Sonso
|-damage|p1a: Sonso|0 fnt
|faint|p1a: Sonso
|
|upkeep
|
|t:|1667713219
|switch|p1a: Sharpo|Garchomp, F|100/100
|-status|p1a: Sharpo|psn
|turn|22
|
|t:|1667713230
|switch|p2a: Abomination|Ferrothorn, M|95/100
|-damage|p2a: Abomination|89/100|[from] Stealth Rock
|move|p1a: Sharpo|Swords Dance|p1a: Sharpo
|-boost|p1a: Sharpo|atk|2
|
|-damage|p1a: Sharpo|88/100 psn|[from] psn
|upkeep
|turn|23
|
|t:|1667713240
|move|p1a: Sharpo|Earthquake|p2a: Abomination
|-damage|p2a: Abomination|33/100
|move|p2a: Abomination|Gyro Ball|p1a: Sharpo
|-damage|p1a: Sharpo|37/100 psn
|-damage|p2a: Abomination|21/100|[from] ability: Rough Skin|[of] p1a: Sharpo
|
|-heal|p1a: Sharpo|43/100 psn|[from] item: Leftovers
|-damage|p1a: Sharpo|30/100 psn|[from] psn
|upkeep
|turn|24
|
|t:|1667713249
|move|p1a: Sharpo|Earthquake|p2a: Abomination
|-damage|p2a: Abomination|0 fnt
|faint|p2a: Abomination
|
|-heal|p1a: Sharpo|37/100 psn|[from] item: Leftovers
|-damage|p1a: Sharpo|24/100 psn|[from] psn
|upkeep
|
|t:|1667713252
|switch|p2a: Bolt|Zapdos|100/100
|turn|25
|
|t:|1667713261
|move|p1a: Sharpo|Stone Edge|p2a: Bolt
|-supereffective|p2a: Bolt
|-damage|p2a: Bolt|5/100
|move|p2a: Bolt|Roost|p2a: Bolt
|-heal|p2a: Bolt|55/100
|-singleturn|p2a: Bolt|move: Roost
|
|-heal|p1a: Sharpo|30/100 psn|[from] item: Leftovers
|-damage|p1a: Sharpo|18/100 psn|[from] psn
|upkeep
|turn|26
|
|t:|1667713271
|switch|p2a: Gary|Gastrodon-East, M, shiny|72/100
|move|p1a: Sharpo|Scale Shot|p2a: Gary
|-damage|p2a: Gary|44/100
|-damage|p2a: Gary|15/100
|-damage|p2a: Gary|0 fnt
|faint|p2a: Gary
|-hitcount|p2: Gary|3
|-unboost|p1a: Sharpo|def|1
|-boost|p1a: Sharpo|spe|1
|
|-heal|p1a: Sharpo|24/100 psn|[from] item: Leftovers
|-damage|p1a: Sharpo|12/100 psn|[from] psn
|upkeep
|
|t:|1667713276
|switch|p2a: Bolt|Zapdos|55/100
|turn|27
|
|t:|1667713287
|move|p1a: Sharpo|Scale Shot|p2a: Bolt
|-damage|p2a: Bolt|38/100
|-damage|p2a: Bolt|20/100
|-damage|p2a: Bolt|2/100
|-damage|p2a: Bolt|0 fnt
|faint|p2a: Bolt
|-hitcount|p2: Bolt|4
|
|win|Sombra Diurna
|raw|Sombra Diurna's rating: 1783 &rarr; <strong>1803</strong><br />(+20 for winning)
|raw|Steez Ibanez's rating: 1791 &rarr; <strong>1771</strong><br />(-20 for losing)
|l|☆Steez Ibanez
