|j|☆Adel19
|j|☆Ninjack21
|t:|1659047199
|gametype|singles
|player|p1|Adel19|265|1543
|player|p2|Ninjack21|265|1592
|teamsize|p1|6
|teamsize|p2|6
|gen|8
|tier|[Gen 8] OU
|rated|
|rule|Sleep Clause Mod: Limit one foe put to sleep
|rule|Species Clause: Limit one of each Pokémon
|rule|OHKO Clause: OHKO moves are banned
|rule|Evasion Moves Clause: Evasion moves are banned
|rule|Endless Battle Clause: Forcing endless battles is banned
|rule|HP Percentage Mod: HP is shown in percentages
|rule|Dynamax Clause: You cannot dynamax
|clearpoke
|poke|p1|Landorus-Therian, M|
|poke|p1|Zeraora|
|poke|p1|Kartana|
|poke|p1|Tapu Fini|
|poke|p1|Blissey, F|
|poke|p1|Tapu Lele|
|poke|p2|Pelipper, M|
|poke|p2|Ferrothorn, M|
|poke|p2|Garchomp, M|
|poke|p2|Zapdos|
|poke|p2|Barraskewda, M|
|poke|p2|Kingdra, F|
|teampreview
|inactive|Battle timer is ON: inactive players will automatically lose when time's up. (requested by Adel19)
|inactive|Ninjack21 has 120 seconds left.
|
|t:|1659047271
|start
|switch|p1a: Tapu Lele|Tapu Lele|100/100
|switch|p2a: Barraskewda|Barraskewda, M|100/100
|-fieldstart|move: Psychic Terrain|[from] ability: Psychic Surge|[of] p1a: Tapu Lele
|turn|1
|
|t:|1659047285
|switch|p2a: Ferrothorn|Ferrothorn, M|100/100
|move|p1a: Tapu Lele|Psychic|p2a: Ferrothorn
|-resisted|p2a: Ferrothorn
|-damage|p2a: Ferrothorn|69/100
|
|-heal|p2a: Ferrothorn|75/100|[from] item: Leftovers
|upkeep
|turn|2
|inactive|Ninjack21 has 120 seconds left.
|inactive|Ninjack21 has 90 seconds left.
|inactive|Ninjack21 has 60 seconds left.
|
|t:|1659047380
|move|p1a: Tapu Lele|Psychic|p2a: Ferrothorn
|-resisted|p2a: Ferrothorn
|-damage|p2a: Ferrothorn|42/100
|move|p2a: Ferrothorn|Leech Seed|p1a: Tapu Lele
|-start|p1a: Tapu Lele|move: Leech Seed
|
|-heal|p2a: Ferrothorn|48/100|[from] item: Leftovers
|-damage|p1a: Tapu Lele|88/100|[from] Leech Seed|[of] p2a: Ferrothorn
|-heal|p2a: Ferrothorn|58/100|[silent]
|upkeep
|turn|3
|inactive|Ninjack21 has 60 seconds left.
|
|t:|1659047398
|switch|p1a: Landorus|Landorus-Therian, M|100/100
|-ability|p1a: Landorus|Intimidate|boost
|-unboost|p2a: Ferrothorn|atk|1
|move|p2a: Ferrothorn|Knock Off|p1a: Landorus
|-crit|p1a: Landorus
|-damage|p1a: Landorus|65/100
|-enditem|p1a: Landorus|Soft Sand|[from] move: Knock Off|[of] p2a: Ferrothorn
|
|-heal|p2a: Ferrothorn|64/100|[from] item: Leftovers
|upkeep
|turn|4
|inactive|Ninjack21 has 60 seconds left.
|
|t:|1659047408
|switch|p2a: Pelipper|Pelipper, M|100/100
|-weather|RainDance|[from] ability: Drizzle|[of] p2a: Pelipper
|move|p1a: Landorus|Earthquake|p2a: Pelipper
|-immune|p2a: Pelipper
|
|-weather|RainDance|[upkeep]
|upkeep
|turn|5
|inactive|Ninjack21 has 60 seconds left.
|
|t:|1659047423
|move|p1a: Landorus|Stone Edge|p2a: Pelipper
|-supereffective|p2a: Pelipper
|-damage|p2a: Pelipper|41/100
|move|p2a: Pelipper|U-turn|p1a: Landorus
|-resisted|p1a: Landorus
|-crit|p1a: Landorus
|-damage|p1a: Landorus|57/100
|
|t:|1659047433
|switch|p2a: Barraskewda|Barraskewda, M|100/100|[from]move: U-turn
|
|-weather|RainDance|[upkeep]
|-fieldend|move: Psychic Terrain
|upkeep
|turn|6
|
|t:|1659047438
|switch|p1a: Tapu Fini|Tapu Fini|100/100
|-fieldstart|move: Misty Terrain|[from] ability: Misty Surge|[of] p1a: Tapu Fini
|move|p2a: Barraskewda|Flip Turn|p1a: Tapu Fini
|-resisted|p1a: Tapu Fini
|-damage|p1a: Tapu Fini|75/100
|inactive|Ninjack21 has 60 seconds left.
|
|t:|1659047446
|switch|p2a: Zapdos|Zapdos|100/100|[from]move: Flip Turn
|
|-weather|RainDance|[upkeep]
|-heal|p1a: Tapu Fini|82/100|[from] item: Leftovers
|upkeep
|turn|7
|inactive|Ninjack21 has 60 seconds left.
|
|t:|1659047469
|switch|p1a: Blissey|Blissey, F|100/100
|move|p2a: Zapdos|Hurricane|p1a: Blissey
|-damage|p1a: Blissey|81/100
|
|-weather|RainDance|[upkeep]
|upkeep
|turn|8
|
|t:|1659047478
|move|p2a: Zapdos|Volt Switch|p1a: Blissey
|-damage|p1a: Blissey|69/100
|inactive|Ninjack21 has 60 seconds left.
|
|t:|1659047486
|switch|p2a: Ferrothorn|Ferrothorn, M|64/100|[from]move: Volt Switch
|move|p1a: Blissey|Stealth Rock|p2a: Ferrothorn
|-sidestart|p2: Ninjack21|move: Stealth Rock
|
|-weather|RainDance|[upkeep]
|-heal|p2a: Ferrothorn|71/100|[from] item: Leftovers
|upkeep
|turn|9
|inactive|Ninjack21 has 60 seconds left.
|
|t:|1659047498
|switch|p1a: Kartana|Kartana|100/100
|move|p2a: Ferrothorn|Leech Seed|p1a: Kartana
|-immune|p1a: Kartana
|
|-weather|RainDance|[upkeep]
|-heal|p2a: Ferrothorn|77/100|[from] item: Leftovers
|upkeep
|turn|10
|inactive|Ninjack21 has 60 seconds left.
|
|t:|1659047509
|switch|p2a: Zapdos|Zapdos|100/100
|move|p1a: Kartana|Swords Dance|p1a: Kartana
|-boost|p1a: Kartana|atk|2
|
|-weather|RainDance|[upkeep]
|-fieldend|Misty Terrain
|upkeep
|turn|11
|
|t:|1659047527
|switch|p1a: Blissey|Blissey, F|69/100
|move|p2a: Zapdos|Hurricane|p1a: Blissey
|-damage|p1a: Blissey|48/100
|-start|p1a: Blissey|confusion
|
|-weather|none
|upkeep
|turn|12
|
|t:|1659047537
|move|p2a: Zapdos|Volt Switch|p1a: Blissey
|-damage|p1a: Blissey|36/100
|
|t:|1659047550
|switch|p2a: Ferrothorn|Ferrothorn, M|77/100|[from]move: Volt Switch
|-damage|p2a: Ferrothorn|71/100|[from] Stealth Rock
|-activate|p1a: Blissey|confusion
|move|p1a: Blissey|Soft-Boiled|p1a: Blissey
|-heal|p1a: Blissey|86/100
|
|-heal|p2a: Ferrothorn|77/100|[from] item: Leftovers
|upkeep
|turn|13
|inactive|Ninjack21 has 60 seconds left.
|
|t:|1659047565
|switch|p1a: Landorus|Landorus-Therian, M|57/100
|-ability|p1a: Landorus|Intimidate|boost
|-unboost|p2a: Ferrothorn|atk|1
|move|p2a: Ferrothorn|Stealth Rock|p1a: Landorus
|-sidestart|p1: Adel19|move: Stealth Rock
|
|-heal|p2a: Ferrothorn|83/100|[from] item: Leftovers
|upkeep
|turn|14
|inactive|Ninjack21 has 60 seconds left.
|
|t:|1659047578
|move|p1a: Landorus|Earthquake|p2a: Ferrothorn
|-damage|p2a: Ferrothorn|39/100
|move|p2a: Ferrothorn|Leech Seed|p1a: Landorus
|-start|p1a: Landorus|move: Leech Seed
|
|-heal|p2a: Ferrothorn|45/100|[from] item: Leftovers
|-damage|p1a: Landorus|45/100|[from] Leech Seed|[of] p2a: Ferrothorn
|-heal|p2a: Ferrothorn|56/100|[silent]
|upkeep
|turn|15
|inactive|Ninjack21 has 60 seconds left.
|inactive|Ninjack21 has 30 seconds left.
|
|t:|1659047618
|switch|p2a: Pelipper|Pelipper, M|41/100
|-damage|p2a: Pelipper|16/100|[from] Stealth Rock
|-weather|RainDance|[from] ability: Drizzle|[of] p2a: Pelipper
|move|p1a: Landorus|Earthquake|p2a: Pelipper
|-immune|p2a: Pelipper
|
|-weather|RainDance|[upkeep]
|-damage|p1a: Landorus|33/100|[from] Leech Seed|[of] p2a: Pelipper
|-heal|p2a: Pelipper|28/100|[silent]
|upkeep
|turn|16
|inactive|Ninjack21 has 30 seconds left.
|
|t:|1659047637
|switch|p2a: Kingdra|Kingdra, F|100/100
|-damage|p2a: Kingdra|88/100|[from] Stealth Rock
|move|p1a: Landorus|Stone Edge|p2a: Kingdra
|-damage|p2a: Kingdra|38/100
|
|-weather|RainDance|[upkeep]
|-damage|p1a: Landorus|21/100|[from] Leech Seed|[of] p2a: Kingdra
|-heal|p2a: Kingdra|51/100|[silent]
|upkeep
|turn|17
|inactive|Ninjack21 has 30 seconds left.
|inactive|Adel19 has 120 seconds left.
|
|t:|1659047684
|switch|p1a: Blissey|Blissey, F|86/100
|move|p2a: Kingdra|Hydro Pump|p1a: Blissey
|-damage|p1a: Blissey|47/100
|
|-weather|RainDance|[upkeep]
|upkeep
|turn|18
|inactive|Ninjack21 has 30 seconds left.
|inactive|Ninjack21 has 20 seconds left.
|
|t:|1659047700
|switch|p2a: Barraskewda|Barraskewda, M|100/100
|-damage|p2a: Barraskewda|88/100|[from] Stealth Rock
|move|p1a: Blissey|Soft-Boiled|p1a: Blissey
|-heal|p1a: Blissey|97/100
|
|-weather|RainDance|[upkeep]
|upkeep
|turn|19
|inactive|Ninjack21 has 30 seconds left this turn.
|
|t:|1659047709
|switch|p1a: Kartana|Kartana|100/100
|move|p2a: Barraskewda|Liquidation|p1a: Kartana
|-resisted|p1a: Kartana
|-damage|p1a: Kartana|57/100
|
|-weather|RainDance|[upkeep]
|upkeep
|turn|20
|inactive|Adel19 has 120 seconds left.
|inactive|Ninjack21 has 30 seconds left.
|
|t:|1659047717
|switch|p2a: Zapdos|Zapdos|100/100
|move|p1a: Kartana|Knock Off|p2a: Zapdos
|-damage|p2a: Zapdos|62/100
|-status|p1a: Kartana|par|[from] ability: Static|[of] p2a: Zapdos
|-enditem|p2a: Zapdos|Heavy-Duty Boots|[from] move: Knock Off|[of] p1a: Kartana
|
|-weather|RainDance|[upkeep]
|upkeep
|turn|21
|
|t:|1659047726
|switch|p1a: Blissey|Blissey, F|97/100
|move|p2a: Zapdos|Volt Switch|p1a: Blissey
|-damage|p1a: Blissey|83/100
|
|t:|1659047729
|switch|p2a: Barraskewda|Barraskewda, M|88/100|[from]move: Volt Switch
|-damage|p2a: Barraskewda|76/100|[from] Stealth Rock
|
|-weather|RainDance|[upkeep]
|upkeep
|turn|22
|
|t:|1659047741
|switch|p1a: Landorus|Landorus-Therian, M|21/100
|-damage|p1a: Landorus|8/100|[from] Stealth Rock
|-ability|p1a: Landorus|Intimidate|boost
|-unboost|p2a: Barraskewda|atk|1
|move|p2a: Barraskewda|Liquidation|p1a: Landorus
|-supereffective|p1a: Landorus
|-damage|p1a: Landorus|0 fnt
|faint|p1a: Landorus
|
|-weather|none
|upkeep
|inactive|Adel19 has 120 seconds left.
|
|t:|1659047774
|switch|p1a: Zeraora|Zeraora|100/100
|turn|23
|inactive|Ninjack21 has 30 seconds left.
|
|t:|1659047813
|switch|p2a: Zapdos|Zapdos|62/100
|-damage|p2a: Zapdos|37/100|[from] Stealth Rock
|move|p1a: Zeraora|Bulk Up|p1a: Zeraora
|-boost|p1a: Zeraora|atk|1
|-boost|p1a: Zeraora|def|1
|
|upkeep
|turn|24
|inactive|Adel19 has 120 seconds left.
|inactive|Ninjack21 has 30 seconds left.
|
|t:|1659047822
|switch|p2a: Garchomp|Garchomp, M|100/100
|-damage|p2a: Garchomp|94/100|[from] Stealth Rock
|move|p1a: Zeraora|Bulk Up|p1a: Zeraora
|-boost|p1a: Zeraora|atk|1
|-boost|p1a: Zeraora|def|1
|
|upkeep
|turn|25
|inactive|Adel19 has 120 seconds left.
|
|t:|1659047834
|move|p1a: Zeraora|Knock Off|p2a: Garchomp
|-damage|p2a: Garchomp|29/100
|-damage|p1a: Zeraora|88/100|[from] ability: Rough Skin|[of] p2a: Garchomp
|-enditem|p2a: Garchomp|Life Orb|[from] move: Knock Off|[of] p1a: Zeraora
|move|p2a: Garchomp|Earthquake|p1a: Zeraora
|-supereffective|p1a: Zeraora
|-damage|p1a: Zeraora|19/100
|
|upkeep
|turn|26
|
|t:|1659047843
|move|p1a: Zeraora|Drain Punch|p2a: Garchomp
|-damage|p2a: Garchomp|0 fnt
|-heal|p1a: Zeraora|36/100|[from] drain|[of] p2a: Garchomp
|-damage|p1a: Zeraora|23/100|[from] ability: Rough Skin|[of] p2a: Garchomp
|faint|p2a: Garchomp
|
|upkeep
|
|t:|1659047854
|switch|p2a: Pelipper|Pelipper, M|28/100
|-damage|p2a: Pelipper|4/100|[from] Stealth Rock
|-weather|RainDance|[from] ability: Drizzle|[of] p2a: Pelipper
|turn|27
|
|t:|1659047858
|move|p1a: Zeraora|Drain Punch|p2a: Pelipper
|-resisted|p2a: Pelipper
|-damage|p2a: Pelipper|0 fnt
|-heal|p1a: Zeraora|25/100|[from] drain|[of] p2a: Pelipper
|faint|p2a: Pelipper
|
|-weather|RainDance|[upkeep]
|upkeep
|
|t:|1659047865
|switch|p2a: Barraskewda|Barraskewda, M|76/100
|-damage|p2a: Barraskewda|64/100|[from] Stealth Rock
|turn|28
|
|t:|1659047880
|switch|p1a: Kartana|Kartana|57/100 par
|move|p2a: Barraskewda|Liquidation|p1a: Kartana
|-resisted|p1a: Kartana
|-damage|p1a: Kartana|14/100 par
|
|-weather|RainDance|[upkeep]
|upkeep
|turn|29
|
|t:|1659047887
|move|p2a: Barraskewda|Liquidation|p1a: Kartana
|-resisted|p1a: Kartana
|-damage|p1a: Kartana|0 fnt
|faint|p1a: Kartana
|
|-weather|RainDance|[upkeep]
|upkeep
|
|t:|1659047891
|switch|p1a: Tapu Fini|Tapu Fini|82/100
|-damage|p1a: Tapu Fini|69/100|[from] Stealth Rock
|-fieldstart|move: Misty Terrain|[from] ability: Misty Surge|[of] p1a: Tapu Fini
|turn|30
|
|t:|1659047909
|move|p2a: Barraskewda|Liquidation|p1a: Tapu Fini
|-resisted|p1a: Tapu Fini
|-damage|p1a: Tapu Fini|30/100
|move|p1a: Tapu Fini|Moonblast|p2a: Barraskewda
|-damage|p2a: Barraskewda|0 fnt
|faint|p2a: Barraskewda
|
|-weather|RainDance|[upkeep]
|-heal|p1a: Tapu Fini|36/100|[from] item: Leftovers
|upkeep
|
|t:|1659047926
|switch|p2a: Kingdra|Kingdra, F|51/100
|-damage|p2a: Kingdra|39/100|[from] Stealth Rock
|turn|31
|
|t:|1659047932
|switch|p1a: Blissey|Blissey, F|83/100
|move|p2a: Kingdra|Hydro Pump|p1a: Blissey
|-damage|p1a: Blissey|43/100
|
|-weather|RainDance|[upkeep]
|upkeep
|turn|32
|
|t:|1659047940
|move|p2a: Kingdra|Hydro Pump|p1a: Blissey
|-damage|p1a: Blissey|3/100
|move|p1a: Blissey|Soft-Boiled|p1a: Blissey
|-heal|p1a: Blissey|53/100
|
|-weather|RainDance|[upkeep]
|upkeep
|turn|33
|
|t:|1659047962
|move|p2a: Kingdra|Hydro Pump|p1a: Blissey
|-damage|p1a: Blissey|14/100
|move|p1a: Blissey|Seismic Toss|p2a: Kingdra
|-damage|p2a: Kingdra|4/100
|
|-weather|RainDance|[upkeep]
|upkeep
|turn|34
|
|t:|1659047971
|move|p2a: Kingdra|Hydro Pump|p1a: Blissey
|-damage|p1a: Blissey|0 fnt
|faint|p1a: Blissey
|
|-weather|none
|-fieldend|Misty Terrain
|upkeep
|
|t:|1659047985
|switch|p1a: Zeraora|Zeraora|25/100
|turn|35
|
|t:|1659047990
|move|p1a: Zeraora|Drain Punch|p2a: Kingdra
|-damage|p2a: Kingdra|0 fnt
|-heal|p1a: Zeraora|27/100|[from] drain|[of] p2a: Kingdra
|faint|p2a: Kingdra
|
|upkeep
|
|t:|1659047999
|switch|p2a: Zapdos|Zapdos|37/100
|-damage|p2a: Zapdos|12/100|[from] Stealth Rock
|turn|36
|c|☆Ninjack21|gg
|
|t:|1659048009
|move|p1a: Zeraora|Plasma Fists|p2a: Zapdos
|-damage|p2a: Zapdos|0 fnt
|-fieldactivate|move: Ion Deluge
|-hint|Normal-type moves become Electric-type after using Plasma Fists.
|faint|p2a: Zapdos
|
|upkeep
|
|t:|1659048011
|switch|p2a: Ferrothorn|Ferrothorn, M|56/100
|-damage|p2a: Ferrothorn|50/100|[from] Stealth Rock
|turn|37
|
|t:|1659048022
|move|p1a: Zeraora|Bulk Up|p1a: Zeraora
|-boost|p1a: Zeraora|atk|1
|-boost|p1a: Zeraora|def|1
|move|p2a: Ferrothorn|Iron Head|p1a: Zeraora
|-resisted|p1a: Zeraora
|-damage|p1a: Zeraora|14/100
|
|-heal|p2a: Ferrothorn|56/100|[from] item: Leftovers
|upkeep
|turn|38
|
|t:|1659048029
|move|p1a: Zeraora|Drain Punch|p2a: Ferrothorn
|-supereffective|p2a: Ferrothorn
|-damage|p2a: Ferrothorn|8/100
|-heal|p1a: Zeraora|41/100|[from] drain|[of] p2a: Ferrothorn
|-damage|p1a: Zeraora|29/100|[from] ability: Iron Barbs|[of] p2a: Ferrothorn
|move|p2a: Ferrothorn|Leech Seed|p1a: Zeraora|[miss]
|-miss|p2a: Ferrothorn|p1a: Zeraora
|
|-heal|p2a: Ferrothorn|14/100|[from] item: Leftovers
|upkeep
|turn|39
|
|t:|1659048035
|move|p1a: Zeraora|Drain Punch|p2a: Ferrothorn
|-supereffective|p2a: Ferrothorn
|-damage|p2a: Ferrothorn|0 fnt
|-heal|p1a: Zeraora|36/100|[from] drain|[of] p2a: Ferrothorn
|-damage|p1a: Zeraora|24/100|[from] ability: Iron Barbs|[of] p2a: Ferrothorn
|faint|p2a: Ferrothorn
|
|win|Adel19
|raw|Adel19's rating: 1543 &rarr; <strong>1566</strong><br />(+23 for winning)
|raw|Ninjack21's rating: 1592 &rarr; <strong>1569</strong><br />(-23 for losing)
||Ladder isn't responding, score probably updated but might not have (Request timeout).
