|html|<div class="broadcast-blue"><strong>[Gen 8] OU is currently suspecting Melmetal! For information on how to participate check out the <a href="https://www.smogon.com/forums/threads/np-ss-ou-suspect-process-round-12-monster-mash.3709234/">suspect thread</a>.</strong></div>
|j|☆hadahada
|j|☆kamran 2.0
|t:|1666928396
|gametype|singles
|player|p1|hadahada|gentleman-gen4dp|1483
|player|p2|kamran 2.0|kiawe|1551
|teamsize|p1|6
|teamsize|p2|6
|gen|8
|tier|[Gen 8] OU
|rated|
|rule|Sleep Clause Mod: Limit one foe put to sleep
|rule|Species Clause: Limit one of each Pokémon
|rule|OHKO Clause: OHKO moves are banned
|rule|Evasion Items Clause: Evasion items are banned
|rule|Evasion Moves Clause: Evasion moves are banned
|rule|Endless Battle Clause: Forcing endless battles is banned
|rule|HP Percentage Mod: HP is shown in percentages
|rule|Dynamax Clause: You cannot dynamax
|clearpoke
|poke|p1|Garchomp, F|
|poke|p1|Volcarona, F|
|poke|p1|Regieleki|
|poke|p1|Tapu Lele|
|poke|p1|Tornadus-Therian, M|
|poke|p1|Toxapex, M|
|poke|p2|Scizor, M|
|poke|p2|Dragapult, F|
|poke|p2|Landorus-Therian, M|
|poke|p2|Heatran, F|
|poke|p2|Slowbro, F|
|poke|p2|Clefable, M|
|teampreview
|inactive|Battle timer is ON: inactive players will automatically lose when time's up. (requested by hadahada)
|
|t:|1666928406
|start
|switch|p1a: Volcarona|Volcarona, F|100/100
|switch|p2a: Clefable|Clefable, M|100/100
|turn|1
|
|t:|1666928409
|move|p1a: Volcarona|Substitute|p1a: Volcarona
|-start|p1a: Volcarona|Substitute
|-damage|p1a: Volcarona|76/100
|move|p2a: Clefable|Thunder Wave||[still]
|-fail|p2a: Clefable
|
|-heal|p1a: Volcarona|82/100|[from] item: Leftovers
|upkeep
|turn|2
|
|t:|1666928412
|switch|p2a: Heatran|Heatran, F, shiny|100/100
|move|p1a: Volcarona|Quiver Dance|p1a: Volcarona
|-boost|p1a: Volcarona|spa|1
|-boost|p1a: Volcarona|spd|1
|-boost|p1a: Volcarona|spe|1
|
|-heal|p1a: Volcarona|88/100|[from] item: Leftovers
|upkeep
|turn|3
|
|t:|1666928415
|move|p1a: Volcarona|Quiver Dance|p1a: Volcarona
|-boost|p1a: Volcarona|spa|1
|-boost|p1a: Volcarona|spd|1
|-boost|p1a: Volcarona|spe|1
|move|p2a: Heatran|Magma Storm|p1a: Volcarona
|-activate|p1a: Volcarona|move: Substitute|[damage]
|
|-heal|p1a: Volcarona|94/100|[from] item: Leftovers
|upkeep
|turn|4
|
|t:|1666928420
|move|p1a: Volcarona|Quiver Dance|p1a: Volcarona
|-boost|p1a: Volcarona|spa|1
|-boost|p1a: Volcarona|spd|1
|-boost|p1a: Volcarona|spe|1
|move|p2a: Heatran|Magma Storm|p1a: Volcarona
|-end|p1a: Volcarona|Substitute
|
|-heal|p1a: Volcarona|99/100|[from] item: Leftovers
|upkeep
|turn|5
|
|t:|1666928423
|move|p1a: Volcarona|Substitute|p1a: Volcarona
|-start|p1a: Volcarona|Substitute
|-damage|p1a: Volcarona|75/100
|move|p2a: Heatran|Heavy Slam|p1a: Volcarona
|-resisted|p1a: Volcarona
|-end|p1a: Volcarona|Substitute
|
|-heal|p1a: Volcarona|82/100|[from] item: Leftovers
|upkeep
|turn|6
|
|t:|1666928426
|move|p1a: Volcarona|Substitute|p1a: Volcarona
|-start|p1a: Volcarona|Substitute
|-damage|p1a: Volcarona|57/100
|move|p2a: Heatran|Heavy Slam|p1a: Volcarona
|-resisted|p1a: Volcarona
|-end|p1a: Volcarona|Substitute
|
|-heal|p1a: Volcarona|63/100|[from] item: Leftovers
|upkeep
|turn|7
|
|t:|1666928432
|move|p1a: Volcarona|Hurricane|p2a: Heatran
|-resisted|p2a: Heatran
|-damage|p2a: Heatran|64/100
|move|p2a: Heatran|Heavy Slam|p1a: Volcarona
|-resisted|p1a: Volcarona
|-damage|p1a: Volcarona|39/100
|
|-heal|p1a: Volcarona|45/100|[from] item: Leftovers
|-heal|p2a: Heatran|70/100|[from] item: Leftovers
|upkeep
|turn|8
|
|t:|1666928438
|move|p1a: Volcarona|Hurricane|p2a: Heatran
|-resisted|p2a: Heatran
|-damage|p2a: Heatran|35/100
|move|p2a: Heatran|Heavy Slam|p1a: Volcarona
|-resisted|p1a: Volcarona
|-crit|p1a: Volcarona
|-damage|p1a: Volcarona|7/100
|
|-heal|p1a: Volcarona|13/100|[from] item: Leftovers
|-heal|p2a: Heatran|41/100|[from] item: Leftovers
|upkeep
|turn|9
|
|t:|1666928443
|move|p1a: Volcarona|Hurricane|p2a: Heatran
|-resisted|p2a: Heatran
|-damage|p2a: Heatran|8/100
|move|p2a: Heatran|Heavy Slam|p1a: Volcarona
|-resisted|p1a: Volcarona
|-damage|p1a: Volcarona|0 fnt
|faint|p1a: Volcarona
|
|-heal|p2a: Heatran|14/100|[from] item: Leftovers
|upkeep
|c|☆hadahada|？？？？？
|
|t:|1666928456
|switch|p1a: Regieleki|Regieleki|100/100
|turn|10
|
|t:|1666928466
|move|p1a: Regieleki|Ancient Power|p2a: Heatran
|-damage|p2a: Heatran|0 fnt
|faint|p2a: Heatran
|
|upkeep
|
|t:|1666928469
|switch|p2a: Landorus|Landorus-Therian, M|100/100
|-ability|p2a: Landorus|Intimidate|boost
|-unboost|p1a: Regieleki|atk|1
|turn|11
|
|t:|1666928474
|switch|p1a: Tornadus|Tornadus-Therian, M|100/100
|move|p2a: Landorus|Toxic|p1a: Tornadus
|-status|p1a: Tornadus|tox
|
|-damage|p1a: Tornadus|94/100 tox|[from] psn
|upkeep
|turn|12
|
|t:|1666928478
|move|p1a: Tornadus|Knock Off|p2a: Landorus
|-damage|p2a: Landorus|80/100
|-enditem|p2a: Landorus|Leftovers|[from] move: Knock Off|[of] p1a: Tornadus
|move|p2a: Landorus|U-turn|p1a: Tornadus
|-resisted|p1a: Tornadus
|-damage|p1a: Tornadus|80/100 tox
|c|☆hadahada|wtf
|c|☆kamran 2.0|you on crack or something?
|
|t:|1666928494
|switch|p2a: Clefable|Clefable, M|100/100|[from]move: U-turn
|
|-damage|p1a: Tornadus|68/100 tox|[from] psn
|upkeep
|turn|13
|c|☆hadahada|why the heatran has heavy slam
|
|t:|1666928514
|move|p1a: Tornadus|Hurricane|p2a: Clefable
|-damage|p2a: Clefable|68/100
|move|p2a: Clefable|Moonblast|p1a: Tornadus
|-damage|p1a: Tornadus|27/100 tox
|
|-heal|p2a: Clefable|74/100|[from] item: Leftovers
|-damage|p1a: Tornadus|9/100 tox|[from] psn
|upkeep
|turn|14
|c|☆kamran 2.0|to hit clef and volc
|
|t:|1666928523
|switch|p1a: Toxapex|Toxapex, M|100/100
|move|p2a: Clefable|Soft-Boiled|p2a: Clefable
|-heal|p2a: Clefable|100/100
|
|upkeep
|turn|15
|
|t:|1666928529
|move|p2a: Clefable|Thunder Wave|p1a: Toxapex|[miss]
|-miss|p2a: Clefable|p1a: Toxapex
|move|p1a: Toxapex|Toxic|p2a: Clefable
|-status|p2a: Clefable|tox
|
|upkeep
|turn|16
|
|t:|1666928538
|switch|p1a: Regieleki|Regieleki|100/100
|move|p2a: Clefable|Moonblast|p1a: Regieleki
|-damage|p1a: Regieleki|40/100
|
|upkeep
|turn|17
|
|t:|1666928541
|switch|p2a: Landorus|Landorus-Therian, M|80/100
|-ability|p2a: Landorus|Intimidate|boost
|-unboost|p1a: Regieleki|atk|1
|move|p1a: Regieleki|Electro Ball|p2a: Landorus
|-immune|p2a: Landorus
|
|upkeep
|turn|18
|
|t:|1666928545
|switch|p1a: Tornadus|Tornadus-Therian, M|42/100 tox
|move|p2a: Landorus|U-turn|p1a: Tornadus
|-resisted|p1a: Tornadus
|-damage|p1a: Tornadus|28/100 tox
|
|t:|1666928551
|switch|p2a: Scizor|Scizor, M|100/100|[from]move: U-turn
|
|-damage|p1a: Tornadus|22/100 tox|[from] psn
|upkeep
|turn|19
|
|t:|1666928557
|switch|p1a: Garchomp|Garchomp, F|100/100
|move|p2a: Scizor|Bullet Punch|p1a: Garchomp
|-damage|p1a: Garchomp|77/100
|-damage|p2a: Scizor|88/100|[from] ability: Rough Skin|[of] p1a: Garchomp
|-damage|p2a: Scizor|72/100|[from] item: Rocky Helmet|[of] p1a: Garchomp
|
|upkeep
|turn|20
|
|t:|1666928562
|switch|p2a: Landorus|Landorus-Therian, M|80/100
|-ability|p2a: Landorus|Intimidate|boost
|-unboost|p1a: Garchomp|atk|1
|move|p1a: Garchomp|Fire Blast|p2a: Landorus
|-damage|p2a: Landorus|65/100
|
|upkeep
|turn|21
|
|t:|1666928569
|move|p1a: Garchomp|Toxic|p2a: Landorus
|-status|p2a: Landorus|tox
|move|p2a: Landorus|Toxic|p1a: Garchomp|[miss]
|-miss|p2a: Landorus|p1a: Garchomp
|
|-damage|p2a: Landorus|59/100 tox|[from] psn
|upkeep
|turn|22
|
|t:|1666928572
|move|p1a: Garchomp|Stealth Rock|p2a: Landorus
|-sidestart|p2: kamran 2.0|move: Stealth Rock
|move|p2a: Landorus|Toxic|p1a: Garchomp
|-status|p1a: Garchomp|tox
|
|-damage|p1a: Garchomp|71/100 tox|[from] psn
|-damage|p2a: Landorus|47/100 tox|[from] psn
|upkeep
|turn|23
|
|t:|1666928574
|move|p1a: Garchomp|Fire Blast|p2a: Landorus
|-damage|p2a: Landorus|32/100 tox
|move|p2a: Landorus|Defog|p1a: Garchomp
|-unboost|p1a: Garchomp|evasion|1
|-sideend|p2: kamran 2.0|Stealth Rock|[from] move: Defog|[of] p2a: Landorus
|
|-damage|p1a: Garchomp|59/100 tox|[from] psn
|-damage|p2a: Landorus|14/100 tox|[from] psn
|upkeep
|turn|24
|
|t:|1666928579
|move|p1a: Garchomp|Stealth Rock|p2a: Landorus
|-sidestart|p2: kamran 2.0|move: Stealth Rock
|move|p2a: Landorus|Defog|p1a: Garchomp
|-unboost|p1a: Garchomp|evasion|1
|-sideend|p2: kamran 2.0|Stealth Rock|[from] move: Defog|[of] p2a: Landorus
|
|-damage|p1a: Garchomp|40/100 tox|[from] psn
|-damage|p2a: Landorus|0 fnt|[from] psn
|faint|p2a: Landorus
|upkeep
|
|t:|1666928581
|switch|p2a: Dragapult|Dragapult, F|100/100
|turn|25
|
|t:|1666928586
|move|p2a: Dragapult|Shadow Ball|p1a: Garchomp
|-damage|p1a: Garchomp|0 fnt
|faint|p1a: Garchomp
|
|upkeep
|
|t:|1666928590
|switch|p1a: Tapu Lele|Tapu Lele|100/100
|-fieldstart|move: Psychic Terrain|[from] ability: Psychic Surge|[of] p1a: Tapu Lele
|turn|26
|
|t:|1666928593
|switch|p2a: Scizor|Scizor, M|72/100
|move|p1a: Tapu Lele|Moonblast|p2a: Scizor
|-resisted|p2a: Scizor
|-damage|p2a: Scizor|40/100
|
|upkeep
|turn|27
|
|t:|1666928597
|switch|p1a: Tornadus|Tornadus-Therian, M|55/100 tox
|move|p2a: Scizor|Roost|p2a: Scizor
|-heal|p2a: Scizor|90/100
|-singleturn|p2a: Scizor|move: Roost
|
|-damage|p1a: Tornadus|49/100 tox|[from] psn
|upkeep
|turn|28
|
|t:|1666928600
|switch|p2a: Clefable|Clefable, M|100/100 tox
|move|p1a: Tornadus|Hurricane|p2a: Clefable
|-damage|p2a: Clefable|68/100 tox
|
|-heal|p2a: Clefable|74/100 tox|[from] item: Leftovers
|-damage|p1a: Tornadus|37/100 tox|[from] psn
|upkeep
|turn|29
|
|t:|1666928606
|move|p1a: Tornadus|Hurricane|p2a: Clefable
|-damage|p2a: Clefable|39/100 tox
|move|p2a: Clefable|Thunder Wave||[still]
|-fail|p2a: Clefable
|
|-heal|p2a: Clefable|45/100 tox|[from] item: Leftovers
|-damage|p1a: Tornadus|19/100 tox|[from] psn
|upkeep
|turn|30
|
|t:|1666928610
|move|p1a: Tornadus|Hurricane|p2a: Clefable
|-damage|p2a: Clefable|7/100 tox
|-start|p2a: Clefable|confusion
|-activate|p2a: Clefable|confusion
|move|p2a: Clefable|Soft-Boiled|p2a: Clefable
|-heal|p2a: Clefable|57/100 tox
|
|-heal|p2a: Clefable|63/100 tox|[from] item: Leftovers
|-damage|p1a: Tornadus|0 fnt|[from] psn
|faint|p1a: Tornadus
|-fieldend|move: Psychic Terrain
|upkeep
|
|t:|1666928616
|switch|p1a: Regieleki|Regieleki|40/100
|turn|31
|
|t:|1666928644
|move|p1a: Regieleki|Electro Ball|p2a: Clefable
|-damage|p2a: Clefable|0 fnt
|faint|p2a: Clefable
|
|upkeep
|
|t:|1666928651
|switch|p2a: Dragapult|Dragapult, F|100/100
|turn|32
|
|t:|1666928654
|switch|p1a: Toxapex|Toxapex, M|100/100
|move|p2a: Dragapult|Shadow Ball|p1a: Toxapex
|-damage|p1a: Toxapex|65/100
|
|-heal|p1a: Toxapex|71/100|[from] item: Black Sludge
|upkeep
|turn|33
|
|t:|1666928658
|switch|p2a: Slowbro|Slowbro, F, shiny|100/100
|move|p1a: Toxapex|Scald|p2a: Slowbro
|-resisted|p2a: Slowbro
|-damage|p2a: Slowbro|91/100
|
|-heal|p1a: Toxapex|77/100|[from] item: Black Sludge
|upkeep
|turn|34
|
|t:|1666928661
|move|p1a: Toxapex|Toxic|p2a: Slowbro
|-status|p2a: Slowbro|tox
|move|p2a: Slowbro|Scald|p1a: Toxapex
|-resisted|p1a: Toxapex
|-damage|p1a: Toxapex|68/100
|-status|p1a: Toxapex|brn
|
|-heal|p1a: Toxapex|75/100 brn|[from] item: Black Sludge
|-damage|p2a: Slowbro|85/100 tox|[from] psn
|-damage|p1a: Toxapex|68/100 brn|[from] brn
|upkeep
|turn|35
|
|t:|1666928664
|move|p1a: Toxapex|Recover|p1a: Toxapex
|-heal|p1a: Toxapex|100/100 brn
|move|p2a: Slowbro|Teleport|p2a: Slowbro
|
|t:|1666928667
|switch|p2a: Scizor|Scizor, M|90/100|[from]move: Teleport
|
|-damage|p1a: Toxapex|94/100 brn|[from] brn
|upkeep
|turn|36
|
|t:|1666928672
|move|p2a: Scizor|Swords Dance|p2a: Scizor
|-boost|p2a: Scizor|atk|2
|move|p1a: Toxapex|Scald|p2a: Scizor
|-damage|p2a: Scizor|70/100
|-status|p2a: Scizor|brn
|
|-heal|p1a: Toxapex|100/100 brn|[from] item: Black Sludge
|-damage|p2a: Scizor|64/100 brn|[from] brn
|-damage|p1a: Toxapex|94/100 brn|[from] brn
|upkeep
|turn|37
|
|t:|1666928676
|move|p2a: Scizor|Swords Dance|p2a: Scizor
|-boost|p2a: Scizor|atk|2
|move|p1a: Toxapex|Scald|p2a: Scizor
|-damage|p2a: Scizor|43/100 brn
|
|-heal|p1a: Toxapex|100/100 brn|[from] item: Black Sludge
|-damage|p2a: Scizor|37/100 brn|[from] brn
|-damage|p1a: Toxapex|94/100 brn|[from] brn
|upkeep
|turn|38
|
|t:|1666928678
|switch|p1a: Tapu Lele|Tapu Lele|100/100
|-fieldstart|move: Psychic Terrain|[from] ability: Psychic Surge|[of] p1a: Tapu Lele
|move|p2a: Scizor|Roost|p2a: Scizor
|-heal|p2a: Scizor|87/100 brn
|-singleturn|p2a: Scizor|move: Roost
|
|-damage|p2a: Scizor|81/100 brn|[from] brn
|upkeep
|turn|39
|
|t:|1666928685
|move|p1a: Tapu Lele|Thunderbolt|p2a: Scizor
|-damage|p2a: Scizor|46/100 brn
|move|p2a: Scizor|Knock Off|p1a: Tapu Lele
|-damage|p1a: Tapu Lele|35/100
|-enditem|p1a: Tapu Lele|Choice Scarf|[from] move: Knock Off|[of] p2a: Scizor
|
|-damage|p2a: Scizor|40/100 brn|[from] brn
|upkeep
|turn|40
|
|t:|1666928694
|move|p1a: Tapu Lele|Psyshock|p2a: Scizor
|-resisted|p2a: Scizor
|-damage|p2a: Scizor|22/100 brn
|move|p2a: Scizor|Roost|p2a: Scizor
|-heal|p2a: Scizor|72/100 brn
|-singleturn|p2a: Scizor|move: Roost
|
|-damage|p2a: Scizor|66/100 brn|[from] brn
|upkeep
|turn|41
|
|t:|1666928697
|move|p1a: Tapu Lele|Thunderbolt|p2a: Scizor
|-damage|p2a: Scizor|30/100 brn
|move|p2a: Scizor|Roost|p2a: Scizor
|-heal|p2a: Scizor|80/100 brn
|-singleturn|p2a: Scizor|move: Roost
|
|-damage|p2a: Scizor|74/100 brn|[from] brn
|upkeep
|turn|42
|
|t:|1666928700
|switch|p1a: Toxapex|Toxapex, M|100/100 brn
|move|p2a: Scizor|Roost|p2a: Scizor
|-heal|p2a: Scizor|100/100 brn
|-singleturn|p2a: Scizor|move: Roost
|
|-damage|p2a: Scizor|94/100 brn|[from] brn
|-damage|p1a: Toxapex|94/100 brn|[from] brn
|-fieldend|move: Psychic Terrain
|upkeep
|turn|43
|
|t:|1666928705
|switch|p1a: Tapu Lele|Tapu Lele|35/100
|-fieldstart|move: Psychic Terrain|[from] ability: Psychic Surge|[of] p1a: Tapu Lele
|move|p2a: Scizor|Swords Dance|p2a: Scizor
|-boost|p2a: Scizor|atk|2
|
|-damage|p2a: Scizor|88/100 brn|[from] brn
|upkeep
|turn|44
|
|t:|1666928708
|move|p1a: Tapu Lele|Thunderbolt|p2a: Scizor
|-damage|p2a: Scizor|50/100 brn
|move|p2a: Scizor|Knock Off|p1a: Tapu Lele
|-damage|p1a: Tapu Lele|0 fnt
|faint|p1a: Tapu Lele
|
|-damage|p2a: Scizor|44/100 brn|[from] brn
|upkeep
|
|t:|1666928710
|switch|p1a: Regieleki|Regieleki|40/100
|turn|45
|
|t:|1666928727
|move|p1a: Regieleki|Electro Ball|p2a: Scizor
|-damage|p2a: Scizor|0 fnt
|faint|p2a: Scizor
|
|upkeep
|
|t:|1666928729
|switch|p2a: Dragapult|Dragapult, F|100/100
|turn|46
|
|t:|1666928732
|switch|p1a: Toxapex|Toxapex, M|100/100 brn
|move|p2a: Dragapult|Hex|p1a: Toxapex
|-damage|p1a: Toxapex|45/100 brn
|
|-heal|p1a: Toxapex|51/100 brn|[from] item: Black Sludge
|-damage|p1a: Toxapex|45/100 brn|[from] brn
|upkeep
|turn|47
|
|t:|1666928735
|move|p2a: Dragapult|Hex|p1a: Toxapex
|-damage|p1a: Toxapex|0 fnt
|faint|p1a: Toxapex
|
|-fieldend|move: Psychic Terrain
|upkeep
|l|☆hadahada
|inactive|hadahada disconnected and has a minute to reconnect!
|player|p1|
|inactive|hadahada has 30 seconds to reconnect!
|inactive|hadahada has 20 seconds to reconnect!
|inactive|hadahada has 15 seconds to reconnect!
|inactive|hadahada has 10 seconds to reconnect!
|inactive|hadahada has 5 seconds to reconnect!
|-message|hadahada lost due to inactivity.
|
|win|kamran 2.0
|raw|hadahada's rating: 1483 &rarr; <strong>1467</strong><br />(-16 for losing)
|raw|kamran 2.0's rating: 1551 &rarr; <strong>1567</strong><br />(+16 for winning)
|c|☆kamran 2.0|https://pokepast.es/b807334bb2d16712
||Ladder isn't responding, score probably updated but might not have (Request timeout).
