|j|☆ErnstBusch
|j|☆FENDINI
|t:|1650202908
|gametype|singles
|player|p1|ErnstBusch|ethan|1734
|player|p2|FENDINI|n|1730
|teamsize|p1|6
|teamsize|p2|6
|gen|8
|tier|[Gen 8] OU
|rated|
|rule|Sleep Clause Mod: Limit one foe put to sleep
|rule|Species Clause: Limit one of each Pokémon
|rule|OHKO Clause: OHKO moves are banned
|rule|Evasion Moves Clause: Evasion moves are banned
|rule|Endless Battle Clause: Forcing endless battles is banned
|rule|HP Percentage Mod: HP is shown in percentages
|rule|Dynamax Clause: You cannot dynamax
|clearpoke
|poke|p1|Tapu Lele|
|poke|p1|Clefable, F|
|poke|p1|Ferrothorn, F|
|poke|p1|Urshifu-*, M|
|poke|p1|Garchomp, M|
|poke|p1|Zapdos|
|poke|p2|Weavile, M|
|poke|p2|Garchomp, M|
|poke|p2|Tornadus-Therian, M|
|poke|p2|Clefable, F|
|poke|p2|Rotom-Wash|
|poke|p2|Ferrothorn, M|
|teampreview
|inactive|Battle timer is ON: inactive players will automatically lose when time's up. (requested by FENDINI)
|j| weakteamplayer
|j| FransOxxO
|
|t:|1650202933
|start
|switch|p1a: Clefable|Clefable, F|100/100
|switch|p2a: Tornadus|Tornadus-Therian, M|100/100
|turn|1
|
|t:|1650202940
|move|p2a: Tornadus|Taunt|p1a: Clefable
|-start|p1a: Clefable|move: Taunt
|cant|p1a: Clefable|move: Taunt|Thunder Wave
|
|upkeep
|turn|2
|
|t:|1650202944
|move|p2a: Tornadus|Knock Off|p1a: Clefable
|-resisted|p1a: Clefable
|-damage|p1a: Clefable|90/100
|-enditem|p1a: Clefable|Leftovers|[from] move: Knock Off|[of] p2a: Tornadus
|move|p1a: Clefable|Moonblast|p2a: Tornadus
|-damage|p2a: Tornadus|72/100
|-unboost|p2a: Tornadus|spa|1
|
|upkeep
|turn|3
|
|t:|1650202953
|switch|p2a: Rotom|Rotom-Wash|100/100
|move|p1a: Clefable|Moonblast|p2a: Rotom
|-damage|p2a: Rotom|73/100
|
|-heal|p2a: Rotom|79/100|[from] item: Leftovers
|-end|p1a: Clefable|move: Taunt
|upkeep
|turn|4
|
|t:|1650202958
|move|p2a: Rotom|Thunder Wave|p1a: Clefable
|-status|p1a: Clefable|par
|cant|p1a: Clefable|par
|
|-heal|p2a: Rotom|85/100|[from] item: Leftovers
|upkeep
|turn|5
|
|t:|1650202963
|move|p2a: Rotom|Volt Switch|p1a: Clefable
|-damage|p1a: Clefable|72/100 par
|
|t:|1650202972
|switch|p2a: Ferrothorn|Ferrothorn, M|100/100|[from]move: Volt Switch
|move|p1a: Clefable|Stealth Rock|p2a: Ferrothorn
|-sidestart|p2: FENDINI|move: Stealth Rock
|
|upkeep
|turn|6
|
|t:|1650202976
|move|p1a: Clefable|Thunder Wave|p2a: Ferrothorn|[miss]
|-miss|p1a: Clefable|p2a: Ferrothorn
|move|p2a: Ferrothorn|Spikes|p1a: Clefable
|-sidestart|p1: ErnstBusch|Spikes
|
|upkeep
|turn|7
|
|t:|1650202991
|move|p1a: Clefable|Thunder Wave|p2a: Ferrothorn
|-status|p2a: Ferrothorn|par
|move|p2a: Ferrothorn|Spikes|p1a: Clefable
|-sidestart|p1: ErnstBusch|Spikes
|
|upkeep
|turn|8
|
|t:|1650202996
|move|p1a: Clefable|Soft-Boiled|p1a: Clefable
|-heal|p1a: Clefable|100/100 par
|move|p2a: Ferrothorn|Spikes|p1a: Clefable
|-sidestart|p1: ErnstBusch|Spikes
|
|upkeep
|turn|9
|
|t:|1650203003
|switch|p1a: Zapdos|Zapdos|100/100
|switch|p2a: Rotom|Rotom-Wash|85/100
|-damage|p2a: Rotom|73/100|[from] Stealth Rock
|
|-heal|p2a: Rotom|79/100|[from] item: Leftovers
|upkeep
|turn|10
|
|t:|1650203009
|move|p1a: Zapdos|Defog|p2a: Rotom
|-unboost|p2a: Rotom|evasion|1
|-sideend|p2: FENDINI|Stealth Rock|[from] move: Defog|[of] p1a: Zapdos
|-sideend|p1: ErnstBusch|Spikes|[from] move: Defog|[of] p1a: Zapdos
|move|p2a: Rotom|Volt Switch|p1a: Zapdos
|-damage|p1a: Zapdos|75/100
|
|t:|1650203012
|switch|p2a: Weavile|Weavile, M|100/100|[from]move: Volt Switch
|-ability|p2a: Weavile|Pressure
|
|upkeep
|turn|11
|
|t:|1650203015
|switch|p1a: Ferrothorn|Ferrothorn, F|100/100
|move|p2a: Weavile|Icicle Crash|p1a: Ferrothorn
|-damage|p1a: Ferrothorn|49/100
|
|-heal|p1a: Ferrothorn|55/100|[from] item: Leftovers
|upkeep
|turn|12
|
|t:|1650203023
|switch|p2a: Ferrothorn|Ferrothorn, M|100/100 par
|move|p1a: Ferrothorn|Leech Seed|p2a: Ferrothorn
|-immune|p2a: Ferrothorn
|
|-heal|p1a: Ferrothorn|62/100|[from] item: Leftovers
|upkeep
|turn|13
|j| Envied
|
|t:|1650203028
|move|p1a: Ferrothorn|Spikes|p2a: Ferrothorn
|-sidestart|p2: FENDINI|Spikes
|move|p2a: Ferrothorn|Knock Off|p1a: Ferrothorn
|-damage|p1a: Ferrothorn|45/100
|-damage|p2a: Ferrothorn|88/100 par|[from] ability: Iron Barbs|[of] p1a: Ferrothorn
|-enditem|p1a: Ferrothorn|Leftovers|[from] move: Knock Off|[of] p2a: Ferrothorn
|
|-heal|p2a: Ferrothorn|94/100 par|[from] item: Leftovers
|upkeep
|turn|14
|
|t:|1650203033
|move|p1a: Ferrothorn|Knock Off|p2a: Ferrothorn
|-damage|p2a: Ferrothorn|83/100 par
|-damage|p1a: Ferrothorn|32/100|[from] ability: Iron Barbs|[of] p2a: Ferrothorn
|-enditem|p2a: Ferrothorn|Leftovers|[from] move: Knock Off|[of] p1a: Ferrothorn
|move|p2a: Ferrothorn|Spikes|p1a: Ferrothorn
|-sidestart|p1: ErnstBusch|Spikes
|
|upkeep
|turn|15
|
|t:|1650203045
|switch|p2a: Tornadus|Tornadus-Therian, M|100/100
|move|p1a: Ferrothorn|Body Press|p2a: Tornadus
|-resisted|p2a: Tornadus
|-damage|p2a: Tornadus|86/100
|
|upkeep
|turn|16
|
|t:|1650203049
|switch|p1a: Clefable|Clefable, F|100/100 par
|move|p2a: Tornadus|Hurricane|p1a: Clefable
|-damage|p1a: Clefable|69/100 par
|-start|p1a: Clefable|confusion
|
|upkeep
|turn|17
|
|t:|1650203054
|move|p2a: Tornadus|Taunt|p1a: Clefable
|-start|p1a: Clefable|move: Taunt
|-activate|p1a: Clefable|confusion
|move|p1a: Clefable|Moonblast|p2a: Tornadus
|-damage|p2a: Tornadus|58/100
|
|upkeep
|turn|18
|
|t:|1650203058
|move|p2a: Tornadus|Hurricane|p1a: Clefable|[miss]
|-miss|p2a: Tornadus|p1a: Clefable
|-activate|p1a: Clefable|confusion
|cant|p1a: Clefable|par
|
|upkeep
|turn|19
|
|t:|1650203060
|move|p2a: Tornadus|Hurricane|p1a: Clefable
|-damage|p1a: Clefable|36/100 par
|-activate|p1a: Clefable|confusion
|-damage|p1a: Clefable|31/100 par|[from] confusion
|
|-end|p1a: Clefable|move: Taunt
|upkeep
|turn|20
|
|t:|1650203066
|switch|p1a: Zapdos|Zapdos|75/100
|move|p2a: Tornadus|Taunt|p1a: Zapdos
|-start|p1a: Zapdos|move: Taunt
|
|upkeep
|turn|21
|j| PokemonYellowOnGBC
|
|t:|1650203073
|switch|p2a: Rotom|Rotom-Wash|79/100
|move|p1a: Zapdos|Volt Switch|p2a: Rotom
|-damage|p2a: Rotom|55/100
|
|t:|1650203078
|switch|p1a: Tapu Lele|Tapu Lele|100/100|[from]move: Volt Switch
|-damage|p1a: Tapu Lele|88/100|[from] Spikes
|-fieldstart|move: Psychic Terrain|[from] ability: Psychic Surge|[of] p1a: Tapu Lele
|
|-heal|p2a: Rotom|61/100|[from] item: Leftovers
|upkeep
|turn|22
|
|t:|1650203084
|switch|p2a: Ferrothorn|Ferrothorn, M|83/100 par
|-damage|p2a: Ferrothorn|70/100 par|[from] Spikes
|move|p1a: Tapu Lele|Moonblast|p2a: Ferrothorn
|-resisted|p2a: Ferrothorn
|-damage|p2a: Ferrothorn|38/100 par
|-unboost|p2a: Ferrothorn|spa|1
|
|upkeep
|turn|23
|inactive|FENDINI has 120 seconds left.
|
|t:|1650203119
|switch|p1a: Clefable|Clefable, F|31/100 par
|move|p2a: Ferrothorn|Knock Off|p1a: Clefable
|-resisted|p1a: Clefable
|-damage|p1a: Clefable|25/100 par
|
|upkeep
|turn|24
|j| Peepeepoopoo72
|j| tapu moxo
|inactive|FENDINI has 120 seconds left.
|
|t:|1650203152
|switch|p2a: Rotom|Rotom-Wash|61/100
|move|p1a: Clefable|Soft-Boiled|p1a: Clefable
|-heal|p1a: Clefable|75/100 par
|
|-heal|p2a: Rotom|67/100|[from] item: Leftovers
|upkeep
|turn|25
|
|t:|1650203157
|move|p2a: Rotom|Pain Split|p1a: Clefable
|-sethp|p1a: Clefable|63/100 par|[from] move: Pain Split|[silent]
|-sethp|p2a: Rotom|82/100|[from] move: Pain Split
|move|p1a: Clefable|Stealth Rock|p2a: Rotom
|-sidestart|p2: FENDINI|move: Stealth Rock
|
|-heal|p2a: Rotom|88/100|[from] item: Leftovers
|-fieldend|move: Psychic Terrain
|upkeep
|turn|26
|
|t:|1650203170
|move|p2a: Rotom|Volt Switch|p1a: Clefable
|-damage|p1a: Clefable|45/100 par
|
|t:|1650203172
|switch|p2a: Tornadus|Tornadus-Therian, M|91/100|[from]move: Volt Switch
|cant|p1a: Clefable|par
|
|upkeep
|turn|27
|
|t:|1650203180
|switch|p1a: Zapdos|Zapdos|75/100
|move|p2a: Tornadus|Defog|p1a: Zapdos
|-unboost|p1a: Zapdos|evasion|1
|-sideend|p1: ErnstBusch|Spikes|[from] move: Defog|[of] p2a: Tornadus
|-sideend|p2: FENDINI|Spikes|[from] move: Defog|[of] p2a: Tornadus
|-sideend|p2: FENDINI|Stealth Rock|[from] move: Defog|[of] p2a: Tornadus
|
|upkeep
|turn|28
|
|t:|1650203185
|switch|p2a: Garchomp|Garchomp, M|100/100
|move|p1a: Zapdos|Volt Switch|p2a: Garchomp
|-immune|p2a: Garchomp
|
|upkeep
|turn|29
|
|t:|1650203192
|switch|p1a: Urshifu|Urshifu-Rapid-Strike, M|100/100
|move|p2a: Garchomp|Stone Edge|p1a: Urshifu
|-resisted|p1a: Urshifu
|-damage|p1a: Urshifu|82/100
|
|upkeep
|turn|30
|j| ffa22
|inactive|FENDINI has 120 seconds left.
|
|t:|1650203234
|switch|p2a: Ferrothorn|Ferrothorn, M|38/100 par
|move|p1a: Urshifu|Ice Punch|p2a: Ferrothorn
|-damage|p2a: Ferrothorn|21/100 par
|-damage|p1a: Urshifu|70/100|[from] ability: Iron Barbs|[of] p2a: Ferrothorn
|
|upkeep
|turn|31
|
|t:|1650203241
|switch|p1a: Clefable|Clefable, F|45/100 par
|switch|p2a: Rotom|Rotom-Wash|88/100
|
|-heal|p2a: Rotom|94/100|[from] item: Leftovers
|upkeep
|turn|32
|
|t:|1650203244
|move|p2a: Rotom|Volt Switch|p1a: Clefable
|-damage|p1a: Clefable|27/100 par
|
|t:|1650203248
|switch|p2a: Tornadus|Tornadus-Therian, M|100/100|[from]move: Volt Switch
|move|p1a: Clefable|Soft-Boiled|p1a: Clefable
|-heal|p1a: Clefable|77/100 par
|
|upkeep
|turn|33
|
|t:|1650203254
|move|p2a: Tornadus|Taunt|p1a: Clefable
|-start|p1a: Clefable|move: Taunt
|cant|p1a: Clefable|move: Taunt|Thunder Wave
|
|upkeep
|turn|34
|
|t:|1650203255
|move|p2a: Tornadus|Hurricane|p1a: Clefable
|-crit|p1a: Clefable
|-damage|p1a: Clefable|34/100 par
|move|p1a: Clefable|Moonblast|p2a: Tornadus
|-damage|p2a: Tornadus|67/100
|-unboost|p2a: Tornadus|spa|1
|
|upkeep
|turn|35
|l| Envied
|
|t:|1650203263
|switch|p1a: Zapdos|Zapdos|75/100
|move|p2a: Tornadus|Hurricane|p1a: Zapdos|[miss]
|-miss|p2a: Tornadus|p1a: Zapdos
|
|upkeep
|turn|36
|
|t:|1650203267
|switch|p2a: Garchomp|Garchomp, M|100/100
|move|p1a: Zapdos|Hurricane|p2a: Garchomp
|-damage|p2a: Garchomp|49/100
|
|-heal|p2a: Garchomp|55/100|[from] item: Leftovers
|upkeep
|turn|37
|
|t:|1650203271
|move|p2a: Garchomp|Stealth Rock|p1a: Zapdos
|-sidestart|p1: ErnstBusch|move: Stealth Rock
|move|p1a: Zapdos|Hurricane|p2a: Garchomp
|-damage|p2a: Garchomp|4/100
|-start|p2a: Garchomp|confusion
|
|-heal|p2a: Garchomp|10/100|[from] item: Leftovers
|upkeep
|turn|38
|
|t:|1650203276
|switch|p2a: Rotom|Rotom-Wash|94/100
|move|p1a: Zapdos|Roost|p1a: Zapdos
|-heal|p1a: Zapdos|100/100
|-singleturn|p1a: Zapdos|move: Roost
|
|-heal|p2a: Rotom|99/100|[from] item: Leftovers
|upkeep
|turn|39
|
|t:|1650203295
|move|p1a: Zapdos|Volt Switch|p2a: Rotom
|-damage|p2a: Rotom|76/100
|
|t:|1650203302
|switch|p1a: Garchomp|Garchomp, M|100/100|[from]move: Volt Switch
|-damage|p1a: Garchomp|94/100|[from] Stealth Rock
|move|p2a: Rotom|Volt Switch|p1a: Garchomp
|-immune|p1a: Garchomp
|
|-heal|p1a: Garchomp|100/100|[from] item: Leftovers
|-heal|p2a: Rotom|82/100|[from] item: Leftovers
|upkeep
|turn|40
|j| cute pink team
|
|t:|1650203313
|switch|p2a: Clefable|Clefable, F|100/100
|move|p1a: Garchomp|Swords Dance|p1a: Garchomp
|-boost|p1a: Garchomp|atk|2
|
|upkeep
|turn|41
|
|t:|1650203315
|move|p1a: Garchomp|Earthquake|p2a: Clefable
|-damage|p2a: Clefable|11/100
|move|p2a: Clefable|Moonblast|p1a: Garchomp
|-supereffective|p1a: Garchomp
|-damage|p1a: Garchomp|4/100
|-unboost|p1a: Garchomp|spa|1
|
|-heal|p1a: Garchomp|11/100|[from] item: Leftovers
|upkeep
|turn|42
|
|t:|1650203322
|move|p1a: Garchomp|Earthquake|p2a: Clefable
|-damage|p2a: Clefable|0 fnt
|faint|p2a: Clefable
|
|-heal|p1a: Garchomp|17/100|[from] item: Leftovers
|upkeep
|
|t:|1650203324
|switch|p2a: Weavile|Weavile, M|100/100
|-ability|p2a: Weavile|Pressure
|turn|43
|
|t:|1650203329
|switch|p1a: Ferrothorn|Ferrothorn, F|32/100
|-damage|p1a: Ferrothorn|26/100|[from] Stealth Rock
|move|p2a: Weavile|Knock Off|p1a: Ferrothorn
|-damage|p1a: Ferrothorn|0 fnt
|-damage|p2a: Weavile|88/100|[from] ability: Iron Barbs|[of] p1a: Ferrothorn
|faint|p1a: Ferrothorn
|
|upkeep
|
|t:|1650203336
|switch|p1a: Urshifu|Urshifu-Rapid-Strike, M|70/100
|-damage|p1a: Urshifu|64/100|[from] Stealth Rock
|turn|44
|
|t:|1650203340
|switch|p2a: Ferrothorn|Ferrothorn, M|21/100 par
|move|p1a: Urshifu|U-turn|p2a: Ferrothorn
|-damage|p2a: Ferrothorn|8/100 par
|-damage|p1a: Urshifu|51/100|[from] ability: Iron Barbs|[of] p2a: Ferrothorn
|
|t:|1650203343
|switch|p1a: Clefable|Clefable, F|34/100 par|[from]move: U-turn
|
|upkeep
|turn|45
|
|t:|1650203355
|switch|p2a: Tornadus|Tornadus-Therian, M|100/100
|move|p1a: Clefable|Stealth Rock|p2a: Tornadus
|-sidestart|p2: FENDINI|move: Stealth Rock
|
|upkeep
|turn|46
|
|t:|1650203362
|switch|p1a: Zapdos|Zapdos|100/100
|move|p2a: Tornadus|Hurricane|p1a: Zapdos|[miss]
|-miss|p2a: Tornadus|p1a: Zapdos
|
|upkeep
|turn|47
|
|t:|1650203376
|move|p2a: Tornadus|Defog|p1a: Zapdos
|-unboost|p1a: Zapdos|evasion|1
|-sideend|p1: ErnstBusch|Stealth Rock|[from] move: Defog|[of] p2a: Tornadus
|-sideend|p2: FENDINI|Stealth Rock|[from] move: Defog|[of] p2a: Tornadus
|move|p1a: Zapdos|Hurricane|p2a: Tornadus
|-damage|p2a: Tornadus|53/100
|
|upkeep
|turn|48
|
|t:|1650203387
|switch|p2a: Rotom|Rotom-Wash|82/100
|move|p1a: Zapdos|Volt Switch|p2a: Rotom
|-damage|p2a: Rotom|57/100
|
|t:|1650203389
|switch|p1a: Tapu Lele|Tapu Lele|88/100|[from]move: Volt Switch
|-fieldstart|move: Psychic Terrain|[from] ability: Psychic Surge|[of] p1a: Tapu Lele
|
|-heal|p2a: Rotom|63/100|[from] item: Leftovers
|upkeep
|turn|49
|inactive|FENDINI has 120 seconds left.
|
|t:|1650203421
|switch|p2a: Ferrothorn|Ferrothorn, M|8/100 par
|move|p1a: Tapu Lele|Moonblast|p2a: Ferrothorn
|-resisted|p2a: Ferrothorn
|-damage|p2a: Ferrothorn|0 fnt
|faint|p2a: Ferrothorn
|
|upkeep
|
|t:|1650203423
|switch|p2a: Weavile|Weavile, M|88/100
|-ability|p2a: Weavile|Pressure
|turn|50
|
|t:|1650203431
|switch|p1a: Clefable|Clefable, F|34/100 par
|move|p2a: Weavile|Knock Off|p1a: Clefable
|-resisted|p1a: Clefable
|-damage|p1a: Clefable|11/100 par
|
|upkeep
|turn|51
|
|t:|1650203437
|move|p2a: Weavile|Knock Off|p1a: Clefable
|-resisted|p1a: Clefable
|-damage|p1a: Clefable|0 fnt
|faint|p1a: Clefable
|
|upkeep
|j| flix_peace
|l| flix_peace
|j| Fitzcarraldo
|
|t:|1650203451
|switch|p1a: Urshifu|Urshifu-Rapid-Strike, M|51/100
|turn|52
|inactive|FENDINI has 120 seconds left.
|
|t:|1650203482
|switch|p2a: Garchomp|Garchomp, M|10/100
|move|p1a: Urshifu|Close Combat|p2a: Garchomp
|-damage|p2a: Garchomp|0 fnt
|-unboost|p1a: Urshifu|def|1
|-unboost|p1a: Urshifu|spd|1
|-damage|p1a: Urshifu|39/100|[from] ability: Rough Skin|[of] p2a: Garchomp
|faint|p2a: Garchomp
|
|-fieldend|move: Psychic Terrain
|upkeep
|inactive|FENDINI has 120 seconds left.
|
|t:|1650203500
|switch|p2a: Tornadus|Tornadus-Therian, M|86/100
|turn|53
|
|t:|1650203504
|switch|p1a: Garchomp|Garchomp, M|17/100
|switch|p2a: Weavile|Weavile, M|88/100
|-ability|p2a: Weavile|Pressure
|
|-heal|p1a: Garchomp|23/100|[from] item: Leftovers
|upkeep
|turn|54
|j| cwp55
|
|t:|1650203513
|move|p2a: Weavile|Icicle Crash|p1a: Garchomp
|-supereffective|p1a: Garchomp
|-damage|p1a: Garchomp|0 fnt
|faint|p1a: Garchomp
|
|upkeep
|
|t:|1650203516
|switch|p1a: Urshifu|Urshifu-Rapid-Strike, M|39/100
|turn|55
|
|t:|1650203519
|switch|p2a: Tornadus|Tornadus-Therian, M|100/100
|move|p1a: Urshifu|U-turn|p2a: Tornadus
|-resisted|p2a: Tornadus
|-damage|p2a: Tornadus|88/100
|j| Jjjddd
|
|t:|1650203527
|switch|p1a: Zapdos|Zapdos|100/100|[from]move: U-turn
|
|upkeep
|turn|56
|l| Jjjddd
|
|t:|1650203538
|move|p2a: Tornadus|Hurricane|p1a: Zapdos
|-resisted|p1a: Zapdos
|-damage|p1a: Zapdos|81/100
|move|p1a: Zapdos|Volt Switch|p2a: Tornadus
|-supereffective|p2a: Tornadus
|-crit|p2a: Tornadus
|-damage|p2a: Tornadus|1/100
|
|t:|1650203544
|switch|p1a: Urshifu|Urshifu-Rapid-Strike, M|39/100|[from]move: Volt Switch
|
|upkeep
|turn|57
|j| unimportant PS alt
|l| Peepeepoopoo72
|
|t:|1650203559
|switch|p2a: Rotom|Rotom-Wash|63/100
|move|p1a: Urshifu|Close Combat|p2a: Rotom
|-damage|p2a: Rotom|0 fnt
|-unboost|p1a: Urshifu|def|1
|-unboost|p1a: Urshifu|spd|1
|faint|p2a: Rotom
|
|upkeep
|-message|FENDINI forfeited.
|
|win|ErnstBusch
|raw|ErnstBusch's rating: 1754 &rarr; <strong>1773</strong><br />(+19 for winning)
|raw|FENDINI's rating: 1730 &rarr; <strong>1711</strong><br />(-19 for losing)
|l|☆FENDINI
