|j|☆vnmmv
|j|☆El Stefano
|t:|1667251929
|gametype|singles
|player|p1|vnmmv|102|1670
|player|p2|El Stefano|101|1662
|teamsize|p1|6
|teamsize|p2|6
|gen|8
|tier|[Gen 8] OU
|rated|
|rule|Sleep Clause Mod: Limit one foe put to sleep
|rule|Species Clause: Limit one of each Pokémon
|rule|OHKO Clause: OHKO moves are banned
|rule|Evasion Items Clause: Evasion items are banned
|rule|Evasion Moves Clause: Evasion moves are banned
|rule|Endless Battle Clause: Forcing endless battles is banned
|rule|HP Percentage Mod: HP is shown in percentages
|rule|Dynamax Clause: You cannot dynamax
|clearpoke
|poke|p1|Torkoal, M|
|poke|p1|Hatterene, F|
|poke|p1|Melmetal|
|poke|p1|Venusaur, M|
|poke|p1|Victini|
|poke|p1|Heatran, M|
|poke|p2|Reuniclus, F|
|poke|p2|Toxapex, M|
|poke|p2|Dragonite, M|
|poke|p2|Quagsire, F|
|poke|p2|Umbreon, M|
|poke|p2|Tornadus-Therian, M|
|teampreview
|inactive|Battle timer is ON: inactive players will automatically lose when time's up. (requested by vnmmv)
|j| IIIodyne
|c| IIIodyne|hola
|
|t:|1667251952
|start
|switch|p1a: Hatterene|Hatterene, F|100/100
|switch|p2a: Reuniclus|Reuniclus, F|100/100
|turn|1
|c|☆El Stefano|hola
|
|t:|1667251961
|switch|p1a: Melmetal|Melmetal|100/100
|move|p2a: Reuniclus|Infestation|p1a: Melmetal
|-resisted|p1a: Melmetal
|-damage|p1a: Melmetal|98/100
|-activate|p1a: Melmetal|move: Infestation|[of] p2a: Reuniclus
|
|-damage|p1a: Melmetal|85/100|[from] move: Infestation|[partiallytrapped]
|upkeep
|turn|2
|
|t:|1667251968
|switch|p2a: Toxapex|Toxapex, M|100/100
|move|p1a: Melmetal|Thunder Punch|p2a: Toxapex
|-supereffective|p2a: Toxapex
|-damage|p2a: Toxapex|37/100
|-damage|p1a: Melmetal|68/100|[from] item: Rocky Helmet|[of] p2a: Toxapex
|-damage|p1a: Melmetal|59/100|[from] item: Life Orb
|
|-end|p1a: Melmetal|Infestation|[partiallytrapped]|[silent]
|upkeep
|turn|3
|
|t:|1667251975
|switch|p2a: Quagsire|Quagsire, F|100/100
|move|p1a: Melmetal|Double Iron Bash|p2a: Quagsire
|-resisted|p2a: Quagsire
|-damage|p2a: Quagsire|80/100
|-resisted|p2a: Quagsire
|-damage|p2a: Quagsire|60/100
|-hitcount|p2a: Quagsire|2
|-damage|p1a: Melmetal|49/100|[from] item: Life Orb
|
|-heal|p2a: Quagsire|66/100|[from] item: Leftovers
|upkeep
|turn|4
|
|t:|1667251980
|switch|p1a: Hatterene|Hatterene, F|100/100
|move|p2a: Quagsire|Recover|p2a: Quagsire
|-heal|p2a: Quagsire|100/100
|
|upkeep
|turn|5
|
|t:|1667251993
|switch|p2a: Reuniclus|Reuniclus, F|100/100
|move|p1a: Hatterene|Trick Room|p1a: Hatterene
|-fieldstart|move: Trick Room|[of] p1a: Hatterene
|
|upkeep
|turn|6
|
|t:|1667252001
|switch|p1a: Torkoal|Torkoal, M|100/100
|-weather|SunnyDay|[from] ability: Drought|[of] p1a: Torkoal
|move|p2a: Reuniclus|Knock Off|p1a: Torkoal
|-damage|p1a: Torkoal|88/100
|-enditem|p1a: Torkoal|Charcoal|[from] move: Knock Off|[of] p2a: Reuniclus
|
|-weather|SunnyDay|[upkeep]
|upkeep
|turn|7
|
|t:|1667252014
|move|p1a: Torkoal|Eruption|p2a: Reuniclus
|-damage|p2a: Reuniclus|65/100
|move|p2a: Reuniclus|Infestation|p1a: Torkoal
|-resisted|p1a: Torkoal
|-damage|p1a: Torkoal|85/100
|-activate|p1a: Torkoal|move: Infestation|[of] p2a: Reuniclus
|
|-weather|SunnyDay|[upkeep]
|-damage|p1a: Torkoal|73/100|[from] move: Infestation|[partiallytrapped]
|upkeep
|turn|8
|c| IIIodyne|vnmmv you make this team? i feel like I made like the same one lol
|c| IIIodyne|long time ago
|
|t:|1667252025
|move|p1a: Torkoal|Eruption|p2a: Reuniclus
|-damage|p2a: Reuniclus|34/100
|move|p2a: Reuniclus|Future Sight|p1a: Torkoal
|-start|p2a: Reuniclus|move: Future Sight
|
|-weather|SunnyDay|[upkeep]
|-damage|p1a: Torkoal|60/100|[from] move: Infestation|[partiallytrapped]
|upkeep
|turn|9
|c|☆vnmmv|yeah i made it last night
|c| IIIodyne|nice
|
|t:|1667252035
|move|p1a: Torkoal|Weather Ball|p2a: Reuniclus
|-damage|p2a: Reuniclus|4/100
|move|p2a: Reuniclus|Psyshock|p1a: Torkoal
|-damage|p1a: Torkoal|35/100
|
|-weather|SunnyDay|[upkeep]
|-damage|p1a: Torkoal|22/100|[from] move: Infestation|[partiallytrapped]
|-fieldend|move: Trick Room
|upkeep
|turn|10
|
|t:|1667252050
|move|p2a: Reuniclus|Psyshock|p1a: Torkoal
|-damage|p1a: Torkoal|0 fnt
|faint|p1a: Torkoal
|
|-weather|none
|-hint|Future Sight did not hit because the target is fainted.
|upkeep
|
|t:|1667252057
|switch|p1a: Heatran|Heatran, M|100/100
|turn|11
|
|t:|1667252060
|switch|p2a: Dragonite|Dragonite, M|100/100
|move|p1a: Heatran|Eruption|p2a: Dragonite
|-resisted|p2a: Dragonite
|-damage|p2a: Dragonite|85/100
|
|upkeep
|turn|12
|
|t:|1667252068
|switch|p1a: Hatterene|Hatterene, F|100/100
|move|p2a: Dragonite|Earthquake|p1a: Hatterene
|-damage|p1a: Hatterene|65/100
|
|upkeep
|turn|13
|
|t:|1667252072
|switch|p2a: Reuniclus|Reuniclus, F|37/100
|move|p1a: Hatterene|Trick Room|p1a: Hatterene
|-fieldstart|move: Trick Room|[of] p1a: Hatterene
|
|upkeep
|turn|14
|
|t:|1667252078
|switch|p2a: Toxapex|Toxapex, M|71/100
|move|p1a: Hatterene|Healing Wish|p1a: Hatterene
|faint|p1a: Hatterene
|
|upkeep
|
|t:|1667252081
|switch|p1a: Victini|Victini|100/100
|turn|15
|
|t:|1667252087
|switch|p2a: Umbreon|Umbreon, M|100/100
|move|p1a: Victini|Sunny Day|p1a: Victini
|-weather|SunnyDay
|
|-weather|SunnyDay|[upkeep]
|upkeep
|turn|16
|
|t:|1667252094
|move|p2a: Umbreon|Foul Play|p1a: Victini
|-supereffective|p1a: Victini
|-damage|p1a: Victini|29/100
|move|p1a: Victini|V-create|p2a: Umbreon
|-damage|p2a: Umbreon|27/100
|-unboost|p1a: Victini|spe|1
|-unboost|p1a: Victini|def|1
|-unboost|p1a: Victini|spd|1
|
|-weather|SunnyDay|[upkeep]
|-heal|p2a: Umbreon|33/100|[from] item: Leftovers
|upkeep
|turn|17
|
|t:|1667252102
|move|p1a: Victini|V-create|p2a: Umbreon
|-damage|p2a: Umbreon|0 fnt
|-unboost|p1a: Victini|spe|1
|-unboost|p1a: Victini|def|1
|-unboost|p1a: Victini|spd|1
|faint|p2a: Umbreon
|
|-weather|SunnyDay|[upkeep]
|-fieldend|move: Trick Room
|upkeep
|
|t:|1667252108
|switch|p2a: Dragonite|Dragonite, M|85/100
|turn|18
|
|t:|1667252111
|move|p2a: Dragonite|Earthquake|p1a: Victini
|-supereffective|p1a: Victini
|-damage|p1a: Victini|0 fnt
|faint|p1a: Victini
|
|-weather|SunnyDay|[upkeep]
|upkeep
|
|t:|1667252114
|switch|p1a: Venusaur|Venusaur, M|100/100
|turn|19
|
|t:|1667252124
|move|p1a: Venusaur|Growth|p1a: Venusaur
|-boost|p1a: Venusaur|atk|2
|-boost|p1a: Venusaur|spa|2
|move|p2a: Dragonite|Flamethrower|p1a: Venusaur
|-supereffective|p1a: Venusaur
|-damage|p1a: Venusaur|26/100
|
|-weather|SunnyDay|[upkeep]
|upkeep
|turn|20
|
|t:|1667252141
|switch|p2a: Reuniclus|Reuniclus, F|70/100
|move|p1a: Venusaur|Weather Ball|p2a: Reuniclus
|-damage|p2a: Reuniclus|21/100
|-damage|p1a: Venusaur|16/100|[from] item: Life Orb
|
|-weather|SunnyDay|[upkeep]
|upkeep
|turn|21
|
|t:|1667252146
|switch|p2a: Tornadus|Tornadus-Therian, M|100/100
|move|p1a: Venusaur|Giga Drain|p2a: Tornadus
|-resisted|p2a: Tornadus
|-damage|p2a: Tornadus|49/100
|-heal|p1a: Venusaur|47/100|[from] drain|[of] p2a: Tornadus
|-damage|p1a: Venusaur|37/100|[from] item: Life Orb
|
|-weather|SunnyDay|[upkeep]
|upkeep
|turn|22
|j| Jongruenwald
|
|t:|1667252159
|switch|p2a: Reuniclus|Reuniclus, F|54/100
|move|p1a: Venusaur|Giga Drain|p2a: Reuniclus
|-damage|p2a: Reuniclus|14/100
|-heal|p1a: Venusaur|65/100|[from] drain|[of] p2a: Reuniclus
|-damage|p1a: Venusaur|55/100|[from] item: Life Orb
|
|-weather|none
|upkeep
|turn|23
|
|t:|1667252168
|move|p1a: Venusaur|Giga Drain|p2a: Reuniclus
|-damage|p2a: Reuniclus|0 fnt
|-heal|p1a: Venusaur|65/100|[from] drain|[of] p2a: Reuniclus
|faint|p2a: Reuniclus
|-damage|p1a: Venusaur|55/100|[from] item: Life Orb
|
|upkeep
|
|t:|1667252171
|switch|p2a: Tornadus|Tornadus-Therian, M|82/100
|turn|24
|
|t:|1667252174
|move|p2a: Tornadus|Heat Wave|p1a: Venusaur
|-supereffective|p1a: Venusaur
|-damage|p1a: Venusaur|1/100
|move|p1a: Venusaur|Weather Ball|p2a: Tornadus
|-damage|p2a: Tornadus|41/100
|-damage|p1a: Venusaur|0 fnt|[from] item: Life Orb
|faint|p1a: Venusaur
|
|upkeep
|
|t:|1667252177
|switch|p1a: Heatran|Heatran, M|100/100
|turn|25
|
|t:|1667252186
|switch|p2a: Dragonite|Dragonite, M|85/100
|move|p1a: Heatran|Eruption|p2a: Dragonite
|-resisted|p2a: Dragonite
|-damage|p2a: Dragonite|53/100
|
|upkeep
|turn|26
|c|☆El Stefano|gg
|
|t:|1667252193
|switch|p1a: Melmetal|Melmetal|49/100
|-heal|p1a: Melmetal|100/100|[from] move: Healing Wish
|move|p2a: Dragonite|Roost|p2a: Dragonite
|-heal|p2a: Dragonite|100/100
|-singleturn|p2a: Dragonite|move: Roost
|
|upkeep
|turn|27
|
|t:|1667252198
|switch|p2a: Toxapex|Toxapex, M|100/100
|move|p1a: Melmetal|Ice Punch|p2a: Toxapex
|-resisted|p2a: Toxapex
|-damage|p2a: Toxapex|86/100
|-damage|p1a: Melmetal|84/100|[from] item: Rocky Helmet|[of] p2a: Toxapex
|-damage|p1a: Melmetal|74/100|[from] item: Life Orb
|
|upkeep
|turn|28
|
|t:|1667252206
|move|p1a: Melmetal|Earthquake|p2a: Toxapex
|-supereffective|p2a: Toxapex
|-damage|p2a: Toxapex|19/100
|-damage|p1a: Melmetal|64/100|[from] item: Life Orb
|move|p2a: Toxapex|Recover|p2a: Toxapex
|-heal|p2a: Toxapex|69/100
|
|upkeep
|turn|29
|
|t:|1667252211
|switch|p2a: Quagsire|Quagsire, F|100/100
|move|p1a: Melmetal|Earthquake|p2a: Quagsire
|-damage|p2a: Quagsire|63/100
|-damage|p1a: Melmetal|54/100|[from] item: Life Orb
|
|-heal|p2a: Quagsire|69/100|[from] item: Leftovers
|upkeep
|turn|30
|
|t:|1667252221
|switch|p1a: Heatran|Heatran, M|100/100
|move|p2a: Quagsire|Recover|p2a: Quagsire
|-heal|p2a: Quagsire|100/100
|
|upkeep
|turn|31
|j| Pokemon Perfection
|
|t:|1667252224
|switch|p2a: Dragonite|Dragonite, M|100/100
|move|p1a: Heatran|Eruption|p2a: Dragonite
|-resisted|p2a: Dragonite
|-damage|p2a: Dragonite|86/100
|
|upkeep
|turn|32
|
|t:|1667252227
|switch|p1a: Melmetal|Melmetal|54/100
|move|p2a: Dragonite|Earthquake|p1a: Melmetal
|-supereffective|p1a: Melmetal
|-damage|p1a: Melmetal|21/100
|
|upkeep
|turn|33
|
|t:|1667252233
|switch|p2a: Quagsire|Quagsire, F|100/100
|move|p1a: Melmetal|Ice Punch|p2a: Quagsire
|-damage|p2a: Quagsire|65/100
|-damage|p1a: Melmetal|11/100|[from] item: Life Orb
|
|-heal|p2a: Quagsire|71/100|[from] item: Leftovers
|upkeep
|turn|34
|
|t:|1667252235
|move|p2a: Quagsire|Recover|p2a: Quagsire
|-heal|p2a: Quagsire|100/100
|move|p1a: Melmetal|Double Iron Bash|p2a: Quagsire
|-resisted|p2a: Quagsire
|-damage|p2a: Quagsire|82/100
|-resisted|p2a: Quagsire
|-damage|p2a: Quagsire|63/100
|-hitcount|p2a: Quagsire|2
|-damage|p1a: Melmetal|1/100|[from] item: Life Orb
|
|-heal|p2a: Quagsire|69/100|[from] item: Leftovers
|upkeep
|turn|35
|
|t:|1667252240
|move|p2a: Quagsire|Recover|p2a: Quagsire
|-heal|p2a: Quagsire|100/100
|move|p1a: Melmetal|Double Iron Bash|p2a: Quagsire
|-resisted|p2a: Quagsire
|-damage|p2a: Quagsire|79/100
|-resisted|p2a: Quagsire
|-damage|p2a: Quagsire|60/100
|-hitcount|p2a: Quagsire|2
|-damage|p1a: Melmetal|0 fnt|[from] item: Life Orb
|faint|p1a: Melmetal
|
|-heal|p2a: Quagsire|66/100|[from] item: Leftovers
|upkeep
|
|t:|1667252241
|switch|p1a: Heatran|Heatran, M|100/100
|turn|36
|
|t:|1667252245
|move|p1a: Heatran|Eruption|p2a: Quagsire
|-resisted|p2a: Quagsire
|-damage|p2a: Quagsire|18/100
|move|p2a: Quagsire|Earthquake|p1a: Heatran
|-supereffective|p1a: Heatran
|-damage|p1a: Heatran|0 fnt
|faint|p1a: Heatran
|
|win|El Stefano
|raw|vnmmv's rating: 1670 &rarr; <strong>1650</strong><br />(-20 for losing)
|raw|El Stefano's rating: 1662 &rarr; <strong>1682</strong><br />(+20 for winning)
|c|☆vnmmv|gg
|l|☆vnmmv
|l|☆El Stefano
|l| IIIodyne
||Ladder isn't responding, score probably updated but might not have (Request timeout).
