|j|☆ToastSmith
|j|☆nthirteen
|t:|1650068459
|gametype|singles
|player|p1|ToastSmith|musician|1640
|player|p2|nthirteen|265|1754
|teamsize|p1|6
|teamsize|p2|6
|gen|8
|tier|[Gen 8] OU
|rated|
|rule|Sleep Clause Mod: Limit one foe put to sleep
|rule|Species Clause: Limit one of each Pokémon
|rule|OHKO Clause: OHKO moves are banned
|rule|Evasion Moves Clause: Evasion moves are banned
|rule|Endless Battle Clause: Forcing endless battles is banned
|rule|HP Percentage Mod: HP is shown in percentages
|rule|Dynamax Clause: You cannot dynamax
|clearpoke
|poke|p1|Turtonator, M|
|poke|p1|Blastoise, M|
|poke|p1|Barbaracle, F|
|poke|p1|Cloyster, M|
|poke|p1|Polteageist|
|poke|p1|Carracosta, F|
|poke|p2|Kartana|
|poke|p2|Weavile, M|
|poke|p2|Garchomp, M|
|poke|p2|Scizor, M|
|poke|p2|Tapu Koko|
|poke|p2|Tornadus-Therian, M|
|teampreview
|j| anneauxnime
|
|t:|1650068479
|start
|switch|p1a: Ganondorf|Carracosta, F|100/100
|switch|p2a: Garchomp|Garchomp, M|100/100
|turn|1
|inactive|Battle timer is ON: inactive players will automatically lose when time's up. (requested by nthirteen)
|
|t:|1650068482
|move|p2a: Garchomp|Earthquake|p1a: Ganondorf
|-supereffective|p1a: Ganondorf
|-damage|p1a: Ganondorf|17/100
|move|p1a: Ganondorf|Shell Smash|p1a: Ganondorf
|-unboost|p1a: Ganondorf|def|1
|-unboost|p1a: Ganondorf|spd|1
|-boost|p1a: Ganondorf|atk|2
|-boost|p1a: Ganondorf|spa|2
|-boost|p1a: Ganondorf|spe|2
|
|upkeep
|turn|2
|
|t:|1650068490
|move|p1a: Ganondorf|Liquidation|p2a: Garchomp
|-damage|p2a: Garchomp|22/100
|-activate|p2a: Garchomp|ability: Rough Skin
|-activate|p1a: Ganondorf|item: Protective Pads
|move|p2a: Garchomp|Stealth Rock|p1a: Ganondorf
|-sidestart|p1: ToastSmith|move: Stealth Rock
|
|-heal|p2a: Garchomp|29/100|[from] item: Leftovers
|upkeep
|turn|3
|c| anneauxnime|lmao full shell smash
|
|t:|1650068500
|move|p1a: Ganondorf|Shell Smash|p1a: Ganondorf
|-unboost|p1a: Ganondorf|def|1
|-unboost|p1a: Ganondorf|spd|1
|-boost|p1a: Ganondorf|atk|2
|-boost|p1a: Ganondorf|spa|2
|-boost|p1a: Ganondorf|spe|2
|move|p2a: Garchomp|Earthquake|p1a: Ganondorf
|-supereffective|p1a: Ganondorf
|-damage|p1a: Ganondorf|0 fnt
|faint|p1a: Ganondorf
|
|-heal|p2a: Garchomp|35/100|[from] item: Leftovers
|upkeep
|
|t:|1650068502
|switch|p1a: Bowser|Blastoise, M|100/100
|-damage|p1a: Bowser|88/100|[from] Stealth Rock
|turn|4
|
|t:|1650068505
|move|p2a: Garchomp|Earthquake|p1a: Bowser
|-damage|p1a: Bowser|38/100
|move|p1a: Bowser|Shell Smash|p1a: Bowser
|-unboost|p1a: Bowser|def|1
|-unboost|p1a: Bowser|spd|1
|-boost|p1a: Bowser|atk|2
|-boost|p1a: Bowser|spa|2
|-boost|p1a: Bowser|spe|2
|-enditem|p1a: Bowser|White Herb
|-clearnegativeboost|p1a: Bowser|[silent]
|
|-heal|p2a: Garchomp|41/100|[from] item: Leftovers
|upkeep
|turn|5
|
|t:|1650068511
|move|p1a: Bowser|Surf|p2a: Garchomp
|-damage|p2a: Garchomp|0 fnt
|faint|p2a: Garchomp
|
|upkeep
|
|t:|1650068518
|switch|p2a: Tornadus|Tornadus-Therian, M|100/100
|turn|6
|
|t:|1650068522
|move|p1a: Bowser|Rapid Spin|p2a: Tornadus
|-damage|p2a: Tornadus|83/100
|-boost|p1a: Bowser|spe|1
|-sideend|p1: ToastSmith|Stealth Rock|[from] move: Rapid Spin|[of] p1a: Bowser
|move|p2a: Tornadus|Superpower|p1a: Bowser
|-damage|p1a: Bowser|9/100
|-unboost|p2a: Tornadus|atk|1
|-unboost|p2a: Tornadus|def|1
|
|upkeep
|turn|7
|
|t:|1650068529
|move|p1a: Bowser|Ice Beam|p2a: Tornadus
|-supereffective|p2a: Tornadus
|-damage|p2a: Tornadus|22/100
|-status|p2a: Tornadus|frz
|-curestatus|p2a: Tornadus|frz|[msg]
|move|p2a: Tornadus|U-turn|p1a: Bowser
|-damage|p1a: Bowser|0 fnt
|faint|p1a: Bowser
|
|t:|1650068545
|switch|p2a: Tapu Koko|Tapu Koko|100/100|[from]move: U-turn
|-fieldstart|move: Electric Terrain|[from] ability: Electric Surge|[of] p2a: Tapu Koko
|
|upkeep
|
|t:|1650068569
|switch|p1a: Ridley|Cloyster, M|100/100
|turn|8
|
|t:|1650068572
|move|p2a: Tapu Koko|Volt Switch|p1a: Ridley
|-supereffective|p1a: Ridley
|-enditem|p1a: Ridley|Focus Sash
|-damage|p1a: Ridley|1/100
|
|t:|1650068576
|switch|p2a: Scizor|Scizor, M|100/100|[from]move: Volt Switch
|move|p1a: Ridley|Icicle Spear|p2a: Scizor
|-resisted|p2a: Scizor
|-damage|p2a: Scizor|96/100
|-resisted|p2a: Scizor
|-damage|p2a: Scizor|91/100
|-resisted|p2a: Scizor
|-damage|p2a: Scizor|86/100
|-resisted|p2a: Scizor
|-damage|p2a: Scizor|82/100
|-resisted|p2a: Scizor
|-damage|p2a: Scizor|77/100
|-hitcount|p2a: Scizor|5
|
|upkeep
|turn|9
|
|t:|1650068582
|move|p1a: Ridley|Rock Blast|p2a: Scizor
|-damage|p2a: Scizor|71/100
|-damage|p2a: Scizor|64/100
|-crit|p2a: Scizor
|-damage|p2a: Scizor|54/100
|-damage|p2a: Scizor|48/100
|-damage|p2a: Scizor|41/100
|-hitcount|p2a: Scizor|5
|move|p2a: Scizor|U-turn|p1a: Ridley
|-damage|p1a: Ridley|0 fnt
|faint|p1a: Ridley
|
|t:|1650068587
|switch|p2a: Tapu Koko|Tapu Koko|100/100|[from]move: U-turn
|
|upkeep
|j| Ctannn
|
|t:|1650068592
|switch|p1a: King K Rool|Turtonator, M|100/100
|turn|10
|
|t:|1650068595
|move|p2a: Tapu Koko|Nature's Madness|p1a: King K Rool
|-damage|p1a: King K Rool|51/100
|move|p1a: King K Rool|Shell Smash|p1a: King K Rool
|-unboost|p1a: King K Rool|def|1
|-unboost|p1a: King K Rool|spd|1
|-boost|p1a: King K Rool|atk|2
|-boost|p1a: King K Rool|spa|2
|-boost|p1a: King K Rool|spe|2
|
|upkeep
|turn|11
|
|t:|1650068602
|move|p2a: Tapu Koko|Volt Switch|p1a: King K Rool
|-resisted|p1a: King K Rool
|-damage|p1a: King K Rool|11/100
|-enditem|p1a: King K Rool|Salac Berry|[eat]
|-boost|p1a: King K Rool|spe|1|[from] item: Salac Berry
|
|t:|1650068610
|switch|p2a: Tornadus|Tornadus-Therian, M|56/100|[from]move: Volt Switch
|move|p1a: King K Rool|Fire Blast|p2a: Tornadus
|-damage|p2a: Tornadus|0 fnt
|faint|p2a: Tornadus
|
|-fieldend|move: Electric Terrain
|upkeep
|
|t:|1650068612
|switch|p2a: Scizor|Scizor, M|41/100
|turn|12
|
|t:|1650068614
|move|p2a: Scizor|Bullet Punch|p1a: King K Rool
|-resisted|p1a: King K Rool
|-damage|p1a: King K Rool|0 fnt
|faint|p1a: King K Rool
|
|upkeep
|
|t:|1650068616
|switch|p1a: Little Mac|Barbaracle, F|100/100
|turn|13
|
|t:|1650068621
|move|p1a: Little Mac|Shell Smash|p1a: Little Mac
|-unboost|p1a: Little Mac|def|1
|-unboost|p1a: Little Mac|spd|1
|-boost|p1a: Little Mac|atk|2
|-boost|p1a: Little Mac|spa|2
|-boost|p1a: Little Mac|spe|2
|move|p2a: Scizor|U-turn|p1a: Little Mac
|-damage|p1a: Little Mac|54/100
|
|t:|1650068628
|switch|p2a: Kartana|Kartana|100/100|[from]move: U-turn
|
|upkeep
|turn|14
|
|t:|1650068631
|move|p1a: Little Mac|Superpower|p2a: Kartana
|-supereffective|p2a: Kartana
|-damage|p2a: Kartana|0 fnt
|-unboost|p1a: Little Mac|atk|1
|-unboost|p1a: Little Mac|def|1
|faint|p2a: Kartana
|
|upkeep
|
|t:|1650068638
|switch|p2a: Scizor|Scizor, M|41/100
|turn|15
|
|t:|1650068646
|move|p2a: Scizor|Bullet Punch|p1a: Little Mac
|-damage|p1a: Little Mac|0 fnt
|faint|p1a: Little Mac
|
|upkeep
|
|t:|1650068648
|switch|p1a: Kirby|Polteageist|100/100
|turn|16
|
|t:|1650068650
|move|p2a: Scizor|Bullet Punch|p1a: Kirby
|-damage|p1a: Kirby|55/100
|-ability|p1a: Kirby|Weak Armor|boost
|-unboost|p1a: Kirby|def|1
|-boost|p1a: Kirby|spe|2
|move|p1a: Kirby|Shadow Ball|p2a: Scizor
|-damage|p2a: Scizor|0 fnt
|faint|p2a: Scizor
|
|upkeep
|
|t:|1650068652
|switch|p2a: Weavile|Weavile, M|100/100
|-ability|p2a: Weavile|Pressure
|turn|17
|
|t:|1650068656
|move|p2a: Weavile|Ice Shard|p1a: Kirby
|-damage|p1a: Kirby|0 fnt
|faint|p1a: Kirby
|
|win|nthirteen
|raw|ToastSmith's rating: 1640 &rarr; <strong>1626</strong><br />(-14 for losing)
|raw|nthirteen's rating: 1754 &rarr; <strong>1768</strong><br />(+14 for winning)
|l|☆ToastSmith
|l|☆nthirteen
|l| anneauxnime
|l| Ctannn
||Ladder isn't responding, score probably updated but might not have (Request timeout).
|j|☆nthirteen
|player|p2|nthirteen|265
