|j|☆Ackesh
|j|☆Archerdagoat
|t:|1610656557
|player|p1|Ackesh|1|1692
|player|p2|Archerdagoat|169|1607
|teamsize|p1|6
|teamsize|p2|6
|gametype|singles
|gen|8
|tier|[Gen 8] OU
|rated|
|clearpoke
|poke|p1|Heatran, F|
|poke|p1|Victini|
|poke|p1|Torkoal, M|
|poke|p1|Kyurem|
|poke|p1|Mandibuzz, F|
|poke|p1|Rillaboom, M|
|poke|p2|Chansey, F|
|poke|p2|Clefable, M|
|poke|p2|Toxapex, M|
|poke|p2|Zapdos|
|poke|p2|Dragapult, M|
|poke|p2|Ferrothorn, M|
|rule|Sleep Clause Mod: Limit one foe put to sleep
|rule|Species Clause: Limit one of each Pokémon
|rule|OHKO Clause: OHKO moves are banned
|rule|Evasion Moves Clause: Evasion moves are banned
|rule|Endless Battle Clause: Forcing endless battles is banned
|rule|HP Percentage Mod: HP is shown in percentages
|rule|Dynamax Clause: You cannot dynamax
|teampreview
|inactive|Battle timer is ON: inactive players will automatically lose when time's up. (requested by Archerdagoat)
|
|t:|1610656567
|start
|switch|p1a: Torkoal|Torkoal, M|100/100
|switch|p2a: Chansey|Chansey, F|100/100
|-weather|SunnyDay|[from] ability: Drought|[of] p1a: Torkoal
|turn|1
|
|t:|1610656573
|move|p2a: Chansey|Toxic|p1a: Torkoal
|-status|p1a: Torkoal|tox
|move|p1a: Torkoal|Rapid Spin|p2a: Chansey
|-damage|p2a: Chansey|95/100
|-boost|p1a: Torkoal|spe|1
|
|-weather|SunnyDay|[upkeep]
|-damage|p1a: Torkoal|94/100 tox|[from] psn
|upkeep
|turn|2
|
|t:|1610656578
|switch|p1a: Heatran|Heatran, F|100/100
|move|p2a: Chansey|Seismic Toss|p1a: Heatran
|-damage|p1a: Heatran|70/100
|
|-weather|SunnyDay|[upkeep]
|upkeep
|turn|3
|
|t:|1610656584
|switch|p1a: Victini|Victini|100/100
|move|p2a: Chansey|Seismic Toss|p1a: Victini
|-damage|p1a: Victini|71/100
|
|-weather|SunnyDay|[upkeep]
|upkeep
|turn|4
|
|t:|1610656587
|switch|p2a: Toxapex|Toxapex, M|100/100
|move|p1a: Victini|U-turn|p2a: Toxapex
|-resisted|p2a: Toxapex
|-damage|p2a: Toxapex|94/100
|
|t:|1610656593
|switch|p1a: Rillaboom|Rillaboom, M|100/100|[from]move: U-turn
|-fieldstart|move: Grassy Terrain|[from] ability: Grassy Surge|[of] p1a: Rillaboom
|
|-weather|SunnyDay|[upkeep]
|-heal|p2a: Toxapex|100/100|[from] Grassy Terrain
|upkeep
|turn|5
|
|t:|1610656597
|switch|p1a: Heatran|Heatran, F|70/100
|switch|p2a: Ferrothorn|Ferrothorn, M|100/100
|
|-weather|SunnyDay|[upkeep]
|-heal|p1a: Heatran|76/100|[from] Grassy Terrain
|upkeep
|turn|6
|
|t:|1610656602
|switch|p2a: Toxapex|Toxapex, M|100/100
|move|p1a: Heatran|Eruption|p2a: Toxapex
|-resisted|p2a: Toxapex
|-damage|p2a: Toxapex|44/100
|
|-weather|SunnyDay|[upkeep]
|-heal|p1a: Heatran|82/100|[from] Grassy Terrain
|-heal|p2a: Toxapex|50/100|[from] Grassy Terrain
|-heal|p2a: Toxapex|56/100|[from] item: Black Sludge
|upkeep
|turn|7
|
|t:|1610656613
|move|p2a: Toxapex|Baneful Bunker|p2a: Toxapex
|-singleturn|p2a: Toxapex|move: Protect
|move|p1a: Heatran|Eruption|p2a: Toxapex
|-activate|p2a: Toxapex|move: Protect
|
|-weather|SunnyDay|[upkeep]
|-heal|p1a: Heatran|88/100|[from] Grassy Terrain
|-heal|p2a: Toxapex|63/100|[from] Grassy Terrain
|-heal|p2a: Toxapex|69/100|[from] item: Black Sludge
|upkeep
|turn|8
|inactive|Ackesh has 120 seconds left.
|
|t:|1610656645
|move|p1a: Heatran|Eruption|p2a: Toxapex
|-resisted|p2a: Toxapex
|-damage|p2a: Toxapex|3/100
|move|p2a: Toxapex|Recover|p2a: Toxapex
|-heal|p2a: Toxapex|53/100
|
|-weather|none
|-heal|p1a: Heatran|94/100|[from] Grassy Terrain
|-heal|p2a: Toxapex|59/100|[from] Grassy Terrain
|-heal|p2a: Toxapex|66/100|[from] item: Black Sludge
|-fieldend|move: Grassy Terrain
|upkeep
|turn|9
|inactive|Archerdagoat has 120 seconds left.
|
|t:|1610656680
|switch|p1a: Torkoal|Torkoal, M|94/100 tox
|-weather|SunnyDay|[from] ability: Drought|[of] p1a: Torkoal
|move|p2a: Toxapex|Recover|p2a: Toxapex
|-heal|p2a: Toxapex|100/100
|
|-weather|SunnyDay|[upkeep]
|-damage|p1a: Torkoal|88/100 tox|[from] psn
|upkeep
|turn|10
|
|t:|1610656684
|move|p2a: Toxapex|Toxic Spikes|p1a: Torkoal
|-sidestart|p1: Ackesh|move: Toxic Spikes
|move|p1a: Torkoal|Stealth Rock|p2a: Toxapex
|-sidestart|p2: Archerdagoat|move: Stealth Rock
|
|-weather|SunnyDay|[upkeep]
|-damage|p1a: Torkoal|76/100 tox|[from] psn
|upkeep
|turn|11
|
|t:|1610656693
|switch|p2a: Dragapult|Dragapult, M|100/100
|-damage|p2a: Dragapult|88/100|[from] Stealth Rock
|move|p1a: Torkoal|Rapid Spin|p2a: Dragapult
|-immune|p2a: Dragapult
|
|-weather|SunnyDay|[upkeep]
|-heal|p2a: Dragapult|94/100|[from] item: Leftovers
|-damage|p1a: Torkoal|58/100 tox|[from] psn
|upkeep
|turn|12
|
|t:|1610656700
|switch|p1a: Mandibuzz|Mandibuzz, F|100/100
|move|p2a: Dragapult|Substitute|p2a: Dragapult
|-start|p2a: Dragapult|Substitute
|-damage|p2a: Dragapult|69/100
|
|-weather|SunnyDay|[upkeep]
|-heal|p2a: Dragapult|75/100|[from] item: Leftovers
|upkeep
|turn|13
|
|t:|1610656704
|move|p2a: Dragapult|Hex|p1a: Mandibuzz
|-resisted|p1a: Mandibuzz
|-damage|p1a: Mandibuzz|91/100
|move|p1a: Mandibuzz|Knock Off|p2a: Dragapult
|-supereffective|p2a: Dragapult
|-end|p2a: Dragapult|Substitute
|
|-weather|SunnyDay|[upkeep]
|-heal|p2a: Dragapult|82/100|[from] item: Leftovers
|upkeep
|turn|14
|
|t:|1610656711
|switch|p1a: Heatran|Heatran, F|94/100
|move|p2a: Dragapult|Disable||[still]
|-fail|p2a: Dragapult
|
|-weather|SunnyDay|[upkeep]
|-heal|p2a: Dragapult|88/100|[from] item: Leftovers
|upkeep
|turn|15
|
|t:|1610656717
|move|p2a: Dragapult|Substitute|p2a: Dragapult
|-start|p2a: Dragapult|Substitute
|-damage|p2a: Dragapult|63/100
|move|p1a: Heatran|Heat Wave|p2a: Dragapult
|-resisted|p2a: Dragapult
|-end|p2a: Dragapult|Substitute
|
|-weather|SunnyDay|[upkeep]
|-heal|p2a: Dragapult|69/100|[from] item: Leftovers
|upkeep
|turn|16
|
|t:|1610656723
|switch|p1a: Victini|Victini|71/100
|-status|p1a: Victini|psn
|move|p2a: Dragapult|Substitute|p2a: Dragapult
|-start|p2a: Dragapult|Substitute
|-damage|p2a: Dragapult|44/100
|
|-weather|none
|-heal|p2a: Dragapult|50/100|[from] item: Leftovers
|-damage|p1a: Victini|59/100 psn|[from] psn
|upkeep
|turn|17
|
|t:|1610656728
|move|p1a: Victini|U-turn|p2a: Dragapult
|-resisted|p2a: Dragapult
|-activate|p2a: Dragapult|move: Substitute|[damage]
|
|t:|1610656735
|switch|p1a: Mandibuzz|Mandibuzz, F|91/100|[from]move: U-turn
|move|p2a: Dragapult|Hex|p1a: Mandibuzz
|-resisted|p1a: Mandibuzz
|-damage|p1a: Mandibuzz|81/100
|
|-heal|p2a: Dragapult|56/100|[from] item: Leftovers
|upkeep
|turn|18
|
|t:|1610656752
|move|p2a: Dragapult|Hex|p1a: Mandibuzz
|-resisted|p1a: Mandibuzz
|-damage|p1a: Mandibuzz|71/100
|move|p1a: Mandibuzz|Knock Off|p2a: Dragapult
|-supereffective|p2a: Dragapult
|-end|p2a: Dragapult|Substitute
|
|-heal|p2a: Dragapult|62/100|[from] item: Leftovers
|upkeep
|turn|19
|
|t:|1610656759
|switch|p2a: Chansey|Chansey, F|95/100
|-damage|p2a: Chansey|83/100|[from] Stealth Rock
|move|p1a: Mandibuzz|Toxic|p2a: Chansey
|-status|p2a: Chansey|tox
|
|-damage|p2a: Chansey|77/100 tox|[from] psn
|upkeep
|turn|20
|j| Malabar323
|
|t:|1610656769
|move|p1a: Mandibuzz|Knock Off|p2a: Chansey
|-damage|p2a: Chansey|60/100 tox
|-enditem|p2a: Chansey|Eviolite|[from] move: Knock Off|[of] p1a: Mandibuzz
|move|p2a: Chansey|Stealth Rock|p1a: Mandibuzz
|-sidestart|p1: Ackesh|move: Stealth Rock
|
|-damage|p2a: Chansey|48/100 tox|[from] psn
|upkeep
|turn|21
|
|t:|1610656779
|switch|p2a: Ferrothorn|Ferrothorn, M|100/100
|-damage|p2a: Ferrothorn|95/100|[from] Stealth Rock
|move|p1a: Mandibuzz|Defog|p2a: Ferrothorn
|-unboost|p2a: Ferrothorn|evasion|1
|-sideend|p2: Archerdagoat|Stealth Rock|[from] move: Defog|[of] p1a: Mandibuzz
|-sideend|p1: Ackesh|Toxic Spikes|[from] move: Defog|[of] p1a: Mandibuzz
|-sideend|p1: Ackesh|Stealth Rock|[from] move: Defog|[of] p1a: Mandibuzz
|
|upkeep
|turn|22
|
|t:|1610656785
|switch|p1a: Torkoal|Torkoal, M|58/100 tox
|-weather|SunnyDay|[from] ability: Drought|[of] p1a: Torkoal
|move|p2a: Ferrothorn|Leech Seed|p1a: Torkoal
|-start|p1a: Torkoal|move: Leech Seed
|
|-weather|SunnyDay|[upkeep]
|-damage|p1a: Torkoal|45/100 tox|[from] Leech Seed|[of] p2a: Ferrothorn
|-heal|p2a: Ferrothorn|100/100|[silent]
|-damage|p1a: Torkoal|39/100 tox|[from] psn
|upkeep
|turn|23
|l| Malabar323
|
|t:|1610656796
|switch|p1a: Heatran|Heatran, F|94/100
|switch|p2a: Chansey|Chansey, F|48/100
|
|-weather|SunnyDay|[upkeep]
|upkeep
|turn|24
|
|t:|1610656805
|move|p1a: Heatran|Eruption|p2a: Chansey
|-damage|p2a: Chansey|0 fnt
|faint|p2a: Chansey
|
|-weather|SunnyDay|[upkeep]
|upkeep
|
|t:|1610656808
|switch|p2a: Toxapex|Toxapex, M|100/100
|turn|25
|
|t:|1610656815
|switch|p1a: Kyurem|Kyurem|100/100
|-ability|p1a: Kyurem|Pressure
|move|p2a: Toxapex|Recover||[still]
|-fail|p2a: Toxapex|heal
|
|-weather|SunnyDay|[upkeep]
|upkeep
|turn|26
|
|t:|1610656819
|switch|p2a: Ferrothorn|Ferrothorn, M|100/100
|move|p1a: Kyurem|Freeze-Dry|p2a: Ferrothorn
|-damage|p2a: Ferrothorn|70/100
|
|-weather|SunnyDay|[upkeep]
|upkeep
|turn|27
|
|t:|1610656823
|move|p1a: Kyurem|Weather Ball|p2a: Ferrothorn
|-supereffective|p2a: Ferrothorn
|-damage|p2a: Ferrothorn|0 fnt
|faint|p2a: Ferrothorn
|
|-weather|SunnyDay|[upkeep]
|upkeep
|-message|Archerdagoat forfeited.
|
|win|Ackesh
|l|☆Archerdagoat
||Ladder (probably) updated, but score could not be retrieved (Request timeout).
