|j|☆PokeDa
|j|☆NicEveraert
|player|p1|PokeDa|wallace|1138
|player|p2|NicEveraert|53|1101
|teamsize|p1|6
|teamsize|p2|6
|gametype|singles
|gen|8
|tier|[Gen 8] OU
|rated|
|rule|Sleep Clause Mod: Limit one foe put to sleep
|rule|Species Clause: Limit one of each Pokémon
|rule|OHKO Clause: OHKO moves are banned
|rule|Evasion Moves Clause: Evasion moves are banned
|rule|Endless Battle Clause: Forcing endless battles is banned
|rule|HP Percentage Mod: HP is shown in percentages
|clearpoke
|poke|p1|Clefable, M|
|poke|p1|Seismitoad, M|
|poke|p1|Dragapult, M|
|poke|p1|Darmanitan-Galar, M|
|poke|p1|Excadrill, F|
|poke|p1|Conkeldurr, F|
|poke|p2|Noivern, F|
|poke|p2|Ferrothorn, M|
|poke|p2|Excadrill, F|
|poke|p2|Rotom-Heat|
|poke|p2|Seismitoad, F|
|poke|p2|Togekiss, F|
|rule|Dynamax Clause: You cannot dynamax
|teampreview
|
|start
|switch|p1a: Dragapult|Dragapult, M|100/100
|switch|p2a: Seismitoad|Seismitoad, F, shiny|100/100
|turn|1
|inactive|Battle timer is ON: inactive players will automatically lose when time's up. (requested by NicEveraert)
|
|move|p1a: Dragapult|Draco Meteor|p2a: Seismitoad
|-damage|p2a: Seismitoad|8/100
|-unboost|p1a: Dragapult|spa|2
|move|p2a: Seismitoad|Earthquake|p1a: Dragapult
|-damage|p1a: Dragapult|42/100
|
|-heal|p2a: Seismitoad|15/100|[from] item: Leftovers
|upkeep
|turn|2
|
|move|p1a: Dragapult|Draco Meteor|p2a: Seismitoad
|-damage|p2a: Seismitoad|0 fnt
|-unboost|p1a: Dragapult|spa|2
|faint|p2a: Seismitoad
|
|upkeep
|
|switch|p2a: Noivern|Noivern, F|100/100
|turn|3
|
|switch|p1a: Excadrill|Excadrill, F|100/100
|-ability|p1a: Excadrill|Mold Breaker
|move|p2a: Noivern|Agility|p2a: Noivern
|-boost|p2a: Noivern|spe|2
|
|upkeep
|turn|4
|
|move|p2a: Noivern|Flamethrower|p1a: Excadrill
|-supereffective|p1a: Excadrill
|-damage|p1a: Excadrill|51/100
|move|p1a: Excadrill|Rock Slide|p2a: Noivern
|-supereffective|p2a: Noivern
|-damage|p2a: Noivern|24/100
|
|upkeep
|turn|5
|
|move|p2a: Noivern|Flamethrower|p1a: Excadrill
|-supereffective|p1a: Excadrill
|-damage|p1a: Excadrill|0 fnt
|faint|p1a: Excadrill
|
|upkeep
|inactive|PokeDa has 120 seconds left.
|
|switch|p1a: Clefable|Clefable, M|100/100
|turn|6
|
|move|p2a: Noivern|Boomburst|p1a: Clefable
|-damage|p1a: Clefable|56/100
|-enditem|p2a: Noivern|Throat Spray
|-boost|p2a: Noivern|spa|1
|move|p1a: Clefable|Moonblast|p2a: Noivern
|-supereffective|p2a: Noivern
|-damage|p2a: Noivern|0 fnt
|faint|p2a: Noivern
|
|upkeep
|
|switch|p2a: Ferrothorn|Ferrothorn, M, shiny|100/100
|turn|7
|
|move|p1a: Clefable|Flamethrower|p2a: Ferrothorn
|-supereffective|p2a: Ferrothorn
|-damage|p2a: Ferrothorn|0 fnt
|faint|p2a: Ferrothorn
|
|upkeep
|-message|NicEveraert forfeited.
|
|win|PokeDa
|l|☆NicEveraert
|raw|PokeDa's rating: 1139 &rarr; <strong>1161</strong><br />(+22 for winning)
|raw|NicEveraert's rating: 1101 &rarr; <strong>1079</strong><br />(-22 for losing)
