|j|☆Kaleor
|j|☆minimax_ai
|t:|1662356985
|gametype|singles
|player|p1|Kaleor|1|1546
|player|p2|minimax_ai|lusamine-nihilego|1561
|teamsize|p1|6
|teamsize|p2|6
|gen|8
|tier|[Gen 8] OU
|rated|
|rule|Sleep Clause Mod: Limit one foe put to sleep
|rule|Species Clause: Limit one of each Pokémon
|rule|OHKO Clause: OHKO moves are banned
|rule|Evasion Items Clause: Evasion items are banned
|rule|Evasion Moves Clause: Evasion moves are banned
|rule|Endless Battle Clause: Forcing endless battles is banned
|rule|HP Percentage Mod: HP is shown in percentages
|rule|Dynamax Clause: You cannot dynamax
|clearpoke
|poke|p1|Rillaboom, F|
|poke|p1|Magnezone|
|poke|p1|Moltres|
|poke|p1|Conkeldurr, M|
|poke|p1|Garchomp, F|
|poke|p1|Tapu Fini|
|poke|p2|Rotom-Wash|
|poke|p2|Weavile, M|
|poke|p2|Landorus-Therian, M|
|poke|p2|Heatran, M|
|poke|p2|Tangrowth, M|
|poke|p2|Melmetal|
|teampreview
|inactive|Battle timer is ON: inactive players will automatically lose when time's up. (requested by Kaleor)
|c|☆minimax_ai|hf
|inactive|minimax_ai also wants the timer to be on.
|
|t:|1662356993
|start
|switch|p1a: Garchomp|Garchomp, F|100/100
|switch|p2a: Tangrowth|Tangrowth, M|100/100
|turn|1
|
|t:|1662356995
|move|p1a: Garchomp|Toxic|p2a: Tangrowth
|-status|p2a: Tangrowth|tox
|move|p2a: Tangrowth|Sleep Powder|p1a: Garchomp
|-status|p1a: Garchomp|slp|[from] move: Sleep Powder
|
|-damage|p2a: Tangrowth|94/100 tox|[from] psn
|upkeep
|turn|2
|
|t:|1662356998
|cant|p1a: Garchomp|slp
|move|p2a: Tangrowth|Giga Drain|p1a: Garchomp
|-damage|p1a: Garchomp|70/100 slp
|-heal|p2a: Tangrowth|100/100 tox|[from] drain|[of] p1a: Garchomp
|
|-damage|p2a: Tangrowth|88/100 tox|[from] psn
|upkeep
|turn|3
|
|t:|1662357000
|-curestatus|p1a: Garchomp|slp|[msg]
|move|p1a: Garchomp|Stealth Rock|p2a: Tangrowth
|-sidestart|p2: minimax_ai|move: Stealth Rock
|move|p2a: Tangrowth|Giga Drain|p1a: Garchomp
|-damage|p1a: Garchomp|43/100
|-heal|p2a: Tangrowth|100/100 tox|[from] drain|[of] p1a: Garchomp
|
|-damage|p2a: Tangrowth|82/100 tox|[from] psn
|upkeep
|turn|4
|
|t:|1662357002
|switch|p2a: landorustherian|Landorus-Therian, M|100/100
|-damage|p2a: landorustherian|88/100|[from] Stealth Rock
|-ability|p2a: landorustherian|Intimidate|boost
|-unboost|p1a: Garchomp|atk|1
|move|p1a: Garchomp|Flamethrower|p2a: landorustherian
|-damage|p2a: landorustherian|75/100
|
|-heal|p2a: landorustherian|81/100|[from] item: Leftovers
|upkeep
|turn|5
|
|t:|1662357005
|move|p1a: Garchomp|Toxic|p2a: landorustherian|[miss]
|-miss|p1a: Garchomp|p2a: landorustherian
|move|p2a: landorustherian|Defog|p1a: Garchomp
|-unboost|p1a: Garchomp|evasion|1
|-sideend|p2: minimax_ai|Stealth Rock|[from] move: Defog|[of] p2a: landorustherian
|
|-heal|p2a: landorustherian|87/100|[from] item: Leftovers
|upkeep
|turn|6
|
|t:|1662357009
|move|p1a: Garchomp|Stealth Rock|p2a: landorustherian
|-sidestart|p2: minimax_ai|move: Stealth Rock
|move|p2a: landorustherian|Toxic|p1a: Garchomp
|-status|p1a: Garchomp|tox
|
|-heal|p2a: landorustherian|93/100|[from] item: Leftovers
|-damage|p1a: Garchomp|37/100 tox|[from] psn
|upkeep
|turn|7
|
|t:|1662357011
|move|p1a: Garchomp|Toxic|p2a: landorustherian
|-status|p2a: landorustherian|tox
|move|p2a: landorustherian|Defog|p1a: Garchomp
|-unboost|p1a: Garchomp|evasion|1
|-sideend|p2: minimax_ai|Stealth Rock|[from] move: Defog|[of] p2a: landorustherian
|
|-heal|p2a: landorustherian|99/100 tox|[from] item: Leftovers
|-damage|p1a: Garchomp|25/100 tox|[from] psn
|-damage|p2a: landorustherian|93/100 tox|[from] psn
|upkeep
|turn|8
|
|t:|1662357015
|switch|p1a: Tapu Fini|Tapu Fini|100/100
|-fieldstart|move: Misty Terrain|[from] ability: Misty Surge|[of] p1a: Tapu Fini
|move|p2a: landorustherian|Earthquake|p1a: Tapu Fini
|-damage|p1a: Tapu Fini|53/100
|
|-heal|p2a: landorustherian|99/100 tox|[from] item: Leftovers
|-damage|p2a: landorustherian|87/100 tox|[from] psn
|upkeep
|turn|9
|
|t:|1662357020
|switch|p2a: Tangrowth|Tangrowth, M|100/100 tox
|move|p1a: Tapu Fini|Ice Beam|p2a: Tangrowth
|-supereffective|p2a: Tangrowth
|-damage|p2a: Tangrowth|31/100 tox
|
|-damage|p2a: Tangrowth|25/100 tox|[from] psn
|upkeep
|turn|10
|
|t:|1662357028
|switch|p1a: Moltres|Moltres|100/100
|move|p2a: Tangrowth|Knock Off|p1a: Moltres
|-damage|p1a: Moltres|85/100
|-enditem|p1a: Moltres|Heavy-Duty Boots|[from] move: Knock Off|[of] p2a: Tangrowth
|
|-damage|p2a: Tangrowth|12/100 tox|[from] psn
|upkeep
|turn|11
|
|t:|1662357034
|switch|p2a: landorustherian|Landorus-Therian, M|87/100 tox
|-ability|p2a: landorustherian|Intimidate|boost
|-unboost|p1a: Moltres|atk|1
|move|p1a: Moltres|Scorching Sands|p2a: landorustherian
|-immune|p2a: landorustherian
|
|-heal|p2a: landorustherian|93/100 tox|[from] item: Leftovers
|-damage|p2a: landorustherian|87/100 tox|[from] psn
|upkeep
|turn|12
|
|t:|1662357038
|move|p2a: landorustherian|Earthquake|p1a: Moltres
|-immune|p1a: Moltres
|move|p1a: Moltres|Flamethrower|p2a: landorustherian
|-damage|p2a: landorustherian|59/100 tox
|
|-heal|p2a: landorustherian|65/100 tox|[from] item: Leftovers
|-damage|p2a: landorustherian|53/100 tox|[from] psn
|-fieldend|Misty Terrain
|upkeep
|turn|13
|
|t:|1662357041
|move|p2a: landorustherian|Toxic|p1a: Moltres
|-status|p1a: Moltres|tox
|move|p1a: Moltres|Flamethrower|p2a: landorustherian
|-damage|p2a: landorustherian|25/100 tox
|
|-heal|p2a: landorustherian|31/100 tox|[from] item: Leftovers
|-damage|p2a: landorustherian|13/100 tox|[from] psn
|-damage|p1a: Moltres|79/100 tox|[from] psn
|upkeep
|turn|14
|
|t:|1662357046
|move|p2a: landorustherian|Toxic|p1a: Moltres
|-fail|p1a: Moltres|tox
|move|p1a: Moltres|Flamethrower|p2a: landorustherian
|-damage|p2a: landorustherian|0 fnt
|faint|p2a: landorustherian
|
|-damage|p1a: Moltres|66/100 tox|[from] psn
|upkeep
|
|t:|1662357046
|switch|p2a: Heatran|Heatran, M|100/100
|-item|p2a: Heatran|Air Balloon
|turn|15
|
|t:|1662357052
|switch|p1a: Garchomp|Garchomp, F|25/100 tox
|move|p2a: Heatran|Magma Storm|p1a: Garchomp
|-resisted|p1a: Garchomp
|-damage|p1a: Garchomp|0 fnt
|faint|p1a: Garchomp
|
|upkeep
|
|t:|1662357055
|switch|p1a: Conkeldurr|Conkeldurr, M|100/100
|turn|16
|
|t:|1662357059
|switch|p2a: Tangrowth|Tangrowth, M|45/100 tox
|move|p1a: Conkeldurr|Knock Off|p2a: Tangrowth
|-damage|p2a: Tangrowth|24/100 tox
|-damage|p1a: Conkeldurr|84/100|[from] item: Rocky Helmet|[of] p2a: Tangrowth
|-enditem|p2a: Tangrowth|Rocky Helmet|[from] move: Knock Off|[of] p1a: Conkeldurr
|
|-damage|p2a: Tangrowth|17/100 tox|[from] psn
|-status|p1a: Conkeldurr|brn|[from] item: Flame Orb
|upkeep
|turn|17
|
|t:|1662357065
|move|p1a: Conkeldurr|Facade|p2a: Tangrowth
|-damage|p2a: Tangrowth|0 fnt
|faint|p2a: Tangrowth
|
|-damage|p1a: Conkeldurr|78/100 brn|[from] brn
|upkeep
|
|t:|1662357065
|switch|p2a: Heatran|Heatran, M|100/100
|-item|p2a: Heatran|Air Balloon
|turn|18
|
|t:|1662357067
|move|p2a: Heatran|Magma Storm|p1a: Conkeldurr
|-damage|p1a: Conkeldurr|10/100 brn
|-activate|p1a: Conkeldurr|move: Magma Storm|[of] p2a: Heatran
|move|p1a: Conkeldurr|Close Combat|p2a: Heatran
|-supereffective|p2a: Heatran
|-damage|p2a: Heatran|0 fnt
|-unboost|p1a: Conkeldurr|def|1
|-unboost|p1a: Conkeldurr|spd|1
|-enditem|p2a: Heatran|Air Balloon
|faint|p2a: Heatran
|
|-damage|p1a: Conkeldurr|4/100 brn|[from] brn
|-end|p1a: Conkeldurr|Magma Storm|[partiallytrapped]|[silent]
|upkeep
|
|t:|1662357067
|switch|p2a: rotomwash|Rotom-Wash|100/100
|turn|19
|
|t:|1662357078
|switch|p1a: Magnezone|Magnezone|100/100
|move|p2a: rotomwash|Thunderbolt|p1a: Magnezone
|-resisted|p1a: Magnezone
|-crit|p1a: Magnezone
|-damage|p1a: Magnezone|63/100
|
|upkeep
|turn|20
|
|t:|1662357081
|move|p2a: rotomwash|Hydro Pump|p1a: Magnezone
|-damage|p1a: Magnezone|7/100
|move|p1a: Magnezone|Thunderbolt|p2a: rotomwash
|-damage|p2a: rotomwash|15/100
|
|-heal|p2a: rotomwash|21/100|[from] item: Leftovers
|upkeep
|turn|21
|
|t:|1662357085
|move|p2a: rotomwash|Thunderbolt|p1a: Magnezone
|-resisted|p1a: Magnezone
|-damage|p1a: Magnezone|0 fnt
|faint|p1a: Magnezone
|
|-heal|p2a: rotomwash|27/100|[from] item: Leftovers
|upkeep
|
|t:|1662357088
|switch|p1a: Rillaboom|Rillaboom, F|100/100
|-fieldstart|move: Grassy Terrain|[from] ability: Grassy Surge|[of] p1a: Rillaboom
|turn|22
|
|t:|1662357091
|move|p2a: rotomwash|Pain Split|p1a: Rillaboom
|-sethp|p1a: Rillaboom|62/100|[from] move: Pain Split|[silent]
|-sethp|p2a: rotomwash|70/100|[from] move: Pain Split
|move|p1a: Rillaboom|U-turn|p2a: rotomwash
|-damage|p2a: rotomwash|32/100
|
|t:|1662357095
|switch|p1a: Tapu Fini|Tapu Fini|53/100|[from]move: U-turn
|-fieldstart|move: Misty Terrain|[from] ability: Misty Surge|[of] p1a: Tapu Fini
|
|-heal|p2a: rotomwash|38/100|[from] item: Leftovers
|upkeep
|turn|23
|
|t:|1662357098
|switch|p2a: Melmetal|Melmetal|100/100
|move|p1a: Tapu Fini|Moonblast|p2a: Melmetal
|-resisted|p2a: Melmetal
|-crit|p2a: Melmetal
|-damage|p2a: Melmetal|83/100
|
|upkeep
|turn|24
|
|t:|1662357102
|switch|p1a: Moltres|Moltres|66/100 tox
|move|p2a: Melmetal|Double Iron Bash|p1a: Moltres
|-resisted|p1a: Moltres
|-damage|p1a: Moltres|53/100 tox
|-resisted|p1a: Moltres
|-crit|p1a: Moltres
|-damage|p1a: Moltres|31/100 tox
|-hitcount|p1a: Moltres|2
|
|-damage|p1a: Moltres|25/100 tox|[from] psn
|upkeep
|turn|25
|
|t:|1662357105
|move|p1a: Moltres|Roost|p1a: Moltres
|-heal|p1a: Moltres|75/100 tox
|-singleturn|p1a: Moltres|move: Roost
|move|p2a: Melmetal|Thunder Punch|p1a: Moltres
|-damage|p1a: Moltres|53/100 tox
|
|-damage|p1a: Moltres|40/100 tox|[from] psn
|upkeep
|turn|26
|
|t:|1662357110
|move|p1a: Moltres|Flamethrower|p2a: Melmetal
|-supereffective|p2a: Melmetal
|-damage|p2a: Melmetal|45/100
|move|p2a: Melmetal|Thunder Punch|p1a: Moltres
|-supereffective|p1a: Moltres
|-damage|p1a: Moltres|0 fnt
|faint|p1a: Moltres
|
|-fieldend|Misty Terrain
|upkeep
|
|t:|1662357114
|switch|p1a: Conkeldurr|Conkeldurr, M|4/100 brn
|turn|27
|
|t:|1662357119
|move|p1a: Conkeldurr|Close Combat|p2a: Melmetal
|-supereffective|p2a: Melmetal
|-damage|p2a: Melmetal|0 fnt
|-unboost|p1a: Conkeldurr|def|1
|-unboost|p1a: Conkeldurr|spd|1
|faint|p2a: Melmetal
|
|-damage|p1a: Conkeldurr|0 fnt|[from] brn
|faint|p1a: Conkeldurr
|upkeep
|
|t:|1662357124
|switch|p1a: Rillaboom|Rillaboom, F|62/100
|switch|p2a: Weavile|Weavile, M|100/100
|-ability|p2a: Weavile|Pressure
|-fieldstart|move: Grassy Terrain|[from] ability: Grassy Surge|[of] p1a: Rillaboom
|turn|28
|
|t:|1662357126
|move|p2a: Weavile|Ice Shard|p1a: Rillaboom
|-supereffective|p1a: Rillaboom
|-damage|p1a: Rillaboom|0 fnt
|faint|p1a: Rillaboom
|
|upkeep
|
|t:|1662357128
|switch|p1a: Tapu Fini|Tapu Fini|53/100
|-fieldstart|move: Misty Terrain|[from] ability: Misty Surge|[of] p1a: Tapu Fini
|turn|29
|
|t:|1662357130
|switch|p2a: rotomwash|Rotom-Wash|38/100
|move|p1a: Tapu Fini|Moonblast|p2a: rotomwash
|-damage|p2a: rotomwash|0 fnt
|faint|p2a: rotomwash
|
|upkeep
|
|t:|1662357130
|switch|p2a: Weavile|Weavile, M|100/100
|-ability|p2a: Weavile|Pressure
|turn|30
|
|t:|1662357132
|move|p2a: Weavile|Ice Shard|p1a: Tapu Fini
|-resisted|p1a: Tapu Fini
|-damage|p1a: Tapu Fini|37/100
|move|p1a: Tapu Fini|Moonblast|p2a: Weavile
|-supereffective|p2a: Weavile
|-damage|p2a: Weavile|0 fnt
|faint|p2a: Weavile
|
|win|Kaleor
|raw|Kaleor's rating: 1546 &rarr; <strong>1567</strong><br />(+21 for winning)
|raw|minimax_ai's rating: 1561 &rarr; <strong>1540</strong><br />(-21 for losing)
|c|☆minimax_ai|gg
