|j|☆Stunfisk2140
|j|☆seventhfeather
|t:|1644813000
|gametype|singles
|player|p1|Stunfisk2140|101|1519
|player|p2|seventhfeather|lady|1546
|teamsize|p1|6
|teamsize|p2|6
|gen|8
|tier|[Gen 8] OU
|rated|
|rule|Sleep Clause Mod: Limit one foe put to sleep
|rule|Species Clause: Limit one of each Pokémon
|rule|OHKO Clause: OHKO moves are banned
|rule|Evasion Moves Clause: Evasion moves are banned
|rule|Endless Battle Clause: Forcing endless battles is banned
|rule|HP Percentage Mod: HP is shown in percentages
|rule|Dynamax Clause: You cannot dynamax
|clearpoke
|poke|p1|Mamoswine, M|
|poke|p1|Slowking-Galar, F|
|poke|p1|Ferrothorn, M|
|poke|p1|Urshifu-*, F|
|poke|p1|Zapdos|
|poke|p1|Hydreigon, M|
|poke|p2|Tapu Fini|
|poke|p2|Kartana|
|poke|p2|Tapu Koko|
|poke|p2|Mamoswine, F|
|poke|p2|Mew|
|poke|p2|Latias, F|
|teampreview
|inactive|Battle timer is ON: inactive players will automatically lose when time's up. (requested by Stunfisk2140)
|j| Sprakenheit
|
|t:|1644813023
|start
|switch|p1a: Satannish|Hydreigon, M|100/100
|switch|p2a: Tapu Fini|Tapu Fini|100/100
|-fieldstart|move: Misty Terrain|[from] ability: Misty Surge|[of] p2a: Tapu Fini
|turn|1
|
|t:|1644813035
|move|p1a: Satannish|U-turn|p2a: Tapu Fini
|-resisted|p2a: Tapu Fini
|-damage|p2a: Tapu Fini|96/100
|
|t:|1644813037
|switch|p1a: Pain|Ferrothorn, M|100/100|[from]move: U-turn
|move|p2a: Tapu Fini|Calm Mind|p2a: Tapu Fini
|-boost|p2a: Tapu Fini|spa|1
|-boost|p2a: Tapu Fini|spd|1
|
|-heal|p2a: Tapu Fini|100/100|[from] item: Leftovers
|upkeep
|turn|2
|
|t:|1644813047
|move|p2a: Tapu Fini|Taunt|p1a: Pain
|-start|p1a: Pain|move: Taunt
|move|p1a: Pain|Knock Off|p2a: Tapu Fini
|-resisted|p2a: Tapu Fini
|-damage|p2a: Tapu Fini|94/100
|-enditem|p2a: Tapu Fini|Leftovers|[from] move: Knock Off|[of] p1a: Pain
|
|upkeep
|turn|3
|
|t:|1644813056
|switch|p1a: Big Brain Boov|Slowking-Galar, F, shiny|100/100
|move|p2a: Tapu Fini|Calm Mind|p2a: Tapu Fini
|-boost|p2a: Tapu Fini|spa|1
|-boost|p2a: Tapu Fini|spd|1
|
|upkeep
|turn|4
|
|t:|1644813063
|move|p2a: Tapu Fini|Calm Mind|p2a: Tapu Fini
|-boost|p2a: Tapu Fini|spa|1
|-boost|p2a: Tapu Fini|spd|1
|move|p1a: Big Brain Boov|Sludge Bomb|p2a: Tapu Fini
|-supereffective|p2a: Tapu Fini
|-damage|p2a: Tapu Fini|73/100
|
|upkeep
|turn|5
|
|t:|1644813070
|move|p2a: Tapu Fini|Calm Mind|p2a: Tapu Fini
|-boost|p2a: Tapu Fini|spa|1
|-boost|p2a: Tapu Fini|spd|1
|move|p1a: Big Brain Boov|Sludge Bomb|p2a: Tapu Fini
|-supereffective|p2a: Tapu Fini
|-damage|p2a: Tapu Fini|54/100
|
|-fieldend|Misty Terrain
|upkeep
|turn|6
|j| Sirloin33
|
|t:|1644813079
|move|p2a: Tapu Fini|Draining Kiss|p1a: Big Brain Boov
|-resisted|p1a: Big Brain Boov
|-damage|p1a: Big Brain Boov|91/100
|-heal|p2a: Tapu Fini|62/100|[from] drain|[of] p1a: Big Brain Boov
|move|p1a: Big Brain Boov|Sludge Bomb|p2a: Tapu Fini
|-supereffective|p2a: Tapu Fini
|-damage|p2a: Tapu Fini|41/100
|
|upkeep
|turn|7
|
|t:|1644813088
|move|p2a: Tapu Fini|Calm Mind|p2a: Tapu Fini
|-boost|p2a: Tapu Fini|spa|1
|-boost|p2a: Tapu Fini|spd|1
|move|p1a: Big Brain Boov|Sludge Bomb|p2a: Tapu Fini
|-supereffective|p2a: Tapu Fini
|-damage|p2a: Tapu Fini|23/100
|-status|p2a: Tapu Fini|psn
|
|-damage|p2a: Tapu Fini|11/100 psn|[from] psn
|upkeep
|turn|8
|
|t:|1644813099
|move|p2a: Tapu Fini|Scald|p1a: Big Brain Boov
|-damage|p1a: Big Brain Boov|54/100
|-status|p1a: Big Brain Boov|brn
|move|p1a: Big Brain Boov|Flamethrower|p2a: Tapu Fini
|-resisted|p2a: Tapu Fini
|-damage|p2a: Tapu Fini|8/100 psn
|
|-damage|p2a: Tapu Fini|0 fnt|[from] psn
|faint|p2a: Tapu Fini
|-damage|p1a: Big Brain Boov|48/100 brn|[from] brn
|upkeep
|
|t:|1644813107
|switch|p2a: Mamoswine|Mamoswine, F|100/100
|turn|9
|
|t:|1644813115
|switch|p1a: Zeus Thunderbirb|Zapdos|100/100
|move|p2a: Mamoswine|Icicle Crash|p1a: Zeus Thunderbirb
|-supereffective|p1a: Zeus Thunderbirb
|-damage|p1a: Zeus Thunderbirb|27/100
|
|upkeep
|turn|10
|
|t:|1644813122
|switch|p1a: Pain|Ferrothorn, M|100/100
|move|p2a: Mamoswine|Ice Shard|p1a: Pain
|-damage|p1a: Pain|88/100
|
|-heal|p1a: Pain|94/100|[from] item: Leftovers
|upkeep
|turn|11
|
|t:|1644813131
|move|p2a: Mamoswine|Stealth Rock|p1a: Pain
|-sidestart|p1: Stunfisk2140|move: Stealth Rock
|move|p1a: Pain|Body Press|p2a: Mamoswine
|-supereffective|p2a: Mamoswine
|-damage|p2a: Mamoswine|42/100
|
|-heal|p1a: Pain|99/100|[from] item: Leftovers
|upkeep
|turn|12
|
|t:|1644813140
|switch|p2a: Mew|Mew|100/100
|move|p1a: Pain|Stealth Rock|p2a: Mew
|-sidestart|p2: seventhfeather|move: Stealth Rock
|
|-heal|p1a: Pain|100/100|[from] item: Leftovers
|upkeep
|turn|13
|
|t:|1644813148
|switch|p1a: Satannish|Hydreigon, M|100/100
|-damage|p1a: Satannish|88/100|[from] Stealth Rock
|move|p2a: Mew|Nasty Plot|p2a: Mew
|-boost|p2a: Mew|spa|2
|
|upkeep
|turn|14
|j| vkhss is cool
|
|t:|1644813156
|move|p1a: Satannish|Dark Pulse|p2a: Mew
|-supereffective|p2a: Mew
|-enditem|p2a: Mew|Colbur Berry|[eat]
|-enditem|p2a: Mew|Colbur Berry|[weaken]
|-damage|p2a: Mew|58/100
|move|p2a: Mew|Aura Sphere|p1a: Satannish
|-supereffective|p1a: Satannish
|-damage|p1a: Satannish|0 fnt
|faint|p1a: Satannish
|
|upkeep
|
|t:|1644813172
|switch|p1a: Big Brain Boov|Slowking-Galar, F, shiny|81/100 brn
|-damage|p1a: Big Brain Boov|69/100 brn|[from] Stealth Rock
|turn|15
|
|t:|1644813180
|move|p2a: Mew|Psychic|p1a: Big Brain Boov
|-damage|p1a: Big Brain Boov|35/100 brn
|-unboost|p1a: Big Brain Boov|spd|1
|move|p1a: Big Brain Boov|Sludge Bomb|p2a: Mew
|-damage|p2a: Mew|23/100
|
|-damage|p1a: Big Brain Boov|29/100 brn|[from] brn
|upkeep
|turn|16
|
|t:|1644813190
|switch|p1a: Pain|Ferrothorn, M|100/100
|-damage|p1a: Pain|95/100|[from] Stealth Rock
|move|p2a: Mew|Psychic|p1a: Pain
|-resisted|p1a: Pain
|-damage|p1a: Pain|63/100
|
|-heal|p1a: Pain|69/100|[from] item: Leftovers
|upkeep
|turn|17
|
|t:|1644813200
|move|p2a: Mew|Aura Sphere|p1a: Pain
|-supereffective|p1a: Pain
|-damage|p1a: Pain|0 fnt
|faint|p1a: Pain
|
|upkeep
|
|t:|1644813206
|switch|p1a: Big Guy|Mamoswine, M|100/100
|-damage|p1a: Big Guy|88/100|[from] Stealth Rock
|turn|18
|
|t:|1644813211
|move|p1a: Big Guy|Ice Shard|p2a: Mew
|-damage|p2a: Mew|2/100
|move|p2a: Mew|Aura Sphere|p1a: Big Guy
|-supereffective|p1a: Big Guy
|-damage|p1a: Big Guy|0 fnt
|faint|p1a: Big Guy
|
|upkeep
|
|t:|1644813219
|switch|p1a: Silver Fang|Urshifu-Rapid-Strike, F|100/100
|-damage|p1a: Silver Fang|94/100|[from] Stealth Rock
|turn|19
|
|t:|1644813224
|move|p1a: Silver Fang|Aqua Jet|p2a: Mew
|-damage|p2a: Mew|0 fnt
|faint|p2a: Mew
|
|upkeep
|
|t:|1644813231
|switch|p2a: Latias|Latias, F|100/100
|-damage|p2a: Latias|88/100|[from] Stealth Rock
|turn|20
|-message|Stunfisk2140 forfeited.
|
|win|seventhfeather
|raw|Stunfisk2140's rating: 1519 &rarr; <strong>1501</strong><br />(-18 for losing)
|raw|seventhfeather's rating: 1546 &rarr; <strong>1564</strong><br />(+18 for winning)
|l|☆Stunfisk2140
|l| Sprakenheit
|l| Sirloin33
|l| vkhss is cool
