|j|☆legitteambuilder
|j|☆Zaza Bitchulia
|t:|1612968247
|player|p1|legitteambuilder|lance|1741
|player|p2|Zaza Bitchulia|blaine|1675
|teamsize|p1|6
|teamsize|p2|6
|gametype|singles
|gen|8
|tier|[Gen 8] OU
|rated|
|clearpoke
|poke|p1|Garchomp, M|
|poke|p1|Magearna|
|poke|p1|Cinderace, M|
|poke|p1|Landorus-Therian, M|
|poke|p1|Ferrothorn, F|
|poke|p1|Kartana|
|poke|p2|Tapu Lele|
|poke|p2|Blacephalon|
|poke|p2|Slowbro, M|
|poke|p2|Mandibuzz, F|
|poke|p2|Landorus-Therian, M|
|poke|p2|Ferrothorn, F|
|rule|Sleep Clause Mod: Limit one foe put to sleep
|rule|Species Clause: Limit one of each Pokémon
|rule|OHKO Clause: OHKO moves are banned
|rule|Evasion Moves Clause: Evasion moves are banned
|rule|Endless Battle Clause: Forcing endless battles is banned
|rule|HP Percentage Mod: HP is shown in percentages
|rule|Dynamax Clause: You cannot dynamax
|teampreview
|inactive|Battle timer is ON: inactive players will automatically lose when time's up. (requested by Zaza Bitchulia)
|inactive|Zaza Bitchulia has 120 seconds left.
|
|t:|1612968305
|start
|switch|p1a: Cinderace|Cinderace, M|100/100
|switch|p2a: Tapu Lele|Tapu Lele|100/100
|-fieldstart|move: Psychic Terrain|[from] ability: Psychic Surge|[of] p2a: Tapu Lele
|turn|1
|
|t:|1612968326
|switch|p2a: Slowbro|Slowbro, M|100/100
|move|p1a: Cinderace|U-turn|p2a: Slowbro
|-start|p1a: Cinderace|typechange|Bug|[from] ability: Libero
|-supereffective|p2a: Slowbro
|-damage|p2a: Slowbro|59/100
|-damage|p1a: Cinderace|84/100|[from] item: Rocky Helmet|[of] p2a: Slowbro
|inactive|legitteambuilder has 120 seconds left.
|j| Frostigar479
|
|t:|1612968352
|switch|p1a: Landorus|Landorus-Therian, M|100/100|[from]move: U-turn
|-ability|p1a: Landorus|Intimidate|boost
|-unboost|p2a: Slowbro|atk|1
|
|upkeep
|turn|2
|
|t:|1612968355
|switch|p2a: Ferrothorn|Ferrothorn, F|100/100
|move|p1a: Landorus|Knock Off|p2a: Ferrothorn
|-damage|p2a: Ferrothorn|60/100
|-damage|p1a: Landorus|88/100|[from] ability: Iron Barbs|[of] p2a: Ferrothorn
|-enditem|p2a: Ferrothorn|Leftovers|[from] move: Knock Off|[of] p1a: Landorus
|
|upkeep
|turn|3
|
|t:|1612968361
|switch|p1a: Cinderace|Cinderace, M|84/100
|move|p2a: Ferrothorn|Stealth Rock|p1a: Cinderace
|-sidestart|p1: legitteambuilder|move: Stealth Rock
|
|upkeep
|turn|4
|
|t:|1612968366
|move|p1a: Cinderace|Gunk Shot|p2a: Ferrothorn
|-start|p1a: Cinderace|typechange|Poison|[from] ability: Libero
|-immune|p2a: Ferrothorn
|move|p2a: Ferrothorn|Knock Off|p1a: Cinderace
|-damage|p1a: Cinderace|53/100
|-enditem|p1a: Cinderace|Heavy-Duty Boots|[from] move: Knock Off|[of] p2a: Ferrothorn
|
|upkeep
|turn|5
|
|t:|1612968369
|switch|p2a: Landorus|Landorus-Therian, M|100/100
|-ability|p2a: Landorus|Intimidate|boost
|-unboost|p1a: Cinderace|atk|1
|move|p1a: Cinderace|Gunk Shot|p2a: Landorus
|-resisted|p2a: Landorus
|-damage|p2a: Landorus|81/100
|
|-fieldend|move: Psychic Terrain
|upkeep
|turn|6
|
|t:|1612968377
|switch|p1a: Ferrothorn|Ferrothorn, F|100/100
|-damage|p1a: Ferrothorn|94/100|[from] Stealth Rock
|move|p2a: Landorus|Earthquake|p1a: Ferrothorn
|-damage|p1a: Ferrothorn|64/100
|
|upkeep
|turn|7
|
|t:|1612968379
|move|p2a: Landorus|Earthquake|p1a: Ferrothorn
|-crit|p1a: Ferrothorn
|-damage|p1a: Ferrothorn|19/100
|move|p1a: Ferrothorn|Stealth Rock|p2a: Landorus
|-sidestart|p2: Zaza Bitchulia|move: Stealth Rock
|
|upkeep
|turn|8
|
|t:|1612968384
|move|p2a: Landorus|Earthquake|p1a: Ferrothorn
|-damage|p1a: Ferrothorn|0 fnt
|faint|p1a: Ferrothorn
|
|upkeep
|
|t:|1612968386
|switch|p1a: Landorus|Landorus-Therian, M|88/100
|-damage|p1a: Landorus|76/100|[from] Stealth Rock
|-ability|p1a: Landorus|Intimidate|boost
|-unboost|p2a: Landorus|atk|1
|turn|9
|
|t:|1612968389
|switch|p2a: Slowbro|Slowbro, M|92/100
|-damage|p2a: Slowbro|80/100|[from] Stealth Rock
|move|p1a: Landorus|U-turn|p2a: Slowbro
|-supereffective|p2a: Slowbro
|-damage|p2a: Slowbro|29/100
|-damage|p1a: Landorus|59/100|[from] item: Rocky Helmet|[of] p2a: Slowbro
|inactive|legitteambuilder has 120 seconds left.
|inactive|legitteambuilder has 90 seconds left.
|j| DaiDaiwo♫
|
|t:|1612968462
|switch|p1a: Garchomp|Garchomp, M|100/100|[from]move: U-turn
|-damage|p1a: Garchomp|94/100|[from] Stealth Rock
|
|upkeep
|turn|10
|
|t:|1612968469
|switch|p2a: Mandibuzz|Mandibuzz, F|100/100
|move|p1a: Garchomp|Swords Dance|p1a: Garchomp
|-boost|p1a: Garchomp|atk|2
|
|upkeep
|turn|11
|
|t:|1612968473
|move|p1a: Garchomp|Stone Edge|p2a: Mandibuzz|[miss]
|-miss|p1a: Garchomp|p2a: Mandibuzz
|move|p2a: Mandibuzz|Foul Play|p1a: Garchomp
|-damage|p1a: Garchomp|0 fnt
|-damage|p2a: Mandibuzz|88/100|[from] ability: Rough Skin|[of] p1a: Garchomp
|faint|p1a: Garchomp
|
|upkeep
|
|t:|1612968477
|switch|p1a: Magearna|Magearna|100/100
|-damage|p1a: Magearna|94/100|[from] Stealth Rock
|turn|12
|
|t:|1612968480
|move|p2a: Mandibuzz|U-turn|p1a: Magearna
|-resisted|p1a: Magearna
|-damage|p1a: Magearna|92/100
|
|t:|1612968488
|switch|p2a: Landorus|Landorus-Therian, M|81/100|[from]move: U-turn
|-damage|p2a: Landorus|69/100|[from] Stealth Rock
|-ability|p2a: Landorus|Intimidate|boost
|-unboost|p1a: Magearna|atk|1
|move|p1a: Magearna|Volt Switch|p2a: Landorus
|-immune|p2a: Landorus
|
|upkeep
|turn|13
|
|t:|1612968494
|move|p2a: Landorus|U-turn|p1a: Magearna
|-resisted|p1a: Magearna
|-damage|p1a: Magearna|88/100
|
|t:|1612968497
|switch|p2a: Ferrothorn|Ferrothorn, F|60/100|[from]move: U-turn
|-damage|p2a: Ferrothorn|54/100|[from] Stealth Rock
|move|p1a: Magearna|Volt Switch|p2a: Ferrothorn
|-resisted|p2a: Ferrothorn
|-damage|p2a: Ferrothorn|42/100
|
|t:|1612968507
|switch|p1a: Landorus|Landorus-Therian, M|59/100|[from]move: Volt Switch
|-damage|p1a: Landorus|47/100|[from] Stealth Rock
|-ability|p1a: Landorus|Intimidate|boost
|-unboost|p2a: Ferrothorn|atk|1
|
|upkeep
|turn|14
|
|t:|1612968512
|move|p1a: Landorus|Earthquake|p2a: Ferrothorn
|-crit|p2a: Ferrothorn
|-damage|p2a: Ferrothorn|0 fnt
|faint|p2a: Ferrothorn
|
|upkeep
|
|t:|1612968516
|switch|p2a: Mandibuzz|Mandibuzz, F|88/100
|turn|15
|
|t:|1612968536
|switch|p1a: Cinderace|Cinderace, M|53/100
|-damage|p1a: Cinderace|28/100|[from] Stealth Rock
|move|p2a: Mandibuzz|U-turn|p1a: Cinderace
|-resisted|p1a: Cinderace
|-damage|p1a: Cinderace|20/100
|
|t:|1612968541
|switch|p2a: Landorus|Landorus-Therian, M|69/100|[from]move: U-turn
|-damage|p2a: Landorus|57/100|[from] Stealth Rock
|-ability|p2a: Landorus|Intimidate|boost
|-unboost|p1a: Cinderace|atk|1
|
|upkeep
|turn|16
|
|t:|1612968546
|move|p1a: Cinderace|Sucker Punch|p2a: Landorus
|-start|p1a: Cinderace|typechange|Dark|[from] ability: Libero
|-damage|p2a: Landorus|31/100
|move|p2a: Landorus|Earthquake|p1a: Cinderace
|-damage|p1a: Cinderace|0 fnt
|faint|p1a: Cinderace
|
|upkeep
|
|t:|1612968551
|switch|p1a: Landorus|Landorus-Therian, M|47/100
|-damage|p1a: Landorus|35/100|[from] Stealth Rock
|-ability|p1a: Landorus|Intimidate|boost
|-unboost|p2a: Landorus|atk|1
|turn|17
|
|t:|1612968554
|switch|p2a: Slowbro|Slowbro, M|63/100
|-damage|p2a: Slowbro|50/100|[from] Stealth Rock
|move|p1a: Landorus|Knock Off|p2a: Slowbro
|-supereffective|p2a: Slowbro
|-damage|p2a: Slowbro|0 fnt
|-damage|p1a: Landorus|18/100|[from] item: Rocky Helmet|[of] p2a: Slowbro
|-enditem|p2a: Slowbro|Rocky Helmet|[from] move: Knock Off|[of] p1a: Landorus
|faint|p2a: Slowbro
|
|upkeep
|
|t:|1612968562
|switch|p2a: Tapu Lele|Tapu Lele|100/100
|-damage|p2a: Tapu Lele|88/100|[from] Stealth Rock
|-fieldstart|move: Psychic Terrain|[from] ability: Psychic Surge|[of] p2a: Tapu Lele
|turn|18
|
|t:|1612968564
|move|p1a: Landorus|Knock Off|p2a: Tapu Lele
|-damage|p2a: Tapu Lele|0 fnt
|-enditem|p2a: Tapu Lele|Choice Specs|[from] move: Knock Off|[of] p1a: Landorus
|faint|p2a: Tapu Lele
|
|upkeep
|inactive|Zaza Bitchulia has 120 seconds left.
|
|t:|1612968606
|switch|p2a: Blacephalon|Blacephalon|100/100
|turn|19
|
|t:|1612968615
|move|p2a: Blacephalon|Flame Charge|p1a: Landorus
|-damage|p1a: Landorus|0 fnt
|-boost|p2a: Blacephalon|spe|1
|faint|p1a: Landorus
|-ability|p2a: Blacephalon|Beast Boost|boost
|-boost|p2a: Blacephalon|spa|1
|
|upkeep
|
|t:|1612968619
|switch|p1a: Kartana|Kartana|100/100
|-damage|p1a: Kartana|94/100|[from] Stealth Rock
|turn|20
|
|t:|1612968622
|switch|p2a: Mandibuzz|Mandibuzz, F|88/100
|move|p1a: Kartana|Knock Off|p2a: Mandibuzz
|-resisted|p2a: Mandibuzz
|-damage|p2a: Mandibuzz|76/100
|-enditem|p2a: Mandibuzz|Heavy-Duty Boots|[from] move: Knock Off|[of] p1a: Kartana
|
|upkeep
|turn|21
|
|t:|1612968626
|switch|p1a: Magearna|Magearna|88/100
|-damage|p1a: Magearna|81/100|[from] Stealth Rock
|move|p2a: Mandibuzz|Defog|p1a: Magearna
|-unboost|p1a: Magearna|evasion|1
|-sideend|p1: legitteambuilder|Stealth Rock|[from] move: Defog|[of] p2a: Mandibuzz
|-sideend|p2: Zaza Bitchulia|Stealth Rock|[from] move: Defog|[of] p2a: Mandibuzz
|-fieldend|move: Psychic Terrain
|
|upkeep
|turn|22
|
|t:|1612968635
|move|p2a: Mandibuzz|U-turn|p1a: Magearna
|-resisted|p1a: Magearna
|-damage|p1a: Magearna|79/100
|
|t:|1612968637
|switch|p2a: Blacephalon|Blacephalon|100/100|[from]move: U-turn
|move|p1a: Magearna|Flash Cannon|p2a: Blacephalon
|-resisted|p2a: Blacephalon
|-damage|p2a: Blacephalon|43/100
|
|upkeep
|turn|23
|
|t:|1612968639
|move|p2a: Blacephalon|Flamethrower|p1a: Magearna
|-supereffective|p1a: Magearna
|-damage|p1a: Magearna|0 fnt
|faint|p1a: Magearna
|-ability|p2a: Blacephalon|Beast Boost|boost
|-boost|p2a: Blacephalon|spa|1
|
|upkeep
|
|t:|1612968642
|switch|p1a: Kartana|Kartana|94/100
|turn|24
|c|☆legitteambuilder|g
|c|☆legitteambuilder|gg
|
|t:|1612968653
|move|p1a: Kartana|Knock Off|p2a: Blacephalon
|-supereffective|p2a: Blacephalon
|-crit|p2a: Blacephalon
|-damage|p2a: Blacephalon|0 fnt
|-enditem|p2a: Blacephalon|Heavy-Duty Boots|[from] move: Knock Off|[of] p1a: Kartana
|faint|p2a: Blacephalon
|-ability|p1a: Kartana|Beast Boost|boost
|-boost|p1a: Kartana|atk|1
|
|upkeep
|
|t:|1612968655
|switch|p2a: Mandibuzz|Mandibuzz, F|76/100
|turn|25
|
|t:|1612968657
|move|p1a: Kartana|Knock Off|p2a: Mandibuzz
|-resisted|p2a: Mandibuzz
|-damage|p2a: Mandibuzz|64/100
|move|p2a: Mandibuzz|Foul Play|p1a: Kartana
|-damage|p1a: Kartana|3/100
|
|upkeep
|turn|26
|
|t:|1612968660
|move|p1a: Kartana|Knock Off|p2a: Mandibuzz
|-resisted|p2a: Mandibuzz
|-damage|p2a: Mandibuzz|52/100
|move|p2a: Mandibuzz|U-turn|p1a: Kartana
|-damage|p1a: Kartana|0 fnt
|faint|p1a: Kartana
|
|win|Zaza Bitchulia
|l|☆legitteambuilder
|c|☆Zaza Bitchulia|gg
