|j|☆gotsnsd
|j|☆Cogonahorse
|t:|1665082813
|gametype|singles
|player|p1|gotsnsd|beauty-gen2jp|1603
|player|p2|Cogonahorse|lucas-gen4pt|1590
|teamsize|p1|6
|teamsize|p2|6
|gen|8
|tier|[Gen 8] OU
|rated|
|rule|Sleep Clause Mod: Limit one foe put to sleep
|rule|Species Clause: Limit one of each Pokémon
|rule|OHKO Clause: OHKO moves are banned
|rule|Evasion Items Clause: Evasion items are banned
|rule|Evasion Moves Clause: Evasion moves are banned
|rule|Endless Battle Clause: Forcing endless battles is banned
|rule|HP Percentage Mod: HP is shown in percentages
|rule|Dynamax Clause: You cannot dynamax
|clearpoke
|poke|p1|Blacephalon|
|poke|p1|Tapu Fini|
|poke|p1|Dragapult, F|
|poke|p1|Ferrothorn, F|
|poke|p1|Tornadus-Therian, M|
|poke|p1|Landorus-Therian, M|
|poke|p2|Urshifu-*, M|
|poke|p2|Tornadus-Therian, M|
|poke|p2|Tapu Lele|
|poke|p2|Toxapex, M|
|poke|p2|Heatran, F|
|poke|p2|Landorus-Therian, M|
|teampreview
|
|t:|1665082822
|start
|switch|p1a: Tapu Fini|Tapu Fini|100/100
|switch|p2a: Tornadus|Tornadus-Therian, M|100/100
|-fieldstart|move: Misty Terrain|[from] ability: Misty Surge|[of] p1a: Tapu Fini
|turn|1
|
|t:|1665082826
|switch|p1a: Landorus|Landorus-Therian, M|100/100
|-ability|p1a: Landorus|Intimidate|boost
|-unboost|p2a: Tornadus|atk|1
|move|p2a: Tornadus|Knock Off|p1a: Landorus
|-damage|p1a: Landorus|87/100
|-enditem|p1a: Landorus|Leftovers|[from] move: Knock Off|[of] p2a: Tornadus
|
|upkeep
|turn|2
|
|t:|1665082832
|move|p2a: Tornadus|U-turn|p1a: Landorus
|-resisted|p1a: Landorus
|-damage|p1a: Landorus|82/100
|
|t:|1665082834
|switch|p2a: Landorus|Landorus-Therian, M|100/100|[from]move: U-turn
|-ability|p2a: Landorus|Intimidate|boost
|-unboost|p1a: Landorus|atk|1
|move|p1a: Landorus|U-turn|p2a: Landorus
|-resisted|p2a: Landorus
|-damage|p2a: Landorus|94/100
|
|t:|1665082841
|switch|p1a: Tornadus|Tornadus-Therian, M|100/100|[from]move: U-turn
|
|-heal|p2a: Landorus|99/100|[from] item: Leftovers
|upkeep
|turn|3
|
|t:|1665082845
|move|p1a: Tornadus|Taunt|p2a: Landorus
|-start|p2a: Landorus|move: Taunt
|cant|p2a: Landorus|move: Taunt|Toxic
|
|-heal|p2a: Landorus|100/100|[from] item: Leftovers
|upkeep
|turn|4
|
|t:|1665082851
|switch|p2a: Toxapex|Toxapex, M|100/100
|move|p1a: Tornadus|Knock Off|p2a: Toxapex
|-damage|p2a: Toxapex|85/100
|-enditem|p2a: Toxapex|Choice Band|[from] move: Knock Off|[of] p1a: Tornadus
|
|upkeep
|turn|5
|
|t:|1665082859
|switch|p1a: Ferrothorn|Ferrothorn, F|100/100
|move|p2a: Toxapex|Toxic Spikes|p1a: Ferrothorn
|-sidestart|p1: gotsnsd|move: Toxic Spikes
|
|-fieldend|Misty Terrain
|upkeep
|turn|6
|
|t:|1665082863
|switch|p2a: Heatran|Heatran, F|100/100
|move|p1a: Ferrothorn|Spikes|p2a: Heatran
|-sidestart|p2: Cogonahorse|Spikes
|
|upkeep
|turn|7
|
|t:|1665082868
|switch|p1a: Landorus|Landorus-Therian, M|82/100
|-ability|p1a: Landorus|Intimidate|boost
|-unboost|p2a: Heatran|atk|1
|move|p2a: Heatran|Magma Storm|p1a: Landorus
|-damage|p1a: Landorus|36/100
|-activate|p1a: Landorus|move: Magma Storm|[of] p2a: Heatran
|
|-damage|p1a: Landorus|24/100|[from] move: Magma Storm|[partiallytrapped]
|upkeep
|turn|8
|
|t:|1665082874
|switch|p2a: Tornadus|Tornadus-Therian, M|100/100
|move|p1a: Landorus|Stealth Rock|p2a: Tornadus
|-sidestart|p2: Cogonahorse|move: Stealth Rock
|
|-end|p1a: Landorus|Magma Storm|[partiallytrapped]|[silent]
|upkeep
|turn|9
|
|t:|1665082879
|move|p2a: Tornadus|Hurricane|p1a: Landorus
|-damage|p1a: Landorus|0 fnt
|faint|p1a: Landorus
|
|upkeep
|
|t:|1665082896
|switch|p1a: Dragapult|Dragapult, F|100/100
|-status|p1a: Dragapult|psn
|turn|10
|
|t:|1665082901
|move|p1a: Dragapult|U-turn|p2a: Tornadus
|-resisted|p2a: Tornadus
|-damage|p2a: Tornadus|82/100
|
|t:|1665082908
|switch|p1a: Ferrothorn|Ferrothorn, F|100/100|[from]move: U-turn
|move|p2a: Tornadus|Knock Off|p1a: Ferrothorn
|-damage|p1a: Ferrothorn|87/100
|-damage|p2a: Tornadus|69/100|[from] ability: Iron Barbs|[of] p1a: Ferrothorn
|-damage|p2a: Tornadus|53/100|[from] item: Rocky Helmet|[of] p1a: Ferrothorn
|-enditem|p1a: Ferrothorn|Rocky Helmet|[from] move: Knock Off|[of] p2a: Tornadus
|
|upkeep
|turn|11
|
|t:|1665082913
|move|p2a: Tornadus|Heat Wave|p1a: Ferrothorn
|-supereffective|p1a: Ferrothorn
|-damage|p1a: Ferrothorn|4/100
|move|p1a: Ferrothorn|Leech Seed|p2a: Tornadus
|-start|p2a: Tornadus|move: Leech Seed
|
|-damage|p2a: Tornadus|40/100|[from] Leech Seed|[of] p1a: Ferrothorn
|-heal|p1a: Ferrothorn|17/100|[silent]
|upkeep
|turn|12
|
|t:|1665082930
|switch|p2a: Landorus|Landorus-Therian, M|100/100
|-damage|p2a: Landorus|88/100|[from] Stealth Rock
|-ability|p2a: Landorus|Intimidate|boost
|-unboost|p1a: Ferrothorn|atk|1
|switch|p1a: Dragapult|Dragapult, F|100/100 psn
|
|-heal|p2a: Landorus|94/100|[from] item: Leftovers
|-damage|p1a: Dragapult|88/100 psn|[from] psn
|upkeep
|turn|13
|
|t:|1665082936
|move|p1a: Dragapult|Dragon Darts|p2a: Landorus
|-damage|p2a: Landorus|57/100
|-anim|p1a: Dragapult|Dragon Darts|p2a: Landorus
|-damage|p2a: Landorus|22/100
|move|p2a: Landorus|Defog|p1a: Dragapult
|-fail|p1a: Dragapult|unboost|[from] ability: Clear Body|[of] p1a: Dragapult
|-sideend|p1: gotsnsd|Toxic Spikes|[from] move: Defog|[of] p2a: Landorus
|-sideend|p2: Cogonahorse|Spikes|[from] move: Defog|[of] p2a: Landorus
|-sideend|p2: Cogonahorse|Stealth Rock|[from] move: Defog|[of] p2a: Landorus
|
|-heal|p2a: Landorus|29/100|[from] item: Leftovers
|-damage|p1a: Dragapult|76/100 psn|[from] psn
|upkeep
|turn|14
|
|t:|1665082944
|switch|p1a: Tornadus|Tornadus-Therian, M|100/100
|switch|p2a: Tapu Lele|Tapu Lele|100/100
|-fieldstart|move: Psychic Terrain|[from] ability: Psychic Surge|[of] p2a: Tapu Lele
|
|upkeep
|turn|15
|
|t:|1665082948
|switch|p2a: Toxapex|Toxapex, M|100/100
|move|p1a: Tornadus|Knock Off|p2a: Toxapex
|-damage|p2a: Toxapex|90/100
|
|upkeep
|turn|16
|
|t:|1665082960
|move|p1a: Tornadus|Taunt|p2a: Toxapex
|-start|p2a: Toxapex|move: Taunt
|move|p2a: Toxapex|Liquidation|p1a: Tornadus
|-damage|p1a: Tornadus|68/100
|
|upkeep
|turn|17
|
|t:|1665082964
|move|p1a: Tornadus|Hurricane|p2a: Toxapex|[miss]
|-miss|p1a: Tornadus|p2a: Toxapex
|move|p2a: Toxapex|Knock Off|p1a: Tornadus
|-damage|p1a: Tornadus|43/100
|-enditem|p1a: Tornadus|Heavy-Duty Boots|[from] move: Knock Off|[of] p2a: Toxapex
|
|upkeep
|turn|18
|
|t:|1665082971
|switch|p1a: Tapu Fini|Tapu Fini|100/100
|-fieldstart|move: Misty Terrain|[from] ability: Misty Surge|[of] p1a: Tapu Fini
|move|p2a: Toxapex|Liquidation|p1a: Tapu Fini
|-resisted|p1a: Tapu Fini
|-damage|p1a: Tapu Fini|88/100
|
|-heal|p1a: Tapu Fini|94/100|[from] item: Leftovers
|-end|p2a: Toxapex|move: Taunt
|upkeep
|turn|19
|
|t:|1665082974
|move|p1a: Tapu Fini|Substitute|p1a: Tapu Fini
|-start|p1a: Tapu Fini|Substitute
|-damage|p1a: Tapu Fini|69/100
|move|p2a: Toxapex|Gunk Shot|p1a: Tapu Fini
|-supereffective|p1a: Tapu Fini
|-end|p1a: Tapu Fini|Substitute
|
|-heal|p1a: Tapu Fini|75/100|[from] item: Leftovers
|upkeep
|turn|20
|
|t:|1665082979
|move|p1a: Tapu Fini|Substitute|p1a: Tapu Fini
|-start|p1a: Tapu Fini|Substitute
|-damage|p1a: Tapu Fini|51/100
|move|p2a: Toxapex|Gunk Shot|p1a: Tapu Fini
|-supereffective|p1a: Tapu Fini
|-end|p1a: Tapu Fini|Substitute
|
|-heal|p1a: Tapu Fini|57/100|[from] item: Leftovers
|upkeep
|turn|21
|
|t:|1665082984
|switch|p1a: Ferrothorn|Ferrothorn, F|17/100
|move|p2a: Toxapex|Gunk Shot|p1a: Ferrothorn
|-immune|p1a: Ferrothorn
|
|upkeep
|turn|22
|
|t:|1665082991
|switch|p2a: Urshifu|Urshifu-Rapid-Strike, M|100/100
|move|p1a: Ferrothorn|Leech Seed|p2a: Urshifu
|-start|p2a: Urshifu|move: Leech Seed
|
|-damage|p2a: Urshifu|88/100|[from] Leech Seed|[of] p1a: Ferrothorn
|-heal|p1a: Ferrothorn|29/100|[silent]
|-fieldend|Misty Terrain
|upkeep
|turn|23
|
|t:|1665083002
|switch|p1a: Dragapult|Dragapult, F|76/100 psn
|move|p2a: Urshifu|U-turn|p1a: Dragapult
|-resisted|p1a: Dragapult
|-damage|p1a: Dragapult|58/100 psn
|
|t:|1665083006
|switch|p2a: Tornadus|Tornadus-Therian, M|74/100|[from]move: U-turn
|
|-damage|p1a: Dragapult|46/100 psn|[from] psn
|upkeep
|turn|24
|
|t:|1665083010
|move|p1a: Dragapult|Dragon Darts|p2a: Tornadus
|-damage|p2a: Tornadus|35/100
|-anim|p1a: Dragapult|Dragon Darts|p2a: Tornadus
|-crit|p2a: Tornadus
|-damage|p2a: Tornadus|0 fnt
|faint|p2a: Tornadus
|
|-damage|p1a: Dragapult|33/100 psn|[from] psn
|upkeep
|
|t:|1665083014
|switch|p2a: Tapu Lele|Tapu Lele|100/100
|-fieldstart|move: Psychic Terrain|[from] ability: Psychic Surge|[of] p2a: Tapu Lele
|turn|25
|
|t:|1665083020
|switch|p1a: Tapu Fini|Tapu Fini|57/100
|-fieldstart|move: Misty Terrain|[from] ability: Misty Surge|[of] p1a: Tapu Fini
|move|p2a: Tapu Lele|Psychic|p1a: Tapu Fini
|-damage|p1a: Tapu Fini|10/100
|
|-heal|p1a: Tapu Fini|16/100|[from] item: Leftovers
|upkeep
|turn|26
|
|t:|1665083031
|switch|p1a: Tornadus|Tornadus-Therian, M|76/100
|move|p2a: Tapu Lele|Psychic|p1a: Tornadus
|-damage|p1a: Tornadus|5/100
|
|upkeep
|turn|27
|
|t:|1665083035
|switch|p2a: Toxapex|Toxapex, M|100/100
|move|p1a: Tornadus|Knock Off|p2a: Toxapex
|-crit|p2a: Toxapex
|-damage|p2a: Toxapex|84/100
|
|upkeep
|turn|28
|
|t:|1665083041
|switch|p1a: Ferrothorn|Ferrothorn, F|29/100
|move|p2a: Toxapex|Liquidation|p1a: Ferrothorn
|-resisted|p1a: Ferrothorn
|-crit|p1a: Ferrothorn
|-damage|p1a: Ferrothorn|14/100
|-damage|p2a: Toxapex|72/100|[from] ability: Iron Barbs|[of] p1a: Ferrothorn
|
|upkeep
|turn|29
|
|t:|1665083051
|switch|p1a: Tornadus|Tornadus-Therian, M|38/100
|move|p2a: Toxapex|Liquidation|p1a: Tornadus
|-damage|p1a: Tornadus|1/100
|
|-fieldend|Misty Terrain
|upkeep
|turn|30
|
|t:|1665083058
|switch|p1a: Tapu Fini|Tapu Fini|16/100
|-fieldstart|move: Misty Terrain|[from] ability: Misty Surge|[of] p1a: Tapu Fini
|move|p2a: Toxapex|Liquidation|p1a: Tapu Fini
|-resisted|p1a: Tapu Fini
|-damage|p1a: Tapu Fini|3/100
|
|-heal|p1a: Tapu Fini|9/100|[from] item: Leftovers
|upkeep
|turn|31
|
|t:|1665083062
|switch|p1a: Ferrothorn|Ferrothorn, F|14/100
|move|p2a: Toxapex|Gunk Shot|p1a: Ferrothorn
|-immune|p1a: Ferrothorn
|
|upkeep
|turn|32
|
|t:|1665083066
|move|p2a: Toxapex|Liquidation|p1a: Ferrothorn
|-resisted|p1a: Ferrothorn
|-damage|p1a: Ferrothorn|4/100
|-unboost|p1a: Ferrothorn|def|1
|-damage|p2a: Toxapex|60/100|[from] ability: Iron Barbs|[of] p1a: Ferrothorn
|move|p1a: Ferrothorn|Leech Seed|p2a: Toxapex
|-start|p2a: Toxapex|move: Leech Seed
|
|-damage|p2a: Toxapex|47/100|[from] Leech Seed|[of] p1a: Ferrothorn
|-heal|p1a: Ferrothorn|15/100|[silent]
|upkeep
|turn|33
|
|t:|1665083071
|switch|p2a: Heatran|Heatran, F|100/100
|move|p1a: Ferrothorn|Leech Seed|p2a: Heatran
|-start|p2a: Heatran|move: Leech Seed
|
|-damage|p2a: Heatran|88/100|[from] Leech Seed|[of] p1a: Ferrothorn
|-heal|p1a: Ferrothorn|28/100|[silent]
|upkeep
|turn|34
|
|t:|1665083077
|switch|p1a: Blacephalon|Blacephalon|100/100
|move|p2a: Heatran|Stealth Rock|p1a: Blacephalon
|-sidestart|p1: gotsnsd|move: Stealth Rock
|
|-heal|p2a: Heatran|94/100|[from] item: Leftovers
|-damage|p2a: Heatran|82/100|[from] Leech Seed|[of] p1a: Blacephalon
|-fieldend|Misty Terrain
|upkeep
|turn|35
|
|t:|1665083080
|move|p1a: Blacephalon|Shadow Ball|p2a: Heatran
|-damage|p2a: Heatran|40/100
|move|p2a: Heatran|Earth Power|p1a: Blacephalon
|-supereffective|p1a: Blacephalon
|-damage|p1a: Blacephalon|14/100
|
|-heal|p2a: Heatran|46/100|[from] item: Leftovers
|-damage|p2a: Heatran|34/100|[from] Leech Seed|[of] p1a: Blacephalon
|-heal|p1a: Blacephalon|33/100|[silent]
|upkeep
|turn|36
|
|t:|1665083086
|move|p1a: Blacephalon|Shadow Ball|p2a: Heatran
|-damage|p2a: Heatran|0 fnt
|faint|p2a: Heatran
|-ability|p1a: Blacephalon|Beast Boost|boost
|-boost|p1a: Blacephalon|spa|1
|
|upkeep
|
|t:|1665083089
|switch|p2a: Urshifu|Urshifu-Rapid-Strike, M|88/100
|turn|37
|
|t:|1665083092
|move|p2a: Urshifu|Aqua Jet|p1a: Blacephalon
|-supereffective|p1a: Blacephalon
|-damage|p1a: Blacephalon|0 fnt
|faint|p1a: Blacephalon
|
|upkeep
|
|t:|1665083095
|switch|p1a: Ferrothorn|Ferrothorn, F|28/100
|-damage|p1a: Ferrothorn|22/100|[from] Stealth Rock
|turn|38
|
|t:|1665083102
|move|p2a: Urshifu|Close Combat|p1a: Ferrothorn
|-supereffective|p1a: Ferrothorn
|-damage|p1a: Ferrothorn|0 fnt
|-unboost|p2a: Urshifu|def|1
|-unboost|p2a: Urshifu|spd|1
|-activate|p1a: Ferrothorn|ability: Iron Barbs
|-activate|p2a: Urshifu|item: Protective Pads
|faint|p1a: Ferrothorn
|
|upkeep
|
|t:|1665083105
|switch|p1a: Dragapult|Dragapult, F|33/100 psn
|-damage|p1a: Dragapult|21/100 psn|[from] Stealth Rock
|turn|39
|
|t:|1665083109
|switch|p2a: Toxapex|Toxapex, M|81/100
|move|p1a: Dragapult|U-turn|p2a: Toxapex
|-resisted|p2a: Toxapex
|-damage|p2a: Toxapex|67/100
|
|t:|1665083114
|switch|p1a: Tornadus|Tornadus-Therian, M|34/100|[from]move: U-turn
|-damage|p1a: Tornadus|10/100|[from] Stealth Rock
|
|upkeep
|turn|40
|
|t:|1665083121
|move|p1a: Tornadus|Hurricane|p2a: Toxapex
|-damage|p2a: Toxapex|35/100
|move|p2a: Toxapex|Liquidation|p1a: Tornadus
|-damage|p1a: Tornadus|0 fnt
|faint|p1a: Tornadus
|
|upkeep
|
|t:|1665083124
|switch|p1a: Dragapult|Dragapult, F|21/100 psn
|-damage|p1a: Dragapult|9/100 psn|[from] Stealth Rock
|turn|41
|
|t:|1665083130
|switch|p2a: Tapu Lele|Tapu Lele|100/100
|-fieldstart|move: Psychic Terrain|[from] ability: Psychic Surge|[of] p2a: Tapu Lele
|move|p1a: Dragapult|Phantom Force||[still]
|-prepare|p1a: Dragapult|Phantom Force
|
|-damage|p1a: Dragapult|0 fnt|[from] psn
|faint|p1a: Dragapult
|upkeep
|-message|gotsnsd forfeited.
|
|win|Cogonahorse
|raw|gotsnsd's rating: 1603 &rarr; <strong>1582</strong><br />(-21 for losing)
|raw|Cogonahorse's rating: 1590 &rarr; <strong>1611</strong><br />(+21 for winning)
|l|☆gotsnsd
