|j|☆cump6
|j|☆leaveamessage
|t:|1663879961
|gametype|singles
|player|p1|cump6|schoolkid-gen4|1698
|player|p2|leaveamessage|red-masters|1721
|teamsize|p1|6
|teamsize|p2|6
|gen|8
|tier|[Gen 8] OU
|rated|
|rule|Sleep Clause Mod: Limit one foe put to sleep
|rule|Species Clause: Limit one of each Pokémon
|rule|OHKO Clause: OHKO moves are banned
|rule|Evasion Items Clause: Evasion items are banned
|rule|Evasion Moves Clause: Evasion moves are banned
|rule|Endless Battle Clause: Forcing endless battles is banned
|rule|HP Percentage Mod: HP is shown in percentages
|rule|Dynamax Clause: You cannot dynamax
|clearpoke
|poke|p1|Swampert, M|
|poke|p1|Mandibuzz, F|
|poke|p1|Rillaboom, M|
|poke|p1|Magnezone|
|poke|p1|Tapu Lele|
|poke|p1|Dragapult, F|
|poke|p2|Landorus-Therian, M|
|poke|p2|Ferrothorn, M|
|poke|p2|Tapu Koko|
|poke|p2|Dragonite, F|
|poke|p2|Clefable, M|
|poke|p2|Volcarona, M|
|teampreview
|c|☆cump6|hf
|j| turtleisfluffy3
|j| NDHB
|
|t:|1663879990
|start
|switch|p1a: Dragapult|Dragapult, F|100/100
|switch|p2a: Ferrothorn|Ferrothorn, M|100/100
|turn|1
|
|t:|1663879995
|switch|p2a: Clefable|Clefable, M|100/100
|move|p1a: Dragapult|U-turn|p2a: Clefable
|-resisted|p2a: Clefable
|-damage|p2a: Clefable|85/100
|inactive|Battle timer is ON: inactive players will automatically lose when time's up. (requested by leaveamessage)
|
|t:|1663880002
|switch|p1a: Tapu Lele|Tapu Lele, shiny|100/100|[from]move: U-turn
|-fieldstart|move: Psychic Terrain|[from] ability: Psychic Surge|[of] p1a: Tapu Lele
|
|-heal|p2a: Clefable|91/100|[from] item: Leftovers
|upkeep
|turn|2
|
|t:|1663880010
|switch|p2a: Ferrothorn|Ferrothorn, M|100/100
|move|p1a: Tapu Lele|Psyshock|p2a: Ferrothorn
|-resisted|p2a: Ferrothorn
|-damage|p2a: Ferrothorn|75/100
|
|-heal|p2a: Ferrothorn|81/100|[from] item: Leftovers
|upkeep
|turn|3
|
|t:|1663880017
|switch|p2a: Landorus|Landorus-Therian, M|100/100
|-ability|p2a: Landorus|Intimidate|boost
|-unboost|p1a: Tapu Lele|atk|1
|move|p1a: Tapu Lele|Psyshock|p2a: Landorus
|-damage|p2a: Landorus|0 fnt
|faint|p2a: Landorus
|
|upkeep
|
|t:|1663880028
|switch|p2a: Tapu Koko|Tapu Koko|100/100
|-fieldstart|move: Electric Terrain|[from] ability: Electric Surge|[of] p2a: Tapu Koko
|turn|4
|
|t:|1663880033
|switch|p1a: Swampert|Swampert, M|100/100
|move|p2a: Tapu Koko|Toxic|p1a: Swampert
|-status|p1a: Swampert|tox
|
|-damage|p1a: Swampert|94/100 tox|[from] psn
|upkeep
|turn|5
|j| obckiller
|
|t:|1663880042
|switch|p2a: Clefable|Clefable, M|91/100
|move|p1a: Swampert|Stealth Rock|p2a: Clefable
|-sidestart|p2: leaveamessage|move: Stealth Rock
|
|-heal|p2a: Clefable|97/100|[from] item: Leftovers
|-heal|p1a: Swampert|100/100 tox|[from] item: Leftovers
|-damage|p1a: Swampert|88/100 tox|[from] psn
|upkeep
|turn|6
|
|t:|1663880047
|move|p2a: Clefable|Knock Off|p1a: Swampert
|-damage|p1a: Swampert|74/100 tox
|-enditem|p1a: Swampert|Leftovers|[from] move: Knock Off|[of] p2a: Clefable
|move|p1a: Swampert|Flip Turn|p2a: Clefable
|-damage|p2a: Clefable|80/100
|
|t:|1663880055
|switch|p1a: Tapu Lele|Tapu Lele, shiny|100/100|[from]move: Flip Turn
|-fieldstart|move: Psychic Terrain|[from] ability: Psychic Surge|[of] p1a: Tapu Lele
|
|-heal|p2a: Clefable|86/100|[from] item: Leftovers
|upkeep
|turn|7
|
|t:|1663880060
|move|p1a: Tapu Lele|Psyshock|p2a: Clefable
|-damage|p2a: Clefable|15/100
|move|p2a: Clefable|Soft-Boiled|p2a: Clefable
|-heal|p2a: Clefable|65/100
|
|-heal|p2a: Clefable|72/100|[from] item: Leftovers
|upkeep
|turn|8
|
|t:|1663880065
|switch|p1a: Magnezone|Magnezone, shiny|100/100
|switch|p2a: Ferrothorn|Ferrothorn, M|81/100
|-damage|p2a: Ferrothorn|75/100|[from] Stealth Rock
|
|-heal|p2a: Ferrothorn|81/100|[from] item: Leftovers
|upkeep
|turn|9
|
|t:|1663880071
|move|p1a: Magnezone|Iron Defense|p1a: Magnezone
|-boost|p1a: Magnezone|def|2
|move|p2a: Ferrothorn|Spikes|p1a: Magnezone
|-sidestart|p1: cump6|Spikes
|
|-heal|p2a: Ferrothorn|87/100|[from] item: Leftovers
|upkeep
|turn|10
|
|t:|1663880074
|move|p1a: Magnezone|Iron Defense|p1a: Magnezone
|-boost|p1a: Magnezone|def|2
|move|p2a: Ferrothorn|Spikes|p1a: Magnezone
|-sidestart|p1: cump6|Spikes
|
|-heal|p2a: Ferrothorn|94/100|[from] item: Leftovers
|-fieldend|move: Psychic Terrain
|upkeep
|turn|11
|
|t:|1663880077
|move|p1a: Magnezone|Body Press|p2a: Ferrothorn
|-supereffective|p2a: Ferrothorn
|-damage|p2a: Ferrothorn|0 fnt
|-damage|p1a: Magnezone|88/100|[from] ability: Iron Barbs|[of] p2a: Ferrothorn
|faint|p2a: Ferrothorn
|
|upkeep
|
|t:|1663880082
|switch|p2a: Volcarona|Volcarona, M|100/100
|turn|12
|
|t:|1663880092
|switch|p1a: Dragapult|Dragapult, F|100/100
|-damage|p1a: Dragapult|84/100|[from] Spikes
|move|p2a: Volcarona|Quiver Dance|p2a: Volcarona
|-boost|p2a: Volcarona|spa|1
|-boost|p2a: Volcarona|spd|1
|-boost|p2a: Volcarona|spe|1
|
|upkeep
|turn|13
|
|t:|1663880102
|switch|p2a: Clefable|Clefable, M|72/100
|move|p1a: Dragapult|Dragon Darts|p2a: Clefable
|-immune|p2a: Clefable
|
|-heal|p2a: Clefable|78/100|[from] item: Leftovers
|upkeep
|turn|14
|
|t:|1663880109
|switch|p1a: Mandibuzz|Mandibuzz, F|100/100
|move|p2a: Clefable|Knock Off|p1a: Mandibuzz
|-resisted|p1a: Mandibuzz
|-damage|p1a: Mandibuzz|97/100
|-enditem|p1a: Mandibuzz|Heavy-Duty Boots|[from] move: Knock Off|[of] p2a: Clefable
|
|-heal|p2a: Clefable|84/100|[from] item: Leftovers
|upkeep
|turn|15
|j| 0SiegeWarfare
|
|t:|1663880117
|move|p1a: Mandibuzz|Defog|p2a: Clefable
|-unboost|p2a: Clefable|evasion|1
|-sideend|p2: leaveamessage|Stealth Rock|[from] move: Defog|[of] p1a: Mandibuzz
|-sideend|p1: cump6|Spikes|[from] move: Defog|[of] p1a: Mandibuzz
|move|p2a: Clefable|Moonblast|p1a: Mandibuzz
|-supereffective|p1a: Mandibuzz
|-damage|p1a: Mandibuzz|45/100
|-unboost|p1a: Mandibuzz|spa|1
|
|-heal|p2a: Clefable|90/100|[from] item: Leftovers
|upkeep
|turn|16
|
|t:|1663880127
|move|p1a: Mandibuzz|Roost|p1a: Mandibuzz
|-heal|p1a: Mandibuzz|95/100
|-singleturn|p1a: Mandibuzz|move: Roost
|move|p2a: Clefable|Knock Off|p1a: Mandibuzz
|-resisted|p1a: Mandibuzz
|-damage|p1a: Mandibuzz|93/100
|
|-heal|p2a: Clefable|96/100|[from] item: Leftovers
|upkeep
|turn|17
|
|t:|1663880131
|move|p1a: Mandibuzz|U-turn|p2a: Clefable
|-resisted|p2a: Clefable
|-damage|p2a: Clefable|92/100
|
|t:|1663880133
|switch|p1a: Swampert|Swampert, M|74/100 tox|[from]move: U-turn
|move|p2a: Clefable|Knock Off|p1a: Swampert
|-damage|p1a: Swampert|65/100 tox
|
|-heal|p2a: Clefable|98/100|[from] item: Leftovers
|-damage|p1a: Swampert|59/100 tox|[from] psn
|upkeep
|turn|18
|
|t:|1663880139
|switch|p2a: Dragonite|Dragonite, F|100/100
|move|p1a: Swampert|Flip Turn|p2a: Dragonite
|-resisted|p2a: Dragonite
|-damage|p2a: Dragonite|96/100
|
|t:|1663880148
|switch|p1a: Tapu Lele|Tapu Lele, shiny|100/100|[from]move: Flip Turn
|-fieldstart|move: Psychic Terrain|[from] ability: Psychic Surge|[of] p1a: Tapu Lele
|
|upkeep
|turn|19
|
|t:|1663880156
|move|p1a: Tapu Lele|Psyshock|p2a: Dragonite
|-damage|p2a: Dragonite|20/100
|move|p2a: Dragonite|Dragon Dance|p2a: Dragonite
|-boost|p2a: Dragonite|atk|1
|-boost|p2a: Dragonite|spe|1
|
|upkeep
|turn|20
|
|t:|1663880164
|switch|p1a: Mandibuzz|Mandibuzz, F|93/100
|move|p2a: Dragonite|Dual Wingbeat|p1a: Mandibuzz
|-damage|p1a: Mandibuzz|76/100
|-damage|p1a: Mandibuzz|61/100
|-hitcount|p1a: Mandibuzz|2
|
|upkeep
|turn|21
|
|t:|1663880172
|switch|p2a: Tapu Koko|Tapu Koko|100/100
|-fieldstart|move: Electric Terrain|[from] ability: Electric Surge|[of] p2a: Tapu Koko
|move|p1a: Mandibuzz|Foul Play|p2a: Tapu Koko
|-resisted|p2a: Tapu Koko
|-damage|p2a: Tapu Koko|82/100
|
|upkeep
|turn|22
|
|t:|1663880177
|switch|p1a: Swampert|Swampert, M|59/100 tox
|move|p2a: Tapu Koko|Dazzling Gleam|p1a: Swampert
|-damage|p1a: Swampert|37/100 tox
|
|-damage|p1a: Swampert|30/100 tox|[from] psn
|upkeep
|turn|23
|
|t:|1663880185
|switch|p2a: Dragonite|Dragonite, F|20/100
|move|p1a: Swampert|Flip Turn|p2a: Dragonite
|-resisted|p2a: Dragonite
|-damage|p2a: Dragonite|9/100
|
|t:|1663880194
|switch|p1a: Tapu Lele|Tapu Lele, shiny|100/100|[from]move: Flip Turn
|-fieldstart|move: Psychic Terrain|[from] ability: Psychic Surge|[of] p1a: Tapu Lele
|
|upkeep
|turn|24
|
|t:|1663880198
|move|p1a: Tapu Lele|Psyshock|p2a: Dragonite
|-damage|p2a: Dragonite|0 fnt
|faint|p2a: Dragonite
|
|upkeep
|
|t:|1663880204
|switch|p2a: Tapu Koko|Tapu Koko|82/100
|-fieldstart|move: Electric Terrain|[from] ability: Electric Surge|[of] p2a: Tapu Koko
|turn|25
|
|t:|1663880212
|switch|p1a: Swampert|Swampert, M|30/100 tox
|move|p2a: Tapu Koko|Dazzling Gleam|p1a: Swampert
|-damage|p1a: Swampert|8/100 tox
|
|-damage|p1a: Swampert|2/100 tox|[from] psn
|upkeep
|turn|26
|
|t:|1663880216
|move|p2a: Tapu Koko|Dazzling Gleam|p1a: Swampert
|-damage|p1a: Swampert|0 fnt
|faint|p1a: Swampert
|
|upkeep
|
|t:|1663880229
|switch|p1a: Rillaboom|Rillaboom, M|100/100
|-fieldstart|move: Grassy Terrain|[from] ability: Grassy Surge|[of] p1a: Rillaboom
|turn|27
|
|t:|1663880235
|move|p1a: Rillaboom|Grassy Glide|p2a: Tapu Koko
|-damage|p2a: Tapu Koko|0 fnt
|faint|p2a: Tapu Koko
|
|upkeep
|
|t:|1663880238
|switch|p2a: Volcarona|Volcarona, M|100/100
|turn|28
|
|t:|1663880242
|switch|p1a: Dragapult|Dragapult, F|84/100
|move|p2a: Volcarona|Quiver Dance|p2a: Volcarona
|-boost|p2a: Volcarona|spa|1
|-boost|p2a: Volcarona|spd|1
|-boost|p2a: Volcarona|spe|1
|
|-heal|p1a: Dragapult|90/100|[from] Grassy Terrain
|upkeep
|turn|29
|
|t:|1663880247
|move|p2a: Volcarona|Quiver Dance|p2a: Volcarona
|-boost|p2a: Volcarona|spa|1
|-boost|p2a: Volcarona|spd|1
|-boost|p2a: Volcarona|spe|1
|move|p1a: Dragapult|Dragon Darts|p2a: Volcarona
|-damage|p2a: Volcarona|46/100
|-anim|p1a: Dragapult|Dragon Darts|p2a: Volcarona
|-damage|p2a: Volcarona|0 fnt
|faint|p2a: Volcarona
|
|-heal|p1a: Dragapult|96/100|[from] Grassy Terrain
|upkeep
|
|t:|1663880251
|switch|p2a: Clefable|Clefable, M|98/100
|turn|30
|-message|leaveamessage forfeited.
|
|win|cump6
|raw|cump6's rating: 1698 &rarr; <strong>1719</strong><br />(+21 for winning)
|raw|leaveamessage's rating: 1721 &rarr; <strong>1700</strong><br />(-21 for losing)
|l|☆leaveamessage
|c|☆cump6|gg
|l|☆cump6
