|j|☆JooshP
|j|☆eeNiKuY
|t:|1653468375
|gametype|singles
|player|p1|JooshP|red|1656
|player|p2|eeNiKuY|silver|1730
|teamsize|p1|6
|teamsize|p2|6
|gen|8
|tier|[Gen 8] OU
|rated|
|rule|Sleep Clause Mod: Limit one foe put to sleep
|rule|Species Clause: Limit one of each Pokémon
|rule|OHKO Clause: OHKO moves are banned
|rule|Evasion Moves Clause: Evasion moves are banned
|rule|Endless Battle Clause: Forcing endless battles is banned
|rule|HP Percentage Mod: HP is shown in percentages
|rule|Dynamax Clause: You cannot dynamax
|clearpoke
|poke|p1|Blacephalon|
|poke|p1|Tornadus-Therian, M|
|poke|p1|Skarmory, M|
|poke|p1|Slowking-Galar, F|
|poke|p1|Garchomp, F|
|poke|p1|Gyarados, M|
|poke|p2|Landorus-Therian, M|
|poke|p2|Weavile, M|
|poke|p2|Ferrothorn, M|
|poke|p2|Zapdos|
|poke|p2|Urshifu-*, M|
|poke|p2|Volcarona, M|
|teampreview
|inactive|Battle timer is ON: inactive players will automatically lose when time's up. (requested by eeNiKuY)
|
|t:|1653468390
|start
|switch|p1a: Tornadus|Tornadus-Therian, M|100/100
|switch|p2a: Zapdos|Zapdos|100/100
|turn|1
|j| puppetsxh
|
|t:|1653468403
|switch|p1a: Slowking|Slowking-Galar, F|100/100
|move|p2a: Zapdos|Thunderbolt|p1a: Slowking
|-damage|p1a: Slowking|67/100
|
|upkeep
|turn|2
|
|t:|1653468414
|move|p2a: Zapdos|Thunderbolt|p1a: Slowking
|-damage|p1a: Slowking|37/100
|move|p1a: Slowking|Future Sight|p2a: Zapdos
|-start|p1a: Slowking|move: Future Sight
|
|upkeep
|turn|3
|
|t:|1653468420
|switch|p2a: Landorus|Landorus-Therian, M|100/100
|-ability|p2a: Landorus|Intimidate|boost
|-unboost|p1a: Slowking|atk|1
|move|p1a: Slowking|Scald|p2a: Landorus
|-supereffective|p2a: Landorus
|-damage|p2a: Landorus|68/100
|
|-heal|p2a: Landorus|74/100|[from] item: Leftovers
|upkeep
|turn|4
|
|t:|1653468426
|switch|p1a: Skarmory|Skarmory, M|100/100
|move|p2a: Landorus|U-turn|p1a: Skarmory
|-resisted|p1a: Skarmory
|-damage|p1a: Skarmory|97/100
|-damage|p2a: Landorus|57/100|[from] item: Rocky Helmet|[of] p1a: Skarmory
|
|t:|1653468427
|switch|p2a: Ferrothorn|Ferrothorn, M|100/100|[from]move: U-turn
|
|-end|p2a: Ferrothorn|move: Future Sight
|-resisted|p2a: Ferrothorn
|-crit|p2a: Ferrothorn
|-damage|p2a: Ferrothorn|66/100
|-heal|p2a: Ferrothorn|72/100|[from] item: Leftovers
|upkeep
|turn|5
|
|t:|1653468432
|move|p1a: Skarmory|Body Press|p2a: Ferrothorn
|-supereffective|p2a: Ferrothorn
|-damage|p2a: Ferrothorn|37/100
|-damage|p1a: Skarmory|85/100|[from] ability: Iron Barbs|[of] p2a: Ferrothorn
|move|p2a: Ferrothorn|Leech Seed|p1a: Skarmory
|-start|p1a: Skarmory|move: Leech Seed
|
|-heal|p2a: Ferrothorn|43/100|[from] item: Leftovers
|-damage|p1a: Skarmory|72/100|[from] Leech Seed|[of] p2a: Ferrothorn
|-heal|p2a: Ferrothorn|55/100|[silent]
|upkeep
|turn|6
|
|t:|1653468436
|switch|p1a: Blacephalon|Blacephalon|100/100
|move|p2a: Ferrothorn|Stealth Rock|p1a: Blacephalon
|-sidestart|p1: JooshP|move: Stealth Rock
|
|-heal|p2a: Ferrothorn|61/100|[from] item: Leftovers
|upkeep
|turn|7
|
|t:|1653468441
|switch|p2a: Volcarona|Volcarona, M|100/100
|move|p1a: Blacephalon|Flamethrower|p2a: Volcarona
|-damage|p2a: Volcarona|64/100
|
|upkeep
|turn|8
|
|t:|1653468446
|switch|p1a: Garchomp|Garchomp, F|100/100
|-damage|p1a: Garchomp|94/100|[from] Stealth Rock
|move|p2a: Volcarona|Roost|p2a: Volcarona
|-heal|p2a: Volcarona|100/100
|-singleturn|p2a: Volcarona|move: Roost
|
|-heal|p1a: Garchomp|100/100|[from] item: Leftovers
|upkeep
|turn|9
|
|t:|1653468450
|switch|p2a: Zapdos|Zapdos|100/100
|move|p1a: Garchomp|Stealth Rock|p2a: Zapdos
|-sidestart|p2: eeNiKuY|move: Stealth Rock
|
|upkeep
|turn|10
|
|t:|1653468453
|switch|p1a: Slowking|Slowking-Galar, F|71/100
|-damage|p1a: Slowking|58/100|[from] Stealth Rock
|move|p2a: Zapdos|Hurricane|p1a: Slowking
|-damage|p1a: Slowking|20/100
|
|upkeep
|turn|11
|
|t:|1653468460
|move|p2a: Zapdos|Hurricane|p1a: Slowking
|-damage|p1a: Slowking|0 fnt
|faint|p1a: Slowking
|
|upkeep
|
|t:|1653468464
|switch|p1a: Garchomp|Garchomp, F|100/100
|-damage|p1a: Garchomp|94/100|[from] Stealth Rock
|turn|12
|j| Wemix
|
|t:|1653468466
|move|p1a: Garchomp|Stone Edge|p2a: Zapdos
|-supereffective|p2a: Zapdos
|-damage|p2a: Zapdos|15/100
|move|p2a: Zapdos|Hurricane|p1a: Garchomp
|-damage|p1a: Garchomp|0 fnt
|faint|p1a: Garchomp
|
|upkeep
|
|t:|1653468473
|switch|p1a: Blacephalon|Blacephalon|100/100
|-damage|p1a: Blacephalon|76/100|[from] Stealth Rock
|turn|13
|
|t:|1653468475
|switch|p2a: Volcarona|Volcarona, M|100/100
|move|p1a: Blacephalon|Shadow Ball|p2a: Volcarona
|-damage|p2a: Volcarona|66/100
|
|upkeep
|turn|14
|
|t:|1653468480
|switch|p1a: Gyarados|Gyarados, M|100/100
|-ability|p1a: Gyarados|Intimidate|boost
|-unboost|p2a: Volcarona|atk|1
|move|p2a: Volcarona|Roost|p2a: Volcarona
|-heal|p2a: Volcarona|100/100
|-singleturn|p2a: Volcarona|move: Roost
|
|upkeep
|turn|15
|
|t:|1653468485
|switch|p1a: Tornadus|Tornadus-Therian, M|100/100
|switch|p2a: Ferrothorn|Ferrothorn, M|61/100
|-damage|p2a: Ferrothorn|55/100|[from] Stealth Rock
|
|-heal|p2a: Ferrothorn|61/100|[from] item: Leftovers
|upkeep
|turn|16
|
|t:|1653468494
|switch|p2a: Zapdos|Zapdos|15/100
|-damage|p2a: Zapdos|0 fnt|[from] Stealth Rock
|faint|p2a: Zapdos
|move|p1a: Tornadus|Knock Off|p2: Zapdos|[notarget]
|-fail|p1a: Tornadus
|
|upkeep
|
|t:|1653468497
|switch|p2a: Weavile|Weavile, M|100/100
|-damage|p2a: Weavile|76/100|[from] Stealth Rock
|-ability|p2a: Weavile|Pressure
|turn|17
|
|t:|1653468504
|switch|p1a: Skarmory|Skarmory, M|72/100
|-damage|p1a: Skarmory|60/100|[from] Stealth Rock
|move|p2a: Weavile|Icicle Crash|p1a: Skarmory
|-damage|p1a: Skarmory|23/100
|
|upkeep
|turn|18
|
|t:|1653468508
|move|p2a: Weavile|Icicle Crash|p1a: Skarmory
|-damage|p1a: Skarmory|0 fnt
|faint|p1a: Skarmory
|
|upkeep
|
|t:|1653468510
|switch|p1a: Blacephalon|Blacephalon|76/100
|-damage|p1a: Blacephalon|51/100|[from] Stealth Rock
|turn|19
|
|t:|1653468514
|switch|p1a: Gyarados|Gyarados, M|100/100
|-ability|p1a: Gyarados|Intimidate|boost
|-unboost|p2a: Weavile|atk|1
|switch|p2a: Volcarona|Volcarona, M|100/100
|
|upkeep
|turn|20
|
|t:|1653468522
|switch|p2a: Ferrothorn|Ferrothorn, M|61/100
|-damage|p2a: Ferrothorn|55/100|[from] Stealth Rock
|move|p1a: Gyarados|Dragon Dance|p1a: Gyarados
|-boost|p1a: Gyarados|atk|1
|-boost|p1a: Gyarados|spe|1
|
|-heal|p2a: Ferrothorn|61/100|[from] item: Leftovers
|upkeep
|turn|21
|
|t:|1653468525
|move|p1a: Gyarados|Earthquake|p2a: Ferrothorn
|-damage|p2a: Ferrothorn|34/100
|move|p2a: Ferrothorn|Iron Defense|p2a: Ferrothorn
|-boost|p2a: Ferrothorn|def|2
|
|-heal|p2a: Ferrothorn|40/100|[from] item: Leftovers
|upkeep
|turn|22
|
|t:|1653468529
|switch|p1a: Tornadus|Tornadus-Therian, M|100/100
|move|p2a: Ferrothorn|Leech Seed|p1a: Tornadus
|-start|p1a: Tornadus|move: Leech Seed
|
|-heal|p2a: Ferrothorn|46/100|[from] item: Leftovers
|-damage|p1a: Tornadus|88/100|[from] Leech Seed|[of] p2a: Ferrothorn
|-heal|p2a: Ferrothorn|58/100|[silent]
|upkeep
|turn|23
|
|t:|1653468539
|switch|p2a: Landorus|Landorus-Therian, M|57/100
|-damage|p2a: Landorus|45/100|[from] Stealth Rock
|-ability|p2a: Landorus|Intimidate|boost
|-unboost|p1a: Tornadus|atk|1
|move|p1a: Tornadus|Knock Off|p2a: Landorus
|-damage|p2a: Landorus|32/100
|-enditem|p2a: Landorus|Leftovers|[from] move: Knock Off|[of] p1a: Tornadus
|
|-damage|p1a: Tornadus|76/100|[from] Leech Seed|[of] p2a: Landorus
|-heal|p2a: Landorus|44/100|[silent]
|upkeep
|turn|24
|
|t:|1653468544
|move|p1a: Tornadus|Hurricane|p2a: Landorus
|-damage|p2a: Landorus|14/100
|move|p2a: Landorus|U-turn|p1a: Tornadus
|-resisted|p1a: Tornadus
|-damage|p1a: Tornadus|63/100
|
|t:|1653468547
|switch|p2a: Weavile|Weavile, M|76/100|[from]move: U-turn
|-damage|p2a: Weavile|51/100|[from] Stealth Rock
|-ability|p2a: Weavile|Pressure
|
|-damage|p1a: Tornadus|51/100|[from] Leech Seed|[of] p2a: Weavile
|-heal|p2a: Weavile|67/100|[silent]
|upkeep
|turn|25
|
|t:|1653468550
|move|p2a: Weavile|Icicle Crash|p1a: Tornadus|[miss]
|-miss|p2a: Weavile|p1a: Tornadus
|move|p1a: Tornadus|U-turn|p2a: Weavile
|-supereffective|p2a: Weavile
|-damage|p2a: Weavile|33/100
|
|t:|1653468553
|switch|p1a: Gyarados|Gyarados, M|100/100|[from]move: U-turn
|-ability|p1a: Gyarados|Intimidate|boost
|-unboost|p2a: Weavile|atk|1
|
|upkeep
|turn|26
|
|t:|1653468568
|switch|p1a: Tornadus|Tornadus-Therian, M|84/100
|move|p2a: Weavile|Icicle Crash|p1a: Tornadus
|-supereffective|p1a: Tornadus
|-damage|p1a: Tornadus|0 fnt
|faint|p1a: Tornadus
|
|upkeep
|
|t:|1653468569
|switch|p1a: Gyarados|Gyarados, M|100/100
|-ability|p1a: Gyarados|Intimidate|boost
|-unboost|p2a: Weavile|atk|1
|turn|27
|
|t:|1653468571
|switch|p2a: Ferrothorn|Ferrothorn, M|58/100
|-damage|p2a: Ferrothorn|52/100|[from] Stealth Rock
|move|p1a: Gyarados|Dragon Dance|p1a: Gyarados
|-boost|p1a: Gyarados|atk|1
|-boost|p1a: Gyarados|spe|1
|
|-heal|p2a: Ferrothorn|58/100|[from] item: Leftovers
|upkeep
|turn|28
|
|t:|1653468573
|move|p1a: Gyarados|Earthquake|p2a: Ferrothorn
|-damage|p2a: Ferrothorn|28/100
|move|p2a: Ferrothorn|Iron Defense|p2a: Ferrothorn
|-boost|p2a: Ferrothorn|def|2
|
|-heal|p2a: Ferrothorn|34/100|[from] item: Leftovers
|upkeep
|turn|29
|
|t:|1653468577
|switch|p1a: Blacephalon|Blacephalon|51/100
|-damage|p1a: Blacephalon|26/100|[from] Stealth Rock
|move|p2a: Ferrothorn|Leech Seed|p1a: Blacephalon
|-start|p1a: Blacephalon|move: Leech Seed
|
|-heal|p2a: Ferrothorn|40/100|[from] item: Leftovers
|-damage|p1a: Blacephalon|14/100|[from] Leech Seed|[of] p2a: Ferrothorn
|-heal|p2a: Ferrothorn|49/100|[silent]
|upkeep
|turn|30
|
|t:|1653468595
|switch|p2a: Urshifu|Urshifu-Rapid-Strike, M|100/100
|-damage|p2a: Urshifu|94/100|[from] Stealth Rock
|move|p1a: Blacephalon|Trick|p2a: Urshifu
|-activate|p1a: Blacephalon|move: Trick|[of] p2a: Urshifu
|-item|p2a: Urshifu|Choice Scarf|[from] move: Trick
|-item|p1a: Blacephalon|Protective Pads|[from] move: Trick
|
|-damage|p1a: Blacephalon|2/100|[from] Leech Seed|[of] p2a: Urshifu
|-heal|p2a: Urshifu|100/100|[silent]
|upkeep
|turn|31
|
|t:|1653468600
|move|p2a: Urshifu|U-turn|p1a: Blacephalon
|-resisted|p1a: Blacephalon
|-damage|p1a: Blacephalon|0 fnt
|faint|p1a: Blacephalon
|
|t:|1653468602
|switch|p2a: Weavile|Weavile, M|33/100|[from]move: U-turn
|-damage|p2a: Weavile|8/100|[from] Stealth Rock
|-ability|p2a: Weavile|Pressure
|
|upkeep
|
|t:|1653468606
|switch|p1a: Gyarados|Gyarados, M|100/100
|-ability|p1a: Gyarados|Intimidate|boost
|-unboost|p2a: Weavile|atk|1
|turn|32
|
|t:|1653468608
|move|p2a: Weavile|Knock Off|p1a: Gyarados
|-damage|p1a: Gyarados|44/100
|-enditem|p1a: Gyarados|Heavy-Duty Boots|[from] move: Knock Off|[of] p2a: Weavile
|move|p1a: Gyarados|Dragon Dance|p1a: Gyarados
|-boost|p1a: Gyarados|atk|1
|-boost|p1a: Gyarados|spe|1
|
|upkeep
|turn|33
|
|t:|1653468617
|move|p1a: Gyarados|Dragon Dance|p1a: Gyarados
|-boost|p1a: Gyarados|atk|1
|-boost|p1a: Gyarados|spe|1
|move|p2a: Weavile|Knock Off|p1a: Gyarados
|-damage|p1a: Gyarados|7/100
|
|upkeep
|turn|34
|
|t:|1653468622
|move|p1a: Gyarados|Earthquake|p2a: Weavile
|-damage|p2a: Weavile|0 fnt
|faint|p2a: Weavile
|
|upkeep
|
|t:|1653468623
|switch|p2a: Urshifu|Urshifu-Rapid-Strike, M|100/100
|-damage|p2a: Urshifu|94/100|[from] Stealth Rock
|turn|35
|
|t:|1653468626
|move|p2a: Urshifu|Aqua Jet|p1a: Gyarados
|-resisted|p1a: Gyarados
|-damage|p1a: Gyarados|0 fnt
|faint|p1a: Gyarados
|
|win|eeNiKuY
|raw|JooshP's rating: 1656 &rarr; <strong>1640</strong><br />(-16 for losing)
|raw|eeNiKuY's rating: 1730 &rarr; <strong>1746</strong><br />(+16 for winning)
|l|☆JooshP
