|j|☆Sww-Suwa
|j|☆eelektrik funeral
|inactive|Battle timer is ON: inactive players will automatically lose when time's up.
|t:|1661367853
|gametype|singles
|player|p1|Sww-Suwa|dawn-masters|
|player|p2|eelektrik funeral|workerice|
|teamsize|p1|3
|teamsize|p2|3
|gen|8
|tier|[Gen 8] OU
|rated|Tournament battle
|rule|Sleep Clause Mod: Limit one foe put to sleep
|rule|OHKO Clause: OHKO moves are banned
|rule|Evasion Items Clause: Evasion items are banned
|rule|Evasion Moves Clause: Evasion moves are banned
|rule|Endless Battle Clause: Forcing endless battles is banned
|rule|HP Percentage Mod: HP is shown in percentages
|rule|Dynamax Clause: You cannot dynamax
|clearpoke
|poke|p1|Jirachi|
|poke|p1|Jirachi|
|poke|p1|Jirachi|
|poke|p2|Jirachi|
|poke|p2|Jirachi|
|poke|p2|Jirachi|
|teampreview
|j| Illiad_Appignani
|c|☆Sww-Suwa|hf
|j| TR23
|
|t:|1661367860
|start
|switch|p1a: Jirachi|Jirachi|100/100
|switch|p2a: Jirachi|Jirachi|100/100
|turn|1
|c| Illiad_Appignani|LETS GOO
|j| 3ch09
|
|t:|1661367866
|move|p1a: Jirachi|Trick|p2a: Jirachi
|-activate|p1a: Jirachi|move: Trick|[of] p2a: Jirachi
|-item|p2a: Jirachi|Choice Scarf|[from] move: Trick
|-item|p1a: Jirachi|Choice Scarf|[from] move: Trick
|move|p2a: Jirachi|Thunder Wave|p1a: Jirachi|[miss]
|-miss|p2a: Jirachi|p1a: Jirachi
|
|upkeep
|turn|2
|c| TR23|i knew the goat would be here
|j| Arcanine1929
|j| charleston chu
|j| TheNewBrends11
|j| tytyui↻
|
|t:|1661367883
|move|p1a: Jirachi|Thunder Wave|p2a: Jirachi
|-status|p2a: Jirachi|par
|move|p2a: Jirachi|Thunder Wave|p1a: Jirachi
|-status|p1a: Jirachi|par
|
|upkeep
|turn|3
|c|☆Sww-Suwa|bro
|c|☆Sww-Suwa|i wasnt paying attention
|c|☆Sww-Suwa|why are you scarf too
|c|☆Sww-Suwa|lmao
|j| Forwards
|inactive|eelektrik funeral has 120 seconds left.
|c| TR23|get scarfed
|
|t:|1661367923
|switch|p2a: Jirachi|Jirachi|100/100
|cant|p1a: Jirachi|par
|
|upkeep
|turn|4
|
|t:|1661367927
|move|p2a: Jirachi|Calm Mind|p2a: Jirachi
|-boost|p2a: Jirachi|spa|1
|-boost|p2a: Jirachi|spd|1
|move|p1a: Jirachi|Thunder Wave|p2a: Jirachi
|-status|p2a: Jirachi|par
|
|upkeep
|turn|5
|
|t:|1661367929
|switch|p1a: Jirachi|Jirachi|100/100
|move|p2a: Jirachi|Iron Defense|p2a: Jirachi
|-boost|p2a: Jirachi|def|2
|
|upkeep
|turn|6
|
|t:|1661367932
|move|p1a: Jirachi|Trick|p2a: Jirachi
|-activate|p1a: Jirachi|move: Trick|[of] p2a: Jirachi
|-item|p2a: Jirachi|Choice Scarf|[from] move: Trick
|-item|p1a: Jirachi|Leftovers|[from] move: Trick
|move|p2a: Jirachi|Shadow Ball|p1a: Jirachi
|-supereffective|p1a: Jirachi
|-damage|p1a: Jirachi|44/100
|-unboost|p1a: Jirachi|spd|1
|
|-heal|p1a: Jirachi|50/100|[from] item: Leftovers
|upkeep
|turn|7
|
|t:|1661367947
|move|p1a: Jirachi|Shadow Ball|p2a: Jirachi
|-supereffective|p2a: Jirachi
|-damage|p2a: Jirachi|76/100 par
|cant|p2a: Jirachi|par
|
|-heal|p1a: Jirachi|56/100|[from] item: Leftovers
|upkeep
|turn|8
|c| charleston chu|oh damn
|
|t:|1661367955
|move|p1a: Jirachi|Shadow Ball|p2a: Jirachi
|-supereffective|p2a: Jirachi
|-damage|p2a: Jirachi|50/100 par
|move|p2a: Jirachi|Shadow Ball|p1a: Jirachi
|-supereffective|p1a: Jirachi
|-damage|p1a: Jirachi|0 fnt
|faint|p1a: Jirachi
|
|upkeep
|
|t:|1661367966
|switch|p1a: Jirachi|Jirachi, shiny|100/100
|turn|9
|
|t:|1661367973
|move|p1a: Jirachi|Calm Mind|p1a: Jirachi
|-boost|p1a: Jirachi|spa|1
|-boost|p1a: Jirachi|spd|1
|move|p2a: Jirachi|Shadow Ball|p1a: Jirachi
|-supereffective|p1a: Jirachi
|-damage|p1a: Jirachi|63/100
|-unboost|p1a: Jirachi|spd|1
|
|-heal|p1a: Jirachi|69/100|[from] item: Leftovers
|upkeep
|turn|10
|
|t:|1661367979
|move|p1a: Jirachi|Protect|p1a: Jirachi
|-singleturn|p1a: Jirachi|Protect
|move|p2a: Jirachi|Shadow Ball|p1a: Jirachi
|-activate|p1a: Jirachi|move: Protect
|
|-heal|p1a: Jirachi|75/100|[from] item: Leftovers
|upkeep
|turn|11
|
|t:|1661367987
|move|p1a: Jirachi|Shadow Ball|p2a: Jirachi
|-supereffective|p2a: Jirachi
|-damage|p2a: Jirachi|10/100 par
|cant|p2a: Jirachi|par
|
|-heal|p1a: Jirachi|81/100|[from] item: Leftovers
|upkeep
|turn|12
|j| fa kin nob tem
|
|t:|1661367996
|move|p1a: Jirachi|Protect|p1a: Jirachi
|-singleturn|p1a: Jirachi|Protect
|move|p2a: Jirachi|Shadow Ball|p1a: Jirachi
|-activate|p1a: Jirachi|move: Protect
|
|-heal|p1a: Jirachi|88/100|[from] item: Leftovers
|upkeep
|turn|13
|
|t:|1661368000
|move|p1a: Jirachi|Calm Mind|p1a: Jirachi
|-boost|p1a: Jirachi|spa|1
|-boost|p1a: Jirachi|spd|1
|move|p2a: Jirachi|Shadow Ball|p1a: Jirachi
|-supereffective|p1a: Jirachi
|-damage|p1a: Jirachi|49/100
|
|-heal|p1a: Jirachi|55/100|[from] item: Leftovers
|upkeep
|turn|14
|
|t:|1661368008
|move|p1a: Jirachi|Protect|p1a: Jirachi
|-singleturn|p1a: Jirachi|Protect
|move|p2a: Jirachi|Shadow Ball|p1a: Jirachi
|-activate|p1a: Jirachi|move: Protect
|
|-heal|p1a: Jirachi|61/100|[from] item: Leftovers
|upkeep
|turn|15
|
|t:|1661368012
|move|p1a: Jirachi|Shadow Ball|p2a: Jirachi
|-supereffective|p2a: Jirachi
|-damage|p2a: Jirachi|0 fnt
|faint|p2a: Jirachi
|
|-heal|p1a: Jirachi|67/100|[from] item: Leftovers
|upkeep
|
|t:|1661368015
|switch|p2a: Jirachi|Jirachi|100/100 par
|turn|16
|
|t:|1661368019
|move|p1a: Jirachi|Protect|p1a: Jirachi
|-singleturn|p1a: Jirachi|Protect
|move|p2a: Jirachi|Trick|p1a: Jirachi
|-activate|p1a: Jirachi|move: Protect
|
|-heal|p1a: Jirachi|74/100|[from] item: Leftovers
|upkeep
|turn|17
|
|t:|1661368027
|switch|p1a: Jirachi|Jirachi|100/100 par
|move|p2a: Jirachi|Trick|p1a: Jirachi
|-activate|p2a: Jirachi|move: Trick|[of] p1a: Jirachi
|-item|p1a: Jirachi|Choice Scarf|[from] move: Trick
|-item|p2a: Jirachi|Choice Scarf|[from] move: Trick
|
|upkeep
|turn|18
|
|t:|1661368033
|move|p1a: Jirachi|Healing Wish|p1a: Jirachi
|faint|p1a: Jirachi
|move|p2a: Jirachi|Fire Punch|p1: Jirachi|[notarget]
|-fail|p2a: Jirachi
|
|upkeep
|
|t:|1661368038
|switch|p1a: Jirachi|Jirachi, shiny|74/100
|-heal|p1a: Jirachi|100/100|[from] move: Healing Wish
|turn|19
|
|t:|1661368041
|move|p1a: Jirachi|Iron Defense|p1a: Jirachi
|-boost|p1a: Jirachi|def|2
|move|p2a: Jirachi|Fire Punch|p1a: Jirachi
|-supereffective|p1a: Jirachi
|-damage|p1a: Jirachi|83/100
|
|-heal|p1a: Jirachi|89/100|[from] item: Leftovers
|upkeep
|turn|20
|
|t:|1661368045
|switch|p2a: Jirachi|Jirachi|100/100
|move|p1a: Jirachi|Calm Mind|p1a: Jirachi
|-boost|p1a: Jirachi|spa|1
|-boost|p1a: Jirachi|spd|1
|
|-heal|p1a: Jirachi|95/100|[from] item: Leftovers
|upkeep
|turn|21
|
|t:|1661368048
|move|p1a: Jirachi|Shadow Ball|p2a: Jirachi
|-supereffective|p2a: Jirachi
|-damage|p2a: Jirachi|35/100
|move|p2a: Jirachi|Imprison|p2a: Jirachi
|-start|p2a: Jirachi|move: Imprison
|
|-heal|p2a: Jirachi|41/100|[from] item: Leftovers
|-heal|p1a: Jirachi|100/100|[from] item: Leftovers
|upkeep
|turn|22
|c|☆Sww-Suwa|wtf
|c| TR23|lmao
|
|t:|1661368064
|move|p2a: Jirachi|Shadow Ball|p1a: Jirachi
|-supereffective|p1a: Jirachi
|-damage|p1a: Jirachi|68/100
|-unboost|p1a: Jirachi|spd|1
|move|p1a: Jirachi|Iron Defense|p1a: Jirachi
|-boost|p1a: Jirachi|def|2
|
|-heal|p2a: Jirachi|47/100|[from] item: Leftovers
|-heal|p1a: Jirachi|74/100|[from] item: Leftovers
|upkeep
|turn|23
|c| Arcanine1929|gg
|c| charleston chu|literally hacked
|c|☆eelektrik funeral|gg
|
|t:|1661368075
|move|p1a: Jirachi|Protect|p1a: Jirachi
|-singleturn|p1a: Jirachi|Protect
|move|p2a: Jirachi|Shadow Ball|p1a: Jirachi
|-activate|p1a: Jirachi|move: Protect
|
|-heal|p1a: Jirachi|80/100|[from] item: Leftovers
|-heal|p2a: Jirachi|53/100|[from] item: Leftovers
|upkeep
|turn|24
|
|t:|1661368080
|move|p1a: Jirachi|Calm Mind|p1a: Jirachi
|-boost|p1a: Jirachi|spa|1
|-boost|p1a: Jirachi|spd|1
|move|p2a: Jirachi|Shadow Ball|p1a: Jirachi
|-supereffective|p1a: Jirachi
|-damage|p1a: Jirachi|50/100
|
|-heal|p2a: Jirachi|59/100|[from] item: Leftovers
|-heal|p1a: Jirachi|56/100|[from] item: Leftovers
|upkeep
|turn|25
|j|@Srn
|inactive|eelektrik funeral has 120 seconds left.
|
|t:|1661368112
|move|p1a: Jirachi|Protect|p1a: Jirachi
|-singleturn|p1a: Jirachi|Protect
|move|p2a: Jirachi|Shadow Ball|p1a: Jirachi
|-activate|p1a: Jirachi|move: Protect
|
|-heal|p1a: Jirachi|62/100|[from] item: Leftovers
|-heal|p2a: Jirachi|66/100|[from] item: Leftovers
|upkeep
|turn|26
|j| Escobarbaracle
|
|t:|1661368116
|move|p2a: Jirachi|Fire Punch|p1a: Jirachi
|-supereffective|p1a: Jirachi
|-damage|p1a: Jirachi|53/100
|move|p1a: Jirachi|Calm Mind|p1a: Jirachi
|-boost|p1a: Jirachi|spa|1
|-boost|p1a: Jirachi|spd|1
|
|-heal|p1a: Jirachi|59/100|[from] item: Leftovers
|-heal|p2a: Jirachi|72/100|[from] item: Leftovers
|upkeep
|turn|27
|j| omegadog48
|
|t:|1661368125
|move|p1a: Jirachi|Protect|p1a: Jirachi
|-singleturn|p1a: Jirachi|Protect
|move|p2a: Jirachi|Fire Punch|p1a: Jirachi
|-activate|p1a: Jirachi|move: Protect
|
|-heal|p1a: Jirachi|65/100|[from] item: Leftovers
|-heal|p2a: Jirachi|78/100|[from] item: Leftovers
|upkeep
|turn|28
|l| omegadog48
|j| genaromgc
|l| genaromgc
|c|☆Sww-Suwa|idk
|c|☆Sww-Suwa|seems like my rachi
|c|☆Sww-Suwa|can do it
|inactive|eelektrik funeral has 120 seconds left.
|c| charleston chu|if no crit or burn
|j| genaromgc
|
|t:|1661368164
|move|p1a: Jirachi|Calm Mind|p1a: Jirachi
|-boost|p1a: Jirachi|spa|1
|-boost|p1a: Jirachi|spd|1
|move|p2a: Jirachi|Shadow Ball|p1a: Jirachi
|-supereffective|p1a: Jirachi
|-damage|p1a: Jirachi|45/100
|-unboost|p1a: Jirachi|spd|1
|
|-heal|p2a: Jirachi|84/100|[from] item: Leftovers
|-heal|p1a: Jirachi|51/100|[from] item: Leftovers
|upkeep
|turn|29
|c|@Srn|u can't do damage tho
|c|☆Sww-Suwa|i just need to
|c|☆Sww-Suwa|pp stall
|
|t:|1661368178
|move|p1a: Jirachi|Protect|p1a: Jirachi
|-singleturn|p1a: Jirachi|Protect
|move|p2a: Jirachi|Shadow Ball|p1a: Jirachi
|-activate|p1a: Jirachi|move: Protect
|
|-heal|p1a: Jirachi|57/100|[from] item: Leftovers
|-heal|p2a: Jirachi|90/100|[from] item: Leftovers
|upkeep
|turn|30
|c| Illiad_Appignani|ive seen rachi's come back from this before in bracket
|c|@Srn|hmm but even if you struggle u may not die either
|
|t:|1661368184
|move|p2a: Jirachi|Shadow Ball|p1a: Jirachi
|-supereffective|p1a: Jirachi
|-damage|p1a: Jirachi|31/100
|-unboost|p1a: Jirachi|spd|1
|move|p1a: Jirachi|Calm Mind|p1a: Jirachi
|-boost|p1a: Jirachi|spa|1
|-boost|p1a: Jirachi|spd|1
|
|-heal|p1a: Jirachi|38/100|[from] item: Leftovers
|-heal|p2a: Jirachi|96/100|[from] item: Leftovers
|upkeep
|turn|31
|c|☆Sww-Suwa|bro
|c|☆Sww-Suwa|the spdef drops
|c|☆Sww-Suwa|x.x
|c| TR23|uh
|
|t:|1661368194
|move|p1a: Jirachi|Protect|p1a: Jirachi
|-singleturn|p1a: Jirachi|Protect
|move|p2a: Jirachi|Shadow Ball|p1a: Jirachi
|-activate|p1a: Jirachi|move: Protect
|
|-heal|p1a: Jirachi|44/100|[from] item: Leftovers
|-heal|p2a: Jirachi|100/100|[from] item: Leftovers
|upkeep
|turn|32
|c| TR23|you still sure lol
|
|t:|1661368197
|move|p1a: Jirachi|Calm Mind|p1a: Jirachi
|-boost|p1a: Jirachi|spa|1
|-boost|p1a: Jirachi|spd|1
|move|p2a: Jirachi|Shadow Ball|p1a: Jirachi
|-supereffective|p1a: Jirachi
|-damage|p1a: Jirachi|25/100
|
|-heal|p1a: Jirachi|31/100|[from] item: Leftovers
|upkeep
|turn|33
|
|t:|1661368205
|move|p2a: Jirachi|Shadow Ball|p1a: Jirachi
|-supereffective|p1a: Jirachi
|-damage|p1a: Jirachi|11/100
|move|p1a: Jirachi|Calm Mind|p1a: Jirachi
|-boost|p1a: Jirachi|spa|0
|-boost|p1a: Jirachi|spd|1
|
|-heal|p1a: Jirachi|17/100|[from] item: Leftovers
|upkeep
|turn|34
|
|t:|1661368211
|move|p1a: Jirachi|Protect|p1a: Jirachi
|-singleturn|p1a: Jirachi|Protect
|move|p2a: Jirachi|Shadow Ball|p1a: Jirachi
|-activate|p1a: Jirachi|move: Protect
|
|-heal|p1a: Jirachi|24/100|[from] item: Leftovers
|upkeep
|turn|35
|c| tytyui↻|double protect
|c| TR23|crit rn
|c|☆Sww-Suwa|watch
|c|☆Sww-Suwa|this double protect
|c| Illiad_Appignani|actually throwing suwa
|
|t:|1661368224
|move|p1a: Jirachi|Protect|p1a: Jirachi
|-singleturn|p1a: Jirachi|Protect
|move|p2a: Jirachi|Shadow Ball|p1a: Jirachi
|-activate|p1a: Jirachi|move: Protect
|
|-heal|p1a: Jirachi|30/100|[from] item: Leftovers
|upkeep
|turn|36
|l| Escobarbaracle
|j| gewwge
|l|@Srn
|
|t:|1661368230
|move|p2a: Jirachi|Shadow Ball|p1a: Jirachi
|-supereffective|p1a: Jirachi
|-damage|p1a: Jirachi|14/100
|move|p1a: Jirachi|Calm Mind|p1a: Jirachi
|-boost|p1a: Jirachi|spa|0
|-boost|p1a: Jirachi|spd|1
|
|-heal|p1a: Jirachi|20/100|[from] item: Leftovers
|upkeep
|turn|37
|c| TR23|oh baby a triple
|
|t:|1661368238
|move|p1a: Jirachi|Calm Mind|p1a: Jirachi
|-boost|p1a: Jirachi|spa|0
|-boost|p1a: Jirachi|spd|1
|move|p2a: Jirachi|Shadow Ball|p1a: Jirachi
|-supereffective|p1a: Jirachi
|-damage|p1a: Jirachi|8/100
|-unboost|p1a: Jirachi|spd|1
|
|-heal|p1a: Jirachi|14/100|[from] item: Leftovers
|upkeep
|turn|38
|
|t:|1661368244
|move|p1a: Jirachi|Protect|p1a: Jirachi
|-singleturn|p1a: Jirachi|Protect
|move|p2a: Jirachi|Fire Punch|p1a: Jirachi
|-activate|p1a: Jirachi|move: Protect
|
|-heal|p1a: Jirachi|20/100|[from] item: Leftovers
|upkeep
|turn|39
|j| Escobarbaracle
|
|t:|1661368248
|move|p2a: Jirachi|Fire Punch|p1a: Jirachi
|-supereffective|p1a: Jirachi
|-damage|p1a: Jirachi|9/100
|move|p1a: Jirachi|Calm Mind|p1a: Jirachi
|-boost|p1a: Jirachi|spa|0
|-boost|p1a: Jirachi|spd|1
|
|-heal|p1a: Jirachi|15/100|[from] item: Leftovers
|upkeep
|turn|40
|c| TR23|what is the burn chance
|
|t:|1661368257
|move|p1a: Jirachi|Protect|p1a: Jirachi
|-singleturn|p1a: Jirachi|Protect
|move|p2a: Jirachi|Fire Punch|p1a: Jirachi
|-activate|p1a: Jirachi|move: Protect
|
|-heal|p1a: Jirachi|21/100|[from] item: Leftovers
|upkeep
|turn|41
|c| charleston chu|20
|c| tytyui↻|10%
|
|t:|1661368263
|move|p2a: Jirachi|Shadow Ball|p1a: Jirachi
|-supereffective|p1a: Jirachi
|-damage|p1a: Jirachi|8/100
|move|p1a: Jirachi|Iron Defense|p1a: Jirachi
|-boost|p1a: Jirachi|def|2
|
|-heal|p1a: Jirachi|15/100|[from] item: Leftovers
|upkeep
|turn|42
|l| genaromgc
|c| TR23|why won't he burn
|c| TR23|lol
|c| charleston chu|serene grace
|
|t:|1661368274
|move|p1a: Jirachi|Protect|p1a: Jirachi
|-singleturn|p1a: Jirachi|Protect
|move|p2a: Jirachi|Fire Punch|p1a: Jirachi
|-activate|p1a: Jirachi|move: Protect
|
|-heal|p1a: Jirachi|21/100|[from] item: Leftovers
|upkeep
|turn|43
|c| charleston chu|so not 10
|c| tytyui↻|oh yeah grace
|
|t:|1661368281
|move|p1a: Jirachi|Iron Defense|p1a: Jirachi
|-boost|p1a: Jirachi|def|0
|move|p2a: Jirachi|Fire Punch|p1a: Jirachi
|-supereffective|p1a: Jirachi
|-damage|p1a: Jirachi|12/100
|
|-heal|p1a: Jirachi|18/100|[from] item: Leftovers
|upkeep
|turn|44
|c| TR23|spam fire punch
|
|t:|1661368288
|move|p2a: Jirachi|Fire Punch|p1a: Jirachi
|-supereffective|p1a: Jirachi
|-damage|p1a: Jirachi|10/100
|move|p1a: Jirachi|Iron Defense|p1a: Jirachi
|-boost|p1a: Jirachi|def|0
|
|-heal|p1a: Jirachi|16/100|[from] item: Leftovers
|upkeep
|turn|45
|
|t:|1661368292
|move|p1a: Jirachi|Iron Defense|p1a: Jirachi
|-boost|p1a: Jirachi|def|0
|move|p2a: Jirachi|Fire Punch|p1a: Jirachi
|-supereffective|p1a: Jirachi
|-damage|p1a: Jirachi|8/100
|
|-heal|p1a: Jirachi|14/100|[from] item: Leftovers
|upkeep
|turn|46
|c| Illiad_Appignani|shadow balls probably better
|c| TR23|fire punch cancels lefties
|
|t:|1661368302
|move|p1a: Jirachi|Protect|p1a: Jirachi
|-singleturn|p1a: Jirachi|Protect
|move|p2a: Jirachi|Fire Punch|p1a: Jirachi
|-activate|p1a: Jirachi|move: Protect
|
|-heal|p1a: Jirachi|20/100|[from] item: Leftovers
|upkeep
|turn|47
|c| TR23|if burn
|c| Illiad_Appignani|true true
|
|t:|1661368309
|move|p2a: Jirachi|Fire Punch|p1a: Jirachi
|-supereffective|p1a: Jirachi
|-damage|p1a: Jirachi|12/100
|move|p1a: Jirachi|Iron Defense|p1a: Jirachi
|-boost|p1a: Jirachi|def|0
|
|-heal|p1a: Jirachi|18/100|[from] item: Leftovers
|upkeep
|turn|48
|c| TR23|bruh
|
|t:|1661368315
|move|p2a: Jirachi|Shadow Ball|p1a: Jirachi
|-supereffective|p1a: Jirachi
|-damage|p1a: Jirachi|5/100
|-unboost|p1a: Jirachi|spd|1
|move|p1a: Jirachi|Iron Defense|p1a: Jirachi
|-boost|p1a: Jirachi|def|0
|
|-heal|p1a: Jirachi|11/100|[from] item: Leftovers
|upkeep
|turn|49
|
|t:|1661368319
|move|p1a: Jirachi|Protect|p1a: Jirachi
|-singleturn|p1a: Jirachi|Protect
|move|p2a: Jirachi|Fire Punch|p1a: Jirachi
|-activate|p1a: Jirachi|move: Protect
|
|-heal|p1a: Jirachi|17/100|[from] item: Leftovers
|upkeep
|turn|50
|c| Illiad_Appignani|imagine if shadow ball over protect
|c| Illiad_Appignani|what is this set
|c| tytyui↻|ngl suwa lucky
|
|t:|1661368325
|move|p2a: Jirachi|Shadow Ball|p1a: Jirachi
|-supereffective|p1a: Jirachi
|-damage|p1a: Jirachi|3/100
|move|p1a: Jirachi|Calm Mind|p1a: Jirachi
|-boost|p1a: Jirachi|spa|0
|-boost|p1a: Jirachi|spd|1
|
|-heal|p1a: Jirachi|10/100|[from] item: Leftovers
|upkeep
|turn|51
|c|☆Sww-Suwa|rip
|
|t:|1661368331
|move|p1a: Jirachi|Calm Mind|p1a: Jirachi
|-boost|p1a: Jirachi|spa|0
|-boost|p1a: Jirachi|spd|0
|move|p2a: Jirachi|Fire Punch|p1a: Jirachi
|-supereffective|p1a: Jirachi
|-damage|p1a: Jirachi|1/100
|
|-heal|p1a: Jirachi|7/100|[from] item: Leftovers
|upkeep
|turn|52
|c|☆Sww-Suwa|ggs
|c| Illiad_Appignani|LETS GOOOOOO
|
|t:|1661368337
|move|p2a: Jirachi|Shadow Ball|p1a: Jirachi
|-supereffective|p1a: Jirachi
|-damage|p1a: Jirachi|0 fnt
|faint|p1a: Jirachi
|
|win|eelektrik funeral
|n|☆Sww-Suwa|swwsuwa
|n|☆eelektrik funeral|eelektrikfuneral
|n| Illiad_Appignani|illiadappignani
|n| TR23|tr23
|n| 3ch09|3ch09
|n| Arcanine1929|arcanine1929
|n| charleston chu|charlestonchu
|n| TheNewBrends11|thenewbrends11
|n| tytyui↻|tytyui
|n| Forwards|forwards
|n| fa kin nob tem|fakinnobtem
|n| gewwge|gewwge
|n| Escobarbaracle|escobarbaracle
|l| Arcanine1929
|l|☆Sww-Suwa
|l| Forwards
|c|☆eelektrik funeral|gg
|l| 3ch09
|l| Illiad_Appignani
|l|☆eelektrik funeral
|l| tytyui↻
|l| TR23
|l| charleston chu
|l| Escobarbaracle
|l| fa kin nob tem
|l| gewwge
