|j|☆Mdraa
|j|☆wsdfg
|t:|1605997509
|player|p1|Mdraa|hiker-gen4|2006
|player|p2|wsdfg|burglar|1928
|teamsize|p1|6
|teamsize|p2|6
|gametype|singles
|gen|8
|tier|[Gen 8] OU
|rated|
|clearpoke
|poke|p1|Dragapult, F|
|poke|p1|Toxapex, F|
|poke|p1|Mandibuzz, F|
|poke|p1|Landorus-Therian, M|
|poke|p1|Heatran, M|
|poke|p1|Kartana|
|poke|p2|Kyurem|
|poke|p2|Suicune|
|poke|p2|Landorus-Therian, M|
|poke|p2|Moltres|
|poke|p2|Urshifu-*, M|
|poke|p2|Spectrier|
|rule|Sleep Clause Mod: Limit one foe put to sleep
|rule|Species Clause: Limit one of each Pokémon
|rule|OHKO Clause: OHKO moves are banned
|rule|Evasion Moves Clause: Evasion moves are banned
|rule|Endless Battle Clause: Forcing endless battles is banned
|rule|HP Percentage Mod: HP is shown in percentages
|rule|Dynamax Clause: You cannot dynamax
|teampreview
|j| The Unlucky Player
|
|t:|1605997529
|start
|switch|p1a: Dragapult|Dragapult, F|100/100
|switch|p2a: Kyurem|Kyurem|100/100
|-ability|p2a: Kyurem|Pressure
|turn|1
|j| blackdarkness1
|
|t:|1605997541
|switch|p2a: Landorus|Landorus-Therian, M|100/100
|-ability|p2a: Landorus|Intimidate|boost
|-unboost|p1a: Dragapult|atk|1
|move|p1a: Dragapult|Substitute|p1a: Dragapult
|-start|p1a: Dragapult|Substitute
|-damage|p1a: Dragapult|76/100
|
|-heal|p1a: Dragapult|82/100|[from] item: Leftovers
|upkeep
|turn|2
|
|t:|1605997544
|move|p1a: Dragapult|Will-O-Wisp|p2a: Landorus
|-status|p2a: Landorus|brn
|move|p2a: Landorus|Earthquake|p1a: Dragapult
|-crit|p1a: Dragapult
|-end|p1a: Dragapult|Substitute
|
|-heal|p1a: Dragapult|88/100|[from] item: Leftovers
|-damage|p2a: Landorus|94/100 brn|[from] brn
|upkeep
|turn|3
|j| 0zorcNecropHADES
|
|t:|1605997559
|move|p1a: Dragapult|Hex|p2a: Landorus
|-damage|p2a: Landorus|49/100 brn
|move|p2a: Landorus|Toxic|p1a: Dragapult
|-status|p1a: Dragapult|tox
|
|-heal|p1a: Dragapult|94/100 tox|[from] item: Leftovers
|-heal|p2a: Landorus|55/100 brn|[from] item: Leftovers
|-damage|p1a: Dragapult|88/100 tox|[from] psn
|-damage|p2a: Landorus|49/100 brn|[from] brn
|upkeep
|turn|4
|
|t:|1605997571
|switch|p1a: Landorus|Landorus-Therian, M|100/100
|-ability|p1a: Landorus|Intimidate|boost
|-unboost|p2a: Landorus|atk|1
|move|p2a: Landorus|Stealth Rock|p1a: Landorus
|-sidestart|p1: Mdraa|move: Stealth Rock
|
|-heal|p2a: Landorus|55/100 brn|[from] item: Leftovers
|-damage|p2a: Landorus|49/100 brn|[from] brn
|upkeep
|turn|5
|
|t:|1605997574
|move|p1a: Landorus|Stealth Rock|p2a: Landorus
|-sidestart|p2: wsdfg|move: Stealth Rock
|move|p2a: Landorus|Toxic|p1a: Landorus
|-status|p1a: Landorus|tox
|
|-heal|p2a: Landorus|55/100 brn|[from] item: Leftovers
|-damage|p1a: Landorus|94/100 tox|[from] psn
|-damage|p2a: Landorus|49/100 brn|[from] brn
|upkeep
|turn|6
|
|t:|1605997577
|move|p1a: Landorus|Knock Off|p2a: Landorus
|-damage|p2a: Landorus|17/100 brn
|-enditem|p2a: Landorus|Leftovers|[from] move: Knock Off|[of] p1a: Landorus
|move|p2a: Landorus|U-turn|p1a: Landorus
|-resisted|p1a: Landorus
|-damage|p1a: Landorus|91/100 tox
|-damage|p2a: Landorus|0 fnt|[from] item: Rocky Helmet|[of] p1a: Landorus
|faint|p2a: Landorus
|
|-damage|p1a: Landorus|79/100 tox|[from] psn
|upkeep
|l| blackdarkness1
|
|t:|1605997587
|switch|p2a: Spectrier|Spectrier|100/100
|-damage|p2a: Spectrier|88/100|[from] Stealth Rock
|turn|7
|
|t:|1605997591
|switch|p1a: Mandibuzz|Mandibuzz, F|100/100
|move|p2a: Spectrier|Will-O-Wisp|p1a: Mandibuzz|[miss]
|-miss|p2a: Spectrier|p1a: Mandibuzz
|
|upkeep
|turn|8
|j| Commando 55
|
|t:|1605997597
|move|p2a: Spectrier|Will-O-Wisp|p1a: Mandibuzz
|-status|p1a: Mandibuzz|brn
|move|p1a: Mandibuzz|Toxic|p2a: Spectrier
|-status|p2a: Spectrier|tox
|
|-damage|p2a: Spectrier|82/100 tox|[from] psn
|-damage|p1a: Mandibuzz|94/100 brn|[from] brn
|upkeep
|turn|9
|
|t:|1605997600
|switch|p2a: Urshifu|Urshifu, M|100/100
|-damage|p2a: Urshifu|94/100|[from] Stealth Rock
|move|p1a: Mandibuzz|Toxic|p2a: Urshifu
|-status|p2a: Urshifu|tox
|
|-damage|p2a: Urshifu|88/100 tox|[from] psn
|-damage|p1a: Mandibuzz|88/100 brn|[from] brn
|upkeep
|turn|10
|
|t:|1605997607
|switch|p2a: Kyurem|Kyurem|100/100
|-damage|p2a: Kyurem|76/100|[from] Stealth Rock
|-ability|p2a: Kyurem|Pressure
|move|p1a: Mandibuzz|Roost|p1a: Mandibuzz
|-heal|p1a: Mandibuzz|100/100 brn
|-singleturn|p1a: Mandibuzz|move: Roost
|
|-heal|p2a: Kyurem|82/100|[from] item: Leftovers
|-damage|p1a: Mandibuzz|94/100 brn|[from] brn
|upkeep
|turn|11
|
|t:|1605997618
|switch|p1a: Dragapult|Dragapult, F|88/100 tox
|-damage|p1a: Dragapult|75/100 tox|[from] Stealth Rock
|move|p2a: Kyurem|Substitute|p2a: Kyurem
|-start|p2a: Kyurem|Substitute
|-damage|p2a: Kyurem|57/100
|
|-heal|p1a: Dragapult|81/100 tox|[from] item: Leftovers
|-heal|p2a: Kyurem|63/100|[from] item: Leftovers
|-damage|p1a: Dragapult|75/100 tox|[from] psn
|upkeep
|turn|12
|
|t:|1605997620
|move|p1a: Dragapult|Dragon Darts|p2a: Kyurem
|-supereffective|p2a: Kyurem
|-damage|p2a: Kyurem|31/100
|-anim|p1a: Dragapult|Dragon Darts|p2a: Kyurem
|-supereffective|p2a: Kyurem
|-damage|p2a: Kyurem|0 fnt
|faint|p2a: Kyurem
|
|-heal|p1a: Dragapult|81/100 tox|[from] item: Leftovers
|-damage|p1a: Dragapult|69/100 tox|[from] psn
|upkeep
|
|t:|1605997622
|switch|p2a: Suicune|Suicune|100/100
|-damage|p2a: Suicune|88/100|[from] Stealth Rock
|-ability|p2a: Suicune|Pressure
|turn|13
|
|t:|1605997629
|switch|p1a: Kartana|Kartana|100/100
|-damage|p1a: Kartana|94/100|[from] Stealth Rock
|switch|p2a: Urshifu|Urshifu, M|88/100 tox
|-damage|p2a: Urshifu|82/100 tox|[from] Stealth Rock
|
|-damage|p2a: Urshifu|76/100 tox|[from] psn
|upkeep
|turn|14
|
|t:|1605997635
|switch|p1a: Toxapex|Toxapex, F|100/100
|-damage|p1a: Toxapex|88/100|[from] Stealth Rock
|move|p2a: Urshifu|Close Combat|p1a: Toxapex
|-resisted|p1a: Toxapex
|-damage|p1a: Toxapex|59/100
|-unboost|p2a: Urshifu|def|1
|-unboost|p2a: Urshifu|spd|1
|-damage|p2a: Urshifu|59/100 tox|[from] item: Rocky Helmet|[of] p1a: Toxapex
|
|-damage|p2a: Urshifu|47/100 tox|[from] psn
|upkeep
|turn|15
|
|t:|1605997639
|switch|p2a: Suicune|Suicune|88/100
|-damage|p2a: Suicune|76/100|[from] Stealth Rock
|-ability|p2a: Suicune|Pressure
|move|p1a: Toxapex|Toxic Spikes|p2a: Suicune
|-sidestart|p2: wsdfg|move: Toxic Spikes
|
|-heal|p2a: Suicune|82/100|[from] item: Leftovers
|upkeep
|turn|16
|
|t:|1605997644
|switch|p1a: Kartana|Kartana|94/100
|-damage|p1a: Kartana|88/100|[from] Stealth Rock
|move|p2a: Suicune|Scald|p1a: Kartana
|-resisted|p1a: Kartana
|-damage|p1a: Kartana|48/100
|-status|p1a: Kartana|brn
|
|-heal|p2a: Suicune|88/100|[from] item: Leftovers
|-damage|p1a: Kartana|41/100 brn|[from] brn
|upkeep
|turn|17
|
|t:|1605997652
|move|p2a: Suicune|Protect|p2a: Suicune
|-singleturn|p2a: Suicune|Protect
|move|p1a: Kartana|Swords Dance|p1a: Kartana
|-boost|p1a: Kartana|atk|2
|
|-heal|p2a: Suicune|94/100|[from] item: Leftovers
|-damage|p1a: Kartana|35/100 brn|[from] brn
|upkeep
|turn|18
|
|t:|1605997655
|switch|p2a: Moltres|Moltres|100/100
|move|p1a: Kartana|Knock Off|p2a: Moltres
|-damage|p2a: Moltres|62/100
|-enditem|p2a: Moltres|Heavy-Duty Boots|[from] move: Knock Off|[of] p1a: Kartana
|-damage|p1a: Kartana|26/100 brn|[from] item: Life Orb
|
|-damage|p1a: Kartana|19/100 brn|[from] brn
|upkeep
|turn|19
|
|t:|1605997664
|switch|p1a: Toxapex|Toxapex, F|92/100
|-damage|p1a: Toxapex|80/100|[from] Stealth Rock
|move|p2a: Moltres|Roost|p2a: Moltres
|-heal|p2a: Moltres|100/100
|-singleturn|p2a: Moltres|move: Roost
|
|upkeep
|turn|20
|
|t:|1605997668
|move|p2a: Moltres|Defog|p1a: Toxapex
|-unboost|p1a: Toxapex|evasion|1
|-sideend|p1: Mdraa|Stealth Rock|[from] move: Defog|[of] p2a: Moltres
|-sideend|p2: wsdfg|Toxic Spikes|[from] move: Defog|[of] p2a: Moltres
|-sideend|p2: wsdfg|Stealth Rock|[from] move: Defog|[of] p2a: Moltres
|move|p1a: Toxapex|Scald|p2a: Moltres
|-supereffective|p2a: Moltres
|-damage|p2a: Moltres|70/100
|
|upkeep
|turn|21
|
|t:|1605997673
|switch|p2a: Suicune|Suicune|94/100
|-ability|p2a: Suicune|Pressure
|move|p1a: Toxapex|Knock Off|p2a: Suicune
|-damage|p2a: Suicune|85/100
|-enditem|p2a: Suicune|Leftovers|[from] move: Knock Off|[of] p1a: Toxapex
|
|upkeep
|turn|22
|
|t:|1605997686
|move|p2a: Suicune|Scald|p1a: Toxapex
|-resisted|p1a: Toxapex
|-damage|p1a: Toxapex|70/100
|move|p1a: Toxapex|Toxic Spikes|p2a: Suicune
|-sidestart|p2: wsdfg|move: Toxic Spikes
|
|upkeep
|turn|23
|j| Rbayalan27
|l| Rbayalan27
|
|t:|1605997694
|switch|p1a: Dragapult|Dragapult, F|69/100 tox
|move|p2a: Suicune|Substitute|p2a: Suicune
|-start|p2a: Suicune|Substitute
|-damage|p2a: Suicune|60/100
|
|-heal|p1a: Dragapult|75/100 tox|[from] item: Leftovers
|-damage|p1a: Dragapult|69/100 tox|[from] psn
|upkeep
|turn|24
|
|t:|1605997698
|move|p2a: Suicune|Protect|p2a: Suicune
|-singleturn|p2a: Suicune|Protect
|move|p1a: Dragapult|Substitute|p1a: Dragapult
|-start|p1a: Dragapult|Substitute
|-damage|p1a: Dragapult|44/100 tox
|
|-heal|p1a: Dragapult|50/100 tox|[from] item: Leftovers
|-damage|p1a: Dragapult|38/100 tox|[from] psn
|upkeep
|turn|25
|
|t:|1605997701
|switch|p2a: Moltres|Moltres|70/100
|move|p1a: Dragapult|Dragon Darts|p2a: Moltres
|-damage|p2a: Moltres|54/100
|-anim|p1a: Dragapult|Dragon Darts|p2a: Moltres
|-damage|p2a: Moltres|38/100
|
|-heal|p1a: Dragapult|44/100 tox|[from] item: Leftovers
|-damage|p1a: Dragapult|26/100 tox|[from] psn
|upkeep
|turn|26
|
|t:|1605997716
|switch|p1a: Landorus|Landorus-Therian, M|79/100 tox
|-ability|p1a: Landorus|Intimidate|boost
|-unboost|p2a: Moltres|atk|1
|move|p2a: Moltres|Roost|p2a: Moltres
|-heal|p2a: Moltres|88/100
|-singleturn|p2a: Moltres|move: Roost
|
|-damage|p1a: Landorus|73/100 tox|[from] psn
|upkeep
|turn|27
|
|t:|1605997722
|move|p1a: Landorus|Toxic|p2a: Moltres
|-status|p2a: Moltres|tox
|move|p2a: Moltres|Defog|p1a: Landorus
|-unboost|p1a: Landorus|evasion|1
|-sideend|p2: wsdfg|Toxic Spikes|[from] move: Defog|[of] p2a: Moltres
|
|-damage|p1a: Landorus|61/100 tox|[from] psn
|-damage|p2a: Moltres|82/100 tox|[from] psn
|upkeep
|turn|28
|
|t:|1605997729
|move|p1a: Landorus|Stealth Rock|p2a: Moltres
|-sidestart|p2: wsdfg|move: Stealth Rock
|move|p2a: Moltres|Flamethrower|p1a: Landorus
|-damage|p1a: Landorus|18/100 tox
|
|-damage|p1a: Landorus|0 fnt|[from] psn
|faint|p1a: Landorus
|-damage|p2a: Moltres|70/100 tox|[from] psn
|upkeep
|
|t:|1605997737
|switch|p1a: Dragapult|Dragapult, F|26/100 tox
|turn|29
|
|t:|1605997742
|move|p1a: Dragapult|Hex|p2a: Moltres
|-damage|p2a: Moltres|13/100 tox
|move|p2a: Moltres|Defog|p1a: Dragapult
|-unboost|p1a: Dragapult|evasion|1
|-sideend|p2: wsdfg|Stealth Rock|[from] move: Defog|[of] p2a: Moltres
|
|-heal|p1a: Dragapult|32/100 tox|[from] item: Leftovers
|-damage|p1a: Dragapult|26/100 tox|[from] psn
|-damage|p2a: Moltres|0 fnt|[from] psn
|faint|p2a: Moltres
|upkeep
|
|t:|1605997747
|switch|p2a: Suicune|Suicune|60/100
|-ability|p2a: Suicune|Pressure
|turn|30
|
|t:|1605997760
|switch|p1a: Kartana|Kartana|19/100 brn
|move|p2a: Suicune|Protect||[still]
|-fail|p2a: Suicune
|
|-damage|p1a: Kartana|13/100 brn|[from] brn
|upkeep
|turn|31
|
|t:|1605997765
|move|p2a: Suicune|Protect|p2a: Suicune
|-singleturn|p2a: Suicune|Protect
|move|p1a: Kartana|Leaf Blade|p2a: Suicune
|-activate|p2a: Suicune|move: Protect
|
|-damage|p1a: Kartana|7/100 brn|[from] brn
|upkeep
|turn|32
|j| yakiimoo
|
|t:|1605997772
|switch|p2a: Urshifu|Urshifu, M|47/100 tox
|move|p1a: Kartana|Leaf Blade|p2a: Urshifu
|-damage|p2a: Urshifu|9/100 tox
|-damage|p1a: Kartana|0 fnt|[from] item: Life Orb
|faint|p1a: Kartana
|
|-damage|p2a: Urshifu|3/100 tox|[from] psn
|upkeep
|
|t:|1605997781
|switch|p1a: Toxapex|Toxapex, F|100/100
|turn|33
|
|t:|1605997787
|move|p2a: Urshifu|Wicked Blow|p1a: Toxapex
|-crit|p1a: Toxapex
|-damage|p1a: Toxapex|46/100
|-damage|p2a: Urshifu|0 fnt|[from] item: Rocky Helmet|[of] p1a: Toxapex
|faint|p2a: Urshifu
|move|p1a: Toxapex|Scald|p2: Urshifu|[notarget]
|-fail|p1a: Toxapex
|
|upkeep
|
|t:|1605997792
|switch|p2a: Suicune|Suicune|60/100
|-ability|p2a: Suicune|Pressure
|turn|34
|j| DanJVGC
|
|t:|1605997817
|move|p2a: Suicune|Scald|p1a: Toxapex
|-resisted|p1a: Toxapex
|-damage|p1a: Toxapex|35/100
|-status|p1a: Toxapex|brn
|move|p1a: Toxapex|Recover|p1a: Toxapex
|-heal|p1a: Toxapex|85/100 brn
|
|-damage|p1a: Toxapex|79/100 brn|[from] brn
|upkeep
|turn|35
|
|t:|1605997821
|switch|p2a: Spectrier|Spectrier|82/100 tox
|switch|p1a: Heatran|Heatran, M|100/100
|
|-damage|p2a: Spectrier|76/100 tox|[from] psn
|upkeep
|turn|36
|
|t:|1605997824
|switch|p1a: Mandibuzz|Mandibuzz, F|94/100 brn
|move|p2a: Spectrier|Mud Shot|p1a: Mandibuzz
|-immune|p1a: Mandibuzz
|
|-damage|p2a: Spectrier|64/100 tox|[from] psn
|-damage|p1a: Mandibuzz|88/100 brn|[from] brn
|upkeep
|turn|37
|-message|wsdfg forfeited.
|
|win|Mdraa
|l|☆wsdfg
|l|☆Mdraa
|l| DanJVGC
|l| The Unlucky Player
||Ladder (probably) updated, but score could not be retrieved (Request timeout).
|j| kingstermh
|l| kingstermh
|l| Commando 55
