|html|<div class="broadcast-blue"><strong>[Gen 8] OU is currently suspecting Melmetal! For information on how to participate check out the <a href="https://www.smogon.com/forums/threads/np-ss-ou-suspect-process-round-12-monster-mash.3709234/">suspect thread</a>.</strong></div>
|j|☆gotsnsd
|j|☆minimax_ai
|t:|1666375779
|gametype|singles
|player|p1|gotsnsd|beauty-gen2jp|1438
|player|p2|minimax_ai|lusamine-nihilego|1434
|teamsize|p1|6
|teamsize|p2|6
|gen|8
|tier|[Gen 8] OU
|rated|
|rule|Sleep Clause Mod: Limit one foe put to sleep
|rule|Species Clause: Limit one of each Pokémon
|rule|OHKO Clause: OHKO moves are banned
|rule|Evasion Items Clause: Evasion items are banned
|rule|Evasion Moves Clause: Evasion moves are banned
|rule|Endless Battle Clause: Forcing endless battles is banned
|rule|HP Percentage Mod: HP is shown in percentages
|rule|Dynamax Clause: You cannot dynamax
|clearpoke
|poke|p1|Volcanion|
|poke|p1|Weavile, F|
|poke|p1|Ferrothorn, F|
|poke|p1|Tapu Fini|
|poke|p1|Thundurus, M|
|poke|p1|Landorus-Therian, M|
|poke|p2|Rotom-Wash|
|poke|p2|Weavile, F|
|poke|p2|Landorus-Therian, M|
|poke|p2|Heatran, M|
|poke|p2|Tangrowth, M|
|poke|p2|Melmetal|
|teampreview
|c|☆minimax_ai|hf
|inactive|Battle timer is ON: inactive players will automatically lose when time's up. (requested by minimax_ai)
|
|t:|1666375782
|start
|switch|p1a: Tapu Fini|Tapu Fini|100/100
|switch|p2a: landorustherian|Landorus-Therian, M|100/100
|-fieldstart|move: Misty Terrain|[from] ability: Misty Surge|[of] p1a: Tapu Fini
|-ability|p2a: landorustherian|Intimidate|boost
|-unboost|p1a: Tapu Fini|atk|1
|turn|1
|
|t:|1666375785
|switch|p2a: rotomwash|Rotom-Wash|100/100
|move|p1a: Tapu Fini|Surf|p2a: rotomwash
|-resisted|p2a: rotomwash
|-damage|p2a: rotomwash|84/100
|
|-heal|p2a: rotomwash|90/100|[from] item: Leftovers
|upkeep
|turn|2
|
|t:|1666375788
|switch|p1a: Ferrothorn|Ferrothorn, F|100/100
|move|p2a: rotomwash|Nasty Plot|p2a: rotomwash
|-boost|p2a: rotomwash|spa|2
|
|-heal|p2a: rotomwash|96/100|[from] item: Leftovers
|upkeep
|turn|3
|
|t:|1666375792
|switch|p2a: landorustherian|Landorus-Therian, M|100/100
|-ability|p2a: landorustherian|Intimidate|boost
|-unboost|p1a: Ferrothorn|atk|1
|move|p1a: Ferrothorn|Spikes|p2a: landorustherian
|-sidestart|p2: minimax_ai|Spikes
|
|upkeep
|turn|4
|
|t:|1666375795
|move|p2a: landorustherian|Defog|p1a: Ferrothorn
|-unboost|p1a: Ferrothorn|evasion|1
|-sideend|p2: minimax_ai|Spikes|[from] move: Defog|[of] p2a: landorustherian
|-fieldend|Misty Terrain
|move|p1a: Ferrothorn|Knock Off|p2a: landorustherian
|-damage|p2a: landorustherian|86/100
|-enditem|p2a: landorustherian|Leftovers|[from] move: Knock Off|[of] p1a: Ferrothorn
|
|upkeep
|turn|5
|
|t:|1666375798
|move|p2a: landorustherian|Earthquake|p1a: Ferrothorn
|-crit|p1a: Ferrothorn
|-damage|p1a: Ferrothorn|59/100
|move|p1a: Ferrothorn|Spikes|p2a: landorustherian
|-sidestart|p2: minimax_ai|Spikes
|
|upkeep
|turn|6
|
|t:|1666375802
|switch|p1a: Landorus|Landorus-Therian, M|100/100
|-ability|p1a: Landorus|Intimidate|boost
|-unboost|p2a: landorustherian|atk|1
|move|p2a: landorustherian|Earthquake|p1a: Landorus
|-immune|p1a: Landorus
|
|upkeep
|turn|7
|
|t:|1666375804
|move|p1a: Landorus|U-turn|p2a: landorustherian
|-resisted|p2a: landorustherian
|-damage|p2a: landorustherian|75/100
|
|t:|1666375808
|switch|p1a: Tapu Fini|Tapu Fini|100/100|[from]move: U-turn
|-fieldstart|move: Misty Terrain|[from] ability: Misty Surge|[of] p1a: Tapu Fini
|move|p2a: landorustherian|Defog|p1a: Tapu Fini
|-unboost|p1a: Tapu Fini|evasion|1
|-sideend|p2: minimax_ai|Spikes|[from] move: Defog|[of] p2a: landorustherian
|-fieldend|Misty Terrain
|
|upkeep
|turn|8
|
|t:|1666375812
|move|p1a: Tapu Fini|Trick|p2a: landorustherian
|-activate|p1a: Tapu Fini|move: Trick|[of] p2a: landorustherian
|-item|p2a: landorustherian|Choice Scarf|[from] move: Trick
|-enditem|p1a: Tapu Fini|Choice Scarf|[silent]|[from] move: Trick
|move|p2a: landorustherian|Earthquake|p1a: Tapu Fini
|-damage|p1a: Tapu Fini|73/100
|
|upkeep
|turn|9
|
|t:|1666375817
|switch|p1a: Landorus|Landorus-Therian, M|100/100
|-ability|p1a: Landorus|Intimidate|boost
|-unboost|p2a: landorustherian|atk|1
|move|p2a: landorustherian|Earthquake|p1a: Landorus
|-immune|p1a: Landorus
|
|upkeep
|turn|10
|
|t:|1666375820
|switch|p2a: Heatran|Heatran, M|100/100
|-item|p2a: Heatran|Air Balloon
|move|p1a: Landorus|Stealth Rock|p2a: Heatran
|-sidestart|p2: minimax_ai|move: Stealth Rock
|
|upkeep
|turn|11
|
|t:|1666375823
|move|p1a: Landorus|U-turn|p2a: Heatran
|-resisted|p2a: Heatran
|-damage|p2a: Heatran|95/100
|-enditem|p2a: Heatran|Air Balloon
|
|t:|1666375826
|switch|p1a: Volcanion|Volcanion|100/100|[from]move: U-turn
|move|p2a: Heatran|Magma Storm|p1a: Volcanion
|-resisted|p1a: Volcanion
|-damage|p1a: Volcanion|86/100
|-activate|p1a: Volcanion|move: Magma Storm|[of] p2a: Heatran
|
|-damage|p1a: Volcanion|74/100|[from] move: Magma Storm|[partiallytrapped]
|upkeep
|turn|12
|
|t:|1666375830
|switch|p2a: rotomwash|Rotom-Wash|96/100
|-damage|p2a: rotomwash|84/100|[from] Stealth Rock
|move|p1a: Volcanion|Steam Eruption|p2a: rotomwash
|-resisted|p2a: rotomwash
|-damage|p2a: rotomwash|51/100
|
|-heal|p2a: rotomwash|57/100|[from] item: Leftovers
|-end|p1a: Volcanion|Magma Storm|[partiallytrapped]|[silent]
|upkeep
|turn|13
|
|t:|1666375839
|switch|p1a: Ferrothorn|Ferrothorn, F|59/100
|move|p2a: rotomwash|Thunderbolt|p1a: Ferrothorn
|-resisted|p1a: Ferrothorn
|-damage|p1a: Ferrothorn|43/100
|
|-heal|p2a: rotomwash|63/100|[from] item: Leftovers
|upkeep
|turn|14
|
|t:|1666375848
|switch|p2a: Tangrowth|Tangrowth, M|100/100
|-damage|p2a: Tangrowth|88/100|[from] Stealth Rock
|move|p1a: Ferrothorn|Gyro Ball|p2a: Tangrowth
|-damage|p2a: Tangrowth|75/100
|-damage|p1a: Ferrothorn|26/100|[from] item: Rocky Helmet|[of] p2a: Tangrowth
|
|upkeep
|turn|15
|
|t:|1666375852
|switch|p1a: Volcanion|Volcanion|74/100
|move|p2a: Tangrowth|Focus Blast|p1a: Volcanion
|-damage|p1a: Volcanion|35/100
|
|upkeep
|turn|16
|
|t:|1666375855
|switch|p2a: rotomwash|Rotom-Wash|63/100
|-damage|p2a: rotomwash|51/100|[from] Stealth Rock
|move|p1a: Volcanion|Steam Eruption|p2a: rotomwash
|-resisted|p2a: rotomwash
|-damage|p2a: rotomwash|19/100
|
|-heal|p2a: rotomwash|25/100|[from] item: Leftovers
|upkeep
|turn|17
|
|t:|1666375858
|move|p2a: rotomwash|Thunderbolt|p1a: Volcanion
|-supereffective|p1a: Volcanion
|-damage|p1a: Volcanion|0 fnt
|faint|p1a: Volcanion
|
|-heal|p2a: rotomwash|31/100|[from] item: Leftovers
|upkeep
|
|t:|1666375866
|switch|p1a: Weavile|Weavile, F|100/100
|-ability|p1a: Weavile|Pressure
|turn|18
|
|t:|1666375871
|move|p1a: Weavile|Beat Up|p2a: rotomwash
|-damage|p2a: rotomwash|18/100
|-damage|p2a: rotomwash|9/100
|-damage|p2a: rotomwash|0 fnt
|faint|p2a: rotomwash
|-hitcount|p2: rotomwash|3
|
|upkeep
|
|t:|1666375871
|switch|p2a: landorustherian|Landorus-Therian, M|75/100
|-damage|p2a: landorustherian|62/100|[from] Stealth Rock
|-ability|p2a: landorustherian|Intimidate|boost
|-unboost|p1a: Weavile|atk|1
|turn|19
|
|t:|1666375876
|switch|p1a: Ferrothorn|Ferrothorn, F|26/100
|move|p2a: landorustherian|Defog|p1a: Ferrothorn
|-unboost|p1a: Ferrothorn|evasion|1
|-sideend|p2: minimax_ai|Stealth Rock|[from] move: Defog|[of] p2a: landorustherian
|
|upkeep
|turn|20
|
|t:|1666375879
|switch|p2a: Tangrowth|Tangrowth, M|100/100
|move|p1a: Ferrothorn|Spikes|p2a: Tangrowth
|-sidestart|p2: minimax_ai|Spikes
|
|upkeep
|turn|21
|
|t:|1666375886
|switch|p1a: Landorus|Landorus-Therian, M|100/100
|-ability|p1a: Landorus|Intimidate|boost
|-unboost|p2a: Tangrowth|atk|1
|move|p2a: Tangrowth|Focus Blast|p1a: Landorus
|-resisted|p1a: Landorus
|-damage|p1a: Landorus|87/100
|-enditem|p1a: Landorus|Eject Button
|
|t:|1666375895
|switch|p1a: Weavile|Weavile, F|100/100
|-ability|p1a: Weavile|Pressure
|
|upkeep
|turn|22
|
|t:|1666375899
|switch|p1a: Landorus|Landorus-Therian, M|87/100
|-ability|p1a: Landorus|Intimidate|boost
|-unboost|p2a: Tangrowth|atk|1
|move|p2a: Tangrowth|Giga Drain|p1a: Landorus
|-damage|p1a: Landorus|57/100
|
|upkeep
|turn|23
|
|t:|1666375902
|move|p1a: Landorus|Stealth Rock|p2a: Tangrowth
|-sidestart|p2: minimax_ai|move: Stealth Rock
|move|p2a: Tangrowth|Giga Drain|p1a: Landorus
|-damage|p1a: Landorus|30/100
|
|upkeep
|turn|24
|
|t:|1666375909
|move|p1a: Landorus|Rest|p1a: Landorus
|-status|p1a: Landorus|slp|[from] move: Rest
|-heal|p1a: Landorus|100/100 slp|[silent]
|move|p2a: Tangrowth|Giga Drain|p1a: Landorus
|-damage|p1a: Landorus|73/100 slp
|
|upkeep
|turn|25
|
|t:|1666375922
|cant|p1a: Landorus|slp
|move|p2a: Tangrowth|Focus Blast|p1a: Landorus
|-resisted|p1a: Landorus
|-damage|p1a: Landorus|57/100 slp
|
|upkeep
|turn|26
|
|t:|1666375925
|cant|p1a: Landorus|slp
|move|p2a: Tangrowth|Focus Blast|p1a: Landorus|[miss]
|-miss|p2a: Tangrowth|p1a: Landorus
|
|upkeep
|turn|27
|
|t:|1666375928
|-curestatus|p1a: Landorus|slp|[msg]
|move|p1a: Landorus|U-turn|p2a: Tangrowth
|-supereffective|p2a: Tangrowth
|-damage|p2a: Tangrowth|75/100
|-damage|p1a: Landorus|41/100|[from] item: Rocky Helmet|[of] p2a: Tangrowth
|
|t:|1666375932
|switch|p1a: Thundurus|Thundurus, M|100/100|[from]move: U-turn
|move|p2a: Tangrowth|Focus Blast|p1a: Thundurus
|-resisted|p1a: Thundurus
|-damage|p1a: Thundurus|81/100
|
|upkeep
|turn|28
|
|t:|1666375940
|switch|p2a: Melmetal|Melmetal|100/100
|-damage|p2a: Melmetal|88/100|[from] Spikes
|-damage|p2a: Melmetal|82/100|[from] Stealth Rock
|move|p1a: Thundurus|Bulk Up|p1a: Thundurus
|-boost|p1a: Thundurus|atk|1
|-boost|p1a: Thundurus|def|1
|
|upkeep
|turn|29
|
|t:|1666375944
|move|p1a: Thundurus|Superpower|p2a: Melmetal
|-supereffective|p2a: Melmetal
|-damage|p2a: Melmetal|0 fnt
|-unboost|p1a: Thundurus|atk|1
|-unboost|p1a: Thundurus|def|1
|faint|p2a: Melmetal
|-damage|p1a: Thundurus|71/100|[from] item: Life Orb
|
|upkeep
|
|t:|1666375944
|switch|p2a: landorustherian|Landorus-Therian, M|62/100
|-damage|p2a: landorustherian|50/100|[from] Stealth Rock
|-ability|p2a: landorustherian|Intimidate|boost
|-unboost|p1a: Thundurus|atk|1
|-ability|p1a: Thundurus|Defiant|boost
|-boost|p1a: Thundurus|atk|2
|turn|30
|
|t:|1666375951
|move|p1a: Thundurus|Knock Off|p2a: landorustherian
|-damage|p2a: landorustherian|0 fnt
|-enditem|p2a: landorustherian|Choice Scarf|[from] move: Knock Off|[of] p1a: Thundurus
|faint|p2a: landorustherian
|-damage|p1a: Thundurus|62/100|[from] item: Life Orb
|
|upkeep
|
|t:|1666375951
|switch|p2a: Weavile|Weavile, F|100/100
|-damage|p2a: Weavile|88/100|[from] Spikes
|-damage|p2a: Weavile|63/100|[from] Stealth Rock
|-ability|p2a: Weavile|Pressure
|turn|31
|
|t:|1666375962
|switch|p1a: Tapu Fini|Tapu Fini|73/100
|-fieldstart|move: Misty Terrain|[from] ability: Misty Surge|[of] p1a: Tapu Fini
|move|p2a: Weavile|Triple Axel|p1a: Tapu Fini
|-resisted|p1a: Tapu Fini
|-damage|p1a: Tapu Fini|66/100
|-resisted|p1a: Tapu Fini
|-damage|p1a: Tapu Fini|54/100
|-resisted|p1a: Tapu Fini
|-damage|p1a: Tapu Fini|33/100
|-hitcount|p1a: Tapu Fini|3
|
|upkeep
|turn|32
|
|t:|1666375968
|move|p2a: Weavile|Triple Axel|p1a: Tapu Fini
|-resisted|p1a: Tapu Fini
|-damage|p1a: Tapu Fini|27/100
|-resisted|p1a: Tapu Fini
|-damage|p1a: Tapu Fini|15/100
|-hitcount|p1a: Tapu Fini|2
|move|p1a: Tapu Fini|Moonblast|p2a: Weavile
|-supereffective|p2a: Weavile
|-damage|p2a: Weavile|0 fnt
|faint|p2a: Weavile
|
|upkeep
|
|t:|1666375968
|switch|p2a: Tangrowth|Tangrowth, M|100/100
|-damage|p2a: Tangrowth|88/100|[from] Spikes
|-damage|p2a: Tangrowth|76/100|[from] Stealth Rock
|turn|33
|
|t:|1666375976
|move|p1a: Tapu Fini|Trick|p2a: Tangrowth
|-activate|p1a: Tapu Fini|move: Trick|[of] p2a: Tangrowth
|-enditem|p2a: Tangrowth|Rocky Helmet|[silent]|[from] move: Trick
|-item|p1a: Tapu Fini|Rocky Helmet|[from] move: Trick
|move|p2a: Tangrowth|Giga Drain|p1a: Tapu Fini
|-supereffective|p1a: Tapu Fini
|-damage|p1a: Tapu Fini|0 fnt
|-heal|p2a: Tangrowth|82/100|[from] drain|[of] p1a: Tapu Fini
|faint|p1a: Tapu Fini
|
|upkeep
|
|t:|1666375988
|switch|p1a: Landorus|Landorus-Therian, M|41/100
|-ability|p1a: Landorus|Intimidate|boost
|-unboost|p2a: Tangrowth|atk|1
|turn|34
|
|t:|1666375990
|move|p1a: Landorus|Rest|p1a: Landorus
|-status|p1a: Landorus|slp|[from] move: Rest
|-heal|p1a: Landorus|100/100 slp|[silent]
|move|p2a: Tangrowth|Giga Drain|p1a: Landorus
|-damage|p1a: Landorus|71/100 slp
|-heal|p2a: Tangrowth|96/100|[from] drain|[of] p1a: Landorus
|
|upkeep
|turn|35
|
|t:|1666375994
|cant|p1a: Landorus|slp
|move|p2a: Tangrowth|Giga Drain|p1a: Landorus
|-damage|p1a: Landorus|42/100 slp
|-heal|p2a: Tangrowth|100/100|[from] drain|[of] p1a: Landorus
|
|-fieldend|Misty Terrain
|upkeep
|turn|36
|
|t:|1666375996
|cant|p1a: Landorus|slp
|move|p2a: Tangrowth|Giga Drain|p1a: Landorus
|-damage|p1a: Landorus|16/100 slp
|
|upkeep
|turn|37
|
|t:|1666375999
|-curestatus|p1a: Landorus|slp|[msg]
|move|p1a: Landorus|Rest|p1a: Landorus
|-status|p1a: Landorus|slp|[from] move: Rest
|-heal|p1a: Landorus|100/100 slp|[silent]
|move|p2a: Tangrowth|Giga Drain|p1a: Landorus
|-damage|p1a: Landorus|73/100 slp
|
|upkeep
|turn|38
|
|t:|1666376005
|cant|p1a: Landorus|slp
|move|p2a: Tangrowth|Giga Drain|p1a: Landorus
|-damage|p1a: Landorus|43/100 slp
|
|upkeep
|turn|39
|
|t:|1666376007
|cant|p1a: Landorus|slp
|move|p2a: Tangrowth|Giga Drain|p1a: Landorus
|-damage|p1a: Landorus|16/100 slp
|
|upkeep
|turn|40
|
|t:|1666376009
|-curestatus|p1a: Landorus|slp|[msg]
|move|p1a: Landorus|Rest|p1a: Landorus
|-status|p1a: Landorus|slp|[from] move: Rest
|-heal|p1a: Landorus|100/100 slp|[silent]
|move|p2a: Tangrowth|Giga Drain|p1a: Landorus
|-damage|p1a: Landorus|72/100 slp
|
|upkeep
|turn|41
|
|t:|1666376013
|cant|p1a: Landorus|slp
|move|p2a: Tangrowth|Giga Drain|p1a: Landorus
|-damage|p1a: Landorus|42/100 slp
|
|upkeep
|turn|42
|
|t:|1666376016
|cant|p1a: Landorus|slp
|move|p2a: Tangrowth|Giga Drain|p1a: Landorus
|-damage|p1a: Landorus|12/100 slp
|
|upkeep
|turn|43
|
|t:|1666376019
|-curestatus|p1a: Landorus|slp|[msg]
|move|p1a: Landorus|Rest|p1a: Landorus
|-status|p1a: Landorus|slp|[from] move: Rest
|-heal|p1a: Landorus|100/100 slp|[silent]
|move|p2a: Tangrowth|Giga Drain|p1a: Landorus
|-damage|p1a: Landorus|74/100 slp
|
|upkeep
|turn|44
|
|t:|1666376022
|cant|p1a: Landorus|slp
|move|p2a: Tangrowth|Giga Drain|p1a: Landorus
|-damage|p1a: Landorus|44/100 slp
|
|upkeep
|turn|45
|
|t:|1666376024
|cant|p1a: Landorus|slp
|move|p2a: Tangrowth|Giga Drain|p1a: Landorus
|-damage|p1a: Landorus|14/100 slp
|
|upkeep
|turn|46
|
|t:|1666376026
|-curestatus|p1a: Landorus|slp|[msg]
|move|p1a: Landorus|Rest|p1a: Landorus
|-status|p1a: Landorus|slp|[from] move: Rest
|-heal|p1a: Landorus|100/100 slp|[silent]
|move|p2a: Tangrowth|Focus Blast|p1a: Landorus
|-resisted|p1a: Landorus
|-damage|p1a: Landorus|85/100 slp
|
|upkeep
|turn|47
|
|t:|1666376032
|cant|p1a: Landorus|slp
|move|p2a: Tangrowth|Knock Off|p1a: Landorus
|-damage|p1a: Landorus|76/100 slp
|
|upkeep
|turn|48
|
|t:|1666376034
|cant|p1a: Landorus|slp
|move|p2a: Tangrowth|Knock Off|p1a: Landorus
|-damage|p1a: Landorus|67/100 slp
|
|upkeep
|turn|49
|
|t:|1666376036
|-curestatus|p1a: Landorus|slp|[msg]
|move|p1a: Landorus|Earthquake|p2a: Tangrowth
|-resisted|p2a: Tangrowth
|-damage|p2a: Tangrowth|87/100
|move|p2a: Tangrowth|Knock Off|p1a: Landorus
|-damage|p1a: Landorus|57/100
|
|upkeep
|turn|50
|
|t:|1666376039
|move|p1a: Landorus|Earthquake|p2a: Tangrowth
|-resisted|p2a: Tangrowth
|-damage|p2a: Tangrowth|75/100
|move|p2a: Tangrowth|Knock Off|p1a: Landorus
|-damage|p1a: Landorus|47/100
|
|upkeep
|turn|51
|
|t:|1666376042
|move|p1a: Landorus|Rest|p1a: Landorus
|-status|p1a: Landorus|slp|[from] move: Rest
|-heal|p1a: Landorus|100/100 slp|[silent]
|move|p2a: Tangrowth|Knock Off|p1a: Landorus
|-damage|p1a: Landorus|90/100 slp
|
|upkeep
|turn|52
|
|t:|1666376044
|cant|p1a: Landorus|slp
|move|p2a: Tangrowth|Knock Off|p1a: Landorus
|-damage|p1a: Landorus|81/100 slp
|
|upkeep
|turn|53
|
|t:|1666376048
|cant|p1a: Landorus|slp
|move|p2a: Tangrowth|Knock Off|p1a: Landorus
|-damage|p1a: Landorus|71/100 slp
|
|upkeep
|turn|54
|
|t:|1666376051
|-curestatus|p1a: Landorus|slp|[msg]
|move|p1a: Landorus|Earthquake|p2a: Tangrowth
|-resisted|p2a: Tangrowth
|-damage|p2a: Tangrowth|63/100
|move|p2a: Tangrowth|Knock Off|p1a: Landorus
|-damage|p1a: Landorus|60/100
|
|upkeep
|turn|55
|
|t:|1666376053
|move|p1a: Landorus|U-turn|p2a: Tangrowth
|-supereffective|p2a: Tangrowth
|-damage|p2a: Tangrowth|40/100
|
|t:|1666376056
|switch|p1a: Ferrothorn|Ferrothorn, F|26/100|[from]move: U-turn
|move|p2a: Tangrowth|Knock Off|p1a: Ferrothorn
|-damage|p1a: Ferrothorn|17/100
|-damage|p2a: Tangrowth|27/100|[from] ability: Iron Barbs|[of] p1a: Ferrothorn
|-damage|p2a: Tangrowth|11/100|[from] item: Rocky Helmet|[of] p1a: Ferrothorn
|-enditem|p1a: Ferrothorn|Rocky Helmet|[from] move: Knock Off|[of] p2a: Tangrowth
|
|upkeep
|turn|56
|
|t:|1666376060
|move|p2a: Tangrowth|Sleep Powder|p1a: Ferrothorn
|-immune|p1a: Ferrothorn
|move|p1a: Ferrothorn|Spikes|p2a: Tangrowth
|-sidestart|p2: minimax_ai|Spikes
|
|upkeep
|turn|57
|
|t:|1666376066
|move|p2a: Tangrowth|Sleep Powder|p1a: Ferrothorn
|-immune|p1a: Ferrothorn
|move|p1a: Ferrothorn|Spikes|p2a: Tangrowth
|-sidestart|p2: minimax_ai|Spikes
|
|upkeep
|turn|58
|
|t:|1666376072
|move|p2a: Tangrowth|Sleep Powder|p1a: Ferrothorn
|-immune|p1a: Ferrothorn
|move|p1a: Ferrothorn|Gyro Ball|p2a: Tangrowth
|-damage|p2a: Tangrowth|0 fnt
|faint|p2a: Tangrowth
|
|upkeep
|
|t:|1666376072
|switch|p2a: Heatran|Heatran, M|95/100
|-damage|p2a: Heatran|70/100|[from] Spikes
|-damage|p2a: Heatran|57/100|[from] Stealth Rock
|turn|59
|
|t:|1666376076
|move|p2a: Heatran|Magma Storm|p1a: Ferrothorn|[miss]
|-miss|p2a: Heatran|p1a: Ferrothorn
|move|p1a: Ferrothorn|Gyro Ball|p2a: Heatran
|-resisted|p2a: Heatran
|-damage|p2a: Heatran|44/100
|
|upkeep
|turn|60
|
|t:|1666376078
|move|p2a: Heatran|Magma Storm|p1a: Ferrothorn
|-supereffective|p1a: Ferrothorn
|-damage|p1a: Ferrothorn|0 fnt
|faint|p1a: Ferrothorn
|
|upkeep
|
|t:|1666376080
|switch|p1a: Landorus|Landorus-Therian, M|60/100
|-ability|p1a: Landorus|Intimidate|boost
|-unboost|p2a: Heatran|atk|1
|turn|61
|
|t:|1666376082
|move|p1a: Landorus|Earthquake|p2a: Heatran
|-supereffective|p2a: Heatran
|-damage|p2a: Heatran|0 fnt
|faint|p2a: Heatran
|
|win|gotsnsd
|raw|gotsnsd's rating: 1438 &rarr; <strong>1458</strong><br />(+20 for winning)
|raw|minimax_ai's rating: 1434 &rarr; <strong>1414</strong><br />(-20 for losing)
|c|☆minimax_ai|gg
