|j|☆cyclonus
|j|☆Spectre Ace
|t:|1667534214
|gametype|singles
|player|p1|cyclonus|backersf|1530
|player|p2|Spectre Ace|juggler|1604
|teamsize|p1|6
|teamsize|p2|6
|gen|8
|tier|[Gen 8] OU
|rated|
|rule|Sleep Clause Mod: Limit one foe put to sleep
|rule|Species Clause: Limit one of each Pokémon
|rule|OHKO Clause: OHKO moves are banned
|rule|Evasion Items Clause: Evasion items are banned
|rule|Evasion Moves Clause: Evasion moves are banned
|rule|Endless Battle Clause: Forcing endless battles is banned
|rule|HP Percentage Mod: HP is shown in percentages
|rule|Dynamax Clause: You cannot dynamax
|clearpoke
|poke|p1|Clefable, M|
|poke|p1|Zapdos|
|poke|p1|Toxapex, M|
|poke|p1|Garchomp, F|
|poke|p1|Corviknight, M|
|poke|p1|Ferrothorn, M|
|poke|p2|Raichu-Alola, F|
|poke|p2|Tapu Koko|
|poke|p2|Weavile, F|
|poke|p2|Ferrothorn, M|
|poke|p2|Slowking-Galar, F|
|poke|p2|Landorus-Therian, M|
|teampreview
|
|t:|1667534229
|start
|switch|p1a: Sea Monster|Toxapex, M, shiny|100/100
|switch|p2a: Tapu Koko|Tapu Koko|100/100
|-fieldstart|move: Electric Terrain|[from] ability: Electric Surge|[of] p2a: Tapu Koko
|turn|1
|inactive|Battle timer is ON: inactive players will automatically lose when time's up. (requested by Spectre Ace)
|
|t:|1667534273
|move|p2a: Tapu Koko|Thunderbolt|p1a: Sea Monster
|-supereffective|p1a: Sea Monster
|-damage|p1a: Sea Monster|34/100
|move|p1a: Sea Monster|Toxic|p2a: Tapu Koko
|-status|p2a: Tapu Koko|tox
|
|-heal|p1a: Sea Monster|40/100|[from] item: Leftovers
|-damage|p2a: Tapu Koko|94/100 tox|[from] psn
|upkeep
|turn|2
|
|t:|1667534282
|switch|p1a: Fairythorn|Ferrothorn, M|100/100
|move|p2a: Tapu Koko|U-turn|p1a: Fairythorn
|-damage|p1a: Fairythorn|88/100
|-damage|p2a: Tapu Koko|82/100 tox|[from] ability: Iron Barbs|[of] p1a: Fairythorn
|
|t:|1667534286
|switch|p2a: Slowking|Slowking-Galar, F|100/100|[from]move: U-turn
|
|-heal|p1a: Fairythorn|95/100|[from] item: Leftovers
|upkeep
|turn|3
|
|t:|1667534292
|switch|p1a: Cyclonus|Zapdos|100/100
|-ability|p1a: Cyclonus|Pressure
|move|p2a: Slowking|Future Sight|p1a: Cyclonus
|-start|p2a: Slowking|move: Future Sight
|
|upkeep
|turn|4
|
|t:|1667534297
|move|p1a: Cyclonus|Substitute|p1a: Cyclonus
|-start|p1a: Cyclonus|Substitute
|-damage|p1a: Cyclonus|76/100
|move|p2a: Slowking|Sludge Bomb|p1a: Cyclonus
|-crit|p1a: Cyclonus
|-end|p1a: Cyclonus|Substitute
|
|-heal|p1a: Cyclonus|82/100|[from] item: Leftovers
|upkeep
|turn|5
|
|t:|1667534304
|move|p1a: Cyclonus|Substitute|p1a: Cyclonus
|-start|p1a: Cyclonus|Substitute
|-damage|p1a: Cyclonus|57/100
|move|p2a: Slowking|Sludge Bomb|p1a: Cyclonus
|-end|p1a: Cyclonus|Substitute
|
|-end|p1a: Cyclonus|move: Future Sight
|-damage|p1a: Cyclonus|22/100
|-heal|p1a: Cyclonus|28/100|[from] item: Leftovers
|upkeep
|turn|6
|
|t:|1667534313
|move|p1a: Cyclonus|Roost|p1a: Cyclonus
|-heal|p1a: Cyclonus|78/100
|-singleturn|p1a: Cyclonus|move: Roost
|move|p2a: Slowking|Future Sight|p1a: Cyclonus
|-start|p2a: Slowking|move: Future Sight
|
|-heal|p1a: Cyclonus|84/100|[from] item: Leftovers
|upkeep
|turn|7
|
|t:|1667534323
|switch|p1a: Skyquake|Corviknight, M, shiny|100/100
|-ability|p1a: Skyquake|Pressure
|switch|p2a: Weavile|Weavile, F|100/100
|-ability|p2a: Weavile|Pressure
|
|upkeep
|turn|8
|
|t:|1667534330
|switch|p2a: Ferrothorn|Ferrothorn, M|100/100
|move|p1a: Skyquake|Body Press|p2a: Ferrothorn
|-supereffective|p2a: Ferrothorn
|-damage|p2a: Ferrothorn|73/100
|-damage|p1a: Skyquake|88/100|[from] ability: Iron Barbs|[of] p2a: Ferrothorn
|
|-end|p1a: Skyquake|move: Future Sight
|-resisted|p1a: Skyquake
|-damage|p1a: Skyquake|65/100
|-heal|p1a: Skyquake|71/100|[from] item: Leftovers
|-heal|p2a: Ferrothorn|79/100|[from] item: Leftovers
|-fieldend|move: Electric Terrain
|upkeep
|turn|9
|
|t:|1667534353
|switch|p1a: Sharkticon|Garchomp, F, shiny|100/100
|move|p2a: Ferrothorn|Stealth Rock|p1a: Sharkticon
|-sidestart|p1: cyclonus|move: Stealth Rock
|
|-heal|p2a: Ferrothorn|85/100|[from] item: Leftovers
|upkeep
|turn|10
|
|t:|1667534359
|switch|p1a: Skyquake|Corviknight, M, shiny|71/100
|-damage|p1a: Skyquake|58/100|[from] Stealth Rock
|-ability|p1a: Skyquake|Pressure
|switch|p2a: Landorus|Landorus-Therian, M|100/100
|-ability|p2a: Landorus|Intimidate|boost
|-unboost|p1a: Skyquake|atk|1
|
|-heal|p1a: Skyquake|65/100|[from] item: Leftovers
|upkeep
|turn|11
|
|t:|1667534368
|switch|p2a: Ferrothorn|Ferrothorn, M|85/100
|move|p1a: Skyquake|Defog|p2a: Ferrothorn
|-unboost|p2a: Ferrothorn|evasion|1
|-sideend|p1: cyclonus|Stealth Rock|[from] move: Defog|[of] p1a: Skyquake
|
|-heal|p1a: Skyquake|71/100|[from] item: Leftovers
|-heal|p2a: Ferrothorn|91/100|[from] item: Leftovers
|upkeep
|turn|12
|
|t:|1667534377
|switch|p1a: Fairythorn|Ferrothorn, M|95/100
|move|p2a: Ferrothorn|Knock Off|p1a: Fairythorn
|-damage|p1a: Fairythorn|77/100
|-damage|p2a: Ferrothorn|79/100|[from] ability: Iron Barbs|[of] p1a: Fairythorn
|-enditem|p1a: Fairythorn|Leftovers|[from] move: Knock Off|[of] p2a: Ferrothorn
|
|-heal|p2a: Ferrothorn|85/100|[from] item: Leftovers
|upkeep
|turn|13
|
|t:|1667534385
|move|p1a: Fairythorn|Knock Off|p2a: Ferrothorn
|-damage|p2a: Ferrothorn|72/100
|-damage|p1a: Fairythorn|65/100|[from] ability: Iron Barbs|[of] p2a: Ferrothorn
|-enditem|p2a: Ferrothorn|Leftovers|[from] move: Knock Off|[of] p1a: Fairythorn
|move|p2a: Ferrothorn|Stealth Rock|p1a: Fairythorn
|-sidestart|p1: cyclonus|move: Stealth Rock
|
|upkeep
|turn|14
|
|t:|1667534392
|switch|p2a: Landorus|Landorus-Therian, M|100/100
|-ability|p2a: Landorus|Intimidate|boost
|-unboost|p1a: Fairythorn|atk|1
|move|p1a: Fairythorn|Stealth Rock|p2a: Landorus
|-sidestart|p2: Spectre Ace|move: Stealth Rock
|
|upkeep
|turn|15
|
|t:|1667534398
|move|p2a: Landorus|U-turn|p1a: Fairythorn
|-crit|p1a: Fairythorn
|-damage|p1a: Fairythorn|40/100
|-damage|p2a: Landorus|88/100|[from] ability: Iron Barbs|[of] p1a: Fairythorn
|
|t:|1667534399
|switch|p2a: Slowking|Slowking-Galar, F|100/100|[from]move: U-turn
|-damage|p2a: Slowking|88/100|[from] Stealth Rock
|move|p1a: Fairythorn|Leech Seed|p2a: Slowking
|-start|p2a: Slowking|move: Leech Seed
|
|-damage|p2a: Slowking|76/100|[from] Leech Seed|[of] p1a: Fairythorn
|-heal|p1a: Fairythorn|54/100|[silent]
|upkeep
|turn|16
|
|t:|1667534409
|switch|p1a: Cyclonus|Zapdos|84/100
|-damage|p1a: Cyclonus|59/100|[from] Stealth Rock
|-ability|p1a: Cyclonus|Pressure
|move|p2a: Slowking|Future Sight|p1a: Cyclonus
|-start|p2a: Slowking|move: Future Sight
|
|-heal|p1a: Cyclonus|65/100|[from] item: Leftovers
|-damage|p2a: Slowking|63/100|[from] Leech Seed|[of] p1a: Cyclonus
|-heal|p1a: Cyclonus|78/100|[silent]
|upkeep
|turn|17
|
|t:|1667534420
|switch|p2a: Weavile|Weavile, F|100/100
|-damage|p2a: Weavile|76/100|[from] Stealth Rock
|-ability|p2a: Weavile|Pressure
|move|p1a: Cyclonus|Substitute|p1a: Cyclonus
|-start|p1a: Cyclonus|Substitute
|-damage|p1a: Cyclonus|53/100
|
|-heal|p1a: Cyclonus|59/100|[from] item: Leftovers
|upkeep
|turn|18
|
|t:|1667534429
|switch|p1a: Sea Monster|Toxapex, M, shiny|74/100
|-damage|p1a: Sea Monster|62/100|[from] Stealth Rock
|move|p2a: Weavile|Knock Off|p1a: Sea Monster
|-damage|p1a: Sea Monster|1/100
|-enditem|p1a: Sea Monster|Leftovers|[from] move: Knock Off|[of] p2a: Weavile
|
|-end|p1a: Sea Monster|move: Future Sight
|-supereffective|p1a: Sea Monster
|-damage|p1a: Sea Monster|0 fnt
|faint|p1a: Sea Monster
|upkeep
|-message|cyclonus forfeited.
|
|win|Spectre Ace
|raw|cyclonus's rating: 1530 &rarr; <strong>1514</strong><br />(-16 for losing)
|raw|Spectre Ace's rating: 1604 &rarr; <strong>1620</strong><br />(+16 for winning)
|l|☆cyclonus
||Ladder isn't responding, score probably updated but might not have (Request timeout).
