|raw|<div class="broadcast-blue"><strong>This battle is required to be public due to a player having a name starting with 'lt91bb'.</div>
|j|☆dmt dreams
|j|☆LT91BB Dasmer
|t:|1659529365
|gametype|singles
|player|p1|dmt dreams|pokefan-gen4|1937
|player|p2|LT91BB Dasmer|rei|1844
|teamsize|p1|6
|teamsize|p2|6
|gen|8
|tier|[Gen 8] OU
|rated|
|rule|Sleep Clause Mod: Limit one foe put to sleep
|rule|Species Clause: Limit one of each Pokémon
|rule|OHKO Clause: OHKO moves are banned
|rule|Evasion Moves Clause: Evasion moves are banned
|rule|Endless Battle Clause: Forcing endless battles is banned
|rule|HP Percentage Mod: HP is shown in percentages
|rule|Dynamax Clause: You cannot dynamax
|clearpoke
|poke|p1|Moltres|
|poke|p1|Corviknight, F|
|poke|p1|Toxapex, F|
|poke|p1|Zeraora|
|poke|p1|Jirachi|
|poke|p1|Clefable, F|
|poke|p2|Landorus-Therian, M|
|poke|p2|Victini|
|poke|p2|Tapu Koko|
|poke|p2|Dragonite, F|
|poke|p2|Ferrothorn, F|
|poke|p2|Clefable, M|
|teampreview
|j| IDM Necromance
|l| IDM Necromance
|
|t:|1659529381
|start
|switch|p1a: Toxapex|Toxapex, F|100/100
|switch|p2a: Clefable|Clefable, M|100/100
|turn|1
|
|t:|1659529383
|switch|p1a: Clefable|Clefable, F|100/100
|move|p2a: Clefable|Trick|p1a: Clefable
|-activate|p2a: Clefable|move: Trick|[of] p1a: Clefable
|-item|p1a: Clefable|Sticky Barb|[from] move: Trick
|-item|p2a: Clefable|Leftovers|[from] move: Trick
|
|upkeep
|turn|2
|
|t:|1659529387
|switch|p2a: Ferrothorn|Ferrothorn, F|100/100
|move|p1a: Clefable|Stealth Rock|p2a: Ferrothorn
|-sidestart|p2: LT91BB Dasmer|move: Stealth Rock
|
|upkeep
|turn|3
|
|t:|1659529395
|switch|p1a: Moltres|Moltres|100/100
|-ability|p1a: Moltres|Pressure
|move|p2a: Ferrothorn|Spikes|p1a: Moltres
|-sidestart|p1: dmt dreams|Spikes
|
|upkeep
|turn|4
|inactive|Battle timer is ON: inactive players will automatically lose when time's up. (requested by dmt dreams)
|
|t:|1659529425
|switch|p2a: Clefable|Clefable, M|100/100
|move|p1a: Moltres|Defog|p2a: Clefable
|-unboost|p2a: Clefable|evasion|1
|-sideend|p2: LT91BB Dasmer|Stealth Rock|[from] move: Defog|[of] p1a: Moltres
|-sideend|p1: dmt dreams|Spikes|[from] move: Defog|[of] p1a: Moltres
|
|upkeep
|turn|5
|
|t:|1659529432
|switch|p1a: Jirachi|Jirachi|100/100
|switch|p2a: Victini|Victini|100/100
|
|upkeep
|turn|6
|
|t:|1659529439
|move|p1a: Jirachi|Protect|p1a: Jirachi
|-singleturn|p1a: Jirachi|Protect
|move|p2a: Victini|Bolt Strike|p1a: Jirachi
|-activate|p1a: Jirachi|move: Protect
|
|upkeep
|turn|7
|
|t:|1659529441
|switch|p1a: Toxapex|Toxapex, F|100/100
|move|p2a: Victini|Bolt Strike|p1a: Toxapex
|-supereffective|p1a: Toxapex
|-crit|p1a: Toxapex
|-damage|p1a: Toxapex|6/100
|
|upkeep
|turn|8
|
|t:|1659529444
|switch|p1a: Moltres|Moltres|100/100
|-ability|p1a: Moltres|Pressure
|move|p2a: Victini|Glaciate|p1a: Moltres
|-damage|p1a: Moltres|87/100
|-unboost|p1a: Moltres|spe|1
|
|upkeep
|turn|9
|
|t:|1659529448
|move|p2a: Victini|Bolt Strike|p1a: Moltres
|-supereffective|p1a: Moltres
|-damage|p1a: Moltres|31/100
|move|p1a: Moltres|Roost|p1a: Moltres
|-heal|p1a: Moltres|81/100
|-singleturn|p1a: Moltres|move: Roost
|
|upkeep
|turn|10
|
|t:|1659529452
|switch|p2a: Landorus|Landorus-Therian, M|100/100
|-ability|p2a: Landorus|Intimidate|boost
|-unboost|p1a: Moltres|atk|1
|move|p1a: Moltres|Roost|p1a: Moltres
|-heal|p1a: Moltres|100/100
|-singleturn|p1a: Moltres|move: Roost
|
|upkeep
|turn|11
|
|t:|1659529455
|switch|p1a: Corviknight|Corviknight, F|100/100
|-ability|p1a: Corviknight|Pressure
|move|p2a: Landorus|Stealth Rock|p1a: Corviknight
|-sidestart|p1: dmt dreams|move: Stealth Rock
|
|upkeep
|turn|12
|
|t:|1659529457
|move|p2a: Landorus|Swords Dance|p2a: Landorus
|-boost|p2a: Landorus|atk|2
|move|p1a: Corviknight|Defog|p2a: Landorus
|-unboost|p2a: Landorus|evasion|1
|-sideend|p1: dmt dreams|Stealth Rock|[from] move: Defog|[of] p1a: Corviknight
|
|upkeep
|turn|13
|
|t:|1659529459
|move|p2a: Landorus|Stealth Rock|p1a: Corviknight
|-sidestart|p1: dmt dreams|move: Stealth Rock
|move|p1a: Corviknight|Defog|p2a: Landorus
|-unboost|p2a: Landorus|evasion|1
|-sideend|p1: dmt dreams|Stealth Rock|[from] move: Defog|[of] p1a: Corviknight
|
|upkeep
|turn|14
|
|t:|1659529461
|move|p2a: Landorus|Swords Dance|p2a: Landorus
|-boost|p2a: Landorus|atk|2
|move|p1a: Corviknight|Defog|p2a: Landorus
|-unboost|p2a: Landorus|evasion|1
|
|upkeep
|turn|15
|
|t:|1659529463
|move|p2a: Landorus|Stealth Rock|p1a: Corviknight
|-sidestart|p1: dmt dreams|move: Stealth Rock
|move|p1a: Corviknight|Defog|p2a: Landorus
|-unboost|p2a: Landorus|evasion|1
|-sideend|p1: dmt dreams|Stealth Rock|[from] move: Defog|[of] p1a: Corviknight
|
|upkeep
|turn|16
|
|t:|1659529466
|move|p2a: Landorus|Swords Dance|p2a: Landorus
|-boost|p2a: Landorus|atk|2
|move|p1a: Corviknight|Defog|p2a: Landorus
|-unboost|p2a: Landorus|evasion|1
|
|upkeep
|turn|17
|
|t:|1659529467
|move|p2a: Landorus|Stealth Rock|p1a: Corviknight
|-sidestart|p1: dmt dreams|move: Stealth Rock
|move|p1a: Corviknight|Defog|p2a: Landorus
|-unboost|p2a: Landorus|evasion|1
|-sideend|p1: dmt dreams|Stealth Rock|[from] move: Defog|[of] p1a: Corviknight
|
|upkeep
|turn|18
|
|t:|1659529469
|move|p2a: Landorus|Stealth Rock|p1a: Corviknight
|-sidestart|p1: dmt dreams|move: Stealth Rock
|move|p1a: Corviknight|Defog|p2a: Landorus
|-unboost|p2a: Landorus|evasion|0
|-sideend|p1: dmt dreams|Stealth Rock|[from] move: Defog|[of] p1a: Corviknight
|
|upkeep
|turn|19
|
|t:|1659529471
|move|p2a: Landorus|Stealth Rock|p1a: Corviknight
|-sidestart|p1: dmt dreams|move: Stealth Rock
|move|p1a: Corviknight|Defog|p2a: Landorus
|-unboost|p2a: Landorus|evasion|0
|-sideend|p1: dmt dreams|Stealth Rock|[from] move: Defog|[of] p1a: Corviknight
|
|upkeep
|turn|20
|
|t:|1659529472
|move|p2a: Landorus|Stealth Rock|p1a: Corviknight
|-sidestart|p1: dmt dreams|move: Stealth Rock
|move|p1a: Corviknight|Defog|p2a: Landorus
|-unboost|p2a: Landorus|evasion|0
|-sideend|p1: dmt dreams|Stealth Rock|[from] move: Defog|[of] p1a: Corviknight
|
|upkeep
|turn|21
|
|t:|1659529474
|move|p2a: Landorus|Explosion|p1a: Corviknight
|-enditem|p2a: Landorus|Normal Gem|[from] gem
|-resisted|p1a: Corviknight
|-damage|p1a: Corviknight|0 fnt
|faint|p2a: Landorus
|faint|p1a: Corviknight
|
|upkeep
|
|t:|1659529479
|switch|p2a: Victini|Victini|100/100
|switch|p1a: Toxapex|Toxapex, F|40/100
|turn|22
|
|t:|1659529483
|switch|p1a: Zeraora|Zeraora|100/100
|move|p2a: Victini|Bolt Strike|p1a: Zeraora
|-immune|p1a: Zeraora|[from] ability: Volt Absorb
|
|upkeep
|turn|23
|
|t:|1659529486
|move|p1a: Zeraora|Volt Switch|p2a: Victini
|-damage|p2a: Victini|78/100
|
|t:|1659529487
|switch|p1a: Moltres|Moltres|100/100|[from]move: Volt Switch
|-ability|p1a: Moltres|Pressure
|move|p2a: Victini|Bolt Strike|p1a: Moltres|[miss]
|-miss|p2a: Victini|p1a: Moltres
|
|upkeep
|turn|24
|
|t:|1659529494
|move|p2a: Victini|U-turn|p1a: Moltres
|-resisted|p1a: Moltres
|-damage|p1a: Moltres|97/100
|
|t:|1659529520
|switch|p2a: Tapu Koko|Tapu Koko|100/100|[from]move: U-turn
|-fieldstart|move: Electric Terrain|[from] ability: Electric Surge|[of] p2a: Tapu Koko
|move|p1a: Moltres|Flamethrower|p2a: Tapu Koko
|-damage|p2a: Tapu Koko|46/100
|
|upkeep
|turn|25
|
|t:|1659529531
|switch|p1a: Zeraora|Zeraora|100/100
|move|p2a: Tapu Koko|Roost|p2a: Tapu Koko
|-heal|p2a: Tapu Koko|97/100
|-singleturn|p2a: Tapu Koko|move: Roost
|
|upkeep
|turn|26
|
|t:|1659529536
|switch|p2a: Ferrothorn|Ferrothorn, F|100/100
|move|p1a: Zeraora|Knock Off|p2a: Ferrothorn
|-damage|p2a: Ferrothorn|80/100
|-damage|p1a: Zeraora|88/100|[from] ability: Iron Barbs|[of] p2a: Ferrothorn
|-enditem|p2a: Ferrothorn|Leftovers|[from] move: Knock Off|[of] p1a: Zeraora
|
|-heal|p1a: Zeraora|94/100|[from] item: Leftovers
|upkeep
|turn|27
|
|t:|1659529538
|move|p1a: Zeraora|Volt Switch|p2a: Ferrothorn
|-resisted|p2a: Ferrothorn
|-damage|p2a: Ferrothorn|68/100
|
|t:|1659529541
|switch|p1a: Moltres|Moltres|97/100|[from]move: Volt Switch
|-ability|p1a: Moltres|Pressure
|move|p2a: Ferrothorn|Knock Off|p1a: Moltres
|-damage|p1a: Moltres|82/100
|-enditem|p1a: Moltres|Heavy-Duty Boots|[from] move: Knock Off|[of] p2a: Ferrothorn
|
|upkeep
|turn|28
|
|t:|1659529549
|switch|p2a: Clefable|Clefable, M|100/100
|move|p1a: Moltres|Scorching Sands|p2a: Clefable
|-damage|p2a: Clefable|85/100
|
|-heal|p2a: Clefable|91/100|[from] item: Leftovers
|-fieldend|move: Electric Terrain
|upkeep
|turn|29
|
|t:|1659529554
|move|p1a: Moltres|Flamethrower|p2a: Clefable
|-damage|p2a: Clefable|61/100
|move|p2a: Clefable|Moonblast|p1a: Moltres
|-resisted|p1a: Moltres
|-damage|p1a: Moltres|68/100
|-unboost|p1a: Moltres|spa|1
|
|-heal|p2a: Clefable|67/100|[from] item: Leftovers
|upkeep
|turn|30
|
|t:|1659529557
|switch|p2a: Tapu Koko|Tapu Koko|97/100
|-fieldstart|move: Electric Terrain|[from] ability: Electric Surge|[of] p2a: Tapu Koko
|move|p1a: Moltres|Roost|p1a: Moltres
|-heal|p1a: Moltres|100/100
|-singleturn|p1a: Moltres|move: Roost
|
|upkeep
|turn|31
|
|t:|1659529560
|switch|p1a: Jirachi|Jirachi|100/100
|move|p2a: Tapu Koko|Calm Mind|p2a: Tapu Koko
|-boost|p2a: Tapu Koko|spa|1
|-boost|p2a: Tapu Koko|spd|1
|
|upkeep
|turn|32
|
|t:|1659529564
|move|p2a: Tapu Koko|Calm Mind|p2a: Tapu Koko
|-boost|p2a: Tapu Koko|spa|1
|-boost|p2a: Tapu Koko|spd|1
|move|p1a: Jirachi|Iron Head|p2a: Tapu Koko
|-damage|p2a: Tapu Koko|63/100
|
|upkeep
|turn|33
|
|t:|1659529567
|move|p2a: Tapu Koko|Roost|p2a: Tapu Koko
|-heal|p2a: Tapu Koko|100/100
|-singleturn|p2a: Tapu Koko|move: Roost
|move|p1a: Jirachi|Iron Head|p2a: Tapu Koko
|-damage|p2a: Tapu Koko|66/100
|
|upkeep
|turn|34
|
|t:|1659529569
|move|p2a: Tapu Koko|Thunderbolt|p1a: Jirachi
|-damage|p1a: Jirachi|46/100
|move|p1a: Jirachi|Iron Head|p2a: Tapu Koko
|-crit|p2a: Tapu Koko
|-damage|p2a: Tapu Koko|8/100
|
|-heal|p1a: Jirachi|52/100|[from] item: Leftovers
|-fieldend|move: Electric Terrain
|upkeep
|turn|35
|
|t:|1659529572
|move|p2a: Tapu Koko|Roost|p2a: Tapu Koko
|-heal|p2a: Tapu Koko|59/100
|-singleturn|p2a: Tapu Koko|move: Roost
|move|p1a: Jirachi|Wish|p1a: Jirachi
|
|-heal|p1a: Jirachi|58/100|[from] item: Leftovers
|upkeep
|turn|36
|
|t:|1659529574
|move|p2a: Tapu Koko|Roost|p2a: Tapu Koko
|-heal|p2a: Tapu Koko|100/100
|-singleturn|p2a: Tapu Koko|move: Roost
|move|p1a: Jirachi|Iron Head|p2a: Tapu Koko
|-damage|p2a: Tapu Koko|64/100
|
|-heal|p1a: Jirachi|100/100|[from] move: Wish|[wisher] Jirachi
|upkeep
|turn|37
|
|t:|1659529577
|move|p2a: Tapu Koko|Calm Mind|p2a: Tapu Koko
|-boost|p2a: Tapu Koko|spa|1
|-boost|p2a: Tapu Koko|spd|1
|move|p1a: Jirachi|Iron Head|p2a: Tapu Koko
|-damage|p2a: Tapu Koko|28/100
|
|upkeep
|turn|38
|
|t:|1659529580
|move|p2a: Tapu Koko|Roost|p2a: Tapu Koko
|-heal|p2a: Tapu Koko|79/100
|-singleturn|p2a: Tapu Koko|move: Roost
|move|p1a: Jirachi|Iron Head|p2a: Tapu Koko
|-damage|p2a: Tapu Koko|45/100
|
|upkeep
|turn|39
|
|t:|1659529583
|move|p2a: Tapu Koko|Roost|p2a: Tapu Koko
|-heal|p2a: Tapu Koko|95/100
|-singleturn|p2a: Tapu Koko|move: Roost
|move|p1a: Jirachi|Iron Head|p2a: Tapu Koko
|-damage|p2a: Tapu Koko|57/100
|
|upkeep
|turn|40
|
|t:|1659529586
|move|p2a: Tapu Koko|Calm Mind|p2a: Tapu Koko
|-boost|p2a: Tapu Koko|spa|1
|-boost|p2a: Tapu Koko|spd|1
|move|p1a: Jirachi|Iron Head|p2a: Tapu Koko
|-damage|p2a: Tapu Koko|22/100
|
|upkeep
|turn|41
|
|t:|1659529588
|move|p2a: Tapu Koko|Roost|p2a: Tapu Koko
|-heal|p2a: Tapu Koko|72/100
|-singleturn|p2a: Tapu Koko|move: Roost
|move|p1a: Jirachi|Iron Head|p2a: Tapu Koko
|-damage|p2a: Tapu Koko|36/100
|
|upkeep
|turn|42
|
|t:|1659529591
|move|p2a: Tapu Koko|Roost|p2a: Tapu Koko
|-heal|p2a: Tapu Koko|86/100
|-singleturn|p2a: Tapu Koko|move: Roost
|move|p1a: Jirachi|Iron Head|p2a: Tapu Koko
|-damage|p2a: Tapu Koko|51/100
|
|upkeep
|turn|43
|
|t:|1659529593
|move|p2a: Tapu Koko|Roost|p2a: Tapu Koko
|-heal|p2a: Tapu Koko|100/100
|-singleturn|p2a: Tapu Koko|move: Roost
|move|p1a: Jirachi|Iron Head|p2a: Tapu Koko
|-crit|p2a: Tapu Koko
|-damage|p2a: Tapu Koko|44/100
|
|upkeep
|turn|44
|
|t:|1659529597
|move|p2a: Tapu Koko|Roost|p2a: Tapu Koko
|-heal|p2a: Tapu Koko|95/100
|-singleturn|p2a: Tapu Koko|move: Roost
|move|p1a: Jirachi|Iron Head|p2a: Tapu Koko
|-damage|p2a: Tapu Koko|58/100
|
|upkeep
|turn|45
|
|t:|1659529601
|move|p2a: Tapu Koko|Thunderbolt|p1a: Jirachi
|-damage|p1a: Jirachi|34/100
|move|p1a: Jirachi|Iron Head|p2a: Tapu Koko
|-crit|p2a: Tapu Koko
|-damage|p2a: Tapu Koko|0 fnt
|faint|p2a: Tapu Koko
|
|-heal|p1a: Jirachi|40/100|[from] item: Leftovers
|upkeep
|inactive|LT91BB Dasmer has 120 seconds left.
|inactive|LT91BB Dasmer has 90 seconds left.
|inactive|LT91BB Dasmer has 60 seconds left.
|inactive|LT91BB Dasmer has 30 seconds left.
|inactive|LT91BB Dasmer has 20 seconds left.
|inactive|LT91BB Dasmer has 15 seconds left.
|inactive|LT91BB Dasmer has 10 seconds left.
|inactive|LT91BB Dasmer has 5 seconds left.
|-message|LT91BB Dasmer lost due to inactivity.
|
|win|dmt dreams
|raw|dmt dreams's rating: 1937 &rarr; <strong>1952</strong><br />(+15 for winning)
|raw|LT91BB Dasmer's rating: 1844 &rarr; <strong>1829</strong><br />(-15 for losing)
