|j|☆cute pink mons
|j|☆enpathy
|t:|1647785468
|gametype|singles
|player|p1|cute pink mons|dawn|1742
|player|p2|enpathy|2|1711
|teamsize|p1|6
|teamsize|p2|6
|gen|8
|tier|[Gen 8] OU
|rated|
|rule|Sleep Clause Mod: Limit one foe put to sleep
|rule|Species Clause: Limit one of each Pokémon
|rule|OHKO Clause: OHKO moves are banned
|rule|Evasion Moves Clause: Evasion moves are banned
|rule|Endless Battle Clause: Forcing endless battles is banned
|rule|HP Percentage Mod: HP is shown in percentages
|rule|Dynamax Clause: You cannot dynamax
|clearpoke
|poke|p1|Jirachi|
|poke|p1|Skarmory, F|
|poke|p1|Clefable, F|
|poke|p1|Gastrodon-East, M|
|poke|p1|Toxapex, F|
|poke|p1|Hydreigon, F|
|poke|p2|Dragapult, F|
|poke|p2|Weavile, M|
|poke|p2|Kartana|
|poke|p2|Landorus-Therian, M|
|poke|p2|Blacephalon|
|poke|p2|Melmetal|
|teampreview
|
|t:|1647785476
|start
|switch|p1a: Toxapex|Toxapex, F, shiny|100/100
|switch|p2a: Landorus|Landorus-Therian, M|100/100
|-ability|p2a: Landorus|Intimidate|boost
|-unboost|p1a: Toxapex|atk|1
|turn|1
|j| shosnooper
|
|t:|1647785480
|move|p2a: Landorus|Stealth Rock|p1a: Toxapex
|-sidestart|p1: cute pink mons|move: Stealth Rock
|move|p1a: Toxapex|Toxic|p2a: Landorus
|-status|p2a: Landorus|tox
|
|-damage|p2a: Landorus|94/100 tox|[from] psn
|upkeep
|turn|2
|
|t:|1647785485
|move|p2a: Landorus|Earthquake|p1a: Toxapex
|-supereffective|p1a: Toxapex
|-damage|p1a: Toxapex|45/100
|move|p1a: Toxapex|Knock Off|p2a: Landorus
|-damage|p2a: Landorus|83/100 tox
|-enditem|p2a: Landorus|Eject Pack|[from] move: Knock Off|[of] p1a: Toxapex
|
|-damage|p2a: Landorus|71/100 tox|[from] psn
|upkeep
|turn|3
|
|t:|1647785495
|switch|p1a: Skarmory|Skarmory, F|100/100
|-damage|p1a: Skarmory|88/100|[from] Stealth Rock
|move|p2a: Landorus|U-turn|p1a: Skarmory
|-resisted|p1a: Skarmory
|-damage|p1a: Skarmory|85/100
|
|t:|1647785500
|switch|p2a: Blacephalon|Blacephalon|100/100|[from]move: U-turn
|
|upkeep
|turn|4
|
|t:|1647785503
|switch|p2a: Weavile|Weavile, M|100/100
|-ability|p2a: Weavile|Pressure
|switch|p1a: Gastrodon|Gastrodon-East, M|100/100
|-damage|p1a: Gastrodon|94/100|[from] Stealth Rock
|
|-heal|p1a: Gastrodon|100/100|[from] item: Leftovers
|upkeep
|turn|5
|
|t:|1647785511
|switch|p1a: Toxapex|Toxapex, F, shiny|78/100
|-damage|p1a: Toxapex|66/100|[from] Stealth Rock
|move|p2a: Weavile|Beat Up|p1a: Toxapex
|-damage|p1a: Toxapex|58/100
|-damage|p1a: Toxapex|49/100
|-damage|p1a: Toxapex|36/100
|-damage|p1a: Toxapex|28/100
|-damage|p1a: Toxapex|19/100
|-hitcount|p1a: Toxapex|5
|
|upkeep
|turn|6
|
|t:|1647785517
|switch|p2a: Kartana|Kartana|100/100
|switch|p1a: Clefable|Clefable, F|100/100
|-damage|p1a: Clefable|88/100|[from] Stealth Rock
|
|-heal|p1a: Clefable|94/100|[from] item: Leftovers
|upkeep
|turn|7
|
|t:|1647785520
|switch|p1a: Skarmory|Skarmory, F|85/100
|-damage|p1a: Skarmory|73/100|[from] Stealth Rock
|move|p2a: Kartana|Swords Dance|p2a: Kartana
|-boost|p2a: Kartana|atk|2
|
|upkeep
|turn|8
|
|t:|1647785524
|move|p2a: Kartana|Swords Dance|p2a: Kartana
|-boost|p2a: Kartana|atk|2
|move|p1a: Skarmory|Body Press|p2a: Kartana
|-supereffective|p2a: Kartana
|-damage|p2a: Kartana|30/100
|
|upkeep
|turn|9
|
|t:|1647785533
|switch|p1a: Jirachi|Jirachi|100/100
|-damage|p1a: Jirachi|94/100|[from] Stealth Rock
|move|p2a: Kartana|Knock Off|p1a: Jirachi
|-supereffective|p1a: Jirachi
|-damage|p1a: Jirachi|0 fnt
|-enditem|p1a: Jirachi|Leftovers|[from] move: Knock Off|[of] p2a: Kartana
|faint|p1a: Jirachi
|-ability|p2a: Kartana|Beast Boost|boost
|-boost|p2a: Kartana|atk|1
|
|upkeep
|
|t:|1647785535
|switch|p1a: Clefable|Clefable, F|94/100
|-damage|p1a: Clefable|82/100|[from] Stealth Rock
|turn|10
|
|t:|1647785537
|move|p2a: Kartana|Leaf Blade|p1a: Clefable
|-damage|p1a: Clefable|36/100
|move|p1a: Clefable|Moonblast|p2a: Kartana
|-resisted|p2a: Kartana
|-damage|p2a: Kartana|0 fnt
|faint|p2a: Kartana
|
|-heal|p1a: Clefable|42/100|[from] item: Leftovers
|upkeep
|
|t:|1647785546
|switch|p2a: Weavile|Weavile, M|100/100
|-ability|p2a: Weavile|Pressure
|turn|11
|
|t:|1647785564
|move|p2a: Weavile|Icicle Crash|p1a: Clefable
|-damage|p1a: Clefable|0 fnt
|faint|p1a: Clefable
|
|upkeep
|
|t:|1647785568
|switch|p1a: Toxapex|Toxapex, F, shiny|52/100
|-damage|p1a: Toxapex|40/100|[from] Stealth Rock
|turn|12
|
|t:|1647785570
|move|p2a: Weavile|Icicle Crash|p1a: Toxapex
|-resisted|p1a: Toxapex
|-damage|p1a: Toxapex|20/100
|move|p1a: Toxapex|Recover|p1a: Toxapex
|-heal|p1a: Toxapex|70/100
|
|upkeep
|turn|13
|
|t:|1647785577
|switch|p2a: Landorus|Landorus-Therian, M|71/100 tox
|-ability|p2a: Landorus|Intimidate|boost
|-unboost|p1a: Toxapex|atk|1
|switch|p1a: Skarmory|Skarmory, F|73/100
|-damage|p1a: Skarmory|61/100|[from] Stealth Rock
|
|-damage|p2a: Landorus|64/100 tox|[from] psn
|upkeep
|turn|14
|
|t:|1647785580
|move|p2a: Landorus|U-turn|p1a: Skarmory
|-resisted|p1a: Skarmory
|-damage|p1a: Skarmory|57/100
|
|t:|1647785585
|switch|p2a: Dragapult|Dragapult, F|100/100|[from]move: U-turn
|move|p1a: Skarmory|Defog|p2a: Dragapult
|-fail|p2a: Dragapult|unboost|[from] ability: Clear Body|[of] p2a: Dragapult
|-sideend|p1: cute pink mons|Stealth Rock|[from] move: Defog|[of] p1a: Skarmory
|
|upkeep
|turn|15
|
|t:|1647785589
|switch|p1a: Toxapex|Toxapex, F, shiny|100/100
|move|p2a: Dragapult|Dragon Darts|p1a: Toxapex
|-damage|p1a: Toxapex|78/100
|-anim|p2a: Dragapult|Dragon Darts|p1a: Toxapex
|-damage|p1a: Toxapex|56/100
|
|upkeep
|turn|16
|
|t:|1647785594
|switch|p2a: Landorus|Landorus-Therian, M|64/100 tox
|-ability|p2a: Landorus|Intimidate|boost
|-unboost|p1a: Toxapex|atk|1
|move|p1a: Toxapex|Recover|p1a: Toxapex
|-heal|p1a: Toxapex|100/100
|
|-damage|p2a: Landorus|58/100 tox|[from] psn
|upkeep
|turn|17
|
|t:|1647785596
|switch|p1a: Skarmory|Skarmory, F|57/100
|move|p2a: Landorus|U-turn|p1a: Skarmory
|-resisted|p1a: Skarmory
|-damage|p1a: Skarmory|54/100
|
|t:|1647785600
|switch|p2a: Weavile|Weavile, M|100/100|[from]move: U-turn
|-ability|p2a: Weavile|Pressure
|
|upkeep
|turn|18
|
|t:|1647785604
|switch|p1a: Toxapex|Toxapex, F, shiny|100/100
|move|p2a: Weavile|Knock Off|p1a: Toxapex
|-damage|p1a: Toxapex|56/100
|-damage|p2a: Weavile|84/100|[from] item: Rocky Helmet|[of] p1a: Toxapex
|-enditem|p1a: Toxapex|Rocky Helmet|[from] move: Knock Off|[of] p2a: Weavile
|
|upkeep
|turn|19
|
|t:|1647785610
|switch|p2a: Melmetal|Melmetal, shiny|100/100
|move|p1a: Toxapex|Recover|p1a: Toxapex
|-heal|p1a: Toxapex|100/100
|
|upkeep
|turn|20
|
|t:|1647785615
|move|p2a: Melmetal|Thunder Punch|p1a: Toxapex
|-supereffective|p1a: Toxapex
|-damage|p1a: Toxapex|33/100
|move|p1a: Toxapex|Recover|p1a: Toxapex
|-heal|p1a: Toxapex|83/100
|
|upkeep
|turn|21
|
|t:|1647785619
|switch|p2a: Landorus|Landorus-Therian, M|58/100 tox
|-ability|p2a: Landorus|Intimidate|boost
|-unboost|p1a: Toxapex|atk|1
|switch|p1a: Gastrodon|Gastrodon-East, M|100/100
|
|-damage|p2a: Landorus|52/100 tox|[from] psn
|upkeep
|turn|22
|
|t:|1647785622
|switch|p1a: Skarmory|Skarmory, F|54/100
|move|p2a: Landorus|U-turn|p1a: Skarmory
|-resisted|p1a: Skarmory
|-damage|p1a: Skarmory|51/100
|
|t:|1647785628
|switch|p2a: Blacephalon|Blacephalon|100/100|[from]move: U-turn
|
|upkeep
|turn|23
|
|t:|1647785633
|switch|p1a: Hydreigon|Hydreigon, F|100/100
|move|p2a: Blacephalon|Trick|p1a: Hydreigon
|-activate|p2a: Blacephalon|move: Trick|[of] p1a: Hydreigon
|-item|p1a: Hydreigon|Choice Scarf|[from] move: Trick
|-item|p2a: Blacephalon|Leftovers|[from] move: Trick
|
|upkeep
|turn|24
|
|t:|1647785640
|switch|p2a: Landorus|Landorus-Therian, M|52/100 tox
|-ability|p2a: Landorus|Intimidate|boost
|-unboost|p1a: Hydreigon|atk|1
|move|p1a: Hydreigon|Earth Power|p2a: Landorus
|-immune|p2a: Landorus
|
|-damage|p2a: Landorus|46/100 tox|[from] psn
|upkeep
|turn|25
|
|t:|1647785642
|switch|p1a: Skarmory|Skarmory, F|51/100
|move|p2a: Landorus|U-turn|p1a: Skarmory
|-resisted|p1a: Skarmory
|-damage|p1a: Skarmory|48/100
|
|t:|1647785646
|switch|p2a: Blacephalon|Blacephalon|100/100|[from]move: U-turn
|
|upkeep
|turn|26
|
|t:|1647785650
|switch|p1a: Gastrodon|Gastrodon-East, M|100/100
|move|p2a: Blacephalon|Shadow Ball|p1a: Gastrodon
|-crit|p1a: Gastrodon
|-damage|p1a: Gastrodon|53/100
|
|-heal|p1a: Gastrodon|59/100|[from] item: Leftovers
|upkeep
|turn|27
|
|t:|1647785656
|move|p2a: Blacephalon|Shadow Ball|p1a: Gastrodon
|-damage|p1a: Gastrodon|29/100
|move|p1a: Gastrodon|Recover|p1a: Gastrodon
|-heal|p1a: Gastrodon|79/100
|
|-heal|p1a: Gastrodon|85/100|[from] item: Leftovers
|upkeep
|turn|28
|
|t:|1647785660
|switch|p2a: Dragapult|Dragapult, F|100/100
|move|p1a: Gastrodon|Scald|p2a: Dragapult
|-resisted|p2a: Dragapult
|-damage|p2a: Dragapult|84/100
|
|-heal|p1a: Gastrodon|91/100|[from] item: Leftovers
|upkeep
|turn|29
|
|t:|1647785663
|switch|p1a: Toxapex|Toxapex, F, shiny|100/100
|move|p2a: Dragapult|U-turn|p1a: Toxapex
|-resisted|p1a: Toxapex
|-damage|p1a: Toxapex|90/100
|
|t:|1647785666
|switch|p2a: Landorus|Landorus-Therian, M|46/100 tox|[from]move: U-turn
|-ability|p2a: Landorus|Intimidate|boost
|-unboost|p1a: Toxapex|atk|1
|
|-damage|p2a: Landorus|39/100 tox|[from] psn
|upkeep
|turn|30
|
|t:|1647785670
|switch|p1a: Skarmory|Skarmory, F|48/100
|move|p2a: Landorus|U-turn|p1a: Skarmory
|-resisted|p1a: Skarmory
|-damage|p1a: Skarmory|45/100
|
|t:|1647785673
|switch|p2a: Blacephalon|Blacephalon|100/100|[from]move: U-turn
|
|upkeep
|turn|31
|
|t:|1647785676
|switch|p1a: Gastrodon|Gastrodon-East, M|91/100
|move|p2a: Blacephalon|Shadow Ball|p1a: Gastrodon
|-damage|p1a: Gastrodon|59/100
|
|-heal|p1a: Gastrodon|66/100|[from] item: Leftovers
|upkeep
|turn|32
|
|t:|1647785681
|switch|p2a: Landorus|Landorus-Therian, M|39/100 tox
|-ability|p2a: Landorus|Intimidate|boost
|-unboost|p1a: Gastrodon|atk|1
|move|p1a: Gastrodon|Recover|p1a: Gastrodon
|-heal|p1a: Gastrodon|100/100
|
|-damage|p2a: Landorus|33/100 tox|[from] psn
|upkeep
|turn|33
|
|t:|1647785683
|switch|p1a: Skarmory|Skarmory, F|45/100
|move|p2a: Landorus|U-turn|p1a: Skarmory
|-resisted|p1a: Skarmory
|-damage|p1a: Skarmory|42/100
|
|t:|1647785699
|switch|p2a: Blacephalon|Blacephalon|100/100|[from]move: U-turn
|
|upkeep
|turn|34
|
|t:|1647785703
|switch|p1a: Gastrodon|Gastrodon-East, M|100/100
|move|p2a: Blacephalon|Trick|p1a: Gastrodon
|-activate|p2a: Blacephalon|move: Trick|[of] p1a: Gastrodon
|-item|p1a: Gastrodon|Leftovers|[from] move: Trick
|-item|p2a: Blacephalon|Leftovers|[from] move: Trick
|
|upkeep
|turn|35
|
|t:|1647785710
|move|p2a: Blacephalon|Shadow Ball|p1a: Gastrodon
|-damage|p1a: Gastrodon|70/100
|move|p1a: Gastrodon|Scald|p2a: Blacephalon
|-supereffective|p2a: Blacephalon
|-damage|p2a: Blacephalon|15/100
|
|-heal|p2a: Blacephalon|22/100|[from] item: Leftovers
|-heal|p1a: Gastrodon|76/100|[from] item: Leftovers
|upkeep
|turn|36
|
|t:|1647785713
|move|p2a: Blacephalon|Shadow Ball|p1a: Gastrodon
|-damage|p1a: Gastrodon|46/100
|move|p1a: Gastrodon|Scald|p2a: Blacephalon
|-supereffective|p2a: Blacephalon
|-damage|p2a: Blacephalon|0 fnt
|faint|p2a: Blacephalon
|
|-heal|p1a: Gastrodon|52/100|[from] item: Leftovers
|upkeep
|
|t:|1647785718
|switch|p2a: Dragapult|Dragapult, F|84/100
|turn|37
|
|t:|1647785722
|switch|p2a: Landorus|Landorus-Therian, M|33/100 tox
|-ability|p2a: Landorus|Intimidate|boost
|-unboost|p1a: Gastrodon|atk|1
|switch|p1a: Toxapex|Toxapex, F, shiny|100/100
|
|-damage|p2a: Landorus|27/100 tox|[from] psn
|upkeep
|turn|38
|
|t:|1647785725
|switch|p1a: Skarmory|Skarmory, F|42/100
|move|p2a: Landorus|U-turn|p1a: Skarmory
|-resisted|p1a: Skarmory
|-damage|p1a: Skarmory|39/100
|
|t:|1647785728
|switch|p2a: Weavile|Weavile, M|84/100|[from]move: U-turn
|-ability|p2a: Weavile|Pressure
|
|upkeep
|turn|39
|
|t:|1647785732
|switch|p2a: Landorus|Landorus-Therian, M|27/100 tox
|-ability|p2a: Landorus|Intimidate|boost
|-unboost|p1a: Skarmory|atk|1
|switch|p1a: Toxapex|Toxapex, F, shiny|100/100
|
|-damage|p2a: Landorus|21/100 tox|[from] psn
|upkeep
|turn|40
|
|t:|1647785735
|switch|p1a: Skarmory|Skarmory, F|39/100
|move|p2a: Landorus|U-turn|p1a: Skarmory
|-resisted|p1a: Skarmory
|-damage|p1a: Skarmory|36/100
|
|t:|1647785740
|switch|p2a: Weavile|Weavile, M|84/100|[from]move: U-turn
|-ability|p2a: Weavile|Pressure
|
|upkeep
|turn|41
|
|t:|1647785742
|switch|p1a: Toxapex|Toxapex, F, shiny|100/100
|move|p2a: Weavile|Knock Off|p1a: Toxapex
|-damage|p1a: Toxapex|69/100
|
|upkeep
|turn|42
|
|t:|1647785756
|move|p2a: Weavile|Knock Off|p1a: Toxapex
|-damage|p1a: Toxapex|36/100
|move|p1a: Toxapex|Recover|p1a: Toxapex
|-heal|p1a: Toxapex|86/100
|
|upkeep
|turn|43
|
|t:|1647785759
|switch|p2a: Landorus|Landorus-Therian, M|21/100 tox
|-ability|p2a: Landorus|Intimidate|boost
|-unboost|p1a: Toxapex|atk|1
|move|p1a: Toxapex|Toxic|p2a: Landorus
|-fail|p2a: Landorus|tox
|
|-damage|p2a: Landorus|15/100 tox|[from] psn
|upkeep
|turn|44
|
|t:|1647785761
|switch|p1a: Skarmory|Skarmory, F|36/100
|move|p2a: Landorus|U-turn|p1a: Skarmory
|-resisted|p1a: Skarmory
|-damage|p1a: Skarmory|33/100
|
|t:|1647785782
|switch|p2a: Weavile|Weavile, M|84/100|[from]move: U-turn
|-ability|p2a: Weavile|Pressure
|
|upkeep
|turn|45
|j| Littlegreatape
|
|t:|1647785787
|switch|p2a: Landorus|Landorus-Therian, M|15/100 tox
|-ability|p2a: Landorus|Intimidate|boost
|-unboost|p1a: Skarmory|atk|1
|switch|p1a: Toxapex|Toxapex, F, shiny|100/100
|
|-damage|p2a: Landorus|8/100 tox|[from] psn
|upkeep
|turn|46
|j| BigWes95
|
|t:|1647785798
|switch|p1a: Skarmory|Skarmory, F|33/100
|move|p2a: Landorus|U-turn|p1a: Skarmory
|-resisted|p1a: Skarmory
|-damage|p1a: Skarmory|30/100
|
|t:|1647785819
|switch|p2a: Weavile|Weavile, M|84/100|[from]move: U-turn
|-ability|p2a: Weavile|Pressure
|
|upkeep
|turn|47
|
|t:|1647785822
|switch|p2a: Landorus|Landorus-Therian, M|8/100 tox
|-ability|p2a: Landorus|Intimidate|boost
|-unboost|p1a: Skarmory|atk|1
|switch|p1a: Toxapex|Toxapex, F, shiny|100/100
|
|-damage|p2a: Landorus|2/100 tox|[from] psn
|upkeep
|turn|48
|
|t:|1647785825
|switch|p1a: Skarmory|Skarmory, F|30/100
|move|p2a: Landorus|U-turn|p1a: Skarmory
|-resisted|p1a: Skarmory
|-damage|p1a: Skarmory|26/100
|
|t:|1647785830
|switch|p2a: Dragapult|Dragapult, F|84/100|[from]move: U-turn
|
|upkeep
|turn|49
|
|t:|1647785833
|switch|p1a: Toxapex|Toxapex, F, shiny|100/100
|move|p2a: Dragapult|Dragon Darts|p1a: Toxapex
|-damage|p1a: Toxapex|76/100
|-anim|p2a: Dragapult|Dragon Darts|p1a: Toxapex
|-damage|p1a: Toxapex|54/100
|
|upkeep
|turn|50
|
|t:|1647785844
|move|p2a: Dragapult|Dragon Darts|p1a: Toxapex
|-damage|p1a: Toxapex|30/100
|-anim|p2a: Dragapult|Dragon Darts|p1a: Toxapex
|-damage|p1a: Toxapex|8/100
|move|p1a: Toxapex|Knock Off|p2a: Dragapult
|-supereffective|p2a: Dragapult
|-damage|p2a: Dragapult|46/100
|-enditem|p2a: Dragapult|Choice Band|[from] move: Knock Off|[of] p1a: Toxapex
|
|upkeep
|turn|51
|
|t:|1647785847
|switch|p1a: Skarmory|Skarmory, F|26/100
|move|p2a: Dragapult|Dragon Darts|p1a: Skarmory
|-resisted|p1a: Skarmory
|-damage|p1a: Skarmory|18/100
|-anim|p2a: Dragapult|Dragon Darts|p1a: Skarmory
|-resisted|p1a: Skarmory
|-damage|p1a: Skarmory|11/100
|
|upkeep
|turn|52
|l| shosnooper
|
|t:|1647785859
|switch|p1a: Toxapex|Toxapex, F, shiny|41/100
|move|p2a: Dragapult|Dragon Darts|p1a: Toxapex
|-damage|p1a: Toxapex|27/100
|-anim|p2a: Dragapult|Dragon Darts|p1a: Toxapex
|-crit|p1a: Toxapex
|-damage|p1a: Toxapex|4/100
|
|upkeep
|turn|53
|
|t:|1647785863
|switch|p1a: Skarmory|Skarmory, F|11/100
|move|p2a: Dragapult|Dragon Darts|p1a: Skarmory
|-resisted|p1a: Skarmory
|-damage|p1a: Skarmory|4/100
|-anim|p2a: Dragapult|Dragon Darts|p1a: Skarmory
|-resisted|p1a: Skarmory
|-damage|p1a: Skarmory|0 fnt
|faint|p1a: Skarmory
|
|upkeep
|
|t:|1647785866
|switch|p1a: Toxapex|Toxapex, F, shiny|38/100
|turn|54
|
|t:|1647785870
|move|p2a: Dragapult|U-turn|p1a: Toxapex
|-resisted|p1a: Toxapex
|-damage|p1a: Toxapex|32/100
|
|t:|1647785873
|switch|p2a: Melmetal|Melmetal, shiny|100/100|[from]move: U-turn
|move|p1a: Toxapex|Recover|p1a: Toxapex
|-heal|p1a: Toxapex|82/100
|
|upkeep
|turn|55
|
|t:|1647785876
|move|p2a: Melmetal|Thunder Punch|p1a: Toxapex
|-supereffective|p1a: Toxapex
|-damage|p1a: Toxapex|16/100
|move|p1a: Toxapex|Recover|p1a: Toxapex
|-heal|p1a: Toxapex|67/100
|
|upkeep
|turn|56
|j| Marquesa-10%
|
|t:|1647785881
|switch|p2a: Weavile|Weavile, M|84/100
|-ability|p2a: Weavile|Pressure
|switch|p1a: Gastrodon|Gastrodon-East, M|52/100
|
|-heal|p1a: Gastrodon|58/100|[from] item: Leftovers
|upkeep
|turn|57
|
|t:|1647785885
|switch|p2a: Melmetal|Melmetal, shiny|100/100
|switch|p1a: Toxapex|Toxapex, F, shiny|99/100
|
|upkeep
|turn|58
|
|t:|1647785896
|move|p2a: Melmetal|Thunder Punch|p1a: Toxapex
|-supereffective|p1a: Toxapex
|-damage|p1a: Toxapex|30/100
|move|p1a: Toxapex|Recover|p1a: Toxapex
|-heal|p1a: Toxapex|80/100
|
|upkeep
|turn|59
|
|t:|1647785901
|switch|p2a: Dragapult|Dragapult, F|46/100
|move|p1a: Toxapex|Toxic|p2a: Dragapult
|-status|p2a: Dragapult|tox
|
|-damage|p2a: Dragapult|40/100 tox|[from] psn
|upkeep
|turn|60
|j| BulBaBoB
|
|t:|1647785909
|move|p2a: Dragapult|Dragon Darts|p1a: Toxapex
|-damage|p1a: Toxapex|64/100
|-anim|p2a: Dragapult|Dragon Darts|p1a: Toxapex
|-damage|p1a: Toxapex|50/100
|move|p1a: Toxapex|Recover|p1a: Toxapex
|-heal|p1a: Toxapex|100/100
|
|-damage|p2a: Dragapult|28/100 tox|[from] psn
|upkeep
|turn|61
|
|t:|1647785915
|move|p2a: Dragapult|Double-Edge|p1a: Toxapex
|-damage|p1a: Toxapex|74/100
|-damage|p2a: Dragapult|20/100 tox|[from] Recoil
|move|p1a: Toxapex|Toxic|p2a: Dragapult
|-fail|p2a: Dragapult|tox
|
|-damage|p2a: Dragapult|2/100 tox|[from] psn
|upkeep
|turn|62
|
|t:|1647785920
|move|p2a: Dragapult|Dragon Darts|p1a: Toxapex
|-damage|p1a: Toxapex|60/100
|-anim|p2a: Dragapult|Dragon Darts|p1a: Toxapex
|-damage|p1a: Toxapex|44/100
|move|p1a: Toxapex|Recover|p1a: Toxapex
|-heal|p1a: Toxapex|95/100
|
|-damage|p2a: Dragapult|0 fnt|[from] psn
|faint|p2a: Dragapult
|upkeep
|
|t:|1647785921
|switch|p2a: Landorus|Landorus-Therian, M|2/100 tox
|-ability|p2a: Landorus|Intimidate|boost
|-unboost|p1a: Toxapex|atk|1
|turn|63
|j| TJLD
|
|t:|1647785932
|switch|p1a: Hydreigon|Hydreigon, F|100/100
|move|p2a: Landorus|Stealth Rock|p1a: Hydreigon
|-sidestart|p1: cute pink mons|move: Stealth Rock
|
|-damage|p2a: Landorus|0 fnt|[from] psn
|faint|p2a: Landorus
|upkeep
|
|t:|1647785935
|switch|p2a: Melmetal|Melmetal, shiny|100/100
|turn|64
|
|t:|1647785951
|switch|p1a: Toxapex|Toxapex, F, shiny|100/100
|-damage|p1a: Toxapex|88/100|[from] Stealth Rock
|move|p2a: Melmetal|Double Iron Bash|p1a: Toxapex
|-resisted|p1a: Toxapex
|-damage|p1a: Toxapex|67/100
|-resisted|p1a: Toxapex
|-damage|p1a: Toxapex|46/100
|-hitcount|p1a: Toxapex|2
|
|upkeep
|turn|65
|
|t:|1647785956
|move|p2a: Melmetal|Double Iron Bash|p1a: Toxapex
|-resisted|p1a: Toxapex
|-damage|p1a: Toxapex|28/100
|-resisted|p1a: Toxapex
|-damage|p1a: Toxapex|8/100
|-hitcount|p1a: Toxapex|2
|cant|p1a: Toxapex|flinch
|
|upkeep
|turn|66
|
|t:|1647785962
|move|p2a: Melmetal|Double Iron Bash|p1a: Toxapex
|-resisted|p1a: Toxapex
|-damage|p1a: Toxapex|0 fnt
|faint|p1a: Toxapex
|-hitcount|p1: Toxapex|1
|
|upkeep
|
|t:|1647785963
|switch|p1a: Gastrodon|Gastrodon-East, M|58/100
|-damage|p1a: Gastrodon|52/100|[from] Stealth Rock
|turn|67
|
|t:|1647785968
|switch|p2a: Weavile|Weavile, M|84/100
|-ability|p2a: Weavile|Pressure
|move|p1a: Gastrodon|Earth Power|p2a: Weavile
|-damage|p2a: Weavile|44/100
|-unboost|p2a: Weavile|spd|1
|
|-heal|p1a: Gastrodon|58/100|[from] item: Leftovers
|upkeep
|turn|68
|
|t:|1647785983
|move|p2a: Weavile|Icicle Crash|p1a: Gastrodon
|-damage|p1a: Gastrodon|0 fnt
|faint|p1a: Gastrodon
|
|upkeep
|
|t:|1647785986
|switch|p1a: Hydreigon|Hydreigon, F|100/100
|-damage|p1a: Hydreigon|88/100|[from] Stealth Rock
|turn|69
|
|t:|1647785988
|move|p1a: Hydreigon|Flamethrower|p2a: Weavile
|-supereffective|p2a: Weavile
|-damage|p2a: Weavile|0 fnt
|faint|p2a: Weavile
|
|upkeep
|
|t:|1647785990
|switch|p2a: Melmetal|Melmetal, shiny|100/100
|turn|70
|
|t:|1647785992
|move|p1a: Hydreigon|Flamethrower|p2a: Melmetal
|-supereffective|p2a: Melmetal
|-damage|p2a: Melmetal|36/100
|move|p2a: Melmetal|Double Iron Bash|p1a: Hydreigon
|-damage|p1a: Hydreigon|9/100
|-damage|p1a: Hydreigon|0 fnt
|faint|p1a: Hydreigon
|-hitcount|p1: Hydreigon|2
|
|win|enpathy
|raw|cute pink mons's rating: 1742 &rarr; <strong>1720</strong><br />(-22 for losing)
|raw|enpathy's rating: 1711 &rarr; <strong>1733</strong><br />(+22 for winning)
|c|☆cute pink mons|gg
|c|☆enpathy|gg
|l|☆cute pink mons
|l| Littlegreatape
