|j|‽minimax_ai
|j|☆Eclipse77
|t:|1667603156
|gametype|singles
|player|p1|minimax_ai|169|1458
|player|p2|Eclipse77|169|1532
|teamsize|p1|6
|teamsize|p2|6
|gen|8
|tier|[Gen 8] OU
|rated|
|rule|Sleep Clause Mod: Limit one foe put to sleep
|rule|Species Clause: Limit one of each Pokémon
|rule|OHKO Clause: OHKO moves are banned
|rule|Evasion Items Clause: Evasion items are banned
|rule|Evasion Moves Clause: Evasion moves are banned
|rule|Endless Battle Clause: Forcing endless battles is banned
|rule|HP Percentage Mod: HP is shown in percentages
|rule|Dynamax Clause: You cannot dynamax
|clearpoke
|poke|p1|Rotom-Wash|
|poke|p1|Weavile, M|
|poke|p1|Landorus-Therian, M|
|poke|p1|Heatran, M|
|poke|p1|Tangrowth, M|
|poke|p1|Melmetal|
|poke|p2|Rillaboom, F|
|poke|p2|Tornadus-Therian, M|
|poke|p2|Blaziken, M|
|poke|p2|Melmetal|
|poke|p2|Garchomp, M|
|poke|p2|Slowbro, M|
|teampreview
|inactive|Battle timer is ON: inactive players will automatically lose when time's up. (requested by minimax_ai)
|
|t:|1667603168
|start
|switch|p1a: Landorus|Landorus-Therian, M|100/100
|switch|p2a: Rillaboom|Rillaboom, F|100/100
|-ability|p1a: Landorus|Intimidate|boost
|-unboost|p2a: Rillaboom|atk|1
|-fieldstart|move: Grassy Terrain|[from] ability: Grassy Surge|[of] p2a: Rillaboom
|turn|1
|
|t:|1667603178
|move|p2a: Rillaboom|Grassy Glide|p1a: Landorus
|-damage|p1a: Landorus|69/100
|move|p1a: Landorus|Toxic|p2a: Rillaboom|[miss]
|-miss|p1a: Landorus|p2a: Rillaboom
|
|-heal|p1a: Landorus|75/100|[from] item: Leftovers
|upkeep
|turn|2
|
|t:|1667603187
|switch|p2a: Tornadus|Tornadus-Therian, M|100/100
|move|p1a: Landorus|Toxic|p2a: Tornadus
|-status|p2a: Tornadus|tox
|
|-heal|p1a: Landorus|81/100|[from] item: Leftovers
|-damage|p2a: Tornadus|94/100 tox|[from] psn
|upkeep
|turn|3
|
|t:|1667603201
|move|p2a: Tornadus|Knock Off|p1a: Landorus
|-damage|p1a: Landorus|60/100
|-enditem|p1a: Landorus|Leftovers|[from] move: Knock Off|[of] p2a: Tornadus
|move|p1a: Landorus|Earthquake|p2a: Tornadus
|-immune|p2a: Tornadus
|
|-damage|p2a: Tornadus|82/100 tox|[from] psn
|upkeep
|turn|4
|
|t:|1667603203
|move|p2a: Tornadus|U-turn|p1a: Landorus
|-resisted|p1a: Landorus
|-crit|p1a: Landorus
|-damage|p1a: Landorus|50/100
|
|t:|1667603209
|switch|p2a: Slowbro|Slowbro, M|100/100|[from]move: U-turn
|move|p1a: Landorus|Earthquake|p2a: Slowbro
|-damage|p2a: Slowbro|87/100
|
|-heal|p2a: Slowbro|93/100|[from] Grassy Terrain
|upkeep
|turn|5
|
|t:|1667603217
|switch|p1a: Rotom|Rotom-Wash|100/100
|move|p2a: Slowbro|Scald|p1a: Rotom
|-resisted|p1a: Rotom
|-damage|p1a: Rotom|85/100
|
|-heal|p1a: Rotom|91/100|[from] item: Leftovers
|-heal|p2a: Slowbro|99/100|[from] Grassy Terrain
|-fieldend|move: Grassy Terrain
|upkeep
|turn|6
|
|t:|1667603227
|move|p1a: Rotom|Thunderbolt|p2a: Slowbro
|-supereffective|p2a: Slowbro
|-damage|p2a: Slowbro|21/100
|move|p2a: Slowbro|Toxic|p1a: Rotom
|-status|p1a: Rotom|tox
|
|-heal|p1a: Rotom|98/100 tox|[from] item: Leftovers
|-damage|p1a: Rotom|91/100 tox|[from] psn
|upkeep
|turn|7
|
|t:|1667603230
|switch|p2a: Garchomp|Garchomp, M|100/100
|move|p1a: Rotom|Hydro Pump|p2a: Garchomp
|-damage|p2a: Garchomp|74/100
|
|-heal|p1a: Rotom|98/100 tox|[from] item: Leftovers
|-heal|p2a: Garchomp|80/100|[from] item: Leftovers
|-damage|p1a: Rotom|85/100 tox|[from] psn
|upkeep
|turn|8
|
|t:|1667603240
|move|p1a: Rotom|Hydro Pump|p2a: Garchomp
|-damage|p2a: Garchomp|52/100
|move|p2a: Garchomp|Stealth Rock|p1a: Rotom
|-sidestart|p1: minimax_ai|move: Stealth Rock
|
|-heal|p1a: Rotom|91/100 tox|[from] item: Leftovers
|-heal|p2a: Garchomp|58/100|[from] item: Leftovers
|-damage|p1a: Rotom|73/100 tox|[from] psn
|upkeep
|turn|9
|
|t:|1667603243
|move|p2a: Garchomp|Protect|p2a: Garchomp
|-singleturn|p2a: Garchomp|Protect
|move|p1a: Rotom|Hydro Pump|p2a: Garchomp
|-activate|p2a: Garchomp|move: Protect
|
|-heal|p1a: Rotom|79/100 tox|[from] item: Leftovers
|-heal|p2a: Garchomp|64/100|[from] item: Leftovers
|-damage|p1a: Rotom|54/100 tox|[from] psn
|upkeep
|turn|10
|
|t:|1667603246
|switch|p2a: Slowbro|Slowbro, M|54/100
|move|p1a: Rotom|Hydro Pump|p2a: Slowbro
|-resisted|p2a: Slowbro
|-damage|p2a: Slowbro|31/100
|
|-heal|p1a: Rotom|60/100 tox|[from] item: Leftovers
|-damage|p1a: Rotom|29/100 tox|[from] psn
|upkeep
|turn|11
|
|t:|1667603248
|switch|p2a: Garchomp|Garchomp, M|64/100
|move|p1a: Rotom|Hydro Pump|p2a: Garchomp
|-damage|p2a: Garchomp|36/100
|
|-heal|p1a: Rotom|35/100 tox|[from] item: Leftovers
|-heal|p2a: Garchomp|42/100|[from] item: Leftovers
|-damage|p1a: Rotom|0 fnt|[from] psn
|faint|p1a: Rotom
|upkeep
|
|t:|1667603248
|switch|p1a: Landorus|Landorus-Therian, M|50/100
|-damage|p1a: Landorus|38/100|[from] Stealth Rock
|-ability|p1a: Landorus|Intimidate|boost
|-unboost|p2a: Garchomp|atk|1
|turn|12
|
|t:|1667603252
|move|p2a: Garchomp|Protect|p2a: Garchomp
|-singleturn|p2a: Garchomp|Protect
|move|p1a: Landorus|Earthquake|p2a: Garchomp
|-activate|p2a: Garchomp|move: Protect
|
|-heal|p2a: Garchomp|48/100|[from] item: Leftovers
|upkeep
|turn|13
|
|t:|1667603255
|switch|p2a: Tornadus|Tornadus-Therian, M|100/100 tox
|move|p1a: Landorus|Earthquake|p2a: Tornadus
|-immune|p2a: Tornadus
|
|-damage|p2a: Tornadus|94/100 tox|[from] psn
|upkeep
|turn|14
|
|t:|1667603258
|move|p2a: Tornadus|U-turn|p1a: Landorus
|-resisted|p1a: Landorus
|-damage|p1a: Landorus|31/100
|
|t:|1667603261
|switch|p2a: Slowbro|Slowbro, M|65/100|[from]move: U-turn
|move|p1a: Landorus|Earthquake|p2a: Slowbro
|-damage|p2a: Slowbro|36/100
|
|upkeep
|turn|15
|
|t:|1667603265
|move|p1a: Landorus|Earthquake|p2a: Slowbro
|-damage|p2a: Slowbro|7/100
|move|p2a: Slowbro|Teleport|p2a: Slowbro
|
|t:|1667603269
|switch|p2a: Rillaboom|Rillaboom, F|100/100|[from]move: Teleport
|-fieldstart|move: Grassy Terrain|[from] ability: Grassy Surge|[of] p2a: Rillaboom
|
|upkeep
|turn|16
|
|t:|1667603273
|move|p2a: Rillaboom|Grassy Glide|p1a: Landorus
|-damage|p1a: Landorus|0 fnt
|faint|p1a: Landorus
|
|upkeep
|
|t:|1667603273
|switch|p1a: Melmetal|Melmetal|100/100
|-damage|p1a: Melmetal|94/100|[from] Stealth Rock
|turn|17
|
|t:|1667603289
|switch|p2a: Tornadus|Tornadus-Therian, M|100/100 tox
|move|p1a: Melmetal|Double Iron Bash|p2a: Tornadus
|-damage|p2a: Tornadus|55/100 tox
|-damage|p2a: Tornadus|9/100 tox
|-hitcount|p2a: Tornadus|2
|
|-heal|p1a: Melmetal|100/100|[from] Grassy Terrain
|-damage|p2a: Tornadus|3/100 tox|[from] psn
|upkeep
|turn|18
|
|t:|1667603297
|move|p2a: Tornadus|U-turn|p1a: Melmetal
|-resisted|p1a: Melmetal
|-damage|p1a: Melmetal|97/100
|
|t:|1667603301
|switch|p2a: Slowbro|Slowbro, M|40/100|[from]move: U-turn
|move|p1a: Melmetal|Double Iron Bash|p2a: Slowbro
|-resisted|p2a: Slowbro
|-damage|p2a: Slowbro|29/100
|-damage|p1a: Melmetal|80/100|[from] item: Rocky Helmet|[of] p2a: Slowbro
|-resisted|p2a: Slowbro
|-damage|p2a: Slowbro|17/100
|-damage|p1a: Melmetal|64/100|[from] item: Rocky Helmet|[of] p2a: Slowbro
|-hitcount|p2a: Slowbro|2
|
|-heal|p1a: Melmetal|70/100|[from] Grassy Terrain
|-heal|p2a: Slowbro|23/100|[from] Grassy Terrain
|upkeep
|turn|19
|
|t:|1667603306
|switch|p2a: Garchomp|Garchomp, M|48/100
|move|p1a: Melmetal|Double Iron Bash|p2a: Garchomp
|-damage|p2a: Garchomp|16/100
|-damage|p1a: Melmetal|57/100|[from] ability: Rough Skin|[of] p2a: Garchomp
|-damage|p2a: Garchomp|0 fnt
|-damage|p1a: Melmetal|45/100|[from] ability: Rough Skin|[of] p2a: Garchomp
|faint|p2a: Garchomp
|-hitcount|p2: Garchomp|2
|
|-heal|p1a: Melmetal|51/100|[from] Grassy Terrain
|-fieldend|move: Grassy Terrain
|upkeep
|
|t:|1667603321
|switch|p2a: Blaziken|Blaziken, M|100/100
|turn|20
|
|t:|1667603323
|move|p2a: Blaziken|Swords Dance|p2a: Blaziken
|-boost|p2a: Blaziken|atk|2
|move|p1a: Melmetal|Earthquake|p2a: Blaziken
|-supereffective|p2a: Blaziken
|-damage|p2a: Blaziken|1/100
|
|-heal|p2a: Blaziken|8/100|[from] item: Leftovers
|-ability|p2a: Blaziken|Speed Boost|boost
|-boost|p2a: Blaziken|spe|1
|upkeep
|turn|21
|
|t:|1667603329
|switch|p1a: Tangrowth|Tangrowth, M|100/100
|-damage|p1a: Tangrowth|88/100|[from] Stealth Rock
|move|p2a: Blaziken|Protect||[still]
|-fail|p2a: Blaziken
|
|-heal|p2a: Blaziken|14/100|[from] item: Leftovers
|-ability|p2a: Blaziken|Speed Boost|boost
|-boost|p2a: Blaziken|spe|1
|upkeep
|turn|22
|
|t:|1667603336
|switch|p1a: Melmetal|Melmetal|51/100
|-damage|p1a: Melmetal|45/100|[from] Stealth Rock
|move|p2a: Blaziken|Flare Blitz|p1a: Melmetal
|-supereffective|p1a: Melmetal
|-damage|p1a: Melmetal|0 fnt
|faint|p1a: Melmetal
|-damage|p2a: Blaziken|0 fnt|[from] Recoil
|faint|p2a: Blaziken
|
|upkeep
|
|t:|1667603346
|switch|p2a: Melmetal|Melmetal|100/100
|switch|p1a: Tangrowth|Tangrowth, M|100/100
|-damage|p1a: Tangrowth|88/100|[from] Stealth Rock
|turn|23
|
|t:|1667603353
|switch|p2a: Tornadus|Tornadus-Therian, M|36/100 tox
|move|p1a: Tangrowth|Sleep Powder||[still]
|-fail|p1a: Tangrowth
|
|-damage|p2a: Tornadus|30/100 tox|[from] psn
|upkeep
|turn|24
|
|t:|1667603358
|switch|p1a: Heatran|Heatran, M|100/100
|-damage|p1a: Heatran|88/100|[from] Stealth Rock
|-item|p1a: Heatran|Air Balloon
|move|p2a: Tornadus|U-turn|p1a: Heatran
|-resisted|p1a: Heatran
|-damage|p1a: Heatran|84/100
|-enditem|p1a: Heatran|Air Balloon
|
|t:|1667603363
|switch|p2a: Melmetal|Melmetal|100/100|[from]move: U-turn
|
|upkeep
|turn|25
|
|t:|1667603365
|switch|p1a: Tangrowth|Tangrowth, M|100/100
|-damage|p1a: Tangrowth|88/100|[from] Stealth Rock
|move|p2a: Melmetal|Superpower|p1a: Tangrowth
|-damage|p1a: Tangrowth|61/100
|-unboost|p2a: Melmetal|atk|1
|-unboost|p2a: Melmetal|def|1
|-damage|p2a: Melmetal|84/100|[from] item: Rocky Helmet|[of] p1a: Tangrowth
|
|-heal|p2a: Melmetal|90/100|[from] item: Leftovers
|upkeep
|turn|26
|
|t:|1667603368
|switch|p1a: Heatran|Heatran, M|84/100
|-damage|p1a: Heatran|72/100|[from] Stealth Rock
|switch|p2a: Tornadus|Tornadus-Therian, M|63/100 tox
|
|-damage|p2a: Tornadus|57/100 tox|[from] psn
|upkeep
|turn|27
|
|t:|1667603371
|move|p2a: Tornadus|U-turn|p1a: Heatran
|-resisted|p1a: Heatran
|-damage|p1a: Heatran|68/100
|
|t:|1667603375
|switch|p2a: Slowbro|Slowbro, M|56/100|[from]move: U-turn
|move|p1a: Heatran|Eruption|p2a: Slowbro
|-resisted|p2a: Slowbro
|-damage|p2a: Slowbro|28/100
|
|upkeep
|turn|28
|
|t:|1667603380
|move|p1a: Heatran|Magma Storm|p2a: Slowbro
|-resisted|p2a: Slowbro
|-damage|p2a: Slowbro|2/100
|-activate|p2a: Slowbro|move: Magma Storm|[of] p1a: Heatran
|move|p2a: Slowbro|Scald|p1a: Heatran
|-supereffective|p1a: Heatran
|-damage|p1a: Heatran|10/100
|
|-damage|p2a: Slowbro|0 fnt|[from] move: Magma Storm|[partiallytrapped]
|faint|p2a: Slowbro
|upkeep
|
|t:|1667603388
|switch|p2a: Tornadus|Tornadus-Therian, M|90/100 tox
|turn|29
|
|t:|1667603390
|move|p2a: Tornadus|Knock Off|p1a: Heatran
|-damage|p1a: Heatran|0 fnt
|faint|p1a: Heatran
|
|-damage|p2a: Tornadus|84/100 tox|[from] psn
|upkeep
|
|t:|1667603390
|switch|p1a: Weavile|Weavile, M|100/100
|-damage|p1a: Weavile|76/100|[from] Stealth Rock
|-ability|p1a: Weavile|Pressure
|turn|30
|
|t:|1667603395
|move|p1a: Weavile|Triple Axel|p2a: Tornadus
|-supereffective|p2a: Tornadus
|-damage|p2a: Tornadus|54/100 tox
|-supereffective|p2a: Tornadus
|-damage|p2a: Tornadus|0 fnt
|faint|p2a: Tornadus
|-hitcount|p2: Tornadus|2
|
|upkeep
|
|t:|1667603398
|switch|p2a: Melmetal|Melmetal|90/100
|turn|31
|
|t:|1667603400
|switch|p1a: Tangrowth|Tangrowth, M|94/100
|-damage|p1a: Tangrowth|82/100|[from] Stealth Rock
|move|p2a: Melmetal|Protect||[still]
|-fail|p2a: Melmetal
|
|-heal|p2a: Melmetal|96/100|[from] item: Leftovers
|upkeep
|turn|32
|
|t:|1667603402
|move|p1a: Tangrowth|Sleep Powder|p2a: Melmetal
|-status|p2a: Melmetal|slp|[from] move: Sleep Powder
|cant|p2a: Melmetal|slp
|
|-heal|p2a: Melmetal|100/100 slp|[from] item: Leftovers
|upkeep
|turn|33
|
|t:|1667603404
|switch|p2a: Rillaboom|Rillaboom, F|100/100
|-fieldstart|move: Grassy Terrain|[from] ability: Grassy Surge|[of] p2a: Rillaboom
|move|p1a: Tangrowth|Focus Blast|p2a: Rillaboom
|-damage|p2a: Rillaboom|65/100
|
|-heal|p2a: Rillaboom|72/100|[from] Grassy Terrain
|-heal|p2a: Rillaboom|78/100|[from] item: Leftovers
|-heal|p1a: Tangrowth|88/100|[from] Grassy Terrain
|upkeep
|turn|34
|
|t:|1667603407
|move|p2a: Rillaboom|Swords Dance|p2a: Rillaboom
|-boost|p2a: Rillaboom|atk|2
|move|p1a: Tangrowth|Focus Blast|p2a: Rillaboom|[miss]
|-miss|p1a: Tangrowth|p2a: Rillaboom
|
|-heal|p2a: Rillaboom|84/100|[from] Grassy Terrain
|-heal|p2a: Rillaboom|90/100|[from] item: Leftovers
|-heal|p1a: Tangrowth|94/100|[from] Grassy Terrain
|upkeep
|turn|35
|
|t:|1667603409
|move|p2a: Rillaboom|Swords Dance|p2a: Rillaboom
|-boost|p2a: Rillaboom|atk|2
|move|p1a: Tangrowth|Focus Blast|p2a: Rillaboom
|-damage|p2a: Rillaboom|56/100
|
|-heal|p2a: Rillaboom|62/100|[from] Grassy Terrain
|-heal|p2a: Rillaboom|69/100|[from] item: Leftovers
|-heal|p1a: Tangrowth|99/100|[from] Grassy Terrain
|upkeep
|turn|36
|
|t:|1667603411
|move|p2a: Rillaboom|Swords Dance|p2a: Rillaboom
|-boost|p2a: Rillaboom|atk|2
|move|p1a: Tangrowth|Knock Off|p2a: Rillaboom
|-damage|p2a: Rillaboom|47/100
|-enditem|p2a: Rillaboom|Leftovers|[from] move: Knock Off|[of] p1a: Tangrowth
|
|-heal|p2a: Rillaboom|53/100|[from] Grassy Terrain
|-heal|p1a: Tangrowth|100/100|[from] Grassy Terrain
|upkeep
|turn|37
|
|t:|1667603413
|move|p2a: Rillaboom|Knock Off|p1a: Tangrowth
|-damage|p1a: Tangrowth|21/100
|-damage|p2a: Rillaboom|37/100|[from] item: Rocky Helmet|[of] p1a: Tangrowth
|-enditem|p1a: Tangrowth|Rocky Helmet|[from] move: Knock Off|[of] p2a: Rillaboom
|move|p1a: Tangrowth|Focus Blast|p2a: Rillaboom|[miss]
|-miss|p1a: Tangrowth|p2a: Rillaboom
|
|-heal|p2a: Rillaboom|43/100|[from] Grassy Terrain
|-heal|p1a: Tangrowth|27/100|[from] Grassy Terrain
|-fieldend|move: Grassy Terrain
|upkeep
|turn|38
|
|t:|1667603416
|switch|p1a: Weavile|Weavile, M|76/100
|-damage|p1a: Weavile|51/100|[from] Stealth Rock
|-ability|p1a: Weavile|Pressure
|move|p2a: Rillaboom|Drain Punch|p1a: Weavile
|-supereffective|p1a: Weavile
|-damage|p1a: Weavile|0 fnt
|-heal|p2a: Rillaboom|61/100|[from] drain|[of] p1a: Weavile
|faint|p1a: Weavile
|
|upkeep
|
|t:|1667603416
|switch|p1a: Tangrowth|Tangrowth, M|61/100
|-damage|p1a: Tangrowth|48/100|[from] Stealth Rock
|turn|39
|
|t:|1667603421
|move|p2a: Rillaboom|Drain Punch|p1a: Tangrowth
|-damage|p1a: Tangrowth|0 fnt
|-heal|p2a: Rillaboom|85/100|[from] drain|[of] p1a: Tangrowth
|faint|p1a: Tangrowth
|
|win|Eclipse77
|raw|minimax_ai's rating: 1458 &rarr; <strong>1442</strong><br />(-16 for losing)
|raw|Eclipse77's rating: 1532 &rarr; <strong>1548</strong><br />(+16 for winning)
