|j|☆ldailey19
|j|☆jiu_an233
|t:|1664858858
|gametype|singles
|player|p1|ldailey19|lance|1475
|player|p2|jiu_an233|waitress-gen4|1492
|teamsize|p1|6
|teamsize|p2|6
|gen|8
|tier|[Gen 8] OU
|rated|
|rule|Sleep Clause Mod: Limit one foe put to sleep
|rule|Species Clause: Limit one of each Pokémon
|rule|OHKO Clause: OHKO moves are banned
|rule|Evasion Items Clause: Evasion items are banned
|rule|Evasion Moves Clause: Evasion moves are banned
|rule|Endless Battle Clause: Forcing endless battles is banned
|rule|HP Percentage Mod: HP is shown in percentages
|rule|Dynamax Clause: You cannot dynamax
|clearpoke
|poke|p1|Magnezone|
|poke|p1|Weavile, F|
|poke|p1|Urshifu-*, F|
|poke|p1|Heatran, F|
|poke|p1|Landorus-Therian, M|
|poke|p1|Dragapult, M|
|poke|p2|Regieleki|
|poke|p2|Tapu Lele|
|poke|p2|Zoroark, F|
|poke|p2|Landorus-Therian, M|
|poke|p2|Tyranitar, F|
|poke|p2|Toxapex, F|
|teampreview
|inactive|Battle timer is ON: inactive players will automatically lose when time's up. (requested by ldailey19)
|inactive|jiu_an233 also wants the timer to be on.
|
|t:|1664858879
|start
|switch|p1a: Dragapult|Dragapult, M, shiny|100/100
|switch|p2a: Tapu Lele|Tapu Lele|100/100
|turn|1
|
|t:|1664858884
|move|p2a: Tapu Lele|Moonblast|p1a: Dragapult
|-supereffective|p1a: Dragapult
|-crit|p1a: Dragapult
|-enditem|p1a: Dragapult|Focus Sash
|-damage|p1a: Dragapult|1/100
|-unboost|p1a: Dragapult|spa|1
|move|p1a: Dragapult|U-turn|p2a: Tapu Lele
|-damage|p2a: Tapu Lele|63/100
|
|t:|1664858898
|switch|p1a: Magnezone|Magnezone, shiny|100/100|[from]move: U-turn
|
|upkeep
|turn|2
|
|t:|1664858904
|switch|p2a: Landorus|Landorus-Therian, M|100/100
|-ability|p2a: Landorus|Intimidate|boost
|-unboost|p1a: Magnezone|atk|1
|move|p1a: Magnezone|Flash Cannon|p2a: Landorus
|-damage|p2a: Landorus|50/100
|
|-heal|p2a: Landorus|57/100|[from] item: Leftovers
|upkeep
|turn|3
|
|t:|1664858913
|switch|p1a: Landorus|Landorus-Therian, M|100/100
|-ability|p1a: Landorus|Intimidate|boost
|-unboost|p2a: Landorus|atk|1
|move|p2a: Landorus|U-turn|p1a: Landorus
|-resisted|p1a: Landorus
|-damage|p1a: Landorus|95/100
|-damage|p2a: Landorus|40/100|[from] item: Rocky Helmet|[of] p1a: Landorus
|
|t:|1664858922
|switch|p2a: Tyranitar|Tyranitar, F|100/100|[from]move: U-turn
|-weather|Sandstorm|[from] ability: Sand Stream|[of] p2a: Tyranitar
|
|-weather|Sandstorm|[upkeep]
|upkeep
|turn|4
|
|t:|1664858928
|move|p2a: Tyranitar|Ice Punch|p1a: Landorus
|-supereffective|p1a: Landorus
|-damage|p1a: Landorus|0 fnt
|-damage|p2a: Tyranitar|84/100|[from] item: Rocky Helmet|[of] p1a: Landorus
|faint|p1a: Landorus
|
|-weather|Sandstorm|[upkeep]
|upkeep
|
|t:|1664858944
|switch|p1a: Dragapult|Dragapult, M, shiny|1/100
|turn|5
|
|t:|1664858948
|switch|p2a: Toxapex|Toxapex, F|100/100
|move|p1a: Dragapult|U-turn|p2a: Toxapex
|-resisted|p2a: Toxapex
|-damage|p2a: Toxapex|93/100
|-damage|p1a: Dragapult|0 fnt|[from] item: Rocky Helmet|[of] p2a: Toxapex
|faint|p1a: Dragapult
|
|-weather|Sandstorm|[upkeep]
|-damage|p2a: Toxapex|87/100|[from] Sandstorm
|upkeep
|
|t:|1664858962
|switch|p1a: Magnezone|Magnezone, shiny|100/100
|turn|6
|
|t:|1664858974
|move|p1a: Magnezone|Flash Cannon|p2a: Toxapex
|-resisted|p2a: Toxapex
|-damage|p2a: Toxapex|68/100
|move|p2a: Toxapex|Scald|p1a: Magnezone
|-damage|p1a: Magnezone|89/100
|-status|p1a: Magnezone|brn
|
|-weather|Sandstorm|[upkeep]
|-damage|p2a: Toxapex|62/100|[from] Sandstorm
|-damage|p1a: Magnezone|83/100 brn|[from] brn
|upkeep
|turn|7
|
|t:|1664858989
|switch|p2a: Tyranitar|Tyranitar, F|84/100
|move|p1a: Magnezone|Volt Switch|p2a: Tyranitar
|-damage|p2a: Tyranitar|50/100
|
|t:|1664858999
|switch|p1a: Weavile|Weavile, F|100/100|[from]move: Volt Switch
|-ability|p1a: Weavile|Pressure
|
|-weather|none
|upkeep
|turn|8
|
|t:|1664859013
|switch|p2a: Landorus|Landorus-Therian, M|40/100
|-ability|p2a: Landorus|Intimidate|boost
|-unboost|p1a: Weavile|atk|1
|move|p1a: Weavile|Low Kick|p2a: Landorus
|-resisted|p2a: Landorus
|-damage|p2a: Landorus|27/100
|
|-heal|p2a: Landorus|33/100|[from] item: Leftovers
|upkeep
|turn|9
|
|t:|1664859020
|switch|p1a: Heatran|Heatran, F, shiny|100/100
|-item|p1a: Heatran|Air Balloon
|move|p2a: Landorus|U-turn|p1a: Heatran
|-resisted|p1a: Heatran
|-damage|p1a: Heatran|95/100
|-enditem|p1a: Heatran|Air Balloon
|
|t:|1664859025
|switch|p2a: Tyranitar|Tyranitar, F|50/100|[from]move: U-turn
|-weather|Sandstorm|[from] ability: Sand Stream|[of] p2a: Tyranitar
|
|-weather|Sandstorm|[upkeep]
|upkeep
|turn|10
|
|t:|1664859035
|move|p1a: Heatran|Protect|p1a: Heatran
|-singleturn|p1a: Heatran|Protect
|move|p2a: Tyranitar|Earthquake|p1a: Heatran
|-activate|p1a: Heatran|move: Protect
|
|-weather|Sandstorm|[upkeep]
|upkeep
|turn|11
|
|t:|1664859057
|switch|p1a: Urshifu|Urshifu-Rapid-Strike, F|100/100
|move|p2a: Tyranitar|Earthquake|p1a: Urshifu
|-crit|p1a: Urshifu
|-damage|p1a: Urshifu|15/100
|
|-weather|Sandstorm|[upkeep]
|-damage|p1a: Urshifu|9/100|[from] Sandstorm
|upkeep
|turn|12
|
|t:|1664859068
|switch|p1a: Magnezone|Magnezone, shiny|83/100 brn
|switch|p2a: Toxapex|Toxapex, F|95/100
|
|-weather|Sandstorm|[upkeep]
|-damage|p2a: Toxapex|89/100|[from] Sandstorm
|-damage|p1a: Magnezone|77/100 brn|[from] brn
|upkeep
|turn|13
|
|t:|1664859072
|move|p1a: Magnezone|Volt Switch|p2a: Toxapex
|-supereffective|p2a: Toxapex
|-damage|p2a: Toxapex|21/100
|
|t:|1664859076
|switch|p1a: Weavile|Weavile, F|100/100|[from]move: Volt Switch
|-ability|p1a: Weavile|Pressure
|move|p2a: Toxapex|Scald|p1a: Weavile
|-damage|p1a: Weavile|77/100
|
|-weather|none
|upkeep
|turn|14
|
|t:|1664859088
|switch|p2a: Landorus|Landorus-Therian, M|33/100
|-ability|p2a: Landorus|Intimidate|boost
|-unboost|p1a: Weavile|atk|1
|move|p1a: Weavile|Knock Off|p2a: Landorus
|-damage|p2a: Landorus|0 fnt
|-enditem|p2a: Landorus|Leftovers|[from] move: Knock Off|[of] p1a: Weavile
|faint|p2a: Landorus
|
|upkeep
|
|t:|1664859095
|switch|p2a: Regieleki|Regieleki|100/100
|turn|15
|
|t:|1664859107
|switch|p1a: Magnezone|Magnezone, shiny|77/100 brn
|move|p2a: Regieleki|Electro Ball|p1a: Magnezone
|-resisted|p1a: Magnezone
|-damage|p1a: Magnezone|37/100 brn
|
|-damage|p1a: Magnezone|31/100 brn|[from] brn
|upkeep
|turn|16
|
|t:|1664859117
|move|p2a: Regieleki|Electro Ball|p1a: Magnezone
|-resisted|p1a: Magnezone
|-damage|p1a: Magnezone|0 fnt
|faint|p1a: Magnezone
|
|upkeep
|
|t:|1664859122
|switch|p1a: Heatran|Heatran, F, shiny|95/100
|turn|17
|
|t:|1664859134
|move|p2a: Regieleki|Electro Ball|p1a: Heatran
|-damage|p1a: Heatran|33/100
|move|p1a: Heatran|Earth Power|p2a: Regieleki
|-supereffective|p2a: Regieleki
|-damage|p2a: Regieleki|3/100
|
|upkeep
|turn|18
|
|t:|1664859164
|move|p2a: Regieleki|Electro Ball|p1a: Heatran
|-damage|p1a: Heatran|0 fnt
|faint|p1a: Heatran
|
|upkeep
|
|t:|1664859166
|switch|p1a: Urshifu|Urshifu-Rapid-Strike, F|9/100
|turn|19
|
|t:|1664859175
|move|p1a: Urshifu|Aqua Jet|p2a: Regieleki
|-damage|p2a: Regieleki|0 fnt
|faint|p2a: Regieleki
|
|upkeep
|
|t:|1664859177
|switch|p2a: Tyranitar|Tyranitar, F|100/100
|turn|20
|
|t:|1664859189
|move|p1a: Urshifu|Aqua Jet|p2a: Tyranitar
|-damage|p2a: Tyranitar|60/100
|replace|p2a: Zoroark|Zoroark, F
|-end|p2a: Zoroark|Illusion
|move|p2a: Zoroark|Night Daze|p1a: Urshifu
|-resisted|p1a: Urshifu
|-crit|p1a: Urshifu
|-damage|p1a: Urshifu|0 fnt
|faint|p1a: Urshifu
|
|upkeep
|
|t:|1664859199
|switch|p1a: Weavile|Weavile, F|77/100
|-ability|p1a: Weavile|Pressure
|turn|21
|
|t:|1664859202
|move|p1a: Weavile|Knock Off|p2a: Zoroark
|-resisted|p2a: Zoroark
|-damage|p2a: Zoroark|0 fnt
|-enditem|p2a: Zoroark|Choice Specs|[from] move: Knock Off|[of] p1a: Weavile
|faint|p2a: Zoroark
|
|upkeep
|
|t:|1664859205
|switch|p2a: Tapu Lele|Tapu Lele|63/100
|turn|22
|
|t:|1664859213
|move|p2a: Tapu Lele|Moonblast|p1a: Weavile
|-supereffective|p1a: Weavile
|-damage|p1a: Weavile|0 fnt
|faint|p1a: Weavile
|
|win|jiu_an233
|raw|ldailey19's rating: 1475 &rarr; <strong>1456</strong><br />(-19 for losing)
|raw|jiu_an233's rating: 1492 &rarr; <strong>1511</strong><br />(+19 for winning)
|l|☆ldailey19
