|j|☆Bisharp Forever
|j|☆early_human
|t:|1633728484
|gametype|singles
|player|p1|Bisharp Forever|liza|1612
|player|p2|early_human|dancer|1610
|teamsize|p1|6
|teamsize|p2|6
|gen|8
|tier|[Gen 8] OU
|rated|
|rule|Sleep Clause Mod: Limit one foe put to sleep
|rule|Species Clause: Limit one of each Pokémon
|rule|OHKO Clause: OHKO moves are banned
|rule|Evasion Moves Clause: Evasion moves are banned
|rule|Endless Battle Clause: Forcing endless battles is banned
|rule|HP Percentage Mod: HP is shown in percentages
|rule|Dynamax Clause: You cannot dynamax
|clearpoke
|poke|p1|Regirock|
|poke|p1|Zapdos|
|poke|p1|Golisopod, M|
|poke|p1|Melmetal|
|poke|p1|Blissey, F|
|poke|p1|Dragonite, M|
|poke|p2|Moltres-Galar|
|poke|p2|Aegislash, M|
|poke|p2|Buzzwole|
|poke|p2|Latios, M|
|poke|p2|Landorus-Therian, M|
|poke|p2|Bisharp, M|
|teampreview
|
|t:|1633728508
|start
|switch|p1a: Zapdos|Zapdos|100/100
|switch|p2a: Buzzwole|Buzzwole|100/100
|-ability|p1a: Zapdos|Pressure
|turn|1
|inactive|Battle timer is ON: inactive players will automatically lose when time's up. (requested by early_human)
|
|t:|1633728513
|switch|p2a: Latios|Latios, M|100/100
|move|p1a: Zapdos|Thunderbolt|p2a: Latios
|-resisted|p2a: Latios
|-crit|p2a: Latios
|-damage|p2a: Latios|71/100
|
|upkeep
|turn|2
|
|t:|1633728518
|switch|p1a: Blissey|Blissey, F|100/100
|move|p2a: Latios|Future Sight|p1a: Blissey
|-start|p2a: Latios|move: Future Sight
|
|upkeep
|turn|3
|
|t:|1633728527
|switch|p2a: Buzzwole|Buzzwole|100/100
|move|p1a: Blissey|Wish|p1a: Blissey
|
|upkeep
|turn|4
|
|t:|1633728530
|move|p1a: Blissey|Protect|p1a: Blissey
|-singleturn|p1a: Blissey|Protect
|move|p2a: Buzzwole|Close Combat|p1a: Blissey
|-activate|p1a: Blissey|move: Protect
|
|-end|p1a: Blissey|move: Future Sight
|-crit|p1a: Blissey
|-damage|p1a: Blissey|63/100
|-heal|p1a: Blissey|100/100|[from] move: Wish|[wisher] Blissey
|upkeep
|turn|5
|
|t:|1633728540
|switch|p1a: Zapdos|Zapdos|100/100
|-ability|p1a: Zapdos|Pressure
|move|p2a: Buzzwole|Close Combat|p1a: Zapdos
|-resisted|p1a: Zapdos
|-damage|p1a: Zapdos|65/100
|-unboost|p2a: Buzzwole|def|1
|-unboost|p2a: Buzzwole|spd|1
|
|upkeep
|turn|6
|
|t:|1633728547
|switch|p2a: Latios|Latios, M|71/100
|move|p1a: Zapdos|U-turn|p2a: Latios
|-supereffective|p2a: Latios
|-damage|p2a: Latios|33/100
|
|t:|1633728551
|switch|p1a: Melmetal|Melmetal|100/100|[from]move: U-turn
|
|upkeep
|turn|7
|
|t:|1633728554
|switch|p2a: Aegislash|Aegislash, M|100/100
|move|p1a: Melmetal|Double Iron Bash|p2a: Aegislash
|-resisted|p2a: Aegislash
|-damage|p2a: Aegislash|82/100
|-resisted|p2a: Aegislash
|-damage|p2a: Aegislash|66/100
|-hitcount|p2a: Aegislash|2
|
|upkeep
|turn|8
|
|t:|1633728558
|-formechange|p2a: Aegislash|Aegislash-Blade||[from] ability: Stance Change
|move|p2a: Aegislash|Shadow Ball|p1a: Melmetal
|-damage|p1a: Melmetal|67/100
|move|p1a: Melmetal|Double Iron Bash|p2a: Aegislash
|-resisted|p2a: Aegislash
|-damage|p2a: Aegislash|29/100
|-resisted|p2a: Aegislash
|-damage|p2a: Aegislash|0 fnt
|faint|p2a: Aegislash
|-hitcount|p2: Aegislash|2
|
|upkeep
|
|t:|1633728562
|switch|p2a: Buzzwole|Buzzwole|100/100
|turn|9
|
|t:|1633728570
|switch|p1a: Golisopod|Golisopod, M|100/100
|move|p2a: Buzzwole|Stone Edge|p1a: Golisopod|[miss]
|-miss|p2a: Buzzwole|p1a: Golisopod
|
|upkeep
|turn|10
|
|t:|1633728576
|switch|p1a: Regirock|Regirock|100/100
|move|p2a: Buzzwole|Stone Edge|p1a: Regirock
|-damage|p1a: Regirock|78/100
|
|-heal|p1a: Regirock|84/100|[from] item: Leftovers
|upkeep
|turn|11
|
|t:|1633728582
|switch|p2a: Landorus|Landorus-Therian, M|100/100
|-ability|p2a: Landorus|Intimidate|boost
|-unboost|p1a: Regirock|atk|1
|move|p1a: Regirock|Stealth Rock|p2a: Landorus
|-sidestart|p2: early_human|move: Stealth Rock
|
|-heal|p1a: Regirock|90/100|[from] item: Leftovers
|upkeep
|turn|12
|
|t:|1633728589
|move|p2a: Landorus|Stealth Rock|p1a: Regirock
|-sidestart|p1: Bisharp Forever|move: Stealth Rock
|move|p1a: Regirock|Toxic|p2a: Landorus
|-status|p2a: Landorus|tox
|
|-heal|p1a: Regirock|96/100|[from] item: Leftovers
|-damage|p2a: Landorus|95/100 tox|[from] psn
|upkeep
|turn|13
|
|t:|1633728594
|move|p2a: Landorus|Earthquake|p1a: Regirock
|-supereffective|p1a: Regirock
|-damage|p1a: Regirock|50/100
|move|p1a: Regirock|Counter|p2a: Landorus
|-damage|p2a: Landorus|0 fnt
|faint|p2a: Landorus
|
|-heal|p1a: Regirock|56/100|[from] item: Leftovers
|upkeep
|j| sfdgsdfafsfss
|
|t:|1633728598
|switch|p2a: Buzzwole|Buzzwole|100/100
|-damage|p2a: Buzzwole|88/100|[from] Stealth Rock
|turn|14
|
|t:|1633728604
|switch|p1a: Golisopod|Golisopod, M|100/100
|move|p2a: Buzzwole|Close Combat|p1a: Golisopod
|-resisted|p1a: Golisopod
|-damage|p1a: Golisopod|67/100
|-unboost|p2a: Buzzwole|def|1
|-unboost|p2a: Buzzwole|spd|1
|
|upkeep
|turn|15
|
|t:|1633728618
|move|p2a: Buzzwole|Close Combat|p1a: Golisopod
|-resisted|p1a: Golisopod
|-damage|p1a: Golisopod|33/100
|-unboost|p2a: Buzzwole|def|1
|-unboost|p2a: Buzzwole|spd|1
|-activate|p1a: Golisopod|ability: Emergency Exit
|
|t:|1633728626
|switch|p1a: Zapdos|Zapdos|65/100
|-ability|p1a: Zapdos|Pressure
|
|upkeep
|turn|16
|
|t:|1633728629
|switch|p2a: Bisharp|Bisharp, M|100/100
|-damage|p2a: Bisharp|94/100|[from] Stealth Rock
|move|p1a: Zapdos|Thunderbolt|p2a: Bisharp
|-damage|p2a: Bisharp|61/100
|
|upkeep
|turn|17
|
|t:|1633728633
|move|p1a: Zapdos|Thunderbolt|p2a: Bisharp
|-damage|p2a: Bisharp|27/100
|move|p2a: Bisharp|Knock Off|p1a: Zapdos
|-damage|p1a: Zapdos|24/100
|-enditem|p1a: Zapdos|Heavy-Duty Boots|[from] move: Knock Off|[of] p2a: Bisharp
|
|upkeep
|turn|18
|
|t:|1633728639
|switch|p2a: Latios|Latios, M|33/100
|-damage|p2a: Latios|20/100|[from] Stealth Rock
|move|p1a: Zapdos|Roost|p1a: Zapdos
|-heal|p1a: Zapdos|74/100
|-singleturn|p1a: Zapdos|move: Roost
|
|upkeep
|turn|19
|
|t:|1633728650
|switch|p1a: Blissey|Blissey, F|100/100
|move|p2a: Latios|Future Sight|p1a: Blissey
|-start|p2a: Latios|move: Future Sight
|
|upkeep
|turn|20
|
|t:|1633728661
|switch|p2a: Bisharp|Bisharp, M|27/100
|-damage|p2a: Bisharp|21/100|[from] Stealth Rock
|move|p1a: Blissey|Seismic Toss|p2a: Bisharp
|-damage|p2a: Bisharp|0 fnt
|faint|p2a: Bisharp
|
|upkeep
|
|t:|1633728663
|switch|p2a: Buzzwole|Buzzwole|88/100
|-damage|p2a: Buzzwole|76/100|[from] Stealth Rock
|turn|21
|
|t:|1633728666
|move|p1a: Blissey|Protect|p1a: Blissey
|-singleturn|p1a: Blissey|Protect
|move|p2a: Buzzwole|Leech Life|p1a: Blissey
|-activate|p1a: Blissey|move: Protect
|
|-end|p1a: Blissey|move: Future Sight
|-damage|p1a: Blissey|79/100
|upkeep
|turn|22
|
|t:|1633728680
|switch|p2a: Latios|Latios, M|20/100
|-damage|p2a: Latios|8/100|[from] Stealth Rock
|switch|p1a: Melmetal|Melmetal|67/100
|-damage|p1a: Melmetal|61/100|[from] Stealth Rock
|
|upkeep
|turn|23
|
|t:|1633728683
|move|p2a: Latios|Mystical Fire|p1a: Melmetal
|-supereffective|p1a: Melmetal
|-damage|p1a: Melmetal|27/100
|-unboost|p1a: Melmetal|spa|1
|move|p1a: Melmetal|Double Iron Bash|p2a: Latios
|-damage|p2a: Latios|0 fnt
|faint|p2a: Latios
|-hitcount|p2: Latios|1
|
|upkeep
|
|t:|1633728695
|switch|p2a: Moltres|Moltres-Galar|100/100
|turn|24
|
|t:|1633728699
|move|p2a: Moltres|Fiery Wrath|p1a: Melmetal
|-damage|p1a: Melmetal|0 fnt
|faint|p1a: Melmetal
|
|upkeep
|
|t:|1633728704
|switch|p1a: Blissey|Blissey, F|79/100
|turn|25
|
|t:|1633728707
|switch|p2a: Buzzwole|Buzzwole|76/100
|-damage|p2a: Buzzwole|63/100|[from] Stealth Rock
|move|p1a: Blissey|Wish|p1a: Blissey
|
|upkeep
|turn|26
|
|t:|1633728715
|move|p1a: Blissey|Protect|p1a: Blissey
|-singleturn|p1a: Blissey|Protect
|move|p2a: Buzzwole|Stone Edge|p1a: Blissey
|-activate|p1a: Blissey|move: Protect
|
|-heal|p1a: Blissey|100/100|[from] move: Wish|[wisher] Blissey
|upkeep
|turn|27
|
|t:|1633728721
|move|p2a: Buzzwole|Stone Edge|p1a: Blissey
|-damage|p1a: Blissey|55/100
|move|p1a: Blissey|Wish|p1a: Blissey
|
|upkeep
|turn|28
|
|t:|1633728726
|switch|p2a: Moltres|Moltres-Galar|100/100
|switch|p1a: Regirock|Regirock|56/100
|-damage|p1a: Regirock|44/100|[from] Stealth Rock
|
|-heal|p1a: Regirock|100/100|[from] move: Wish|[wisher] Blissey
|upkeep
|turn|29
|
|t:|1633728728
|switch|p2a: Buzzwole|Buzzwole|63/100
|-damage|p2a: Buzzwole|51/100|[from] Stealth Rock
|move|p1a: Regirock|Toxic|p2a: Buzzwole
|-status|p2a: Buzzwole|tox
|
|-damage|p2a: Buzzwole|45/100 tox|[from] psn
|upkeep
|turn|30
|
|t:|1633728734
|move|p2a: Buzzwole|Close Combat|p1a: Regirock
|-supereffective|p1a: Regirock
|-damage|p1a: Regirock|22/100
|-unboost|p2a: Buzzwole|def|1
|-unboost|p2a: Buzzwole|spd|1
|move|p1a: Regirock|Counter|p2a: Buzzwole
|-damage|p2a: Buzzwole|0 fnt
|faint|p2a: Buzzwole
|
|-heal|p1a: Regirock|29/100|[from] item: Leftovers
|upkeep
|
|t:|1633728737
|switch|p2a: Moltres|Moltres-Galar|100/100
|turn|31
|
|t:|1633728741
|move|p2a: Moltres|Fiery Wrath|p1a: Regirock
|-damage|p1a: Regirock|0 fnt
|faint|p1a: Regirock
|
|upkeep
|
|t:|1633728747
|switch|p1a: Dragonite|Dragonite, M|100/100
|turn|32
|
|t:|1633728750
|move|p2a: Moltres|Agility|p2a: Moltres
|-boost|p2a: Moltres|spe|2
|move|p1a: Dragonite|Dragon Dance|p1a: Dragonite
|-boost|p1a: Dragonite|atk|1
|-boost|p1a: Dragonite|spe|1
|
|upkeep
|turn|33
|
|t:|1633728754
|move|p2a: Moltres|Nasty Plot|p2a: Moltres
|-boost|p2a: Moltres|spa|2
|move|p1a: Dragonite|Dragon Dance|p1a: Dragonite
|-boost|p1a: Dragonite|atk|1
|-boost|p1a: Dragonite|spe|1
|
|upkeep
|turn|34
|
|t:|1633728756
|move|p2a: Moltres|Agility|p2a: Moltres
|-boost|p2a: Moltres|spe|2
|move|p1a: Dragonite|Dragon Dance|p1a: Dragonite
|-boost|p1a: Dragonite|atk|1
|-boost|p1a: Dragonite|spe|1
|
|upkeep
|turn|35
|
|t:|1633728761
|move|p2a: Moltres|Fiery Wrath|p1a: Dragonite
|-damage|p1a: Dragonite|55/100
|move|p1a: Dragonite|Ice Punch|p2a: Moltres
|-supereffective|p2a: Moltres
|-damage|p2a: Moltres|0 fnt
|faint|p2a: Moltres
|
|win|Bisharp Forever
|raw|Bisharp Forever's rating: 1612 &rarr; <strong>1632</strong><br />(+20 for winning)
|raw|early_human's rating: 1610 &rarr; <strong>1590</strong><br />(-20 for losing)
|l|☆early_human
