|j|☆seventhfeather
|j|☆Forcemew2
|t:|1647177858
|gametype|singles
|player|p1|seventhfeather|lady|1572
|player|p2|Forcemew2|burglar|1599
|teamsize|p1|6
|teamsize|p2|6
|gen|8
|tier|[Gen 8] OU
|rated|
|rule|Sleep Clause Mod: Limit one foe put to sleep
|rule|Species Clause: Limit one of each Pokémon
|rule|OHKO Clause: OHKO moves are banned
|rule|Evasion Moves Clause: Evasion moves are banned
|rule|Endless Battle Clause: Forcing endless battles is banned
|rule|HP Percentage Mod: HP is shown in percentages
|rule|Dynamax Clause: You cannot dynamax
|clearpoke
|poke|p1|Kartana|
|poke|p1|Skarmory, M|
|poke|p1|Hippowdon, M|
|poke|p1|Tapu Fini|
|poke|p1|Magnezone|
|poke|p1|Dragonite, F|
|poke|p2|Tapu Lele|
|poke|p2|Alakazam, F|
|poke|p2|Tyranitar, M|
|poke|p2|Corviknight, F|
|poke|p2|Garchomp, M|
|poke|p2|Zeraora|
|teampreview
|inactive|Battle timer is ON: inactive players will automatically lose when time's up. (requested by seventhfeather)
|
|t:|1647177867
|start
|switch|p1a: Hippowdon|Hippowdon, M|100/100
|switch|p2a: Tapu Lele|Tapu Lele|100/100
|-fieldstart|move: Psychic Terrain|[from] ability: Psychic Surge|[of] p2a: Tapu Lele
|-weather|Sandstorm|[from] ability: Sand Stream|[of] p1a: Hippowdon
|turn|1
|j| Lumi1kg
|
|t:|1647177880
|switch|p1a: Magnezone|Magnezone|100/100
|move|p2a: Tapu Lele|Nature's Madness|p1a: Magnezone
|-damage|p1a: Magnezone|51/100
|
|-weather|Sandstorm|[upkeep]
|-damage|p2a: Tapu Lele|94/100|[from] Sandstorm
|upkeep
|turn|2
|
|t:|1647177890
|switch|p2a: Zeraora|Zeraora|100/100
|move|p1a: Magnezone|Flash Cannon|p2a: Zeraora
|-resisted|p2a: Zeraora
|-damage|p2a: Zeraora|73/100
|
|-weather|Sandstorm|[upkeep]
|-damage|p2a: Zeraora|67/100|[from] Sandstorm
|upkeep
|turn|3
|
|t:|1647177897
|switch|p1a: Hippowdon|Hippowdon, M|100/100
|move|p2a: Zeraora|Knock Off|p1a: Hippowdon
|-damage|p1a: Hippowdon|79/100
|-enditem|p1a: Hippowdon|Leftovers|[from] move: Knock Off|[of] p2a: Zeraora
|
|-weather|Sandstorm|[upkeep]
|-damage|p2a: Zeraora|61/100|[from] Sandstorm
|upkeep
|turn|4
|
|t:|1647177910
|switch|p2a: Alakazam|Alakazam, F|100/100
|move|p1a: Hippowdon|Stealth Rock|p2a: Alakazam
|-sidestart|p2: Forcemew2|move: Stealth Rock
|
|-weather|Sandstorm|[upkeep]
|upkeep
|turn|5
|
|t:|1647177918
|switch|p1a: Tapu Fini|Tapu Fini|100/100
|-fieldstart|move: Misty Terrain|[from] ability: Misty Surge|[of] p1a: Tapu Fini
|move|p2a: Alakazam|Nasty Plot|p2a: Alakazam
|-boost|p2a: Alakazam|spa|2
|
|-weather|none
|upkeep
|turn|6
|
|t:|1647177931
|move|p2a: Alakazam|Expanding Force|p1a: Tapu Fini
|-damage|p1a: Tapu Fini|36/100
|move|p1a: Tapu Fini|Surf|p2a: Alakazam
|-damage|p2a: Alakazam|55/100
|
|-heal|p1a: Tapu Fini|42/100|[from] item: Leftovers
|upkeep
|turn|7
|
|t:|1647177937
|move|p2a: Alakazam|Expanding Force|p1a: Tapu Fini
|-damage|p1a: Tapu Fini|0 fnt
|faint|p1a: Tapu Fini
|
|upkeep
|
|t:|1647177938
|switch|p1a: Kartana|Kartana|100/100
|turn|8
|inactive|Forcemew2 has 120 seconds left.
|
|t:|1647177976
|switch|p2a: Corviknight|Corviknight, F|100/100
|-damage|p2a: Corviknight|88/100|[from] Stealth Rock
|-ability|p2a: Corviknight|Pressure
|move|p1a: Kartana|Knock Off|p2a: Corviknight
|-damage|p2a: Corviknight|61/100
|-damage|p1a: Kartana|84/100|[from] item: Rocky Helmet|[of] p2a: Corviknight
|-enditem|p2a: Corviknight|Rocky Helmet|[from] move: Knock Off|[of] p1a: Kartana
|
|upkeep
|turn|9
|inactive|Forcemew2 has 120 seconds left.
|
|t:|1647177985
|switch|p1a: Magnezone|Magnezone|51/100
|move|p2a: Corviknight|U-turn|p1a: Magnezone
|-resisted|p1a: Magnezone
|-damage|p1a: Magnezone|44/100
|inactive|Forcemew2 has 120 seconds left.
|
|t:|1647178010
|switch|p2a: Tyranitar|Tyranitar, M|100/100|[from]move: U-turn
|-damage|p2a: Tyranitar|88/100|[from] Stealth Rock
|-weather|Sandstorm|[from] ability: Sand Stream|[of] p2a: Tyranitar
|
|-weather|Sandstorm|[upkeep]
|-heal|p2a: Tyranitar|94/100|[from] item: Leftovers
|-fieldend|Misty Terrain
|upkeep
|turn|10
|
|t:|1647178021
|move|p1a: Magnezone|Body Press|p2a: Tyranitar
|-supereffective|p2a: Tyranitar
|-damage|p2a: Tyranitar|34/100
|move|p2a: Tyranitar|Stealth Rock|p1a: Magnezone
|-sidestart|p1: seventhfeather|move: Stealth Rock
|
|-weather|Sandstorm|[upkeep]
|-heal|p2a: Tyranitar|40/100|[from] item: Leftovers
|upkeep
|turn|11
|
|t:|1647178027
|switch|p2a: Zeraora|Zeraora|61/100
|move|p1a: Magnezone|Body Press|p2a: Zeraora
|-damage|p2a: Zeraora|35/100
|
|-weather|Sandstorm|[upkeep]
|-damage|p2a: Zeraora|29/100|[from] Sandstorm
|upkeep
|turn|12
|inactive|Forcemew2 has 120 seconds left.
|l| Lumi1kg
|
|t:|1647178035
|switch|p1a: Hippowdon|Hippowdon, M|79/100
|-damage|p1a: Hippowdon|73/100|[from] Stealth Rock
|move|p2a: Zeraora|Blaze Kick|p1a: Hippowdon
|-damage|p1a: Hippowdon|56/100
|-status|p1a: Hippowdon|brn
|
|-weather|Sandstorm|[upkeep]
|-damage|p2a: Zeraora|23/100|[from] Sandstorm
|-damage|p1a: Hippowdon|49/100 brn|[from] brn
|upkeep
|turn|13
|inactive|Forcemew2 has 120 seconds left.
|
|t:|1647178046
|switch|p2a: Garchomp|Garchomp, M|100/100
|-damage|p2a: Garchomp|94/100|[from] Stealth Rock
|move|p1a: Hippowdon|Slack Off|p1a: Hippowdon
|-heal|p1a: Hippowdon|99/100 brn
|
|-weather|none
|-damage|p1a: Hippowdon|93/100 brn|[from] brn
|upkeep
|turn|14
|
|t:|1647178049
|move|p2a: Garchomp|Swords Dance|p2a: Garchomp
|-boost|p2a: Garchomp|atk|2
|move|p1a: Hippowdon|Toxic|p2a: Garchomp
|-status|p2a: Garchomp|tox
|
|-damage|p2a: Garchomp|88/100 tox|[from] psn
|-damage|p1a: Hippowdon|87/100 brn|[from] brn
|upkeep
|turn|15
|inactive|Forcemew2 has 120 seconds left.
|
|t:|1647178070
|switch|p1a: Skarmory|Skarmory, M|100/100
|-damage|p1a: Skarmory|88/100|[from] Stealth Rock
|move|p2a: Garchomp|Earthquake|p1a: Skarmory
|-immune|p1a: Skarmory
|
|-damage|p2a: Garchomp|76/100 tox|[from] psn
|upkeep
|turn|16
|
|t:|1647178073
|move|p2a: Garchomp|Fire Fang|p1a: Skarmory
|-supereffective|p1a: Skarmory
|-damage|p1a: Skarmory|21/100
|-status|p1a: Skarmory|brn
|-damage|p2a: Garchomp|59/100 tox|[from] item: Rocky Helmet|[of] p1a: Skarmory
|-damage|p2a: Garchomp|50/100 tox|[from] item: Life Orb
|move|p1a: Skarmory|Whirlwind|p2a: Garchomp
|drag|p2a: Zeraora|Zeraora|23/100
|
|-damage|p1a: Skarmory|15/100 brn|[from] brn
|upkeep
|turn|17
|
|t:|1647178088
|move|p2a: Zeraora|Knock Off|p1a: Skarmory
|-damage|p1a: Skarmory|0 fnt
|-damage|p2a: Zeraora|6/100|[from] item: Rocky Helmet|[of] p1a: Skarmory
|-enditem|p1a: Skarmory|Rocky Helmet|[from] move: Knock Off|[of] p2a: Zeraora
|faint|p1a: Skarmory
|
|upkeep
|
|t:|1647178092
|switch|p1a: Hippowdon|Hippowdon, M|87/100 brn
|-damage|p1a: Hippowdon|81/100 brn|[from] Stealth Rock
|-weather|Sandstorm|[from] ability: Sand Stream|[of] p1a: Hippowdon
|turn|18
|
|t:|1647178102
|switch|p2a: Corviknight|Corviknight, F|61/100
|-damage|p2a: Corviknight|48/100|[from] Stealth Rock
|-ability|p2a: Corviknight|Pressure
|move|p1a: Hippowdon|Slack Off|p1a: Hippowdon
|-heal|p1a: Hippowdon|100/100 brn
|
|-weather|Sandstorm|[upkeep]
|-damage|p1a: Hippowdon|94/100 brn|[from] brn
|upkeep
|turn|19
|j| Nextgene
|l| Nextgene
|
|t:|1647178119
|switch|p1a: Magnezone|Magnezone|44/100
|-damage|p1a: Magnezone|38/100|[from] Stealth Rock
|move|p2a: Corviknight|U-turn|p1a: Magnezone
|-resisted|p1a: Magnezone
|-damage|p1a: Magnezone|31/100
|inactive|Forcemew2 has 120 seconds left.
|
|t:|1647178135
|switch|p2a: Alakazam|Alakazam, F|55/100|[from]move: U-turn
|
|-weather|Sandstorm|[upkeep]
|upkeep
|turn|20
|inactive|Forcemew2 has 120 seconds left.
|
|t:|1647178147
|switch|p1a: Dragonite|Dragonite, F|100/100
|move|p2a: Alakazam|Focus Blast|p1a: Dragonite
|-resisted|p1a: Dragonite
|-damage|p1a: Dragonite|91/100
|
|-weather|Sandstorm|[upkeep]
|-damage|p1a: Dragonite|84/100|[from] Sandstorm
|upkeep
|turn|21
|inactive|Forcemew2 has 120 seconds left.
|
|t:|1647178157
|switch|p2a: Tapu Lele|Tapu Lele|94/100
|-damage|p2a: Tapu Lele|82/100|[from] Stealth Rock
|-fieldstart|move: Psychic Terrain|[from] ability: Psychic Surge|[of] p2a: Tapu Lele
|move|p1a: Dragonite|Earthquake|p2a: Tapu Lele
|-damage|p2a: Tapu Lele|39/100
|
|-weather|Sandstorm|[upkeep]
|-damage|p2a: Tapu Lele|33/100|[from] Sandstorm
|-damage|p1a: Dragonite|78/100|[from] Sandstorm
|upkeep
|turn|22
|
|t:|1647178171
|switch|p1a: Hippowdon|Hippowdon, M|94/100 brn
|-damage|p1a: Hippowdon|88/100 brn|[from] Stealth Rock
|move|p2a: Tapu Lele|Nature's Madness|p1a: Hippowdon
|-damage|p1a: Hippowdon|44/100 brn
|
|-weather|none
|-damage|p1a: Hippowdon|38/100 brn|[from] brn
|upkeep
|turn|23
|
|t:|1647178181
|move|p2a: Tapu Lele|Taunt|p1a: Hippowdon
|-start|p1a: Hippowdon|move: Taunt
|cant|p1a: Hippowdon|move: Taunt|Slack Off
|
|-damage|p1a: Hippowdon|32/100 brn|[from] brn
|upkeep
|turn|24
|
|t:|1647178186
|move|p2a: Tapu Lele|Psyshock|p1a: Hippowdon
|-damage|p1a: Hippowdon|0 fnt
|faint|p1a: Hippowdon
|
|upkeep
|
|t:|1647178190
|switch|p1a: Kartana|Kartana|84/100
|-damage|p1a: Kartana|78/100|[from] Stealth Rock
|turn|25
|
|t:|1647178202
|switch|p2a: Tyranitar|Tyranitar, M|40/100
|-damage|p2a: Tyranitar|28/100|[from] Stealth Rock
|-weather|Sandstorm|[from] ability: Sand Stream|[of] p2a: Tyranitar
|move|p1a: Kartana|Knock Off|p2a: Tyranitar
|-resisted|p2a: Tyranitar
|-damage|p2a: Tyranitar|11/100
|-enditem|p2a: Tyranitar|Leftovers|[from] move: Knock Off|[of] p1a: Kartana
|
|-weather|Sandstorm|[upkeep]
|upkeep
|turn|26
|
|t:|1647178215
|move|p1a: Kartana|Knock Off|p2a: Tyranitar
|-resisted|p2a: Tyranitar
|-damage|p2a: Tyranitar|0 fnt
|faint|p2a: Tyranitar
|-ability|p1a: Kartana|Beast Boost|boost
|-boost|p1a: Kartana|atk|1
|
|-weather|Sandstorm|[upkeep]
|upkeep
|
|t:|1647178231
|switch|p2a: Corviknight|Corviknight, F|48/100
|-damage|p2a: Corviknight|36/100|[from] Stealth Rock
|-ability|p2a: Corviknight|Pressure
|turn|27
|
|t:|1647178236
|move|p1a: Kartana|Knock Off|p2a: Corviknight
|-damage|p2a: Corviknight|8/100
|move|p2a: Corviknight|Roost|p2a: Corviknight
|-heal|p2a: Corviknight|58/100
|-singleturn|p2a: Corviknight|move: Roost
|
|-weather|Sandstorm|[upkeep]
|upkeep
|turn|28
|
|t:|1647178249
|move|p1a: Kartana|Knock Off|p2a: Corviknight
|-damage|p2a: Corviknight|32/100
|move|p2a: Corviknight|U-turn|p1a: Kartana
|-damage|p1a: Kartana|63/100
|
|t:|1647178253
|switch|p2a: Zeraora|Zeraora|6/100|[from]move: U-turn
|
|-weather|Sandstorm|[upkeep]
|-damage|p2a: Zeraora|0 fnt|[from] Sandstorm
|faint|p2a: Zeraora
|-fieldend|move: Psychic Terrain
|upkeep
|
|t:|1647178265
|switch|p2a: Corviknight|Corviknight, F|32/100
|-damage|p2a: Corviknight|19/100|[from] Stealth Rock
|-ability|p2a: Corviknight|Pressure
|turn|29
|
|t:|1647178268
|move|p1a: Kartana|Knock Off|p2a: Corviknight
|-damage|p2a: Corviknight|0 fnt
|faint|p2a: Corviknight
|-ability|p1a: Kartana|Beast Boost|boost
|-boost|p1a: Kartana|atk|1
|
|-weather|none
|upkeep
|
|t:|1647178271
|switch|p2a: Alakazam|Alakazam, F|55/100
|turn|30
|
|t:|1647178273
|move|p1a: Kartana|Knock Off|p2a: Alakazam
|-supereffective|p2a: Alakazam
|-damage|p2a: Alakazam|0 fnt
|-enditem|p2a: Alakazam|Focus Sash|[from] move: Knock Off|[of] p1a: Kartana
|faint|p2a: Alakazam
|-ability|p1a: Kartana|Beast Boost|boost
|-boost|p1a: Kartana|atk|1
|
|upkeep
|-message|Forcemew2 forfeited.
|
|win|seventhfeather
|raw|seventhfeather's rating: 1572 &rarr; <strong>1594</strong><br />(+22 for winning)
|raw|Forcemew2's rating: 1599 &rarr; <strong>1577</strong><br />(-22 for losing)
|l|☆Forcemew2
|c|☆seventhfeather|gg
