|j|☆Davidvalder
|j|☆GuardArc
|t:|1605398142
|player|p1|Davidvalder|cynthia-gen4|
|player|p2|GuardArc|alder|
|teamsize|p1|6
|teamsize|p2|6
|gametype|singles
|gen|8
|tier|[Gen 8] OU
|clearpoke
|poke|p1|Spectrier|
|poke|p1|Toxapex, F|
|poke|p1|Heatran, F|
|poke|p1|Zapdos|
|poke|p1|Zygarde|
|poke|p1|Terrakion|
|poke|p2|Pheromosa|
|poke|p2|Blissey, F|
|poke|p2|Swampert, M|
|poke|p2|Moltres|
|poke|p2|Tapu Koko|
|poke|p2|Hawlucha, F|
|rule|Sleep Clause Mod: Limit one foe put to sleep
|rule|Species Clause: Limit one of each Pokémon
|rule|OHKO Clause: OHKO moves are banned
|rule|Evasion Moves Clause: Evasion moves are banned
|rule|Endless Battle Clause: Forcing endless battles is banned
|rule|HP Percentage Mod: HP is shown in percentages
|rule|Dynamax Clause: You cannot dynamax
|teampreview
|c|☆Davidvalder|Glhf
|c|☆GuardArc|game 2. gl hf
|
|t:|1605398194
|start
|switch|p1a: Heatran|Heatran, F|100/100
|switch|p2a: Swampert|Swampert, M|100/100
|turn|1
|
|t:|1605398206
|move|p1a: Heatran|Taunt|p2a: Swampert
|-start|p2a: Swampert|move: Taunt
|move|p2a: Swampert|Flip Turn|p1a: Heatran
|-supereffective|p1a: Heatran
|-damage|p1a: Heatran|60/100
|
|t:|1605398224
|switch|p2a: Pheromosa|Pheromosa|100/100|[from]move: Flip Turn
|
|-heal|p1a: Heatran|66/100|[from] item: Leftovers
|upkeep
|turn|2
|
|t:|1605398235
|switch|p1a: Toxapex|Toxapex, F|100/100
|move|p2a: Pheromosa|Close Combat|p1a: Toxapex
|-resisted|p1a: Toxapex
|-damage|p1a: Toxapex|77/100
|-unboost|p2a: Pheromosa|def|1
|-unboost|p2a: Pheromosa|spd|1
|-damage|p2a: Pheromosa|84/100|[from] item: Rocky Helmet|[of] p1a: Toxapex
|
|upkeep
|turn|3
|c|☆Davidvalder|You could change teams
|c|☆GuardArc|I know I can but I chose not to
|
|t:|1605398252
|move|p2a: Pheromosa|U-turn|p1a: Toxapex
|-resisted|p1a: Toxapex
|-damage|p1a: Toxapex|63/100
|-damage|p2a: Pheromosa|67/100|[from] item: Rocky Helmet|[of] p1a: Toxapex
|
|t:|1605398256
|switch|p2a: Tapu Koko|Tapu Koko|100/100|[from]move: U-turn
|-fieldstart|move: Electric Terrain|[from] ability: Electric Surge|[of] p2a: Tapu Koko
|move|p1a: Toxapex|Toxic|p2a: Tapu Koko
|-status|p2a: Tapu Koko|tox
|
|-damage|p2a: Tapu Koko|94/100 tox|[from] psn
|upkeep
|turn|4
|j| Yung Mus
|
|t:|1605398340
|switch|p1a: Heatran|Heatran, F|66/100
|move|p2a: Tapu Koko|Thunderbolt|p1a: Heatran
|-damage|p1a: Heatran|18/100
|-status|p1a: Heatran|par
|
|-heal|p1a: Heatran|24/100 par|[from] item: Leftovers
|-damage|p2a: Tapu Koko|82/100 tox|[from] psn
|upkeep
|turn|5
|
|t:|1605398351
|switch|p1a: Zygarde|Zygarde|100/100
|-ability|p1a: Zygarde|Aura Break
|move|p2a: Tapu Koko|Thunderbolt|p1a: Zygarde
|-immune|p1a: Zygarde
|
|-damage|p2a: Tapu Koko|64/100 tox|[from] psn
|upkeep
|turn|6
|
|t:|1605398364
|switch|p2a: Swampert|Swampert, M|100/100
|move|p1a: Zygarde|Glare|p2a: Swampert
|-status|p2a: Swampert|par
|
|upkeep
|turn|7
|
|t:|1605398375
|move|p1a: Zygarde|Substitute|p1a: Zygarde
|-start|p1a: Zygarde|Substitute
|-damage|p1a: Zygarde|75/100
|move|p2a: Swampert|Stealth Rock|p1a: Zygarde
|-sidestart|p1: Davidvalder|move: Stealth Rock
|
|-heal|p1a: Zygarde|82/100|[from] item: Leftovers
|-fieldend|move: Electric Terrain
|upkeep
|turn|8
|
|t:|1605398384
|move|p1a: Zygarde|Coil|p1a: Zygarde
|-boost|p1a: Zygarde|atk|1
|-boost|p1a: Zygarde|def|1
|-boost|p1a: Zygarde|accuracy|1
|move|p2a: Swampert|Roar|p1a: Zygarde
|drag|p1a: Spectrier|Spectrier|100/100
|-damage|p1a: Spectrier|88/100|[from] Stealth Rock
|
|-heal|p1a: Spectrier|94/100|[from] item: Leftovers
|upkeep
|turn|9
|
|t:|1605398398
|switch|p2a: Blissey|Blissey, F|100/100
|move|p1a: Spectrier|Hex|p2a: Blissey
|-immune|p2a: Blissey
|
|-heal|p1a: Spectrier|100/100|[from] item: Leftovers
|upkeep
|turn|10
|
|t:|1605398412
|move|p1a: Spectrier|Taunt|p2a: Blissey
|-start|p2a: Blissey|move: Taunt
|cant|p2a: Blissey|move: Taunt|Teleport
|
|upkeep
|turn|11
|
|t:|1605398463
|switch|p2a: Moltres|Moltres|100/100
|move|p1a: Spectrier|Will-O-Wisp|p2a: Moltres
|-immune|p2a: Moltres
|
|upkeep
|turn|12
|
|t:|1605398489
|switch|p1a: Heatran|Heatran, F|24/100 par
|-damage|p1a: Heatran|12/100 par|[from] Stealth Rock
|move|p2a: Moltres|Flamethrower|p1a: Heatran
|-start|p1a: Heatran|ability: Flash Fire
|
|-heal|p1a: Heatran|18/100 par|[from] item: Leftovers
|upkeep
|turn|13
|
|t:|1605398505
|move|p2a: Moltres|Air Slash|p1a: Heatran
|-resisted|p1a: Heatran
|-damage|p1a: Heatran|9/100 par
|move|p1a: Heatran|Stealth Rock|p2a: Moltres
|-sidestart|p2: GuardArc|move: Stealth Rock
|
|-heal|p1a: Heatran|15/100 par|[from] item: Leftovers
|upkeep
|turn|14
|
|t:|1605398515
|switch|p2a: Swampert|Swampert, M|100/100 par
|-damage|p2a: Swampert|94/100 par|[from] Stealth Rock
|move|p1a: Heatran|Magma Storm|p2a: Swampert
|-resisted|p2a: Swampert
|-damage|p2a: Swampert|65/100 par
|-activate|p2a: Swampert|move: Magma Storm|[of] p1a: Heatran
|
|-heal|p1a: Heatran|21/100 par|[from] item: Leftovers
|-heal|p2a: Swampert|71/100 par|[from] item: Leftovers
|-damage|p2a: Swampert|58/100 par|[from] move: Magma Storm|[partiallytrapped]
|upkeep
|turn|15
|
|t:|1605398527
|move|p1a: Heatran|Magma Storm|p2a: Swampert
|-resisted|p2a: Swampert
|-damage|p2a: Swampert|27/100 par
|cant|p2a: Swampert|par
|
|-heal|p1a: Heatran|27/100 par|[from] item: Leftovers
|-heal|p2a: Swampert|34/100 par|[from] item: Leftovers
|-damage|p2a: Swampert|21/100 par|[from] move: Magma Storm|[partiallytrapped]
|upkeep
|turn|16
|
|t:|1605398540
|move|p1a: Heatran|Magma Storm|p2a: Swampert|[miss]
|-miss|p1a: Heatran|p2a: Swampert
|move|p2a: Swampert|Flip Turn|p1a: Heatran
|-supereffective|p1a: Heatran
|-damage|p1a: Heatran|0 fnt
|faint|p1a: Heatran
|
|t:|1605398577
|switch|p2a: Pheromosa|Pheromosa|67/100|[from]move: Flip Turn
|
|upkeep
|
|t:|1605398581
|switch|p1a: Terrakion|Terrakion, shiny|100/100
|-damage|p1a: Terrakion|94/100|[from] Stealth Rock
|turn|17
|
|t:|1605398619
|switch|p2a: Swampert|Swampert, M|21/100 par
|-damage|p2a: Swampert|15/100 par|[from] Stealth Rock
|move|p1a: Terrakion|Stone Edge|p2a: Swampert
|-resisted|p2a: Swampert
|-damage|p2a: Swampert|0 fnt
|faint|p2a: Swampert
|
|upkeep
|
|t:|1605398647
|switch|p2a: Tapu Koko|Tapu Koko|64/100 tox
|-damage|p2a: Tapu Koko|52/100 tox|[from] Stealth Rock
|-fieldstart|move: Electric Terrain|[from] ability: Electric Surge|[of] p2a: Tapu Koko
|turn|18
|
|t:|1605398657
|move|p1a: Terrakion|Stone Edge|p2a: Tapu Koko
|-damage|p2a: Tapu Koko|0 fnt
|faint|p2a: Tapu Koko
|
|upkeep
|
|t:|1605398661
|switch|p2a: Hawlucha|Hawlucha, F|100/100
|-damage|p2a: Hawlucha|88/100|[from] Stealth Rock
|-enditem|p2a: Hawlucha|Electric Seed
|-boost|p2a: Hawlucha|def|1|[from] item: Electric Seed
|turn|19
|
|t:|1605398685
|switch|p1a: Zapdos|Zapdos|100/100
|move|p2a: Hawlucha|Swords Dance|p2a: Hawlucha
|-boost|p2a: Hawlucha|atk|2
|
|upkeep
|turn|20
|
|t:|1605398737
|move|p2a: Hawlucha|Acrobatics|p1a: Zapdos
|-resisted|p1a: Zapdos
|-damage|p1a: Zapdos|67/100
|move|p1a: Zapdos|Discharge|p2a: Hawlucha
|-supereffective|p2a: Hawlucha
|-damage|p2a: Hawlucha|0 fnt
|faint|p2a: Hawlucha
|
|upkeep
|
|t:|1605398745
|switch|p2a: Pheromosa|Pheromosa|67/100
|turn|21
|
|t:|1605398755
|move|p2a: Pheromosa|Triple Axel|p1a: Zapdos
|-supereffective|p1a: Zapdos
|-damage|p1a: Zapdos|56/100
|-supereffective|p1a: Zapdos
|-damage|p1a: Zapdos|32/100
|-supereffective|p1a: Zapdos
|-damage|p1a: Zapdos|0 fnt
|-hitcount|p1a: Zapdos|3
|faint|p1a: Zapdos
|-ability|p2a: Pheromosa|Beast Boost|boost
|-boost|p2a: Pheromosa|atk|1
|
|upkeep
|
|t:|1605398763
|switch|p1a: Terrakion|Terrakion, shiny|94/100
|-damage|p1a: Terrakion|88/100|[from] Stealth Rock
|turn|22
|
|t:|1605398774
|move|p1a: Terrakion|Stone Edge|p2a: Pheromosa
|-damage|p2a: Pheromosa|0 fnt
|faint|p2a: Pheromosa
|
|-fieldend|move: Electric Terrain
|upkeep
|
|t:|1605398786
|switch|p2a: Blissey|Blissey, F|100/100
|-damage|p2a: Blissey|88/100|[from] Stealth Rock
|turn|23
|
|t:|1605398792
|move|p1a: Terrakion|Stone Edge|p2a: Blissey
|-damage|p2a: Blissey|46/100
|move|p2a: Blissey|Toxic|p1a: Terrakion
|-status|p1a: Terrakion|tox
|
|-heal|p2a: Blissey|52/100|[from] item: Leftovers
|-damage|p1a: Terrakion|82/100 tox|[from] psn
|upkeep
|turn|24
|
|t:|1605398804
|switch|p1a: Toxapex|Toxapex, F|97/100
|-damage|p1a: Toxapex|84/100|[from] Stealth Rock
|move|p2a: Blissey|Soft-Boiled|p2a: Blissey
|-heal|p2a: Blissey|100/100
|
|upkeep
|turn|25
|
|t:|1605398811
|switch|p2a: Moltres|Moltres|100/100
|move|p1a: Toxapex|Toxic|p2a: Moltres
|-status|p2a: Moltres|tox
|
|-damage|p2a: Moltres|94/100 tox|[from] psn
|upkeep
|turn|26
|c|☆GuardArc|yep ok I lose round 2, on to round 3
|
|t:|1605398829
|move|p2a: Moltres|Air Slash|p1a: Toxapex
|-damage|p1a: Toxapex|58/100
|cant|p1a: Toxapex|flinch
|
|-damage|p2a: Moltres|82/100 tox|[from] psn
|upkeep
|turn|27
|
|t:|1605398840
|move|p2a: Moltres|Air Slash|p1a: Toxapex
|-damage|p1a: Toxapex|35/100
|cant|p1a: Toxapex|flinch
|
|-damage|p2a: Moltres|64/100 tox|[from] psn
|upkeep
|turn|28
|c|☆GuardArc|bruh
|
|t:|1605398849
|move|p2a: Moltres|Air Slash|p1a: Toxapex
|-damage|p1a: Toxapex|12/100
|move|p1a: Toxapex|Recover|p1a: Toxapex
|-heal|p1a: Toxapex|62/100
|
|-damage|p2a: Moltres|40/100 tox|[from] psn
|upkeep
|turn|29
|
|t:|1605398858
|move|p2a: Moltres|Air Slash|p1a: Toxapex
|-damage|p1a: Toxapex|39/100
|move|p1a: Toxapex|Recover|p1a: Toxapex
|-heal|p1a: Toxapex|89/100
|
|-damage|p2a: Moltres|10/100 tox|[from] psn
|upkeep
|turn|30
|c|☆GuardArc|yep your game
|-message|GuardArc forfeited.
|
|win|Davidvalder
|c|☆Davidvalder|Gg
|c|☆GuardArc|gg
