|j|☆sandshrew 2022
|j|☆sandro20
|t:|1667485419
|gametype|singles
|player|p1|sandshrew 2022|veteran|1772
|player|p2|sandro20|steven|1668
|teamsize|p1|6
|teamsize|p2|6
|gen|8
|tier|[Gen 8] OU
|rated|
|rule|Sleep Clause Mod: Limit one foe put to sleep
|rule|Species Clause: Limit one of each Pokémon
|rule|OHKO Clause: OHKO moves are banned
|rule|Evasion Items Clause: Evasion items are banned
|rule|Evasion Moves Clause: Evasion moves are banned
|rule|Endless Battle Clause: Forcing endless battles is banned
|rule|HP Percentage Mod: HP is shown in percentages
|rule|Dynamax Clause: You cannot dynamax
|clearpoke
|poke|p1|Swampert, M|
|poke|p1|Roserade, M|
|poke|p1|Mandibuzz, F|
|poke|p1|Rillaboom, M|
|poke|p1|Magnezone|
|poke|p1|Tapu Lele|
|poke|p2|Blacephalon|
|poke|p2|Corviknight, M|
|poke|p2|Kartana|
|poke|p2|Dragapult, M|
|poke|p2|Melmetal|
|poke|p2|Landorus-Therian, M|
|teampreview
|c|☆sandshrew 2022|hf
|c|☆sandro20|u2
|
|t:|1667485432
|start
|switch|p1a: Swampert|Swampert, M|100/100
|switch|p2a: Kartana|Kartana|100/100
|turn|1
|
|t:|1667485435
|switch|p1a: Mandibuzz|Mandibuzz, F|100/100
|move|p2a: Kartana|Knock Off|p1a: Mandibuzz
|-resisted|p1a: Mandibuzz
|-damage|p1a: Mandibuzz|84/100
|-enditem|p1a: Mandibuzz|Heavy-Duty Boots|[from] move: Knock Off|[of] p2a: Kartana
|-damage|p2a: Kartana|91/100|[from] item: Life Orb
|
|upkeep
|turn|2
|
|t:|1667485441
|switch|p2a: Corviknight|Corviknight, M, shiny|100/100
|-ability|p2a: Corviknight|Pressure
|move|p1a: Mandibuzz|U-turn|p2a: Corviknight
|-resisted|p2a: Corviknight
|-damage|p2a: Corviknight|99/100
|-damage|p1a: Mandibuzz|68/100|[from] item: Rocky Helmet|[of] p2a: Corviknight
|
|t:|1667485443
|switch|p1a: Magnezone|Magnezone, shiny|100/100|[from]move: U-turn
|
|upkeep
|turn|3
|
|t:|1667485446
|move|p1a: Magnezone|Thunderbolt|p2a: Corviknight
|-supereffective|p2a: Corviknight
|-damage|p2a: Corviknight|27/100
|move|p2a: Corviknight|U-turn|p1a: Magnezone
|-resisted|p1a: Magnezone
|-damage|p1a: Magnezone|96/100
|-damage|p2a: Corviknight|10/100|[from] item: Rocky Helmet|[of] p1a: Magnezone
|
|t:|1667485454
|switch|p2a: Landorus|Landorus-Therian, M|100/100|[from]move: U-turn
|-ability|p2a: Landorus|Intimidate|boost
|-unboost|p1a: Magnezone|atk|1
|
|upkeep
|turn|4
|j| sammag
|
|t:|1667485459
|switch|p1a: Rillaboom|Rillaboom, M|100/100
|-fieldstart|move: Grassy Terrain|[from] ability: Grassy Surge|[of] p1a: Rillaboom
|move|p2a: Landorus|Stealth Rock|p1a: Rillaboom
|-sidestart|p1: sandshrew 2022|move: Stealth Rock
|
|upkeep
|turn|5
|
|t:|1667485463
|switch|p2a: Corviknight|Corviknight, M, shiny|10/100
|-ability|p2a: Corviknight|Pressure
|move|p1a: Rillaboom|Wood Hammer|p2a: Corviknight
|-resisted|p2a: Corviknight
|-crit|p2a: Corviknight
|-damage|p2a: Corviknight|0 fnt
|-damage|p1a: Rillaboom|84/100|[from] item: Rocky Helmet|[of] p2a: Corviknight
|faint|p2a: Corviknight
|-damage|p1a: Rillaboom|80/100|[from] Recoil
|
|-heal|p1a: Rillaboom|86/100|[from] Grassy Terrain
|upkeep
|
|t:|1667485471
|switch|p2a: Blacephalon|Blacephalon|100/100
|turn|6
|
|t:|1667485473
|switch|p1a: Swampert|Swampert, M|100/100
|-damage|p1a: Swampert|94/100|[from] Stealth Rock
|move|p2a: Blacephalon|Shadow Ball|p1a: Swampert
|-damage|p1a: Swampert|62/100
|-unboost|p1a: Swampert|spd|1
|
|-heal|p1a: Swampert|68/100|[from] Grassy Terrain
|-heal|p1a: Swampert|75/100|[from] item: Leftovers
|upkeep
|turn|7
|j| Tegalik
|
|t:|1667485478
|switch|p2a: Dragapult|Dragapult, M, shiny|100/100
|move|p1a: Swampert|Flip Turn|p2a: Dragapult
|-resisted|p2a: Dragapult
|-damage|p2a: Dragapult|86/100
|
|t:|1667485481
|switch|p1a: Tapu Lele|Tapu Lele, shiny|100/100|[from]move: Flip Turn
|-damage|p1a: Tapu Lele|88/100|[from] Stealth Rock
|-fieldstart|move: Psychic Terrain|[from] ability: Psychic Surge|[of] p1a: Tapu Lele
|
|upkeep
|turn|8
|
|t:|1667485485
|switch|p1a: Magnezone|Magnezone, shiny|96/100
|-damage|p1a: Magnezone|90/100|[from] Stealth Rock
|switch|p2a: Melmetal|Melmetal|100/100
|
|upkeep
|turn|9
|
|t:|1667485488
|move|p1a: Magnezone|Magnet Rise|p1a: Magnezone
|-start|p1a: Magnezone|Magnet Rise
|move|p2a: Melmetal|Earthquake|p1a: Magnezone
|-immune|p1a: Magnezone
|
|upkeep
|turn|10
|c|☆sandro20|yo
|c|☆sandro20|wtf
|c|☆sandro20|that's so cool
|c|☆sandshrew 2022|yee
|
|t:|1667485500
|move|p2a: Melmetal|Protect|p2a: Melmetal
|-singleturn|p2a: Melmetal|Protect
|move|p1a: Magnezone|Iron Defense|p1a: Magnezone
|-boost|p1a: Magnezone|def|2
|
|upkeep
|turn|11
|c|☆sandshrew 2022|it's fun
|
|t:|1667485506
|move|p1a: Magnezone|Iron Defense|p1a: Magnezone
|-boost|p1a: Magnezone|def|2
|move|p2a: Melmetal|Double Iron Bash|p1a: Magnezone
|-resisted|p1a: Magnezone
|-damage|p1a: Magnezone|87/100
|-damage|p2a: Melmetal|84/100|[from] item: Rocky Helmet|[of] p1a: Magnezone
|-resisted|p1a: Magnezone
|-damage|p1a: Magnezone|85/100
|-damage|p2a: Melmetal|67/100|[from] item: Rocky Helmet|[of] p1a: Magnezone
|-hitcount|p1a: Magnezone|2
|
|-heal|p2a: Melmetal|73/100|[from] item: Leftovers
|-fieldend|move: Psychic Terrain
|upkeep
|turn|12
|
|t:|1667485510
|move|p2a: Melmetal|Protect|p2a: Melmetal
|-singleturn|p2a: Melmetal|Protect
|move|p1a: Magnezone|Iron Defense|p1a: Magnezone
|-boost|p1a: Magnezone|def|2
|
|-heal|p2a: Melmetal|80/100|[from] item: Leftovers
|upkeep
|turn|13
|
|t:|1667485514
|move|p1a: Magnezone|Body Press|p2a: Melmetal
|-supereffective|p2a: Melmetal
|-damage|p2a: Melmetal|0 fnt
|faint|p2a: Melmetal
|
|-end|p1a: Magnezone|Magnet Rise
|upkeep
|
|t:|1667485518
|switch|p2a: Blacephalon|Blacephalon|100/100
|turn|14
|
|t:|1667485523
|switch|p2a: Kartana|Kartana|91/100
|switch|p1a: Swampert|Swampert, M|75/100
|-damage|p1a: Swampert|68/100|[from] Stealth Rock
|
|-heal|p1a: Swampert|75/100|[from] item: Leftovers
|upkeep
|turn|15
|
|t:|1667485528
|switch|p1a: Magnezone|Magnezone, shiny|85/100
|-damage|p1a: Magnezone|79/100|[from] Stealth Rock
|move|p2a: Kartana|Swords Dance|p2a: Kartana
|-boost|p2a: Kartana|atk|2
|
|upkeep
|turn|16
|inactive|Battle timer is ON: inactive players will automatically lose when time's up. (requested by sandro20)
|
|t:|1667485569
|move|p2a: Kartana|Sacred Sword|p1a: Magnezone
|-supereffective|p1a: Magnezone
|-damage|p1a: Magnezone|0 fnt
|-damage|p2a: Kartana|74/100|[from] item: Rocky Helmet|[of] p1a: Magnezone
|faint|p1a: Magnezone
|-ability|p2a: Kartana|Beast Boost|boost
|-boost|p2a: Kartana|atk|1
|-damage|p2a: Kartana|65/100|[from] item: Life Orb
|
|upkeep
|
|t:|1667485577
|switch|p1a: Tapu Lele|Tapu Lele, shiny|88/100
|-damage|p1a: Tapu Lele|76/100|[from] Stealth Rock
|-fieldstart|move: Psychic Terrain|[from] ability: Psychic Surge|[of] p1a: Tapu Lele
|turn|17
|
|t:|1667485581
|switch|p2a: Landorus|Landorus-Therian, M|100/100
|-ability|p2a: Landorus|Intimidate|boost
|-unboost|p1a: Tapu Lele|atk|1
|move|p1a: Tapu Lele|Moonblast|p2a: Landorus
|-damage|p2a: Landorus|61/100
|-unboost|p2a: Landorus|spa|1
|
|-heal|p2a: Landorus|67/100|[from] item: Leftovers
|upkeep
|turn|18
|
|t:|1667485602
|switch|p1a: Roserade|Roserade, M, shiny|100/100
|-damage|p1a: Roserade|88/100|[from] Stealth Rock
|move|p2a: Landorus|U-turn|p1a: Roserade
|-damage|p1a: Roserade|58/100
|
|t:|1667485613
|switch|p2a: Dragapult|Dragapult, M, shiny|86/100|[from]move: U-turn
|
|-heal|p1a: Roserade|65/100|[from] item: Black Sludge
|upkeep
|turn|19
|
|t:|1667485616
|move|p2a: Dragapult|Shadow Ball|p1a: Roserade
|-damage|p1a: Roserade|27/100
|move|p1a: Roserade|Synthesis|p1a: Roserade
|-heal|p1a: Roserade|77/100
|
|-heal|p1a: Roserade|83/100|[from] item: Black Sludge
|upkeep
|turn|20
|
|t:|1667485622
|move|p2a: Dragapult|Shadow Ball|p1a: Roserade
|-crit|p1a: Roserade
|-damage|p1a: Roserade|25/100
|-unboost|p1a: Roserade|spd|1
|move|p1a: Roserade|Toxic Spikes|p2a: Dragapult
|-sidestart|p2: sandro20|move: Toxic Spikes
|
|-heal|p1a: Roserade|31/100|[from] item: Black Sludge
|upkeep
|turn|21
|
|t:|1667485627
|switch|p1a: Mandibuzz|Mandibuzz, F|68/100
|-damage|p1a: Mandibuzz|43/100|[from] Stealth Rock
|move|p2a: Dragapult|Shadow Ball|p1a: Mandibuzz
|-resisted|p1a: Mandibuzz
|-damage|p1a: Mandibuzz|23/100
|
|-fieldend|move: Psychic Terrain
|upkeep
|turn|22
|
|t:|1667485632
|switch|p2a: Kartana|Kartana|65/100
|move|p1a: Mandibuzz|Roost|p1a: Mandibuzz
|-heal|p1a: Mandibuzz|73/100
|-singleturn|p1a: Mandibuzz|move: Roost
|
|upkeep
|turn|23
|
|t:|1667485640
|move|p2a: Kartana|Sacred Sword|p1a: Mandibuzz
|-damage|p1a: Mandibuzz|44/100
|-damage|p2a: Kartana|55/100|[from] item: Life Orb
|move|p1a: Mandibuzz|Roost|p1a: Mandibuzz
|-heal|p1a: Mandibuzz|94/100
|-singleturn|p1a: Mandibuzz|move: Roost
|
|upkeep
|turn|24
|
|t:|1667485647
|switch|p2a: Landorus|Landorus-Therian, M|67/100
|-ability|p2a: Landorus|Intimidate|boost
|-unboost|p1a: Mandibuzz|atk|1
|switch|p1a: Roserade|Roserade, M, shiny|31/100
|-damage|p1a: Roserade|18/100|[from] Stealth Rock
|
|-heal|p2a: Landorus|73/100|[from] item: Leftovers
|-heal|p1a: Roserade|25/100|[from] item: Black Sludge
|upkeep
|turn|25
|j| zsr_xiaoji
|inactive|sandro20 has 120 seconds left.
|
|t:|1667485686
|move|p2a: Landorus|Earthquake|p1a: Roserade
|-damage|p1a: Roserade|0 fnt
|faint|p1a: Roserade
|
|-heal|p2a: Landorus|79/100|[from] item: Leftovers
|upkeep
|
|t:|1667485693
|switch|p1a: Rillaboom|Rillaboom, M|86/100
|-damage|p1a: Rillaboom|74/100|[from] Stealth Rock
|-fieldstart|move: Grassy Terrain|[from] ability: Grassy Surge|[of] p1a: Rillaboom
|turn|26
|
|t:|1667485698
|move|p1a: Rillaboom|Wood Hammer|p2a: Landorus
|-damage|p2a: Landorus|0 fnt
|faint|p2a: Landorus
|-damage|p1a: Rillaboom|45/100|[from] Recoil
|
|-heal|p1a: Rillaboom|51/100|[from] Grassy Terrain
|upkeep
|
|t:|1667485701
|switch|p2a: Kartana|Kartana|55/100
|turn|27
|
|t:|1667485718
|switch|p1a: Mandibuzz|Mandibuzz, F|94/100
|-damage|p1a: Mandibuzz|69/100|[from] Stealth Rock
|move|p2a: Kartana|Swords Dance|p2a: Kartana
|-boost|p2a: Kartana|atk|2
|
|-heal|p2a: Kartana|61/100|[from] Grassy Terrain
|upkeep
|turn|28
|inactive|sandshrew 2022 has 120 seconds left.
|inactive|sandro20 has 120 seconds left.
|l| zsr_xiaoji
|
|t:|1667485769
|move|p2a: Kartana|Sacred Sword|p1a: Mandibuzz
|-damage|p1a: Mandibuzz|11/100
|-damage|p2a: Kartana|51/100|[from] item: Life Orb
|move|p1a: Mandibuzz|Foul Play|p2a: Kartana
|-damage|p2a: Kartana|0 fnt
|faint|p2a: Kartana
|
|upkeep
|inactive|sandro20 has 120 seconds left.
|
|t:|1667485777
|switch|p2a: Blacephalon|Blacephalon|100/100
|-status|p2a: Blacephalon|psn
|turn|29
|
|t:|1667485787
|switch|p1a: Swampert|Swampert, M|75/100
|-damage|p1a: Swampert|68/100|[from] Stealth Rock
|move|p2a: Blacephalon|Shadow Ball|p1a: Swampert
|-damage|p1a: Swampert|35/100
|
|-heal|p1a: Swampert|41/100|[from] Grassy Terrain
|-heal|p1a: Swampert|47/100|[from] item: Leftovers
|-damage|p2a: Blacephalon|88/100 psn|[from] psn
|upkeep
|turn|30
|
|t:|1667485790
|switch|p2a: Dragapult|Dragapult, M, shiny|86/100
|-status|p2a: Dragapult|psn
|move|p1a: Swampert|Stealth Rock|p2a: Dragapult
|-sidestart|p2: sandro20|move: Stealth Rock
|
|-heal|p2a: Dragapult|92/100 psn|[from] Grassy Terrain
|-heal|p1a: Swampert|53/100|[from] Grassy Terrain
|-heal|p1a: Swampert|59/100|[from] item: Leftovers
|-damage|p2a: Dragapult|79/100 psn|[from] psn
|-fieldend|move: Grassy Terrain
|upkeep
|turn|31
|
|t:|1667485802
|switch|p1a: Mandibuzz|Mandibuzz, F|11/100
|-damage|p1a: Mandibuzz|0 fnt|[from] Stealth Rock
|faint|p1a: Mandibuzz
|move|p2a: Dragapult|Shadow Ball|p1: Mandibuzz|[notarget]
|-fail|p2a: Dragapult
|
|-damage|p2a: Dragapult|67/100 psn|[from] psn
|upkeep
|
|t:|1667485805
|switch|p1a: Tapu Lele|Tapu Lele, shiny|76/100
|-damage|p1a: Tapu Lele|63/100|[from] Stealth Rock
|-fieldstart|move: Psychic Terrain|[from] ability: Psychic Surge|[of] p1a: Tapu Lele
|turn|32
|
|t:|1667485809
|move|p1a: Tapu Lele|Psyshock|p2a: Dragapult
|-damage|p2a: Dragapult|0 fnt
|faint|p2a: Dragapult
|
|upkeep
|
|t:|1667485811
|switch|p2a: Blacephalon|Blacephalon|88/100 psn
|-damage|p2a: Blacephalon|64/100 psn|[from] Stealth Rock
|turn|33
|
|t:|1667485814
|move|p2a: Blacephalon|Shadow Ball|p1a: Tapu Lele
|-supereffective|p1a: Tapu Lele
|-damage|p1a: Tapu Lele|0 fnt
|faint|p1a: Tapu Lele
|-ability|p2a: Blacephalon|Beast Boost|boost
|-boost|p2a: Blacephalon|spa|1
|
|-damage|p2a: Blacephalon|52/100 psn|[from] psn
|upkeep
|
|t:|1667485815
|switch|p1a: Rillaboom|Rillaboom, M|51/100
|-damage|p1a: Rillaboom|39/100|[from] Stealth Rock
|-fieldstart|move: Grassy Terrain|[from] ability: Grassy Surge|[of] p1a: Rillaboom
|turn|34
|c|☆sandro20|gg
|
|t:|1667485819
|move|p1a: Rillaboom|Grassy Glide|p2a: Blacephalon
|-resisted|p2a: Blacephalon
|-damage|p2a: Blacephalon|0 fnt
|faint|p2a: Blacephalon
|
|win|sandshrew 2022
|raw|sandshrew 2022's rating: 1772 &rarr; <strong>1786</strong><br />(+14 for winning)
|raw|sandro20's rating: 1668 &rarr; <strong>1654</strong><br />(-14 for losing)
|c|☆sandshrew 2022|gg
