|raw|<div class="broadcast-blue"><strong>This battle is required to be public due to a player having a name prefixed by 'LT72MS'.</div>
|j|☆LT72MS Christo
|j|☆Blue chen
|t:|1597771148
|player|p1|LT72MS Christo|169|1984
|player|p2|Blue chen|karen|1778
|teamsize|p1|6
|teamsize|p2|6
|gametype|singles
|gen|8
|tier|[Gen 8] OU
|rated|
|clearpoke
|poke|p1|Blissey, F|
|poke|p1|Clefable, F|
|poke|p1|Ditto|
|poke|p1|Xatu, F|
|poke|p1|Ferrothorn, M|
|poke|p1|Hippowdon, F|
|poke|p2|Accelgor, M|
|poke|p2|Urshifu-*, M|
|poke|p2|Togekiss, M|
|poke|p2|Dragapult, M|
|poke|p2|Jirachi|
|poke|p2|Kyurem|
|rule|Sleep Clause Mod: Limit one foe put to sleep
|rule|Species Clause: Limit one of each Pokémon
|rule|OHKO Clause: OHKO moves are banned
|rule|Evasion Moves Clause: Evasion moves are banned
|rule|Endless Battle Clause: Forcing endless battles is banned
|rule|HP Percentage Mod: HP is shown in percentages
|rule|Dynamax Clause: You cannot dynamax
|teampreview
|
|t:|1597771169
|start
|switch|p1a: A PORTOFINO|Ditto|100/100
|switch|p2a: Accelgor|Accelgor, M|100/100
|-transform|p1a: A PORTOFINO|p2a: Accelgor|[from] ability: Imposter
|turn|1
|
|t:|1597771185
|move|p1a: A PORTOFINO|U-turn|p2a: Accelgor
|-damage|p2a: Accelgor|63/100
|
|t:|1597771188
|switch|p1a: BRIATORE|Xatu, F|100/100|[from]move: U-turn
|move|p2a: Accelgor|Spikes|p1a: BRIATORE
|move|p1a: BRIATORE|Spikes|p2a: Accelgor|[from]Magic Bounce
|-sidestart|p2: Blue chen|Spikes
|
|upkeep
|turn|2
|j| LT72MS Serg
|j| LT72MS car
|
|t:|1597771196
|move|p2a: Accelgor|Knock Off|p1a: BRIATORE
|-supereffective|p1a: BRIATORE
|-damage|p1a: BRIATORE|65/100
|-damage|p2a: Accelgor|46/100|[from] item: Rocky Helmet|[of] p1a: BRIATORE
|-enditem|p1a: BRIATORE|Rocky Helmet|[from] move: Knock Off|[of] p2a: Accelgor
|move|p1a: BRIATORE|Thunder Wave|p2a: Accelgor
|-status|p2a: Accelgor|par
|
|upkeep
|turn|3
|
|t:|1597771211
|move|p1a: BRIATORE|Night Shade|p2a: Accelgor
|-damage|p2a: Accelgor|17/100 par
|move|p2a: Accelgor|U-turn|p1a: BRIATORE
|-damage|p1a: BRIATORE|45/100
|
|t:|1597771216
|switch|p2a: Kyurem|Kyurem|100/100|[from]move: U-turn
|-damage|p2a: Kyurem|88/100|[from] Spikes
|-ability|p2a: Kyurem|Pressure
|
|-heal|p2a: Kyurem|94/100|[from] item: Leftovers
|upkeep
|turn|4
|j| lt72ms empo
|
|t:|1597771224
|switch|p1a: PORTOFINO|Ferrothorn, M|100/100
|move|p2a: Kyurem|Substitute|p2a: Kyurem
|-start|p2a: Kyurem|Substitute
|-damage|p2a: Kyurem|69/100
|
|-heal|p2a: Kyurem|76/100|[from] item: Leftovers
|upkeep
|turn|5
|j| NUDO SEMPRE
|
|t:|1597771230
|move|p2a: Kyurem|Icicle Spear|p1a: PORTOFINO
|-damage|p1a: PORTOFINO|93/100
|-damage|p1a: PORTOFINO|85/100
|-damage|p1a: PORTOFINO|75/100
|-hitcount|p1a: PORTOFINO|3
|move|p1a: PORTOFINO|Body Press|p2a: Kyurem
|-supereffective|p2a: Kyurem
|-end|p2a: Kyurem|Substitute
|
|-heal|p2a: Kyurem|82/100|[from] item: Leftovers
|-heal|p1a: PORTOFINO|81/100|[from] item: Leftovers
|upkeep
|turn|6
|l| NUDO SEMPRE
|
|t:|1597771244
|switch|p2a: Accelgor|Accelgor, M|17/100 par
|-damage|p2a: Accelgor|5/100 par|[from] Spikes
|move|p1a: PORTOFINO|Body Press|p2a: Accelgor
|-resisted|p2a: Accelgor
|-damage|p2a: Accelgor|0 fnt
|faint|p2a: Accelgor
|
|-heal|p1a: PORTOFINO|88/100|[from] item: Leftovers
|upkeep
|
|t:|1597771253
|switch|p2a: Togekiss|Togekiss, M|100/100
|turn|7
|
|t:|1597771265
|switch|p1a: BRIATORE|Xatu, F|45/100
|move|p2a: Togekiss|Nasty Plot|p2a: Togekiss
|-boost|p2a: Togekiss|spa|2
|
|upkeep
|turn|8
|
|t:|1597771272
|move|p2a: Togekiss|Air Slash|p1a: BRIATORE
|-damage|p1a: BRIATORE|0 fnt
|faint|p1a: BRIATORE
|
|upkeep
|
|t:|1597771274
|switch|p1a: A PORTOFINO|Ditto|100/100
|-transform|p1a: A PORTOFINO|p2a: Togekiss|[from] ability: Imposter
|turn|9
|
|t:|1597771279
|move|p1a: A PORTOFINO|Air Slash|p2a: Togekiss
|-damage|p2a: Togekiss|30/100
|cant|p2a: Togekiss|flinch
|
|-heal|p2a: Togekiss|36/100|[from] item: Leftovers
|upkeep
|turn|10
|
|t:|1597771285
|switch|p2a: Jirachi|Jirachi|100/100
|-damage|p2a: Jirachi|88/100|[from] Spikes
|move|p1a: A PORTOFINO|Air Slash|p2a: Jirachi
|-resisted|p2a: Jirachi
|-damage|p2a: Jirachi|51/100
|
|-heal|p2a: Jirachi|57/100|[from] item: Leftovers
|upkeep
|turn|11
|
|t:|1597771299
|switch|p1a: TI PORTO FINO|Hippowdon, F|100/100
|-weather|Sandstorm|[from] ability: Sand Stream|[of] p1a: TI PORTO FINO
|switch|p2a: Togekiss|Togekiss, M|36/100
|
|-weather|Sandstorm|[upkeep]
|-damage|p2a: Togekiss|30/100|[from] Sandstorm
|-heal|p2a: Togekiss|36/100|[from] item: Leftovers
|upkeep
|turn|12
|
|t:|1597771319
|switch|p1a: IN UN POSTO FIGO|Blissey, F|100/100
|move|p2a: Togekiss|Air Slash|p1a: IN UN POSTO FIGO
|-damage|p1a: IN UN POSTO FIGO|87/100
|
|-weather|Sandstorm|[upkeep]
|-damage|p2a: Togekiss|30/100|[from] Sandstorm
|-damage|p1a: IN UN POSTO FIGO|80/100|[from] Sandstorm
|-heal|p2a: Togekiss|36/100|[from] item: Leftovers
|upkeep
|turn|13
|
|t:|1597771345
|move|p2a: Togekiss|Air Slash|p1a: IN UN POSTO FIGO
|-damage|p1a: IN UN POSTO FIGO|67/100
|cant|p1a: IN UN POSTO FIGO|flinch
|
|-weather|Sandstorm|[upkeep]
|-damage|p2a: Togekiss|30/100|[from] Sandstorm
|-damage|p1a: IN UN POSTO FIGO|61/100|[from] Sandstorm
|-heal|p2a: Togekiss|36/100|[from] item: Leftovers
|upkeep
|turn|14
|
|t:|1597771353
|move|p2a: Togekiss|Air Slash|p1a: IN UN POSTO FIGO
|-damage|p1a: IN UN POSTO FIGO|48/100
|cant|p1a: IN UN POSTO FIGO|flinch
|
|-weather|Sandstorm|[upkeep]
|-damage|p2a: Togekiss|30/100|[from] Sandstorm
|-damage|p1a: IN UN POSTO FIGO|42/100|[from] Sandstorm
|-heal|p2a: Togekiss|36/100|[from] item: Leftovers
|upkeep
|turn|15
|
|t:|1597771382
|move|p2a: Togekiss|Air Slash|p1a: IN UN POSTO FIGO
|-damage|p1a: IN UN POSTO FIGO|29/100
|move|p1a: IN UN POSTO FIGO|Soft-Boiled|p1a: IN UN POSTO FIGO
|-heal|p1a: IN UN POSTO FIGO|79/100
|
|-weather|none
|-heal|p2a: Togekiss|42/100|[from] item: Leftovers
|upkeep
|turn|16
|
|t:|1597771390
|move|p2a: Togekiss|Air Slash|p1a: IN UN POSTO FIGO
|-damage|p1a: IN UN POSTO FIGO|64/100
|cant|p1a: IN UN POSTO FIGO|flinch
|
|-heal|p2a: Togekiss|48/100|[from] item: Leftovers
|upkeep
|turn|17
|
|t:|1597771396
|move|p2a: Togekiss|Air Slash|p1a: IN UN POSTO FIGO
|-damage|p1a: IN UN POSTO FIGO|50/100
|move|p1a: IN UN POSTO FIGO|Seismic Toss|p2a: Togekiss
|-damage|p2a: Togekiss|16/100
|
|-heal|p2a: Togekiss|22/100|[from] item: Leftovers
|upkeep
|turn|18
|
|t:|1597771402
|move|p2a: Togekiss|Air Slash|p1a: IN UN POSTO FIGO
|-damage|p1a: IN UN POSTO FIGO|37/100
|cant|p1a: IN UN POSTO FIGO|flinch
|
|-heal|p2a: Togekiss|28/100|[from] item: Leftovers
|upkeep
|turn|19
|
|t:|1597771408
|move|p2a: Togekiss|Air Slash|p1a: IN UN POSTO FIGO
|-damage|p1a: IN UN POSTO FIGO|24/100
|cant|p1a: IN UN POSTO FIGO|flinch
|
|-heal|p2a: Togekiss|35/100|[from] item: Leftovers
|upkeep
|turn|20
|
|t:|1597771413
|move|p2a: Togekiss|Air Slash|p1a: IN UN POSTO FIGO
|-damage|p1a: IN UN POSTO FIGO|12/100
|move|p1a: IN UN POSTO FIGO|Thunder Wave|p2a: Togekiss|[miss]
|-miss|p1a: IN UN POSTO FIGO|p2a: Togekiss
|
|-heal|p2a: Togekiss|41/100|[from] item: Leftovers
|upkeep
|turn|21
|
|t:|1597771420
|move|p2a: Togekiss|Air Slash|p1a: IN UN POSTO FIGO
|-damage|p1a: IN UN POSTO FIGO|0 fnt
|faint|p1a: IN UN POSTO FIGO
|
|-heal|p2a: Togekiss|47/100|[from] item: Leftovers
|upkeep
|
|t:|1597771421
|switch|p1a: A PORTOFINO|Ditto|100/100
|-transform|p1a: A PORTOFINO|p2a: Togekiss|[from] ability: Imposter
|turn|22
|
|t:|1597771428
|switch|p2a: Jirachi|Jirachi|57/100
|-damage|p2a: Jirachi|45/100|[from] Spikes
|move|p1a: A PORTOFINO|Air Slash|p2a: Jirachi
|-resisted|p2a: Jirachi
|-damage|p2a: Jirachi|28/100
|
|-heal|p2a: Jirachi|34/100|[from] item: Leftovers
|upkeep
|turn|23
|
|t:|1597771438
|switch|p1a: TI PORTO FINO|Hippowdon, F|100/100
|-weather|Sandstorm|[from] ability: Sand Stream|[of] p1a: TI PORTO FINO
|move|p2a: Jirachi|Psychic|p1a: TI PORTO FINO
|-damage|p1a: TI PORTO FINO|62/100
|
|-weather|Sandstorm|[upkeep]
|-heal|p2a: Jirachi|40/100|[from] item: Leftovers
|upkeep
|turn|24
|
|t:|1597771446
|move|p2a: Jirachi|Iron Head|p1a: TI PORTO FINO
|-damage|p1a: TI PORTO FINO|48/100
|-damage|p2a: Jirachi|24/100|[from] item: Rocky Helmet|[of] p1a: TI PORTO FINO
|move|p1a: TI PORTO FINO|Stealth Rock|p2a: Jirachi
|-sidestart|p2: Blue chen|move: Stealth Rock
|
|-weather|Sandstorm|[upkeep]
|-heal|p2a: Jirachi|30/100|[from] item: Leftovers
|upkeep
|turn|25
|l| LT72MS Serg
|
|t:|1597771455
|move|p2a: Jirachi|Iron Head|p1a: TI PORTO FINO
|-damage|p1a: TI PORTO FINO|32/100
|-damage|p2a: Jirachi|14/100|[from] item: Rocky Helmet|[of] p1a: TI PORTO FINO
|cant|p1a: TI PORTO FINO|flinch
|
|-weather|Sandstorm|[upkeep]
|-heal|p2a: Jirachi|20/100|[from] item: Leftovers
|upkeep
|turn|26
|
|t:|1597771466
|switch|p1a: PORTOFINO|Ferrothorn, M|88/100
|move|p2a: Jirachi|Psychic|p1a: PORTOFINO
|-resisted|p1a: PORTOFINO
|-damage|p1a: PORTOFINO|72/100
|
|-weather|Sandstorm|[upkeep]
|-heal|p2a: Jirachi|26/100|[from] item: Leftovers
|-heal|p1a: PORTOFINO|79/100|[from] item: Leftovers
|upkeep
|turn|27
|
|t:|1597771475
|move|p2a: Jirachi|Thunderbolt|p1a: PORTOFINO
|-resisted|p1a: PORTOFINO
|-damage|p1a: PORTOFINO|68/100
|move|p1a: PORTOFINO|Knock Off|p2a: Jirachi
|-supereffective|p2a: Jirachi
|-damage|p2a: Jirachi|0 fnt
|-enditem|p2a: Jirachi|Leftovers|[from] move: Knock Off|[of] p1a: PORTOFINO
|faint|p2a: Jirachi
|
|-weather|none
|-heal|p1a: PORTOFINO|74/100|[from] item: Leftovers
|upkeep
|
|t:|1597771485
|switch|p2a: Togekiss|Togekiss, M|47/100
|-damage|p2a: Togekiss|22/100|[from] Stealth Rock
|turn|28
|
|t:|1597771489
|switch|p1a: A PORTOFINO|Ditto|100/100
|-transform|p1a: A PORTOFINO|p2a: Togekiss|[from] ability: Imposter
|move|p2a: Togekiss|Air Slash|p1a: A PORTOFINO
|-damage|p1a: A PORTOFINO|63/100
|
|-heal|p2a: Togekiss|28/100|[from] item: Leftovers
|upkeep
|turn|29
|
|t:|1597771498
|move|p1a: A PORTOFINO|Air Slash|p2a: Togekiss
|-damage|p2a: Togekiss|0 fnt
|faint|p2a: Togekiss
|
|upkeep
|
|t:|1597771502
|switch|p2a: Kyurem|Kyurem|82/100
|-damage|p2a: Kyurem|69/100|[from] Spikes
|-damage|p2a: Kyurem|44/100|[from] Stealth Rock
|-ability|p2a: Kyurem|Pressure
|turn|30
|
|t:|1597771516
|move|p1a: A PORTOFINO|Air Slash|p2a: Kyurem
|-damage|p2a: Kyurem|13/100
|cant|p2a: Kyurem|flinch
|
|-heal|p2a: Kyurem|19/100|[from] item: Leftovers
|upkeep
|turn|31
|
|t:|1597771522
|move|p1a: A PORTOFINO|Air Slash|p2a: Kyurem
|-damage|p2a: Kyurem|0 fnt
|faint|p2a: Kyurem
|
|upkeep
|
|t:|1597771526
|switch|p2a: Urshifu|Urshifu, M|100/100
|-damage|p2a: Urshifu|88/100|[from] Spikes
|-damage|p2a: Urshifu|82/100|[from] Stealth Rock
|turn|32
|
|t:|1597771533
|switch|p1a: TI PORTO FINO|Hippowdon, F|32/100
|-weather|Sandstorm|[from] ability: Sand Stream|[of] p1a: TI PORTO FINO
|move|p2a: Urshifu|Iron Head|p1a: TI PORTO FINO
|-damage|p1a: TI PORTO FINO|16/100
|-damage|p2a: Urshifu|66/100|[from] item: Rocky Helmet|[of] p1a: TI PORTO FINO
|
|-weather|Sandstorm|[upkeep]
|-damage|p2a: Urshifu|59/100|[from] Sandstorm
|upkeep
|turn|33
|
|t:|1597771541
|move|p2a: Urshifu|Wicked Blow|p1a: TI PORTO FINO
|-crit|p1a: TI PORTO FINO
|-damage|p1a: TI PORTO FINO|0 fnt
|-damage|p2a: Urshifu|43/100|[from] item: Rocky Helmet|[of] p1a: TI PORTO FINO
|faint|p1a: TI PORTO FINO
|
|-weather|Sandstorm|[upkeep]
|-damage|p2a: Urshifu|37/100|[from] Sandstorm
|upkeep
|-message|Blue chen forfeited.
|
|win|LT72MS Christo
|l|☆Blue chen
