|j|☆Mr_Smooves
|j|☆Contorted Lies
|t:|1608513549
|player|p1|Mr_Smooves|170|1844
|player|p2|Contorted Lies|1|1760
|teamsize|p1|6
|teamsize|p2|6
|gametype|singles
|gen|8
|tier|[Gen 8] OU
|rated|
|clearpoke
|poke|p1|Raichu-Alola, M|
|poke|p1|Tapu Koko|
|poke|p1|Cinderace, M|
|poke|p1|Landorus-Therian, M|
|poke|p1|Ferrothorn, F|
|poke|p1|Zapdos-Galar|
|poke|p2|Nidoking, M|
|poke|p2|Kartana|
|poke|p2|Slowking-Galar, M|
|poke|p2|Landorus-Therian, M|
|poke|p2|Clefable, F|
|poke|p2|Hydreigon, M|
|rule|Sleep Clause Mod: Limit one foe put to sleep
|rule|Species Clause: Limit one of each Pokémon
|rule|OHKO Clause: OHKO moves are banned
|rule|Evasion Moves Clause: Evasion moves are banned
|rule|Endless Battle Clause: Forcing endless battles is banned
|rule|HP Percentage Mod: HP is shown in percentages
|rule|Dynamax Clause: You cannot dynamax
|teampreview
|
|t:|1608513575
|start
|switch|p1a: Zapdos|Zapdos-Galar|100/100
|switch|p2a: Clefable|Clefable, F|100/100
|turn|1
|
|t:|1608513582
|switch|p1a: Ferrothorn|Ferrothorn, F|100/100
|move|p2a: Clefable|Stealth Rock|p1a: Ferrothorn
|-sidestart|p1: Mr_Smooves|move: Stealth Rock
|
|upkeep
|turn|2
|
|t:|1608513589
|switch|p2a: Nidoking|Nidoking, M|100/100
|move|p1a: Ferrothorn|Spikes|p2a: Nidoking
|-sidestart|p2: Contorted Lies|Spikes
|
|upkeep
|turn|3
|
|t:|1608513594
|switch|p1a: Landorus|Landorus-Therian, M|100/100
|-damage|p1a: Landorus|88/100|[from] Stealth Rock
|-ability|p1a: Landorus|Intimidate|boost
|-unboost|p2a: Nidoking|atk|1
|move|p2a: Nidoking|Earth Power|p1a: Landorus
|-immune|p1a: Landorus
|
|-heal|p1a: Landorus|94/100|[from] item: Leftovers
|upkeep
|turn|4
|
|t:|1608513601
|move|p2a: Nidoking|Ice Beam|p1a: Landorus
|-supereffective|p1a: Landorus
|-damage|p1a: Landorus|0 fnt
|faint|p1a: Landorus
|
|upkeep
|
|t:|1608513613
|switch|p1a: Raichu|Raichu-Alola, M|100/100
|-damage|p1a: Raichu|88/100|[from] Stealth Rock
|turn|5
|
|t:|1608513618
|switch|p2a: Hydreigon|Hydreigon, M|100/100
|move|p1a: Raichu|Psyshock|p2a: Hydreigon
|-immune|p2a: Hydreigon
|
|upkeep
|turn|6
|
|t:|1608513621
|switch|p2a: Landorus|Landorus-Therian, M|100/100
|-ability|p2a: Landorus|Intimidate|boost
|-unboost|p1a: Raichu|atk|1
|switch|p1a: Zapdos|Zapdos-Galar|100/100
|-damage|p1a: Zapdos|88/100|[from] Stealth Rock
|
|-heal|p1a: Zapdos|94/100|[from] item: Leftovers
|upkeep
|turn|7
|
|t:|1608513627
|move|p2a: Landorus|U-turn|p1a: Zapdos
|-resisted|p1a: Zapdos
|-damage|p1a: Zapdos|86/100
|
|t:|1608513629
|switch|p2a: Clefable|Clefable, F|100/100|[from]move: U-turn
|move|p1a: Zapdos|Thunderous Kick|p2a: Clefable
|-resisted|p2a: Clefable
|-damage|p2a: Clefable|82/100
|-unboost|p2a: Clefable|def|1
|
|-heal|p1a: Zapdos|92/100|[from] item: Leftovers
|-heal|p2a: Clefable|88/100|[from] item: Leftovers
|upkeep
|turn|8
|j| fireburst
|
|t:|1608513635
|switch|p1a: Ferrothorn|Ferrothorn, F|100/100
|-damage|p1a: Ferrothorn|94/100|[from] Stealth Rock
|move|p2a: Clefable|Moonblast|p1a: Ferrothorn
|-resisted|p1a: Ferrothorn
|-damage|p1a: Ferrothorn|84/100
|
|-heal|p2a: Clefable|94/100|[from] item: Leftovers
|upkeep
|turn|9
|
|t:|1608513641
|switch|p2a: Kartana|Kartana|100/100
|-damage|p2a: Kartana|88/100|[from] Spikes
|move|p1a: Ferrothorn|Gyro Ball|p2a: Kartana
|-resisted|p2a: Kartana
|-damage|p2a: Kartana|62/100
|
|upkeep
|turn|10
|
|t:|1608513654
|switch|p1a: Tapu Koko|Tapu Koko|100/100
|-damage|p1a: Tapu Koko|88/100|[from] Stealth Rock
|-fieldstart|move: Electric Terrain|[from] ability: Electric Surge|[of] p1a: Tapu Koko
|move|p2a: Kartana|Sacred Sword|p1a: Tapu Koko
|-resisted|p1a: Tapu Koko
|-damage|p1a: Tapu Koko|50/100
|
|upkeep
|turn|11
|
|t:|1608513660
|switch|p2a: Nidoking|Nidoking, M|100/100
|-damage|p2a: Nidoking|88/100|[from] Spikes
|move|p1a: Tapu Koko|Roost|p1a: Tapu Koko
|-heal|p1a: Tapu Koko|99/100
|-singleturn|p1a: Tapu Koko|move: Roost
|
|upkeep
|turn|12
|
|t:|1608513668
|switch|p1a: Ferrothorn|Ferrothorn, F|84/100
|-damage|p1a: Ferrothorn|78/100|[from] Stealth Rock
|move|p2a: Nidoking|Sludge Wave|p1a: Ferrothorn
|-immune|p1a: Ferrothorn
|
|upkeep
|turn|13
|
|t:|1608513670
|move|p2a: Nidoking|Flamethrower|p1a: Ferrothorn
|-supereffective|p1a: Ferrothorn
|-damage|p1a: Ferrothorn|0 fnt
|faint|p1a: Ferrothorn
|
|upkeep
|
|t:|1608513672
|switch|p1a: Raichu|Raichu-Alola, M|88/100
|-damage|p1a: Raichu|76/100|[from] Stealth Rock
|turn|14
|
|t:|1608513685
|switch|p1a: Zapdos|Zapdos-Galar|92/100
|-damage|p1a: Zapdos|80/100|[from] Stealth Rock
|switch|p2a: Hydreigon|Hydreigon, M|100/100
|
|-heal|p1a: Zapdos|86/100|[from] item: Leftovers
|upkeep
|turn|15
|
|t:|1608513692
|switch|p2a: Clefable|Clefable, F|94/100
|move|p1a: Zapdos|Thunderous Kick|p2a: Clefable
|-resisted|p2a: Clefable
|-damage|p2a: Clefable|77/100
|-unboost|p2a: Clefable|def|1
|
|-heal|p1a: Zapdos|92/100|[from] item: Leftovers
|-heal|p2a: Clefable|83/100|[from] item: Leftovers
|upkeep
|turn|16
|
|t:|1608513698
|move|p1a: Zapdos|Drill Peck|p2a: Clefable
|-damage|p2a: Clefable|36/100
|move|p2a: Clefable|Moonblast|p1a: Zapdos
|-supereffective|p1a: Zapdos
|-crit|p1a: Zapdos
|-damage|p1a: Zapdos|0 fnt
|faint|p1a: Zapdos
|
|-heal|p2a: Clefable|42/100|[from] item: Leftovers
|upkeep
|
|t:|1608513706
|switch|p1a: Cinderace|Cinderace, M|100/100
|turn|17
|j| Vessev
|
|t:|1608513715
|move|p1a: Cinderace|Bulk Up|p1a: Cinderace
|-start|p1a: Cinderace|typechange|Fighting|[from] ability: Libero
|-boost|p1a: Cinderace|atk|1
|-boost|p1a: Cinderace|def|1
|move|p2a: Clefable|Thunder Wave|p1a: Cinderace
|-status|p1a: Cinderace|par
|
|-heal|p2a: Clefable|48/100|[from] item: Leftovers
|-fieldend|move: Electric Terrain
|upkeep
|turn|18
|
|t:|1608513718
|cant|p1a: Cinderace|par
|move|p2a: Clefable|Moonblast|p1a: Cinderace
|-supereffective|p1a: Cinderace
|-damage|p1a: Cinderace|16/100 par
|
|-heal|p2a: Clefable|54/100|[from] item: Leftovers
|upkeep
|turn|19
|
|t:|1608513720
|move|p1a: Cinderace|Pyro Ball|p2a: Clefable
|-start|p1a: Cinderace|typechange|Fire|[from] ability: Libero
|-damage|p2a: Clefable|0 fnt
|faint|p2a: Clefable
|
|upkeep
|
|t:|1608513729
|switch|p2a: Hydreigon|Hydreigon, M|100/100
|turn|20
|c|☆Mr_Smooves|yeah I got clapped this game
|
|t:|1608513736
|move|p2a: Hydreigon|Earth Power|p1a: Cinderace
|-supereffective|p1a: Cinderace
|-damage|p1a: Cinderace|0 fnt
|faint|p1a: Cinderace
|
|upkeep
|
|t:|1608513738
|switch|p1a: Tapu Koko|Tapu Koko|99/100
|-damage|p1a: Tapu Koko|87/100|[from] Stealth Rock
|-fieldstart|move: Electric Terrain|[from] ability: Electric Surge|[of] p1a: Tapu Koko
|turn|21
|
|t:|1608513755
|move|p1a: Tapu Koko|Volt Switch|p2a: Hydreigon
|-resisted|p2a: Hydreigon
|-damage|p2a: Hydreigon|78/100
|
|t:|1608513767
|switch|p1a: Raichu|Raichu-Alola, M|76/100|[from]move: Volt Switch
|-damage|p1a: Raichu|64/100|[from] Stealth Rock
|move|p2a: Hydreigon|Earth Power|p1a: Raichu
|-supereffective|p1a: Raichu
|-damage|p1a: Raichu|0 fnt
|faint|p1a: Raichu
|
|-heal|p2a: Hydreigon|84/100|[from] item: Leftovers
|upkeep
|c|☆Mr_Smooves|gg homie
|-message|Mr_Smooves forfeited.
|
|win|Contorted Lies
|c|☆Contorted Lies|Gg
|l|☆Mr_Smooves
|c|☆Contorted Lies|sorry for hax
|l|☆Contorted Lies
|raw|Mr_Smooves's rating: 1844 &rarr; <strong>1820</strong><br />(-24 for losing)
|raw|Contorted Lies's rating: 1760 &rarr; <strong>1785</strong><br />(+25 for winning)
