|j|☆Archerdagoat
|j|☆ydm14
|t:|1667876537
|gametype|singles
|player|p1|Archerdagoat|169|1454
|player|p2|ydm14|preschoolerf|1470
|teamsize|p1|6
|teamsize|p2|6
|gen|8
|tier|[Gen 8] OU
|rated|
|rule|Sleep Clause Mod: Limit one foe put to sleep
|rule|Species Clause: Limit one of each Pokémon
|rule|OHKO Clause: OHKO moves are banned
|rule|Evasion Items Clause: Evasion items are banned
|rule|Evasion Moves Clause: Evasion moves are banned
|rule|Endless Battle Clause: Forcing endless battles is banned
|rule|HP Percentage Mod: HP is shown in percentages
|rule|Dynamax Clause: You cannot dynamax
|clearpoke
|poke|p1|Chansey, F|
|poke|p1|Zapdos|
|poke|p1|Clefable, F|
|poke|p1|Hawlucha, M|
|poke|p1|Slowbro, M|
|poke|p1|Rillaboom, F|
|poke|p2|Mew|
|poke|p2|Victini|
|poke|p2|Gengar, F|
|poke|p2|Cloyster, F|
|poke|p2|Heatran, M|
|poke|p2|Zapdos|
|teampreview
|
|t:|1667876542
|start
|switch|p1a: Rillaboom|Rillaboom, F|100/100
|switch|p2a: Victini|Victini|100/100
|-fieldstart|move: Grassy Terrain|[from] ability: Grassy Surge|[of] p1a: Rillaboom
|turn|1
|
|t:|1667876549
|switch|p1a: Slowbro|Slowbro, M|100/100
|move|p2a: Victini|Final Gambit|p1a: Slowbro
|-damage|p1a: Slowbro|0 fnt
|faint|p2a: Victini
|faint|p1a: Slowbro
|
|upkeep
|inactive|Battle timer is ON: inactive players will automatically lose when time's up. (requested by ydm14)
|
|t:|1667876556
|switch|p2a: Zapdos|Zapdos|100/100
|switch|p1a: Rillaboom|Rillaboom, F|100/100
|turn|2
|
|t:|1667876563
|switch|p1a: Chansey|Chansey, F|100/100
|move|p2a: Zapdos|Volt Switch|p1a: Chansey
|-damage|p1a: Chansey|92/100
|
|t:|1667876569
|switch|p2a: Heatran|Heatran, M|100/100|[from]move: Volt Switch
|
|-heal|p1a: Chansey|98/100|[from] Grassy Terrain
|upkeep
|turn|3
|
|t:|1667876571
|move|p2a: Heatran|Magma Storm|p1a: Chansey
|-damage|p1a: Chansey|85/100
|-activate|p1a: Chansey|move: Magma Storm|[of] p2a: Heatran
|move|p1a: Chansey|Seismic Toss|p2a: Heatran
|-damage|p2a: Heatran|75/100
|
|-heal|p2a: Heatran|81/100|[from] Grassy Terrain
|-heal|p2a: Heatran|87/100|[from] item: Leftovers
|-heal|p1a: Chansey|91/100|[from] Grassy Terrain
|-damage|p1a: Chansey|78/100|[from] move: Magma Storm|[partiallytrapped]
|upkeep
|turn|4
|
|t:|1667876579
|move|p2a: Heatran|Toxic|p1a: Chansey
|-status|p1a: Chansey|tox
|move|p1a: Chansey|Seismic Toss|p2a: Heatran
|-damage|p2a: Heatran|61/100
|
|-heal|p2a: Heatran|67/100|[from] Grassy Terrain
|-heal|p2a: Heatran|74/100|[from] item: Leftovers
|-heal|p1a: Chansey|84/100 tox|[from] Grassy Terrain
|-damage|p1a: Chansey|78/100 tox|[from] psn
|-damage|p1a: Chansey|66/100 tox|[from] move: Magma Storm|[partiallytrapped]
|upkeep
|turn|5
|
|t:|1667876585
|move|p2a: Heatran|Protect|p2a: Heatran
|-singleturn|p2a: Heatran|Protect
|move|p1a: Chansey|Seismic Toss|p2a: Heatran
|-activate|p2a: Heatran|move: Protect
|
|-heal|p2a: Heatran|80/100|[from] Grassy Terrain
|-heal|p2a: Heatran|86/100|[from] item: Leftovers
|-heal|p1a: Chansey|72/100 tox|[from] Grassy Terrain
|-damage|p1a: Chansey|60/100 tox|[from] psn
|-damage|p1a: Chansey|47/100 tox|[from] move: Magma Storm|[partiallytrapped]
|-fieldend|move: Grassy Terrain
|upkeep
|turn|6
|
|t:|1667876589
|move|p2a: Heatran|Earth Power|p1a: Chansey
|-damage|p1a: Chansey|39/100 tox
|-unboost|p1a: Chansey|spd|1
|move|p1a: Chansey|Seismic Toss|p2a: Heatran
|-damage|p2a: Heatran|60/100
|
|-heal|p2a: Heatran|66/100|[from] item: Leftovers
|-damage|p1a: Chansey|21/100 tox|[from] psn
|-damage|p1a: Chansey|8/100 tox|[from] move: Magma Storm|[partiallytrapped]
|upkeep
|turn|7
|
|t:|1667876592
|move|p2a: Heatran|Protect|p2a: Heatran
|-singleturn|p2a: Heatran|Protect
|move|p1a: Chansey|Seismic Toss|p2a: Heatran
|-activate|p2a: Heatran|move: Protect
|
|-heal|p2a: Heatran|73/100|[from] item: Leftovers
|-damage|p1a: Chansey|0 fnt|[from] psn
|faint|p1a: Chansey
|upkeep
|
|t:|1667876594
|switch|p1a: Rillaboom|Rillaboom, F|100/100
|-fieldstart|move: Grassy Terrain|[from] ability: Grassy Surge|[of] p1a: Rillaboom
|turn|8
|
|t:|1667876599
|move|p1a: Rillaboom|Superpower|p2a: Heatran
|-supereffective|p2a: Heatran
|-damage|p2a: Heatran|0 fnt
|-unboost|p1a: Rillaboom|atk|1
|-unboost|p1a: Rillaboom|def|1
|faint|p2a: Heatran
|
|upkeep
|
|t:|1667876605
|switch|p2a: Zapdos|Zapdos|100/100
|turn|9
|
|t:|1667876608
|switch|p1a: Clefable|Clefable, F|100/100
|move|p2a: Zapdos|Volt Switch|p1a: Clefable
|-damage|p1a: Clefable|74/100
|
|t:|1667876618
|switch|p2a: Gengar|Gengar, F, shiny|100/100|[from]move: Volt Switch
|
|-heal|p1a: Clefable|80/100|[from] Grassy Terrain
|-heal|p1a: Clefable|87/100|[from] item: Leftovers
|upkeep
|turn|10
|
|t:|1667876621
|move|p2a: Gengar|Sludge Wave|p1a: Clefable
|-supereffective|p1a: Clefable
|-damage|p1a: Clefable|0 fnt
|faint|p1a: Clefable
|
|upkeep
|
|t:|1667876625
|switch|p1a: Rillaboom|Rillaboom, F|100/100
|turn|11
|
|t:|1667876627
|move|p1a: Rillaboom|Grassy Glide|p2a: Gengar
|-resisted|p2a: Gengar
|-damage|p2a: Gengar|29/100
|-start|p1a: Rillaboom|Disable|Grassy Glide|[from] ability: Cursed Body|[of] p2a: Gengar
|move|p2a: Gengar|Sludge Wave|p1a: Rillaboom
|-supereffective|p1a: Rillaboom
|-damage|p1a: Rillaboom|0 fnt
|faint|p1a: Rillaboom
|
|-heal|p2a: Gengar|35/100|[from] Grassy Terrain
|upkeep
|
|t:|1667876631
|switch|p1a: Hawlucha|Hawlucha, M|100/100
|-enditem|p1a: Hawlucha|Grassy Seed
|-boost|p1a: Hawlucha|def|1|[from] item: Grassy Seed
|turn|12
|
|t:|1667876636
|move|p1a: Hawlucha|Swords Dance|p1a: Hawlucha
|-boost|p1a: Hawlucha|atk|2
|move|p2a: Gengar|Sludge Wave|p1a: Hawlucha
|-damage|p1a: Hawlucha|19/100
|
|-heal|p2a: Gengar|41/100|[from] Grassy Terrain
|-fieldend|move: Grassy Terrain
|upkeep
|turn|13
|
|t:|1667876639
|move|p1a: Hawlucha|Rock Slide|p2a: Gengar
|-damage|p2a: Gengar|0 fnt
|-start|p1a: Hawlucha|Disable|Rock Slide|[from] ability: Cursed Body|[of] p2a: Gengar
|faint|p2a: Gengar
|
|upkeep
|
|t:|1667876646
|switch|p2a: Zapdos|Zapdos|100/100
|turn|14
|
|t:|1667876654
|move|p1a: Hawlucha|Acrobatics|p2a: Zapdos
|-resisted|p2a: Zapdos
|-damage|p2a: Zapdos|65/100
|-damage|p1a: Hawlucha|2/100|[from] item: Rocky Helmet|[of] p2a: Zapdos
|move|p2a: Zapdos|Volt Switch|p1a: Hawlucha
|-supereffective|p1a: Hawlucha
|-damage|p1a: Hawlucha|0 fnt
|faint|p1a: Hawlucha
|
|t:|1667876658
|switch|p2a: Cloyster|Cloyster, F|100/100|[from]move: Volt Switch
|
|upkeep
|
|t:|1667876661
|switch|p1a: Zapdos|Zapdos|100/100
|turn|15
|
|t:|1667876664
|move|p2a: Cloyster|Shell Smash|p2a: Cloyster
|-unboost|p2a: Cloyster|def|1
|-unboost|p2a: Cloyster|spd|1
|-boost|p2a: Cloyster|atk|2
|-boost|p2a: Cloyster|spa|2
|-boost|p2a: Cloyster|spe|2
|move|p1a: Zapdos|Thunderbolt|p2a: Cloyster
|-supereffective|p2a: Cloyster
|-enditem|p2a: Cloyster|Focus Sash
|-damage|p2a: Cloyster|1/100
|-status|p2a: Cloyster|par
|
|upkeep
|turn|16
|
|t:|1667876666
|cant|p2a: Cloyster|par
|move|p1a: Zapdos|Thunderbolt|p2a: Cloyster
|-supereffective|p2a: Cloyster
|-damage|p2a: Cloyster|0 fnt
|faint|p2a: Cloyster
|
|upkeep
|
|t:|1667876671
|switch|p2a: Zapdos|Zapdos|65/100
|turn|17
|
|t:|1667876673
|move|p1a: Zapdos|Thunderbolt|p2a: Zapdos
|-damage|p2a: Zapdos|30/100
|move|p2a: Zapdos|Thunderbolt|p1a: Zapdos
|-damage|p1a: Zapdos|64/100
|
|-heal|p1a: Zapdos|71/100|[from] item: Leftovers
|upkeep
|turn|18
|
|t:|1667876676
|move|p1a: Zapdos|Thunderbolt|p2a: Zapdos
|-damage|p2a: Zapdos|0 fnt
|faint|p2a: Zapdos
|
|-heal|p1a: Zapdos|77/100|[from] item: Leftovers
|upkeep
|
|t:|1667876677
|switch|p2a: Mew|Mew, shiny|100/100
|turn|19
|
|t:|1667876681
|move|p2a: Mew|Cosmic Power|p2a: Mew
|-boost|p2a: Mew|def|1
|-boost|p2a: Mew|spd|1
|move|p1a: Zapdos|Thunderbolt|p2a: Mew
|-damage|p2a: Mew|80/100
|
|-heal|p1a: Zapdos|83/100|[from] item: Leftovers
|upkeep
|turn|20
|
|t:|1667876683
|move|p2a: Mew|Cosmic Power|p2a: Mew
|-boost|p2a: Mew|def|1
|-boost|p2a: Mew|spd|1
|move|p1a: Zapdos|Thunderbolt|p2a: Mew
|-damage|p2a: Mew|64/100
|
|-heal|p1a: Zapdos|89/100|[from] item: Leftovers
|upkeep
|turn|21
|
|t:|1667876685
|move|p2a: Mew|Cosmic Power|p2a: Mew
|-boost|p2a: Mew|def|1
|-boost|p2a: Mew|spd|1
|move|p1a: Zapdos|Thunderbolt|p2a: Mew
|-damage|p2a: Mew|51/100
|
|-heal|p1a: Zapdos|96/100|[from] item: Leftovers
|upkeep
|turn|22
|
|t:|1667876687
|move|p2a: Mew|Cosmic Power|p2a: Mew
|-boost|p2a: Mew|def|1
|-boost|p2a: Mew|spd|1
|move|p1a: Zapdos|Thunderbolt|p2a: Mew
|-damage|p2a: Mew|41/100
|
|-heal|p1a: Zapdos|100/100|[from] item: Leftovers
|upkeep
|turn|23
|
|t:|1667876689
|move|p2a: Mew|Soft-Boiled|p2a: Mew
|-heal|p2a: Mew|91/100
|move|p1a: Zapdos|Thunderbolt|p2a: Mew
|-damage|p2a: Mew|80/100
|
|upkeep
|turn|24
|
|t:|1667876691
|move|p2a: Mew|Cosmic Power|p2a: Mew
|-boost|p2a: Mew|def|1
|-boost|p2a: Mew|spd|1
|move|p1a: Zapdos|Thunderbolt|p2a: Mew
|-damage|p2a: Mew|71/100
|
|upkeep
|turn|25
|
|t:|1667876693
|move|p2a: Mew|Cosmic Power|p2a: Mew
|-boost|p2a: Mew|def|1
|-boost|p2a: Mew|spd|1
|move|p1a: Zapdos|Thunderbolt|p2a: Mew
|-damage|p2a: Mew|63/100
|
|upkeep
|turn|26
|
|t:|1667876695
|move|p2a: Mew|Soft-Boiled|p2a: Mew
|-heal|p2a: Mew|100/100
|move|p1a: Zapdos|Thunderbolt|p2a: Mew
|-damage|p2a: Mew|93/100
|
|upkeep
|turn|27
|
|t:|1667876696
|move|p2a: Mew|Stored Power|p1a: Zapdos
|-damage|p1a: Zapdos|18/100
|move|p1a: Zapdos|Thunderbolt|p2a: Mew
|-damage|p2a: Mew|85/100
|
|-heal|p1a: Zapdos|24/100|[from] item: Leftovers
|upkeep
|turn|28
|
|t:|1667876699
|move|p2a: Mew|Stored Power|p1a: Zapdos
|-damage|p1a: Zapdos|0 fnt
|faint|p1a: Zapdos
|
|win|ydm14
|raw|Archerdagoat's rating: 1454 &rarr; <strong>1435</strong><br />(-19 for losing)
|raw|ydm14's rating: 1470 &rarr; <strong>1489</strong><br />(+19 for winning)
|l|☆Archerdagoat
