|j|☆Fusien
|j|☆PedroGrug
|t:|1607744057
|player|p1|Fusien|roxie|1705
|player|p2|PedroGrug|lyra|1771
|teamsize|p1|6
|teamsize|p2|6
|gametype|singles
|gen|8
|tier|[Gen 8] OU
|rated|
|clearpoke
|poke|p1|Luxray, M|
|poke|p1|Slowking-Galar, M|
|poke|p1|Urshifu-*, M|
|poke|p1|Cinderace, M|
|poke|p1|Spectrier|
|poke|p1|Dragonite, F|
|poke|p2|Cinderace, F|
|poke|p2|Rillaboom, M|
|poke|p2|Swampert, F|
|poke|p2|Latios, M|
|poke|p2|Magearna|
|poke|p2|Buzzwole|
|rule|Sleep Clause Mod: Limit one foe put to sleep
|rule|Species Clause: Limit one of each Pokémon
|rule|OHKO Clause: OHKO moves are banned
|rule|Evasion Moves Clause: Evasion moves are banned
|rule|Endless Battle Clause: Forcing endless battles is banned
|rule|HP Percentage Mod: HP is shown in percentages
|rule|Dynamax Clause: You cannot dynamax
|teampreview
|j| nhiodjnod
|j| QuantumDecoherence
|c|☆Fusien|Glhf
|c|☆PedroGrug|=
|
|t:|1607744086
|start
|switch|p1a: Miles Edgeworth|Urshifu, M|100/100
|switch|p2a: Swampert|Swampert, F|100/100
|turn|1
|
|t:|1607744095
|move|p1a: Miles Edgeworth|Wicked Blow|p2a: Swampert
|-crit|p2a: Swampert
|-damage|p2a: Swampert|40/100
|-damage|p1a: Miles Edgeworth|91/100|[from] item: Life Orb
|move|p2a: Swampert|Stealth Rock|p1a: Miles Edgeworth
|-sidestart|p1: Fusien|move: Stealth Rock
|
|-heal|p2a: Swampert|47/100|[from] item: Leftovers
|upkeep
|turn|2
|
|t:|1607744104
|switch|p1a: Judge|Dragonite, F|100/100
|switch|p2a: Magearna|Magearna|100/100
|
|upkeep
|turn|3
|
|t:|1607744108
|switch|p1a: Detective Gumshoe|Cinderace, M|100/100
|move|p2a: Magearna|Ice Beam|p1a: Detective Gumshoe
|-resisted|p1a: Detective Gumshoe
|-damage|p1a: Detective Gumshoe|82/100
|
|upkeep
|turn|4
|
|t:|1607744113
|switch|p2a: Swampert|Swampert, F|47/100
|move|p1a: Detective Gumshoe|Court Change|p1a: Detective Gumshoe
|-start|p1a: Detective Gumshoe|typechange|Normal|[from] ability: Libero
|-sideend|p1: Fusien|Stealth Rock|[silent]
|-sidestart|p2: PedroGrug|Stealth Rock|[silent]
|-activate|p1a: Detective Gumshoe|move: Court Change
|
|-heal|p2a: Swampert|53/100|[from] item: Leftovers
|upkeep
|turn|5
|
|t:|1607744119
|move|p1a: Detective Gumshoe|U-turn|p2a: Swampert
|-start|p1a: Detective Gumshoe|typechange|Bug|[from] ability: Libero
|-damage|p2a: Swampert|29/100
|
|t:|1607744122
|switch|p1a: Maya & Mia Fey|Spectrier|100/100|[from]move: U-turn
|move|p2a: Swampert|Stealth Rock|p1a: Maya & Mia Fey
|-sidestart|p1: Fusien|move: Stealth Rock
|
|-heal|p2a: Swampert|35/100|[from] item: Leftovers
|upkeep
|turn|6
|
|t:|1607744126
|switch|p2a: Magearna|Magearna|100/100
|-damage|p2a: Magearna|94/100|[from] Stealth Rock
|move|p1a: Maya & Mia Fey|Shadow Ball|p2a: Magearna
|-damage|p2a: Magearna|76/100
|
|upkeep
|turn|7
|
|t:|1607744133
|switch|p1a: Phoenix Wright|Luxray, M|100/100
|-damage|p1a: Phoenix Wright|88/100|[from] Stealth Rock
|move|p2a: Magearna|Volt Switch|p1a: Phoenix Wright
|-resisted|p1a: Phoenix Wright
|-damage|p1a: Phoenix Wright|73/100
|
|t:|1607744144
|switch|p2a: Latios|Latios, M|100/100|[from]move: Volt Switch
|-damage|p2a: Latios|88/100|[from] Stealth Rock
|
|-status|p1a: Phoenix Wright|brn|[from] item: Flame Orb
|upkeep
|turn|8
|
|t:|1607744149
|move|p2a: Latios|Psychic|p1a: Phoenix Wright
|-damage|p1a: Phoenix Wright|0 fnt
|faint|p1a: Phoenix Wright
|
|upkeep
|
|t:|1607744157
|switch|p1a: Judge|Dragonite, F|100/100
|turn|9
|
|t:|1607744163
|switch|p2a: Buzzwole|Buzzwole|100/100
|-damage|p2a: Buzzwole|88/100|[from] Stealth Rock
|move|p1a: Judge|Dragon Dance|p1a: Judge
|-boost|p1a: Judge|atk|1
|-boost|p1a: Judge|spe|1
|
|upkeep
|turn|10
|
|t:|1607744165
|move|p1a: Judge|Dual Wingbeat|p2a: Buzzwole
|-supereffective|p2a: Buzzwole
|-damage|p2a: Buzzwole|21/100
|-damage|p1a: Judge|84/100|[from] item: Rocky Helmet|[of] p2a: Buzzwole
|-supereffective|p2a: Buzzwole
|-damage|p2a: Buzzwole|0 fnt
|-damage|p1a: Judge|68/100|[from] item: Rocky Helmet|[of] p2a: Buzzwole
|-hitcount|p2a: Buzzwole|2
|faint|p2a: Buzzwole
|
|upkeep
|
|t:|1607744176
|switch|p2a: Magearna|Magearna|76/100
|-damage|p2a: Magearna|70/100|[from] Stealth Rock
|turn|11
|
|t:|1607744178
|move|p1a: Judge|Earthquake|p2a: Magearna
|-supereffective|p2a: Magearna
|-damage|p2a: Magearna|0 fnt
|faint|p2a: Magearna
|
|upkeep
|
|t:|1607744182
|switch|p2a: Swampert|Swampert, F|35/100
|-damage|p2a: Swampert|29/100|[from] Stealth Rock
|turn|12
|
|t:|1607744184
|move|p1a: Judge|Earthquake|p2a: Swampert
|-damage|p2a: Swampert|0 fnt
|faint|p2a: Swampert
|
|upkeep
|-message|PedroGrug forfeited.
|
|win|Fusien
|l|☆PedroGrug
|c|☆Fusien|Gg
|raw|Fusien's rating: 1705 &rarr; <strong>1728</strong><br />(+23 for winning)
|raw|PedroGrug's rating: 1762 &rarr; <strong>1739</strong><br />(-23 for losing)
|l| QuantumDecoherence
|j| iamthegarbodr
|l| iamthegarbodr
