|j|☆OUPangoroPagodeiro
|j|☆Down$hift
|t:|1657498475
|gametype|singles
|player|p1|OUPangoroPagodeiro|leaguestafff|1689
|player|p2|Down$hift|teamrocket|1766
|teamsize|p1|6
|teamsize|p2|6
|gen|8
|tier|[Gen 8] OU
|rated|
|rule|Sleep Clause Mod: Limit one foe put to sleep
|rule|Species Clause: Limit one of each Pokémon
|rule|OHKO Clause: OHKO moves are banned
|rule|Evasion Moves Clause: Evasion moves are banned
|rule|Endless Battle Clause: Forcing endless battles is banned
|rule|HP Percentage Mod: HP is shown in percentages
|rule|Dynamax Clause: You cannot dynamax
|clearpoke
|poke|p1|Nihilego|
|poke|p1|Zapdos-Galar|
|poke|p1|Kartana|
|poke|p1|Celesteela|
|poke|p1|Garchomp, M|
|poke|p1|Tapu Fini|
|poke|p2|Magnezone|
|poke|p2|Volcarona, F|
|poke|p2|Clefable, M|
|poke|p2|Tornadus-Therian, M|
|poke|p2|Toxapex, F|
|poke|p2|Landorus-Therian, M|
|teampreview
|c|☆Down$hift|Hf
|
|t:|1657498492
|start
|switch|p1a: Zapdos|Zapdos-Galar|100/100
|switch|p2a: Pink Menace|Clefable, M|100/100
|turn|1
|
|t:|1657498495
|move|p1a: Zapdos|U-turn|p2a: Pink Menace
|-resisted|p2a: Pink Menace
|-damage|p2a: Pink Menace|87/100
|-damage|p1a: Zapdos|84/100|[from] item: Rocky Helmet|[of] p2a: Pink Menace
|
|t:|1657498499
|switch|p1a: Tapu Fini|Tapu Fini|100/100|[from]move: U-turn
|-fieldstart|move: Misty Terrain|[from] ability: Misty Surge|[of] p1a: Tapu Fini
|move|p2a: Pink Menace|Moonblast|p1a: Tapu Fini
|-damage|p1a: Tapu Fini|77/100
|
|-heal|p1a: Tapu Fini|83/100|[from] item: Leftovers
|upkeep
|turn|2
|
|t:|1657498518
|move|p1a: Tapu Fini|Calm Mind|p1a: Tapu Fini
|-boost|p1a: Tapu Fini|spa|1
|-boost|p1a: Tapu Fini|spd|1
|move|p2a: Pink Menace|Stealth Rock|p1a: Tapu Fini
|-sidestart|p1: OUPangoroPagodeiro|move: Stealth Rock
|
|-heal|p1a: Tapu Fini|89/100|[from] item: Leftovers
|upkeep
|turn|3
|
|t:|1657498524
|switch|p2a: Prédastérie|Toxapex, F|100/100
|move|p1a: Tapu Fini|Calm Mind|p1a: Tapu Fini
|-boost|p1a: Tapu Fini|spa|1
|-boost|p1a: Tapu Fini|spd|1
|
|-heal|p1a: Tapu Fini|95/100|[from] item: Leftovers
|upkeep
|turn|4
|
|t:|1657498526
|move|p1a: Tapu Fini|Taunt|p2a: Prédastérie
|-start|p2a: Prédastérie|move: Taunt
|move|p2a: Prédastérie|Knock Off|p1a: Tapu Fini
|-resisted|p1a: Tapu Fini
|-damage|p1a: Tapu Fini|89/100
|-enditem|p1a: Tapu Fini|Leftovers|[from] move: Knock Off|[of] p2a: Prédastérie
|
|upkeep
|turn|5
|
|t:|1657498530
|switch|p2a: $wagnezone|Magnezone, shiny|100/100
|move|p1a: Tapu Fini|Calm Mind|p1a: Tapu Fini
|-boost|p1a: Tapu Fini|spa|1
|-boost|p1a: Tapu Fini|spd|1
|
|-fieldend|Misty Terrain
|upkeep
|turn|6
|
|t:|1657498533
|move|p1a: Tapu Fini|Scald|p2a: $wagnezone
|-damage|p2a: $wagnezone|49/100
|move|p2a: $wagnezone|Mirror Coat|p1a: Tapu Fini
|-damage|p1a: Tapu Fini|0 fnt
|faint|p1a: Tapu Fini
|
|upkeep
|
|t:|1657498538
|switch|p1a: Garchomp|Garchomp, M|100/100
|-damage|p1a: Garchomp|94/100|[from] Stealth Rock
|turn|7
|
|t:|1657498541
|switch|p2a: Pink Menace|Clefable, M|87/100
|move|p1a: Garchomp|Stealth Rock|p2a: Pink Menace
|-sidestart|p2: Down$hift|move: Stealth Rock
|
|upkeep
|turn|8
|
|t:|1657498552
|switch|p1a: Nihilego|Nihilego|100/100
|-damage|p1a: Nihilego|88/100|[from] Stealth Rock
|move|p2a: Pink Menace|Wish|p2a: Pink Menace
|
|upkeep
|turn|9
|
|t:|1657498558
|switch|p2a: $wagnezone|Magnezone, shiny|49/100
|-damage|p2a: $wagnezone|43/100|[from] Stealth Rock
|move|p1a: Nihilego|Sludge Wave|p2a: $wagnezone
|-immune|p2a: $wagnezone
|
|-heal|p2a: $wagnezone|99/100|[from] move: Wish|[wisher] Pink Menace
|upkeep
|turn|10
|
|t:|1657498562
|switch|p1a: Garchomp|Garchomp, M|94/100
|-damage|p1a: Garchomp|88/100|[from] Stealth Rock
|move|p2a: $wagnezone|Flash Cannon|p1a: Garchomp
|-damage|p1a: Garchomp|51/100
|
|upkeep
|turn|11
|
|t:|1657498565
|switch|p2a: Pink Menace|Clefable, M|87/100
|move|p1a: Garchomp|Toxic|p2a: Pink Menace
|-status|p2a: Pink Menace|tox
|
|upkeep
|turn|12
|
|t:|1657498568
|switch|p1a: Nihilego|Nihilego|88/100
|-damage|p1a: Nihilego|76/100|[from] Stealth Rock
|move|p2a: Pink Menace|Wish|p2a: Pink Menace
|
|upkeep
|turn|13
|
|t:|1657498573
|switch|p2a: $wagnezone|Magnezone, shiny|99/100
|-damage|p2a: $wagnezone|94/100|[from] Stealth Rock
|move|p1a: Nihilego|Sludge Wave|p2a: $wagnezone
|-immune|p2a: $wagnezone
|
|-heal|p2a: $wagnezone|100/100|[from] move: Wish|[wisher] Pink Menace
|upkeep
|turn|14
|
|t:|1657498577
|switch|p1a: Zapdos|Zapdos-Galar|84/100
|-damage|p1a: Zapdos|72/100|[from] Stealth Rock
|move|p2a: $wagnezone|Flash Cannon|p1a: Zapdos
|-damage|p1a: Zapdos|20/100
|
|upkeep
|turn|15
|
|t:|1657498583
|switch|p2a: Pink Menace|Clefable, M|87/100 tox
|move|p1a: Zapdos|Close Combat|p2a: Pink Menace
|-resisted|p2a: Pink Menace
|-damage|p2a: Pink Menace|53/100 tox
|-unboost|p1a: Zapdos|def|1
|-unboost|p1a: Zapdos|spd|1
|-damage|p1a: Zapdos|4/100|[from] item: Rocky Helmet|[of] p2a: Pink Menace
|
|upkeep
|turn|16
|
|t:|1657498589
|switch|p1a: Celesteela|Celesteela|100/100
|-damage|p1a: Celesteela|88/100|[from] Stealth Rock
|move|p2a: Pink Menace|Soft-Boiled|p2a: Pink Menace
|-heal|p2a: Pink Menace|100/100 tox
|
|upkeep
|turn|17
|
|t:|1657498594
|switch|p2a: $wagnezone|Magnezone, shiny|100/100
|-damage|p2a: $wagnezone|94/100|[from] Stealth Rock
|move|p1a: Celesteela|Autotomize|p1a: Celesteela
|-boost|p1a: Celesteela|spe|2
|-start|p1a: Celesteela|Autotomize
|
|upkeep
|turn|18
|
|t:|1657498598
|move|p1a: Celesteela|Meteor Beam||[still]
|-prepare|p1a: Celesteela|Meteor Beam
|-boost|p1a: Celesteela|spa|1
|-enditem|p1a: Celesteela|Power Herb
|-anim|p1a: Celesteela|Meteor Beam|p2a: $wagnezone
|-resisted|p2a: $wagnezone
|-damage|p2a: $wagnezone|73/100
|move|p2a: $wagnezone|Thunderbolt|p1a: Celesteela
|-supereffective|p1a: Celesteela
|-damage|p1a: Celesteela|0 fnt
|faint|p1a: Celesteela
|
|upkeep
|c|☆OUPangoroPagodeiro|zone is cringe
|-message|OUPangoroPagodeiro forfeited.
|
|win|Down$hift
|raw|OUPangoroPagodeiro's rating: 1689 &rarr; <strong>1673</strong><br />(-16 for losing)
|raw|Down$hift's rating: 1766 &rarr; <strong>1782</strong><br />(+16 for winning)
|l|☆OUPangoroPagodeiro
|j| ant4456
|j| Korkskrew
|j| Luunarize
|c| Korkskrew|-has a zone
|l| Luunarize
|l| Korkskrew
||Ladder isn't responding, score probably updated but might not have (Request timeout).
|j| ian_yo
|j| Me Nub Spare Me
|j| paper returns
|j| Alejndro Sosa
|l| Alejndro Sosa
|j| Fusien
|l|☆Down$hift
|j|☆Down$hift
|player|p2|Down$hift|teamrocket
|j| 3ch09
|l| Me Nub Spare Me
|l| ant4456
|l| 3ch09
|l| ian_yo
|l|☆Down$hift
|player|p2|
|j| PLNER RIPS
|l| PLNER RIPS
|j|☆Down$hift
|player|p2|Down$hift|teamrocket
|l|☆Down$hift
|player|p2|
|l| paper returns
