|j|☆Forwards
|j|☆dagoth ur49
|inactive|Battle timer is ON: inactive players will automatically lose when time's up.
|t:|1659032454
|gametype|singles
|player|p1|Forwards|lance-masters|
|player|p2|dagoth ur49|ghetsis-gen5bw|
|teamsize|p1|6
|teamsize|p2|6
|gen|8
|tier|[Gen 8] OU
|rated|Tournament battle
|rule|Sleep Clause Mod: Limit one foe put to sleep
|rule|Species Clause: Limit one of each Pokémon
|rule|OHKO Clause: OHKO moves are banned
|rule|Evasion Moves Clause: Evasion moves are banned
|rule|Endless Battle Clause: Forcing endless battles is banned
|rule|HP Percentage Mod: HP is shown in percentages
|rule|Dynamax Clause: You cannot dynamax
|clearpoke
|poke|p1|Tapu Koko|
|poke|p1|Hawlucha, M|
|poke|p1|Registeel|
|poke|p1|Orbeetle, F|
|poke|p1|Landorus-Therian, M|
|poke|p1|Volcarona, F|
|poke|p2|Keldeo-Resolute|
|poke|p2|Tapu Bulu|
|poke|p2|Heatran, M|
|poke|p2|Tyranitar, F|
|poke|p2|Zapdos|
|poke|p2|Nidoking, M|
|teampreview
|inactive|dagoth ur49 also wants the timer to be on.
|j| osonnenuntergango
|j| Minority Hntr Zoro
|j|%Sww-Suwa
|c| Minority Hntr Zoro|dagoth ur49 pass me that team after ty
|inactive|dagoth ur49 has 120 seconds left.
|c|☆dagoth ur49|bet
|j| MBT2
|
|t:|1659032503
|start
|switch|p1a: Landorus|Landorus-Therian, M, shiny|100/100
|switch|p2a: Keldeo|Keldeo-Resolute|100/100
|-ability|p1a: Landorus|Intimidate|boost
|-unboost|p2a: Keldeo|atk|1
|turn|1
|c|☆dagoth ur49|okay pm me
|
|t:|1659032506
|move|p2a: Keldeo|Surf|p1a: Landorus
|-supereffective|p1a: Landorus
|-enditem|p1a: Landorus|Focus Sash
|-damage|p1a: Landorus|1/100
|move|p1a: Landorus|Stealth Rock|p2a: Keldeo
|-sidestart|p2: dagoth ur49|move: Stealth Rock
|
|upkeep
|turn|2
|c| Minority Hntr Zoro|kk
|
|t:|1659032510
|move|p2a: Keldeo|Surf|p1a: Landorus
|-supereffective|p1a: Landorus
|-damage|p1a: Landorus|0 fnt
|faint|p1a: Landorus
|
|upkeep
|
|t:|1659032514
|switch|p1a: Tapu Koko|Tapu Koko|100/100
|-fieldstart|move: Electric Terrain|[from] ability: Electric Surge|[of] p1a: Tapu Koko
|turn|3
|c|%Sww-Suwa|can't believe forwards just won x.x
|inactive|dagoth ur49 has 120 seconds left.
|
|t:|1659032547
|move|p1a: Tapu Koko|Light Screen|p1a: Tapu Koko
|-sidestart|p1: Forwards|move: Light Screen
|move|p2a: Keldeo|Surf|p1a: Tapu Koko
|-damage|p1a: Tapu Koko|55/100
|
|upkeep
|turn|4
|
|t:|1659032552
|move|p1a: Tapu Koko|Reflect|p1a: Tapu Koko
|-sidestart|p1: Forwards|Reflect
|move|p2a: Keldeo|Surf|p1a: Tapu Koko
|-damage|p1a: Tapu Koko|10/100
|
|upkeep
|turn|5
|j| sgpg-test
|inactive|dagoth ur49 has 120 seconds left.
|
|t:|1659032578
|switch|p2a: Nidoking|Nidoking, M|100/100
|-damage|p2a: Nidoking|95/100|[from] Stealth Rock
|move|p1a: Tapu Koko|U-turn|p2a: Nidoking
|-resisted|p2a: Nidoking
|-crit|p2a: Nidoking
|-damage|p2a: Nidoking|77/100
|c| Minority Hntr Zoro|go nido
|
|t:|1659032586
|switch|p1a: Orbeetle|Orbeetle, F|100/100|[from]move: U-turn
|-item|p2a: Nidoking|Choice Scarf|[from] ability: Frisk|[of] p1a: Orbeetle|[identify]
|
|upkeep
|turn|6
|inactive|dagoth ur49 has 120 seconds left.
|c|☆dagoth ur49|go pichu
|
|t:|1659032600
|switch|p2a: Heatran|Heatran, M|100/100
|-damage|p2a: Heatran|88/100|[from] Stealth Rock
|move|p1a: Orbeetle|Agility|p1a: Orbeetle
|-boost|p1a: Orbeetle|spe|2
|
|-heal|p2a: Heatran|94/100|[from] item: Leftovers
|upkeep
|turn|7
|
|t:|1659032603
|move|p1a: Orbeetle|Calm Mind|p1a: Orbeetle
|-boost|p1a: Orbeetle|spa|1
|-boost|p1a: Orbeetle|spd|1
|move|p2a: Heatran|Taunt|p1a: Orbeetle
|-start|p1a: Orbeetle|move: Taunt
|
|-heal|p2a: Heatran|100/100|[from] item: Leftovers
|-fieldend|move: Electric Terrain
|upkeep
|turn|8
|c| sgpg-test|did u intentionally bring a meme team so u wouldnt have pressure to actually win Forwards
|inactive|dagoth ur49 has 120 seconds left.
|
|t:|1659032624
|move|p1a: Orbeetle|Stored Power|p2a: Heatran
|-resisted|p2a: Heatran
|-damage|p2a: Heatran|80/100
|move|p2a: Heatran|Magma Storm|p1a: Orbeetle|[miss]
|-miss|p2a: Heatran|p1a: Orbeetle
|
|-heal|p2a: Heatran|87/100|[from] item: Leftovers
|upkeep
|turn|9
|
|t:|1659032626
|move|p1a: Orbeetle|Stored Power|p2a: Heatran
|-resisted|p2a: Heatran
|-damage|p2a: Heatran|68/100
|move|p2a: Heatran|Magma Storm|p1a: Orbeetle
|-supereffective|p1a: Orbeetle
|-damage|p1a: Orbeetle|67/100
|-activate|p1a: Orbeetle|move: Magma Storm|[of] p2a: Heatran
|-enditem|p1a: Orbeetle|Weakness Policy
|-boost|p1a: Orbeetle|atk|2|[from] item: Weakness Policy
|-boost|p1a: Orbeetle|spa|2|[from] item: Weakness Policy
|
|-heal|p2a: Heatran|74/100|[from] item: Leftovers
|-damage|p1a: Orbeetle|55/100|[from] move: Magma Storm|[partiallytrapped]
|upkeep
|turn|10
|j| Adopted
|
|t:|1659032632
|move|p1a: Orbeetle|Stored Power|p2a: Heatran
|-resisted|p2a: Heatran
|-damage|p2a: Heatran|19/100
|move|p2a: Heatran|Magma Storm|p1a: Orbeetle
|-supereffective|p1a: Orbeetle
|-damage|p1a: Orbeetle|23/100
|
|-heal|p2a: Heatran|25/100|[from] item: Leftovers
|-damage|p1a: Orbeetle|11/100|[from] move: Magma Storm|[partiallytrapped]
|-end|p1a: Orbeetle|move: Taunt
|-sideend|p1: Forwards|move: Light Screen
|upkeep
|turn|11
|c| Minority Hntr Zoro|omg cheats 7% lefties
|c|☆Forwards|maybe
|inactive|dagoth ur49 has 120 seconds left.
|
|t:|1659032659
|switch|p2a: Tyranitar|Tyranitar, F, shiny|100/100
|-damage|p2a: Tyranitar|88/100|[from] Stealth Rock
|-weather|Sandstorm|[from] ability: Sand Stream|[of] p2a: Tyranitar
|move|p1a: Orbeetle|Stored Power|p2a: Tyranitar
|-immune|p2a: Tyranitar
|
|-weather|Sandstorm|[upkeep]
|-damage|p1a: Orbeetle|5/100|[from] Sandstorm
|-end|p1a: Orbeetle|Magma Storm|[partiallytrapped]|[silent]
|-sideend|p1: Forwards|Reflect
|upkeep
|turn|12
|
|t:|1659032666
|move|p1a: Orbeetle|Calm Mind|p1a: Orbeetle
|-boost|p1a: Orbeetle|spa|1
|-boost|p1a: Orbeetle|spd|1
|move|p2a: Tyranitar|Fire Punch|p1a: Orbeetle
|-supereffective|p1a: Orbeetle
|-damage|p1a: Orbeetle|0 fnt
|faint|p1a: Orbeetle
|
|-weather|Sandstorm|[upkeep]
|upkeep
|c| Minority Hntr Zoro|brazy play
|c| Minority Hntr Zoro|what
|
|t:|1659032671
|switch|p1a: Tapu Koko|Tapu Koko|10/100
|-fieldstart|move: Electric Terrain|[from] ability: Electric Surge|[of] p1a: Tapu Koko
|turn|13
|c| Minority Hntr Zoro|oh
|
|t:|1659032680
|switch|p2a: Tapu Bulu|Tapu Bulu|100/100
|-damage|p2a: Tapu Bulu|88/100|[from] Stealth Rock
|-fieldstart|move: Grassy Terrain|[from] ability: Grassy Surge|[of] p2a: Tapu Bulu
|move|p1a: Tapu Koko|Reflect|p1a: Tapu Koko
|-sidestart|p1: Forwards|Reflect
|
|-weather|Sandstorm|[upkeep]
|-damage|p1a: Tapu Koko|4/100|[from] Sandstorm
|-damage|p2a: Tapu Bulu|82/100|[from] Sandstorm
|-heal|p1a: Tapu Koko|10/100|[from] Grassy Terrain
|-heal|p2a: Tapu Bulu|88/100|[from] Grassy Terrain
|-heal|p2a: Tapu Bulu|94/100|[from] item: Leftovers
|upkeep
|turn|14
|
|t:|1659032682
|move|p1a: Tapu Koko|Taunt|p2a: Tapu Bulu
|-start|p2a: Tapu Bulu|move: Taunt
|move|p2a: Tapu Bulu|Horn Leech|p1a: Tapu Koko
|-damage|p1a: Tapu Koko|0 fnt
|-heal|p2a: Tapu Bulu|99/100|[from] drain|[of] p1a: Tapu Koko
|faint|p1a: Tapu Koko
|
|-weather|Sandstorm|[upkeep]
|-damage|p2a: Tapu Bulu|93/100|[from] Sandstorm
|-heal|p2a: Tapu Bulu|99/100|[from] Grassy Terrain
|-heal|p2a: Tapu Bulu|100/100|[from] item: Leftovers
|upkeep
|
|t:|1659032684
|switch|p1a: Volcarona|Volcarona, F, shiny|100/100
|turn|15
|
|t:|1659032687
|switch|p2a: Tyranitar|Tyranitar, F, shiny|88/100
|-damage|p2a: Tyranitar|76/100|[from] Stealth Rock
|move|p1a: Volcarona|Quiver Dance|p1a: Volcarona
|-boost|p1a: Volcarona|spa|1
|-boost|p1a: Volcarona|spd|1
|-boost|p1a: Volcarona|spe|1
|
|-weather|none
|-heal|p2a: Tyranitar|82/100|[from] Grassy Terrain
|upkeep
|turn|16
|
|t:|1659032690
|move|p1a: Volcarona|Bug Buzz|p2a: Tyranitar
|-supereffective|p2a: Tyranitar
|-damage|p2a: Tyranitar|0 fnt
|faint|p2a: Tyranitar
|
|upkeep
|
|t:|1659032696
|switch|p2a: Keldeo|Keldeo-Resolute|100/100
|-damage|p2a: Keldeo|94/100|[from] Stealth Rock
|turn|17
|
|t:|1659032698
|move|p1a: Volcarona|Psychic|p2a: Keldeo
|-supereffective|p2a: Keldeo
|-damage|p2a: Keldeo|0 fnt
|faint|p2a: Keldeo
|
|-fieldend|move: Grassy Terrain
|upkeep
|c|☆dagoth ur49|fuck
|
|t:|1659032708
|switch|p2a: Heatran|Heatran, M|25/100
|-damage|p2a: Heatran|13/100|[from] Stealth Rock
|turn|18
|
|t:|1659032712
|move|p1a: Volcarona|Psychic|p2a: Heatran
|-resisted|p2a: Heatran
|-damage|p2a: Heatran|0 fnt
|faint|p2a: Heatran
|
|upkeep
|c| Minority Hntr Zoro|giga
|
|t:|1659032725
|switch|p2a: Zapdos|Zapdos|100/100
|turn|19
|j| Disnods
|
|t:|1659032729
|move|p1a: Volcarona|Flamethrower|p2a: Zapdos
|-damage|p2a: Zapdos|29/100
|move|p2a: Zapdos|Discharge|p1a: Volcarona
|-damage|p1a: Volcarona|77/100
|-status|p1a: Volcarona|par
|
|upkeep
|turn|20
|
|t:|1659032735
|move|p1a: Volcarona|Quiver Dance|p1a: Volcarona
|-boost|p1a: Volcarona|spa|1
|-boost|p1a: Volcarona|spd|1
|-boost|p1a: Volcarona|spe|1
|move|p2a: Zapdos|U-turn|p1a: Volcarona
|-resisted|p1a: Volcarona
|-damage|p1a: Volcarona|73/100 par
|l| Disnods
|
|t:|1659032737
|switch|p2a: Tapu Bulu|Tapu Bulu|100/100|[from]move: U-turn
|-damage|p2a: Tapu Bulu|88/100|[from] Stealth Rock
|-fieldstart|move: Grassy Terrain|[from] ability: Grassy Surge|[of] p2a: Tapu Bulu
|
|-heal|p1a: Volcarona|79/100 par|[from] Grassy Terrain
|-heal|p2a: Tapu Bulu|94/100|[from] Grassy Terrain
|-heal|p2a: Tapu Bulu|99/100|[from] item: Leftovers
|-sideend|p1: Forwards|Reflect
|upkeep
|turn|21
|
|t:|1659032740
|move|p1a: Volcarona|Flamethrower|p2a: Tapu Bulu
|-supereffective|p2a: Tapu Bulu
|-damage|p2a: Tapu Bulu|0 fnt
|faint|p2a: Tapu Bulu
|
|-heal|p1a: Volcarona|85/100 par|[from] Grassy Terrain
|upkeep
|c| Minority Hntr Zoro|that shit gets u turn?
|
|t:|1659032746
|switch|p2a: Nidoking|Nidoking, M|77/100
|-damage|p2a: Nidoking|71/100|[from] Stealth Rock
|turn|22
|c| sgpg-test|orbettle proves that teambuilding doesnt really matter, its more about surprises
|
|t:|1659032750
|move|p2a: Nidoking|Earth Power|p1a: Volcarona
|-damage|p1a: Volcarona|58/100 par
|cant|p1a: Volcarona|par
|
|-heal|p2a: Nidoking|77/100|[from] Grassy Terrain
|-heal|p1a: Volcarona|64/100 par|[from] Grassy Terrain
|upkeep
|turn|23
|
|t:|1659032753
|move|p2a: Nidoking|Earth Power|p1a: Volcarona
|-damage|p1a: Volcarona|40/100 par
|move|p1a: Volcarona|Psychic|p2a: Nidoking
|-supereffective|p2a: Nidoking
|-crit|p2a: Nidoking
|-damage|p2a: Nidoking|0 fnt
|faint|p2a: Nidoking
|
|-heal|p1a: Volcarona|46/100 par|[from] Grassy Terrain
|upkeep
|
|t:|1659032755
|switch|p2a: Zapdos|Zapdos|29/100
|turn|24
|c| sgpg-test|nice job forwards
|
|t:|1659032757
|cant|p1a: Volcarona|par
|move|p2a: Zapdos|Discharge|p1a: Volcarona
|-damage|p1a: Volcarona|30/100 par
|
|-heal|p1a: Volcarona|36/100 par|[from] Grassy Terrain
|-fieldend|move: Grassy Terrain
|upkeep
|turn|25
|c|☆dagoth ur49|gg
|
|t:|1659032761
|cant|p1a: Volcarona|par
|move|p2a: Zapdos|Discharge|p1a: Volcarona
|-damage|p1a: Volcarona|18/100 par
|
|upkeep
|turn|26
|
|t:|1659032766
|cant|p1a: Volcarona|par
|move|p2a: Zapdos|Discharge|p1a: Volcarona
|-damage|p1a: Volcarona|1/100 par
|
|upkeep
|turn|27
|j| DrasticLightning
|c| Minority Hntr Zoro|gg
|
|t:|1659032770
|move|p1a: Volcarona|Flamethrower|p2a: Zapdos
|-damage|p2a: Zapdos|0 fnt
|faint|p2a: Zapdos
|
|win|Forwards
|n|☆Forwards|forwards
|n|☆dagoth ur49|dagothur49
|n| osonnenuntergango|osonnenuntergango
|n| Minority Hntr Zoro|minorityhntrzoro
|n| Sww-Suwa|swwsuwa
|n| MBT2|mbt2
|n| sgpg-test|sgpgtest
|n| Adopted|adopted
|n| DrasticLightning|drasticlightning
