|raw|<div class="broadcast-blue"><strong>This battle is required to be public due to a player having a name starting with 'lt93oq'.</div>
|j|☆Trainer Aggron
|j|☆LT93OQ Dasmer
|t:|1660393751
|gametype|singles
|player|p1|Trainer Aggron|266|1731
|player|p2|LT93OQ Dasmer|rei|1853
|teamsize|p1|6
|teamsize|p2|6
|gen|8
|tier|[Gen 8] OU
|rated|
|rule|Sleep Clause Mod: Limit one foe put to sleep
|rule|Species Clause: Limit one of each Pokémon
|rule|OHKO Clause: OHKO moves are banned
|rule|Evasion Items Clause: Evasion items are banned
|rule|Evasion Moves Clause: Evasion moves are banned
|rule|Endless Battle Clause: Forcing endless battles is banned
|rule|HP Percentage Mod: HP is shown in percentages
|rule|Dynamax Clause: You cannot dynamax
|clearpoke
|poke|p1|Urshifu-*, M|
|poke|p1|Melmetal|
|poke|p1|Mandibuzz, F|
|poke|p1|Nidoking, M|
|poke|p1|Zapdos|
|poke|p1|Heatran, M|
|poke|p2|Garchomp, M|
|poke|p2|Kartana|
|poke|p2|Slowbro, F|
|poke|p2|Weavile, F|
|poke|p2|Heatran, F|
|poke|p2|Zapdos|
|teampreview
|j| Mimikyu Stardust
|j| hardik27
|
|t:|1660393819
|start
|switch|p1a: Zapdos|Zapdos|100/100
|switch|p2a: Kartana|Kartana|100/100
|turn|1
|
|t:|1660393841
|switch|p2a: Garchomp|Garchomp, M|100/100
|move|p1a: Zapdos|Volt Switch|p2a: Garchomp
|-immune|p2a: Garchomp
|
|upkeep
|turn|2
|
|t:|1660393847
|switch|p1a: Mandibuzz|Mandibuzz, F|100/100
|move|p2a: Garchomp|Stealth Rock|p1a: Mandibuzz
|-sidestart|p1: Trainer Aggron|move: Stealth Rock
|
|upkeep
|turn|3
|
|t:|1660393861
|move|p2a: Garchomp|Toxic|p1a: Mandibuzz
|-status|p1a: Mandibuzz|tox
|move|p1a: Mandibuzz|Defog|p2a: Garchomp
|-unboost|p2a: Garchomp|evasion|1
|-sideend|p1: Trainer Aggron|Stealth Rock|[from] move: Defog|[of] p1a: Mandibuzz
|
|-damage|p1a: Mandibuzz|94/100 tox|[from] psn
|upkeep
|turn|4
|
|t:|1660393864
|switch|p1a: Zapdos|Zapdos|100/100
|move|p2a: Garchomp|Stealth Rock|p1a: Zapdos
|-sidestart|p1: Trainer Aggron|move: Stealth Rock
|
|upkeep
|turn|5
|
|t:|1660393867
|move|p1a: Zapdos|Hurricane|p2a: Garchomp
|-damage|p2a: Garchomp|44/100
|move|p2a: Garchomp|Toxic|p1a: Zapdos
|-status|p1a: Zapdos|tox
|
|-heal|p2a: Garchomp|50/100|[from] item: Leftovers
|-damage|p1a: Zapdos|94/100 tox|[from] psn
|upkeep
|turn|6
|j| fwdao
|
|t:|1660393873
|switch|p1a: Urshifu|Urshifu-Rapid-Strike, M|100/100
|-damage|p1a: Urshifu|94/100|[from] Stealth Rock
|move|p2a: Garchomp|Protect||[still]
|-fail|p2a: Garchomp
|
|-heal|p2a: Garchomp|56/100|[from] item: Leftovers
|upkeep
|turn|7
|
|t:|1660393882
|switch|p2a: Slowbro|Slowbro, F|100/100
|move|p1a: Urshifu|Surging Strikes|p2a: Slowbro
|-resisted|p2a: Slowbro
|-crit|p2a: Slowbro
|-damage|p2a: Slowbro|91/100
|-resisted|p2a: Slowbro
|-crit|p2a: Slowbro
|-damage|p2a: Slowbro|81/100
|-resisted|p2a: Slowbro
|-crit|p2a: Slowbro
|-damage|p2a: Slowbro|71/100
|-hitcount|p2a: Slowbro|3
|
|upkeep
|turn|8
|
|t:|1660393909
|switch|p1a: Melmetal|Melmetal|100/100
|-damage|p1a: Melmetal|94/100|[from] Stealth Rock
|move|p2a: Slowbro|Teleport|p2a: Slowbro
|
|t:|1660393917
|switch|p2a: Zapdos|Zapdos|100/100|[from]move: Teleport
|
|upkeep
|turn|9
|
|t:|1660393922
|switch|p2a: Slowbro|Slowbro, F|100/100
|switch|p1a: Heatran|Heatran, M|100/100
|-damage|p1a: Heatran|88/100|[from] Stealth Rock
|
|-heal|p1a: Heatran|94/100|[from] item: Leftovers
|upkeep
|turn|10
|
|t:|1660393926
|switch|p2a: Garchomp|Garchomp, M|56/100
|move|p1a: Heatran|Toxic|p2a: Garchomp|[miss]
|-miss|p1a: Heatran|p2a: Garchomp
|
|-heal|p2a: Garchomp|62/100|[from] item: Leftovers
|-heal|p1a: Heatran|100/100|[from] item: Leftovers
|upkeep
|turn|11
|
|t:|1660393939
|switch|p1a: Urshifu|Urshifu-Rapid-Strike, M|94/100
|-damage|p1a: Urshifu|88/100|[from] Stealth Rock
|move|p2a: Garchomp|Earthquake|p1a: Urshifu
|-damage|p1a: Urshifu|47/100
|
|-heal|p2a: Garchomp|69/100|[from] item: Leftovers
|upkeep
|turn|12
|
|t:|1660393952
|switch|p1a: Nidoking|Nidoking, M|100/100
|-damage|p1a: Nidoking|95/100|[from] Stealth Rock
|move|p2a: Garchomp|Earthquake|p1a: Nidoking
|-supereffective|p1a: Nidoking
|-damage|p1a: Nidoking|0 fnt
|faint|p1a: Nidoking
|
|-heal|p2a: Garchomp|75/100|[from] item: Leftovers
|upkeep
|c|☆LT93OQ Dasmer|gg
|
|t:|1660393962
|switch|p1a: Melmetal|Melmetal|94/100
|-damage|p1a: Melmetal|88/100|[from] Stealth Rock
|turn|13
|
|t:|1660393966
|move|p2a: Garchomp|Protect|p2a: Garchomp
|-singleturn|p2a: Garchomp|Protect
|move|p1a: Melmetal|Double Iron Bash|p2a: Garchomp
|-activate|p2a: Garchomp|move: Protect
|
|-heal|p2a: Garchomp|81/100|[from] item: Leftovers
|upkeep
|turn|14
|
|t:|1660393969
|switch|p2a: Slowbro|Slowbro, F|100/100
|move|p1a: Melmetal|Double Iron Bash|p2a: Slowbro
|-resisted|p2a: Slowbro
|-damage|p2a: Slowbro|81/100
|-resisted|p2a: Slowbro
|-damage|p2a: Slowbro|60/100
|-hitcount|p2a: Slowbro|2
|
|upkeep
|turn|15
|
|t:|1660393992
|switch|p1a: Mandibuzz|Mandibuzz, F|94/100 tox
|switch|p2a: Heatran|Heatran, F|100/100
|
|-damage|p1a: Mandibuzz|88/100 tox|[from] psn
|upkeep
|turn|16
|
|t:|1660393997
|switch|p1a: Heatran|Heatran, M|100/100
|-damage|p1a: Heatran|88/100|[from] Stealth Rock
|switch|p2a: Garchomp|Garchomp, M|81/100
|
|-heal|p2a: Garchomp|87/100|[from] item: Leftovers
|-heal|p1a: Heatran|94/100|[from] item: Leftovers
|upkeep
|turn|17
|
|t:|1660394002
|switch|p1a: Mandibuzz|Mandibuzz, F|88/100 tox
|move|p2a: Garchomp|Earthquake|p1a: Mandibuzz
|-immune|p1a: Mandibuzz
|
|-heal|p2a: Garchomp|93/100|[from] item: Leftovers
|-damage|p1a: Mandibuzz|82/100 tox|[from] psn
|upkeep
|turn|18
|
|t:|1660394007
|move|p2a: Garchomp|Protect|p2a: Garchomp
|-singleturn|p2a: Garchomp|Protect
|move|p1a: Mandibuzz|Defog|p2a: Garchomp
|-activate|p2a: Garchomp|move: Protect
|
|-heal|p2a: Garchomp|99/100|[from] item: Leftovers
|-damage|p1a: Mandibuzz|70/100 tox|[from] psn
|upkeep
|turn|19
|
|t:|1660394010
|switch|p1a: Zapdos|Zapdos|94/100 tox
|-damage|p1a: Zapdos|69/100 tox|[from] Stealth Rock
|move|p2a: Garchomp|Earthquake|p1a: Zapdos
|-immune|p1a: Zapdos
|
|-heal|p2a: Garchomp|100/100|[from] item: Leftovers
|-damage|p1a: Zapdos|63/100 tox|[from] psn
|upkeep
|turn|20
|
|t:|1660394015
|move|p2a: Garchomp|Protect|p2a: Garchomp
|-singleturn|p2a: Garchomp|Protect
|move|p1a: Zapdos|Hurricane|p2a: Garchomp
|-activate|p2a: Garchomp|move: Protect
|
|-damage|p1a: Zapdos|51/100 tox|[from] psn
|upkeep
|turn|21
|
|t:|1660394019
|switch|p2a: Heatran|Heatran, F|100/100
|move|p1a: Zapdos|Hurricane|p2a: Heatran
|-resisted|p2a: Heatran
|-damage|p2a: Heatran|74/100
|
|-heal|p2a: Heatran|80/100|[from] item: Leftovers
|-damage|p1a: Zapdos|32/100 tox|[from] psn
|upkeep
|turn|22
|
|t:|1660394032
|switch|p1a: Urshifu|Urshifu-Rapid-Strike, M|47/100
|-damage|p1a: Urshifu|41/100|[from] Stealth Rock
|move|p2a: Heatran|Earth Power|p1a: Urshifu
|-damage|p1a: Urshifu|3/100
|-unboost|p1a: Urshifu|spd|1
|
|-heal|p2a: Heatran|87/100|[from] item: Leftovers
|upkeep
|turn|23
|
|t:|1660394051
|switch|p2a: Slowbro|Slowbro, F|93/100
|move|p1a: Urshifu|Surging Strikes|p2a: Slowbro
|-resisted|p2a: Slowbro
|-crit|p2a: Slowbro
|-damage|p2a: Slowbro|83/100
|-resisted|p2a: Slowbro
|-crit|p2a: Slowbro
|-damage|p2a: Slowbro|74/100
|-resisted|p2a: Slowbro
|-crit|p2a: Slowbro
|-damage|p2a: Slowbro|65/100
|-hitcount|p2a: Slowbro|3
|
|upkeep
|turn|24
|
|t:|1660394076
|move|p1a: Urshifu|Surging Strikes|p2a: Slowbro
|-resisted|p2a: Slowbro
|-crit|p2a: Slowbro
|-damage|p2a: Slowbro|56/100
|-resisted|p2a: Slowbro
|-crit|p2a: Slowbro
|-damage|p2a: Slowbro|46/100
|-resisted|p2a: Slowbro
|-crit|p2a: Slowbro
|-damage|p2a: Slowbro|36/100
|-hitcount|p2a: Slowbro|3
|move|p2a: Slowbro|Teleport|p2a: Slowbro
|
|t:|1660394081
|switch|p2a: Kartana|Kartana|100/100|[from]move: Teleport
|
|upkeep
|turn|25
|
|t:|1660394088
|switch|p1a: Mandibuzz|Mandibuzz, F|70/100 tox
|move|p2a: Kartana|Knock Off|p1a: Mandibuzz
|-resisted|p1a: Mandibuzz
|-damage|p1a: Mandibuzz|52/100 tox
|-enditem|p1a: Mandibuzz|Heavy-Duty Boots|[from] move: Knock Off|[of] p2a: Kartana
|
|-damage|p1a: Mandibuzz|46/100 tox|[from] psn
|upkeep
|turn|26
|
|t:|1660394100
|switch|p2a: Garchomp|Garchomp, M|100/100
|move|p1a: Mandibuzz|Defog|p2a: Garchomp
|-unboost|p2a: Garchomp|evasion|1
|-sideend|p1: Trainer Aggron|Stealth Rock|[from] move: Defog|[of] p1a: Mandibuzz
|
|-damage|p1a: Mandibuzz|34/100 tox|[from] psn
|upkeep
|turn|27
|
|t:|1660394106
|move|p2a: Garchomp|Stealth Rock|p1a: Mandibuzz
|-sidestart|p1: Trainer Aggron|move: Stealth Rock
|move|p1a: Mandibuzz|Roost|p1a: Mandibuzz
|-heal|p1a: Mandibuzz|84/100 tox
|-singleturn|p1a: Mandibuzz|move: Roost
|
|-damage|p1a: Mandibuzz|65/100 tox|[from] psn
|upkeep
|turn|28
|
|t:|1660394125
|move|p2a: Garchomp|Earthquake|p1a: Mandibuzz
|-immune|p1a: Mandibuzz
|move|p1a: Mandibuzz|Foul Play|p2a: Garchomp
|-damage|p2a: Garchomp|67/100
|-damage|p1a: Mandibuzz|53/100 tox|[from] ability: Rough Skin|[of] p2a: Garchomp
|
|-heal|p2a: Garchomp|73/100|[from] item: Leftovers
|-damage|p1a: Mandibuzz|28/100 tox|[from] psn
|upkeep
|turn|29
|
|t:|1660394130
|switch|p1a: Melmetal|Melmetal|88/100
|-damage|p1a: Melmetal|82/100|[from] Stealth Rock
|move|p2a: Garchomp|Earthquake|p1a: Melmetal
|-supereffective|p1a: Melmetal
|-damage|p1a: Melmetal|36/100
|
|-heal|p2a: Garchomp|79/100|[from] item: Leftovers
|upkeep
|turn|30
|
|t:|1660394134
|move|p2a: Garchomp|Earthquake|p1a: Melmetal
|-supereffective|p1a: Melmetal
|-damage|p1a: Melmetal|0 fnt
|faint|p1a: Melmetal
|
|-heal|p2a: Garchomp|85/100|[from] item: Leftovers
|upkeep
|
|t:|1660394149
|switch|p1a: Heatran|Heatran, M|94/100
|-damage|p1a: Heatran|82/100|[from] Stealth Rock
|turn|31
|
|t:|1660394153
|move|p2a: Garchomp|Earthquake|p1a: Heatran
|-supereffective|p1a: Heatran
|-damage|p1a: Heatran|0 fnt
|faint|p1a: Heatran
|
|-heal|p2a: Garchomp|92/100|[from] item: Leftovers
|upkeep
|
|t:|1660394156
|switch|p1a: Mandibuzz|Mandibuzz, F|28/100 tox
|-damage|p1a: Mandibuzz|3/100 tox|[from] Stealth Rock
|turn|32
|
|t:|1660394161
|switch|p2a: Zapdos|Zapdos|100/100
|move|p1a: Mandibuzz|Foul Play|p2a: Zapdos
|-damage|p2a: Zapdos|80/100
|
|-damage|p1a: Mandibuzz|0 fnt|[from] psn
|faint|p1a: Mandibuzz
|upkeep
|
|t:|1660394171
|switch|p1a: Zapdos|Zapdos|32/100 tox
|-damage|p1a: Zapdos|7/100 tox|[from] Stealth Rock
|turn|33
|
|t:|1660394175
|switch|p2a: Garchomp|Garchomp, M|92/100
|move|p1a: Zapdos|Hurricane|p2a: Garchomp
|-damage|p2a: Garchomp|30/100
|
|-heal|p2a: Garchomp|36/100|[from] item: Leftovers
|-damage|p1a: Zapdos|1/100 tox|[from] psn
|upkeep
|turn|34
|
|t:|1660394179
|switch|p2a: Heatran|Heatran, F|87/100
|move|p1a: Zapdos|Hurricane|p2a: Heatran|[miss]
|-miss|p1a: Zapdos|p2a: Heatran
|
|-heal|p2a: Heatran|93/100|[from] item: Leftovers
|-damage|p1a: Zapdos|0 fnt|[from] psn
|faint|p1a: Zapdos
|upkeep
|
|t:|1660394182
|switch|p1a: Urshifu|Urshifu-Rapid-Strike, M|3/100
|-damage|p1a: Urshifu|0 fnt|[from] Stealth Rock
|faint|p1a: Urshifu
|
|win|LT93OQ Dasmer
|raw|Trainer Aggron's rating: 1731 &rarr; <strong>1718</strong><br />(-13 for losing)
|raw|LT93OQ Dasmer's rating: 1853 &rarr; <strong>1866</strong><br />(+13 for winning)
|j| PLACE NINE
|l|☆LT93OQ Dasmer
|l| PLACE NINE
|l| Mimikyu Stardust
|l| hardik27
|l|☆Trainer Aggron
