|j|☆imwavey
|j|☆POLYKlNG
|t:|1621747682
|gametype|singles
|player|p1|imwavey|169|1417
|player|p2|POLYKlNG|hilbert-dueldisk|1422
|teamsize|p1|6
|teamsize|p2|6
|gen|8
|tier|[Gen 8] OU
|rated|
|rule|Sleep Clause Mod: Limit one foe put to sleep
|rule|Species Clause: Limit one of each Pokémon
|rule|OHKO Clause: OHKO moves are banned
|rule|Evasion Moves Clause: Evasion moves are banned
|rule|Endless Battle Clause: Forcing endless battles is banned
|rule|HP Percentage Mod: HP is shown in percentages
|rule|Dynamax Clause: You cannot dynamax
|clearpoke
|poke|p1|Bisharp, F|
|poke|p1|Tapu Fini|
|poke|p1|Kyurem|
|poke|p1|Landorus-Therian, M|
|poke|p1|Tapu Lele|
|poke|p1|Zapdos|
|poke|p2|Dragapult, M|
|poke|p2|Kommo-o, F|
|poke|p2|Latias, F|
|poke|p2|Salamence, M|
|poke|p2|Kyurem|
|poke|p2|Hydreigon, F|
|teampreview
|inactive|Battle timer is ON: inactive players will automatically lose when time's up. (requested by POLYKlNG)
|j| dcfghyff
|
|t:|1621747695
|start
|switch|p1a: "focus" blast|Tapu Lele|100/100
|switch|p2a: Latias|Latias, F|100/100
|-fieldstart|move: Psychic Terrain|[from] ability: Psychic Surge|[of] p1a: "focus" blast
|turn|1
|
|t:|1621747704
|move|p1a: "focus" blast|Moonblast|p2a: Latias
|-supereffective|p2a: Latias
|-damage|p2a: Latias|0 fnt
|faint|p2a: Latias
|
|upkeep
|
|t:|1621747710
|switch|p2a: Dragapult|Dragapult, M|100/100
|turn|2
|
|t:|1621747720
|switch|p1a: Tapu Fini|Tapu Fini, shiny|100/100
|-fieldstart|move: Misty Terrain|[from] ability: Misty Surge|[of] p1a: Tapu Fini
|move|p2a: Dragapult|Shadow Ball|p1a: Tapu Fini
|-damage|p1a: Tapu Fini|59/100
|-unboost|p1a: Tapu Fini|spd|1
|
|-heal|p1a: Tapu Fini|65/100|[from] item: Leftovers
|upkeep
|turn|3
|
|t:|1621747733
|switch|p2a: Hydreigon|Hydreigon, F|100/100
|move|p1a: Tapu Fini|Draining Kiss|p2a: Hydreigon
|-supereffective|p2a: Hydreigon
|-damage|p2a: Hydreigon|32/100
|-heal|p1a: Tapu Fini|100/100|[from] drain|[of] p2a: Hydreigon
|
|-heal|p2a: Hydreigon|39/100|[from] item: Leftovers
|upkeep
|turn|4
|
|t:|1621747741
|move|p2a: Hydreigon|Flash Cannon|p1a: Tapu Fini
|-damage|p1a: Tapu Fini|71/100
|move|p1a: Tapu Fini|Draining Kiss|p2a: Hydreigon
|-supereffective|p2a: Hydreigon
|-damage|p2a: Hydreigon|0 fnt
|-heal|p1a: Tapu Fini|100/100|[from] drain|[of] p2a: Hydreigon
|faint|p2a: Hydreigon
|
|upkeep
|
|t:|1621747743
|switch|p2a: Kyurem|Kyurem|100/100
|-ability|p2a: Kyurem|Pressure
|turn|5
|
|t:|1621747756
|switch|p1a: Zapdos|Zapdos|100/100
|move|p2a: Kyurem|Freeze-Dry|p1a: Zapdos
|-supereffective|p1a: Zapdos
|-damage|p1a: Zapdos|7/100
|-damage|p2a: Kyurem|91/100|[from] item: Life Orb
|
|upkeep
|turn|6
|
|t:|1621747762
|move|p2a: Kyurem|Freeze-Dry|p1a: Zapdos
|-supereffective|p1a: Zapdos
|-damage|p1a: Zapdos|0 fnt
|faint|p1a: Zapdos
|-damage|p2a: Kyurem|81/100|[from] item: Life Orb
|
|-fieldend|Misty Terrain
|upkeep
|
|t:|1621747765
|switch|p1a: Kyurem|Kyurem, shiny|100/100
|-ability|p1a: Kyurem|Pressure
|turn|7
|
|t:|1621747775
|switch|p2a: Kommo-o|Kommo-o, F|100/100
|move|p1a: Kyurem|Freeze-Dry|p2a: Kommo-o
|-supereffective|p2a: Kommo-o
|-damage|p2a: Kommo-o|35/100
|
|-heal|p2a: Kommo-o|41/100|[from] item: Leftovers
|upkeep
|turn|8
|
|t:|1621747779
|move|p1a: Kyurem|Substitute|p1a: Kyurem
|-start|p1a: Kyurem|Substitute
|-damage|p1a: Kyurem|76/100
|move|p2a: Kommo-o|Close Combat|p1a: Kyurem
|-supereffective|p1a: Kyurem
|-end|p1a: Kyurem|Substitute
|-unboost|p2a: Kommo-o|def|1
|-unboost|p2a: Kommo-o|spd|1
|
|-heal|p1a: Kyurem|82/100|[from] item: Leftovers
|-heal|p2a: Kommo-o|47/100|[from] item: Leftovers
|upkeep
|turn|9
|
|t:|1621747788
|move|p1a: Kyurem|Freeze-Dry|p2a: Kommo-o
|-supereffective|p2a: Kommo-o
|-damage|p2a: Kommo-o|0 fnt
|faint|p2a: Kommo-o
|
|-heal|p1a: Kyurem|88/100|[from] item: Leftovers
|upkeep
|
|t:|1621747807
|switch|p2a: Kyurem|Kyurem|81/100
|-ability|p2a: Kyurem|Pressure
|turn|10
|
|t:|1621747814
|switch|p1a: Tapu Fini|Tapu Fini, shiny|100/100
|-fieldstart|move: Misty Terrain|[from] ability: Misty Surge|[of] p1a: Tapu Fini
|move|p2a: Kyurem|Draco Meteor|p1a: Tapu Fini
|-immune|p1a: Tapu Fini
|
|upkeep
|turn|11
|
|t:|1621747826
|move|p2a: Kyurem|Freeze-Dry|p1a: Tapu Fini
|-supereffective|p1a: Tapu Fini
|-damage|p1a: Tapu Fini|30/100
|-damage|p2a: Kyurem|71/100|[from] item: Life Orb
|move|p1a: Tapu Fini|Calm Mind|p1a: Tapu Fini
|-boost|p1a: Tapu Fini|spa|1
|-boost|p1a: Tapu Fini|spd|1
|
|-heal|p1a: Tapu Fini|36/100|[from] item: Leftovers
|upkeep
|turn|12
|
|t:|1621747831
|move|p2a: Kyurem|Freeze-Dry|p1a: Tapu Fini
|-supereffective|p1a: Tapu Fini
|-damage|p1a: Tapu Fini|0 fnt
|faint|p1a: Tapu Fini
|-damage|p2a: Kyurem|61/100|[from] item: Life Orb
|
|upkeep
|
|t:|1621747840
|switch|p1a: Bisharp|Bisharp, F|100/100
|turn|13
|
|t:|1621747843
|move|p1a: Bisharp|Sucker Punch|p2a: Kyurem
|-damage|p2a: Kyurem|19/100
|-damage|p1a: Bisharp|91/100|[from] item: Life Orb
|move|p2a: Kyurem|Earth Power|p1a: Bisharp
|-supereffective|p1a: Bisharp
|-damage|p1a: Bisharp|0 fnt
|faint|p1a: Bisharp
|-damage|p2a: Kyurem|9/100|[from] item: Life Orb
|
|upkeep
|
|t:|1621747849
|switch|p1a: "focus" blast|Tapu Lele|100/100
|-fieldstart|move: Psychic Terrain|[from] ability: Psychic Surge|[of] p1a: "focus" blast
|turn|14
|
|t:|1621747855
|move|p1a: "focus" blast|Moonblast|p2a: Kyurem
|-supereffective|p2a: Kyurem
|-damage|p2a: Kyurem|0 fnt
|faint|p2a: Kyurem
|
|upkeep
|
|t:|1621747860
|switch|p2a: Dragapult|Dragapult, M|100/100
|turn|15
|
|t:|1621747866
|switch|p1a: Kyurem|Kyurem, shiny|88/100
|-ability|p1a: Kyurem|Pressure
|move|p2a: Dragapult|Shadow Ball|p1a: Kyurem
|-damage|p1a: Kyurem|36/100
|
|-heal|p1a: Kyurem|42/100|[from] item: Leftovers
|upkeep
|turn|16
|
|t:|1621747869
|move|p2a: Dragapult|Shadow Ball|p1a: Kyurem
|-damage|p1a: Kyurem|0 fnt
|faint|p1a: Kyurem
|
|upkeep
|
|t:|1621747871
|switch|p1a: Landorus|Landorus-Therian, M|100/100
|-ability|p1a: Landorus|Intimidate|boost
|-unboost|p2a: Dragapult|atk|1
|turn|17
|
|t:|1621747879
|switch|p2a: Salamence|Salamence, M|100/100
|move|p1a: Landorus|Knock Off|p2a: Salamence
|-damage|p2a: Salamence|61/100
|-enditem|p2a: Salamence|Choice Scarf|[from] move: Knock Off|[of] p1a: Landorus
|
|upkeep
|turn|18
|
|t:|1621747885
|move|p2a: Salamence|Dual Wingbeat|p1a: Landorus
|-damage|p1a: Landorus|80/100
|-damage|p1a: Landorus|59/100
|-hitcount|p1a: Landorus|2
|move|p1a: Landorus|U-turn|p2a: Salamence
|-resisted|p2a: Salamence
|-damage|p2a: Salamence|46/100
|
|t:|1621747887
|switch|p1a: "focus" blast|Tapu Lele|100/100|[from]move: U-turn
|
|-fieldend|move: Psychic Terrain
|upkeep
|turn|19
|
|t:|1621747893
|move|p2a: Salamence|Earthquake|p1a: "focus" blast
|-damage|p1a: "focus" blast|43/100
|move|p1a: "focus" blast|Moonblast|p2a: Salamence
|-supereffective|p2a: Salamence
|-damage|p2a: Salamence|0 fnt
|faint|p2a: Salamence
|
|upkeep
|
|t:|1621747895
|switch|p2a: Dragapult|Dragapult, M|100/100
|turn|20
|
|t:|1621747898
|move|p2a: Dragapult|Shadow Ball|p1a: "focus" blast
|-supereffective|p1a: "focus" blast
|-damage|p1a: "focus" blast|0 fnt
|faint|p1a: "focus" blast
|
|upkeep
|
|t:|1621747900
|switch|p1a: Landorus|Landorus-Therian, M|59/100
|-ability|p1a: Landorus|Intimidate|boost
|-unboost|p2a: Dragapult|atk|1
|turn|21
|
|t:|1621747901
|move|p2a: Dragapult|Shadow Ball|p1a: Landorus
|-damage|p1a: Landorus|20/100
|move|p1a: Landorus|Knock Off|p2a: Dragapult
|-supereffective|p2a: Dragapult
|-damage|p2a: Dragapult|12/100
|-enditem|p2a: Dragapult|Choice Specs|[from] move: Knock Off|[of] p1a: Landorus
|
|-heal|p1a: Landorus|26/100|[from] item: Leftovers
|upkeep
|turn|22
|c|☆POLYKlNG|gg
|
|t:|1621747907
|move|p2a: Dragapult|Shadow Ball|p1a: Landorus
|-damage|p1a: Landorus|1/100
|-unboost|p1a: Landorus|spd|1
|move|p1a: Landorus|Earthquake|p2a: Dragapult
|-damage|p2a: Dragapult|0 fnt
|faint|p2a: Dragapult
|
|win|imwavey
|raw|imwavey's rating: 1417 &rarr; <strong>1437</strong><br />(+20 for winning)
|raw|POLYKlNG's rating: 1422 &rarr; <strong>1402</strong><br />(-20 for losing)
|c|☆imwavey|YES
|c|☆imwavey|GG
