|j|☆gr0ny
|j|☆Geenobe
|inactive|Battle timer is ON: inactive players will automatically lose when time's up.
|t:|1662176789
|gametype|singles
|player|p1|gr0ny|theroyal|
|player|p2|Geenobe|fisherman-gen4|
|teamsize|p1|6
|teamsize|p2|6
|gen|8
|tier|[Gen 8] OU
|rated|Tournament battle
|rule|Sleep Clause Mod: Limit one foe put to sleep
|rule|Species Clause: Limit one of each Pokémon
|rule|OHKO Clause: OHKO moves are banned
|rule|Evasion Items Clause: Evasion items are banned
|rule|Evasion Moves Clause: Evasion moves are banned
|rule|Endless Battle Clause: Forcing endless battles is banned
|rule|HP Percentage Mod: HP is shown in percentages
|rule|Dynamax Clause: You cannot dynamax
|clearpoke
|poke|p1|Blacephalon|
|poke|p1|Ninetales-Alola, M|
|poke|p1|Tapu Fini|
|poke|p1|Heatran, F|
|poke|p1|Kartana|
|poke|p1|Garchomp, M|
|poke|p2|Aerodactyl, F|
|poke|p2|Kyogre|
|poke|p2|Weavile, F|
|poke|p2|Volcanion|
|poke|p2|Scizor, M|
|poke|p2|Regieleki|
|teampreview
|j| V7xz
|j| zen7t
|c| V7xz|This boutta go nuts
|
|t:|1662176807
|start
|switch|p1a: Garchomp|Garchomp, M|100/100
|switch|p2a: Aerodactyl|Aerodactyl, F|100/100
|-ability|p2a: Aerodactyl|Pressure
|turn|1
|j| strangestger
|c| zen7t|fr
|
|t:|1662176814
|move|p2a: Aerodactyl|Taunt|p1a: Garchomp
|-start|p1a: Garchomp|move: Taunt
|move|p1a: Garchomp|Scale Shot|p2a: Aerodactyl
|-damage|p2a: Aerodactyl|82/100
|-damage|p2a: Aerodactyl|66/100
|-damage|p2a: Aerodactyl|47/100
|-hitcount|p2a: Aerodactyl|3
|-unboost|p1a: Garchomp|def|1
|-boost|p1a: Garchomp|spe|1
|
|upkeep
|turn|2
|j| Kyurem
|j| SDK04
|
|t:|1662176827
|move|p1a: Garchomp|Scale Shot|p2a: Aerodactyl
|-damage|p2a: Aerodactyl|31/100
|-damage|p2a: Aerodactyl|13/100
|-damage|p2a: Aerodactyl|0 fnt
|faint|p2a: Aerodactyl
|-hitcount|p2: Aerodactyl|3
|-unboost|p1a: Garchomp|def|1
|-boost|p1a: Garchomp|spe|1
|
|upkeep
|c| V7xz|Leave the suprise at the end for the funni
|
|t:|1662176836
|switch|p2a: Scizor|Scizor, M|100/100
|turn|3
|
|t:|1662176846
|switch|p1a: Heatran|Heatran, F|100/100
|-item|p1a: Heatran|Air Balloon
|move|p2a: Scizor|Bullet Punch|p1a: Heatran
|-resisted|p1a: Heatran
|-damage|p1a: Heatran|91/100
|-status|p2a: Scizor|brn|[from] ability: Flame Body|[of] p1a: Heatran
|-enditem|p1a: Heatran|Air Balloon
|
|-damage|p2a: Scizor|94/100 brn|[from] brn
|upkeep
|turn|4
|c|☆Geenobe|flame body moment
|
|t:|1662176857
|switch|p2a: Volcanion|Volcanion|100/100
|move|p1a: Heatran|Stealth Rock|p2a: Volcanion
|-sidestart|p2: Geenobe|move: Stealth Rock
|
|upkeep
|turn|5
|j| jen_iveve
|l| jen_iveve
|
|t:|1662176871
|switch|p1a: Tapu Fini|Tapu Fini, shiny|100/100
|-fieldstart|move: Misty Terrain|[from] ability: Misty Surge|[of] p1a: Tapu Fini
|move|p2a: Volcanion|Earth Power|p1a: Tapu Fini
|-damage|p1a: Tapu Fini|76/100
|
|-heal|p1a: Tapu Fini|82/100|[from] item: Leftovers
|upkeep
|turn|6
|c| V7xz|Hot
|
|t:|1662176883
|move|p2a: Volcanion|Sludge Wave|p1a: Tapu Fini
|-supereffective|p1a: Tapu Fini
|-damage|p1a: Tapu Fini|31/100
|move|p1a: Tapu Fini|Moonblast|p2a: Volcanion
|-resisted|p2a: Volcanion
|-damage|p2a: Volcanion|81/100
|
|-heal|p1a: Tapu Fini|37/100|[from] item: Leftovers
|upkeep
|turn|7
|
|t:|1662176902
|switch|p2a: Regieleki|Regieleki|100/100
|-damage|p2a: Regieleki|88/100|[from] Stealth Rock
|move|p1a: Tapu Fini|Moonblast|p2a: Regieleki
|-damage|p2a: Regieleki|32/100
|
|-heal|p1a: Tapu Fini|43/100|[from] item: Leftovers
|upkeep
|turn|8
|
|t:|1662176915
|switch|p1a: Garchomp|Garchomp, M|100/100
|move|p2a: Regieleki|Rapid Spin|p1a: Garchomp
|-damage|p1a: Garchomp|90/100
|-boost|p2a: Regieleki|spe|1
|-damage|p2a: Regieleki|20/100|[from] ability: Rough Skin|[of] p1a: Garchomp
|-sideend|p2: Geenobe|Stealth Rock|[from] move: Rapid Spin|[of] p2a: Regieleki
|
|-heal|p1a: Garchomp|96/100|[from] item: Leftovers
|upkeep
|turn|9
|
|t:|1662176925
|switch|p2a: Scizor|Scizor, M|94/100 brn
|move|p1a: Garchomp|Fire Fang|p2a: Scizor
|-supereffective|p2a: Scizor
|-damage|p2a: Scizor|0 fnt
|faint|p2a: Scizor
|
|-heal|p1a: Garchomp|100/100|[from] item: Leftovers
|-fieldend|Misty Terrain
|upkeep
|c| V7xz|Woah
|
|t:|1662176934
|switch|p2a: Weavile|Weavile, F|100/100
|-ability|p2a: Weavile|Pressure
|turn|10
|
|t:|1662176946
|switch|p2a: Kyogre|Kyogre|100/100
|-weather|RainDance|[from] ability: Drizzle|[of] p2a: Kyogre
|switch|p1a: Heatran|Heatran, F|91/100
|
|-weather|RainDance|[upkeep]
|upkeep
|turn|11
|
|t:|1662176960
|switch|p1a: Tapu Fini|Tapu Fini, shiny|43/100
|-fieldstart|move: Misty Terrain|[from] ability: Misty Surge|[of] p1a: Tapu Fini
|move|p2a: Kyogre|Water Spout|p1a: Tapu Fini
|-resisted|p1a: Tapu Fini
|-crit|p1a: Tapu Fini
|-damage|p1a: Tapu Fini|0 fnt
|faint|p1a: Tapu Fini
|
|-weather|RainDance|[upkeep]
|upkeep
|
|t:|1662176965
|switch|p1a: Kartana|Kartana, shiny|100/100
|turn|12
|c| V7xz|Oh shit
|
|t:|1662176972
|switch|p2a: Regieleki|Regieleki|20/100
|move|p1a: Kartana|Leaf Blade|p2a: Regieleki
|-damage|p2a: Regieleki|0 fnt
|faint|p2a: Regieleki
|-ability|p1a: Kartana|Beast Boost|boost
|-boost|p1a: Kartana|atk|1
|
|-weather|RainDance|[upkeep]
|upkeep
|
|t:|1662176977
|switch|p2a: Weavile|Weavile, F|100/100
|-ability|p2a: Weavile|Pressure
|turn|13
|c|☆Geenobe|oh whoops
|c|☆Geenobe|gg
|c| zen7t|oof
|c|☆Geenobe|forgot beast boost
|c| V7xz|Grony is a beast
|
|t:|1662176999
|switch|p1a: Heatran|Heatran, F|91/100
|move|p2a: Weavile|Ice Shard|p1a: Heatran
|-resisted|p1a: Heatran
|-damage|p1a: Heatran|87/100
|
|-weather|RainDance|[upkeep]
|upkeep
|turn|14
|
|t:|1662177016
|switch|p2a: Volcanion|Volcanion|81/100
|move|p1a: Heatran|Earth Power|p2a: Volcanion
|-supereffective|p2a: Volcanion
|-damage|p2a: Volcanion|18/100
|
|-weather|none
|upkeep
|turn|15
|
|t:|1662177028
|move|p2a: Volcanion|Steam Eruption|p1a: Heatran
|-supereffective|p1a: Heatran
|-damage|p1a: Heatran|0 fnt
|faint|p1a: Heatran
|
|-fieldend|Misty Terrain
|upkeep
|
|t:|1662177034
|switch|p1a: Ninetales|Ninetales-Alola, M, shiny|100/100
|-weather|Hail|[from] ability: Snow Warning|[of] p1a: Ninetales
|turn|16
|
|t:|1662177040
|move|p1a: Ninetales|Aurora Veil|p1a: Ninetales
|-sidestart|p1: gr0ny|move: Aurora Veil
|move|p2a: Volcanion|Flamethrower|p1a: Ninetales
|-supereffective|p1a: Ninetales
|-damage|p1a: Ninetales|54/100
|
|-weather|Hail|[upkeep]
|-damage|p2a: Volcanion|12/100|[from] Hail
|upkeep
|turn|17
|
|t:|1662177047
|move|p1a: Ninetales|Freeze-Dry|p2a: Volcanion
|-damage|p2a: Volcanion|0 fnt
|faint|p2a: Volcanion
|
|-weather|Hail|[upkeep]
|upkeep
|
|t:|1662177052
|switch|p2a: Kyogre|Kyogre|100/100
|-weather|RainDance|[from] ability: Drizzle|[of] p2a: Kyogre
|turn|18
|c|☆gr0ny|no legendary
|c| V7xz|Ur sexy beast
|c|☆gr0ny|only skill
|c|☆Geenobe|well i mean
|c|☆Geenobe|tapu fini
|
|t:|1662177070
|move|p1a: Ninetales|Hail|p1a: Ninetales
|-weather|Hail
|move|p2a: Kyogre|Origin Pulse|p1a: Ninetales
|-damage|p1a: Ninetales|2/100
|
|-weather|Hail|[upkeep]
|-damage|p2a: Kyogre|94/100|[from] Hail
|upkeep
|turn|19
|c|☆Geenobe|so like
|c|☆Geenobe|yes legendary
|
|t:|1662177080
|switch|p2a: Weavile|Weavile, F|100/100
|-ability|p2a: Weavile|Pressure
|move|p1a: Ninetales|Freeze-Dry|p2a: Weavile
|-resisted|p2a: Weavile
|-damage|p2a: Weavile|86/100
|
|-weather|Hail|[upkeep]
|upkeep
|turn|20
|c| zen7t|tapu and 2 beast
|c|☆Geenobe|i dont think beasts are legendary yeah?
|c|☆Geenobe|just rare pkm
|c| zen7t|eh
|c|☆Geenobe|regardless no ubers is still pg
|inactive|Geenobe has 120 seconds left.
|
|t:|1662177116
|switch|p1a: Blacephalon|Blacephalon, shiny|100/100
|move|p2a: Weavile|Swords Dance|p2a: Weavile
|-boost|p2a: Weavile|atk|2
|
|-weather|Hail|[upkeep]
|-damage|p1a: Blacephalon|94/100|[from] Hail
|upkeep
|turn|21
|c| V7xz|Beasts aren't legend
|inactive|Geenobe has 120 seconds left.
|
|t:|1662177124
|move|p2a: Weavile|Ice Shard|p1a: Blacephalon
|-resisted|p1a: Blacephalon
|-damage|p1a: Blacephalon|75/100
|move|p1a: Blacephalon|Flamethrower|p2a: Weavile
|-supereffective|p2a: Weavile
|-damage|p2a: Weavile|0 fnt
|faint|p2a: Weavile
|-ability|p1a: Blacephalon|Beast Boost|boost
|-boost|p1a: Blacephalon|spe|1
|
|-weather|Hail|[upkeep]
|-damage|p1a: Blacephalon|68/100|[from] Hail
|upkeep
|c| zen7t|beasts are cool tho
|c| V7xz|WATCH RHIS
|
|t:|1662177128
|switch|p2a: Kyogre|Kyogre|94/100
|-weather|RainDance|[from] ability: Drizzle|[of] p2a: Kyogre
|turn|22
|l| V7xz
|
|t:|1662177137
|move|p1a: Blacephalon|Shadow Ball|p2a: Kyogre
|-damage|p2a: Kyogre|65/100
|-unboost|p2a: Kyogre|spd|1
|move|p2a: Kyogre|Water Spout|p1a: Blacephalon
|-supereffective|p1a: Blacephalon
|-damage|p1a: Blacephalon|0 fnt
|faint|p1a: Blacephalon
|
|-weather|RainDance|[upkeep]
|upkeep
|c|☆Geenobe|oh not scarf
|
|t:|1662177142
|switch|p1a: Ninetales|Ninetales-Alola, M, shiny|2/100
|-weather|Hail|[from] ability: Snow Warning|[of] p1a: Ninetales
|turn|23
|c|☆Geenobe|lmao
|
|t:|1662177147
|move|p1a: Ninetales|Freeze-Dry|p2a: Kyogre
|-supereffective|p2a: Kyogre
|-damage|p2a: Kyogre|19/100
|move|p2a: Kyogre|Water Spout|p1a: Ninetales
|-damage|p1a: Ninetales|0 fnt
|faint|p1a: Ninetales
|
|-weather|Hail|[upkeep]
|-damage|p2a: Kyogre|13/100|[from] Hail
|-sideend|p1: gr0ny|move: Aurora Veil
|upkeep
|
|t:|1662177150
|switch|p1a: Kartana|Kartana, shiny|100/100
|turn|24
|c|☆Geenobe|ggwp
|
|t:|1662177154
|move|p1a: Kartana|Leaf Blade|p2a: Kyogre
|-supereffective|p2a: Kyogre
|-damage|p2a: Kyogre|0 fnt
|faint|p2a: Kyogre
|
|win|gr0ny
|n|☆gr0ny|gr0ny
|n|☆Geenobe|geenobe
|n| zen7t|zen7t
|n| strangestger|strangestger
|n| Kyurem|kyurem
|n| SDK04|sdk04
|c|☆gr0ny|ggwp
|l|☆Geenobe
