|j|☆Oryen
|j|☆E-boyxd69
|inactive|Battle timer is ON: inactive players will automatically lose when time's up.
|t:|1653070579
|gametype|singles
|player|p1|Oryen|bruno-gen1|
|player|p2|E-boyxd69|steven|
|teamsize|p1|6
|teamsize|p2|6
|gen|8
|tier|[Gen 8] OU
|rated|Tournament battle
|rule|Sleep Clause Mod: Limit one foe put to sleep
|rule|Species Clause: Limit one of each Pokémon
|rule|OHKO Clause: OHKO moves are banned
|rule|Evasion Moves Clause: Evasion moves are banned
|rule|Endless Battle Clause: Forcing endless battles is banned
|rule|HP Percentage Mod: HP is shown in percentages
|rule|Dynamax Clause: You cannot dynamax
|clearpoke
|poke|p1|Kartana|
|poke|p1|Slowking, M|
|poke|p1|Tyranitar, M|
|poke|p1|Buzzwole|
|poke|p1|Zapdos|
|poke|p1|Garchomp, M|
|poke|p2|Victini|
|poke|p2|Melmetal|
|poke|p2|Urshifu-*, F|
|poke|p2|Landorus-Therian, M|
|poke|p2|Ninetales-Alola, F|
|poke|p2|Ferrothorn, F|
|teampreview
|j|*Lady Monita ✿
|j| BB-8-NU
|inactive|E-boyxd69 also wants the timer to be on.
|c|☆E-boyxd69|gl hf
|c|☆Oryen|u2
|
|t:|1653070592
|start
|switch|p1a: Zapdos|Zapdos|100/100
|switch|p2a: Urshifu|Urshifu-Rapid-Strike, F|100/100
|turn|1
|j| neckbeard007
|
|t:|1653070597
|switch|p2a: Landorus|Landorus-Therian, M|100/100
|-ability|p2a: Landorus|Intimidate|boost
|-unboost|p1a: Zapdos|atk|1
|move|p1a: Zapdos|Volt Switch|p2a: Landorus
|-immune|p2a: Landorus
|
|upkeep
|turn|2
|
|t:|1653070607
|switch|p2a: Urshifu|Urshifu-Rapid-Strike, F|100/100
|move|p1a: Zapdos|Hurricane|p2a: Urshifu
|-supereffective|p2a: Urshifu
|-damage|p2a: Urshifu|0 fnt
|faint|p2a: Urshifu
|
|upkeep
|
|t:|1653070610
|switch|p2a: Victini|Victini|100/100
|turn|3
|j| u Vegeta u
|
|t:|1653070613
|switch|p1a: Tyranitar|Tyranitar, M|100/100
|-weather|Sandstorm|[from] ability: Sand Stream|[of] p1a: Tyranitar
|move|p2a: Victini|Trick Room|p2a: Victini
|-fieldstart|move: Trick Room|[of] p2a: Victini
|
|-weather|Sandstorm|[upkeep]
|-damage|p2a: Victini|94/100|[from] Sandstorm
|upkeep
|turn|4
|j| chrisrg98
|
|t:|1653070620
|switch|p2a: Melmetal|Melmetal|100/100
|move|p1a: Tyranitar|Stealth Rock|p2a: Melmetal
|-sidestart|p2: E-boyxd69|move: Stealth Rock
|
|-weather|Sandstorm|[upkeep]
|upkeep
|turn|5
|j| Failbor21
|j| 3PO
|j| prof dankness
|
|t:|1653070639
|switch|p1a: Buzzwole|Buzzwole|100/100
|move|p2a: Melmetal|Double Iron Bash|p1a: Buzzwole
|-damage|p1a: Buzzwole|67/100
|-damage|p2a: Melmetal|84/100|[from] item: Rocky Helmet|[of] p1a: Buzzwole
|-damage|p1a: Buzzwole|32/100
|-damage|p2a: Melmetal|67/100|[from] item: Rocky Helmet|[of] p1a: Buzzwole
|-hitcount|p1a: Buzzwole|2
|
|-weather|Sandstorm|[upkeep]
|-damage|p1a: Buzzwole|26/100|[from] Sandstorm
|upkeep
|turn|6
|
|t:|1653070653
|switch|p1a: Zapdos|Zapdos|100/100
|move|p2a: Melmetal|Double Iron Bash|p1a: Zapdos
|-resisted|p1a: Zapdos
|-damage|p1a: Zapdos|66/100
|-status|p2a: Melmetal|par|[from] ability: Static|[of] p1a: Zapdos
|-resisted|p1a: Zapdos
|-damage|p1a: Zapdos|32/100
|-hitcount|p1a: Zapdos|2
|
|-weather|Sandstorm|[upkeep]
|-damage|p1a: Zapdos|26/100|[from] Sandstorm
|upkeep
|turn|7
|
|t:|1653070658
|switch|p1a: Kartana|Kartana|100/100
|cant|p2a: Melmetal|par
|
|-weather|none
|-fieldend|move: Trick Room
|upkeep
|turn|8
|
|t:|1653070665
|switch|p2a: Landorus|Landorus-Therian, M|100/100
|-damage|p2a: Landorus|88/100|[from] Stealth Rock
|-ability|p2a: Landorus|Intimidate|boost
|-unboost|p1a: Kartana|atk|1
|move|p1a: Kartana|Knock Off|p2a: Landorus
|-damage|p2a: Landorus|38/100
|-enditem|p2a: Landorus|Soft Sand|[from] move: Knock Off|[of] p1a: Kartana
|
|upkeep
|turn|9
|
|t:|1653070672
|switch|p2a: Ferrothorn|Ferrothorn, F|100/100
|-damage|p2a: Ferrothorn|95/100|[from] Stealth Rock
|move|p1a: Kartana|Knock Off|p2a: Ferrothorn
|-damage|p2a: Ferrothorn|58/100
|-damage|p1a: Kartana|88/100|[from] ability: Iron Barbs|[of] p2a: Ferrothorn
|-enditem|p2a: Ferrothorn|Life Orb|[from] move: Knock Off|[of] p1a: Kartana
|
|upkeep
|turn|10
|
|t:|1653070677
|switch|p1a: Buzzwole|Buzzwole|26/100
|move|p2a: Ferrothorn|Gyro Ball|p1a: Buzzwole
|-damage|p1a: Buzzwole|0 fnt
|-damage|p2a: Ferrothorn|42/100|[from] item: Rocky Helmet|[of] p1a: Buzzwole
|faint|p1a: Buzzwole
|
|upkeep
|
|t:|1653070683
|switch|p1a: Zapdos|Zapdos|26/100
|turn|11
|
|t:|1653070686
|move|p1a: Zapdos|Roost|p1a: Zapdos
|-heal|p1a: Zapdos|76/100
|-singleturn|p1a: Zapdos|move: Roost
|move|p2a: Ferrothorn|Stealth Rock|p1a: Zapdos
|-sidestart|p1: Oryen|move: Stealth Rock
|
|upkeep
|turn|12
|
|t:|1653070690
|move|p1a: Zapdos|Defog|p2a: Ferrothorn
|-unboost|p2a: Ferrothorn|evasion|1
|-sideend|p2: E-boyxd69|Stealth Rock|[from] move: Defog|[of] p1a: Zapdos
|-sideend|p1: Oryen|Stealth Rock|[from] move: Defog|[of] p1a: Zapdos
|move|p2a: Ferrothorn|Power Whip|p1a: Zapdos|[miss]
|-miss|p2a: Ferrothorn|p1a: Zapdos
|
|upkeep
|turn|13
|j| cocacolin
|
|t:|1653070695
|move|p1a: Zapdos|Hurricane|p2a: Ferrothorn
|-damage|p2a: Ferrothorn|0 fnt
|faint|p2a: Ferrothorn
|
|upkeep
|
|t:|1653070697
|switch|p2a: Landorus|Landorus-Therian, M|38/100
|-ability|p2a: Landorus|Intimidate|boost
|-unboost|p1a: Zapdos|atk|1
|turn|14
|
|t:|1653070701
|move|p2a: Landorus|Stone Edge|p1a: Zapdos
|-supereffective|p1a: Zapdos
|-crit|p1a: Zapdos
|-damage|p1a: Zapdos|0 fnt
|faint|p1a: Zapdos
|
|upkeep
|
|t:|1653070707
|switch|p1a: Kartana|Kartana|88/100
|turn|15
|
|t:|1653070718
|move|p1a: Kartana|Knock Off|p2a: Landorus
|-damage|p2a: Landorus|0 fnt
|faint|p2a: Landorus
|-ability|p1a: Kartana|Beast Boost|boost
|-boost|p1a: Kartana|atk|1
|
|upkeep
|
|t:|1653070720
|switch|p2a: Ninetales|Ninetales-Alola, F|100/100
|-weather|Hail|[from] ability: Snow Warning|[of] p2a: Ninetales
|turn|16
|
|t:|1653070722
|switch|p1a: Tyranitar|Tyranitar, M|100/100
|-weather|Sandstorm|[from] ability: Sand Stream|[of] p1a: Tyranitar
|move|p2a: Ninetales|Blizzard|p1a: Tyranitar
|-damage|p1a: Tyranitar|83/100
|
|-weather|Sandstorm|[upkeep]
|-damage|p2a: Ninetales|95/100|[from] Sandstorm
|-heal|p1a: Tyranitar|90/100|[from] item: Leftovers
|upkeep
|turn|17
|
|t:|1653070726
|switch|p2a: Melmetal|Melmetal|67/100 par
|move|p1a: Tyranitar|Earthquake|p2a: Melmetal
|-supereffective|p2a: Melmetal
|-damage|p2a: Melmetal|37/100 par
|
|-weather|Sandstorm|[upkeep]
|-heal|p1a: Tyranitar|96/100|[from] item: Leftovers
|upkeep
|turn|18
|
|t:|1653070730
|switch|p1a: Kartana|Kartana|88/100
|move|p2a: Melmetal|Double Iron Bash|p1a: Kartana
|-resisted|p1a: Kartana
|-damage|p1a: Kartana|55/100
|-resisted|p1a: Kartana
|-damage|p1a: Kartana|19/100
|-hitcount|p1a: Kartana|2
|
|-weather|Sandstorm|[upkeep]
|upkeep
|turn|19
|
|t:|1653070734
|move|p1a: Kartana|Knock Off|p2a: Melmetal
|-damage|p2a: Melmetal|3/100 par
|-enditem|p2a: Melmetal|Choice Band|[from] move: Knock Off|[of] p1a: Kartana
|move|p2a: Melmetal|Double Iron Bash|p1a: Kartana
|-resisted|p1a: Kartana
|-damage|p1a: Kartana|0 fnt
|faint|p1a: Kartana
|-hitcount|p1: Kartana|1
|
|-weather|Sandstorm|[upkeep]
|upkeep
|
|t:|1653070742
|switch|p1a: Garchomp|Garchomp, M|100/100
|turn|20
|
|t:|1653070745
|move|p1a: Garchomp|Earthquake|p2a: Melmetal
|-supereffective|p2a: Melmetal
|-damage|p2a: Melmetal|0 fnt
|faint|p2a: Melmetal
|
|-weather|none
|upkeep
|
|t:|1653070747
|switch|p2a: Ninetales|Ninetales-Alola, F|95/100
|-weather|Hail|[from] ability: Snow Warning|[of] p2a: Ninetales
|turn|21
|
|t:|1653070751
|switch|p1a: Tyranitar|Tyranitar, M|96/100
|-weather|Sandstorm|[from] ability: Sand Stream|[of] p1a: Tyranitar
|move|p2a: Ninetales|Moonblast|p1a: Tyranitar
|-supereffective|p1a: Tyranitar
|-damage|p1a: Tyranitar|69/100
|-unboost|p1a: Tyranitar|spa|1
|
|-weather|Sandstorm|[upkeep]
|-damage|p2a: Ninetales|89/100|[from] Sandstorm
|-heal|p1a: Tyranitar|75/100|[from] item: Leftovers
|upkeep
|turn|22
|l| Failbor21
|
|t:|1653070757
|switch|p2a: Victini|Victini|94/100
|move|p1a: Tyranitar|Rock Blast|p2a: Victini
|-supereffective|p2a: Victini
|-damage|p2a: Victini|75/100
|-supereffective|p2a: Victini
|-damage|p2a: Victini|57/100
|-supereffective|p2a: Victini
|-damage|p2a: Victini|39/100
|-supereffective|p2a: Victini
|-damage|p2a: Victini|19/100
|-supereffective|p2a: Victini
|-damage|p2a: Victini|1/100
|-hitcount|p2a: Victini|5
|
|-weather|Sandstorm|[upkeep]
|-damage|p2a: Victini|0 fnt|[from] Sandstorm
|faint|p2a: Victini
|-heal|p1a: Tyranitar|81/100|[from] item: Leftovers
|upkeep
|
|t:|1653070759
|switch|p2a: Ninetales|Ninetales-Alola, F|89/100
|-weather|Hail|[from] ability: Snow Warning|[of] p2a: Ninetales
|turn|23
|
|t:|1653070763
|move|p2a: Ninetales|Freeze-Dry|p1a: Tyranitar
|-damage|p1a: Tyranitar|64/100
|-status|p1a: Tyranitar|frz
|cant|p1a: Tyranitar|frz
|
|-weather|Hail|[upkeep]
|-damage|p1a: Tyranitar|57/100 frz|[from] Hail
|-heal|p1a: Tyranitar|64/100 frz|[from] item: Leftovers
|upkeep
|turn|24
|
|t:|1653070769
|move|p2a: Ninetales|Freeze-Dry|p1a: Tyranitar
|-crit|p1a: Tyranitar
|-damage|p1a: Tyranitar|40/100 frz
|cant|p1a: Tyranitar|frz
|
|-weather|Hail|[upkeep]
|-damage|p1a: Tyranitar|34/100 frz|[from] Hail
|-heal|p1a: Tyranitar|40/100 frz|[from] item: Leftovers
|upkeep
|turn|25
|
|t:|1653070773
|move|p2a: Ninetales|Freeze-Dry|p1a: Tyranitar
|-damage|p1a: Tyranitar|23/100 frz
|cant|p1a: Tyranitar|frz
|
|-weather|Hail|[upkeep]
|-damage|p1a: Tyranitar|17/100 frz|[from] Hail
|-heal|p1a: Tyranitar|23/100 frz|[from] item: Leftovers
|upkeep
|turn|26
|
|t:|1653070777
|switch|p1a: Slowking|Slowking, M|100/100
|move|p2a: Ninetales|Freeze-Dry|p1a: Slowking
|-supereffective|p1a: Slowking
|-damage|p1a: Slowking|66/100
|
|-weather|Hail|[upkeep]
|-damage|p1a: Slowking|60/100|[from] Hail
|upkeep
|turn|27
|
|t:|1653070781
|switch|p1a: Tyranitar|Tyranitar, M|23/100 frz
|-weather|Sandstorm|[from] ability: Sand Stream|[of] p1a: Tyranitar
|move|p2a: Ninetales|Freeze-Dry|p1a: Tyranitar
|-damage|p1a: Tyranitar|12/100 frz
|
|-weather|Sandstorm|[upkeep]
|-damage|p2a: Ninetales|83/100|[from] Sandstorm
|-heal|p1a: Tyranitar|18/100 frz|[from] item: Leftovers
|upkeep
|turn|28
|
|t:|1653070789
|switch|p1a: Slowking|Slowking, M|94/100
|move|p2a: Ninetales|Freeze-Dry|p1a: Slowking
|-supereffective|p1a: Slowking
|-damage|p1a: Slowking|63/100
|
|-weather|Sandstorm|[upkeep]
|-damage|p2a: Ninetales|77/100|[from] Sandstorm
|-damage|p1a: Slowking|57/100|[from] Sandstorm
|upkeep
|turn|29
|
|t:|1653070791
|move|p2a: Ninetales|Freeze-Dry|p1a: Slowking
|-supereffective|p1a: Slowking
|-damage|p1a: Slowking|26/100
|move|p1a: Slowking|Slack Off|p1a: Slowking
|-heal|p1a: Slowking|76/100
|
|-weather|Sandstorm|[upkeep]
|-damage|p2a: Ninetales|71/100|[from] Sandstorm
|-damage|p1a: Slowking|70/100|[from] Sandstorm
|upkeep
|turn|30
|
|t:|1653070793
|move|p2a: Ninetales|Freeze-Dry|p1a: Slowking
|-supereffective|p1a: Slowking
|-damage|p1a: Slowking|36/100
|move|p1a: Slowking|Slack Off|p1a: Slowking
|-heal|p1a: Slowking|86/100
|
|-weather|Sandstorm|[upkeep]
|-damage|p2a: Ninetales|65/100|[from] Sandstorm
|-damage|p1a: Slowking|80/100|[from] Sandstorm
|upkeep
|turn|31
|
|t:|1653070797
|move|p2a: Ninetales|Freeze-Dry|p1a: Slowking
|-supereffective|p1a: Slowking
|-damage|p1a: Slowking|48/100
|move|p1a: Slowking|Slack Off|p1a: Slowking
|-heal|p1a: Slowking|98/100
|
|-weather|none
|upkeep
|turn|32
|j| Mushroomisjuicy
|
|t:|1653070799
|move|p2a: Ninetales|Freeze-Dry|p1a: Slowking
|-supereffective|p1a: Slowking
|-damage|p1a: Slowking|67/100
|-status|p1a: Slowking|frz
|cant|p1a: Slowking|frz
|
|upkeep
|turn|33
|l| cocacolin
|
|t:|1653070802
|move|p2a: Ninetales|Freeze-Dry|p1a: Slowking
|-supereffective|p1a: Slowking
|-damage|p1a: Slowking|33/100 frz
|-curestatus|p1a: Slowking|frz|[from] move: Scald
|move|p1a: Slowking|Scald|p2a: Ninetales
|-damage|p2a: Ninetales|32/100
|
|upkeep
|turn|34
|
|t:|1653070805
|switch|p1a: Tyranitar|Tyranitar, M|18/100 frz
|-weather|Sandstorm|[from] ability: Sand Stream|[of] p1a: Tyranitar
|move|p2a: Ninetales|Freeze-Dry|p1a: Tyranitar
|-damage|p1a: Tyranitar|8/100 frz
|
|-weather|Sandstorm|[upkeep]
|-damage|p2a: Ninetales|26/100|[from] Sandstorm
|-heal|p1a: Tyranitar|14/100 frz|[from] item: Leftovers
|upkeep
|turn|35
|
|t:|1653070834
|switch|p1a: Garchomp|Garchomp, M|100/100
|move|p2a: Ninetales|Freeze-Dry|p1a: Garchomp
|-supereffective|p1a: Garchomp
|-damage|p1a: Garchomp|0 fnt
|faint|p1a: Garchomp
|
|-weather|Sandstorm|[upkeep]
|-damage|p2a: Ninetales|20/100|[from] Sandstorm
|upkeep
|
|t:|1653070836
|switch|p1a: Slowking|Slowking, M|66/100
|turn|36
|
|t:|1653070839
|move|p2a: Ninetales|Freeze-Dry|p1a: Slowking
|-supereffective|p1a: Slowking
|-damage|p1a: Slowking|34/100
|move|p1a: Slowking|Slack Off|p1a: Slowking
|-heal|p1a: Slowking|84/100
|
|-weather|Sandstorm|[upkeep]
|-damage|p2a: Ninetales|14/100|[from] Sandstorm
|-damage|p1a: Slowking|78/100|[from] Sandstorm
|upkeep
|turn|37
|
|t:|1653070841
|move|p2a: Ninetales|Freeze-Dry|p1a: Slowking
|-supereffective|p1a: Slowking
|-damage|p1a: Slowking|42/100
|move|p1a: Slowking|Slack Off|p1a: Slowking
|-heal|p1a: Slowking|92/100
|
|-weather|Sandstorm|[upkeep]
|-damage|p2a: Ninetales|8/100|[from] Sandstorm
|-damage|p1a: Slowking|86/100|[from] Sandstorm
|upkeep
|turn|38
|j|%Jadino bambino
|
|t:|1653070845
|move|p2a: Ninetales|Freeze-Dry|p1a: Slowking
|-supereffective|p1a: Slowking
|-damage|p1a: Slowking|52/100
|move|p1a: Slowking|Slack Off|p1a: Slowking
|-heal|p1a: Slowking|100/100
|
|-weather|none
|upkeep
|turn|39
|
|t:|1653070848
|switch|p1a: Tyranitar|Tyranitar, M|14/100 frz
|-weather|Sandstorm|[from] ability: Sand Stream|[of] p1a: Tyranitar
|move|p2a: Ninetales|Freeze-Dry|p1a: Tyranitar
|-damage|p1a: Tyranitar|2/100 frz
|
|-weather|Sandstorm|[upkeep]
|-damage|p2a: Ninetales|2/100|[from] Sandstorm
|-heal|p1a: Tyranitar|8/100 frz|[from] item: Leftovers
|upkeep
|turn|40
|
|t:|1653070851
|move|p2a: Ninetales|Freeze-Dry|p1a: Tyranitar
|-damage|p1a: Tyranitar|0 fnt
|faint|p1a: Tyranitar
|
|-weather|Sandstorm|[upkeep]
|-damage|p2a: Ninetales|0 fnt|[from] Sandstorm
|faint|p2a: Ninetales
|
|win|Oryen
|upkeep
|n|☆Oryen|oryen
|n|☆E-boyxd69|eboyxd69
|n|*Lady Monita ✿|ladymonita
|n| BB-8-NU|bb8nu
|n| neckbeard007|neckbeard007
|n| u Vegeta u|uvegetau
|n| chrisrg98|chrisrg98
|n| 3PO|3po
|n| prof dankness|profdankness
|n| Mushroomisjuicy|mushroomisjuicy
|n| Jadino bambino|jadinobambino
