|j|☆El Stefano
|j|☆testingdriverio
|t:|1667320372
|gametype|singles
|player|p1|El Stefano|101|1780
|player|p2|testingdriverio|170|1810
|teamsize|p1|6
|teamsize|p2|6
|gen|8
|tier|[Gen 8] OU
|rated|
|rule|Sleep Clause Mod: Limit one foe put to sleep
|rule|Species Clause: Limit one of each Pokémon
|rule|OHKO Clause: OHKO moves are banned
|rule|Evasion Items Clause: Evasion items are banned
|rule|Evasion Moves Clause: Evasion moves are banned
|rule|Endless Battle Clause: Forcing endless battles is banned
|rule|HP Percentage Mod: HP is shown in percentages
|rule|Dynamax Clause: You cannot dynamax
|clearpoke
|poke|p1|Reuniclus, F|
|poke|p1|Umbreon, F|
|poke|p1|Quagsire, M|
|poke|p1|Dragonite, M|
|poke|p1|Toxapex, M|
|poke|p1|Tornadus-Therian, M|
|poke|p2|Gyarados, M|
|poke|p2|Landorus-Therian, M|
|poke|p2|Incineroar, F|
|poke|p2|Dragonite, M|
|poke|p2|Starmie|
|poke|p2|Kartana|
|teampreview
|j| Zombini62
|
|t:|1667320382
|start
|switch|p1a: Tornadus|Tornadus-Therian, M|100/100
|switch|p2a: Gyarados|Gyarados, M|100/100
|-ability|p2a: Gyarados|Intimidate|boost
|-unboost|p1a: Tornadus|atk|1
|turn|1
|
|t:|1667320385
|move|p1a: Tornadus|Taunt|p2a: Gyarados
|-start|p2a: Gyarados|move: Taunt
|cant|p2a: Gyarados|move: Taunt|Toxic
|
|upkeep
|turn|2
|
|t:|1667320396
|move|p1a: Tornadus|Toxic|p2a: Gyarados
|-status|p2a: Gyarados|tox
|move|p2a: Gyarados|Hydro Pump|p1a: Tornadus
|-damage|p1a: Tornadus|73/100
|
|-damage|p2a: Gyarados|94/100 tox|[from] psn
|upkeep
|turn|3
|j| Jpoxferd
|j| anarc0
|inactive|Battle timer is ON: inactive players will automatically lose when time's up. (requested by El Stefano)
|
|t:|1667320416
|move|p1a: Tornadus|Hurricane|p2a: Gyarados
|-damage|p2a: Gyarados|50/100 tox
|move|p2a: Gyarados|Hydro Pump|p1a: Tornadus|[miss]
|-miss|p2a: Gyarados|p1a: Tornadus
|
|-damage|p2a: Gyarados|38/100 tox|[from] psn
|-end|p2a: Gyarados|move: Taunt
|upkeep
|turn|4
|j| clozap9
|
|t:|1667320426
|switch|p2a: Landorus|Landorus-Therian, M|100/100
|-ability|p2a: Landorus|Intimidate|boost
|-unboost|p1a: Tornadus|atk|1
|move|p1a: Tornadus|Hurricane|p2a: Landorus
|-damage|p2a: Landorus|70/100
|
|-heal|p2a: Landorus|76/100|[from] item: Leftovers
|upkeep
|turn|5
|
|t:|1667320436
|move|p1a: Tornadus|Toxic|p2a: Landorus
|-status|p2a: Landorus|tox
|move|p2a: Landorus|U-turn|p1a: Tornadus
|-resisted|p1a: Tornadus
|-damage|p1a: Tornadus|61/100
|
|t:|1667320441
|switch|p2a: Dragonite|Dragonite, M|100/100|[from]move: U-turn
|
|upkeep
|turn|6
|
|t:|1667320446
|switch|p1a: Toxapex|Toxapex, M|100/100
|move|p2a: Dragonite|Thunder Punch|p1a: Toxapex
|-supereffective|p1a: Toxapex
|-damage|p1a: Toxapex|67/100
|-status|p1a: Toxapex|par
|-damage|p2a: Dragonite|84/100|[from] item: Rocky Helmet|[of] p1a: Toxapex
|
|upkeep
|turn|7
|
|t:|1667320462
|switch|p2a: Landorus|Landorus-Therian, M|76/100 tox
|-ability|p2a: Landorus|Intimidate|boost
|-unboost|p1a: Toxapex|atk|1
|move|p1a: Toxapex|Knock Off|p2a: Landorus
|-damage|p2a: Landorus|66/100 tox
|-enditem|p2a: Landorus|Leftovers|[from] move: Knock Off|[of] p1a: Toxapex
|
|-damage|p2a: Landorus|60/100 tox|[from] psn
|upkeep
|turn|8
|
|t:|1667320473
|switch|p1a: Tornadus|Tornadus-Therian, M|94/100
|move|p2a: Landorus|Stealth Rock|p1a: Tornadus
|-sidestart|p1: El Stefano|move: Stealth Rock
|
|-damage|p2a: Landorus|48/100 tox|[from] psn
|upkeep
|turn|9
|
|t:|1667320481
|move|p1a: Tornadus|Defog|p2a: Landorus
|-unboost|p2a: Landorus|evasion|1
|-sideend|p1: El Stefano|Stealth Rock|[from] move: Defog|[of] p1a: Tornadus
|move|p2a: Landorus|Toxic|p1a: Tornadus
|-status|p1a: Tornadus|tox
|
|-damage|p1a: Tornadus|88/100 tox|[from] psn
|-damage|p2a: Landorus|30/100 tox|[from] psn
|upkeep
|turn|10
|
|t:|1667320488
|switch|p2a: Starmie|Starmie|100/100
|move|p1a: Tornadus|Hurricane|p2a: Starmie
|-damage|p2a: Starmie|48/100
|
|-damage|p1a: Tornadus|76/100 tox|[from] psn
|upkeep
|turn|11
|
|t:|1667320499
|switch|p1a: Reuniclus|Reuniclus, F|100/100
|move|p2a: Starmie|Recover|p2a: Starmie
|-heal|p2a: Starmie|98/100
|
|upkeep
|turn|12
|
|t:|1667320506
|switch|p2a: Incineroar|Incineroar, F|100/100
|-ability|p2a: Incineroar|Intimidate|boost
|-unboost|p1a: Reuniclus|atk|1
|move|p1a: Reuniclus|Future Sight|p2a: Incineroar
|-start|p1a: Reuniclus|move: Future Sight
|
|upkeep
|turn|13
|
|t:|1667320512
|switch|p1a: Toxapex|Toxapex, M|99/100 par
|move|p2a: Incineroar|Knock Off|p1a: Toxapex
|-crit|p1a: Toxapex
|-damage|p1a: Toxapex|65/100 par
|-damage|p2a: Incineroar|84/100|[from] item: Rocky Helmet|[of] p1a: Toxapex
|-enditem|p1a: Toxapex|Rocky Helmet|[from] move: Knock Off|[of] p2a: Incineroar
|
|upkeep
|turn|14
|
|t:|1667320521
|move|p2a: Incineroar|Knock Off|p1a: Toxapex
|-crit|p1a: Toxapex
|-damage|p1a: Toxapex|40/100 par
|move|p1a: Toxapex|Toxic|p2a: Incineroar
|-status|p2a: Incineroar|tox
|
|-end|p2a: Incineroar|move: Future Sight
|-immune|p2a: Incineroar
|-damage|p2a: Incineroar|78/100 tox|[from] psn
|upkeep
|turn|15
|
|t:|1667320530
|move|p2a: Incineroar|Parting Shot|p1a: Toxapex
|-unboost|p1a: Toxapex|atk|1
|-unboost|p1a: Toxapex|spa|1
|
|t:|1667320534
|switch|p2a: Kartana|Kartana|100/100|[from]move: Parting Shot
|cant|p1a: Toxapex|par
|
|upkeep
|turn|16
|
|t:|1667320542
|switch|p1a: Dragonite|Dragonite, M|100/100
|move|p2a: Kartana|Knock Off|p1a: Dragonite
|-damage|p1a: Dragonite|79/100
|-enditem|p1a: Dragonite|Leftovers|[from] move: Knock Off|[of] p2a: Kartana
|-damage|p2a: Kartana|91/100|[from] item: Life Orb
|
|upkeep
|turn|17
|
|t:|1667320551
|switch|p2a: Starmie|Starmie|98/100
|move|p1a: Dragonite|Roost|p1a: Dragonite
|-heal|p1a: Dragonite|100/100
|-singleturn|p1a: Dragonite|move: Roost
|
|upkeep
|turn|18
|
|t:|1667320556
|switch|p1a: Reuniclus|Reuniclus, F|100/100
|move|p2a: Starmie|Scald|p1a: Reuniclus
|-damage|p1a: Reuniclus|90/100
|
|upkeep
|turn|19
|j| DukeStarr
|
|t:|1667320561
|switch|p2a: Incineroar|Incineroar, F|78/100 tox
|-ability|p2a: Incineroar|Intimidate|boost
|-unboost|p1a: Reuniclus|atk|1
|move|p1a: Reuniclus|Knock Off|p2a: Incineroar
|-resisted|p2a: Incineroar
|-damage|p2a: Incineroar|73/100 tox
|-enditem|p2a: Incineroar|Heavy-Duty Boots|[from] move: Knock Off|[of] p1a: Reuniclus
|
|-damage|p2a: Incineroar|67/100 tox|[from] psn
|upkeep
|turn|20
|
|t:|1667320567
|switch|p1a: Toxapex|Toxapex, M|74/100 par
|move|p2a: Incineroar|Parting Shot|p1a: Toxapex
|-unboost|p1a: Toxapex|atk|1
|-unboost|p1a: Toxapex|spa|1
|
|t:|1667320570
|switch|p2a: Landorus|Landorus-Therian, M|30/100 tox|[from]move: Parting Shot
|-ability|p2a: Landorus|Intimidate|boost
|-unboost|p1a: Toxapex|atk|1
|
|-damage|p2a: Landorus|24/100 tox|[from] psn
|upkeep
|turn|21
|
|t:|1667320573
|switch|p1a: Tornadus|Tornadus-Therian, M|100/100 tox
|move|p2a: Landorus|Stealth Rock|p1a: Tornadus
|-sidestart|p1: El Stefano|move: Stealth Rock
|
|-damage|p1a: Tornadus|94/100 tox|[from] psn
|-damage|p2a: Landorus|12/100 tox|[from] psn
|upkeep
|turn|22
|
|t:|1667320580
|switch|p2a: Dragonite|Dragonite, M|84/100
|move|p1a: Tornadus|Defog|p2a: Dragonite
|-unboost|p2a: Dragonite|evasion|1
|-sideend|p1: El Stefano|Stealth Rock|[from] move: Defog|[of] p1a: Tornadus
|
|-damage|p1a: Tornadus|82/100 tox|[from] psn
|upkeep
|turn|23
|
|t:|1667320589
|switch|p1a: Toxapex|Toxapex, M|100/100 par
|switch|p2a: Starmie|Starmie|98/100
|
|upkeep
|turn|24
|
|t:|1667320597
|switch|p2a: Kartana|Kartana|91/100
|switch|p1a: Reuniclus|Reuniclus, F|100/100
|
|upkeep
|turn|25
|
|t:|1667320602
|switch|p1a: Dragonite|Dragonite, M|100/100
|move|p2a: Kartana|Swords Dance|p2a: Kartana
|-boost|p2a: Kartana|atk|2
|
|upkeep
|turn|26
|l| clozap9
|
|t:|1667320608
|switch|p2a: Incineroar|Incineroar, F|67/100 tox
|-ability|p2a: Incineroar|Intimidate|boost
|-unboost|p1a: Dragonite|atk|1
|move|p1a: Dragonite|Flamethrower|p2a: Incineroar
|-resisted|p2a: Incineroar
|-damage|p2a: Incineroar|59/100 tox
|
|-damage|p2a: Incineroar|53/100 tox|[from] psn
|upkeep
|turn|27
|
|t:|1667320620
|switch|p1a: Toxapex|Toxapex, M|100/100 par
|move|p2a: Incineroar|Parting Shot|p1a: Toxapex
|-unboost|p1a: Toxapex|atk|1
|-unboost|p1a: Toxapex|spa|1
|-message|testingdriverio forfeited.
|
|win|El Stefano
|raw|El Stefano's rating: 1780 &rarr; <strong>1802</strong><br />(+22 for winning)
|raw|testingdriverio's rating: 1810 &rarr; <strong>1788</strong><br />(-22 for losing)
|l|☆testingdriverio
|l| Zombini62
|l| Jpoxferd
|l| anarc0
||Ladder isn't responding, score probably updated but might not have (Request timeout).
