|j|☆Colougrash
|j|☆madness10
|t:|1636316698
|gametype|singles
|player|p1|Colougrash|bruno-gen2|1420
|player|p2|madness10|1|1409
|teamsize|p1|6
|teamsize|p2|6
|gen|8
|tier|[Gen 8] OU
|rated|
|rule|Sleep Clause Mod: Limit one foe put to sleep
|rule|Species Clause: Limit one of each Pokémon
|rule|OHKO Clause: OHKO moves are banned
|rule|Evasion Moves Clause: Evasion moves are banned
|rule|Endless Battle Clause: Forcing endless battles is banned
|rule|HP Percentage Mod: HP is shown in percentages
|rule|Dynamax Clause: You cannot dynamax
|clearpoke
|poke|p1|Volcarona, M|
|poke|p1|Dragapult, F|
|poke|p1|Garchomp, F|
|poke|p1|Ferrothorn, M|
|poke|p1|Tapu Fini|
|poke|p1|Zapdos-Galar|
|poke|p2|Magnezone|
|poke|p2|Slowking, F|
|poke|p2|Dragapult, F|
|poke|p2|Landorus-Therian, M|
|poke|p2|Zeraora|
|poke|p2|Kartana|
|teampreview
|inactive|Battle timer is ON: inactive players will automatically lose when time's up. (requested by Colougrash)
|
|t:|1636316715
|start
|switch|p1a: Ferrothorn|Ferrothorn, M|100/100
|switch|p2a: Slowking|Slowking, F|100/100
|turn|1
|
|t:|1636316721
|switch|p1a: Tapu Fini|Tapu Fini|100/100
|-fieldstart|move: Misty Terrain|[from] ability: Misty Surge|[of] p1a: Tapu Fini
|move|p2a: Slowking|Teleport|p2a: Slowking
|
|t:|1636316733
|switch|p2a: Zeraora|Zeraora|100/100|[from]move: Teleport
|
|upkeep
|turn|2
|
|t:|1636316742
|switch|p1a: Garchomp|Garchomp, F|100/100
|move|p2a: Zeraora|Volt Switch|p1a: Garchomp
|-immune|p1a: Garchomp
|
|upkeep
|turn|3
|
|t:|1636316751
|switch|p2a: Slowking|Slowking, F|100/100
|move|p1a: Garchomp|Stealth Rock|p2a: Slowking
|-sidestart|p2: madness10|move: Stealth Rock
|
|upkeep
|turn|4
|
|t:|1636316759
|switch|p1a: Ferrothorn|Ferrothorn, M|100/100
|move|p2a: Slowking|Scald|p1a: Ferrothorn
|-resisted|p1a: Ferrothorn
|-damage|p1a: Ferrothorn|91/100
|
|-heal|p1a: Ferrothorn|97/100|[from] item: Leftovers
|upkeep
|turn|5
|
|t:|1636316767
|switch|p1a: Zapdos|Zapdos-Galar|100/100
|move|p2a: Slowking|Teleport|p2a: Slowking
|
|t:|1636316781
|switch|p2a: Zeraora|Zeraora|100/100|[from]move: Teleport
|
|-fieldend|Misty Terrain
|upkeep
|turn|6
|
|t:|1636316788
|switch|p1a: Ferrothorn|Ferrothorn, M|97/100
|move|p2a: Zeraora|Volt Switch|p1a: Ferrothorn
|-resisted|p1a: Ferrothorn
|-damage|p1a: Ferrothorn|90/100
|
|t:|1636316794
|switch|p2a: Magnezone|Magnezone|100/100|[from]move: Volt Switch
|-damage|p2a: Magnezone|94/100|[from] Stealth Rock
|
|-heal|p1a: Ferrothorn|97/100|[from] item: Leftovers
|upkeep
|turn|7
|
|t:|1636316800
|move|p2a: Magnezone|Iron Defense|p2a: Magnezone
|-boost|p2a: Magnezone|def|2
|move|p1a: Ferrothorn|Leech Seed|p2a: Magnezone
|-start|p2a: Magnezone|move: Leech Seed
|
|-heal|p1a: Ferrothorn|100/100|[from] item: Leftovers
|-damage|p2a: Magnezone|82/100|[from] Leech Seed|[of] p1a: Ferrothorn
|upkeep
|turn|8
|
|t:|1636316808
|move|p2a: Magnezone|Iron Defense|p2a: Magnezone
|-boost|p2a: Magnezone|def|2
|move|p1a: Ferrothorn|Spikes|p2a: Magnezone
|-sidestart|p2: madness10|Spikes
|
|-damage|p2a: Magnezone|69/100|[from] Leech Seed|[of] p1a: Ferrothorn
|upkeep
|turn|9
|
|t:|1636316814
|move|p2a: Magnezone|Body Press|p1a: Ferrothorn
|-supereffective|p1a: Ferrothorn
|-damage|p1a: Ferrothorn|0 fnt
|-damage|p2a: Magnezone|57/100|[from] ability: Iron Barbs|[of] p1a: Ferrothorn
|faint|p1a: Ferrothorn
|
|upkeep
|
|t:|1636316822
|switch|p1a: Volcarona|Volcarona, M|100/100
|turn|10
|
|t:|1636316836
|move|p1a: Volcarona|Quiver Dance|p1a: Volcarona
|-boost|p1a: Volcarona|spa|1
|-boost|p1a: Volcarona|spd|1
|-boost|p1a: Volcarona|spe|1
|move|p2a: Magnezone|Thunderbolt|p1a: Volcarona
|-damage|p1a: Volcarona|77/100
|
|-damage|p2a: Magnezone|44/100|[from] Leech Seed|[of] p1a: Volcarona
|-heal|p1a: Volcarona|89/100|[silent]
|upkeep
|turn|11
|
|t:|1636316844
|move|p1a: Volcarona|Quiver Dance|p1a: Volcarona
|-boost|p1a: Volcarona|spa|1
|-boost|p1a: Volcarona|spd|1
|-boost|p1a: Volcarona|spe|1
|move|p2a: Magnezone|Body Press|p1a: Volcarona
|-resisted|p1a: Volcarona
|-damage|p1a: Volcarona|49/100
|
|-damage|p2a: Magnezone|32/100|[from] Leech Seed|[of] p1a: Volcarona
|-heal|p1a: Volcarona|61/100|[silent]
|upkeep
|turn|12
|
|t:|1636316852
|move|p1a: Volcarona|Quiver Dance|p1a: Volcarona
|-boost|p1a: Volcarona|spa|1
|-boost|p1a: Volcarona|spd|1
|-boost|p1a: Volcarona|spe|1
|move|p2a: Magnezone|Body Press|p1a: Volcarona
|-resisted|p1a: Volcarona
|-damage|p1a: Volcarona|17/100
|
|-damage|p2a: Magnezone|19/100|[from] Leech Seed|[of] p1a: Volcarona
|-heal|p1a: Volcarona|28/100|[silent]
|upkeep
|turn|13
|
|t:|1636316861
|move|p1a: Volcarona|Roost|p1a: Volcarona
|-heal|p1a: Volcarona|78/100
|-singleturn|p1a: Volcarona|move: Roost
|move|p2a: Magnezone|Body Press|p1a: Volcarona
|-resisted|p1a: Volcarona
|-damage|p1a: Volcarona|38/100
|
|-damage|p2a: Magnezone|7/100|[from] Leech Seed|[of] p1a: Volcarona
|-heal|p1a: Volcarona|50/100|[silent]
|upkeep
|turn|14
|
|t:|1636316868
|move|p1a: Volcarona|Roost|p1a: Volcarona
|-heal|p1a: Volcarona|99/100
|-singleturn|p1a: Volcarona|move: Roost
|move|p2a: Magnezone|Body Press|p1a: Volcarona
|-resisted|p1a: Volcarona
|-damage|p1a: Volcarona|59/100
|-status|p2a: Magnezone|brn|[from] ability: Flame Body|[of] p1a: Volcarona
|
|-damage|p2a: Magnezone|0 fnt|[from] Leech Seed|[of] p1a: Volcarona
|-heal|p1a: Volcarona|65/100|[silent]
|faint|p2a: Magnezone
|upkeep
|
|t:|1636316883
|switch|p2a: Dragapult|Dragapult, F|100/100
|-damage|p2a: Dragapult|88/100|[from] Spikes
|-damage|p2a: Dragapult|76/100|[from] Stealth Rock
|turn|15
|
|t:|1636316888
|move|p1a: Volcarona|Psychic|p2a: Dragapult
|-damage|p2a: Dragapult|0 fnt
|faint|p2a: Dragapult
|
|upkeep
|
|t:|1636316898
|switch|p2a: Landorus|Landorus-Therian, M|100/100
|-damage|p2a: Landorus|88/100|[from] Stealth Rock
|-ability|p2a: Landorus|Intimidate|boost
|-unboost|p1a: Volcarona|atk|1
|turn|16
|
|t:|1636316905
|move|p1a: Volcarona|Fiery Dance|p2a: Landorus
|-damage|p2a: Landorus|18/100
|-boost|p1a: Volcarona|spa|1
|move|p2a: Landorus|Earthquake|p1a: Volcarona
|-damage|p1a: Volcarona|20/100
|
|-heal|p2a: Landorus|24/100|[from] item: Leftovers
|upkeep
|turn|17
|-message|madness10 forfeited.
|
|win|Colougrash
|raw|Colougrash's rating: 1420 &rarr; <strong>1439</strong><br />(+19 for winning)
|raw|madness10's rating: 1409 &rarr; <strong>1390</strong><br />(-19 for losing)
|l|☆madness10
||Ladder isn't responding, score probably updated but might not have (Request timeout).
