|j|☆2nd_Xray972
|j|☆chansey and lulu
|t:|1664026569
|gametype|singles
|player|p1|2nd_Xray972|hoopster|1732
|player|p2|chansey and lulu|hooligans|1746
|teamsize|p1|6
|teamsize|p2|6
|gen|8
|tier|[Gen 8] OU
|rated|
|rule|Sleep Clause Mod: Limit one foe put to sleep
|rule|Species Clause: Limit one of each Pokémon
|rule|OHKO Clause: OHKO moves are banned
|rule|Evasion Items Clause: Evasion items are banned
|rule|Evasion Moves Clause: Evasion moves are banned
|rule|Endless Battle Clause: Forcing endless battles is banned
|rule|HP Percentage Mod: HP is shown in percentages
|rule|Dynamax Clause: You cannot dynamax
|clearpoke
|poke|p1|Garchomp, M|
|poke|p1|Heatran, M|
|poke|p1|Rillaboom, M|
|poke|p1|Clefable, F|
|poke|p1|Umbreon, M|
|poke|p1|Tornadus-Therian, M|
|poke|p2|Tapu Lele|
|poke|p2|Blacephalon|
|poke|p2|Tyranitar, F|
|poke|p2|Landorus-Therian, M|
|poke|p2|Corviknight, M|
|poke|p2|Toxapex, M|
|teampreview
|inactive|Battle timer is ON: inactive players will automatically lose when time's up. (requested by 2nd_Xray972)
|
|t:|1664026585
|start
|switch|p1a: Clefable|Clefable, F|100/100
|switch|p2a: Tapu Lele|Tapu Lele|100/100
|-fieldstart|move: Psychic Terrain|[from] ability: Psychic Surge|[of] p2a: Tapu Lele
|turn|1
|
|t:|1664026594
|switch|p2a: Toxapex|Toxapex, M|100/100
|switch|p1a: Heatran|Heatran, M|100/100
|
|upkeep
|turn|2
|j| NDHB
|
|t:|1664026619
|switch|p1a: Tornadus|Tornadus-Therian, M|100/100
|move|p2a: Toxapex|Knock Off|p1a: Tornadus
|-damage|p1a: Tornadus|85/100
|-enditem|p1a: Tornadus|Heavy-Duty Boots|[from] move: Knock Off|[of] p2a: Toxapex
|
|upkeep
|turn|3
|
|t:|1664026627
|move|p1a: Tornadus|Knock Off|p2a: Toxapex
|-damage|p2a: Toxapex|88/100
|-enditem|p2a: Toxapex|Eject Button|[from] move: Knock Off|[of] p1a: Tornadus
|move|p2a: Toxapex|Poison Jab|p1a: Tornadus
|-damage|p1a: Tornadus|66/100
|
|upkeep
|turn|4
|
|t:|1664026635
|move|p1a: Tornadus|U-turn|p2a: Toxapex
|-resisted|p2a: Toxapex
|-damage|p2a: Toxapex|84/100
|
|t:|1664026643
|switch|p1a: Garchomp|Garchomp, M|100/100|[from]move: U-turn
|move|p2a: Toxapex|Knock Off|p1a: Garchomp
|-damage|p1a: Garchomp|85/100
|-damage|p2a: Toxapex|71/100|[from] ability: Rough Skin|[of] p1a: Garchomp
|-enditem|p1a: Garchomp|Leftovers|[from] move: Knock Off|[of] p2a: Toxapex
|
|upkeep
|turn|5
|j| born with smaids
|
|t:|1664026652
|switch|p2a: Corviknight|Corviknight, M|100/100
|-ability|p2a: Corviknight|Pressure
|move|p1a: Garchomp|Earthquake|p2a: Corviknight
|-immune|p2a: Corviknight
|
|-fieldend|move: Psychic Terrain
|upkeep
|turn|6
|
|t:|1664026660
|switch|p1a: Heatran|Heatran, M|100/100
|move|p2a: Corviknight|U-turn|p1a: Heatran
|-resisted|p1a: Heatran
|-damage|p1a: Heatran|98/100
|
|t:|1664026666
|switch|p2a: Landorus|Landorus-Therian, M|100/100|[from]move: U-turn
|-ability|p2a: Landorus|Intimidate|boost
|-unboost|p1a: Heatran|atk|1
|
|-heal|p1a: Heatran|100/100|[from] item: Leftovers
|upkeep
|turn|7
|
|t:|1664026674
|switch|p1a: Tornadus|Tornadus-Therian, M|99/100
|move|p2a: Landorus|Knock Off|p1a: Tornadus
|-damage|p1a: Tornadus|75/100
|
|upkeep
|turn|8
|
|t:|1664026684
|switch|p2a: Toxapex|Toxapex, M|100/100
|move|p1a: Tornadus|Hurricane|p2a: Toxapex
|-damage|p2a: Toxapex|65/100
|
|upkeep
|turn|9
|
|t:|1664026691
|move|p1a: Tornadus|Hurricane|p2a: Toxapex|[miss]
|-miss|p1a: Tornadus|p2a: Toxapex
|move|p2a: Toxapex|Poison Jab|p1a: Tornadus
|-damage|p1a: Tornadus|56/100
|
|upkeep
|turn|10
|
|t:|1664026700
|move|p1a: Tornadus|U-turn|p2a: Toxapex
|-resisted|p2a: Toxapex
|-damage|p2a: Toxapex|60/100
|
|t:|1664026704
|switch|p1a: Heatran|Heatran, M|100/100|[from]move: U-turn
|move|p2a: Toxapex|Knock Off|p1a: Heatran
|-damage|p1a: Heatran|89/100
|-enditem|p1a: Heatran|Leftovers|[from] move: Knock Off|[of] p2a: Toxapex
|
|upkeep
|turn|11
|
|t:|1664026713
|switch|p2a: Tyranitar|Tyranitar, F|100/100
|-weather|Sandstorm|[from] ability: Sand Stream|[of] p2a: Tyranitar
|move|p1a: Heatran|Stealth Rock|p2a: Tyranitar
|-sidestart|p2: chansey and lulu|move: Stealth Rock
|
|-weather|Sandstorm|[upkeep]
|upkeep
|turn|12
|
|t:|1664026724
|switch|p1a: Garchomp|Garchomp, M|85/100
|move|p2a: Tyranitar|Stone Edge|p1a: Garchomp
|-resisted|p1a: Garchomp
|-crit|p1a: Garchomp
|-damage|p1a: Garchomp|21/100
|
|-weather|Sandstorm|[upkeep]
|upkeep
|turn|13
|
|t:|1664026735
|switch|p2a: Landorus|Landorus-Therian, M|100/100
|-damage|p2a: Landorus|88/100|[from] Stealth Rock
|-ability|p2a: Landorus|Intimidate|boost
|-unboost|p1a: Garchomp|atk|1
|move|p1a: Garchomp|Swords Dance|p1a: Garchomp
|-boost|p1a: Garchomp|atk|2
|
|-weather|Sandstorm|[upkeep]
|-heal|p2a: Landorus|94/100|[from] item: Leftovers
|upkeep
|turn|14
|j| Noob 0_o
|
|t:|1664026745
|switch|p2a: Tapu Lele|Tapu Lele|100/100
|-damage|p2a: Tapu Lele|88/100|[from] Stealth Rock
|-fieldstart|move: Psychic Terrain|[from] ability: Psychic Surge|[of] p2a: Tapu Lele
|move|p1a: Garchomp|Scale Shot|p2a: Tapu Lele
|-immune|p2a: Tapu Lele
|
|-weather|Sandstorm|[upkeep]
|-damage|p2a: Tapu Lele|82/100|[from] Sandstorm
|upkeep
|turn|15
|
|t:|1664026755
|switch|p1a: Umbreon|Umbreon, M, shiny|100/100
|move|p2a: Tapu Lele|Psychic|p1a: Umbreon
|-immune|p1a: Umbreon
|
|-weather|none
|upkeep
|turn|16
|j| RealMadridOfficial
|
|t:|1664026762
|switch|p2a: Corviknight|Corviknight, M|100/100
|-damage|p2a: Corviknight|88/100|[from] Stealth Rock
|-ability|p2a: Corviknight|Pressure
|move|p1a: Umbreon|Wish|p1a: Umbreon
|
|upkeep
|turn|17
|
|t:|1664026778
|switch|p1a: Heatran|Heatran, M|89/100
|move|p2a: Corviknight|Body Press|p1a: Heatran
|-supereffective|p1a: Heatran
|-damage|p1a: Heatran|51/100
|-status|p2a: Corviknight|brn|[from] ability: Flame Body|[of] p1a: Heatran
|
|-heal|p1a: Heatran|100/100|[from] move: Wish|[wisher] Umbreon
|-damage|p2a: Corviknight|82/100 brn|[from] brn
|upkeep
|turn|18
|
|t:|1664026790
|switch|p2a: Landorus|Landorus-Therian, M|94/100
|-damage|p2a: Landorus|82/100|[from] Stealth Rock
|-ability|p2a: Landorus|Intimidate|boost
|-unboost|p1a: Heatran|atk|1
|move|p1a: Heatran|Lava Plume|p2a: Landorus
|-damage|p2a: Landorus|53/100
|-status|p2a: Landorus|brn
|
|-heal|p2a: Landorus|59/100 brn|[from] item: Leftovers
|-damage|p2a: Landorus|53/100 brn|[from] brn
|-fieldend|move: Psychic Terrain
|upkeep
|turn|19
|
|t:|1664026803
|switch|p1a: Clefable|Clefable, F|100/100
|move|p2a: Landorus|U-turn|p1a: Clefable
|-resisted|p1a: Clefable
|-damage|p1a: Clefable|95/100
|
|t:|1664026811
|switch|p2a: Tyranitar|Tyranitar, F|100/100|[from]move: U-turn
|-damage|p2a: Tyranitar|88/100|[from] Stealth Rock
|-weather|Sandstorm|[from] ability: Sand Stream|[of] p2a: Tyranitar
|
|-weather|Sandstorm|[upkeep]
|upkeep
|turn|20
|
|t:|1664026819
|switch|p1a: Heatran|Heatran, M|100/100
|move|p2a: Tyranitar|Heavy Slam|p1a: Heatran
|-resisted|p1a: Heatran
|-damage|p1a: Heatran|96/100
|
|-weather|Sandstorm|[upkeep]
|upkeep
|turn|21
|
|t:|1664026830
|switch|p2a: Landorus|Landorus-Therian, M|53/100 brn
|-damage|p2a: Landorus|40/100 brn|[from] Stealth Rock
|-ability|p2a: Landorus|Intimidate|boost
|-unboost|p1a: Heatran|atk|1
|move|p1a: Heatran|Lava Plume|p2a: Landorus
|-damage|p2a: Landorus|9/100 brn
|
|-weather|Sandstorm|[upkeep]
|-heal|p2a: Landorus|15/100 brn|[from] item: Leftovers
|-damage|p2a: Landorus|9/100 brn|[from] brn
|upkeep
|turn|22
|
|t:|1664026841
|switch|p1a: Tornadus|Tornadus-Therian, M|89/100
|move|p2a: Landorus|Earthquake|p1a: Tornadus
|-immune|p1a: Tornadus
|
|-weather|Sandstorm|[upkeep]
|-damage|p1a: Tornadus|83/100|[from] Sandstorm
|-heal|p2a: Landorus|15/100 brn|[from] item: Leftovers
|-damage|p2a: Landorus|9/100 brn|[from] brn
|upkeep
|turn|23
|
|t:|1664026851
|move|p1a: Tornadus|Knock Off|p2a: Landorus
|-damage|p2a: Landorus|0 fnt
|-enditem|p2a: Landorus|Leftovers|[from] move: Knock Off|[of] p1a: Tornadus
|faint|p2a: Landorus
|
|-weather|none
|upkeep
|
|t:|1664026857
|switch|p2a: Tyranitar|Tyranitar, F|88/100
|-damage|p2a: Tyranitar|76/100|[from] Stealth Rock
|-weather|Sandstorm|[from] ability: Sand Stream|[of] p2a: Tyranitar
|turn|24
|
|t:|1664026863
|move|p1a: Tornadus|U-turn|p2a: Tyranitar
|-supereffective|p2a: Tyranitar
|-damage|p2a: Tyranitar|49/100
|
|t:|1664026881
|switch|p1a: Clefable|Clefable, F|95/100|[from]move: U-turn
|move|p2a: Tyranitar|Stone Edge|p1a: Clefable
|-damage|p1a: Clefable|22/100
|
|-weather|Sandstorm|[upkeep]
|upkeep
|turn|25
|
|t:|1664026888
|move|p2a: Tyranitar|Stone Edge|p1a: Clefable
|-damage|p1a: Clefable|0 fnt
|faint|p1a: Clefable
|
|-weather|Sandstorm|[upkeep]
|upkeep
|
|t:|1664026891
|switch|p1a: Rillaboom|Rillaboom, M|100/100
|-fieldstart|move: Grassy Terrain|[from] ability: Grassy Surge|[of] p1a: Rillaboom
|turn|26
|
|t:|1664026901
|switch|p2a: Corviknight|Corviknight, M|82/100 brn
|-damage|p2a: Corviknight|70/100 brn|[from] Stealth Rock
|-ability|p2a: Corviknight|Pressure
|move|p1a: Rillaboom|U-turn|p2a: Corviknight
|-resisted|p2a: Corviknight
|-damage|p2a: Corviknight|64/100 brn
|-damage|p1a: Rillaboom|84/100|[from] item: Rocky Helmet|[of] p2a: Corviknight
|
|t:|1664026910
|switch|p1a: Garchomp|Garchomp, M|21/100|[from]move: U-turn
|
|-weather|Sandstorm|[upkeep]
|-heal|p1a: Garchomp|27/100|[from] Grassy Terrain
|-damage|p2a: Corviknight|58/100 brn|[from] brn
|upkeep
|turn|27
|
|t:|1664026917
|move|p1a: Garchomp|Swords Dance|p1a: Garchomp
|-boost|p1a: Garchomp|atk|2
|move|p2a: Corviknight|Roost|p2a: Corviknight
|-heal|p2a: Corviknight|100/100 brn
|-singleturn|p2a: Corviknight|move: Roost
|
|-weather|Sandstorm|[upkeep]
|-heal|p1a: Garchomp|34/100|[from] Grassy Terrain
|-damage|p2a: Corviknight|94/100 brn|[from] brn
|upkeep
|turn|28
|
|t:|1664026927
|move|p1a: Garchomp|Fire Fang|p2a: Corviknight
|-supereffective|p2a: Corviknight
|-damage|p2a: Corviknight|42/100 brn
|-damage|p1a: Garchomp|17/100|[from] item: Rocky Helmet|[of] p2a: Corviknight
|cant|p2a: Corviknight|flinch
|
|-weather|none
|-heal|p1a: Garchomp|23/100|[from] Grassy Terrain
|-damage|p2a: Corviknight|36/100 brn|[from] brn
|upkeep
|turn|29
|
|t:|1664026937
|move|p1a: Garchomp|Fire Fang|p2a: Corviknight
|-supereffective|p2a: Corviknight
|-damage|p2a: Corviknight|0 fnt
|-damage|p1a: Garchomp|7/100|[from] item: Rocky Helmet|[of] p2a: Corviknight
|faint|p2a: Corviknight
|
|-heal|p1a: Garchomp|13/100|[from] Grassy Terrain
|upkeep
|
|t:|1664026945
|switch|p2a: Tapu Lele|Tapu Lele|82/100
|-damage|p2a: Tapu Lele|70/100|[from] Stealth Rock
|-fieldstart|move: Psychic Terrain|[from] ability: Psychic Surge|[of] p2a: Tapu Lele
|turn|30
|
|t:|1664026951
|switch|p1a: Heatran|Heatran, M|96/100
|move|p2a: Tapu Lele|Future Sight|p1a: Heatran
|-start|p2a: Tapu Lele|move: Future Sight
|
|upkeep
|turn|31
|j| Aitana y Zoilo
|
|t:|1664026957
|switch|p2a: Tyranitar|Tyranitar, F|49/100
|-damage|p2a: Tyranitar|37/100|[from] Stealth Rock
|-weather|Sandstorm|[from] ability: Sand Stream|[of] p2a: Tyranitar
|move|p1a: Heatran|Lava Plume|p2a: Tyranitar
|-resisted|p2a: Tyranitar
|-damage|p2a: Tyranitar|25/100
|
|-weather|Sandstorm|[upkeep]
|upkeep
|turn|32
|j| tapu moxo
|
|t:|1664026967
|move|p1a: Heatran|Protect|p1a: Heatran
|-singleturn|p1a: Heatran|Protect
|move|p2a: Tyranitar|Stone Edge|p1a: Heatran
|-activate|p1a: Heatran|move: Protect
|
|-weather|Sandstorm|[upkeep]
|-end|p1a: Heatran|move: Future Sight
|-resisted|p1a: Heatran
|-damage|p1a: Heatran|63/100
|upkeep
|turn|33
|
|t:|1664026977
|move|p2a: Tyranitar|Stone Edge|p1a: Heatran
|-damage|p1a: Heatran|1/100
|move|p1a: Heatran|Heavy Slam|p2a: Tyranitar
|-supereffective|p2a: Tyranitar
|-damage|p2a: Tyranitar|0 fnt
|faint|p2a: Tyranitar
|
|-weather|Sandstorm|[upkeep]
|upkeep
|
|t:|1664026987
|switch|p2a: Blacephalon|Blacephalon|100/100
|-damage|p2a: Blacephalon|76/100|[from] Stealth Rock
|turn|34
|
|t:|1664026991
|switch|p1a: Umbreon|Umbreon, M, shiny|100/100
|move|p2a: Blacephalon|Shadow Ball|p1a: Umbreon
|-resisted|p1a: Umbreon
|-damage|p1a: Umbreon|81/100
|
|-weather|Sandstorm|[upkeep]
|-damage|p2a: Blacephalon|70/100|[from] Sandstorm
|-damage|p1a: Umbreon|75/100|[from] Sandstorm
|-heal|p1a: Umbreon|81/100|[from] item: Leftovers
|-fieldend|move: Psychic Terrain
|upkeep
|turn|35
|
|t:|1664027002
|switch|p2a: Toxapex|Toxapex, M|94/100
|-damage|p2a: Toxapex|81/100|[from] Stealth Rock
|move|p1a: Umbreon|Wish|p1a: Umbreon
|
|-weather|none
|-heal|p1a: Umbreon|87/100|[from] item: Leftovers
|upkeep
|turn|36
|
|t:|1664027012
|switch|p1a: Garchomp|Garchomp, M|13/100
|move|p2a: Toxapex|Knock Off|p1a: Garchomp
|-damage|p1a: Garchomp|3/100
|-damage|p2a: Toxapex|69/100|[from] ability: Rough Skin|[of] p1a: Garchomp
|
|-heal|p1a: Garchomp|58/100|[from] move: Wish|[wisher] Umbreon
|upkeep
|turn|37
|
|t:|1664027021
|switch|p2a: Tapu Lele|Tapu Lele|70/100
|-damage|p2a: Tapu Lele|57/100|[from] Stealth Rock
|-fieldstart|move: Psychic Terrain|[from] ability: Psychic Surge|[of] p2a: Tapu Lele
|move|p1a: Garchomp|Earthquake|p2a: Tapu Lele
|-damage|p2a: Tapu Lele|0 fnt
|faint|p2a: Tapu Lele
|
|upkeep
|-message|chansey and lulu forfeited.
|
|win|2nd_Xray972
|raw|2nd_Xray972's rating: 1732 &rarr; <strong>1753</strong><br />(+21 for winning)
|raw|chansey and lulu's rating: 1746 &rarr; <strong>1725</strong><br />(-21 for losing)
|l|☆chansey and lulu
|l|☆2nd_Xray972
|l| RealMadridOfficial
