|j|☆ldailey19
|j|☆marco8
|t:|1662695661
|gametype|singles
|player|p1|ldailey19|lance|1421
|player|p2|marco8|lucas|1467
|teamsize|p1|6
|teamsize|p2|6
|gen|8
|tier|[Gen 8] OU
|rated|
|rule|Sleep Clause Mod: Limit one foe put to sleep
|rule|Species Clause: Limit one of each Pokémon
|rule|OHKO Clause: OHKO moves are banned
|rule|Evasion Items Clause: Evasion items are banned
|rule|Evasion Moves Clause: Evasion moves are banned
|rule|Endless Battle Clause: Forcing endless battles is banned
|rule|HP Percentage Mod: HP is shown in percentages
|rule|Dynamax Clause: You cannot dynamax
|clearpoke
|poke|p1|Magnezone|
|poke|p1|Weavile, F|
|poke|p1|Urshifu-*, F|
|poke|p1|Heatran, M|
|poke|p1|Landorus-Therian, M|
|poke|p1|Dragapult, F|
|poke|p2|Nidoking, M|
|poke|p2|Kartana|
|poke|p2|Corviknight, M|
|poke|p2|Blissey, F|
|poke|p2|Latias, F|
|poke|p2|Hippowdon, F|
|teampreview
|inactive|Battle timer is ON: inactive players will automatically lose when time's up. (requested by ldailey19)
|
|t:|1662695666
|start
|switch|p1a: Dragapult|Dragapult, F, shiny|100/100
|switch|p2a: Hippowdon|Hippowdon, F|100/100
|-weather|Sandstorm|[from] ability: Sand Stream|[of] p2a: Hippowdon
|turn|1
|
|t:|1662695672
|move|p1a: Dragapult|Dragon Darts|p2a: Hippowdon
|-damage|p2a: Hippowdon|87/100
|-anim|p1a: Dragapult|Dragon Darts|p2a: Hippowdon
|-damage|p2a: Hippowdon|74/100
|move|p2a: Hippowdon|Stealth Rock|p1a: Dragapult
|-sidestart|p1: ldailey19|move: Stealth Rock
|
|-weather|Sandstorm|[upkeep]
|-damage|p1a: Dragapult|95/100|[from] Sandstorm
|upkeep
|turn|2
|
|t:|1662695680
|move|p1a: Dragapult|U-turn|p2a: Hippowdon
|-damage|p2a: Hippowdon|61/100
|-damage|p1a: Dragapult|78/100|[from] item: Rocky Helmet|[of] p2a: Hippowdon
|
|t:|1662695684
|switch|p1a: Heatran|Heatran, M, shiny|100/100|[from]move: U-turn
|-damage|p1a: Heatran|88/100|[from] Stealth Rock
|-item|p1a: Heatran|Air Balloon
|move|p2a: Hippowdon|Toxic|p1a: Heatran
|-immune|p1a: Heatran
|
|-weather|Sandstorm|[upkeep]
|upkeep
|turn|3
|
|t:|1662695691
|switch|p2a: Latias|Latias, F|100/100
|move|p1a: Heatran|Toxic|p2a: Latias|[miss]
|-miss|p1a: Heatran|p2a: Latias
|
|-weather|Sandstorm|[upkeep]
|-damage|p2a: Latias|94/100|[from] Sandstorm
|-heal|p2a: Latias|100/100|[from] item: Leftovers
|upkeep
|turn|4
|
|t:|1662695699
|move|p1a: Heatran|Protect|p1a: Heatran
|-singleturn|p1a: Heatran|Protect
|move|p2a: Latias|Psyshock|p1a: Heatran
|-activate|p1a: Heatran|move: Protect
|
|-weather|Sandstorm|[upkeep]
|-damage|p2a: Latias|94/100|[from] Sandstorm
|-heal|p2a: Latias|100/100|[from] item: Leftovers
|upkeep
|turn|5
|
|t:|1662695707
|move|p2a: Latias|Thunder Wave|p1a: Heatran
|-status|p1a: Heatran|par
|move|p1a: Heatran|Toxic|p2a: Latias
|-status|p2a: Latias|tox
|
|-weather|none
|-damage|p2a: Latias|94/100 tox|[from] psn
|upkeep
|turn|6
|
|t:|1662695717
|move|p1a: Heatran|Protect|p1a: Heatran
|-singleturn|p1a: Heatran|Protect
|move|p2a: Latias|Psyshock|p1a: Heatran
|-activate|p1a: Heatran|move: Protect
|
|-heal|p2a: Latias|100/100 tox|[from] item: Leftovers
|-damage|p2a: Latias|88/100 tox|[from] psn
|upkeep
|turn|7
|
|t:|1662695726
|switch|p1a: Dragapult|Dragapult, F, shiny|78/100
|-damage|p1a: Dragapult|66/100|[from] Stealth Rock
|move|p2a: Latias|Psyshock|p1a: Dragapult
|-crit|p1a: Dragapult
|-damage|p1a: Dragapult|6/100
|
|-heal|p2a: Latias|94/100 tox|[from] item: Leftovers
|-damage|p2a: Latias|76/100 tox|[from] psn
|upkeep
|turn|8
|
|t:|1662695737
|switch|p2a: Hippowdon|Hippowdon, F|61/100
|-weather|Sandstorm|[from] ability: Sand Stream|[of] p2a: Hippowdon
|move|p1a: Dragapult|Dragon Darts|p2a: Hippowdon
|-damage|p2a: Hippowdon|49/100
|-anim|p1a: Dragapult|Dragon Darts|p2a: Hippowdon
|-damage|p2a: Hippowdon|35/100
|
|-weather|Sandstorm|[upkeep]
|-damage|p1a: Dragapult|0 fnt|[from] Sandstorm
|faint|p1a: Dragapult
|upkeep
|inactive|ldailey19 has 120 seconds left.
|
|t:|1662695766
|switch|p1a: Weavile|Weavile, F|100/100
|-damage|p1a: Weavile|76/100|[from] Stealth Rock
|-ability|p1a: Weavile|Pressure
|turn|9
|
|t:|1662695771
|move|p1a: Weavile|Knock Off|p2a: Hippowdon
|-damage|p2a: Hippowdon|1/100
|-damage|p1a: Weavile|59/100|[from] item: Rocky Helmet|[of] p2a: Hippowdon
|-enditem|p2a: Hippowdon|Rocky Helmet|[from] move: Knock Off|[of] p1a: Weavile
|move|p2a: Hippowdon|Earthquake|p1a: Weavile
|-damage|p1a: Weavile|0 fnt
|faint|p1a: Weavile
|
|-weather|Sandstorm|[upkeep]
|upkeep
|inactive|ldailey19 has 120 seconds left.
|
|t:|1662695792
|switch|p1a: Landorus|Landorus-Therian, M|100/100
|-damage|p1a: Landorus|88/100|[from] Stealth Rock
|-ability|p1a: Landorus|Intimidate|boost
|-unboost|p2a: Hippowdon|atk|1
|turn|10
|
|t:|1662695796
|switch|p2a: Corviknight|Corviknight, M, shiny|100/100
|-ability|p2a: Corviknight|Pressure
|move|p1a: Landorus|Knock Off|p2a: Corviknight
|-damage|p2a: Corviknight|82/100
|-damage|p1a: Landorus|72/100|[from] item: Rocky Helmet|[of] p2a: Corviknight
|-enditem|p2a: Corviknight|Rocky Helmet|[from] move: Knock Off|[of] p1a: Landorus
|
|-weather|Sandstorm|[upkeep]
|upkeep
|turn|11
|
|t:|1662695805
|move|p1a: Landorus|Defog|p2a: Corviknight
|-unboost|p2a: Corviknight|evasion|1
|-sideend|p1: ldailey19|Stealth Rock|[from] move: Defog|[of] p1a: Landorus
|move|p2a: Corviknight|U-turn|p1a: Landorus
|-resisted|p1a: Landorus
|-damage|p1a: Landorus|67/100
|-damage|p2a: Corviknight|65/100|[from] item: Rocky Helmet|[of] p1a: Landorus
|
|t:|1662695808
|switch|p2a: Nidoking|Nidoking, M, shiny|100/100|[from]move: U-turn
|
|-weather|Sandstorm|[upkeep]
|upkeep
|turn|12
|
|t:|1662695818
|switch|p1a: Urshifu|Urshifu-Rapid-Strike, F|100/100
|move|p2a: Nidoking|Ice Beam|p1a: Urshifu
|-resisted|p1a: Urshifu
|-damage|p1a: Urshifu|72/100
|
|-weather|none
|upkeep
|turn|13
|
|t:|1662695822
|switch|p2a: Hippowdon|Hippowdon, F|1/100
|-weather|Sandstorm|[from] ability: Sand Stream|[of] p2a: Hippowdon
|move|p1a: Urshifu|Surging Strikes|p2a: Hippowdon
|-supereffective|p2a: Hippowdon
|-crit|p2a: Hippowdon
|-damage|p2a: Hippowdon|0 fnt
|faint|p2a: Hippowdon
|-hitcount|p2: Hippowdon|1
|
|-weather|Sandstorm|[upkeep]
|-damage|p1a: Urshifu|66/100|[from] Sandstorm
|upkeep
|
|t:|1662695834
|switch|p2a: Kartana|Kartana|100/100
|turn|14
|
|t:|1662695839
|switch|p1a: Landorus|Landorus-Therian, M|67/100
|-ability|p1a: Landorus|Intimidate|boost
|-unboost|p2a: Kartana|atk|1
|move|p2a: Kartana|Knock Off|p1a: Landorus
|-damage|p1a: Landorus|46/100
|-damage|p2a: Kartana|84/100|[from] item: Rocky Helmet|[of] p1a: Landorus
|-enditem|p1a: Landorus|Rocky Helmet|[from] move: Knock Off|[of] p2a: Kartana
|
|-weather|Sandstorm|[upkeep]
|upkeep
|turn|15
|
|t:|1662695848
|switch|p2a: Corviknight|Corviknight, M, shiny|65/100
|-ability|p2a: Corviknight|Pressure
|move|p1a: Landorus|Knock Off|p2a: Corviknight
|-damage|p2a: Corviknight|53/100
|
|-weather|Sandstorm|[upkeep]
|upkeep
|turn|16
|
|t:|1662695855
|move|p1a: Landorus|Stealth Rock|p2a: Corviknight
|-sidestart|p2: marco8|move: Stealth Rock
|move|p2a: Corviknight|Roost|p2a: Corviknight
|-heal|p2a: Corviknight|100/100
|-singleturn|p2a: Corviknight|move: Roost
|
|-weather|Sandstorm|[upkeep]
|upkeep
|turn|17
|
|t:|1662695862
|switch|p1a: Magnezone|Magnezone, shiny|100/100
|move|p2a: Corviknight|Body Press|p1a: Magnezone
|-supereffective|p1a: Magnezone
|-damage|p1a: Magnezone|57/100
|
|-weather|none
|upkeep
|turn|18
|
|t:|1662695872
|move|p2a: Corviknight|U-turn|p1a: Magnezone
|-resisted|p1a: Magnezone
|-damage|p1a: Magnezone|51/100
|
|t:|1662695876
|switch|p2a: Blissey|Blissey, F|100/100|[from]move: U-turn
|move|p1a: Magnezone|Flash Cannon|p2a: Blissey
|-damage|p2a: Blissey|79/100
|
|upkeep
|turn|19
|
|t:|1662695888
|switch|p1a: Landorus|Landorus-Therian, M|46/100
|-ability|p1a: Landorus|Intimidate|boost
|-unboost|p2a: Blissey|atk|1
|move|p2a: Blissey|Seismic Toss|p1a: Landorus
|-damage|p1a: Landorus|20/100
|
|upkeep
|turn|20
|
|t:|1662695897
|switch|p2a: Corviknight|Corviknight, M, shiny|100/100
|-damage|p2a: Corviknight|88/100|[from] Stealth Rock
|-ability|p2a: Corviknight|Pressure
|move|p1a: Landorus|Earthquake|p2a: Corviknight
|-immune|p2a: Corviknight
|
|upkeep
|turn|21
|
|t:|1662695904
|move|p1a: Landorus|Knock Off|p2a: Corviknight
|-damage|p2a: Corviknight|75/100
|move|p2a: Corviknight|Defog|p1a: Landorus
|-unboost|p1a: Landorus|evasion|1
|-sideend|p2: marco8|Stealth Rock|[from] move: Defog|[of] p2a: Corviknight
|
|upkeep
|turn|22
|
|t:|1662695910
|move|p1a: Landorus|Stealth Rock|p2a: Corviknight
|-sidestart|p2: marco8|move: Stealth Rock
|move|p2a: Corviknight|Body Press|p1a: Landorus
|-resisted|p1a: Landorus
|-damage|p1a: Landorus|11/100
|
|upkeep
|turn|23
|
|t:|1662695916
|move|p1a: Landorus|Knock Off|p2a: Corviknight
|-damage|p2a: Corviknight|63/100
|move|p2a: Corviknight|Defog|p1a: Landorus
|-unboost|p1a: Landorus|evasion|1
|-sideend|p2: marco8|Stealth Rock|[from] move: Defog|[of] p2a: Corviknight
|
|upkeep
|turn|24
|
|t:|1662695921
|move|p1a: Landorus|Stealth Rock|p2a: Corviknight
|-sidestart|p2: marco8|move: Stealth Rock
|move|p2a: Corviknight|Roost|p2a: Corviknight
|-heal|p2a: Corviknight|100/100
|-singleturn|p2a: Corviknight|move: Roost
|
|upkeep
|turn|25
|
|t:|1662695928
|move|p1a: Landorus|Knock Off|p2a: Corviknight
|-damage|p2a: Corviknight|88/100
|move|p2a: Corviknight|Body Press|p1a: Landorus
|-resisted|p1a: Landorus
|-damage|p1a: Landorus|1/100
|
|upkeep
|turn|26
|
|t:|1662695938
|move|p1a: Landorus|Knock Off|p2a: Corviknight
|-damage|p2a: Corviknight|75/100
|move|p2a: Corviknight|Defog|p1a: Landorus
|-unboost|p1a: Landorus|evasion|1
|-sideend|p2: marco8|Stealth Rock|[from] move: Defog|[of] p2a: Corviknight
|
|upkeep
|turn|27
|
|t:|1662695943
|move|p1a: Landorus|Stealth Rock|p2a: Corviknight
|-sidestart|p2: marco8|move: Stealth Rock
|move|p2a: Corviknight|Roost|p2a: Corviknight
|-heal|p2a: Corviknight|100/100
|-singleturn|p2a: Corviknight|move: Roost
|
|upkeep
|turn|28
|
|t:|1662695949
|move|p1a: Landorus|Knock Off|p2a: Corviknight
|-damage|p2a: Corviknight|87/100
|move|p2a: Corviknight|Body Press|p1a: Landorus
|-resisted|p1a: Landorus
|-damage|p1a: Landorus|0 fnt
|faint|p1a: Landorus
|
|upkeep
|
|t:|1662695957
|switch|p1a: Heatran|Heatran, M, shiny|88/100 par
|-item|p1a: Heatran|Air Balloon
|turn|29
|
|t:|1662695961
|move|p2a: Corviknight|U-turn|p1a: Heatran
|-resisted|p1a: Heatran
|-crit|p1a: Heatran
|-damage|p1a: Heatran|83/100 par
|-enditem|p1a: Heatran|Air Balloon
|
|t:|1662695966
|switch|p2a: Blissey|Blissey, F|79/100|[from]move: U-turn
|move|p1a: Heatran|Flamethrower|p2a: Blissey
|-damage|p2a: Blissey|63/100
|
|upkeep
|turn|30
|
|t:|1662695973
|switch|p1a: Urshifu|Urshifu-Rapid-Strike, F|66/100
|move|p2a: Blissey|Seismic Toss|p1a: Urshifu
|-damage|p1a: Urshifu|37/100
|
|upkeep
|turn|31
|
|t:|1662695984
|switch|p2a: Corviknight|Corviknight, M, shiny|87/100
|-damage|p2a: Corviknight|75/100|[from] Stealth Rock
|-ability|p2a: Corviknight|Pressure
|move|p1a: Urshifu|Surging Strikes|p2a: Corviknight
|-crit|p2a: Corviknight
|-damage|p2a: Corviknight|62/100
|-crit|p2a: Corviknight
|-damage|p2a: Corviknight|49/100
|-crit|p2a: Corviknight
|-damage|p2a: Corviknight|37/100
|-hitcount|p2a: Corviknight|3
|
|upkeep
|turn|32
|
|t:|1662695991
|move|p1a: Urshifu|Close Combat|p2a: Corviknight
|-damage|p2a: Corviknight|0 fnt
|-unboost|p1a: Urshifu|def|1
|-unboost|p1a: Urshifu|spd|1
|faint|p2a: Corviknight
|
|upkeep
|
|t:|1662695994
|switch|p2a: Kartana|Kartana|84/100
|-damage|p2a: Kartana|78/100|[from] Stealth Rock
|turn|33
|
|t:|1662696001
|switch|p1a: Magnezone|Magnezone, shiny|51/100
|move|p2a: Kartana|Sacred Sword|p1a: Magnezone
|-supereffective|p1a: Magnezone
|-damage|p1a: Magnezone|0 fnt
|faint|p1a: Magnezone
|-ability|p2a: Kartana|Beast Boost|boost
|-boost|p2a: Kartana|atk|1
|
|upkeep
|
|t:|1662696007
|switch|p1a: Heatran|Heatran, M, shiny|83/100 par
|turn|34
|
|t:|1662696012
|move|p2a: Kartana|Sacred Sword|p1a: Heatran
|-supereffective|p1a: Heatran
|-damage|p1a: Heatran|0 fnt
|faint|p1a: Heatran
|-ability|p2a: Kartana|Beast Boost|boost
|-boost|p2a: Kartana|atk|1
|
|upkeep
|-message|ldailey19 forfeited.
|
|win|marco8
|raw|ldailey19's rating: 1421 &rarr; <strong>1404</strong><br />(-17 for losing)
|raw|marco8's rating: 1467 &rarr; <strong>1484</strong><br />(+17 for winning)
|l|☆ldailey19
