|j|‽big boss 447
|j|☆Alkagen101
|player|p1|big boss 447|n|1883
|player|p2|Alkagen101|102|1675
|teamsize|p1|6
|teamsize|p2|6
|gametype|singles
|gen|8
|tier|[Gen 8] OU
|rated|
|clearpoke
|poke|p1|Mimikyu, F|
|poke|p1|Hippowdon, F|
|poke|p1|Excadrill, M|
|poke|p1|Diggersby, F|
|poke|p1|Hydreigon, M|
|poke|p1|Clefable, M|
|poke|p2|Zeraora|
|poke|p2|Aegislash, F|
|poke|p2|Seismitoad, F|
|poke|p2|Clefable, F|
|poke|p2|Corviknight, F|
|poke|p2|Hydreigon, M|
|rule|Sleep Clause Mod: Limit one foe put to sleep
|rule|Species Clause: Limit one of each Pokémon
|rule|OHKO Clause: OHKO moves are banned
|rule|Evasion Moves Clause: Evasion moves are banned
|rule|Endless Battle Clause: Forcing endless battles is banned
|rule|HP Percentage Mod: HP is shown in percentages
|rule|Dynamax Clause: You cannot dynamax
|teampreview
|inactive|Battle timer is ON: inactive players will automatically lose when time's up. (requested by big boss 447)
|l|☆Alkagen101
|inactive|Alkagen101 disconnected and has a minute to reconnect!
|player|p2|
|j|☆Alkagen101
|inactive|Alkagen101 reconnected and has 140 seconds left.
|player|p2|Alkagen101|102
|
|start
|switch|p1a: Clefable|Clefable, M|100/100
|switch|p2a: Hydreigon|Hydreigon, M|100/100
|turn|1
|
|switch|p2a: Corviknight|Corviknight, F|100/100
|-ability|p2a: Corviknight|Pressure
|move|p1a: Clefable|Flamethrower|p2a: Corviknight
|-supereffective|p2a: Corviknight
|-damage|p2a: Corviknight|25/100
|
|-heal|p2a: Corviknight|31/100|[from] item: Leftovers
|upkeep
|turn|2
|
|switch|p2a: Clefable|Clefable, F|100/100
|move|p1a: Clefable|Flamethrower|p2a: Clefable
|-damage|p2a: Clefable|78/100
|-status|p2a: Clefable|brn
|
|-heal|p2a: Clefable|84/100 brn|[from] item: Leftovers
|upkeep
|turn|3
|
|move|p1a: Clefable|Moonblast|p2a: Clefable
|-damage|p2a: Clefable|45/100 brn
|move|p2a: Clefable|Wish|p2a: Clefable
|
|-heal|p2a: Clefable|52/100 brn|[from] item: Leftovers
|upkeep
|turn|4
|
|move|p1a: Clefable|Moonblast|p2a: Clefable
|-damage|p2a: Clefable|10/100 brn
|-unboost|p2a: Clefable|spa|1
|move|p2a: Clefable|Moonblast|p1a: Clefable
|-damage|p1a: Clefable|75/100
|
|-heal|p2a: Clefable|60/100 brn|[from] move: Wish|[wisher] Clefable
|-heal|p2a: Clefable|66/100 brn|[from] item: Leftovers
|upkeep
|turn|5
|
|move|p2a: Clefable|Protect|p2a: Clefable
|-singleturn|p2a: Clefable|Protect
|move|p1a: Clefable|Moonblast|p2a: Clefable
|-activate|p2a: Clefable|move: Protect
|
|-heal|p2a: Clefable|72/100 brn|[from] item: Leftovers
|upkeep
|turn|6
|
|move|p1a: Clefable|Moonblast|p2a: Clefable
|-damage|p2a: Clefable|35/100 brn
|-unboost|p2a: Clefable|spa|1
|move|p2a: Clefable|Wish|p2a: Clefable
|
|-heal|p2a: Clefable|41/100 brn|[from] item: Leftovers
|upkeep
|turn|7
|
|move|p2a: Clefable|Protect|p2a: Clefable
|-singleturn|p2a: Clefable|Protect
|move|p1a: Clefable|Calm Mind|p1a: Clefable
|-boost|p1a: Clefable|spa|1
|-boost|p1a: Clefable|spd|1
|
|-heal|p2a: Clefable|91/100 brn|[from] move: Wish|[wisher] Clefable
|-heal|p2a: Clefable|97/100 brn|[from] item: Leftovers
|upkeep
|turn|8
|
|move|p1a: Clefable|Moonblast|p2a: Clefable
|-damage|p2a: Clefable|40/100 brn
|move|p2a: Clefable|Teleport|p2a: Clefable
|
|switch|p2a: Aegislash|Aegislash, F|100/100|[from]move: Teleport
|
|upkeep
|turn|9
|
|move|p1a: Clefable|Flamethrower|p2a: Aegislash
|-supereffective|p2a: Aegislash
|-damage|p2a: Aegislash|0 fnt
|faint|p2a: Aegislash
|
|upkeep
|
|switch|p2a: Zeraora|Zeraora|100/100
|turn|10
|
|move|p2a: Zeraora|Knock Off|p1a: Clefable
|-resisted|p1a: Clefable
|-damage|p1a: Clefable|53/100
|-enditem|p1a: Clefable|Life Orb|[from] move: Knock Off|[of] p2a: Zeraora
|move|p1a: Clefable|Moonblast|p2a: Zeraora
|-damage|p2a: Zeraora|12/100
|
|-heal|p2a: Zeraora|18/100|[from] item: Leftovers
|upkeep
|turn|11
|
|switch|p1a: Hippowdon|Hippowdon, F|100/100
|-weather|Sandstorm|[from] ability: Sand Stream|[of] p1a: Hippowdon
|move|p2a: Zeraora|Knock Off|p1a: Hippowdon
|-damage|p1a: Hippowdon|84/100
|-enditem|p1a: Hippowdon|Smooth Rock|[from] move: Knock Off|[of] p2a: Zeraora
|
|-weather|Sandstorm|[upkeep]
|-damage|p2a: Zeraora|12/100|[from] Sandstorm
|-heal|p2a: Zeraora|18/100|[from] item: Leftovers
|upkeep
|turn|12
|
|switch|p2a: Corviknight|Corviknight, F|31/100
|-ability|p2a: Corviknight|Pressure
|switch|p1a: Clefable|Clefable, M|53/100
|
|-weather|Sandstorm|[upkeep]
|-heal|p2a: Corviknight|37/100|[from] item: Leftovers
|upkeep
|turn|13
|
|switch|p2a: Hydreigon|Hydreigon, M|100/100
|move|p1a: Clefable|Moonblast|p2a: Hydreigon
|-supereffective|p2a: Hydreigon
|-damage|p2a: Hydreigon|0 fnt
|faint|p2a: Hydreigon
|
|-weather|Sandstorm|[upkeep]
|upkeep
|-message|Alkagen101 forfeited.
|
|win|big boss 447
|l|☆Alkagen101
|raw|big boss 447's rating: 1883 &rarr; <strong>1892</strong><br />(+9 for winning)
|raw|Alkagen101's rating: 1675 &rarr; <strong>1665</strong><br />(-10 for losing)
|n|‽big boss 447|bigboss447
|n|‽deathby1000cuts|bigboss447
