|j|☆karothis
|j|☆yung_iznamakin
|t:|1650085079
|gametype|singles
|player|p1|karothis|102|1591
|player|p2|yung_iznamakin|brendan-gen3|1611
|teamsize|p1|6
|teamsize|p2|6
|gen|8
|tier|[Gen 8] OU
|rated|
|rule|Sleep Clause Mod: Limit one foe put to sleep
|rule|Species Clause: Limit one of each Pokémon
|rule|OHKO Clause: OHKO moves are banned
|rule|Evasion Moves Clause: Evasion moves are banned
|rule|Endless Battle Clause: Forcing endless battles is banned
|rule|HP Percentage Mod: HP is shown in percentages
|rule|Dynamax Clause: You cannot dynamax
|clearpoke
|poke|p1|Blissey, F|
|poke|p1|Clefable, F|
|poke|p1|Toxapex, M|
|poke|p1|Corviknight, M|
|poke|p1|Quagsire, F|
|poke|p1|Tangrowth, F|
|poke|p2|Ninetales-Alola, M|
|poke|p2|Kartana|
|poke|p2|Zeraora|
|poke|p2|Scizor, M|
|poke|p2|Garchomp, M|
|poke|p2|Moltres-Galar|
|teampreview
|
|t:|1650085090
|start
|switch|p1a: Blissey|Blissey, F, shiny|100/100
|switch|p2a: Ninetales|Ninetales-Alola, M|100/100
|-weather|Hail|[from] ability: Snow Warning|[of] p2a: Ninetales
|turn|1
|inactive|Battle timer is ON: inactive players will automatically lose when time's up. (requested by yung_iznamakin)
|
|t:|1650085095
|move|p2a: Ninetales|Hypnosis|p1a: Blissey|[miss]
|-miss|p2a: Ninetales|p1a: Blissey
|move|p1a: Blissey|Toxic|p2a: Ninetales
|-status|p2a: Ninetales|tox
|
|-weather|Hail|[upkeep]
|-damage|p1a: Blissey|94/100|[from] Hail
|-damage|p2a: Ninetales|94/100 tox|[from] psn
|upkeep
|turn|2
|j| outh trackstar
|j| Kaireeen剣の心臓
|
|t:|1650085102
|move|p2a: Ninetales|Encore|p1a: Blissey
|-start|p1a: Blissey|Encore
|move|p1a: Blissey|Toxic|p2a: Ninetales
|-fail|p2a: Ninetales|tox
|
|-weather|Hail|[upkeep]
|-damage|p1a: Blissey|88/100|[from] Hail
|-damage|p2a: Ninetales|82/100 tox|[from] psn
|upkeep
|turn|3
|
|t:|1650085109
|move|p2a: Ninetales|Aurora Veil|p2a: Ninetales
|-sidestart|p2: yung_iznamakin|move: Aurora Veil
|move|p1a: Blissey|Toxic|p2a: Ninetales|[miss]
|-miss|p1a: Blissey|p2a: Ninetales
|
|-weather|Hail|[upkeep]
|-damage|p1a: Blissey|82/100|[from] Hail
|-damage|p2a: Ninetales|64/100 tox|[from] psn
|upkeep
|turn|4
|j| STRESSPLAYMONS
|
|t:|1650085116
|switch|p2a: Scizor|Scizor, M, shiny|100/100
|switch|p1a: Corviknight|Corviknight, M|100/100
|-ability|p1a: Corviknight|Pressure
|
|-weather|Hail|[upkeep]
|-damage|p1a: Corviknight|94/100|[from] Hail
|-damage|p2a: Scizor|94/100|[from] Hail
|upkeep
|turn|5
|j| Haonange
|
|t:|1650085124
|switch|p2a: Zeraora|Zeraora|100/100
|move|p1a: Corviknight|Defog|p2a: Zeraora
|-unboost|p2a: Zeraora|evasion|1
|-sideend|p2: yung_iznamakin|move: Aurora Veil
|
|-weather|none
|upkeep
|turn|6
|
|t:|1650085131
|switch|p1a: Tangrowth|Tangrowth, F|100/100
|move|p2a: Zeraora|Knock Off|p1a: Tangrowth
|-damage|p1a: Tangrowth|89/100
|
|upkeep
|turn|7
|
|t:|1650085137
|switch|p2a: Ninetales|Ninetales-Alola, M|64/100 tox
|-weather|Hail|[from] ability: Snow Warning|[of] p2a: Ninetales
|move|p1a: Tangrowth|Sludge Bomb|p2a: Ninetales
|-supereffective|p2a: Ninetales
|-crit|p2a: Ninetales
|-damage|p2a: Ninetales|0 fnt
|faint|p2a: Ninetales
|
|-weather|Hail|[upkeep]
|-damage|p1a: Tangrowth|82/100|[from] Hail
|upkeep
|
|t:|1650085146
|switch|p2a: Moltres|Moltres-Galar|100/100
|turn|8
|
|t:|1650085155
|move|p2a: Moltres|Nasty Plot|p2a: Moltres
|-boost|p2a: Moltres|spa|2
|move|p1a: Tangrowth|Sleep Powder|p2a: Moltres
|-status|p2a: Moltres|slp|[from] move: Sleep Powder
|
|-weather|Hail|[upkeep]
|-damage|p2a: Moltres|94/100 slp|[from] Hail
|-damage|p1a: Tangrowth|76/100|[from] Hail
|upkeep
|turn|9
|
|t:|1650085163
|switch|p1a: Clefable|Clefable, F|100/100
|cant|p2a: Moltres|slp
|
|-weather|Hail|[upkeep]
|-damage|p2a: Moltres|88/100 slp|[from] Hail
|-damage|p1a: Clefable|94/100|[from] Hail
|upkeep
|turn|10
|
|t:|1650085169
|cant|p2a: Moltres|slp
|move|p1a: Clefable|Calm Mind|p1a: Clefable
|-boost|p1a: Clefable|spa|1
|-boost|p1a: Clefable|spd|1
|
|-weather|Hail|[upkeep]
|-damage|p2a: Moltres|82/100 slp|[from] Hail
|-damage|p1a: Clefable|88/100|[from] Hail
|upkeep
|turn|11
|
|t:|1650085175
|cant|p2a: Moltres|slp
|move|p1a: Clefable|Calm Mind|p1a: Clefable
|-boost|p1a: Clefable|spa|1
|-boost|p1a: Clefable|spd|1
|
|-weather|none
|upkeep
|turn|12
|
|t:|1650085180
|-curestatus|p2a: Moltres|slp|[msg]
|move|p2a: Moltres|Hurricane|p1a: Clefable
|-damage|p1a: Clefable|62/100
|move|p1a: Clefable|Moonblast|p2a: Moltres
|-supereffective|p2a: Moltres
|-damage|p2a: Moltres|0 fnt
|faint|p2a: Moltres
|
|upkeep
|
|t:|1650085188
|switch|p2a: Kartana|Kartana|100/100
|turn|13
|
|t:|1650085192
|switch|p1a: Tangrowth|Tangrowth, F|100/100
|move|p2a: Kartana|Smart Strike|p1a: Tangrowth
|-damage|p1a: Tangrowth|76/100
|-damage|p2a: Kartana|91/100|[from] item: Life Orb
|
|upkeep
|turn|14
|
|t:|1650085201
|switch|p2a: Zeraora|Zeraora|100/100
|move|p1a: Tangrowth|Focus Blast|p2a: Zeraora|[miss]
|-miss|p1a: Tangrowth|p2a: Zeraora
|
|upkeep
|turn|15
|
|t:|1650085207
|switch|p2a: Garchomp|Garchomp, M|100/100
|switch|p1a: Quagsire|Quagsire, F|100/100
|
|upkeep
|turn|16
|
|t:|1650085212
|move|p2a: Garchomp|Swords Dance|p2a: Garchomp
|-boost|p2a: Garchomp|atk|2
|move|p1a: Quagsire|Toxic|p2a: Garchomp
|-status|p2a: Garchomp|tox
|
|-damage|p2a: Garchomp|94/100 tox|[from] psn
|upkeep
|turn|17
|
|t:|1650085218
|move|p2a: Garchomp|Earthquake|p1a: Quagsire
|-damage|p1a: Quagsire|65/100
|move|p1a: Quagsire|Recover|p1a: Quagsire
|-heal|p1a: Quagsire|100/100
|
|-heal|p2a: Garchomp|100/100 tox|[from] item: Leftovers
|-damage|p2a: Garchomp|88/100 tox|[from] psn
|upkeep
|turn|18
|
|t:|1650085225
|move|p2a: Garchomp|Earthquake|p1a: Quagsire
|-damage|p1a: Quagsire|66/100
|move|p1a: Quagsire|Scald|p2a: Garchomp
|-damage|p2a: Garchomp|66/100 tox
|
|-heal|p2a: Garchomp|72/100 tox|[from] item: Leftovers
|-heal|p1a: Quagsire|72/100|[from] item: Leftovers
|-damage|p2a: Garchomp|54/100 tox|[from] psn
|upkeep
|turn|19
|
|t:|1650085234
|switch|p2a: Kartana|Kartana|91/100
|move|p1a: Quagsire|Recover|p1a: Quagsire
|-heal|p1a: Quagsire|100/100
|
|upkeep
|turn|20
|
|t:|1650085239
|switch|p1a: Tangrowth|Tangrowth, F|100/100
|move|p2a: Kartana|Swords Dance|p2a: Kartana
|-boost|p2a: Kartana|atk|2
|
|upkeep
|turn|21
|
|t:|1650085250
|switch|p2a: Garchomp|Garchomp, M|54/100 tox
|move|p1a: Tangrowth|Focus Blast|p2a: Garchomp
|-damage|p2a: Garchomp|19/100 tox
|
|-heal|p2a: Garchomp|25/100 tox|[from] item: Leftovers
|-damage|p2a: Garchomp|19/100 tox|[from] psn
|upkeep
|turn|22
|
|t:|1650085257
|move|p2a: Garchomp|Fire Fang|p1a: Tangrowth
|-supereffective|p1a: Tangrowth
|-damage|p1a: Tangrowth|74/100
|move|p1a: Tangrowth|Energy Ball|p2a: Garchomp
|-damage|p2a: Garchomp|0 fnt
|faint|p2a: Garchomp
|
|upkeep
|
|t:|1650085265
|switch|p2a: Scizor|Scizor, M, shiny|94/100
|turn|23
|
|t:|1650085270
|switch|p1a: Toxapex|Toxapex, M|100/100
|move|p2a: Scizor|Swords Dance|p2a: Scizor
|-boost|p2a: Scizor|atk|2
|
|upkeep
|turn|24
|
|t:|1650085274
|move|p2a: Scizor|Sand Tomb|p1a: Toxapex
|-supereffective|p1a: Toxapex
|-damage|p1a: Toxapex|40/100
|-activate|p1a: Toxapex|move: Sand Tomb|[of] p2a: Scizor
|-damage|p2a: Scizor|84/100|[from] item: Life Orb
|move|p1a: Toxapex|Knock Off|p2a: Scizor
|-damage|p2a: Scizor|71/100
|-enditem|p2a: Scizor|Life Orb|[from] move: Knock Off|[of] p1a: Toxapex
|
|-damage|p1a: Toxapex|27/100|[from] move: Sand Tomb|[partiallytrapped]
|upkeep
|turn|25
|
|t:|1650085283
|switch|p1a: Quagsire|Quagsire, F|100/100
|move|p2a: Scizor|Sand Tomb|p1a: Quagsire
|-damage|p1a: Quagsire|86/100
|-activate|p1a: Quagsire|move: Sand Tomb|[of] p2a: Scizor
|
|-heal|p1a: Quagsire|92/100|[from] item: Leftovers
|-damage|p1a: Quagsire|80/100|[from] move: Sand Tomb|[partiallytrapped]
|upkeep
|turn|26
|
|t:|1650085292
|move|p2a: Scizor|Knock Off|p1a: Quagsire
|-damage|p1a: Quagsire|54/100
|-enditem|p1a: Quagsire|Leftovers|[from] move: Knock Off|[of] p2a: Scizor
|move|p1a: Quagsire|Recover|p1a: Quagsire
|-heal|p1a: Quagsire|100/100
|
|-damage|p1a: Quagsire|88/100|[from] move: Sand Tomb|[partiallytrapped]
|upkeep
|turn|27
|
|t:|1650085300
|move|p2a: Scizor|Swords Dance|p2a: Scizor
|-boost|p2a: Scizor|atk|2
|move|p1a: Quagsire|Scald|p2a: Scizor
|-damage|p2a: Scizor|48/100
|-status|p2a: Scizor|brn
|
|-damage|p2a: Scizor|42/100 brn|[from] brn
|-damage|p1a: Quagsire|76/100|[from] move: Sand Tomb|[partiallytrapped]
|upkeep
|turn|28
|
|t:|1650085309
|move|p2a: Scizor|Sand Tomb|p1a: Quagsire|[miss]
|-miss|p2a: Scizor|p1a: Quagsire
|move|p1a: Quagsire|Recover|p1a: Quagsire
|-heal|p1a: Quagsire|100/100
|
|-damage|p2a: Scizor|36/100 brn|[from] brn
|-damage|p1a: Quagsire|88/100|[from] move: Sand Tomb|[partiallytrapped]
|upkeep
|turn|29
|
|t:|1650085316
|move|p2a: Scizor|Sand Tomb|p1a: Quagsire
|-damage|p1a: Quagsire|82/100
|move|p1a: Quagsire|Scald|p2a: Scizor
|-damage|p2a: Scizor|13/100 brn
|
|-damage|p2a: Scizor|7/100 brn|[from] brn
|-end|p1a: Quagsire|Sand Tomb|[partiallytrapped]
|upkeep
|turn|30
|
|t:|1650085323
|move|p2a: Scizor|Sand Tomb|p1a: Quagsire
|-damage|p1a: Quagsire|75/100
|-activate|p1a: Quagsire|move: Sand Tomb|[of] p2a: Scizor
|move|p1a: Quagsire|Recover|p1a: Quagsire
|-heal|p1a: Quagsire|100/100
|
|-damage|p2a: Scizor|1/100 brn|[from] brn
|-damage|p1a: Quagsire|88/100|[from] move: Sand Tomb|[partiallytrapped]
|upkeep
|turn|31
|
|t:|1650085331
|move|p2a: Scizor|Sand Tomb|p1a: Quagsire
|-damage|p1a: Quagsire|82/100
|move|p1a: Quagsire|Recover|p1a: Quagsire
|-heal|p1a: Quagsire|100/100
|
|-damage|p2a: Scizor|0 fnt|[from] brn
|faint|p2a: Scizor
|-end|p1a: Quagsire|Sand Tomb|[partiallytrapped]|[silent]
|upkeep
|l| Kaireeen剣の心臓
|
|t:|1650085338
|switch|p2a: Kartana|Kartana|91/100
|turn|32
|
|t:|1650085340
|switch|p1a: Tangrowth|Tangrowth, F|100/100
|move|p2a: Kartana|Swords Dance|p2a: Kartana
|-boost|p2a: Kartana|atk|2
|
|upkeep
|turn|33
|
|t:|1650085347
|move|p2a: Kartana|Smart Strike|p1a: Tangrowth
|-damage|p1a: Tangrowth|53/100
|-damage|p2a: Kartana|81/100|[from] item: Life Orb
|move|p1a: Tangrowth|Focus Blast|p2a: Kartana|[miss]
|-miss|p1a: Tangrowth|p2a: Kartana
|
|upkeep
|turn|34
|
|t:|1650085354
|move|p2a: Kartana|Smart Strike|p1a: Tangrowth
|-damage|p1a: Tangrowth|7/100
|-damage|p2a: Kartana|71/100|[from] item: Life Orb
|move|p1a: Tangrowth|Focus Blast|p2a: Kartana
|-supereffective|p2a: Kartana
|-damage|p2a: Kartana|0 fnt
|faint|p2a: Kartana
|
|upkeep
|-message|yung_iznamakin forfeited.
|
|win|karothis
|raw|karothis's rating: 1591 &rarr; <strong>1612</strong><br />(+21 for winning)
|raw|yung_iznamakin's rating: 1611 &rarr; <strong>1590</strong><br />(-21 for losing)
|l|☆yung_iznamakin
|c|☆karothis|gg
