|j|☆Hajmola
|j|☆PlayForDreams
|t:|1639576476
|gametype|singles
|player|p1|Hajmola|doctor|1652
|player|p2|PlayForDreams|roxie|1706
|teamsize|p1|6
|teamsize|p2|6
|gen|8
|tier|[Gen 8] OU
|rated|
|rule|Sleep Clause Mod: Limit one foe put to sleep
|rule|Species Clause: Limit one of each Pokémon
|rule|OHKO Clause: OHKO moves are banned
|rule|Evasion Moves Clause: Evasion moves are banned
|rule|Endless Battle Clause: Forcing endless battles is banned
|rule|HP Percentage Mod: HP is shown in percentages
|rule|Dynamax Clause: You cannot dynamax
|clearpoke
|poke|p1|Nidoking, M|
|poke|p1|Slowbro, F|
|poke|p1|Heatran, M|
|poke|p1|Zarude|
|poke|p1|Rotom-Wash|
|poke|p1|Buzzwole|
|poke|p2|Zapdos|
|poke|p2|Thundurus-Therian, M|
|poke|p2|Corviknight, M|
|poke|p2|Landorus-Therian, M|
|poke|p2|Mantine, M|
|poke|p2|Skarmory, M|
|teampreview
|inactive|Battle timer is ON: inactive players will automatically lose when time's up. (requested by Hajmola)
|inactive|PlayForDreams has 120 seconds left.
|
|t:|1639576535
|start
|switch|p1a: Nidoking|Nidoking, M|100/100
|switch|p2a: Landorus|Landorus-Therian, M, shiny|100/100
|-ability|p2a: Landorus|Intimidate|boost
|-unboost|p1a: Nidoking|atk|1
|turn|1
|
|t:|1639576546
|switch|p1a: Rotom|Rotom-Wash|100/100
|switch|p2a: Mantine|Mantine, M, shiny|100/100
|
|upkeep
|turn|2
|
|t:|1639576559
|switch|p2a: Zapdos|Zapdos, shiny|100/100
|-ability|p2a: Zapdos|Pressure
|move|p1a: Rotom|Volt Switch|p2a: Zapdos
|-damage|p2a: Zapdos|82/100
|
|t:|1639576567
|switch|p1a: Heatran|Heatran, M|100/100|[from]move: Volt Switch
|
|upkeep
|turn|3
|
|t:|1639576572
|move|p2a: Zapdos|Volt Switch|p1a: Heatran
|-damage|p1a: Heatran|80/100
|
|t:|1639576576
|switch|p2a: Landorus|Landorus-Therian, M, shiny|100/100|[from]move: Volt Switch
|-ability|p2a: Landorus|Intimidate|boost
|-unboost|p1a: Heatran|atk|1
|move|p1a: Heatran|Stealth Rock|p2a: Landorus
|-sidestart|p2: PlayForDreams|move: Stealth Rock
|
|-heal|p1a: Heatran|87/100|[from] item: Leftovers
|upkeep
|turn|4
|
|t:|1639576586
|switch|p1a: Slowbro|Slowbro, F|100/100
|move|p2a: Landorus|Earthquake|p1a: Slowbro
|-damage|p1a: Slowbro|72/100
|
|upkeep
|turn|5
|
|t:|1639576595
|move|p2a: Landorus|Stealth Rock|p1a: Slowbro
|-sidestart|p1: Hajmola|move: Stealth Rock
|move|p1a: Slowbro|Teleport|p1a: Slowbro
|
|t:|1639576600
|switch|p1a: Nidoking|Nidoking, M|100/100|[from]move: Teleport
|-damage|p1a: Nidoking|95/100|[from] Stealth Rock
|
|upkeep
|turn|6
|
|t:|1639576605
|switch|p1a: Rotom|Rotom-Wash|100/100
|-damage|p1a: Rotom|88/100|[from] Stealth Rock
|switch|p2a: Mantine|Mantine, M, shiny|100/100
|
|-heal|p1a: Rotom|94/100|[from] item: Leftovers
|upkeep
|turn|7
|
|t:|1639576619
|switch|p2a: Zapdos|Zapdos, shiny|82/100
|-ability|p2a: Zapdos|Pressure
|move|p1a: Rotom|Volt Switch|p2a: Zapdos
|-damage|p2a: Zapdos|64/100
|
|t:|1639576630
|switch|p1a: Nidoking|Nidoking, M|95/100|[from]move: Volt Switch
|-damage|p1a: Nidoking|89/100|[from] Stealth Rock
|
|upkeep
|turn|8
|
|t:|1639576635
|switch|p2a: Mantine|Mantine, M, shiny|100/100
|move|p1a: Nidoking|Sludge Wave|p2a: Mantine
|-damage|p2a: Mantine|59/100
|
|upkeep
|turn|9
|j| SherlockTroll
|
|t:|1639576645
|switch|p1a: Rotom|Rotom-Wash|94/100
|-damage|p1a: Rotom|82/100|[from] Stealth Rock
|move|p2a: Mantine|Roost|p2a: Mantine
|-heal|p2a: Mantine|100/100
|-singleturn|p2a: Mantine|move: Roost
|
|-heal|p1a: Rotom|88/100|[from] item: Leftovers
|upkeep
|turn|10
|
|t:|1639576656
|switch|p2a: Landorus|Landorus-Therian, M, shiny|100/100
|-damage|p2a: Landorus|88/100|[from] Stealth Rock
|-ability|p2a: Landorus|Intimidate|boost
|-unboost|p1a: Rotom|atk|1
|move|p1a: Rotom|Volt Switch|p2a: Landorus
|-immune|p2a: Landorus
|
|-heal|p2a: Landorus|94/100|[from] item: Leftovers
|-heal|p1a: Rotom|94/100|[from] item: Leftovers
|upkeep
|turn|11
|
|t:|1639576666
|move|p2a: Landorus|Toxic|p1a: Rotom
|-status|p1a: Rotom|tox
|move|p1a: Rotom|Hydro Pump|p2a: Landorus
|-supereffective|p2a: Landorus
|-damage|p2a: Landorus|37/100
|
|-heal|p2a: Landorus|43/100|[from] item: Leftovers
|-heal|p1a: Rotom|100/100 tox|[from] item: Leftovers
|-damage|p1a: Rotom|94/100 tox|[from] psn
|upkeep
|turn|12
|
|t:|1639576676
|move|p2a: Landorus|U-turn|p1a: Rotom
|-damage|p1a: Rotom|73/100 tox
|
|t:|1639576682
|switch|p2a: Thundurus|Thundurus-Therian, M|100/100|[from]move: U-turn
|move|p1a: Rotom|Volt Switch|p2a: Thundurus
|-immune|p2a: Thundurus|[from] ability: Volt Absorb
|
|-heal|p1a: Rotom|79/100 tox|[from] item: Leftovers
|-damage|p1a: Rotom|67/100 tox|[from] psn
|upkeep
|turn|13
|
|t:|1639576702
|move|p2a: Thundurus|Thunderbolt|p1a: Rotom
|-damage|p1a: Rotom|21/100 tox
|move|p1a: Rotom|Hydro Pump|p2a: Thundurus|[miss]
|-miss|p1a: Rotom|p2a: Thundurus
|
|-heal|p1a: Rotom|27/100 tox|[from] item: Leftovers
|-damage|p1a: Rotom|8/100 tox|[from] psn
|upkeep
|turn|14
|
|t:|1639576711
|move|p2a: Thundurus|Grass Knot|p1a: Rotom
|-supereffective|p1a: Rotom
|-damage|p1a: Rotom|0 fnt
|faint|p1a: Rotom
|
|upkeep
|
|t:|1639576717
|switch|p1a: Nidoking|Nidoking, M|89/100
|-damage|p1a: Nidoking|83/100|[from] Stealth Rock
|turn|15
|inactive|PlayForDreams has 120 seconds left.
|
|t:|1639576751
|switch|p2a: Landorus|Landorus-Therian, M, shiny|43/100
|-damage|p2a: Landorus|31/100|[from] Stealth Rock
|-ability|p2a: Landorus|Intimidate|boost
|-unboost|p1a: Nidoking|atk|1
|move|p1a: Nidoking|Ice Beam|p2a: Landorus
|-supereffective|p2a: Landorus
|-damage|p2a: Landorus|0 fnt
|faint|p2a: Landorus
|
|upkeep
|inactive|PlayForDreams has 120 seconds left.
|
|t:|1639576765
|switch|p2a: Mantine|Mantine, M, shiny|100/100
|turn|16
|inactive|PlayForDreams has 120 seconds left.
|
|t:|1639576779
|switch|p1a: Slowbro|Slowbro, F|100/100
|move|p2a: Mantine|Scald|p1a: Slowbro
|-resisted|p1a: Slowbro
|-damage|p1a: Slowbro|89/100
|-status|p1a: Slowbro|brn
|
|-damage|p1a: Slowbro|83/100 brn|[from] brn
|upkeep
|turn|17
|inactive|PlayForDreams has 120 seconds left.
|
|t:|1639576800
|switch|p2a: Thundurus|Thundurus-Therian, M|100/100
|move|p1a: Slowbro|Future Sight|p2a: Thundurus
|-start|p1a: Slowbro|move: Future Sight
|
|-damage|p1a: Slowbro|77/100 brn|[from] brn
|upkeep
|turn|18
|
|t:|1639576814
|switch|p1a: Heatran|Heatran, M|87/100
|-damage|p1a: Heatran|74/100|[from] Stealth Rock
|move|p2a: Thundurus|Nasty Plot|p2a: Thundurus
|-boost|p2a: Thundurus|spa|2
|
|-heal|p1a: Heatran|80/100|[from] item: Leftovers
|upkeep
|turn|19
|
|t:|1639576823
|move|p2a: Thundurus|Focus Blast|p1a: Heatran
|-supereffective|p1a: Heatran
|-damage|p1a: Heatran|0 fnt
|faint|p1a: Heatran
|
|-end|p2a: Thundurus|move: Future Sight
|-damage|p2a: Thundurus|44/100
|upkeep
|
|t:|1639576828
|switch|p1a: Zarude|Zarude|100/100
|-damage|p1a: Zarude|88/100|[from] Stealth Rock
|turn|20
|inactive|PlayForDreams has 120 seconds left.
|
|t:|1639576838
|switch|p2a: Skarmory|Skarmory, M, shiny|100/100
|-damage|p2a: Skarmory|88/100|[from] Stealth Rock
|move|p1a: Zarude|Darkest Lariat|p2a: Skarmory
|-damage|p2a: Skarmory|65/100
|-damage|p1a: Zarude|72/100|[from] item: Rocky Helmet|[of] p2a: Skarmory
|
|-heal|p1a: Zarude|78/100|[from] item: Leftovers
|upkeep
|turn|21
|inactive|PlayForDreams has 120 seconds left.
|
|t:|1639576852
|move|p1a: Zarude|Bulk Up|p1a: Zarude
|-boost|p1a: Zarude|atk|1
|-boost|p1a: Zarude|def|1
|move|p2a: Skarmory|Roost|p2a: Skarmory
|-heal|p2a: Skarmory|100/100
|-singleturn|p2a: Skarmory|move: Roost
|
|-heal|p1a: Zarude|84/100|[from] item: Leftovers
|upkeep
|turn|22
|
|t:|1639576861
|move|p1a: Zarude|Bulk Up|p1a: Zarude
|-boost|p1a: Zarude|atk|1
|-boost|p1a: Zarude|def|1
|move|p2a: Skarmory|Iron Defense|p2a: Skarmory
|-boost|p2a: Skarmory|def|2
|
|-heal|p1a: Zarude|90/100|[from] item: Leftovers
|upkeep
|turn|23
|inactive|Hajmola has 120 seconds left.
|inactive|Hajmola has 90 seconds left.
|
|t:|1639576934
|switch|p1a: Slowbro|Slowbro, F|100/100 brn
|move|p2a: Skarmory|Body Press|p1a: Slowbro
|-resisted|p1a: Slowbro
|-damage|p1a: Slowbro|83/100 brn
|
|-damage|p1a: Slowbro|77/100 brn|[from] brn
|upkeep
|turn|24
|inactive|Hajmola has 90 seconds left.
|
|t:|1639576945
|move|p2a: Skarmory|Spikes|p1a: Slowbro
|-sidestart|p1: Hajmola|Spikes
|move|p1a: Slowbro|Future Sight|p2a: Skarmory
|-start|p1a: Slowbro|move: Future Sight
|
|-damage|p1a: Slowbro|71/100 brn|[from] brn
|upkeep
|turn|25
|inactive|Hajmola has 90 seconds left.
|
|t:|1639576962
|move|p2a: Skarmory|Spikes|p1a: Slowbro
|-sidestart|p1: Hajmola|Spikes
|move|p1a: Slowbro|Teleport|p1a: Slowbro
|
|t:|1639576964
|switch|p1a: Nidoking|Nidoking, M|83/100|[from]move: Teleport
|-damage|p1a: Nidoking|77/100|[from] Stealth Rock
|-damage|p1a: Nidoking|60/100|[from] Spikes
|
|upkeep
|turn|26
|inactive|Hajmola has 90 seconds left.
|
|t:|1639576992
|switch|p2a: Zapdos|Zapdos, shiny|64/100
|-ability|p2a: Zapdos|Pressure
|move|p1a: Nidoking|Sludge Wave|p2a: Zapdos
|-damage|p2a: Zapdos|20/100
|
|-end|p2a: Zapdos|move: Future Sight
|-damage|p2a: Zapdos|0 fnt
|faint|p2a: Zapdos
|upkeep
|inactive|PlayForDreams has 120 seconds left.
|
|t:|1639577002
|switch|p2a: Mantine|Mantine, M, shiny|100/100
|turn|27
|
|t:|1639577010
|switch|p1a: Zarude|Zarude|90/100
|-damage|p1a: Zarude|77/100|[from] Stealth Rock
|-damage|p1a: Zarude|61/100|[from] Spikes
|switch|p2a: Thundurus|Thundurus-Therian, M|44/100
|
|-heal|p1a: Zarude|67/100|[from] item: Leftovers
|upkeep
|turn|28
|
|t:|1639577020
|switch|p2a: Skarmory|Skarmory, M, shiny|100/100
|-damage|p2a: Skarmory|88/100|[from] Stealth Rock
|move|p1a: Zarude|Jungle Healing|p1a: Zarude
|-heal|p1a: Zarude|92/100
|
|-heal|p1a: Zarude|98/100|[from] item: Leftovers
|upkeep
|turn|29
|
|t:|1639577033
|move|p1a: Zarude|Bulk Up|p1a: Zarude
|-boost|p1a: Zarude|atk|1
|-boost|p1a: Zarude|def|1
|move|p2a: Skarmory|Spikes|p1a: Zarude
|-sidestart|p1: Hajmola|Spikes
|
|-heal|p1a: Zarude|100/100|[from] item: Leftovers
|upkeep
|turn|30
|
|t:|1639577040
|move|p1a: Zarude|Bulk Up|p1a: Zarude
|-boost|p1a: Zarude|atk|1
|-boost|p1a: Zarude|def|1
|move|p2a: Skarmory|Iron Defense|p2a: Skarmory
|-boost|p2a: Skarmory|def|2
|
|upkeep
|turn|31
|
|t:|1639577066
|move|p1a: Zarude|Darkest Lariat|p2a: Skarmory
|-damage|p2a: Skarmory|36/100
|-damage|p1a: Zarude|84/100|[from] item: Rocky Helmet|[of] p2a: Skarmory
|move|p2a: Skarmory|Roost|p2a: Skarmory
|-heal|p2a: Skarmory|86/100
|-singleturn|p2a: Skarmory|move: Roost
|
|-heal|p1a: Zarude|90/100|[from] item: Leftovers
|upkeep
|turn|32
|inactive|Hajmola has 120 seconds left.
|
|t:|1639577078
|move|p1a: Zarude|Bulk Up|p1a: Zarude
|-boost|p1a: Zarude|atk|1
|-boost|p1a: Zarude|def|1
|move|p2a: Skarmory|Body Press|p1a: Zarude
|-supereffective|p1a: Zarude
|-damage|p1a: Zarude|41/100
|
|-heal|p1a: Zarude|47/100|[from] item: Leftovers
|upkeep
|turn|33
|inactive|Hajmola has 120 seconds left.
|inactive|Hajmola has 90 seconds left.
|inactive|Hajmola has 60 seconds left.
|
|t:|1639577163
|move|p1a: Zarude|Bulk Up|p1a: Zarude
|-boost|p1a: Zarude|atk|1
|-boost|p1a: Zarude|def|1
|move|p2a: Skarmory|Body Press|p1a: Zarude
|-supereffective|p1a: Zarude
|-damage|p1a: Zarude|11/100
|
|-heal|p1a: Zarude|18/100|[from] item: Leftovers
|upkeep
|turn|34
|
|t:|1639577177
|move|p1a: Zarude|Darkest Lariat|p2a: Skarmory
|-damage|p2a: Skarmory|14/100
|-damage|p1a: Zarude|1/100|[from] item: Rocky Helmet|[of] p2a: Skarmory
|move|p2a: Skarmory|Body Press|p1a: Zarude
|-supereffective|p1a: Zarude
|-damage|p1a: Zarude|0 fnt
|faint|p1a: Zarude
|
|upkeep
|inactive|Hajmola has 30 seconds left.
|
|t:|1639577201
|switch|p1a: Nidoking|Nidoking, M|60/100
|-damage|p1a: Nidoking|35/100|[from] Spikes
|-damage|p1a: Nidoking|30/100|[from] Stealth Rock
|turn|35
|
|t:|1639577217
|move|p1a: Nidoking|Ice Beam|p2a: Skarmory
|-damage|p2a: Skarmory|0 fnt
|faint|p2a: Skarmory
|
|upkeep
|inactive|PlayForDreams has 120 seconds left.
|
|t:|1639577250
|switch|p2a: Thundurus|Thundurus-Therian, M|44/100
|turn|36
|
|t:|1639577273
|switch|p1a: Buzzwole|Buzzwole|100/100
|move|p2a: Thundurus|Grass Knot|p1a: Buzzwole
|-resisted|p1a: Buzzwole
|-damage|p1a: Buzzwole|72/100
|
|upkeep
|turn|37
|
|t:|1639577283
|move|p2a: Thundurus|Thunderbolt|p1a: Buzzwole
|-damage|p1a: Buzzwole|8/100
|move|p1a: Buzzwole|Ice Punch|p2a: Thundurus
|-supereffective|p2a: Thundurus
|-damage|p2a: Thundurus|0 fnt
|faint|p2a: Thundurus
|-ability|p1a: Buzzwole|Beast Boost|boost
|-boost|p1a: Buzzwole|def|1
|
|upkeep
|
|t:|1639577297
|switch|p2a: Corviknight|Corviknight, M, shiny|100/100
|-damage|p2a: Corviknight|88/100|[from] Stealth Rock
|-ability|p2a: Corviknight|Pressure
|turn|38
|
|t:|1639577303
|switch|p1a: Slowbro|Slowbro, F|100/100 brn
|move|p2a: Corviknight|Brave Bird|p1a: Slowbro
|-damage|p1a: Slowbro|80/100 brn
|-damage|p2a: Corviknight|81/100|[from] Recoil
|
|-heal|p2a: Corviknight|87/100|[from] item: Leftovers
|-damage|p1a: Slowbro|74/100 brn|[from] brn
|upkeep
|turn|39
|inactive|PlayForDreams has 120 seconds left.
|
|t:|1639577313
|move|p2a: Corviknight|Substitute|p2a: Corviknight
|-start|p2a: Corviknight|Substitute
|-damage|p2a: Corviknight|62/100
|move|p1a: Slowbro|Scald|p2a: Corviknight
|-activate|p2a: Corviknight|move: Substitute|[damage]
|
|-heal|p2a: Corviknight|69/100|[from] item: Leftovers
|-damage|p1a: Slowbro|68/100 brn|[from] brn
|upkeep
|turn|40
|inactive|Hajmola has 60 seconds left.
|inactive|PlayForDreams has 120 seconds left.
|
|t:|1639577331
|move|p2a: Corviknight|Bulk Up|p2a: Corviknight
|-boost|p2a: Corviknight|atk|1
|-boost|p2a: Corviknight|def|1
|move|p1a: Slowbro|Scald|p2a: Corviknight
|-end|p2a: Corviknight|Substitute
|
|-heal|p2a: Corviknight|75/100|[from] item: Leftovers
|-damage|p1a: Slowbro|61/100 brn|[from] brn
|upkeep
|turn|41
|
|t:|1639577340
|move|p2a: Corviknight|Substitute|p2a: Corviknight
|-start|p2a: Corviknight|Substitute
|-damage|p2a: Corviknight|50/100
|move|p1a: Slowbro|Scald|p2a: Corviknight
|-activate|p2a: Corviknight|move: Substitute|[damage]
|
|-heal|p2a: Corviknight|56/100|[from] item: Leftovers
|-damage|p1a: Slowbro|55/100 brn|[from] brn
|upkeep
|turn|42
|
|t:|1639577349
|move|p2a: Corviknight|Roost|p2a: Corviknight
|-heal|p2a: Corviknight|100/100
|-singleturn|p2a: Corviknight|move: Roost
|move|p1a: Slowbro|Future Sight|p2a: Corviknight
|-start|p1a: Slowbro|move: Future Sight
|
|-damage|p1a: Slowbro|49/100 brn|[from] brn
|upkeep
|turn|43
|
|t:|1639577356
|move|p2a: Corviknight|Bulk Up|p2a: Corviknight
|-boost|p2a: Corviknight|atk|1
|-boost|p2a: Corviknight|def|1
|move|p1a: Slowbro|Slack Off|p1a: Slowbro
|-heal|p1a: Slowbro|99/100 brn
|
|-damage|p1a: Slowbro|93/100 brn|[from] brn
|upkeep
|turn|44
|
|t:|1639577367
|move|p2a: Corviknight|Bulk Up|p2a: Corviknight
|-boost|p2a: Corviknight|atk|1
|-boost|p2a: Corviknight|def|1
|move|p1a: Slowbro|Teleport|p1a: Slowbro
|
|t:|1639577371
|switch|p1a: Nidoking|Nidoking, M|30/100|[from]move: Teleport
|-damage|p1a: Nidoking|24/100|[from] Stealth Rock
|-damage|p1a: Nidoking|0 fnt|[from] Spikes
|faint|p1a: Nidoking
|
|-end|p2a: Corviknight|move: Future Sight
|-resisted|p2a: Corviknight
|-end|p2a: Corviknight|Substitute
|upkeep
|-message|Hajmola forfeited.
|
|win|PlayForDreams
|raw|Hajmola's rating: 1652 &rarr; <strong>1635</strong><br />(-17 for losing)
|raw|PlayForDreams's rating: 1706 &rarr; <strong>1723</strong><br />(+17 for winning)
|l|☆Hajmola
|c|☆PlayForDreams|gg
|l| SherlockTroll
