|j|☆Glurakaiser
|j|☆Shark tale is best
|player|p1|Glurakaiser|red|1406
|player|p2|Shark tale is best|volkner|1394
|teamsize|p1|6
|teamsize|p2|6
|gametype|singles
|gen|8
|tier|[Gen 8] OU
|rated|
|clearpoke
|poke|p1|Mew|
|poke|p1|Urshifu-*, F|
|poke|p1|Mandibuzz, F|
|poke|p1|Toxapex, F|
|poke|p1|Excadrill, M|
|poke|p1|Dragapult, M|
|poke|p2|Magearna|
|poke|p2|Volcarona, M|
|poke|p2|Alakazam, F|
|poke|p2|Urshifu-*, M|
|poke|p2|Zeraora|
|poke|p2|Seismitoad, F|
|rule|Sleep Clause Mod: Limit one foe put to sleep
|rule|Species Clause: Limit one of each Pokémon
|rule|OHKO Clause: OHKO moves are banned
|rule|Evasion Moves Clause: Evasion moves are banned
|rule|Endless Battle Clause: Forcing endless battles is banned
|rule|HP Percentage Mod: HP is shown in percentages
|rule|Dynamax Clause: You cannot dynamax
|teampreview
|
|start
|switch|p1a: Dragapult|Dragapult, M|100/100
|switch|p2a: Seismitoad|Seismitoad, F|100/100
|turn|1
|inactive|Battle timer is ON: inactive players will automatically lose when time's up. (requested by Glurakaiser)
|inactive|Shark tale is best also wants the timer to be on.
|
|move|p1a: Dragapult|Will-O-Wisp|p2a: Seismitoad
|-status|p2a: Seismitoad|brn
|move|p2a: Seismitoad|Knock Off|p1a: Dragapult
|-supereffective|p1a: Dragapult
|-damage|p1a: Dragapult|72/100
|-enditem|p1a: Dragapult|Choice Specs|[from] move: Knock Off|[of] p2a: Seismitoad
|
|-damage|p2a: Seismitoad|94/100 brn|[from] brn
|upkeep
|turn|2
|
|move|p1a: Dragapult|Hex|p2a: Seismitoad
|-crit|p2a: Seismitoad
|-damage|p2a: Seismitoad|1/100 brn
|move|p2a: Seismitoad|Earth Power|p1a: Dragapult
|-damage|p1a: Dragapult|33/100
|
|-heal|p2a: Seismitoad|7/100 brn|[from] item: Leftovers
|-damage|p2a: Seismitoad|1/100 brn|[from] brn
|upkeep
|turn|3
|
|move|p1a: Dragapult|U-turn|p2a: Seismitoad
|-crit|p2a: Seismitoad
|-damage|p2a: Seismitoad|0 fnt
|faint|p2a: Seismitoad
|
|switch|p1a: Urshifu|Urshifu, F|100/100|[from]move: U-turn
|
|upkeep
|
|switch|p2a: Zeraora|Zeraora|100/100
|turn|4
|
|switch|p1a: Dragapult|Dragapult, M|33/100
|move|p2a: Zeraora|Play Rough|p1a: Dragapult
|-supereffective|p1a: Dragapult
|-damage|p1a: Dragapult|0 fnt
|faint|p1a: Dragapult
|
|upkeep
|
|switch|p1a: Mandibuzz|Mandibuzz, F|100/100
|turn|5
|
|move|p2a: Zeraora|Plasma Fists|p1a: Mandibuzz
|-supereffective|p1a: Mandibuzz
|-damage|p1a: Mandibuzz|41/100
|-fieldactivate|move: Ion Deluge
|move|p1a: Mandibuzz|Foul Play|p2a: Zeraora
|-damage|p2a: Zeraora|39/100
|
|upkeep
|turn|6
|
|switch|p1a: Excadrill|Excadrill, M|100/100
|-ability|p1a: Excadrill|Mold Breaker
|move|p2a: Zeraora|Close Combat|p1a: Excadrill
|-supereffective|p1a: Excadrill
|-damage|p1a: Excadrill|0 fnt
|-unboost|p2a: Zeraora|def|1
|-unboost|p2a: Zeraora|spd|1
|faint|p1a: Excadrill
|
|upkeep
|
|switch|p1a: Mew|Mew|100/100
|turn|7
|
|move|p2a: Zeraora|Knock Off|p1a: Mew
|-supereffective|p1a: Mew
|-damage|p1a: Mew|44/100
|-enditem|p1a: Mew|Leftovers|[from] move: Knock Off|[of] p2a: Zeraora
|move|p1a: Mew|Nasty Plot|p1a: Mew
|-boost|p1a: Mew|spa|2
|
|upkeep
|turn|8
|
|move|p2a: Zeraora|Plasma Fists|p1a: Mew
|-damage|p1a: Mew|0 fnt
|-fieldactivate|move: Ion Deluge
|faint|p1a: Mew
|
|upkeep
|
|switch|p1a: Toxapex|Toxapex, F|100/100
|turn|9
|
|move|p2a: Zeraora|Plasma Fists|p1a: Toxapex
|-supereffective|p1a: Toxapex
|-damage|p1a: Toxapex|17/100
|-fieldactivate|move: Ion Deluge
|move|p1a: Toxapex|Scald|p2a: Zeraora
|-damage|p2a: Zeraora|7/100
|-status|p2a: Zeraora|brn
|
|-heal|p1a: Toxapex|23/100|[from] item: Black Sludge
|-damage|p2a: Zeraora|1/100 brn|[from] brn
|upkeep
|turn|10
|
|switch|p1a: Mandibuzz|Mandibuzz, F|41/100
|move|p2a: Zeraora|Plasma Fists|p1a: Mandibuzz
|-supereffective|p1a: Mandibuzz
|-damage|p1a: Mandibuzz|9/100
|-fieldactivate|move: Ion Deluge
|
|-damage|p2a: Zeraora|0 fnt|[from] brn
|faint|p2a: Zeraora
|upkeep
|
|switch|p2a: Urshifu|Urshifu, M|100/100
|turn|11
|
|move|p2a: Urshifu|Wicked Blow|p1a: Mandibuzz
|-resisted|p1a: Mandibuzz
|-crit|p1a: Mandibuzz
|-damage|p1a: Mandibuzz|0 fnt
|-damage|p2a: Urshifu|91/100|[from] item: Life Orb
|faint|p1a: Mandibuzz
|
|upkeep
|
|switch|p1a: Urshifu|Urshifu, F|100/100
|turn|12
|
|move|p2a: Urshifu|Close Combat|p1a: Urshifu
|-supereffective|p1a: Urshifu
|-damage|p1a: Urshifu|0 fnt
|-unboost|p2a: Urshifu|def|1
|-unboost|p2a: Urshifu|spd|1
|-damage|p2a: Urshifu|81/100|[from] item: Life Orb
|faint|p1a: Urshifu
|
|upkeep
|
|switch|p1a: Toxapex|Toxapex, F|56/100
|turn|13
|c|☆Shark tale is best|gg
|
|move|p2a: Urshifu|Wicked Blow|p1a: Toxapex
|-crit|p1a: Toxapex
|-damage|p1a: Toxapex|0 fnt
|-damage|p2a: Urshifu|71/100|[from] item: Life Orb
|faint|p1a: Toxapex
|
|win|Shark tale is best
|l|☆Glurakaiser
