|j|☆damorush
|j|☆Kyerndo
|t:|1636499693
|gametype|singles
|player|p1|damorush|alder|1560
|player|p2|Kyerndo|psychic|1634
|teamsize|p1|6
|teamsize|p2|6
|gen|8
|tier|[Gen 8] OU
|rated|
|rule|Sleep Clause Mod: Limit one foe put to sleep
|rule|Species Clause: Limit one of each Pokémon
|rule|OHKO Clause: OHKO moves are banned
|rule|Evasion Moves Clause: Evasion moves are banned
|rule|Endless Battle Clause: Forcing endless battles is banned
|rule|HP Percentage Mod: HP is shown in percentages
|rule|Dynamax Clause: You cannot dynamax
|clearpoke
|poke|p1|Dragapult, F|
|poke|p1|Urshifu-*, M|
|poke|p1|Weavile, F|
|poke|p1|Shuckle, M|
|poke|p1|Blacephalon|
|poke|p1|Kartana|
|poke|p2|Tapu Fini|
|poke|p2|Toxtricity, F|
|poke|p2|Kyurem|
|poke|p2|Ferrothorn, F|
|poke|p2|Excadrill, F|
|poke|p2|Hippowdon, F|
|teampreview
|
|t:|1636499716
|start
|switch|p1a: Kartana|Kartana|100/100
|switch|p2a: Excadrill|Excadrill, F|100/100
|turn|1
|
|t:|1636499733
|switch|p2a: Ferrothorn|Ferrothorn, F|100/100
|move|p1a: Kartana|Swords Dance|p1a: Kartana
|-boost|p1a: Kartana|atk|2
|
|upkeep
|turn|2
|
|t:|1636499738
|move|p1a: Kartana|Sacred Sword|p2a: Ferrothorn
|-supereffective|p2a: Ferrothorn
|-damage|p2a: Ferrothorn|0 fnt
|-damage|p1a: Kartana|88/100|[from] ability: Iron Barbs|[of] p2a: Ferrothorn
|-damage|p1a: Kartana|72/100|[from] item: Rocky Helmet|[of] p2a: Ferrothorn
|faint|p2a: Ferrothorn
|-ability|p1a: Kartana|Beast Boost|boost
|-boost|p1a: Kartana|atk|1
|-damage|p1a: Kartana|62/100|[from] item: Life Orb
|
|upkeep
|
|t:|1636499742
|switch|p2a: Kyurem|Kyurem|100/100
|-ability|p2a: Kyurem|Pressure
|turn|3
|
|t:|1636499758
|switch|p1a: Shuckle|Shuckle, M|100/100
|move|p2a: Kyurem|Freeze-Dry|p1a: Shuckle
|-damage|p1a: Shuckle|78/100
|-enditem|p1a: Shuckle|Red Card|[of] p2a: Kyurem
|drag|p2a: Tapu Fini|Tapu Fini|100/100
|-fieldstart|move: Misty Terrain|[from] ability: Misty Surge|[of] p2a: Tapu Fini
|
|upkeep
|turn|4
|
|t:|1636499767
|move|p2a: Tapu Fini|Surf|p1a: Shuckle
|-supereffective|p1a: Shuckle
|-damage|p1a: Shuckle|34/100
|move|p1a: Shuckle|Sticky Web|p2a: Tapu Fini
|-sidestart|p2: Kyerndo|move: Sticky Web
|
|upkeep
|turn|5
|
|t:|1636499772
|move|p2a: Tapu Fini|Defog|p1a: Shuckle
|-unboost|p1a: Shuckle|evasion|1
|-sideend|p2: Kyerndo|Sticky Web|[from] move: Defog|[of] p2a: Tapu Fini
|-fieldend|Misty Terrain
|move|p1a: Shuckle|Stealth Rock|p2a: Tapu Fini
|-sidestart|p2: Kyerndo|move: Stealth Rock
|
|upkeep
|turn|6
|
|t:|1636499779
|move|p2a: Tapu Fini|Surf|p1a: Shuckle
|-supereffective|p1a: Shuckle
|-damage|p1a: Shuckle|0 fnt
|faint|p1a: Shuckle
|
|upkeep
|
|t:|1636499784
|switch|p1a: Kartana|Kartana|62/100
|turn|7
|
|t:|1636499795
|switch|p2a: Toxtricity|Toxtricity, F|100/100
|-damage|p2a: Toxtricity|88/100|[from] Stealth Rock
|move|p1a: Kartana|Leaf Blade|p2a: Toxtricity
|-resisted|p2a: Toxtricity
|-damage|p2a: Toxtricity|39/100
|-damage|p1a: Kartana|52/100|[from] item: Life Orb
|
|upkeep
|turn|8
|
|t:|1636499811
|move|p1a: Kartana|Knock Off|p2a: Toxtricity
|-damage|p2a: Toxtricity|0 fnt
|-enditem|p2a: Toxtricity|Choice Specs|[from] move: Knock Off|[of] p1a: Kartana
|faint|p2a: Toxtricity
|-ability|p1a: Kartana|Beast Boost|boost
|-boost|p1a: Kartana|atk|1
|-damage|p1a: Kartana|43/100|[from] item: Life Orb
|
|upkeep
|
|t:|1636499815
|switch|p2a: Kyurem|Kyurem|100/100
|-damage|p2a: Kyurem|76/100|[from] Stealth Rock
|-ability|p2a: Kyurem|Pressure
|turn|9
|
|t:|1636499822
|switch|p1a: Weavile|Weavile, F|100/100
|-ability|p1a: Weavile|Pressure
|move|p2a: Kyurem|Earth Power|p1a: Weavile
|-damage|p1a: Weavile|58/100
|
|upkeep
|turn|10
|
|t:|1636499830
|switch|p2a: Tapu Fini|Tapu Fini|100/100
|-damage|p2a: Tapu Fini|88/100|[from] Stealth Rock
|-fieldstart|move: Misty Terrain|[from] ability: Misty Surge|[of] p2a: Tapu Fini
|move|p1a: Weavile|Knock Off|p2a: Tapu Fini
|-resisted|p2a: Tapu Fini
|-damage|p2a: Tapu Fini|66/100
|-enditem|p2a: Tapu Fini|Leftovers|[from] move: Knock Off|[of] p1a: Weavile
|
|upkeep
|turn|11
|
|t:|1636499839
|move|p1a: Weavile|Triple Axel|p2a: Tapu Fini
|-resisted|p2a: Tapu Fini
|-damage|p2a: Tapu Fini|61/100
|-resisted|p2a: Tapu Fini
|-damage|p2a: Tapu Fini|53/100
|-resisted|p2a: Tapu Fini
|-damage|p2a: Tapu Fini|39/100
|-hitcount|p2a: Tapu Fini|3
|move|p2a: Tapu Fini|Defog|p1a: Weavile
|-unboost|p1a: Weavile|evasion|1
|-sideend|p2: Kyerndo|Stealth Rock|[from] move: Defog|[of] p2a: Tapu Fini
|-fieldend|Misty Terrain
|
|upkeep
|turn|12
|
|t:|1636499856
|move|p1a: Weavile|Triple Axel|p2a: Tapu Fini|[miss]
|-miss|p1a: Weavile|p2a: Tapu Fini
|move|p2a: Tapu Fini|Moonblast|p1a: Weavile
|-supereffective|p1a: Weavile
|-damage|p1a: Weavile|0 fnt
|faint|p1a: Weavile
|
|upkeep
|
|t:|1636499863
|switch|p1a: Kartana|Kartana|43/100
|turn|13
|
|t:|1636499869
|move|p1a: Kartana|Leaf Blade|p2a: Tapu Fini
|-supereffective|p2a: Tapu Fini
|-damage|p2a: Tapu Fini|0 fnt
|faint|p2a: Tapu Fini
|-ability|p1a: Kartana|Beast Boost|boost
|-boost|p1a: Kartana|atk|1
|-damage|p1a: Kartana|33/100|[from] item: Life Orb
|
|upkeep
|
|t:|1636499871
|switch|p2a: Kyurem|Kyurem|76/100
|-ability|p2a: Kyurem|Pressure
|turn|14
|
|t:|1636499878
|move|p2a: Kyurem|Freeze-Dry|p1a: Kartana
|-damage|p1a: Kartana|0 fnt
|faint|p1a: Kartana
|
|upkeep
|
|t:|1636499883
|switch|p1a: Blacephalon|Blacephalon|100/100
|turn|15
|
|t:|1636499886
|switch|p2a: Hippowdon|Hippowdon, F|100/100
|-weather|Sandstorm|[from] ability: Sand Stream|[of] p2a: Hippowdon
|move|p1a: Blacephalon|Flamethrower|p2a: Hippowdon
|-damage|p2a: Hippowdon|53/100
|-enditem|p2a: Hippowdon|Eject Button
|
|t:|1636499888
|switch|p2a: Excadrill|Excadrill, F|100/100
|
|-weather|Sandstorm|[upkeep]
|-damage|p1a: Blacephalon|94/100|[from] Sandstorm
|upkeep
|turn|16
|
|t:|1636499896
|move|p2a: Excadrill|Earthquake|p1a: Blacephalon
|-supereffective|p1a: Blacephalon
|-damage|p1a: Blacephalon|0 fnt
|faint|p1a: Blacephalon
|
|-weather|Sandstorm|[upkeep]
|upkeep
|
|t:|1636499902
|switch|p1a: Urshifu|Urshifu-Rapid-Strike, M|100/100
|turn|17
|
|t:|1636499905
|move|p2a: Excadrill|Earthquake|p1a: Urshifu
|-damage|p1a: Urshifu|16/100
|move|p1a: Urshifu|Close Combat|p2a: Excadrill
|-supereffective|p2a: Excadrill
|-damage|p2a: Excadrill|0 fnt
|-unboost|p1a: Urshifu|def|1
|-unboost|p1a: Urshifu|spd|1
|faint|p2a: Excadrill
|
|-weather|Sandstorm|[upkeep]
|-damage|p1a: Urshifu|10/100|[from] Sandstorm
|upkeep
|
|t:|1636499911
|switch|p2a: Kyurem|Kyurem|76/100
|-ability|p2a: Kyurem|Pressure
|turn|18
|
|t:|1636499918
|move|p2a: Kyurem|Ice Beam|p1a: Urshifu
|-resisted|p1a: Urshifu
|-damage|p1a: Urshifu|0 fnt
|faint|p1a: Urshifu
|
|-weather|Sandstorm|[upkeep]
|-damage|p2a: Kyurem|70/100|[from] Sandstorm
|upkeep
|-message|damorush forfeited.
|
|win|Kyerndo
|raw|damorush's rating: 1560 &rarr; <strong>1544</strong><br />(-16 for losing)
|raw|Kyerndo's rating: 1634 &rarr; <strong>1650</strong><br />(+16 for winning)
|l|☆damorush
||Ladder isn't responding, score probably updated but might not have (Request timeout).
