|j|☆JoeyOwesMeMoney
|j|☆test31415
|player|p1|JoeyOwesMeMoney|170|1777
|player|p2|test31415|101|1722
|teamsize|p1|6
|teamsize|p2|6
|gametype|singles
|gen|8
|tier|[Gen 8] OU
|rated|
|html|<div class="broadcast-blue"><strong>OU is currently suspecting Dracovish! For information on how to participate check out the <a href="https://www.smogon.com/forums/threads/3664521/">suspect thread</a>.</strong></div>
|clearpoke
|poke|p1|Toxapex, F|
|poke|p1|Ferrothorn, F|
|poke|p1|Seismitoad, F|
|poke|p1|Tyranitar, M|
|poke|p1|Clefable, M|
|poke|p1|Corviknight, M|
|poke|p2|Hydreigon, M|
|poke|p2|Venusaur, M|
|poke|p2|Cinderace, F|
|poke|p2|Bisharp, F|
|poke|p2|Jirachi|
|poke|p2|Corviknight, M|
|rule|Sleep Clause Mod: Limit one foe put to sleep
|rule|Species Clause: Limit one of each Pokémon
|rule|OHKO Clause: OHKO moves are banned
|rule|Evasion Moves Clause: Evasion moves are banned
|rule|Endless Battle Clause: Forcing endless battles is banned
|rule|HP Percentage Mod: HP is shown in percentages
|rule|Dynamax Clause: You cannot dynamax
|teampreview
|inactive|Battle timer is ON: inactive players will automatically lose when time's up. (requested by test31415)
|
|start
|switch|p1a: Seismitoad|Seismitoad, F|100/100
|switch|p2a: Bisharp|Bisharp, F|100/100
|turn|1
|
|switch|p1a: Corviknight|Corviknight, M|100/100
|-ability|p1a: Corviknight|Pressure
|move|p2a: Bisharp|Swords Dance|p2a: Bisharp
|-boost|p2a: Bisharp|atk|2
|
|upkeep
|turn|2
|
|move|p2a: Bisharp|Knock Off|p1a: Corviknight
|-damage|p1a: Corviknight|21/100
|-damage|p2a: Bisharp|84/100|[from] item: Rocky Helmet|[of] p1a: Corviknight
|-enditem|p1a: Corviknight|Rocky Helmet|[from] move: Knock Off|[of] p2a: Bisharp
|-damage|p2a: Bisharp|74/100|[from] item: Life Orb
|move|p1a: Corviknight|Body Press|p2a: Bisharp
|-supereffective|p2a: Bisharp
|-damage|p2a: Bisharp|0 fnt
|faint|p2a: Bisharp
|
|upkeep
|j| I embarris.
|
|switch|p2a: Jirachi|Jirachi|100/100
|turn|3
|
|switch|p1a: Toxapex|Toxapex, F|100/100
|move|p2a: Jirachi|Trick|p1a: Toxapex
|-activate|p2a: Jirachi|move: Trick|[of] p1a: Toxapex
|-item|p1a: Toxapex|Choice Specs|[from] move: Trick
|-item|p2a: Jirachi|Black Sludge|[from] move: Trick
|
|-damage|p2a: Jirachi|88/100|[from] item: Black Sludge
|upkeep
|turn|4
|
|move|p2a: Jirachi|Psychic|p1a: Toxapex
|-supereffective|p1a: Toxapex
|-damage|p1a: Toxapex|33/100
|move|p1a: Toxapex|Scald|p2a: Jirachi
|-damage|p2a: Jirachi|63/100
|-status|p2a: Jirachi|brn
|
|-damage|p2a: Jirachi|51/100 brn|[from] item: Black Sludge
|-damage|p2a: Jirachi|45/100 brn|[from] brn
|upkeep
|turn|5
|
|switch|p1a: Corviknight|Corviknight, M|21/100
|-ability|p1a: Corviknight|Pressure
|move|p2a: Jirachi|Doom Desire|p1a: Corviknight
|-start|p2a: Jirachi|Doom Desire
|
|-damage|p2a: Jirachi|32/100 brn|[from] item: Black Sludge
|-damage|p2a: Jirachi|26/100 brn|[from] brn
|upkeep
|turn|6
|
|move|p2a: Jirachi|Thunder|p1a: Corviknight|[miss]
|-miss|p2a: Jirachi|p1a: Corviknight
|move|p1a: Corviknight|Roost|p1a: Corviknight
|-heal|p1a: Corviknight|71/100
|-singleturn|p1a: Corviknight|move: Roost
|
|-damage|p2a: Jirachi|14/100 brn|[from] item: Black Sludge
|-damage|p2a: Jirachi|8/100 brn|[from] brn
|upkeep
|turn|7
|j| slobadd
|
|move|p2a: Jirachi|Psychic|p1a: Corviknight
|-resisted|p1a: Corviknight
|-damage|p1a: Corviknight|53/100
|move|p1a: Corviknight|Roost|p1a: Corviknight
|-heal|p1a: Corviknight|100/100
|-singleturn|p1a: Corviknight|move: Roost
|
|-end|p1a: Corviknight|move: Doom Desire
|-resisted|p1a: Corviknight
|-damage|p1a: Corviknight|70/100
|-damage|p2a: Jirachi|0 fnt|[from] item: Black Sludge
|faint|p2a: Jirachi
|upkeep
|
|switch|p2a: Cinderace|Cinderace, F|100/100
|turn|8
|j| HeavenStar
|
|switch|p1a: Toxapex|Toxapex, F|66/100
|move|p2a: Cinderace|Pyro Ball|p1a: Toxapex
|-resisted|p1a: Toxapex
|-damage|p1a: Toxapex|47/100
|
|upkeep
|turn|9
|
|move|p2a: Cinderace|U-turn|p1a: Toxapex
|-resisted|p1a: Toxapex
|-damage|p1a: Toxapex|40/100
|
|switch|p2a: Hydreigon|Hydreigon, M|100/100|[from]move: U-turn
|move|p1a: Toxapex|Knock Off|p2a: Hydreigon
|-resisted|p2a: Hydreigon
|-damage|p2a: Hydreigon|91/100
|-enditem|p2a: Hydreigon|Choice Scarf|[from] move: Knock Off|[of] p1a: Toxapex
|
|upkeep
|turn|10
|
|switch|p2a: Corviknight|Corviknight, M|100/100
|-ability|p2a: Corviknight|Pressure
|switch|p1a: Corviknight|Corviknight, M|70/100
|-ability|p1a: Corviknight|Pressure
|
|upkeep
|turn|11
|
|move|p1a: Corviknight|Roost|p1a: Corviknight
|-heal|p1a: Corviknight|100/100
|-singleturn|p1a: Corviknight|move: Roost
|move|p2a: Corviknight|Body Press|p1a: Corviknight
|-supereffective|p1a: Corviknight
|-damage|p1a: Corviknight|69/100
|
|upkeep
|turn|12
|
|switch|p1a: Toxapex|Toxapex, F|73/100
|move|p2a: Corviknight|U-turn|p1a: Toxapex
|-resisted|p1a: Toxapex
|-damage|p1a: Toxapex|69/100
|j| Seel Team Seven
|
|switch|p2a: Hydreigon|Hydreigon, M|91/100|[from]move: U-turn
|
|upkeep
|turn|13
|
|move|p2a: Hydreigon|Dark Pulse|p1a: Toxapex
|-damage|p1a: Toxapex|34/100
|move|p1a: Toxapex|Poison Jab|p2a: Hydreigon
|-damage|p2a: Hydreigon|69/100
|
|upkeep
|turn|14
|
|switch|p1a: Ferrothorn|Ferrothorn, F|100/100
|move|p2a: Hydreigon|Dark Pulse|p1a: Ferrothorn
|-damage|p1a: Ferrothorn|75/100
|
|-heal|p1a: Ferrothorn|81/100|[from] item: Leftovers
|upkeep
|turn|15
|
|switch|p2a: Corviknight|Corviknight, M|100/100
|-ability|p2a: Corviknight|Pressure
|move|p1a: Ferrothorn|Leech Seed|p2a: Corviknight
|-start|p2a: Corviknight|move: Leech Seed
|
|-heal|p1a: Ferrothorn|87/100|[from] item: Leftovers
|-damage|p2a: Corviknight|88/100|[from] Leech Seed|[of] p1a: Ferrothorn
|-heal|p1a: Ferrothorn|100/100|[silent]
|upkeep
|turn|16
|l| I embarris.
|
|move|p2a: Corviknight|U-turn|p1a: Ferrothorn
|-damage|p1a: Ferrothorn|89/100
|-damage|p2a: Corviknight|75/100|[from] ability: Iron Barbs|[of] p1a: Ferrothorn
|
|switch|p2a: Cinderace|Cinderace, F|100/100|[from]move: U-turn
|move|p1a: Ferrothorn|Knock Off|p2a: Cinderace
|-damage|p2a: Cinderace|68/100
|-enditem|p2a: Cinderace|Heavy-Duty Boots|[from] move: Knock Off|[of] p1a: Ferrothorn
|
|-heal|p1a: Ferrothorn|95/100|[from] item: Leftovers
|upkeep
|turn|17
|l| slobadd
|
|move|p1a: Ferrothorn|Protect|p1a: Ferrothorn
|-singleturn|p1a: Ferrothorn|Protect
|move|p2a: Cinderace|U-turn|p1a: Ferrothorn
|-activate|p1a: Ferrothorn|move: Protect
|
|-heal|p1a: Ferrothorn|100/100|[from] item: Leftovers
|upkeep
|turn|18
|
|switch|p1a: Toxapex|Toxapex, F|67/100
|move|p2a: Cinderace|U-turn|p1a: Toxapex
|-resisted|p1a: Toxapex
|-damage|p1a: Toxapex|60/100
|
|switch|p2a: Hydreigon|Hydreigon, M|69/100|[from]move: U-turn
|
|upkeep
|turn|19
|
|move|p2a: Hydreigon|Dark Pulse|p1a: Toxapex
|-damage|p1a: Toxapex|28/100
|move|p1a: Toxapex|Poison Jab|p2a: Hydreigon
|-damage|p2a: Hydreigon|48/100
|
|upkeep
|turn|20
|
|switch|p1a: Ferrothorn|Ferrothorn, F|100/100
|move|p2a: Hydreigon|Dark Pulse|p1a: Ferrothorn
|-damage|p1a: Ferrothorn|73/100
|
|-heal|p1a: Ferrothorn|79/100|[from] item: Leftovers
|upkeep
|turn|21
|
|move|p2a: Hydreigon|Flamethrower|p1a: Ferrothorn
|-supereffective|p1a: Ferrothorn
|-damage|p1a: Ferrothorn|0 fnt
|faint|p1a: Ferrothorn
|
|upkeep
|
|switch|p1a: Toxapex|Toxapex, F|61/100
|turn|22
|
|move|p2a: Hydreigon|Dark Pulse|p1a: Toxapex
|-damage|p1a: Toxapex|25/100
|move|p1a: Toxapex|Poison Jab|p2a: Hydreigon
|-crit|p2a: Hydreigon
|-damage|p2a: Hydreigon|16/100
|-status|p2a: Hydreigon|psn
|
|-damage|p2a: Hydreigon|4/100 psn|[from] psn
|upkeep
|turn|23
|
|switch|p1a: Seismitoad|Seismitoad, F|100/100
|move|p2a: Hydreigon|Flash Cannon|p1a: Seismitoad
|-resisted|p1a: Seismitoad
|-damage|p1a: Seismitoad|86/100
|
|-heal|p1a: Seismitoad|92/100|[from] item: Leftovers
|-damage|p2a: Hydreigon|0 fnt|[from] psn
|faint|p2a: Hydreigon
|upkeep
|j| Eepsilon
|
|switch|p2a: Venusaur|Venusaur, M|100/100
|turn|24
|
|move|p2a: Venusaur|Growth|p2a: Venusaur
|-boost|p2a: Venusaur|atk|1
|-boost|p2a: Venusaur|spa|1
|move|p1a: Seismitoad|Knock Off|p2a: Venusaur
|-damage|p2a: Venusaur|74/100
|-enditem|p2a: Venusaur|Leftovers|[from] move: Knock Off|[of] p1a: Seismitoad
|
|-heal|p1a: Seismitoad|98/100|[from] item: Leftovers
|upkeep
|turn|25
|
|switch|p1a: Tyranitar|Tyranitar, M|100/100
|-weather|Sandstorm|[from] ability: Sand Stream|[of] p1a: Tyranitar
|move|p2a: Venusaur|Growth|p2a: Venusaur
|-boost|p2a: Venusaur|atk|1
|-boost|p2a: Venusaur|spa|1
|
|-weather|Sandstorm|[upkeep]
|-damage|p2a: Venusaur|67/100|[from] Sandstorm
|upkeep
|turn|26
|
|move|p2a: Venusaur|Giga Drain|p1a: Tyranitar
|-supereffective|p1a: Tyranitar
|-damage|p1a: Tyranitar|59/100
|-heal|p2a: Venusaur|92/100|[from] drain|[of] p1a: Tyranitar
|move|p1a: Tyranitar|Stone Edge|p2a: Venusaur
|-crit|p2a: Venusaur
|-damage|p2a: Venusaur|13/100
|
|-weather|Sandstorm|[upkeep]
|-damage|p2a: Venusaur|7/100|[from] Sandstorm
|upkeep
|turn|27
|c| Eepsilon|Lefties > black sludge?
|inactive|JoeyOwesMeMoney has 120 seconds left.
|j| slobadd
|inactive|JoeyOwesMeMoney has 90 seconds left.
|
|move|p2a: Venusaur|Giga Drain|p1a: Tyranitar
|-supereffective|p1a: Tyranitar
|-damage|p1a: Tyranitar|0 fnt
|-heal|p2a: Venusaur|42/100|[from] drain|[of] p1a: Tyranitar
|faint|p1a: Tyranitar
|
|-weather|Sandstorm|[upkeep]
|-damage|p2a: Venusaur|36/100|[from] Sandstorm
|upkeep
|j| Hey bye !
|inactive|JoeyOwesMeMoney has 60 seconds left.
|c| Hey bye !|same thing you can't judge
|inactive|JoeyOwesMeMoney has 30 seconds left.
|
|switch|p1a: Corviknight|Corviknight, M|69/100
|-ability|p1a: Corviknight|Pressure
|turn|28
|
|move|p2a: Venusaur|Giga Drain|p1a: Corviknight
|-resisted|p1a: Corviknight
|-damage|p1a: Corviknight|52/100
|-heal|p2a: Venusaur|45/100|[from] drain|[of] p1a: Corviknight
|move|p1a: Corviknight|Roost|p1a: Corviknight
|-heal|p1a: Corviknight|100/100
|-singleturn|p1a: Corviknight|move: Roost
|
|-weather|Sandstorm|[upkeep]
|-damage|p2a: Venusaur|39/100|[from] Sandstorm
|upkeep
|turn|29
|
|move|p2a: Venusaur|Growth|p2a: Venusaur
|-boost|p2a: Venusaur|atk|1
|-boost|p2a: Venusaur|spa|1
|move|p1a: Corviknight|Bulk Up|p1a: Corviknight
|-boost|p1a: Corviknight|atk|1
|-boost|p1a: Corviknight|def|1
|
|-weather|none
|upkeep
|turn|30
|j| Arnaud senju vgc
|
|move|p2a: Venusaur|Growth|p2a: Venusaur
|-boost|p2a: Venusaur|atk|1
|-boost|p2a: Venusaur|spa|1
|move|p1a: Corviknight|Body Press|p2a: Venusaur
|-resisted|p2a: Venusaur
|-damage|p2a: Venusaur|16/100
|
|upkeep
|turn|31
|l| Eepsilon
|
|move|p2a: Venusaur|Giga Drain|p1a: Corviknight
|-resisted|p1a: Corviknight
|-damage|p1a: Corviknight|60/100
|-heal|p2a: Venusaur|40/100|[from] drain|[of] p1a: Corviknight
|move|p1a: Corviknight|Body Press|p2a: Venusaur
|-resisted|p2a: Venusaur
|-crit|p2a: Venusaur
|-damage|p2a: Venusaur|4/100
|
|upkeep
|turn|32
|
|move|p2a: Venusaur|Giga Drain|p1a: Corviknight
|-resisted|p1a: Corviknight
|-damage|p1a: Corviknight|19/100
|-heal|p2a: Venusaur|28/100|[from] drain|[of] p1a: Corviknight
|move|p1a: Corviknight|Body Press|p2a: Venusaur
|-resisted|p2a: Venusaur
|-damage|p2a: Venusaur|5/100
|
|upkeep
|turn|33
|
|move|p2a: Venusaur|Giga Drain|p1a: Corviknight
|-resisted|p1a: Corviknight
|-damage|p1a: Corviknight|0 fnt
|-heal|p2a: Venusaur|16/100|[from] drain|[of] p1a: Corviknight
|faint|p1a: Corviknight
|
|upkeep
|
|switch|p1a: Clefable|Clefable, M|100/100
|turn|34
|c| Hey bye !|omg venusaur wins his duel
|
|move|p2a: Venusaur|Giga Drain|p1a: Clefable
|-damage|p1a: Clefable|49/100
|-heal|p2a: Venusaur|46/100|[from] drain|[of] p1a: Clefable
|move|p1a: Clefable|Moonblast|p2a: Venusaur
|-resisted|p2a: Venusaur
|-damage|p2a: Venusaur|30/100
|
|-heal|p1a: Clefable|55/100|[from] item: Leftovers
|upkeep
|turn|35
|
|move|p2a: Venusaur|Sludge Bomb|p1a: Clefable
|-supereffective|p1a: Clefable
|-damage|p1a: Clefable|0 fnt
|faint|p1a: Clefable
|
|upkeep
|l| slobadd
|c|☆test31415|gg
|c| Hey bye !|nice baiiit
|j| slobadd
|c| Hey bye !|high lad player XD
|l| slobadd
|inactive|JoeyOwesMeMoney has 90 seconds left.
|j|‽golisopd
|j| tamagosushi
|inactive|JoeyOwesMeMoney has 60 seconds left.
|l| Seel Team Seven
|inactive|JoeyOwesMeMoney has 30 seconds left.
|inactive|JoeyOwesMeMoney has 20 seconds left.
|inactive|JoeyOwesMeMoney has 15 seconds left.
|c|☆test31415|overgrow is god
|c| Hey bye !|timer stalling sucks
|inactive|JoeyOwesMeMoney has 10 seconds left.
|inactive|JoeyOwesMeMoney has 5 seconds left.
|-message|JoeyOwesMeMoney lost due to inactivity.
|
|win|test31415
|c| Hey bye !|lel
|raw|JoeyOwesMeMoney's rating: 1777 &rarr; <strong>1754</strong><br />(-23 for losing)
|raw|test31415's rating: 1722 &rarr; <strong>1745</strong><br />(+23 for winning)
|l|☆test31415
|l| Hey bye !
