|j|☆taw
|j|☆legitteambuilder
|t:|1609012498
|player|p1|taw|2|1683
|player|p2|legitteambuilder|lance|1656
|teamsize|p1|6
|teamsize|p2|6
|gametype|singles
|gen|8
|tier|[Gen 8] OU
|rated|
|clearpoke
|poke|p1|Nidoking, M|
|poke|p1|Heatran, F|
|poke|p1|Rillaboom, M|
|poke|p1|Rotom-Wash|
|poke|p1|Tapu Lele|
|poke|p1|Urshifu-*, F|
|poke|p2|Azumarill, F|
|poke|p2|Regieleki|
|poke|p2|Buzzwole|
|poke|p2|Spectrier|
|poke|p2|Landorus-Therian, M|
|poke|p2|Kartana|
|rule|Sleep Clause Mod: Limit one foe put to sleep
|rule|Species Clause: Limit one of each Pokémon
|rule|OHKO Clause: OHKO moves are banned
|rule|Evasion Moves Clause: Evasion moves are banned
|rule|Endless Battle Clause: Forcing endless battles is banned
|rule|HP Percentage Mod: HP is shown in percentages
|rule|Dynamax Clause: You cannot dynamax
|teampreview
|
|t:|1609012510
|start
|switch|p1a: Rotom|Rotom-Wash|100/100
|switch|p2a: Land'R'Us|Landorus-Therian, M|100/100
|-ability|p2a: Land'R'Us|Intimidate|boost
|-unboost|p1a: Rotom|atk|1
|turn|1
|
|t:|1609012516
|move|p2a: Land'R'Us|Stealth Rock|p1a: Rotom
|-sidestart|p1: taw|move: Stealth Rock
|move|p1a: Rotom|Will-O-Wisp|p2a: Land'R'Us
|-status|p2a: Land'R'Us|brn
|
|-damage|p2a: Land'R'Us|95/100 brn|[from] brn
|upkeep
|turn|2
|
|t:|1609012523
|move|p2a: Land'R'Us|Swords Dance|p2a: Land'R'Us
|-boost|p2a: Land'R'Us|atk|2
|move|p1a: Rotom|Defog|p2a: Land'R'Us
|-unboost|p2a: Land'R'Us|evasion|1
|-sideend|p1: taw|Stealth Rock|[from] move: Defog|[of] p1a: Rotom
|
|-damage|p2a: Land'R'Us|89/100 brn|[from] brn
|upkeep
|turn|3
|
|t:|1609012530
|move|p2a: Land'R'Us|Stealth Rock|p1a: Rotom
|-sidestart|p1: taw|move: Stealth Rock
|move|p1a: Rotom|Hydro Pump|p2a: Land'R'Us
|-supereffective|p2a: Land'R'Us
|-damage|p2a: Land'R'Us|0 fnt
|faint|p2a: Land'R'Us
|
|upkeep
|
|t:|1609012539
|switch|p2a: it's ova|Kartana|100/100
|turn|4
|
|t:|1609012546
|move|p2a: it's ova|Knock Off|p1a: Rotom
|-damage|p1a: Rotom|76/100
|-enditem|p1a: Rotom|Leftovers|[from] move: Knock Off|[of] p2a: it's ova
|move|p1a: Rotom|Will-O-Wisp|p2a: it's ova
|-status|p2a: it's ova|brn
|
|-damage|p2a: it's ova|94/100 brn|[from] brn
|upkeep
|turn|5
|
|t:|1609012554
|move|p2a: it's ova|Swords Dance|p2a: it's ova
|-boost|p2a: it's ova|atk|2
|move|p1a: Rotom|Defog|p2a: it's ova
|-unboost|p2a: it's ova|evasion|1
|-sideend|p1: taw|Stealth Rock|[from] move: Defog|[of] p1a: Rotom
|
|-damage|p2a: it's ova|88/100 brn|[from] brn
|upkeep
|turn|6
|
|t:|1609012562
|switch|p1a: Urshifu|Urshifu, F|100/100
|move|p2a: it's ova|Swords Dance|p2a: it's ova
|-boost|p2a: it's ova|atk|2
|
|-damage|p2a: it's ova|82/100 brn|[from] brn
|upkeep
|turn|7
|
|t:|1609012569
|move|p1a: Urshifu|Close Combat|p2a: it's ova
|-supereffective|p2a: it's ova
|-damage|p2a: it's ova|0 fnt
|-unboost|p1a: Urshifu|def|1
|-unboost|p1a: Urshifu|spd|1
|faint|p2a: it's ova
|
|upkeep
|
|t:|1609012580
|switch|p2a: Prince|Spectrier|100/100
|turn|8
|
|t:|1609012589
|switch|p1a: Rotom|Rotom-Wash|76/100
|move|p2a: Prince|Calm Mind|p2a: Prince
|-boost|p2a: Prince|spa|1
|-boost|p2a: Prince|spd|1
|
|upkeep
|turn|9
|
|t:|1609012597
|move|p2a: Prince|Substitute|p2a: Prince
|-start|p2a: Prince|Substitute
|-damage|p2a: Prince|75/100
|move|p1a: Rotom|Volt Switch|p2a: Prince
|-activate|p2a: Prince|move: Substitute|[damage]
|
|t:|1609012602
|switch|p1a: Rillaboom|Rillaboom, M|100/100|[from]move: Volt Switch
|-fieldstart|move: Grassy Terrain|[from] ability: Grassy Surge|[of] p1a: Rillaboom
|
|-heal|p2a: Prince|82/100|[from] item: Leftovers
|-heal|p2a: Prince|88/100|[from] Grassy Terrain
|upkeep
|turn|10
|
|t:|1609012610
|move|p1a: Rillaboom|Grassy Glide|p2a: Prince
|-end|p2a: Prince|Substitute
|move|p2a: Prince|Will-O-Wisp|p1a: Rillaboom
|-status|p1a: Rillaboom|brn
|
|-heal|p2a: Prince|94/100|[from] item: Leftovers
|-heal|p2a: Prince|99/100|[from] Grassy Terrain
|-damage|p1a: Rillaboom|94/100 brn|[from] brn
|upkeep
|turn|11
|
|t:|1609012630
|move|p1a: Rillaboom|Grassy Glide|p2a: Prince
|-damage|p2a: Prince|66/100
|move|p2a: Prince|Hex|p1a: Rillaboom
|-damage|p1a: Rillaboom|0 fnt
|faint|p1a: Rillaboom
|-ability|p2a: Prince|Grim Neigh|boost
|-boost|p2a: Prince|spa|1
|
|-heal|p2a: Prince|72/100|[from] item: Leftovers
|-heal|p2a: Prince|78/100|[from] Grassy Terrain
|upkeep
|
|t:|1609012641
|switch|p1a: Urshifu|Urshifu, F|100/100
|turn|12
|
|t:|1609012645
|switch|p2a: NBAYB listener|Buzzwole|100/100
|move|p1a: Urshifu|Wicked Blow|p2a: NBAYB listener
|-resisted|p2a: NBAYB listener
|-crit|p2a: NBAYB listener
|-damage|p2a: NBAYB listener|81/100
|
|-heal|p2a: NBAYB listener|87/100|[from] item: Leftovers
|-heal|p2a: NBAYB listener|94/100|[from] Grassy Terrain
|upkeep
|turn|13
|
|t:|1609012654
|switch|p1a: Nidoking|Nidoking, M|100/100
|switch|p2a: Prince|Spectrier|78/100
|
|-heal|p2a: Prince|84/100|[from] item: Leftovers
|-heal|p2a: Prince|90/100|[from] Grassy Terrain
|-fieldend|move: Grassy Terrain
|upkeep
|turn|14
|
|t:|1609012676
|move|p2a: Prince|Will-O-Wisp|p1a: Nidoking|[miss]
|-miss|p2a: Prince|p1a: Nidoking
|move|p1a: Nidoking|Sludge Wave|p2a: Prince
|-resisted|p2a: Prince
|-damage|p2a: Prince|57/100
|
|-heal|p2a: Prince|63/100|[from] item: Leftovers
|upkeep
|turn|15
|
|t:|1609012683
|move|p2a: Prince|Will-O-Wisp|p1a: Nidoking
|-status|p1a: Nidoking|brn
|move|p1a: Nidoking|Earth Power|p2a: Prince
|-damage|p2a: Prince|0 fnt
|faint|p2a: Prince
|
|-damage|p1a: Nidoking|95/100 brn|[from] brn
|upkeep
|
|t:|1609012688
|switch|p2a: Awoomarill|Azumarill, F|100/100
|turn|16
|
|t:|1609012693
|move|p1a: Nidoking|Sludge Wave|p2a: Awoomarill
|-supereffective|p2a: Awoomarill
|-damage|p2a: Awoomarill|0 fnt
|faint|p2a: Awoomarill
|
|-damage|p1a: Nidoking|89/100 brn|[from] brn
|upkeep
|-message|legitteambuilder forfeited.
|
|win|taw
|l|☆legitteambuilder
