|j|☆Shaqiroth
|j|☆cump2
|t:|1631892326
|gametype|singles
|player|p1|Shaqiroth|iris|1397
|player|p2|cump2|volkner|1414
|teamsize|p1|6
|teamsize|p2|6
|gen|8
|tier|[Gen 8] OU
|rated|
|rule|Sleep Clause Mod: Limit one foe put to sleep
|rule|Species Clause: Limit one of each Pokémon
|rule|OHKO Clause: OHKO moves are banned
|rule|Evasion Moves Clause: Evasion moves are banned
|rule|Endless Battle Clause: Forcing endless battles is banned
|rule|HP Percentage Mod: HP is shown in percentages
|rule|Dynamax Clause: You cannot dynamax
|clearpoke
|poke|p1|Entei|
|poke|p1|Nihilego|
|poke|p1|Celesteela|
|poke|p1|Melmetal|
|poke|p1|Landorus-Therian, M|
|poke|p1|Kartana|
|poke|p2|Swampert, F|
|poke|p2|Kartana|
|poke|p2|Tapu Lele|
|poke|p2|Dragonite, F|
|poke|p2|Volcarona, F|
|poke|p2|Gengar, M|
|teampreview
|
|t:|1631892330
|start
|switch|p1a: Celesteela|Celesteela|100/100
|switch|p2a: Swampert|Swampert, F, shiny|100/100
|turn|1
|
|t:|1631892332
|move|p1a: Celesteela|Giga Drain|p2a: Swampert
|-supereffective|p2a: Swampert
|-damage|p2a: Swampert|37/100
|move|p2a: Swampert|Stealth Rock|p1a: Celesteela
|-sidestart|p1: Shaqiroth|move: Stealth Rock
|
|-heal|p2a: Swampert|43/100|[from] item: Leftovers
|upkeep
|turn|2
|
|t:|1631892337
|switch|p2a: Volcarona|Volcarona, F, shiny|100/100
|move|p1a: Celesteela|Meteor Beam||[still]
|-prepare|p1a: Celesteela|Meteor Beam
|-boost|p1a: Celesteela|spa|1
|
|upkeep
|turn|3
|
|t:|1631892339
|move|p2a: Volcarona|Flamethrower|p1a: Celesteela
|-supereffective|p1a: Celesteela
|-damage|p1a: Celesteela|50/100
|move|p1a: Celesteela|Meteor Beam|p2a: Volcarona|[from]lockedmove
|-supereffective|p2a: Volcarona
|-damage|p2a: Volcarona|0 fnt
|faint|p2a: Volcarona
|-ability|p1a: Celesteela|Beast Boost|boost
|-boost|p1a: Celesteela|spa|1
|
|upkeep
|
|t:|1631892355
|switch|p2a: Gengar|Gengar, M, shiny|100/100
|turn|4
|
|t:|1631892358
|move|p2a: Gengar|Shadow Ball|p1a: Celesteela
|-damage|p1a: Celesteela|21/100
|move|p1a: Celesteela|Flash Cannon|p2a: Gengar
|-damage|p2a: Gengar|0 fnt
|faint|p2a: Gengar
|-ability|p1a: Celesteela|Beast Boost|boost
|-boost|p1a: Celesteela|spa|1
|
|upkeep
|
|t:|1631892361
|switch|p2a: Kartana|Kartana, shiny|100/100
|turn|5
|
|t:|1631892364
|move|p2a: Kartana|Knock Off|p1a: Celesteela
|-damage|p1a: Celesteela|0 fnt
|-enditem|p1a: Celesteela|Assault Vest|[from] move: Knock Off|[of] p2a: Kartana
|faint|p1a: Celesteela
|-ability|p2a: Kartana|Beast Boost|boost
|-boost|p2a: Kartana|atk|1
|
|upkeep
|
|t:|1631892367
|switch|p1a: Entei|Entei|100/100
|-damage|p1a: Entei|76/100|[from] Stealth Rock
|turn|6
|
|t:|1631892370
|move|p1a: Entei|Sacred Fire|p2a: Kartana
|-supereffective|p2a: Kartana
|-damage|p2a: Kartana|0 fnt
|faint|p2a: Kartana
|
|upkeep
|
|t:|1631892376
|switch|p2a: Dragonite|Dragonite, F, shiny|100/100
|turn|7
|
|t:|1631892378
|move|p1a: Entei|Sacred Fire|p2a: Dragonite
|-resisted|p2a: Dragonite
|-damage|p2a: Dragonite|89/100
|move|p2a: Dragonite|Dragon Dance|p2a: Dragonite
|-boost|p2a: Dragonite|atk|1
|-boost|p2a: Dragonite|spe|1
|
|upkeep
|turn|8
|
|t:|1631892381
|move|p1a: Entei|Sacred Fire|p2a: Dragonite
|-resisted|p2a: Dragonite
|-damage|p2a: Dragonite|64/100
|move|p2a: Dragonite|Dragon Dance|p2a: Dragonite
|-boost|p2a: Dragonite|atk|1
|-boost|p2a: Dragonite|spe|1
|
|upkeep
|turn|9
|
|t:|1631892383
|move|p2a: Dragonite|Roost|p2a: Dragonite
|-heal|p2a: Dragonite|100/100
|-singleturn|p2a: Dragonite|move: Roost
|move|p1a: Entei|Sacred Fire|p2a: Dragonite
|-resisted|p2a: Dragonite
|-damage|p2a: Dragonite|90/100
|-status|p2a: Dragonite|brn
|
|-damage|p2a: Dragonite|83/100 brn|[from] brn
|upkeep
|turn|10
|
|t:|1631892385
|switch|p1a: Landorus|Landorus-Therian, M|100/100
|-damage|p1a: Landorus|88/100|[from] Stealth Rock
|-ability|p1a: Landorus|Intimidate|boost
|-unboost|p2a: Dragonite|atk|1
|move|p2a: Dragonite|Dragon Dance|p2a: Dragonite
|-boost|p2a: Dragonite|atk|1
|-boost|p2a: Dragonite|spe|1
|
|-damage|p2a: Dragonite|77/100 brn|[from] brn
|upkeep
|turn|11
|
|t:|1631892388
|move|p2a: Dragonite|Roost|p2a: Dragonite
|-heal|p2a: Dragonite|100/100 brn
|-singleturn|p2a: Dragonite|move: Roost
|move|p1a: Landorus|U-turn|p2a: Dragonite
|-damage|p2a: Dragonite|92/100 brn
|
|t:|1631892390
|switch|p1a: Melmetal|Melmetal|100/100|[from]move: U-turn
|-damage|p1a: Melmetal|94/100|[from] Stealth Rock
|
|-damage|p2a: Dragonite|86/100 brn|[from] brn
|upkeep
|turn|12
|
|t:|1631892393
|move|p2a: Dragonite|Earthquake|p1a: Melmetal
|-supereffective|p1a: Melmetal
|-damage|p1a: Melmetal|68/100
|move|p1a: Melmetal|Double Iron Bash|p2a: Dragonite
|-damage|p2a: Dragonite|58/100 brn
|-damage|p2a: Dragonite|29/100 brn
|-hitcount|p2a: Dragonite|2
|
|-damage|p2a: Dragonite|22/100 brn|[from] brn
|upkeep
|turn|13
|
|t:|1631892396
|move|p2a: Dragonite|Roost|p2a: Dragonite
|-heal|p2a: Dragonite|72/100 brn
|-singleturn|p2a: Dragonite|move: Roost
|move|p1a: Melmetal|Double Iron Bash|p2a: Dragonite
|-damage|p2a: Dragonite|43/100 brn
|-damage|p2a: Dragonite|16/100 brn
|-hitcount|p2a: Dragonite|2
|
|-damage|p2a: Dragonite|10/100 brn|[from] brn
|upkeep
|turn|14
|-message|cump2 forfeited.
|
|win|Shaqiroth
|l|☆cump2
|raw|Shaqiroth's rating: 1397 &rarr; <strong>1418</strong><br />(+21 for winning)
|raw|cump2's rating: 1414 &rarr; <strong>1393</strong><br />(-21 for losing)
