|j|☆huehuekkk
|j|☆friedfreak
|t:|1664078976
|gametype|singles
|player|p1|huehuekkk|cyclist|1584
|player|p2|friedfreak|101|1746
|teamsize|p1|6
|teamsize|p2|6
|gen|8
|tier|[Gen 8] OU
|rated|
|rule|Sleep Clause Mod: Limit one foe put to sleep
|rule|Species Clause: Limit one of each Pokémon
|rule|OHKO Clause: OHKO moves are banned
|rule|Evasion Items Clause: Evasion items are banned
|rule|Evasion Moves Clause: Evasion moves are banned
|rule|Endless Battle Clause: Forcing endless battles is banned
|rule|HP Percentage Mod: HP is shown in percentages
|rule|Dynamax Clause: You cannot dynamax
|clearpoke
|poke|p1|Blaziken, F|
|poke|p1|Mew|
|poke|p1|Kommo-o, F|
|poke|p1|Ninetales-Alola, F|
|poke|p1|Arctozolt|
|poke|p1|Tapu Koko|
|poke|p2|Urshifu-*, M|
|poke|p2|Hippowdon, M|
|poke|p2|Corviknight, F|
|poke|p2|Dragapult, M|
|poke|p2|Melmetal|
|poke|p2|Slowking, M|
|teampreview
|inactive|Battle timer is ON: inactive players will automatically lose when time's up. (requested by friedfreak)
|inactive|huehuekkk also wants the timer to be on.
|
|t:|1664078989
|start
|switch|p1a: Mew|Mew|100/100
|switch|p2a: Dragapult|Dragapult, M|100/100
|turn|1
|
|t:|1664078994
|move|p2a: Dragapult|Shadow Ball|p1a: Mew
|-supereffective|p1a: Mew
|-damage|p1a: Mew|17/100
|-enditem|p1a: Mew|Red Card|[of] p2a: Dragapult
|drag|p2a: Slowking|Slowking, M|100/100
|move|p1a: Mew|Stealth Rock|p2a: Slowking
|-sidestart|p2: friedfreak|move: Stealth Rock
|
|upkeep
|turn|2
|
|t:|1664078999
|move|p1a: Mew|Spikes|p2a: Slowking
|-sidestart|p2: friedfreak|Spikes
|move|p2a: Slowking|Future Sight|p1a: Mew
|-start|p2a: Slowking|move: Future Sight
|
|upkeep
|turn|3
|
|t:|1664079003
|move|p1a: Mew|Spikes|p2a: Slowking
|-sidestart|p2: friedfreak|Spikes
|move|p2a: Slowking|Scald|p1a: Mew
|-damage|p1a: Mew|0 fnt
|faint|p1a: Mew
|
|upkeep
|
|t:|1664079011
|switch|p1a: Tapu Koko|Tapu Koko|100/100
|-fieldstart|move: Electric Terrain|[from] ability: Electric Surge|[of] p1a: Tapu Koko
|turn|4
|
|t:|1664079024
|move|p1a: Tapu Koko|Light Screen|p1a: Tapu Koko
|-sidestart|p1: huehuekkk|move: Light Screen
|move|p2a: Slowking|Scald|p1a: Tapu Koko
|-damage|p1a: Tapu Koko|78/100
|
|-end|p1a: Tapu Koko|move: Future Sight
|-damage|p1a: Tapu Koko|46/100
|upkeep
|turn|5
|
|t:|1664079033
|move|p1a: Tapu Koko|Discharge|p2a: Slowking
|-supereffective|p2a: Slowking
|-damage|p2a: Slowking|53/100
|-status|p2a: Slowking|par
|move|p2a: Slowking|Future Sight|p1a: Tapu Koko
|-start|p2a: Slowking|move: Future Sight
|
|upkeep
|turn|6
|
|t:|1664079048
|switch|p2a: Hippowdon|Hippowdon, M|100/100
|-damage|p2a: Hippowdon|94/100|[from] Stealth Rock
|-damage|p2a: Hippowdon|78/100|[from] Spikes
|-weather|Sandstorm|[from] ability: Sand Stream|[of] p2a: Hippowdon
|move|p1a: Tapu Koko|Reflect|p1a: Tapu Koko
|-sidestart|p1: huehuekkk|Reflect
|
|-weather|Sandstorm|[upkeep]
|-damage|p1a: Tapu Koko|40/100|[from] Sandstorm
|-heal|p2a: Hippowdon|84/100|[from] item: Leftovers
|upkeep
|turn|7
|
|t:|1664079061
|switch|p1a: Ninetales|Ninetales-Alola, F|100/100
|-weather|Hail|[from] ability: Snow Warning|[of] p1a: Ninetales
|move|p2a: Hippowdon|Earthquake|p1a: Ninetales
|-damage|p1a: Ninetales|77/100
|
|-weather|Hail|[upkeep]
|-damage|p2a: Hippowdon|78/100|[from] Hail
|-end|p1a: Ninetales|move: Future Sight
|-damage|p1a: Ninetales|56/100
|-heal|p2a: Hippowdon|84/100|[from] item: Leftovers
|upkeep
|turn|8
|
|t:|1664079077
|move|p1a: Ninetales|Blizzard|p2a: Hippowdon
|-supereffective|p2a: Hippowdon
|-damage|p2a: Hippowdon|36/100
|move|p2a: Hippowdon|Stealth Rock|p1a: Ninetales
|-sidestart|p1: huehuekkk|move: Stealth Rock
|
|-weather|Hail|[upkeep]
|-damage|p2a: Hippowdon|30/100|[from] Hail
|-heal|p2a: Hippowdon|36/100|[from] item: Leftovers
|-fieldend|move: Electric Terrain
|upkeep
|turn|9
|
|t:|1664079088
|switch|p2a: Slowking|Slowking, M|86/100 par
|move|p1a: Ninetales|Blizzard|p2a: Slowking
|-resisted|p2a: Slowking
|-damage|p2a: Slowking|77/100 par
|
|-weather|Hail|[upkeep]
|-damage|p2a: Slowking|71/100 par|[from] Hail
|upkeep
|turn|10
|
|t:|1664079103
|switch|p1a: Tapu Koko|Tapu Koko|40/100
|-damage|p1a: Tapu Koko|27/100|[from] Stealth Rock
|-fieldstart|move: Electric Terrain|[from] ability: Electric Surge|[of] p1a: Tapu Koko
|cant|p2a: Slowking|par
|
|-weather|Hail|[upkeep]
|-damage|p1a: Tapu Koko|21/100|[from] Hail
|-damage|p2a: Slowking|65/100 par|[from] Hail
|upkeep
|turn|11
|
|t:|1664079116
|move|p1a: Tapu Koko|Discharge|p2a: Slowking
|-supereffective|p2a: Slowking
|-damage|p2a: Slowking|14/100 par
|move|p2a: Slowking|Future Sight|p1a: Tapu Koko
|-start|p2a: Slowking|move: Future Sight
|
|-weather|none
|-sideend|p1: huehuekkk|move: Light Screen
|upkeep
|turn|12
|
|t:|1664079135
|move|p1a: Tapu Koko|Light Screen|p1a: Tapu Koko
|-sidestart|p1: huehuekkk|move: Light Screen
|move|p2a: Slowking|Scald|p1a: Tapu Koko
|-damage|p1a: Tapu Koko|0 fnt
|faint|p1a: Tapu Koko
|
|upkeep
|
|t:|1664079144
|switch|p1a: Arctozolt|Arctozolt|100/100
|-damage|p1a: Arctozolt|76/100|[from] Stealth Rock
|turn|13
|
|t:|1664079154
|move|p1a: Arctozolt|Stomping Tantrum|p2a: Slowking
|-damage|p2a: Slowking|0 fnt
|faint|p2a: Slowking
|-damage|p1a: Arctozolt|66/100|[from] item: Life Orb
|
|-end|p1a: Arctozolt|move: Future Sight
|-damage|p1a: Arctozolt|39/100
|-sideend|p1: huehuekkk|Reflect
|upkeep
|inactive|friedfreak has 120 seconds left.
|
|t:|1664079180
|switch|p2a: Urshifu|Urshifu-Rapid-Strike, M|100/100
|-damage|p2a: Urshifu|94/100|[from] Stealth Rock
|-damage|p2a: Urshifu|78/100|[from] Spikes
|turn|14
|
|t:|1664079187
|move|p2a: Urshifu|Close Combat|p1a: Arctozolt
|-supereffective|p1a: Arctozolt
|-damage|p1a: Arctozolt|0 fnt
|-unboost|p2a: Urshifu|def|1
|-unboost|p2a: Urshifu|spd|1
|faint|p1a: Arctozolt
|
|-fieldend|move: Electric Terrain
|upkeep
|
|t:|1664079192
|switch|p1a: Ninetales|Ninetales-Alola, F|56/100
|-damage|p1a: Ninetales|31/100|[from] Stealth Rock
|-weather|Hail|[from] ability: Snow Warning|[of] p1a: Ninetales
|turn|15
|
|t:|1664079198
|switch|p2a: Hippowdon|Hippowdon, M|36/100
|-damage|p2a: Hippowdon|30/100|[from] Stealth Rock
|-damage|p2a: Hippowdon|14/100|[from] Spikes
|-weather|Sandstorm|[from] ability: Sand Stream|[of] p2a: Hippowdon
|move|p1a: Ninetales|Aurora Veil||[still]
|-fail|p1a: Ninetales
|
|-weather|Sandstorm|[upkeep]
|-damage|p1a: Ninetales|25/100|[from] Sandstorm
|-heal|p2a: Hippowdon|20/100|[from] item: Leftovers
|upkeep
|turn|16
|
|t:|1664079202
|move|p1a: Ninetales|Blizzard|p2a: Hippowdon|[miss]
|-miss|p1a: Ninetales|p2a: Hippowdon
|move|p2a: Hippowdon|Earthquake|p1a: Ninetales
|-damage|p1a: Ninetales|0 fnt
|faint|p1a: Ninetales
|
|-weather|Sandstorm|[upkeep]
|-heal|p2a: Hippowdon|26/100|[from] item: Leftovers
|upkeep
|
|t:|1664079218
|switch|p1a: Blaziken|Blaziken, F|100/100
|-damage|p1a: Blaziken|88/100|[from] Stealth Rock
|turn|17
|
|t:|1664079231
|move|p1a: Blaziken|Close Combat|p2a: Hippowdon
|-damage|p2a: Hippowdon|0 fnt
|-unboost|p1a: Blaziken|def|1
|-unboost|p1a: Blaziken|spd|1
|faint|p2a: Hippowdon
|-damage|p1a: Blaziken|78/100|[from] item: Life Orb
|
|-weather|Sandstorm|[upkeep]
|-damage|p1a: Blaziken|72/100|[from] Sandstorm
|-ability|p1a: Blaziken|Speed Boost|boost
|-boost|p1a: Blaziken|spe|1
|upkeep
|inactive|friedfreak has 120 seconds left.
|c|☆huehuekkk|wtf
|inactive|friedfreak has 90 seconds left.
|c|☆huehuekkk|slowaf
|
|t:|1664079305
|switch|p2a: Urshifu|Urshifu-Rapid-Strike, M|78/100
|-damage|p2a: Urshifu|72/100|[from] Stealth Rock
|-damage|p2a: Urshifu|55/100|[from] Spikes
|turn|18
|
|t:|1664079309
|move|p1a: Blaziken|Thunder Punch|p2a: Urshifu
|-supereffective|p2a: Urshifu
|-damage|p2a: Urshifu|0 fnt
|faint|p2a: Urshifu
|-damage|p1a: Blaziken|62/100|[from] item: Life Orb
|
|-weather|Sandstorm|[upkeep]
|-damage|p1a: Blaziken|56/100|[from] Sandstorm
|-ability|p1a: Blaziken|Speed Boost|boost
|-boost|p1a: Blaziken|spe|1
|upkeep
|
|t:|1664079330
|switch|p2a: Corviknight|Corviknight, F|100/100
|-damage|p2a: Corviknight|88/100|[from] Stealth Rock
|-ability|p2a: Corviknight|Pressure
|turn|19
|
|t:|1664079336
|move|p1a: Blaziken|Swords Dance|p1a: Blaziken
|-boost|p1a: Blaziken|atk|2
|move|p2a: Corviknight|Defog|p1a: Blaziken
|-unboost|p1a: Blaziken|evasion|1
|-sideend|p1: huehuekkk|move: Light Screen
|-sideend|p1: huehuekkk|Stealth Rock|[from] move: Defog|[of] p2a: Corviknight
|-sideend|p2: friedfreak|Spikes|[from] move: Defog|[of] p2a: Corviknight
|-sideend|p2: friedfreak|Stealth Rock|[from] move: Defog|[of] p2a: Corviknight
|
|-weather|none
|-ability|p1a: Blaziken|Speed Boost|boost
|-boost|p1a: Blaziken|spe|1
|upkeep
|turn|20
|c|☆huehuekkk|nice defog
|
|t:|1664079344
|move|p1a: Blaziken|Close Combat|p2a: Corviknight
|-damage|p2a: Corviknight|0 fnt
|-unboost|p1a: Blaziken|def|1
|-unboost|p1a: Blaziken|spd|1
|-damage|p1a: Blaziken|40/100|[from] item: Rocky Helmet|[of] p2a: Corviknight
|faint|p2a: Corviknight
|-damage|p1a: Blaziken|30/100|[from] item: Life Orb
|
|-ability|p1a: Blaziken|Speed Boost|boost
|-boost|p1a: Blaziken|spe|1
|upkeep
|inactive|friedfreak has 90 seconds left.
|
|t:|1664079350
|switch|p2a: Dragapult|Dragapult, M|100/100
|turn|21
|inactive|friedfreak has 90 seconds left.
|
|t:|1664079360
|move|p1a: Blaziken|Earthquake|p2a: Dragapult
|-damage|p2a: Dragapult|0 fnt
|faint|p2a: Dragapult
|-damage|p1a: Blaziken|20/100|[from] item: Life Orb
|
|-ability|p1a: Blaziken|Speed Boost|boost
|-boost|p1a: Blaziken|spe|1
|upkeep
|c|☆huehuekkk|slowaf
|inactive|friedfreak has 90 seconds left.
|-message|friedfreak forfeited.
|
|win|huehuekkk
|raw|huehuekkk's rating: 1584 &rarr; <strong>1613</strong><br />(+29 for winning)
|raw|friedfreak's rating: 1746 &rarr; <strong>1717</strong><br />(-29 for losing)
|l|☆friedfreak
||Ladder isn't responding, score probably updated but might not have (Request timeout).
