|j|☆tanishq1
|j|☆Fifufjfjdi
|t:|1652848167
|gametype|singles
|player|p1|tanishq1|170|1715
|player|p2|Fifufjfjdi|266|1782
|teamsize|p1|6
|teamsize|p2|6
|gen|8
|tier|[Gen 8] OU
|rated|
|rule|Sleep Clause Mod: Limit one foe put to sleep
|rule|Species Clause: Limit one of each Pokémon
|rule|OHKO Clause: OHKO moves are banned
|rule|Evasion Moves Clause: Evasion moves are banned
|rule|Endless Battle Clause: Forcing endless battles is banned
|rule|HP Percentage Mod: HP is shown in percentages
|rule|Dynamax Clause: You cannot dynamax
|clearpoke
|poke|p1|Exploud, M|
|poke|p1|Keldeo-Resolute|
|poke|p1|Weavile, M|
|poke|p1|Landorus-Therian, M|
|poke|p1|Aegislash, M|
|poke|p1|Tornadus-Therian, M|
|poke|p2|Tapu Koko|
|poke|p2|Hippowdon, M|
|poke|p2|Starmie|
|poke|p2|Excadrill, F|
|poke|p2|Ferrothorn, F|
|poke|p2|Dragonite, F|
|teampreview
|inactive|Battle timer is ON: inactive players will automatically lose when time's up. (requested by tanishq1)
|
|t:|1652848181
|start
|switch|p1a: Exploud|Exploud, M, shiny|100/100
|switch|p2a: Hippowdon|Hippowdon, M|100/100
|-weather|Sandstorm|[from] ability: Sand Stream|[of] p2a: Hippowdon
|turn|1
|
|t:|1652848190
|move|p1a: Exploud|Boomburst|p2a: Hippowdon
|-damage|p2a: Hippowdon|28/100
|move|p2a: Hippowdon|Stealth Rock|p1a: Exploud
|-sidestart|p1: tanishq1|move: Stealth Rock
|
|-weather|Sandstorm|[upkeep]
|-damage|p1a: Exploud|94/100|[from] Sandstorm
|-heal|p2a: Hippowdon|34/100|[from] item: Leftovers
|upkeep
|turn|2
|
|t:|1652848193
|switch|p2a: Excadrill|Excadrill, F|100/100
|move|p1a: Exploud|Boomburst|p2a: Excadrill
|-resisted|p2a: Excadrill
|-damage|p2a: Excadrill|35/100
|
|-weather|Sandstorm|[upkeep]
|-damage|p1a: Exploud|88/100|[from] Sandstorm
|upkeep
|turn|3
|
|t:|1652848197
|switch|p1a: Landorus|Landorus-Therian, M|100/100
|-damage|p1a: Landorus|88/100|[from] Stealth Rock
|-ability|p1a: Landorus|Intimidate|boost
|-unboost|p2a: Excadrill|atk|1
|move|p2a: Excadrill|Iron Head|p1a: Landorus
|-damage|p1a: Landorus|45/100
|
|-weather|Sandstorm|[upkeep]
|-heal|p1a: Landorus|51/100|[from] item: Leftovers
|upkeep
|turn|4
|
|t:|1652848201
|move|p2a: Excadrill|Iron Head|p1a: Landorus
|-damage|p1a: Landorus|4/100
|move|p1a: Landorus|Earthquake|p2a: Excadrill
|-supereffective|p2a: Excadrill
|-damage|p2a: Excadrill|0 fnt
|faint|p2a: Excadrill
|
|-weather|Sandstorm|[upkeep]
|-heal|p1a: Landorus|10/100|[from] item: Leftovers
|upkeep
|
|t:|1652848208
|switch|p2a: Starmie|Starmie|100/100
|turn|5
|
|t:|1652848217
|move|p2a: Starmie|Scald|p1a: Landorus
|-supereffective|p1a: Landorus
|-damage|p1a: Landorus|0 fnt
|faint|p1a: Landorus
|
|-weather|none
|upkeep
|
|t:|1652848221
|switch|p1a: Weavile|Weavile, M, shiny|100/100
|-ability|p1a: Weavile|Pressure
|turn|6
|
|t:|1652848223
|switch|p2a: Ferrothorn|Ferrothorn, F|100/100
|move|p1a: Weavile|Knock Off|p2a: Ferrothorn
|-damage|p2a: Ferrothorn|73/100
|-damage|p1a: Weavile|88/100|[from] ability: Iron Barbs|[of] p2a: Ferrothorn
|-enditem|p2a: Ferrothorn|Leftovers|[from] move: Knock Off|[of] p1a: Weavile
|
|upkeep
|turn|7
|
|t:|1652848230
|switch|p1a: Tornadus|Tornadus-Therian, M, shiny|100/100
|move|p2a: Ferrothorn|Leech Seed|p1a: Tornadus
|-start|p1a: Tornadus|move: Leech Seed
|
|-damage|p1a: Tornadus|88/100|[from] Leech Seed|[of] p2a: Ferrothorn
|-heal|p2a: Ferrothorn|86/100|[silent]
|upkeep
|turn|8
|
|t:|1652848232
|switch|p2a: Hippowdon|Hippowdon, M|34/100
|-weather|Sandstorm|[from] ability: Sand Stream|[of] p2a: Hippowdon
|move|p1a: Tornadus|Defog|p2a: Hippowdon
|-unboost|p2a: Hippowdon|evasion|1
|-sideend|p1: tanishq1|Stealth Rock|[from] move: Defog|[of] p1a: Tornadus
|
|-weather|Sandstorm|[upkeep]
|-damage|p1a: Tornadus|82/100|[from] Sandstorm
|-heal|p2a: Hippowdon|40/100|[from] item: Leftovers
|-damage|p1a: Tornadus|70/100|[from] Leech Seed|[of] p2a: Hippowdon
|-heal|p2a: Hippowdon|51/100|[silent]
|upkeep
|turn|9
|
|t:|1652848235
|move|p1a: Tornadus|U-turn|p2a: Hippowdon
|-crit|p2a: Hippowdon
|-damage|p2a: Hippowdon|35/100
|
|t:|1652848237
|switch|p1a: Keldeo|Keldeo-Resolute|100/100|[from]move: U-turn
|move|p2a: Hippowdon|Stealth Rock|p1a: Keldeo
|-sidestart|p1: tanishq1|move: Stealth Rock
|
|-weather|Sandstorm|[upkeep]
|-damage|p1a: Keldeo|94/100|[from] Sandstorm
|-heal|p2a: Hippowdon|41/100|[from] item: Leftovers
|upkeep
|turn|10
|
|t:|1652848242
|move|p1a: Keldeo|Hydro Pump|p2a: Hippowdon
|-supereffective|p2a: Hippowdon
|-crit|p2a: Hippowdon
|-damage|p2a: Hippowdon|0 fnt
|faint|p2a: Hippowdon
|
|-weather|Sandstorm|[upkeep]
|-damage|p1a: Keldeo|88/100|[from] Sandstorm
|upkeep
|j| portmonteau
|
|t:|1652848253
|switch|p2a: Tapu Koko|Tapu Koko|100/100
|-fieldstart|move: Electric Terrain|[from] ability: Electric Surge|[of] p2a: Tapu Koko
|turn|11
|
|t:|1652848255
|switch|p1a: Aegislash|Aegislash, M, shiny|100/100
|-damage|p1a: Aegislash|94/100|[from] Stealth Rock
|move|p2a: Tapu Koko|Thunderbolt|p1a: Aegislash
|-damage|p1a: Aegislash|64/100
|
|-weather|Sandstorm|[upkeep]
|-damage|p2a: Tapu Koko|94/100|[from] Sandstorm
|-heal|p1a: Aegislash|70/100|[from] item: Leftovers
|upkeep
|turn|12
|
|t:|1652848265
|move|p2a: Tapu Koko|Thunderbolt|p1a: Aegislash
|-damage|p1a: Aegislash|44/100
|move|p1a: Aegislash|Toxic|p2a: Tapu Koko
|-status|p2a: Tapu Koko|tox
|
|-weather|none
|-heal|p1a: Aegislash|50/100|[from] item: Leftovers
|-damage|p2a: Tapu Koko|88/100 tox|[from] psn
|upkeep
|turn|13
|
|t:|1652848269
|move|p1a: Aegislash|King's Shield|p1a: Aegislash
|-singleturn|p1a: Aegislash|Protect
|move|p2a: Tapu Koko|Thunderbolt|p1a: Aegislash
|-activate|p1a: Aegislash|move: Protect
|
|-heal|p1a: Aegislash|56/100|[from] item: Leftovers
|-damage|p2a: Tapu Koko|76/100 tox|[from] psn
|upkeep
|turn|14
|
|t:|1652848271
|move|p2a: Tapu Koko|Thunderbolt|p1a: Aegislash
|-damage|p1a: Aegislash|30/100
|-formechange|p1a: Aegislash|Aegislash-Blade||[from] ability: Stance Change
|move|p1a: Aegislash|Shadow Ball|p2a: Tapu Koko
|-damage|p2a: Tapu Koko|27/100 tox
|
|-heal|p1a: Aegislash|37/100|[from] item: Leftovers
|-damage|p2a: Tapu Koko|9/100 tox|[from] psn
|upkeep
|turn|15
|j| WhiteCrow18
|
|t:|1652848282
|-formechange|p1a: Aegislash|Aegislash||[from] ability: Stance Change
|move|p1a: Aegislash|King's Shield|p1a: Aegislash
|-singleturn|p1a: Aegislash|Protect
|move|p2a: Tapu Koko|Thunderbolt|p1a: Aegislash
|-activate|p1a: Aegislash|move: Protect
|
|-heal|p1a: Aegislash|43/100|[from] item: Leftovers
|-damage|p2a: Tapu Koko|0 fnt|[from] psn
|faint|p2a: Tapu Koko
|-fieldend|move: Electric Terrain
|upkeep
|
|t:|1652848285
|switch|p2a: Dragonite|Dragonite, F|100/100
|turn|16
|
|t:|1652848288
|move|p2a: Dragonite|Earthquake|p1a: Aegislash
|-supereffective|p1a: Aegislash
|-damage|p1a: Aegislash|0 fnt
|faint|p1a: Aegislash
|
|upkeep
|
|t:|1652848292
|switch|p1a: Weavile|Weavile, M, shiny|88/100
|-ability|p1a: Weavile|Pressure
|turn|17
|
|t:|1652848295
|switch|p2a: Ferrothorn|Ferrothorn, F|86/100
|move|p1a: Weavile|Triple Axel|p2a: Ferrothorn
|-damage|p2a: Ferrothorn|79/100
|-damage|p1a: Weavile|76/100|[from] ability: Iron Barbs|[of] p2a: Ferrothorn
|-damage|p2a: Ferrothorn|68/100
|-damage|p1a: Weavile|63/100|[from] ability: Iron Barbs|[of] p2a: Ferrothorn
|-hitcount|p2a: Ferrothorn|2
|
|upkeep
|turn|18
|
|t:|1652848302
|switch|p1a: Tornadus|Tornadus-Therian, M, shiny|100/100
|move|p2a: Ferrothorn|Leech Seed|p1a: Tornadus
|-start|p1a: Tornadus|move: Leech Seed
|
|-damage|p1a: Tornadus|88/100|[from] Leech Seed|[of] p2a: Ferrothorn
|-heal|p2a: Ferrothorn|81/100|[silent]
|upkeep
|turn|19
|
|t:|1652848304
|switch|p2a: Starmie|Starmie|100/100
|move|p1a: Tornadus|Defog|p2a: Starmie
|-unboost|p2a: Starmie|evasion|1
|-sideend|p1: tanishq1|Stealth Rock|[from] move: Defog|[of] p1a: Tornadus
|
|-damage|p1a: Tornadus|76/100|[from] Leech Seed|[of] p2a: Starmie
|upkeep
|turn|20
|
|t:|1652848309
|move|p2a: Starmie|Rapid Spin|p1a: Tornadus
|-damage|p1a: Tornadus|67/100
|-boost|p2a: Starmie|spe|1
|move|p1a: Tornadus|U-turn|p2a: Starmie
|-supereffective|p2a: Starmie
|-damage|p2a: Starmie|60/100
|-enditem|p2a: Starmie|Weakness Policy
|-boost|p2a: Starmie|atk|2|[from] item: Weakness Policy
|-boost|p2a: Starmie|spa|2|[from] item: Weakness Policy
|
|t:|1652848318
|switch|p1a: Exploud|Exploud, M, shiny|88/100|[from]move: U-turn
|
|upkeep
|turn|21
|
|t:|1652848321
|move|p2a: Starmie|Scald|p1a: Exploud
|-damage|p1a: Exploud|0 fnt
|faint|p1a: Exploud
|
|upkeep
|
|t:|1652848324
|switch|p1a: Tornadus|Tornadus-Therian, M, shiny|99/100
|turn|22
|
|t:|1652848326
|move|p2a: Starmie|Thunderbolt|p1a: Tornadus
|-supereffective|p1a: Tornadus
|-damage|p1a: Tornadus|0 fnt
|faint|p1a: Tornadus
|
|upkeep
|
|t:|1652848329
|switch|p1a: Weavile|Weavile, M, shiny|63/100
|-ability|p1a: Weavile|Pressure
|turn|23
|
|t:|1652848331
|move|p2a: Starmie|Scald|p1a: Weavile
|-damage|p1a: Weavile|0 fnt
|faint|p1a: Weavile
|
|upkeep
|-message|tanishq1 forfeited.
|
|win|Fifufjfjdi
|raw|tanishq1's rating: 1715 &rarr; <strong>1699</strong><br />(-16 for losing)
|raw|Fifufjfjdi's rating: 1782 &rarr; <strong>1798</strong><br />(+16 for winning)
|l|☆tanishq1
|c| WhiteCrow18|that starmie
|c| WhiteCrow18|damn
|l| WhiteCrow18
|l|☆Fifufjfjdi
|l| portmonteau
|j|☆Fifufjfjdi
|player|p2|Fifufjfjdi|266
