|html|<div class="broadcast-blue"><strong>[Gen 8] OU is currently suspecting Melmetal! For information on how to participate check out the <a href="https://www.smogon.com/forums/threads/np-ss-ou-suspect-process-round-12-monster-mash.3709234/">suspect thread</a>.</strong></div>
|j|☆teamwatershuriken
|j|☆ChandosH
|t:|1666760965
|gametype|singles
|player|p1|teamwatershuriken|101|1620
|player|p2|ChandosH|n-masters|1667
|teamsize|p1|6
|teamsize|p2|6
|gen|8
|tier|[Gen 8] OU
|rated|
|rule|Sleep Clause Mod: Limit one foe put to sleep
|rule|Species Clause: Limit one of each Pokémon
|rule|OHKO Clause: OHKO moves are banned
|rule|Evasion Items Clause: Evasion items are banned
|rule|Evasion Moves Clause: Evasion moves are banned
|rule|Endless Battle Clause: Forcing endless battles is banned
|rule|HP Percentage Mod: HP is shown in percentages
|rule|Dynamax Clause: You cannot dynamax
|clearpoke
|poke|p1|Zapdos|
|poke|p1|Pelipper, F|
|poke|p1|Ferrothorn, F|
|poke|p1|Barraskewda, F|
|poke|p1|Tapu Lele|
|poke|p1|Seismitoad, F|
|poke|p2|Toxapex, F|
|poke|p2|Skarmory, F|
|poke|p2|Clefable, F|
|poke|p2|Tapu Koko|
|poke|p2|Hippowdon, M|
|poke|p2|Reuniclus, M|
|teampreview
|inactive|Battle timer is ON: inactive players will automatically lose when time's up. (requested by teamwatershuriken)
|c|☆ChandosH|Cool
|c|☆ChandosH|rain two times in a row
|
|t:|1666761009
|start
|switch|p1a: Tapu Lele|Tapu Lele|100/100
|switch|p2a: Tapu Koko|Tapu Koko|100/100
|-fieldstart|move: Psychic Terrain|[from] ability: Psychic Surge|[of] p1a: Tapu Lele
|-fieldstart|move: Electric Terrain|[from] ability: Electric Surge|[of] p2a: Tapu Koko
|turn|1
|c|☆teamwatershuriken|You go good agains raing
|c|☆teamwatershuriken|rain
|c|☆ChandosH|for the most part
|c|☆ChandosH|but i havent battled a lele rain yet
|inactive|ChandosH has 120 seconds left.
|
|t:|1666761041
|switch|p2a: Reuniclus|Reuniclus, M|100/100
|move|p1a: Tapu Lele|Moonblast|p2a: Reuniclus
|-damage|p2a: Reuniclus|57/100
|-unboost|p2a: Reuniclus|spa|1
|
|-heal|p2a: Reuniclus|63/100|[from] item: Leftovers
|upkeep
|turn|2
|inactive|teamwatershuriken has 120 seconds left.
|
|t:|1666761056
|move|p1a: Tapu Lele|Moonblast|p2a: Reuniclus
|-damage|p2a: Reuniclus|19/100
|move|p2a: Reuniclus|Recover|p2a: Reuniclus
|-heal|p2a: Reuniclus|69/100
|
|-heal|p2a: Reuniclus|75/100|[from] item: Leftovers
|upkeep
|turn|3
|
|t:|1666761063
|switch|p1a: Ferrothorn|Ferrothorn, F|100/100
|move|p2a: Reuniclus|Recover|p2a: Reuniclus
|-heal|p2a: Reuniclus|100/100
|
|upkeep
|turn|4
|
|t:|1666761073
|switch|p2a: Skarmory|Skarmory, F|100/100
|move|p1a: Ferrothorn|Knock Off|p2a: Skarmory
|-damage|p2a: Skarmory|87/100
|-damage|p1a: Ferrothorn|84/100|[from] item: Rocky Helmet|[of] p2a: Skarmory
|-enditem|p2a: Skarmory|Rocky Helmet|[from] move: Knock Off|[of] p1a: Ferrothorn
|
|-heal|p1a: Ferrothorn|90/100|[from] item: Leftovers
|upkeep
|turn|5
|
|t:|1666761080
|move|p2a: Skarmory|Spikes|p1a: Ferrothorn
|-sidestart|p1: teamwatershuriken|Spikes
|move|p1a: Ferrothorn|Spikes|p2a: Skarmory
|-sidestart|p2: ChandosH|Spikes
|
|-heal|p1a: Ferrothorn|97/100|[from] item: Leftovers
|-fieldend|move: Electric Terrain
|upkeep
|turn|6
|
|t:|1666761090
|move|p2a: Skarmory|Body Press|p1a: Ferrothorn
|-supereffective|p1a: Ferrothorn
|-damage|p1a: Ferrothorn|61/100
|-damage|p2a: Skarmory|74/100|[from] ability: Iron Barbs|[of] p1a: Ferrothorn
|move|p1a: Ferrothorn|Leech Seed|p2a: Skarmory|[miss]
|-miss|p1a: Ferrothorn|p2a: Skarmory
|
|-heal|p1a: Ferrothorn|67/100|[from] item: Leftovers
|upkeep
|turn|7
|
|t:|1666761094
|move|p2a: Skarmory|Spikes|p1a: Ferrothorn
|-sidestart|p1: teamwatershuriken|Spikes
|move|p1a: Ferrothorn|Leech Seed|p2a: Skarmory
|-start|p2a: Skarmory|move: Leech Seed
|
|-heal|p1a: Ferrothorn|73/100|[from] item: Leftovers
|-damage|p2a: Skarmory|62/100|[from] Leech Seed|[of] p1a: Ferrothorn
|-heal|p1a: Ferrothorn|85/100|[silent]
|upkeep
|turn|8
|
|t:|1666761098
|move|p2a: Skarmory|Spikes|p1a: Ferrothorn
|-sidestart|p1: teamwatershuriken|Spikes
|move|p1a: Ferrothorn|Spikes|p2a: Skarmory
|-sidestart|p2: ChandosH|Spikes
|
|-heal|p1a: Ferrothorn|91/100|[from] item: Leftovers
|-damage|p2a: Skarmory|50/100|[from] Leech Seed|[of] p1a: Ferrothorn
|-heal|p1a: Ferrothorn|100/100|[silent]
|upkeep
|turn|9
|
|t:|1666761104
|move|p2a: Skarmory|Roost|p2a: Skarmory
|-heal|p2a: Skarmory|99/100
|-singleturn|p2a: Skarmory|move: Roost
|move|p1a: Ferrothorn|Spikes|p2a: Skarmory
|-sidestart|p2: ChandosH|Spikes
|
|-damage|p2a: Skarmory|88/100|[from] Leech Seed|[of] p1a: Ferrothorn
|upkeep
|turn|10
|
|t:|1666761114
|switch|p2a: Clefable|Clefable, F|100/100
|move|p1a: Ferrothorn|Knock Off|p2a: Clefable
|-resisted|p2a: Clefable
|-damage|p2a: Clefable|91/100
|-enditem|p2a: Clefable|Leftovers|[from] move: Knock Off|[of] p1a: Ferrothorn
|
|upkeep
|turn|11
|
|t:|1666761125
|switch|p1a: Pelipper|Pelipper, F|100/100
|-weather|RainDance|[from] ability: Drizzle|[of] p1a: Pelipper
|move|p2a: Clefable|Calm Mind|p2a: Clefable
|-boost|p2a: Clefable|spa|1
|-boost|p2a: Clefable|spd|1
|
|-weather|RainDance|[upkeep]
|upkeep
|turn|12
|
|t:|1666761146
|move|p2a: Clefable|Moonblast|p1a: Pelipper
|-damage|p1a: Pelipper|35/100
|move|p1a: Pelipper|U-turn|p2a: Clefable
|-resisted|p2a: Clefable
|-damage|p2a: Clefable|87/100
|
|t:|1666761152
|switch|p1a: Barraskewda|Barraskewda, F|100/100|[from]move: U-turn
|-damage|p1a: Barraskewda|76/100|[from] Spikes
|
|-weather|RainDance|[upkeep]
|upkeep
|turn|13
|
|t:|1666761170
|switch|p2a: Toxapex|Toxapex, F|100/100
|-damage|p2a: Toxapex|75/100|[from] Spikes
|move|p1a: Barraskewda|Liquidation|p2a: Toxapex
|-resisted|p2a: Toxapex
|-damage|p2a: Toxapex|47/100
|-damage|p1a: Barraskewda|59/100|[from] item: Rocky Helmet|[of] p2a: Toxapex
|-damage|p1a: Barraskewda|50/100|[from] item: Life Orb
|
|-weather|RainDance|[upkeep]
|upkeep
|turn|14
|
|t:|1666761188
|switch|p1a: Pelipper|Pelipper, F|35/100
|move|p2a: Toxapex|Recover|p2a: Toxapex
|-heal|p2a: Toxapex|97/100
|
|-weather|RainDance|[upkeep]
|upkeep
|turn|15
|
|t:|1666761200
|move|p1a: Pelipper|Roost|p1a: Pelipper
|-heal|p1a: Pelipper|85/100
|-singleturn|p1a: Pelipper|move: Roost
|move|p2a: Toxapex|Knock Off|p1a: Pelipper
|-damage|p1a: Pelipper|74/100
|-enditem|p1a: Pelipper|Damp Rock|[from] move: Knock Off|[of] p2a: Toxapex
|
|-weather|RainDance|[upkeep]
|upkeep
|turn|16
|
|t:|1666761219
|move|p1a: Pelipper|Defog|p2a: Toxapex
|-unboost|p2a: Toxapex|evasion|1
|-sideend|p2: ChandosH|Spikes|[from] move: Defog|[of] p1a: Pelipper
|-sideend|p1: teamwatershuriken|Spikes|[from] move: Defog|[of] p1a: Pelipper
|move|p2a: Toxapex|Scald|p1a: Pelipper
|-resisted|p1a: Pelipper
|-damage|p1a: Pelipper|55/100
|
|-weather|RainDance|[upkeep]
|upkeep
|turn|17
|inactive|ChandosH has 120 seconds left.
|
|t:|1666761250
|move|p1a: Pelipper|Roost|p1a: Pelipper
|-heal|p1a: Pelipper|100/100
|-singleturn|p1a: Pelipper|move: Roost
|move|p2a: Toxapex|Scald|p1a: Pelipper
|-resisted|p1a: Pelipper
|-damage|p1a: Pelipper|82/100
|-status|p1a: Pelipper|brn
|
|-weather|RainDance|[upkeep]
|-damage|p1a: Pelipper|75/100 brn|[from] brn
|upkeep
|turn|18
|inactive|ChandosH has 120 seconds left.
|
|t:|1666761266
|move|p1a: Pelipper|U-turn|p2a: Toxapex
|-resisted|p2a: Toxapex
|-damage|p2a: Toxapex|96/100
|-damage|p1a: Pelipper|59/100 brn|[from] item: Rocky Helmet|[of] p2a: Toxapex
|
|t:|1666761277
|switch|p1a: Ferrothorn|Ferrothorn, F|100/100|[from]move: U-turn
|move|p2a: Toxapex|Scald|p1a: Ferrothorn
|-resisted|p1a: Ferrothorn
|-damage|p1a: Ferrothorn|90/100
|
|-weather|none
|-heal|p1a: Ferrothorn|96/100|[from] item: Leftovers
|upkeep
|turn|19
|inactive|ChandosH has 120 seconds left.
|
|t:|1666761287
|switch|p2a: Skarmory|Skarmory, F|88/100
|move|p1a: Ferrothorn|Knock Off|p2a: Skarmory
|-damage|p2a: Skarmory|79/100
|
|-heal|p1a: Ferrothorn|100/100|[from] item: Leftovers
|upkeep
|turn|20
|
|t:|1666761293
|move|p2a: Skarmory|Spikes|p1a: Ferrothorn
|-sidestart|p1: teamwatershuriken|Spikes
|move|p1a: Ferrothorn|Leech Seed|p2a: Skarmory
|-start|p2a: Skarmory|move: Leech Seed
|
|-damage|p2a: Skarmory|67/100|[from] Leech Seed|[of] p1a: Ferrothorn
|upkeep
|turn|21
|inactive|ChandosH has 120 seconds left.
|
|t:|1666761313
|switch|p1a: Pelipper|Pelipper, F|59/100 brn
|-weather|RainDance|[from] ability: Drizzle|[of] p1a: Pelipper
|move|p2a: Skarmory|Body Press|p1a: Pelipper
|-resisted|p1a: Pelipper
|-damage|p1a: Pelipper|47/100 brn
|
|-weather|RainDance|[upkeep]
|-damage|p2a: Skarmory|54/100|[from] Leech Seed|[of] p1a: Pelipper
|-heal|p1a: Pelipper|59/100 brn|[silent]
|-damage|p1a: Pelipper|53/100 brn|[from] brn
|upkeep
|turn|22
|
|t:|1666761325
|switch|p2a: Tapu Koko|Tapu Koko|100/100
|-fieldstart|move: Electric Terrain|[from] ability: Electric Surge|[of] p2a: Tapu Koko
|move|p1a: Pelipper|Defog|p2a: Tapu Koko
|-unboost|p2a: Tapu Koko|evasion|1
|-sideend|p1: teamwatershuriken|Spikes|[from] move: Defog|[of] p1a: Pelipper
|-fieldend|move: Electric Terrain
|
|-weather|RainDance|[upkeep]
|-damage|p1a: Pelipper|47/100 brn|[from] brn
|upkeep
|turn|23
|
|t:|1666761333
|switch|p1a: Ferrothorn|Ferrothorn, F|100/100
|move|p2a: Tapu Koko|Dazzling Gleam|p1a: Ferrothorn
|-resisted|p1a: Ferrothorn
|-damage|p1a: Ferrothorn|85/100
|
|-weather|RainDance|[upkeep]
|-heal|p1a: Ferrothorn|91/100|[from] item: Leftovers
|upkeep
|turn|24
|
|t:|1666761344
|move|p2a: Tapu Koko|Volt Switch|p1a: Ferrothorn
|-resisted|p1a: Ferrothorn
|-damage|p1a: Ferrothorn|78/100
|
|t:|1666761348
|switch|p2a: Skarmory|Skarmory, F|54/100|[from]move: Volt Switch
|move|p1a: Ferrothorn|Gyro Ball|p2a: Skarmory
|-resisted|p2a: Skarmory
|-damage|p2a: Skarmory|43/100
|
|-weather|RainDance|[upkeep]
|-heal|p1a: Ferrothorn|84/100|[from] item: Leftovers
|upkeep
|turn|25
|
|t:|1666761355
|switch|p1a: Zapdos|Zapdos|100/100
|move|p2a: Skarmory|Roost|p2a: Skarmory
|-heal|p2a: Skarmory|93/100
|-singleturn|p2a: Skarmory|move: Roost
|
|-weather|none
|upkeep
|turn|26
|
|t:|1666761365
|switch|p2a: Hippowdon|Hippowdon, M|100/100
|-weather|Sandstorm|[from] ability: Sand Stream|[of] p2a: Hippowdon
|move|p1a: Zapdos|Thunder|p2a: Hippowdon
|-immune|p2a: Hippowdon
|
|-weather|Sandstorm|[upkeep]
|-damage|p1a: Zapdos|94/100|[from] Sandstorm
|upkeep
|turn|27
|
|t:|1666761373
|switch|p1a: Pelipper|Pelipper, F|47/100 brn
|-weather|RainDance|[from] ability: Drizzle|[of] p1a: Pelipper
|move|p2a: Hippowdon|Stealth Rock|p1a: Pelipper
|-sidestart|p1: teamwatershuriken|move: Stealth Rock
|
|-weather|RainDance|[upkeep]
|-damage|p1a: Pelipper|41/100 brn|[from] brn
|upkeep
|turn|28
|
|t:|1666761383
|switch|p2a: Tapu Koko|Tapu Koko|100/100
|-fieldstart|move: Electric Terrain|[from] ability: Electric Surge|[of] p2a: Tapu Koko
|move|p1a: Pelipper|Roost|p1a: Pelipper
|-heal|p1a: Pelipper|91/100 brn
|-singleturn|p1a: Pelipper|move: Roost
|
|-weather|RainDance|[upkeep]
|-damage|p1a: Pelipper|85/100 brn|[from] brn
|upkeep
|turn|29
|
|t:|1666761401
|switch|p1a: Seismitoad|Seismitoad, F|100/100
|-damage|p1a: Seismitoad|95/100|[from] Stealth Rock
|move|p2a: Tapu Koko|Dazzling Gleam|p1a: Seismitoad
|-damage|p1a: Seismitoad|54/100
|
|-weather|RainDance|[upkeep]
|upkeep
|turn|30
|
|t:|1666761423
|switch|p2a: Hippowdon|Hippowdon, M|100/100
|-weather|Sandstorm|[from] ability: Sand Stream|[of] p2a: Hippowdon
|move|p1a: Seismitoad|Scald|p2a: Hippowdon
|-supereffective|p2a: Hippowdon
|-damage|p2a: Hippowdon|33/100
|-status|p2a: Hippowdon|brn
|-damage|p1a: Seismitoad|44/100|[from] item: Life Orb
|
|-weather|Sandstorm|[upkeep]
|-heal|p2a: Hippowdon|39/100 brn|[from] item: Leftovers
|-damage|p2a: Hippowdon|33/100 brn|[from] brn
|upkeep
|turn|31
|c|☆ChandosH|o
|inactive|ChandosH has 120 seconds left.
|c|☆ChandosH|eh
|c|☆ChandosH|this really puts me in a weird spot lol
|inactive|ChandosH has 90 seconds left.
|
|t:|1666761470
|switch|p2a: Reuniclus|Reuniclus, M|100/100
|move|p1a: Seismitoad|Earth Power|p2a: Reuniclus
|-damage|p2a: Reuniclus|58/100
|-damage|p1a: Seismitoad|34/100|[from] item: Life Orb
|
|-weather|Sandstorm|[upkeep]
|-heal|p2a: Reuniclus|64/100|[from] item: Leftovers
|upkeep
|turn|32
|
|t:|1666761488
|switch|p1a: Pelipper|Pelipper, F|85/100 brn
|-damage|p1a: Pelipper|60/100 brn|[from] Stealth Rock
|-weather|RainDance|[from] ability: Drizzle|[of] p1a: Pelipper
|move|p2a: Reuniclus|Recover|p2a: Reuniclus
|-heal|p2a: Reuniclus|100/100
|
|-weather|RainDance|[upkeep]
|-damage|p1a: Pelipper|54/100 brn|[from] brn
|-fieldend|move: Electric Terrain
|upkeep
|turn|33
|
|t:|1666761498
|move|p1a: Pelipper|Defog|p2a: Reuniclus
|-unboost|p2a: Reuniclus|evasion|1
|-sideend|p1: teamwatershuriken|Stealth Rock|[from] move: Defog|[of] p1a: Pelipper
|move|p2a: Reuniclus|Thunder|p1a: Pelipper
|-supereffective|p1a: Pelipper
|-crit|p1a: Pelipper
|-damage|p1a: Pelipper|0 fnt
|faint|p1a: Pelipper
|
|-weather|RainDance|[upkeep]
|upkeep
|
|t:|1666761500
|switch|p1a: Barraskewda|Barraskewda, F|50/100
|turn|34
|
|t:|1666761506
|switch|p1a: Zapdos|Zapdos|94/100
|switch|p2a: Toxapex|Toxapex, F|100/100
|
|-weather|RainDance|[upkeep]
|upkeep
|turn|35
|inactive|ChandosH has 120 seconds left.
|
|t:|1666761521
|switch|p2a: Hippowdon|Hippowdon, M|33/100 brn
|-weather|Sandstorm|[from] ability: Sand Stream|[of] p2a: Hippowdon
|move|p1a: Zapdos|Hurricane|p2a: Hippowdon
|-damage|p2a: Hippowdon|0 fnt
|faint|p2a: Hippowdon
|
|-weather|Sandstorm|[upkeep]
|-damage|p1a: Zapdos|88/100|[from] Sandstorm
|upkeep
|inactive|ChandosH has 120 seconds left.
|
|t:|1666761528
|switch|p2a: Tapu Koko|Tapu Koko|100/100
|-fieldstart|move: Electric Terrain|[from] ability: Electric Surge|[of] p2a: Tapu Koko
|turn|36
|j| Jongruenwald
|inactive|ChandosH has 120 seconds left.
|
|t:|1666761547
|move|p2a: Tapu Koko|Thunderbolt|p1a: Zapdos
|-damage|p1a: Zapdos|34/100
|move|p1a: Zapdos|Roost|p1a: Zapdos
|-heal|p1a: Zapdos|84/100
|-singleturn|p1a: Zapdos|move: Roost
|
|-weather|Sandstorm|[upkeep]
|-damage|p2a: Tapu Koko|94/100|[from] Sandstorm
|-damage|p1a: Zapdos|77/100|[from] Sandstorm
|upkeep
|turn|37
|inactive|ChandosH has 120 seconds left.
|
|t:|1666761572
|switch|p1a: Ferrothorn|Ferrothorn, F|84/100
|move|p2a: Tapu Koko|Thunderbolt|p1a: Ferrothorn
|-resisted|p1a: Ferrothorn
|-damage|p1a: Ferrothorn|64/100
|
|-weather|Sandstorm|[upkeep]
|-damage|p2a: Tapu Koko|88/100|[from] Sandstorm
|-heal|p1a: Ferrothorn|71/100|[from] item: Leftovers
|upkeep
|turn|38
|inactive|teamwatershuriken has 120 seconds left.
|
|t:|1666761593
|move|p2a: Tapu Koko|Volt Switch|p1a: Ferrothorn
|-resisted|p1a: Ferrothorn
|-damage|p1a: Ferrothorn|54/100
|inactive|ChandosH has 120 seconds left.
|
|t:|1666761616
|switch|p2a: Skarmory|Skarmory, F|93/100|[from]move: Volt Switch
|move|p1a: Ferrothorn|Leech Seed|p2a: Skarmory
|-start|p2a: Skarmory|move: Leech Seed
|
|-weather|Sandstorm|[upkeep]
|-heal|p1a: Ferrothorn|61/100|[from] item: Leftovers
|-damage|p2a: Skarmory|81/100|[from] Leech Seed|[of] p1a: Ferrothorn
|-heal|p1a: Ferrothorn|72/100|[silent]
|upkeep
|turn|39
|inactive|ChandosH has 120 seconds left.
|inactive|teamwatershuriken has 120 seconds left.
|
|t:|1666761638
|switch|p1a: Seismitoad|Seismitoad, F|34/100
|move|p2a: Skarmory|Spikes|p1a: Seismitoad
|-sidestart|p1: teamwatershuriken|Spikes
|
|-weather|none
|-damage|p2a: Skarmory|69/100|[from] Leech Seed|[of] p1a: Seismitoad
|-heal|p1a: Seismitoad|46/100|[silent]
|upkeep
|turn|40
|inactive|teamwatershuriken has 120 seconds left.
|
|t:|1666761654
|switch|p2a: Reuniclus|Reuniclus, M|100/100
|move|p1a: Seismitoad|Earth Power|p2a: Reuniclus
|-damage|p2a: Reuniclus|55/100
|-damage|p1a: Seismitoad|36/100|[from] item: Life Orb
|
|-heal|p2a: Reuniclus|61/100|[from] item: Leftovers
|-fieldend|move: Electric Terrain
|upkeep
|turn|41
|c|☆teamwatershuriken|why youy play those teams
|inactive|teamwatershuriken has 90 seconds left.
|c|☆teamwatershuriken|with 5 defensive pkm
|c|☆teamwatershuriken|with recover
|c|☆ChandosH|cause i want to try a hazard spam team
|c|☆teamwatershuriken|thats not funny
|
|t:|1666761711
|switch|p1a: Tapu Lele|Tapu Lele|100/100
|-damage|p1a: Tapu Lele|88/100|[from] Spikes
|-fieldstart|move: Psychic Terrain|[from] ability: Psychic Surge|[of] p1a: Tapu Lele
|move|p2a: Reuniclus|Recover|p2a: Reuniclus
|-heal|p2a: Reuniclus|100/100
|
|upkeep
|turn|42
|c|☆ChandosH|and clef and reuniclus are offencive
|inactive|teamwatershuriken has 60 seconds left.
|
|t:|1666761732
|move|p1a: Tapu Lele|Moonblast|p2a: Reuniclus
|-damage|p2a: Reuniclus|52/100
|move|p2a: Reuniclus|Recover|p2a: Reuniclus
|-heal|p2a: Reuniclus|100/100
|
|upkeep
|turn|43
|
|t:|1666761743
|switch|p2a: Toxapex|Toxapex, F|100/100
|move|p1a: Tapu Lele|Moonblast|p2a: Toxapex
|-resisted|p2a: Toxapex
|-damage|p2a: Toxapex|81/100
|
|upkeep
|turn|44
|
|t:|1666761757
|switch|p1a: Zapdos|Zapdos|77/100
|move|p2a: Toxapex|Scald|p1a: Zapdos
|-damage|p1a: Zapdos|58/100
|-status|p1a: Zapdos|brn
|
|-damage|p1a: Zapdos|52/100 brn|[from] brn
|upkeep
|turn|45
|
|t:|1666761770
|switch|p2a: Tapu Koko|Tapu Koko|88/100
|-fieldstart|move: Electric Terrain|[from] ability: Electric Surge|[of] p2a: Tapu Koko
|move|p1a: Zapdos|Roost|p1a: Zapdos
|-heal|p1a: Zapdos|100/100 brn
|-singleturn|p1a: Zapdos|move: Roost
|
|-damage|p1a: Zapdos|94/100 brn|[from] brn
|upkeep
|turn|46
|
|t:|1666761780
|move|p2a: Tapu Koko|Thunderbolt|p1a: Zapdos
|-damage|p1a: Zapdos|35/100 brn
|move|p1a: Zapdos|Thunder|p2a: Tapu Koko
|-resisted|p2a: Tapu Koko
|-damage|p2a: Tapu Koko|49/100
|
|-damage|p1a: Zapdos|29/100 brn|[from] brn
|upkeep
|turn|47
|
|t:|1666761787
|switch|p1a: Ferrothorn|Ferrothorn, F|72/100
|-damage|p1a: Ferrothorn|60/100|[from] Spikes
|move|p2a: Tapu Koko|Roost|p2a: Tapu Koko
|-heal|p2a: Tapu Koko|99/100
|-singleturn|p2a: Tapu Koko|move: Roost
|
|-heal|p1a: Ferrothorn|66/100|[from] item: Leftovers
|upkeep
|turn|48
|inactive|teamwatershuriken has 90 seconds left.
|c|☆teamwatershuriken|wtf
|c|☆teamwatershuriken|6 recover pkms
|
|t:|1666761809
|move|p2a: Tapu Koko|Volt Switch|p1a: Ferrothorn
|-resisted|p1a: Ferrothorn
|-damage|p1a: Ferrothorn|51/100
|
|t:|1666761821
|switch|p2a: Skarmory|Skarmory, F|69/100|[from]move: Volt Switch
|move|p1a: Ferrothorn|Gyro Ball|p2a: Skarmory
|-resisted|p2a: Skarmory
|-crit|p2a: Skarmory
|-damage|p2a: Skarmory|52/100
|
|-heal|p1a: Ferrothorn|57/100|[from] item: Leftovers
|upkeep
|turn|49
|
|t:|1666761828
|move|p2a: Skarmory|Roost|p2a: Skarmory
|-heal|p2a: Skarmory|100/100
|-singleturn|p2a: Skarmory|move: Roost
|move|p1a: Ferrothorn|Leech Seed|p2a: Skarmory
|-start|p2a: Skarmory|move: Leech Seed
|
|-heal|p1a: Ferrothorn|63/100|[from] item: Leftovers
|-damage|p2a: Skarmory|88/100|[from] Leech Seed|[of] p1a: Ferrothorn
|-heal|p1a: Ferrothorn|75/100|[silent]
|-fieldend|move: Electric Terrain
|upkeep
|turn|50
|inactive|teamwatershuriken has 90 seconds left.
|
|t:|1666761839
|move|p2a: Skarmory|Spikes|p1a: Ferrothorn
|-sidestart|p1: teamwatershuriken|Spikes
|move|p1a: Ferrothorn|Spikes|p2a: Skarmory
|-sidestart|p2: ChandosH|Spikes
|
|-heal|p1a: Ferrothorn|81/100|[from] item: Leftovers
|-damage|p2a: Skarmory|76/100|[from] Leech Seed|[of] p1a: Ferrothorn
|-heal|p1a: Ferrothorn|93/100|[silent]
|upkeep
|turn|51
|
|t:|1666761849
|move|p2a: Skarmory|Spikes|p1a: Ferrothorn
|-sidestart|p1: teamwatershuriken|Spikes
|move|p1a: Ferrothorn|Spikes|p2a: Skarmory
|-sidestart|p2: ChandosH|Spikes
|
|-heal|p1a: Ferrothorn|99/100|[from] item: Leftovers
|-damage|p2a: Skarmory|64/100|[from] Leech Seed|[of] p1a: Ferrothorn
|-heal|p1a: Ferrothorn|100/100|[silent]
|upkeep
|turn|52
|
|t:|1666761858
|move|p2a: Skarmory|Roost|p2a: Skarmory
|-heal|p2a: Skarmory|100/100
|-singleturn|p2a: Skarmory|move: Roost
|move|p1a: Ferrothorn|Spikes|p2a: Skarmory
|-sidestart|p2: ChandosH|Spikes
|
|-damage|p2a: Skarmory|88/100|[from] Leech Seed|[of] p1a: Ferrothorn
|upkeep
|turn|53
|
|t:|1666761884
|switch|p2a: Clefable|Clefable, F|87/100
|move|p1a: Ferrothorn|Knock Off|p2a: Clefable
|-resisted|p2a: Clefable
|-damage|p2a: Clefable|82/100
|
|upkeep
|turn|54
|inactive|teamwatershuriken has 120 seconds left.
|
|t:|1666761893
|move|p2a: Clefable|Calm Mind|p2a: Clefable
|-boost|p2a: Clefable|spa|1
|-boost|p2a: Clefable|spd|1
|move|p1a: Ferrothorn|Gyro Ball|p2a: Clefable
|-supereffective|p2a: Clefable
|-damage|p2a: Clefable|27/100
|
|upkeep
|turn|55
|inactive|teamwatershuriken has 120 seconds left.
|
|t:|1666761907
|switch|p1a: Tapu Lele|Tapu Lele|88/100
|-damage|p1a: Tapu Lele|63/100|[from] Spikes
|-fieldstart|move: Psychic Terrain|[from] ability: Psychic Surge|[of] p1a: Tapu Lele
|move|p2a: Clefable|Flamethrower|p1a: Tapu Lele
|-damage|p1a: Tapu Lele|34/100
|
|upkeep
|turn|56
|inactive|teamwatershuriken has 120 seconds left.
|
|t:|1666761928
|move|p1a: Tapu Lele|Moonblast|p2a: Clefable
|-damage|p2a: Clefable|0 fnt
|faint|p2a: Clefable
|
|upkeep
|
|t:|1666761936
|switch|p2a: Toxapex|Toxapex, F|100/100
|-damage|p2a: Toxapex|75/100|[from] Spikes
|turn|57
|
|t:|1666761942
|switch|p1a: Ferrothorn|Ferrothorn, F|100/100
|-damage|p1a: Ferrothorn|75/100|[from] Spikes
|move|p2a: Toxapex|Scald|p1a: Ferrothorn
|-resisted|p1a: Ferrothorn
|-damage|p1a: Ferrothorn|68/100
|
|-heal|p1a: Ferrothorn|75/100|[from] item: Leftovers
|upkeep
|turn|58
|inactive|ChandosH has 120 seconds left.
|
|t:|1666761963
|switch|p2a: Reuniclus|Reuniclus, M|100/100
|move|p1a: Ferrothorn|Knock Off|p2a: Reuniclus
|-supereffective|p2a: Reuniclus
|-damage|p2a: Reuniclus|69/100
|-enditem|p2a: Reuniclus|Leftovers|[from] move: Knock Off|[of] p1a: Ferrothorn
|
|-heal|p1a: Ferrothorn|81/100|[from] item: Leftovers
|upkeep
|turn|59
|inactive|teamwatershuriken has 120 seconds left.
|
|t:|1666761996
|switch|p1a: Zapdos|Zapdos|29/100 brn
|move|p2a: Reuniclus|Calm Mind|p2a: Reuniclus
|-boost|p2a: Reuniclus|spa|1
|-boost|p2a: Reuniclus|spd|1
|
|-damage|p1a: Zapdos|23/100 brn|[from] brn
|-fieldend|move: Psychic Terrain
|upkeep
|turn|60
|inactive|teamwatershuriken has 120 seconds left.
|
|t:|1666762006
|move|p1a: Zapdos|Roost|p1a: Zapdos
|-heal|p1a: Zapdos|73/100 brn
|-singleturn|p1a: Zapdos|move: Roost
|move|p2a: Reuniclus|Recover|p2a: Reuniclus
|-heal|p2a: Reuniclus|100/100
|
|-damage|p1a: Zapdos|67/100 brn|[from] brn
|upkeep
|turn|61
|
|t:|1666762016
|switch|p1a: Barraskewda|Barraskewda, F|50/100
|-damage|p1a: Barraskewda|25/100|[from] Spikes
|move|p2a: Reuniclus|Calm Mind|p2a: Reuniclus
|-boost|p2a: Reuniclus|spa|1
|-boost|p2a: Reuniclus|spd|1
|
|upkeep
|turn|62
|
|t:|1666762021
|move|p1a: Barraskewda|Crunch|p2a: Reuniclus
|-supereffective|p2a: Reuniclus
|-damage|p2a: Reuniclus|48/100
|-damage|p1a: Barraskewda|15/100|[from] item: Life Orb
|move|p2a: Reuniclus|Recover|p2a: Reuniclus
|-heal|p2a: Reuniclus|98/100
|
|upkeep
|turn|63
|
|t:|1666762027
|move|p1a: Barraskewda|Crunch|p2a: Reuniclus
|-supereffective|p2a: Reuniclus
|-damage|p2a: Reuniclus|38/100
|-damage|p1a: Barraskewda|5/100|[from] item: Life Orb
|move|p2a: Reuniclus|Recover|p2a: Reuniclus
|-heal|p2a: Reuniclus|88/100
|
|upkeep
|turn|64
|
|t:|1666762032
|move|p1a: Barraskewda|Crunch|p2a: Reuniclus
|-supereffective|p2a: Reuniclus
|-damage|p2a: Reuniclus|28/100
|-damage|p1a: Barraskewda|0 fnt|[from] item: Life Orb
|faint|p1a: Barraskewda
|move|p2a: Reuniclus|Recover|p2a: Reuniclus
|-heal|p2a: Reuniclus|78/100
|
|upkeep
|c|☆teamwatershuriken|bro
|c|☆teamwatershuriken|you win
|c|☆teamwatershuriken|but..
|c|☆teamwatershuriken|that is disgusting
|inactive|teamwatershuriken has 120 seconds left.
|inactiveoff|Battle timer is now OFF.
|c|☆ChandosH|lol
|inactive|Battle timer is ON: inactive players will automatically lose when time's up. (requested by ChandosH)
|inactive|teamwatershuriken has 120 seconds left.
|c|☆ChandosH|sort of the point
|inactive|teamwatershuriken has 90 seconds left.
|inactive|teamwatershuriken has 60 seconds left.
|
|t:|1666762139
|switch|p1a: Ferrothorn|Ferrothorn, F|81/100
|-damage|p1a: Ferrothorn|56/100|[from] Spikes
|turn|65
|inactive|teamwatershuriken has 60 seconds left.
|
|t:|1666762176
|move|p2a: Reuniclus|Calm Mind|p2a: Reuniclus
|-boost|p2a: Reuniclus|spa|1
|-boost|p2a: Reuniclus|spd|1
|move|p1a: Ferrothorn|Knock Off|p2a: Reuniclus
|-supereffective|p2a: Reuniclus
|-damage|p2a: Reuniclus|55/100
|
|-heal|p1a: Ferrothorn|62/100|[from] item: Leftovers
|upkeep
|turn|66
|inactive|teamwatershuriken has 30 seconds left.
|inactive|teamwatershuriken has 20 seconds left.
|
|t:|1666762205
|switch|p1a: Tapu Lele|Tapu Lele|34/100
|-damage|p1a: Tapu Lele|9/100|[from] Spikes
|-fieldstart|move: Psychic Terrain|[from] ability: Psychic Surge|[of] p1a: Tapu Lele
|move|p2a: Reuniclus|Recover|p2a: Reuniclus
|-heal|p2a: Reuniclus|100/100
|
|upkeep
|turn|67
|inactive|teamwatershuriken has 30 seconds left this turn.
|
|t:|1666762216
|move|p1a: Tapu Lele|Moonblast|p2a: Reuniclus
|-damage|p2a: Reuniclus|83/100
|move|p2a: Reuniclus|Psyshock|p1a: Tapu Lele
|-resisted|p1a: Tapu Lele
|-damage|p1a: Tapu Lele|0 fnt
|faint|p1a: Tapu Lele
|
|upkeep
|inactive|teamwatershuriken has 30 seconds left this turn.
|inactive|teamwatershuriken has 20 seconds left.
|
|t:|1666762226
|switch|p1a: Zapdos|Zapdos|67/100 brn
|turn|68
|inactive|teamwatershuriken has 30 seconds left this turn.
|
|t:|1666762236
|move|p1a: Zapdos|Roost|p1a: Zapdos
|-heal|p1a: Zapdos|100/100 brn
|-singleturn|p1a: Zapdos|move: Roost
|move|p2a: Reuniclus|Psyshock|p1a: Zapdos
|-damage|p1a: Zapdos|0 fnt
|faint|p1a: Zapdos
|
|upkeep
|inactive|teamwatershuriken has 30 seconds left this turn.
|
|t:|1666762243
|switch|p1a: Ferrothorn|Ferrothorn, F|62/100
|-damage|p1a: Ferrothorn|37/100|[from] Spikes
|turn|69
|inactive|teamwatershuriken has 30 seconds left.
|inactive|teamwatershuriken has 20 seconds left.
|inactive|teamwatershuriken has 15 seconds left.
|inactive|teamwatershuriken has 10 seconds left.
|inactive|teamwatershuriken has 5 seconds left.
|-message|teamwatershuriken lost due to inactivity.
|
|win|ChandosH
|raw|teamwatershuriken's rating: 1620 &rarr; <strong>1603</strong><br />(-17 for losing)
|raw|ChandosH's rating: 1667 &rarr; <strong>1684</strong><br />(+17 for winning)
|c|☆ChandosH|gg
|l|☆ChandosH
|j|☆ChandosH
|player|p2|ChandosH|n-masters
