|html|<div class="broadcast-blue"><strong>[Gen 8] OU is currently suspecting Melmetal! For information on how to participate check out the <a href="https://www.smogon.com/forums/threads/np-ss-ou-suspect-process-round-12-monster-mash.3709234/">suspect thread</a>.</strong></div>
|j|☆EndercrusherPoke
|j|☆IIIodyne
|inactive|Battle timer is ON: inactive players will automatically lose when time's up.
|t:|1666670597
|gametype|singles
|player|p1|EndercrusherPoke|lucas|
|player|p2|IIIodyne|2|
|teamsize|p1|6
|teamsize|p2|6
|gen|8
|tier|[Gen 8] OU
|rated|Tournament battle
|rule|Sleep Clause Mod: Limit one foe put to sleep
|rule|Species Clause: Limit one of each Pokémon
|rule|OHKO Clause: OHKO moves are banned
|rule|Evasion Items Clause: Evasion items are banned
|rule|Evasion Moves Clause: Evasion moves are banned
|rule|Endless Battle Clause: Forcing endless battles is banned
|rule|HP Percentage Mod: HP is shown in percentages
|rule|Dynamax Clause: You cannot dynamax
|clearpoke
|poke|p1|Tyranitar, F|
|poke|p1|Dragapult, F|
|poke|p1|Zapdos|
|poke|p1|Kartana|
|poke|p1|Garchomp, M|
|poke|p1|Toxapex, F|
|poke|p2|Snorlax, M|
|poke|p2|Suicune|
|poke|p2|Melmetal|
|poke|p2|Victini|
|poke|p2|Landorus-Therian, M|
|poke|p2|Zapdos|
|teampreview
|c|☆EndercrusherPoke|hello again
|c|☆IIIodyne|hello hf
|c|☆EndercrusherPoke|i remember losing to you first match last ou tour i tried XD
|
|t:|1666670624
|start
|switch|p1a: It has Pecs|Toxapex, F|100/100
|switch|p2a: Melmetal|Melmetal|100/100
|turn|1
|c|☆IIIodyne|indeed
|
|t:|1666670631
|move|p2a: Melmetal|Earthquake|p1a: It has Pecs
|-supereffective|p1a: It has Pecs
|-damage|p1a: It has Pecs|50/100
|move|p1a: It has Pecs|Toxic Spikes|p2a: Melmetal
|-sidestart|p2: IIIodyne|move: Toxic Spikes
|
|-heal|p1a: It has Pecs|56/100|[from] item: Black Sludge
|upkeep
|turn|2
|
|t:|1666670640
|move|p2a: Melmetal|Ice Punch|p1a: It has Pecs
|-resisted|p1a: It has Pecs
|-damage|p1a: It has Pecs|45/100
|move|p1a: It has Pecs|Toxic Spikes|p2a: Melmetal
|-sidestart|p2: IIIodyne|move: Toxic Spikes
|
|-heal|p1a: It has Pecs|51/100|[from] item: Black Sludge
|upkeep
|turn|3
|
|t:|1666670647
|move|p2a: Melmetal|Earthquake|p1a: It has Pecs
|-supereffective|p1a: It has Pecs
|-damage|p1a: It has Pecs|0 fnt
|faint|p1a: It has Pecs
|
|upkeep
|
|t:|1666670656
|switch|p1a: Kartana|Kartana|100/100
|turn|4
|
|t:|1666670658
|switch|p2a: Zapdos|Zapdos|100/100
|move|p1a: Kartana|Swords Dance|p1a: Kartana
|-boost|p1a: Kartana|atk|2
|
|upkeep
|turn|5
|
|t:|1666670664
|move|p1a: Kartana|Leaf Blade|p2a: Zapdos
|-resisted|p2a: Zapdos
|-damage|p2a: Zapdos|0 fnt
|faint|p2a: Zapdos
|-ability|p1a: Kartana|Beast Boost|boost
|-boost|p1a: Kartana|atk|1
|-damage|p1a: Kartana|91/100|[from] item: Life Orb
|
|upkeep
|
|t:|1666670670
|switch|p2a: Landorus|Landorus-Therian, M|100/100
|-ability|p2a: Landorus|Intimidate|boost
|-unboost|p1a: Kartana|atk|1
|turn|6
|
|t:|1666670675
|move|p2a: Landorus|Earthquake|p1a: Kartana
|-damage|p1a: Kartana|27/100
|move|p1a: Kartana|Leaf Blade|p2a: Landorus
|-damage|p2a: Landorus|0 fnt
|faint|p2a: Landorus
|-ability|p1a: Kartana|Beast Boost|boost
|-boost|p1a: Kartana|atk|1
|-damage|p1a: Kartana|17/100|[from] item: Life Orb
|
|upkeep
|
|t:|1666670703
|switch|p2a: Snorlax|Snorlax, M|100/100
|-status|p2a: Snorlax|tox
|turn|7
|
|t:|1666670707
|move|p1a: Kartana|Sacred Sword|p2a: Snorlax
|-supereffective|p2a: Snorlax
|-damage|p2a: Snorlax|0 fnt
|faint|p2a: Snorlax
|-ability|p1a: Kartana|Beast Boost|boost
|-boost|p1a: Kartana|atk|1
|-damage|p1a: Kartana|7/100|[from] item: Life Orb
|
|upkeep
|
|t:|1666670710
|switch|p2a: Victini|Victini|100/100
|-status|p2a: Victini|tox
|turn|8
|c|☆IIIodyne|i didn't think zap would get kod... :(
|inactive|IIIodyne has 120 seconds left.
|
|t:|1666670746
|move|p2a: Victini|U-turn|p1a: Kartana
|-damage|p1a: Kartana|0 fnt
|faint|p1a: Kartana
|c|☆IIIodyne|dang bro i knew it had to be adamant
|
|t:|1666670763
|switch|p2a: Melmetal|Melmetal|100/100|[from]move: U-turn
|
|upkeep
|
|t:|1666670769
|switch|p1a: Zapdos|Zapdos, shiny|100/100
|turn|9
|
|t:|1666670772
|switch|p2a: Victini|Victini|100/100 tox
|move|p1a: Zapdos|Discharge|p2a: Victini
|-damage|p2a: Victini|67/100 tox
|
|-damage|p2a: Victini|61/100 tox|[from] psn
|upkeep
|turn|10
|c|☆EndercrusherPoke|it was wierd when i tried it
|
|t:|1666670783
|move|p2a: Victini|V-create|p1a: Zapdos
|-crit|p1a: Zapdos
|-damage|p1a: Zapdos|0 fnt
|-unboost|p2a: Victini|spe|1
|-unboost|p2a: Victini|def|1
|-unboost|p2a: Victini|spd|1
|faint|p1a: Zapdos
|
|-damage|p2a: Victini|49/100 tox|[from] psn
|upkeep
|c|☆EndercrusherPoke|i didnt think it would
|
|t:|1666670790
|switch|p1a: Spike Hands|Garchomp, M|100/100
|turn|11
|c|☆IIIodyne|ye
|
|t:|1666670799
|switch|p2a: Suicune|Suicune|100/100
|-status|p2a: Suicune|tox
|-ability|p2a: Suicune|Pressure
|move|p1a: Spike Hands|Earthquake|p2a: Suicune
|-damage|p2a: Suicune|69/100 tox
|
|-heal|p2a: Suicune|75/100 tox|[from] item: Leftovers
|-damage|p2a: Suicune|69/100 tox|[from] psn
|upkeep
|turn|12
|
|t:|1666670813
|switch|p1a: Baby Yeeter|Dragapult, F, shiny|100/100
|move|p2a: Suicune|Ice Beam|p1a: Baby Yeeter
|-supereffective|p1a: Baby Yeeter
|-damage|p1a: Baby Yeeter|44/100
|
|-heal|p2a: Suicune|75/100 tox|[from] item: Leftovers
|-damage|p2a: Suicune|63/100 tox|[from] psn
|upkeep
|turn|13
|
|t:|1666670819
|switch|p2a: Victini|Victini|49/100 tox
|move|p1a: Baby Yeeter|Draco Meteor|p2a: Victini
|-damage|p2a: Victini|0 fnt
|-unboost|p1a: Baby Yeeter|spa|2
|faint|p2a: Victini
|
|upkeep
|
|t:|1666670831
|switch|p2a: Melmetal|Melmetal|100/100
|turn|14
|
|t:|1666670836
|switch|p1a: Mountain Muncher|Tyranitar, F|100/100
|-weather|Sandstorm|[from] ability: Sand Stream|[of] p1a: Mountain Muncher
|move|p2a: Melmetal|Ice Punch|p1a: Mountain Muncher
|-damage|p1a: Mountain Muncher|67/100
|
|-weather|Sandstorm|[upkeep]
|upkeep
|turn|15
|
|t:|1666670840
|move|p1a: Mountain Muncher|Fire Punch|p2a: Melmetal
|-supereffective|p2a: Melmetal
|-damage|p2a: Melmetal|48/100
|move|p2a: Melmetal|Double Iron Bash|p1a: Mountain Muncher
|-supereffective|p1a: Mountain Muncher
|-damage|p1a: Mountain Muncher|0 fnt
|faint|p1a: Mountain Muncher
|-hitcount|p1: Mountain Muncher|1
|
|-weather|Sandstorm|[upkeep]
|upkeep
|
|t:|1666670843
|switch|p1a: Spike Hands|Garchomp, M|100/100
|turn|16
|
|t:|1666670848
|switch|p2a: Suicune|Suicune|63/100 tox
|-ability|p2a: Suicune|Pressure
|move|p1a: Spike Hands|Earthquake|p2a: Suicune
|-damage|p2a: Suicune|29/100 tox
|
|-weather|Sandstorm|[upkeep]
|-damage|p2a: Suicune|23/100 tox|[from] Sandstorm
|-heal|p2a: Suicune|29/100 tox|[from] item: Leftovers
|-damage|p2a: Suicune|23/100 tox|[from] psn
|upkeep
|turn|17
|
|t:|1666670856
|move|p1a: Spike Hands|Crunch|p2a: Suicune
|-damage|p2a: Suicune|5/100 tox
|move|p2a: Suicune|Rest|p2a: Suicune
|-status|p2a: Suicune|slp|[from] move: Rest
|-heal|p2a: Suicune|100/100 slp|[silent]
|
|-weather|Sandstorm|[upkeep]
|-damage|p2a: Suicune|94/100 slp|[from] Sandstorm
|-heal|p2a: Suicune|100/100 slp|[from] item: Leftovers
|upkeep
|turn|18
|
|t:|1666670862
|move|p1a: Spike Hands|Swords Dance|p1a: Spike Hands
|-boost|p1a: Spike Hands|atk|2
|cant|p2a: Suicune|slp
|
|-weather|none
|upkeep
|turn|19
|
|t:|1666670864
|move|p1a: Spike Hands|Swords Dance|p1a: Spike Hands
|-boost|p1a: Spike Hands|atk|2
|cant|p2a: Suicune|slp
|
|upkeep
|turn|20
|
|t:|1666670870
|move|p1a: Spike Hands|Earthquake|p2a: Suicune
|-damage|p2a: Suicune|0 fnt
|faint|p2a: Suicune
|
|upkeep
|c|☆IIIodyne|is that adamant too?
|c|☆EndercrusherPoke|might be i gotta check
|c|☆IIIodyne|probably
|c|☆EndercrusherPoke|yeah it is
|inactive|IIIodyne has 120 seconds left.
|c|☆IIIodyne|i have suicune to live +3 jolly garchomp and zap to live +2 jolly kartana
|c|☆IIIodyne|:/
|c|☆EndercrusherPoke|ah
|
|t:|1666670922
|switch|p2a: Melmetal|Melmetal|48/100
|turn|21
|c|☆EndercrusherPoke|i decided to go heavy attack stat
|c|☆IIIodyne|gg
|c|☆IIIodyne|ye
|c|☆EndercrusherPoke|gg
|
|t:|1666670933
|move|p1a: Spike Hands|Earthquake|p2a: Melmetal
|-supereffective|p2a: Melmetal
|-damage|p2a: Melmetal|0 fnt
|faint|p2a: Melmetal
|
|win|EndercrusherPoke
|n|☆EndercrusherPoke|endercrusherpoke
|n|☆IIIodyne|iiiodyne
|l|☆IIIodyne
