|raw|<div class="broadcast-blue"><strong>This battle is required to be public due to a player having a name starting with 'lt91bb'.</div>
|j|☆Juyen RPPLF
|j|☆LT91BB stareal
|t:|1659349282
|gametype|singles
|player|p1|Juyen RPPLF|hilbert|1841
|player|p2|LT91BB stareal|169|1943
|teamsize|p1|6
|teamsize|p2|6
|gen|8
|tier|[Gen 8] OU
|rated|
|rule|Sleep Clause Mod: Limit one foe put to sleep
|rule|Species Clause: Limit one of each Pokémon
|rule|OHKO Clause: OHKO moves are banned
|rule|Evasion Moves Clause: Evasion moves are banned
|rule|Endless Battle Clause: Forcing endless battles is banned
|rule|HP Percentage Mod: HP is shown in percentages
|rule|Dynamax Clause: You cannot dynamax
|clearpoke
|poke|p1|Landorus-Therian, M|
|poke|p1|Volcarona, M|
|poke|p1|Conkeldurr, F|
|poke|p1|Melmetal|
|poke|p1|Tapu Koko|
|poke|p1|Starmie|
|poke|p2|Pelipper, M|
|poke|p2|Volcanion|
|poke|p2|Ferrothorn, M|
|poke|p2|Seismitoad, M|
|poke|p2|Barraskewda, F|
|poke|p2|Zapdos|
|teampreview
|inactive|Battle timer is ON: inactive players will automatically lose when time's up. (requested by LT91BB stareal)
|
|t:|1659349289
|start
|switch|p1a: Starmie|Starmie|100/100
|switch|p2a: Pelipper|Pelipper, M, shiny|100/100
|-weather|RainDance|[from] ability: Drizzle|[of] p2a: Pelipper
|turn|1
|
|t:|1659349296
|switch|p2a: Ferrothorn|Ferrothorn, M, shiny|100/100
|move|p1a: Starmie|Hydro Pump|p2a: Ferrothorn|[miss]
|-miss|p1a: Starmie|p2a: Ferrothorn
|
|-weather|RainDance|[upkeep]
|upkeep
|turn|2
|
|t:|1659349301
|switch|p1a: Landorus|Landorus-Therian, M|100/100
|-ability|p1a: Landorus|Intimidate|boost
|-unboost|p2a: Ferrothorn|atk|1
|move|p2a: Ferrothorn|Stealth Rock|p1a: Landorus
|-sidestart|p1: Juyen RPPLF|move: Stealth Rock
|
|-weather|RainDance|[upkeep]
|upkeep
|turn|3
|
|t:|1659349305
|switch|p2a: Zapdos|Zapdos|100/100
|move|p1a: Landorus|Stealth Rock|p2a: Zapdos
|-sidestart|p2: LT91BB stareal|move: Stealth Rock
|
|-weather|RainDance|[upkeep]
|upkeep
|turn|4
|
|t:|1659349310
|move|p2a: Zapdos|Hurricane|p1a: Landorus
|-damage|p1a: Landorus|28/100
|move|p1a: Landorus|Toxic|p2a: Zapdos
|-status|p2a: Zapdos|tox
|
|-weather|RainDance|[upkeep]
|-damage|p2a: Zapdos|94/100 tox|[from] psn
|upkeep
|turn|5
|
|t:|1659349317
|switch|p1a: Tapu Koko|Tapu Koko|100/100
|-fieldstart|move: Electric Terrain|[from] ability: Electric Surge|[of] p1a: Tapu Koko
|move|p2a: Zapdos|Hurricane|p1a: Tapu Koko
|-resisted|p1a: Tapu Koko
|-damage|p1a: Tapu Koko|34/100
|
|-weather|RainDance|[upkeep]
|-damage|p2a: Zapdos|82/100 tox|[from] psn
|upkeep
|turn|6
|
|t:|1659349322
|move|p1a: Tapu Koko|U-turn|p2a: Zapdos
|-resisted|p2a: Zapdos
|-damage|p2a: Zapdos|72/100 tox
|
|t:|1659349324
|switch|p1a: Melmetal|Melmetal|100/100|[from]move: U-turn
|-damage|p1a: Melmetal|94/100|[from] Stealth Rock
|move|p2a: Zapdos|Hurricane|p1a: Melmetal
|-resisted|p1a: Melmetal
|-damage|p1a: Melmetal|61/100
|
|-weather|RainDance|[upkeep]
|-heal|p1a: Melmetal|68/100|[from] item: Leftovers
|-damage|p2a: Zapdos|54/100 tox|[from] psn
|upkeep
|turn|7
|
|t:|1659349327
|switch|p2a: Ferrothorn|Ferrothorn, M, shiny|100/100
|-damage|p2a: Ferrothorn|95/100|[from] Stealth Rock
|move|p1a: Melmetal|Ice Punch|p2a: Ferrothorn
|-damage|p2a: Ferrothorn|73/100
|-damage|p1a: Melmetal|55/100|[from] ability: Iron Barbs|[of] p2a: Ferrothorn
|-enditem|p2a: Ferrothorn|Eject Button
|
|t:|1659349329
|switch|p2a: Volcanion|Volcanion|100/100
|-damage|p2a: Volcanion|76/100|[from] Stealth Rock
|
|-weather|RainDance|[upkeep]
|-heal|p1a: Melmetal|61/100|[from] item: Leftovers
|upkeep
|turn|8
|j| SKIP THE DRIP
|l| SKIP THE DRIP
|
|t:|1659349335
|switch|p1a: Landorus|Landorus-Therian, M|28/100
|-damage|p1a: Landorus|16/100|[from] Stealth Rock
|-ability|p1a: Landorus|Intimidate|boost
|-unboost|p2a: Volcanion|atk|1
|move|p2a: Volcanion|Steam Eruption|p1a: Landorus
|-supereffective|p1a: Landorus
|-damage|p1a: Landorus|0 fnt
|faint|p1a: Landorus
|
|-weather|none
|upkeep
|j| Alonge
|
|t:|1659349340
|switch|p1a: Starmie|Starmie|100/100
|-damage|p1a: Starmie|88/100|[from] Stealth Rock
|turn|9
|j| maeve68
|
|t:|1659349347
|switch|p2a: Ferrothorn|Ferrothorn, M, shiny|73/100
|-damage|p2a: Ferrothorn|67/100|[from] Stealth Rock
|move|p1a: Starmie|Psychic|p2a: Ferrothorn
|-resisted|p2a: Ferrothorn
|-damage|p2a: Ferrothorn|48/100
|
|-fieldend|move: Electric Terrain
|upkeep
|turn|10
|
|t:|1659349352
|switch|p1a: Volcarona|Volcarona, M|100/100
|move|p2a: Ferrothorn|Leech Seed|p1a: Volcarona|[miss]
|-miss|p2a: Ferrothorn|p1a: Volcarona
|
|upkeep
|turn|11
|j| LT91BB PDC
|
|t:|1659349357
|switch|p2a: Pelipper|Pelipper, M, shiny|100/100
|-damage|p2a: Pelipper|76/100|[from] Stealth Rock
|-weather|RainDance|[from] ability: Drizzle|[of] p2a: Pelipper
|move|p1a: Volcarona|Quiver Dance|p1a: Volcarona
|-boost|p1a: Volcarona|spa|1
|-boost|p1a: Volcarona|spd|1
|-boost|p1a: Volcarona|spe|1
|
|-weather|RainDance|[upkeep]
|upkeep
|turn|12
|j| Lunarr
|j| LT91BB Empo
|l| maeve68
|
|t:|1659349386
|switch|p2a: Volcanion|Volcanion|76/100
|-damage|p2a: Volcanion|51/100|[from] Stealth Rock
|move|p1a: Volcarona|Psychic|p2a: Volcanion
|-damage|p2a: Volcanion|0 fnt
|faint|p2a: Volcanion
|
|-weather|RainDance|[upkeep]
|upkeep
|
|t:|1659349388
|switch|p2a: Barraskewda|Barraskewda, F|100/100
|-damage|p2a: Barraskewda|88/100|[from] Stealth Rock
|turn|13
|
|t:|1659349399
|move|p2a: Barraskewda|Flip Turn|p1a: Volcarona
|-supereffective|p1a: Volcarona
|-damage|p1a: Volcarona|0 fnt
|faint|p1a: Volcarona
|j| Chiharu haru
|
|t:|1659349407
|switch|p2a: Seismitoad|Seismitoad, M, shiny|100/100|[from]move: Flip Turn
|-damage|p2a: Seismitoad|94/100|[from] Stealth Rock
|
|-weather|RainDance|[upkeep]
|upkeep
|
|t:|1659349413
|switch|p1a: Starmie|Starmie|88/100
|-damage|p1a: Starmie|76/100|[from] Stealth Rock
|turn|14
|
|t:|1659349417
|move|p2a: Seismitoad|Knock Off|p1a: Starmie
|-supereffective|p1a: Starmie
|-damage|p1a: Starmie|0 fnt
|-enditem|p1a: Starmie|Choice Scarf|[from] move: Knock Off|[of] p2a: Seismitoad
|faint|p1a: Starmie
|-damage|p2a: Seismitoad|84/100|[from] item: Life Orb
|
|-weather|RainDance|[upkeep]
|upkeep
|
|t:|1659349424
|switch|p1a: Conkeldurr|Conkeldurr, F|100/100
|-damage|p1a: Conkeldurr|94/100|[from] Stealth Rock
|turn|15
|
|t:|1659349428
|move|p2a: Seismitoad|Liquidation|p1a: Conkeldurr
|-damage|p1a: Conkeldurr|26/100
|-unboost|p1a: Conkeldurr|def|1
|-damage|p2a: Seismitoad|74/100|[from] item: Life Orb
|move|p1a: Conkeldurr|Drain Punch|p2a: Seismitoad
|-damage|p2a: Seismitoad|22/100
|-heal|p1a: Conkeldurr|50/100|[from] drain|[of] p2a: Seismitoad
|
|-weather|RainDance|[upkeep]
|-status|p1a: Conkeldurr|brn|[from] item: Flame Orb
|upkeep
|turn|16
|
|t:|1659349436
|switch|p2a: Ferrothorn|Ferrothorn, M, shiny|48/100
|-damage|p2a: Ferrothorn|42/100|[from] Stealth Rock
|move|p1a: Conkeldurr|Mach Punch|p2a: Ferrothorn
|-supereffective|p2a: Ferrothorn
|-damage|p2a: Ferrothorn|0 fnt
|-damage|p1a: Conkeldurr|38/100 brn|[from] ability: Iron Barbs|[of] p2a: Ferrothorn
|faint|p2a: Ferrothorn
|
|-weather|RainDance|[upkeep]
|-damage|p1a: Conkeldurr|32/100 brn|[from] brn
|upkeep
|
|t:|1659349439
|switch|p2a: Zapdos|Zapdos|54/100 tox
|-damage|p2a: Zapdos|29/100 tox|[from] Stealth Rock
|turn|17
|
|t:|1659349448
|switch|p1a: Tapu Koko|Tapu Koko|34/100
|-fieldstart|move: Electric Terrain|[from] ability: Electric Surge|[of] p1a: Tapu Koko
|move|p2a: Zapdos|Volt Switch|p1a: Tapu Koko
|-resisted|p1a: Tapu Koko
|-damage|p1a: Tapu Koko|0 fnt
|faint|p1a: Tapu Koko
|
|t:|1659349455
|switch|p2a: Barraskewda|Barraskewda, F|88/100|[from]move: Volt Switch
|-damage|p2a: Barraskewda|76/100|[from] Stealth Rock
|
|-weather|RainDance|[upkeep]
|upkeep
|
|t:|1659349464
|switch|p1a: Melmetal|Melmetal|61/100
|-damage|p1a: Melmetal|55/100|[from] Stealth Rock
|turn|18
|
|t:|1659349467
|move|p2a: Barraskewda|Flip Turn|p1a: Melmetal
|-damage|p1a: Melmetal|15/100
|
|t:|1659349469
|switch|p2a: Zapdos|Zapdos|29/100 tox|[from]move: Flip Turn
|-damage|p2a: Zapdos|4/100 tox|[from] Stealth Rock
|move|p1a: Melmetal|Thunder Punch|p2a: Zapdos
|-damage|p2a: Zapdos|0 fnt
|faint|p2a: Zapdos
|
|-weather|none
|-heal|p1a: Melmetal|22/100|[from] item: Leftovers
|upkeep
|
|t:|1659349474
|switch|p2a: Pelipper|Pelipper, M, shiny|76/100
|-damage|p2a: Pelipper|51/100|[from] Stealth Rock
|-weather|RainDance|[from] ability: Drizzle|[of] p2a: Pelipper
|turn|19
|
|t:|1659349478
|move|p2a: Pelipper|Scald|p1a: Melmetal
|-damage|p1a: Melmetal|0 fnt
|faint|p1a: Melmetal
|
|-weather|RainDance|[upkeep]
|upkeep
|
|t:|1659349483
|switch|p1a: Conkeldurr|Conkeldurr, F|32/100 brn
|-damage|p1a: Conkeldurr|26/100 brn|[from] Stealth Rock
|turn|20
|
|t:|1659349485
|move|p1a: Conkeldurr|Facade|p2a: Pelipper
|-damage|p2a: Pelipper|0 fnt
|faint|p2a: Pelipper
|
|-weather|RainDance|[upkeep]
|-damage|p1a: Conkeldurr|20/100 brn|[from] brn
|upkeep
|
|t:|1659349487
|switch|p2a: Barraskewda|Barraskewda, F|76/100
|-damage|p2a: Barraskewda|64/100|[from] Stealth Rock
|turn|21
|
|t:|1659349490
|move|p2a: Barraskewda|Aqua Jet|p1a: Conkeldurr
|-damage|p1a: Conkeldurr|0 fnt
|faint|p1a: Conkeldurr
|
|win|LT91BB stareal
|raw|Juyen RPPLF's rating: 1841 &rarr; <strong>1827</strong><br />(-14 for losing)
|raw|LT91BB stareal's rating: 1943 &rarr; <strong>1957</strong><br />(+14 for winning)
|l|☆LT91BB stareal
