|j|☆i know im horrible
|j|☆LT71LX Allistair
|t:|1635346322
|gametype|singles
|player|p1|i know im horrible|266|1693
|player|p2|LT71LX Allistair|102|1681
|teamsize|p1|6
|teamsize|p2|6
|gen|8
|tier|[Gen 8] OU
|rated|
|rule|Sleep Clause Mod: Limit one foe put to sleep
|rule|Species Clause: Limit one of each Pokémon
|rule|OHKO Clause: OHKO moves are banned
|rule|Evasion Moves Clause: Evasion moves are banned
|rule|Endless Battle Clause: Forcing endless battles is banned
|rule|HP Percentage Mod: HP is shown in percentages
|rule|Dynamax Clause: You cannot dynamax
|clearpoke
|poke|p1|Landorus-Therian, M|
|poke|p1|Excadrill, M|
|poke|p1|Tyranitar, F|
|poke|p1|Hippowdon, F|
|poke|p1|Ferrothorn, F|
|poke|p1|Tapu Fini|
|poke|p2|Mew|
|poke|p2|Tapu Fini|
|poke|p2|Slurpuff, F|
|poke|p2|Nidoking, M|
|poke|p2|Buzzwole|
|poke|p2|Blacephalon|
|teampreview
|j| ndhbzzzz
|
|t:|1635346332
|start
|switch|p1a: Tapu Fini|Tapu Fini|100/100
|switch|p2a: Blacephalon|Blacephalon|100/100
|-fieldstart|move: Misty Terrain|[from] ability: Misty Surge|[of] p1a: Tapu Fini
|turn|1
|
|t:|1635346338
|switch|p2a: Nidoking|Nidoking, M|100/100
|move|p1a: Tapu Fini|Moonblast|p2a: Nidoking
|-resisted|p2a: Nidoking
|-crit|p2a: Nidoking
|-damage|p2a: Nidoking|66/100
|
|upkeep
|turn|2
|j| kaoruoshima66
|
|t:|1635346343
|switch|p1a: Tyranitar|Tyranitar, F|100/100
|-weather|Sandstorm|[from] ability: Sand Stream|[of] p1a: Tyranitar
|move|p2a: Nidoking|Stealth Rock|p1a: Tyranitar
|-sidestart|p1: i know im horrible|move: Stealth Rock
|
|-weather|Sandstorm|[upkeep]
|upkeep
|turn|3
|
|t:|1635346349
|move|p2a: Nidoking|Taunt|p1a: Tyranitar
|-start|p1a: Tyranitar|move: Taunt
|move|p1a: Tyranitar|Ice Beam|p2a: Nidoking
|-supereffective|p2a: Nidoking
|-damage|p2a: Nidoking|14/100
|
|-weather|Sandstorm|[upkeep]
|upkeep
|turn|4
|
|t:|1635346355
|move|p2a: Nidoking|Earth Power|p1a: Tyranitar
|-supereffective|p1a: Tyranitar
|-damage|p1a: Tyranitar|54/100
|move|p1a: Tyranitar|Flamethrower|p2a: Nidoking
|-crit|p2a: Nidoking
|-damage|p2a: Nidoking|0 fnt
|faint|p2a: Nidoking
|
|-weather|Sandstorm|[upkeep]
|upkeep
|
|t:|1635346368
|switch|p2a: Tapu Fini|Tapu Fini|100/100
|turn|5
|
|t:|1635346372
|switch|p2a: Blacephalon|Blacephalon|100/100
|switch|p1a: Tapu Fini|Tapu Fini|100/100
|-damage|p1a: Tapu Fini|88/100|[from] Stealth Rock
|
|-weather|Sandstorm|[upkeep]
|-damage|p1a: Tapu Fini|82/100|[from] Sandstorm
|-damage|p2a: Blacephalon|94/100|[from] Sandstorm
|-fieldend|Misty Terrain
|upkeep
|turn|6
|
|t:|1635346385
|switch|p2a: Tapu Fini|Tapu Fini|100/100
|-fieldstart|move: Misty Terrain|[from] ability: Misty Surge|[of] p2a: Tapu Fini
|move|p1a: Tapu Fini|Defog|p2a: Tapu Fini
|-unboost|p2a: Tapu Fini|evasion|1
|-sideend|p1: i know im horrible|Stealth Rock|[from] move: Defog|[of] p1a: Tapu Fini
|-fieldend|Misty Terrain
|
|-weather|none
|upkeep
|turn|7
|
|t:|1635346392
|switch|p1a: Tyranitar|Tyranitar, F|54/100
|-weather|Sandstorm|[from] ability: Sand Stream|[of] p1a: Tyranitar
|switch|p2a: Slurpuff|Slurpuff, F|100/100
|
|-weather|Sandstorm|[upkeep]
|-damage|p2a: Slurpuff|94/100|[from] Sandstorm
|upkeep
|turn|8
|
|t:|1635346395
|move|p2a: Slurpuff|Sticky Web|p1a: Tyranitar
|-sidestart|p1: i know im horrible|move: Sticky Web
|move|p1a: Tyranitar|Thunder Wave|p2a: Slurpuff
|-status|p2a: Slurpuff|par
|
|-weather|Sandstorm|[upkeep]
|-damage|p2a: Slurpuff|88/100 par|[from] Sandstorm
|upkeep
|turn|9
|
|t:|1635346399
|move|p1a: Tyranitar|Taunt|p2a: Slurpuff
|-start|p2a: Slurpuff|move: Taunt
|move|p2a: Slurpuff|Misty Explosion|p1a: Tyranitar
|-supereffective|p1a: Tyranitar
|-damage|p1a: Tyranitar|28/100
|faint|p2a: Slurpuff
|-enditem|p1a: Tyranitar|Eject Button
|
|t:|1635346411
|switch|p1a: Tapu Fini|Tapu Fini|82/100
|-activate|p1a: Tapu Fini|move: Sticky Web
|-unboost|p1a: Tapu Fini|spe|1
|-fieldstart|move: Misty Terrain|[from] ability: Misty Surge|[of] p1a: Tapu Fini
|
|-weather|Sandstorm|[upkeep]
|-damage|p1a: Tapu Fini|76/100|[from] Sandstorm
|upkeep
|
|t:|1635346415
|switch|p2a: Tapu Fini|Tapu Fini|100/100
|turn|10
|
|t:|1635346418
|move|p2a: Tapu Fini|Taunt|p1a: Tapu Fini
|-start|p1a: Tapu Fini|move: Taunt
|cant|p1a: Tapu Fini|move: Taunt|Trick
|
|-weather|Sandstorm|[upkeep]
|-damage|p2a: Tapu Fini|94/100|[from] Sandstorm
|-damage|p1a: Tapu Fini|70/100|[from] Sandstorm
|-heal|p2a: Tapu Fini|100/100|[from] item: Leftovers
|upkeep
|turn|11
|
|t:|1635346422
|switch|p1a: Tyranitar|Tyranitar, F|28/100
|-activate|p1a: Tyranitar|move: Sticky Web
|-unboost|p1a: Tyranitar|spe|1
|move|p2a: Tapu Fini|Surf|p1a: Tyranitar
|-supereffective|p1a: Tyranitar
|-damage|p1a: Tyranitar|0 fnt
|faint|p1a: Tyranitar
|
|-weather|none
|upkeep
|
|t:|1635346442
|switch|p1a: Hippowdon|Hippowdon, F|100/100
|-activate|p1a: Hippowdon|move: Sticky Web
|-unboost|p1a: Hippowdon|spe|1
|-weather|Sandstorm|[from] ability: Sand Stream|[of] p1a: Hippowdon
|turn|12
|
|t:|1635346445
|move|p2a: Tapu Fini|Taunt|p1a: Hippowdon
|-start|p1a: Hippowdon|move: Taunt
|cant|p1a: Hippowdon|move: Taunt|Whirlwind
|
|-weather|Sandstorm|[upkeep]
|-damage|p2a: Tapu Fini|94/100|[from] Sandstorm
|-heal|p2a: Tapu Fini|100/100|[from] item: Leftovers
|upkeep
|turn|13
|
|t:|1635346451
|move|p2a: Tapu Fini|Surf|p1a: Hippowdon
|-supereffective|p1a: Hippowdon
|-damage|p1a: Hippowdon|16/100
|-enditem|p1a: Hippowdon|Eject Button
|
|t:|1635346457
|switch|p1a: Tapu Fini|Tapu Fini|70/100
|-activate|p1a: Tapu Fini|move: Sticky Web
|-unboost|p1a: Tapu Fini|spe|1
|
|-weather|Sandstorm|[upkeep]
|-damage|p2a: Tapu Fini|94/100|[from] Sandstorm
|-damage|p1a: Tapu Fini|64/100|[from] Sandstorm
|-heal|p2a: Tapu Fini|100/100|[from] item: Leftovers
|-fieldend|Misty Terrain
|upkeep
|turn|14
|
|t:|1635346461
|move|p2a: Tapu Fini|Taunt|p1a: Tapu Fini
|-start|p1a: Tapu Fini|move: Taunt
|move|p1a: Tapu Fini|Moonblast|p2a: Tapu Fini
|-damage|p2a: Tapu Fini|68/100
|
|-weather|Sandstorm|[upkeep]
|-damage|p2a: Tapu Fini|62/100|[from] Sandstorm
|-damage|p1a: Tapu Fini|57/100|[from] Sandstorm
|-heal|p2a: Tapu Fini|68/100|[from] item: Leftovers
|upkeep
|turn|15
|
|t:|1635346466
|move|p2a: Tapu Fini|Calm Mind|p2a: Tapu Fini
|-boost|p2a: Tapu Fini|spa|1
|-boost|p2a: Tapu Fini|spd|1
|move|p1a: Tapu Fini|Moonblast|p2a: Tapu Fini
|-damage|p2a: Tapu Fini|47/100
|
|-weather|Sandstorm|[upkeep]
|-damage|p2a: Tapu Fini|41/100|[from] Sandstorm
|-damage|p1a: Tapu Fini|51/100|[from] Sandstorm
|-heal|p2a: Tapu Fini|47/100|[from] item: Leftovers
|upkeep
|turn|16
|
|t:|1635346468
|move|p2a: Tapu Fini|Draining Kiss|p1a: Tapu Fini
|-damage|p1a: Tapu Fini|26/100
|-heal|p2a: Tapu Fini|70/100|[from] drain|[of] p1a: Tapu Fini
|move|p1a: Tapu Fini|Moonblast|p2a: Tapu Fini
|-damage|p2a: Tapu Fini|52/100
|
|-weather|none
|-heal|p2a: Tapu Fini|58/100|[from] item: Leftovers
|-end|p1a: Tapu Fini|move: Taunt
|upkeep
|turn|17
|
|t:|1635346474
|switch|p1a: Hippowdon|Hippowdon, F|16/100
|-activate|p1a: Hippowdon|move: Sticky Web
|-unboost|p1a: Hippowdon|spe|1
|-weather|Sandstorm|[from] ability: Sand Stream|[of] p1a: Hippowdon
|move|p2a: Tapu Fini|Taunt|p1a: Hippowdon
|-start|p1a: Hippowdon|move: Taunt
|
|-weather|Sandstorm|[upkeep]
|-damage|p2a: Tapu Fini|52/100|[from] Sandstorm
|-heal|p2a: Tapu Fini|58/100|[from] item: Leftovers
|upkeep
|turn|18
|
|t:|1635346477
|move|p2a: Tapu Fini|Draining Kiss|p1a: Hippowdon
|-damage|p1a: Hippowdon|0 fnt
|-heal|p2a: Tapu Fini|75/100|[from] drain|[of] p1a: Hippowdon
|faint|p1a: Hippowdon
|
|-weather|Sandstorm|[upkeep]
|-damage|p2a: Tapu Fini|69/100|[from] Sandstorm
|-heal|p2a: Tapu Fini|75/100|[from] item: Leftovers
|upkeep
|
|t:|1635346480
|switch|p1a: Excadrill|Excadrill, M|100/100
|-activate|p1a: Excadrill|move: Sticky Web
|-unboost|p1a: Excadrill|spe|1
|turn|19
|
|t:|1635346485
|move|p1a: Excadrill|Iron Head|p2a: Tapu Fini
|-damage|p2a: Tapu Fini|0 fnt
|faint|p2a: Tapu Fini
|
|-weather|Sandstorm|[upkeep]
|upkeep
|
|t:|1635346492
|switch|p2a: Buzzwole|Buzzwole|100/100
|turn|20
|
|t:|1635346508
|switch|p1a: Ferrothorn|Ferrothorn, F|100/100
|-activate|p1a: Ferrothorn|move: Sticky Web
|-unboost|p1a: Ferrothorn|spe|1
|move|p2a: Buzzwole|Earthquake|p1a: Ferrothorn
|-damage|p1a: Ferrothorn|79/100
|
|-weather|Sandstorm|[upkeep]
|-damage|p2a: Buzzwole|94/100|[from] Sandstorm
|-heal|p1a: Ferrothorn|85/100|[from] item: Leftovers
|upkeep
|turn|21
|
|t:|1635346512
|move|p2a: Buzzwole|Taunt|p1a: Ferrothorn
|-start|p1a: Ferrothorn|move: Taunt
|cant|p1a: Ferrothorn|move: Taunt|Leech Seed
|
|-weather|none
|-heal|p1a: Ferrothorn|92/100|[from] item: Leftovers
|upkeep
|turn|22
|
|t:|1635346514
|move|p2a: Buzzwole|Drain Punch|p1a: Ferrothorn
|-supereffective|p1a: Ferrothorn
|-damage|p1a: Ferrothorn|49/100
|-heal|p2a: Buzzwole|100/100|[from] drain|[of] p1a: Ferrothorn
|-damage|p2a: Buzzwole|88/100|[from] ability: Iron Barbs|[of] p1a: Ferrothorn
|move|p1a: Ferrothorn|Knock Off|p2a: Buzzwole
|-resisted|p2a: Buzzwole
|-damage|p2a: Buzzwole|80/100
|-enditem|p2a: Buzzwole|Adrenaline Orb|[from] move: Knock Off|[of] p1a: Ferrothorn
|
|-heal|p1a: Ferrothorn|55/100|[from] item: Leftovers
|upkeep
|turn|23
|j| MeowthLovesKoharu
|
|t:|1635346528
|switch|p1a: Landorus|Landorus-Therian, M|100/100
|-ability|p1a: Landorus|Intimidate|boost
|-unboost|p2a: Buzzwole|atk|1
|move|p2a: Buzzwole|Drain Punch|p1a: Landorus
|-resisted|p1a: Landorus
|-damage|p1a: Landorus|86/100
|-heal|p2a: Buzzwole|87/100|[from] drain|[of] p1a: Landorus
|
|-heal|p1a: Landorus|92/100|[from] item: Leftovers
|upkeep
|turn|24
|j| bear kigurumi
|
|t:|1635346535
|switch|p1a: Tapu Fini|Tapu Fini|26/100
|-activate|p1a: Tapu Fini|move: Sticky Web
|-unboost|p1a: Tapu Fini|spe|1
|-fieldstart|move: Misty Terrain|[from] ability: Misty Surge|[of] p1a: Tapu Fini
|move|p2a: Buzzwole|Ice Punch|p1a: Tapu Fini
|-resisted|p1a: Tapu Fini
|-damage|p1a: Tapu Fini|17/100
|
|upkeep
|turn|25
|
|t:|1635346548
|move|p1a: Tapu Fini|Defog|p2a: Buzzwole
|-unboost|p2a: Buzzwole|evasion|1
|-sideend|p1: i know im horrible|Sticky Web|[from] move: Defog|[of] p1a: Tapu Fini
|-fieldend|Misty Terrain
|move|p2a: Buzzwole|Taunt|p1a: Tapu Fini
|-start|p1a: Tapu Fini|move: Taunt
|
|upkeep
|turn|26
|c|☆LT71LX Allistair|lmao
|
|t:|1635346558
|switch|p1a: Ferrothorn|Ferrothorn, F|55/100
|move|p2a: Buzzwole|Ice Punch|p1a: Ferrothorn
|-damage|p1a: Ferrothorn|44/100
|-damage|p2a: Buzzwole|74/100|[from] ability: Iron Barbs|[of] p1a: Ferrothorn
|
|-heal|p1a: Ferrothorn|50/100|[from] item: Leftovers
|upkeep
|turn|27
|
|t:|1635346564
|switch|p1a: Tapu Fini|Tapu Fini|17/100
|-fieldstart|move: Misty Terrain|[from] ability: Misty Surge|[of] p1a: Tapu Fini
|move|p2a: Buzzwole|Drain Punch|p1a: Tapu Fini
|-resisted|p1a: Tapu Fini
|-damage|p1a: Tapu Fini|5/100
|-heal|p2a: Buzzwole|80/100|[from] drain|[of] p1a: Tapu Fini
|
|upkeep
|turn|28
|
|t:|1635346577
|move|p1a: Tapu Fini|Trick|p2a: Buzzwole
|-activate|p1a: Tapu Fini|move: Trick|[of] p2a: Buzzwole
|-item|p2a: Buzzwole|Choice Scarf|[from] move: Trick
|-enditem|p1a: Tapu Fini|Choice Scarf|[silent]|[from] move: Trick
|move|p2a: Buzzwole|Drain Punch|p1a: Tapu Fini
|-resisted|p1a: Tapu Fini
|-damage|p1a: Tapu Fini|0 fnt
|-heal|p2a: Buzzwole|82/100|[from] drain|[of] p1a: Tapu Fini
|faint|p1a: Tapu Fini
|-ability|p2a: Buzzwole|Beast Boost|boost
|-boost|p2a: Buzzwole|atk|1
|
|upkeep
|
|t:|1635346582
|switch|p1a: Landorus|Landorus-Therian, M|92/100
|-ability|p1a: Landorus|Intimidate|boost
|-unboost|p2a: Buzzwole|atk|1
|turn|29
|
|t:|1635346593
|move|p2a: Buzzwole|Drain Punch|p1a: Landorus
|-resisted|p1a: Landorus
|-damage|p1a: Landorus|76/100
|-heal|p2a: Buzzwole|90/100|[from] drain|[of] p1a: Landorus
|move|p1a: Landorus|Earthquake|p2a: Buzzwole
|-resisted|p2a: Buzzwole
|-damage|p2a: Buzzwole|69/100
|
|-heal|p1a: Landorus|82/100|[from] item: Leftovers
|upkeep
|turn|30
|
|t:|1635346597
|move|p2a: Buzzwole|Drain Punch|p1a: Landorus
|-resisted|p1a: Landorus
|-damage|p1a: Landorus|65/100
|-heal|p2a: Buzzwole|77/100|[from] drain|[of] p1a: Landorus
|move|p1a: Landorus|Swords Dance|p1a: Landorus
|-boost|p1a: Landorus|atk|2
|
|-heal|p1a: Landorus|71/100|[from] item: Leftovers
|upkeep
|turn|31
|
|t:|1635346601
|move|p2a: Buzzwole|Drain Punch|p1a: Landorus
|-resisted|p1a: Landorus
|-damage|p1a: Landorus|54/100
|-heal|p2a: Buzzwole|85/100|[from] drain|[of] p1a: Landorus
|move|p1a: Landorus|Rock Polish|p1a: Landorus
|-boost|p1a: Landorus|spe|2
|
|-heal|p1a: Landorus|60/100|[from] item: Leftovers
|-fieldend|Misty Terrain
|upkeep
|turn|32
|
|t:|1635346605
|move|p1a: Landorus|Swords Dance|p1a: Landorus
|-boost|p1a: Landorus|atk|2
|move|p2a: Buzzwole|Drain Punch|p1a: Landorus
|-resisted|p1a: Landorus
|-damage|p1a: Landorus|45/100
|-heal|p2a: Buzzwole|91/100|[from] drain|[of] p1a: Landorus
|
|-heal|p1a: Landorus|51/100|[from] item: Leftovers
|upkeep
|turn|33
|
|t:|1635346607
|move|p1a: Landorus|Swords Dance|p1a: Landorus
|-boost|p1a: Landorus|atk|2
|move|p2a: Buzzwole|Drain Punch|p1a: Landorus
|-resisted|p1a: Landorus
|-damage|p1a: Landorus|35/100
|-heal|p2a: Buzzwole|99/100|[from] drain|[of] p1a: Landorus
|
|-heal|p1a: Landorus|41/100|[from] item: Leftovers
|upkeep
|turn|34
|
|t:|1635346611
|move|p1a: Landorus|Earthquake|p2a: Buzzwole
|-resisted|p2a: Buzzwole
|-damage|p2a: Buzzwole|15/100
|move|p2a: Buzzwole|Drain Punch|p1a: Landorus
|-resisted|p1a: Landorus
|-crit|p1a: Landorus
|-damage|p1a: Landorus|4/100
|-heal|p2a: Buzzwole|32/100|[from] drain|[of] p1a: Landorus
|
|-heal|p1a: Landorus|10/100|[from] item: Leftovers
|upkeep
|turn|35
|
|t:|1635346615
|move|p1a: Landorus|Earthquake|p2a: Buzzwole
|-resisted|p2a: Buzzwole
|-damage|p2a: Buzzwole|0 fnt
|faint|p2a: Buzzwole
|
|-heal|p1a: Landorus|16/100|[from] item: Leftovers
|upkeep
|-message|LT71LX Allistair forfeited.
|
|win|i know im horrible
|raw|i know im horrible's rating: 1693 &rarr; <strong>1712</strong><br />(+19 for winning)
|raw|LT71LX Allistair's rating: 1681 &rarr; <strong>1662</strong><br />(-19 for losing)
|l|☆LT71LX Allistair
|l| bear kigurumi
|l| MeowthLovesKoharu
||Ladder isn't responding, score probably updated but might not have (Request timeout).
|l|☆i know im horrible
