|j|☆Kwaga
|j|☆hikari-miyako
|t:|1665159192
|gametype|singles
|player|p1|Kwaga|zinnia|1759
|player|p2|hikari-miyako|cynthia|1762
|teamsize|p1|6
|teamsize|p2|6
|gen|8
|tier|[Gen 8] OU
|rated|
|rule|Sleep Clause Mod: Limit one foe put to sleep
|rule|Species Clause: Limit one of each Pokémon
|rule|OHKO Clause: OHKO moves are banned
|rule|Evasion Items Clause: Evasion items are banned
|rule|Evasion Moves Clause: Evasion moves are banned
|rule|Endless Battle Clause: Forcing endless battles is banned
|rule|HP Percentage Mod: HP is shown in percentages
|rule|Dynamax Clause: You cannot dynamax
|clearpoke
|poke|p1|Tyranitar, M|
|poke|p1|Excadrill, F|
|poke|p1|Dragapult, M|
|poke|p1|Rotom-Wash|
|poke|p1|Ferrothorn, F|
|poke|p1|Clefable, M|
|poke|p2|Bisharp, M|
|poke|p2|Aegislash, F|
|poke|p2|Dragapult, F|
|poke|p2|Landorus-Therian, M|
|poke|p2|Thundurus, M|
|poke|p2|Kartana|
|teampreview
|inactive|Battle timer is ON: inactive players will automatically lose when time's up. (requested by hikari-miyako)
|
|t:|1665159206
|start
|switch|p1a: Ferrothorn|Ferrothorn, F|100/100
|switch|p2a: Bisharp|Bisharp, M|100/100
|turn|1
|
|t:|1665159208
|move|p2a: Bisharp|Stealth Rock|p1a: Ferrothorn
|-sidestart|p1: Kwaga|move: Stealth Rock
|move|p1a: Ferrothorn|Body Press|p2a: Bisharp
|-supereffective|p2a: Bisharp
|-enditem|p2a: Bisharp|Focus Sash
|-damage|p2a: Bisharp|1/100
|
|upkeep
|turn|2
|
|t:|1665159211
|move|p2a: Bisharp|Knock Off|p1a: Ferrothorn
|-damage|p1a: Ferrothorn|69/100
|-damage|p2a: Bisharp|0 fnt|[from] ability: Iron Barbs|[of] p1a: Ferrothorn
|faint|p2a: Bisharp
|move|p1a: Ferrothorn|Spikes|p2: Bisharp
|-sidestart|p2: hikari-miyako|Spikes
|
|-heal|p1a: Ferrothorn|75/100|[from] item: Leftovers
|upkeep
|
|t:|1665159214
|switch|p2a: Dragapult|Dragapult, F|100/100
|-damage|p2a: Dragapult|88/100|[from] Spikes
|turn|3
|
|t:|1665159220
|switch|p1a: Clefable|Clefable, M|100/100
|move|p2a: Dragapult|U-turn|p1a: Clefable
|-resisted|p1a: Clefable
|-damage|p1a: Clefable|90/100
|-damage|p2a: Dragapult|72/100|[from] item: Rocky Helmet|[of] p1a: Clefable
|-damage|p2a: Dragapult|62/100|[from] item: Life Orb
|
|t:|1665159224
|switch|p2a: Kartana|Kartana|100/100|[from]move: U-turn
|-damage|p2a: Kartana|88/100|[from] Spikes
|
|upkeep
|turn|4
|
|t:|1665159229
|switch|p1a: Ferrothorn|Ferrothorn, F|75/100
|-damage|p1a: Ferrothorn|69/100|[from] Stealth Rock
|move|p2a: Kartana|Sacred Sword|p1a: Ferrothorn
|-supereffective|p1a: Ferrothorn
|-damage|p1a: Ferrothorn|19/100
|-damage|p2a: Kartana|76/100|[from] ability: Iron Barbs|[of] p1a: Ferrothorn
|
|-heal|p1a: Ferrothorn|25/100|[from] item: Leftovers
|upkeep
|turn|5
|j| shitheadlel
|
|t:|1665159232
|switch|p1a: Clefable|Clefable, M|90/100
|move|p2a: Kartana|Sacred Sword|p1a: Clefable
|-resisted|p1a: Clefable
|-damage|p1a: Clefable|76/100
|-damage|p2a: Kartana|59/100|[from] item: Rocky Helmet|[of] p1a: Clefable
|
|upkeep
|turn|6
|
|t:|1665159234
|switch|p2a: Aegislash|Aegislash, F|100/100
|-damage|p2a: Aegislash|88/100|[from] Spikes
|move|p1a: Clefable|Stealth Rock|p2a: Aegislash
|-sidestart|p2: hikari-miyako|move: Stealth Rock
|
|upkeep
|turn|7
|
|t:|1665159239
|switch|p1a: Ferrothorn|Ferrothorn, F|25/100
|-damage|p1a: Ferrothorn|19/100|[from] Stealth Rock
|-formechange|p2a: Aegislash|Aegislash-Blade||[from] ability: Stance Change
|move|p2a: Aegislash|Shadow Ball|p1a: Ferrothorn
|-damage|p1a: Ferrothorn|0 fnt
|faint|p1a: Ferrothorn
|
|upkeep
|
|t:|1665159242
|switch|p1a: Dragapult|Dragapult, M|100/100
|-damage|p1a: Dragapult|88/100|[from] Stealth Rock
|turn|8
|
|t:|1665159245
|move|p1a: Dragapult|Shadow Ball|p2a: Aegislash
|-supereffective|p2a: Aegislash
|-damage|p2a: Aegislash|0 fnt
|faint|p2a: Aegislash
|
|upkeep
|
|t:|1665159247
|switch|p2a: Kartana|Kartana|59/100
|-damage|p2a: Kartana|47/100|[from] Spikes
|-damage|p2a: Kartana|41/100|[from] Stealth Rock
|turn|9
|
|t:|1665159251
|switch|p1a: Clefable|Clefable, M|76/100
|move|p2a: Kartana|Knock Off|p1a: Clefable
|-resisted|p1a: Clefable
|-damage|p1a: Clefable|59/100
|-damage|p2a: Kartana|24/100|[from] item: Rocky Helmet|[of] p1a: Clefable
|-enditem|p1a: Clefable|Rocky Helmet|[from] move: Knock Off|[of] p2a: Kartana
|
|upkeep
|turn|10
|
|t:|1665159254
|switch|p2a: Landorus|Landorus-Therian, M|100/100
|-damage|p2a: Landorus|88/100|[from] Stealth Rock
|-ability|p2a: Landorus|Intimidate|boost
|-unboost|p1a: Clefable|atk|1
|move|p1a: Clefable|Soft-Boiled|p1a: Clefable
|-heal|p1a: Clefable|100/100
|
|upkeep
|turn|11
|
|t:|1665159257
|switch|p1a: Rotom|Rotom-Wash|100/100
|-damage|p1a: Rotom|88/100|[from] Stealth Rock
|move|p2a: Landorus|U-turn|p1a: Rotom
|-damage|p1a: Rotom|61/100
|
|t:|1665159260
|switch|p2a: Dragapult|Dragapult, F|62/100|[from]move: U-turn
|-damage|p2a: Dragapult|50/100|[from] Spikes
|-damage|p2a: Dragapult|37/100|[from] Stealth Rock
|
|-heal|p1a: Rotom|67/100|[from] item: Leftovers
|upkeep
|turn|12
|
|t:|1665159265
|move|p2a: Dragapult|Dragon Darts|p1a: Rotom
|-damage|p1a: Rotom|35/100
|-anim|p2a: Dragapult|Dragon Darts|p1a: Rotom
|-damage|p1a: Rotom|2/100
|-damage|p2a: Dragapult|28/100|[from] item: Life Orb
|move|p1a: Rotom|Volt Switch|p2a: Dragapult
|-resisted|p2a: Dragapult
|-damage|p2a: Dragapult|12/100
|
|t:|1665159269
|switch|p1a: Clefable|Clefable, M|100/100|[from]move: Volt Switch
|
|upkeep
|turn|13
|
|t:|1665159271
|move|p2a: Dragapult|Fire Blast|p1a: Clefable
|-damage|p1a: Clefable|70/100
|-damage|p2a: Dragapult|2/100|[from] item: Life Orb
|move|p1a: Clefable|Knock Off|p2a: Dragapult
|-supereffective|p2a: Dragapult
|-damage|p2a: Dragapult|0 fnt
|-enditem|p2a: Dragapult|Life Orb|[from] move: Knock Off|[of] p1a: Clefable
|faint|p2a: Dragapult
|
|upkeep
|
|t:|1665159274
|switch|p2a: Thundurus|Thundurus, M|100/100
|-damage|p2a: Thundurus|76/100|[from] Stealth Rock
|turn|14
|
|t:|1665159277
|switch|p1a: Rotom|Rotom-Wash|2/100
|-damage|p1a: Rotom|0 fnt|[from] Stealth Rock
|faint|p1a: Rotom
|move|p2a: Thundurus|Thunderbolt|p1: Rotom|[notarget]
|-fail|p2a: Thundurus
|
|upkeep
|
|t:|1665159285
|switch|p1a: Dragapult|Dragapult, M|88/100
|-damage|p1a: Dragapult|76/100|[from] Stealth Rock
|turn|15
|
|t:|1665159288
|move|p2a: Thundurus|Thunder Wave|p1a: Dragapult
|-status|p1a: Dragapult|par
|move|p1a: Dragapult|Draco Meteor|p2a: Thundurus
|-crit|p2a: Thundurus
|-damage|p2a: Thundurus|0 fnt
|-unboost|p1a: Dragapult|spa|2
|faint|p2a: Thundurus
|
|upkeep
|
|t:|1665159295
|switch|p2a: Landorus|Landorus-Therian, M|88/100
|-damage|p2a: Landorus|76/100|[from] Stealth Rock
|-ability|p2a: Landorus|Intimidate|boost
|-unboost|p1a: Dragapult|atk|1
|turn|16
|
|t:|1665159299
|move|p2a: Landorus|Earthquake|p1a: Dragapult
|-damage|p1a: Dragapult|0 fnt
|faint|p1a: Dragapult
|
|upkeep
|j| hsh3184
|
|t:|1665159305
|switch|p1a: Clefable|Clefable, M|70/100
|turn|17
|
|t:|1665159309
|move|p2a: Landorus|Earthquake|p1a: Clefable
|-damage|p1a: Clefable|24/100
|move|p1a: Clefable|Moonblast|p2a: Landorus
|-damage|p2a: Landorus|33/100
|
|upkeep
|turn|18
|
|t:|1665159314
|move|p2a: Landorus|Earthquake|p1a: Clefable
|-damage|p1a: Clefable|0 fnt
|faint|p1a: Clefable
|
|upkeep
|
|t:|1665159315
|switch|p1a: Tyranitar|Tyranitar, M|100/100
|-damage|p1a: Tyranitar|88/100|[from] Stealth Rock
|-weather|Sandstorm|[from] ability: Sand Stream|[of] p1a: Tyranitar
|turn|19
|
|t:|1665159318
|move|p2a: Landorus|Earthquake|p1a: Tyranitar
|-supereffective|p1a: Tyranitar
|-damage|p1a: Tyranitar|0 fnt
|faint|p1a: Tyranitar
|
|-weather|Sandstorm|[upkeep]
|upkeep
|
|t:|1665159319
|switch|p1a: Excadrill|Excadrill, F|100/100
|-damage|p1a: Excadrill|97/100|[from] Stealth Rock
|turn|20
|
|t:|1665159321
|move|p1a: Excadrill|Iron Head|p2a: Landorus
|-damage|p2a: Landorus|0 fnt
|faint|p2a: Landorus
|
|-weather|Sandstorm|[upkeep]
|-heal|p1a: Excadrill|100/100|[from] item: Leftovers
|upkeep
|l| hsh3184
|
|t:|1665159323
|switch|p2a: Kartana|Kartana|24/100
|-damage|p2a: Kartana|12/100|[from] Spikes
|-damage|p2a: Kartana|6/100|[from] Stealth Rock
|turn|21
|
|t:|1665159326
|move|p1a: Excadrill|Earthquake|p2a: Kartana
|-damage|p2a: Kartana|0 fnt
|faint|p2a: Kartana
|
|win|Kwaga
|raw|Kwaga's rating: 1759 &rarr; <strong>1779</strong><br />(+20 for winning)
|raw|hikari-miyako's rating: 1762 &rarr; <strong>1742</strong><br />(-20 for losing)
|l|☆hikari-miyako
