|html|<div class="broadcast-blue"><strong>[Gen 8] OU is currently suspecting Melmetal! For information on how to participate check out the <a href="https://www.smogon.com/forums/threads/np-ss-ou-suspect-process-round-12-monster-mash.3709234/">suspect thread</a>.</strong></div>
|j|☆LT94JE Allistair
|j|☆stimo96
|t:|1666347550
|gametype|singles
|player|p1|LT94JE Allistair|1|1659
|player|p2|stimo96|alder|1680
|teamsize|p1|6
|teamsize|p2|6
|gen|8
|tier|[Gen 8] OU
|rated|
|rule|Sleep Clause Mod: Limit one foe put to sleep
|rule|Species Clause: Limit one of each Pokémon
|rule|OHKO Clause: OHKO moves are banned
|rule|Evasion Items Clause: Evasion items are banned
|rule|Evasion Moves Clause: Evasion moves are banned
|rule|Endless Battle Clause: Forcing endless battles is banned
|rule|HP Percentage Mod: HP is shown in percentages
|rule|Dynamax Clause: You cannot dynamax
|clearpoke
|poke|p1|Mew|
|poke|p1|Slurpuff, M|
|poke|p1|Vanilluxe, M|
|poke|p1|Jirachi|
|poke|p1|Heatran, M|
|poke|p1|Suicune|
|poke|p2|Pelipper, F|
|poke|p2|Ferrothorn, F|
|poke|p2|Zapdos|
|poke|p2|Volcanion|
|poke|p2|Seismitoad, F|
|poke|p2|Barraskewda, M|
|teampreview
|
|t:|1666347554
|start
|switch|p1a: Slurpuff|Slurpuff, M|100/100
|switch|p2a: Pelipper|Pelipper, F|100/100
|-weather|RainDance|[from] ability: Drizzle|[of] p2a: Pelipper
|turn|1
|inactive|Battle timer is ON: inactive players will automatically lose when time's up. (requested by stimo96)
|
|t:|1666347561
|move|p1a: Slurpuff|Sticky Web|p2a: Pelipper
|-sidestart|p2: stimo96|move: Sticky Web
|move|p2a: Pelipper|U-turn|p1a: Slurpuff
|-resisted|p1a: Slurpuff
|-damage|p1a: Slurpuff|95/100
|
|t:|1666347571
|switch|p2a: Volcanion|Volcanion|100/100|[from]move: U-turn
|-activate|p2a: Volcanion|move: Sticky Web
|-unboost|p2a: Volcanion|spe|1
|
|-weather|RainDance|[upkeep]
|upkeep
|turn|2
|
|t:|1666347576
|move|p1a: Slurpuff|Sticky Web||[still]
|-fail|p1a: Slurpuff
|move|p2a: Volcanion|Steam Eruption|p1a: Slurpuff
|-damage|p1a: Slurpuff|0 fnt
|faint|p1a: Slurpuff
|
|-weather|RainDance|[upkeep]
|upkeep
|
|t:|1666347588
|switch|p1a: Vanilluxe|Vanilluxe, M|100/100
|-weather|Hail|[from] ability: Snow Warning|[of] p1a: Vanilluxe
|turn|3
|
|t:|1666347592
|move|p1a: Vanilluxe|Hail||[still]
|-fail|p1a: Vanilluxe
|move|p2a: Volcanion|Steam Eruption|p1a: Vanilluxe
|-damage|p1a: Vanilluxe|0 fnt
|faint|p1a: Vanilluxe
|
|-weather|Hail|[upkeep]
|-damage|p2a: Volcanion|95/100|[from] Hail
|upkeep
|
|t:|1666347598
|switch|p1a: Mew|Mew|100/100
|turn|4
|
|t:|1666347603
|move|p1a: Mew|Cosmic Power|p1a: Mew
|-boost|p1a: Mew|def|1
|-boost|p1a: Mew|spd|1
|move|p2a: Volcanion|Steam Eruption|p1a: Mew
|-damage|p1a: Mew|46/100
|-status|p1a: Mew|brn
|-activate|p1a: Mew|ability: Synchronize
|-immune|p2a: Volcanion
|
|-weather|Hail|[upkeep]
|-damage|p1a: Mew|40/100 brn|[from] Hail
|-damage|p2a: Volcanion|89/100|[from] Hail
|-damage|p1a: Mew|34/100 brn|[from] brn
|upkeep
|turn|5
|
|t:|1666347616
|move|p1a: Mew|Roost|p1a: Mew
|-heal|p1a: Mew|84/100 brn
|-singleturn|p1a: Mew|move: Roost
|move|p2a: Volcanion|Steam Eruption|p1a: Mew
|-damage|p1a: Mew|31/100 brn
|
|-weather|Hail|[upkeep]
|-damage|p1a: Mew|25/100 brn|[from] Hail
|-damage|p2a: Volcanion|83/100|[from] Hail
|-damage|p1a: Mew|19/100 brn|[from] brn
|upkeep
|turn|6
|
|t:|1666347625
|move|p1a: Mew|Roost|p1a: Mew
|-heal|p1a: Mew|69/100 brn
|-singleturn|p1a: Mew|move: Roost
|move|p2a: Volcanion|Steam Eruption|p1a: Mew
|-damage|p1a: Mew|17/100 brn
|
|-weather|Hail|[upkeep]
|-damage|p1a: Mew|11/100 brn|[from] Hail
|-damage|p2a: Volcanion|77/100|[from] Hail
|-damage|p1a: Mew|5/100 brn|[from] brn
|upkeep
|turn|7
|
|t:|1666347634
|move|p1a: Mew|Roost|p1a: Mew
|-heal|p1a: Mew|55/100 brn
|-singleturn|p1a: Mew|move: Roost
|move|p2a: Volcanion|Steam Eruption|p1a: Mew
|-damage|p1a: Mew|0 fnt
|faint|p1a: Mew
|
|-weather|none
|upkeep
|
|t:|1666347641
|switch|p1a: Suicune|Suicune|100/100
|-ability|p1a: Suicune|Pressure
|turn|8
|
|t:|1666347646
|switch|p2a: Pelipper|Pelipper, F|100/100
|-weather|RainDance|[from] ability: Drizzle|[of] p2a: Pelipper
|move|p1a: Suicune|Substitute|p1a: Suicune
|-start|p1a: Suicune|Substitute
|-damage|p1a: Suicune|75/100
|
|-weather|RainDance|[upkeep]
|-heal|p1a: Suicune|82/100|[from] item: Leftovers
|upkeep
|turn|9
|
|t:|1666347655
|move|p1a: Suicune|Calm Mind|p1a: Suicune
|-boost|p1a: Suicune|spa|1
|-boost|p1a: Suicune|spd|1
|move|p2a: Pelipper|U-turn|p1a: Suicune
|-activate|p1a: Suicune|move: Substitute|[damage]
|
|t:|1666347662
|switch|p2a: Zapdos|Zapdos|100/100|[from]move: U-turn
|
|-weather|RainDance|[upkeep]
|-heal|p1a: Suicune|88/100|[from] item: Leftovers
|upkeep
|turn|10
|
|t:|1666347667
|move|p1a: Suicune|Protect|p1a: Suicune
|-singleturn|p1a: Suicune|Protect
|move|p2a: Zapdos|Thunder|p1a: Suicune
|-activate|p1a: Suicune|move: Protect
|
|-weather|RainDance|[upkeep]
|-heal|p1a: Suicune|94/100|[from] item: Leftovers
|upkeep
|turn|11
|
|t:|1666347675
|move|p2a: Zapdos|Thunder|p1a: Suicune
|-supereffective|p1a: Suicune
|-end|p1a: Suicune|Substitute
|move|p1a: Suicune|Substitute|p1a: Suicune
|-start|p1a: Suicune|Substitute
|-damage|p1a: Suicune|69/100
|
|-weather|RainDance|[upkeep]
|-heal|p1a: Suicune|75/100|[from] item: Leftovers
|upkeep
|turn|12
|
|t:|1666347686
|move|p1a: Suicune|Protect|p1a: Suicune
|-singleturn|p1a: Suicune|Protect
|move|p2a: Zapdos|Thunder|p1a: Suicune
|-activate|p1a: Suicune|move: Protect
|
|-weather|RainDance|[upkeep]
|-heal|p1a: Suicune|81/100|[from] item: Leftovers
|upkeep
|turn|13
|
|t:|1666347694
|move|p2a: Zapdos|Thunder|p1a: Suicune
|-supereffective|p1a: Suicune
|-end|p1a: Suicune|Substitute
|move|p1a: Suicune|Substitute|p1a: Suicune
|-start|p1a: Suicune|Substitute
|-damage|p1a: Suicune|56/100
|
|-weather|RainDance|[upkeep]
|-heal|p1a: Suicune|63/100|[from] item: Leftovers
|upkeep
|turn|14
|c|☆stimo96|probably the pussiest suicune set i've ever seen
|
|t:|1666347709
|move|p1a: Suicune|Protect|p1a: Suicune
|-singleturn|p1a: Suicune|Protect
|move|p2a: Zapdos|Hurricane|p1a: Suicune
|-activate|p1a: Suicune|move: Protect
|
|-weather|RainDance|[upkeep]
|-heal|p1a: Suicune|69/100|[from] item: Leftovers
|upkeep
|turn|15
|c|☆LT94JE Allistair|that is tandart lol
|c|☆LT94JE Allistair|standart
|
|t:|1666347729
|move|p2a: Zapdos|Thunder|p1a: Suicune
|-supereffective|p1a: Suicune
|-end|p1a: Suicune|Substitute
|move|p1a: Suicune|Substitute|p1a: Suicune
|-start|p1a: Suicune|Substitute
|-damage|p1a: Suicune|44/100
|
|-weather|none
|-heal|p1a: Suicune|50/100|[from] item: Leftovers
|upkeep
|turn|16
|c|☆stimo96|I'd be embarrassed
|
|t:|1666347743
|switch|p2a: Pelipper|Pelipper, F|100/100
|-weather|RainDance|[from] ability: Drizzle|[of] p2a: Pelipper
|move|p1a: Suicune|Calm Mind|p1a: Suicune
|-boost|p1a: Suicune|spa|1
|-boost|p1a: Suicune|spd|1
|
|-weather|RainDance|[upkeep]
|-heal|p1a: Suicune|56/100|[from] item: Leftovers
|upkeep
|turn|17
|c|☆LT94JE Allistair|you jsut embaressed you twice already
|c|☆LT94JE Allistair|but go on
|
|t:|1666347761
|move|p1a: Suicune|Calm Mind|p1a: Suicune
|-boost|p1a: Suicune|spa|1
|-boost|p1a: Suicune|spd|1
|move|p2a: Pelipper|U-turn|p1a: Suicune
|-activate|p1a: Suicune|move: Substitute|[damage]
|
|t:|1666347766
|switch|p2a: Zapdos|Zapdos|100/100|[from]move: U-turn
|
|-weather|RainDance|[upkeep]
|-heal|p1a: Suicune|62/100|[from] item: Leftovers
|upkeep
|turn|18
|
|t:|1666347772
|move|p1a: Suicune|Protect|p1a: Suicune
|-singleturn|p1a: Suicune|Protect
|move|p2a: Zapdos|Hurricane|p1a: Suicune
|-activate|p1a: Suicune|move: Protect
|
|-weather|RainDance|[upkeep]
|-heal|p1a: Suicune|69/100|[from] item: Leftovers
|upkeep
|turn|19
|
|t:|1666347780
|move|p2a: Zapdos|Thunder|p1a: Suicune
|-supereffective|p1a: Suicune
|-end|p1a: Suicune|Substitute
|move|p1a: Suicune|Scald|p2a: Zapdos
|-damage|p2a: Zapdos|0 fnt
|faint|p2a: Zapdos
|
|-weather|RainDance|[upkeep]
|-heal|p1a: Suicune|75/100|[from] item: Leftovers
|upkeep
|j| Palladiawa A
|l|☆stimo96
|inactive|stimo96 disconnected and has a minute to reconnect!
|player|p2|
|inactive|stimo96 has 30 seconds to reconnect!
|inactive|stimo96 has 20 seconds to reconnect!
|inactive|stimo96 has 15 seconds to reconnect!
|inactive|stimo96 has 10 seconds to reconnect!
|inactive|stimo96 has 5 seconds to reconnect!
|-message|stimo96 lost due to inactivity.
|
|win|LT94JE Allistair
|raw|LT94JE Allistair's rating: 1659 &rarr; <strong>1680</strong><br />(+21 for winning)
|raw|stimo96's rating: 1680 &rarr; <strong>1659</strong><br />(-21 for losing)
||Ladder isn't responding, score probably updated but might not have (Request timeout).
