|j|☆Down$hift
|j|☆CastaM
|t:|1657204081
|gametype|singles
|player|p1|Down$hift|teamrocket|1629
|player|p2|CastaM|169|1570
|teamsize|p1|6
|teamsize|p2|6
|gen|8
|tier|[Gen 8] OU
|rated|
|rule|Sleep Clause Mod: Limit one foe put to sleep
|rule|Species Clause: Limit one of each Pokémon
|rule|OHKO Clause: OHKO moves are banned
|rule|Evasion Moves Clause: Evasion moves are banned
|rule|Endless Battle Clause: Forcing endless battles is banned
|rule|HP Percentage Mod: HP is shown in percentages
|rule|Dynamax Clause: You cannot dynamax
|clearpoke
|poke|p1|Magnezone|
|poke|p1|Volcarona, F|
|poke|p1|Clefable, F|
|poke|p1|Tornadus-Therian, M|
|poke|p1|Toxapex, M|
|poke|p1|Landorus-Therian, M|
|poke|p2|Blacephalon|
|poke|p2|Ninetales-Alola, M|
|poke|p2|Tapu Fini|
|poke|p2|Heatran, M|
|poke|p2|Garchomp, F|
|poke|p2|Kartana|
|teampreview
|c|☆Down$hift|hf
|inactive|Battle timer is ON: inactive players will automatically lose when time's up. (requested by Down$hift)
|
|t:|1657204129
|start
|switch|p1a: Torn Anus|Tornadus-Therian, M|100/100
|switch|p2a: Heatran|Heatran, M|100/100
|-item|p2a: Heatran|Air Balloon
|turn|1
|
|t:|1657204135
|switch|p1a: Prédastérie|Toxapex, M|100/100
|move|p2a: Heatran|Magma Storm|p1a: Prédastérie
|-resisted|p1a: Prédastérie
|-damage|p1a: Prédastérie|87/100
|-activate|p1a: Prédastérie|move: Magma Storm|[of] p2a: Heatran
|-enditem|p1a: Prédastérie|Eject Button
|
|t:|1657204139
|switch|p1a: $wagnezone|Magnezone|100/100
|
|upkeep
|turn|2
|
|t:|1657204145
|move|p2a: Heatran|Earth Power|p1a: $wagnezone
|-supereffective|p1a: $wagnezone
|-damage|p1a: $wagnezone|23/100
|move|p1a: $wagnezone|Mirror Coat|p2a: Heatran
|-damage|p2a: Heatran|0 fnt
|-enditem|p2a: Heatran|Air Balloon
|faint|p2a: Heatran
|
|upkeep
|
|t:|1657204158
|switch|p2a: Blacephalon|Blacephalon|100/100
|turn|3
|
|t:|1657204171
|switch|p1a: Prédastérie|Toxapex, M|100/100
|move|p2a: Blacephalon|Calm Mind|p2a: Blacephalon
|-boost|p2a: Blacephalon|spa|1
|-boost|p2a: Blacephalon|spd|1
|
|upkeep
|turn|4
|j| tyt&Yui↻
|
|t:|1657204178
|move|p2a: Blacephalon|Shadow Ball|p1a: Prédastérie
|-damage|p1a: Prédastérie|63/100
|-unboost|p1a: Prédastérie|spd|1
|move|p1a: Prédastérie|Knock Off|p2a: Blacephalon
|-supereffective|p2a: Blacephalon
|-crit|p2a: Blacephalon
|-damage|p2a: Blacephalon|23/100
|-enditem|p2a: Blacephalon|Heavy-Duty Boots|[from] move: Knock Off|[of] p1a: Prédastérie
|
|upkeep
|turn|5
|
|t:|1657204187
|switch|p1a: Torn Anus|Tornadus-Therian, M|100/100
|move|p2a: Blacephalon|Shadow Ball|p1a: Torn Anus
|-damage|p1a: Torn Anus|34/100
|
|upkeep
|turn|6
|
|t:|1657204194
|move|p1a: Torn Anus|Air Slash|p2a: Blacephalon
|-damage|p2a: Blacephalon|0 fnt
|faint|p2a: Blacephalon
|
|upkeep
|
|t:|1657204197
|switch|p2a: Ninetales|Ninetales-Alola, M|100/100
|-weather|Hail|[from] ability: Snow Warning|[of] p2a: Ninetales
|turn|7
|
|t:|1657204206
|switch|p1a: Prédastérie|Toxapex, M|96/100
|move|p2a: Ninetales|Aurora Veil|p2a: Ninetales
|-sidestart|p2: CastaM|move: Aurora Veil
|
|-weather|Hail|[upkeep]
|-damage|p1a: Prédastérie|90/100|[from] Hail
|upkeep
|turn|8
|inactive|CastaM has 120 seconds left.
|
|t:|1657204250
|move|p2a: Ninetales|Freeze-Dry|p1a: Prédastérie
|-supereffective|p1a: Prédastérie
|-damage|p1a: Prédastérie|63/100
|move|p1a: Prédastérie|Knock Off|p2a: Ninetales
|-resisted|p2a: Ninetales
|-damage|p2a: Ninetales|96/100
|-enditem|p2a: Ninetales|Light Clay|[from] move: Knock Off|[of] p1a: Prédastérie
|
|-weather|Hail|[upkeep]
|-damage|p1a: Prédastérie|57/100|[from] Hail
|upkeep
|turn|9
|
|t:|1657204260
|switch|p2a: Garchomp|Garchomp, F|100/100
|move|p1a: Prédastérie|Recover|p1a: Prédastérie
|-heal|p1a: Prédastérie|100/100
|
|-weather|Hail|[upkeep]
|-damage|p2a: Garchomp|94/100|[from] Hail
|-damage|p1a: Prédastérie|94/100|[from] Hail
|-heal|p2a: Garchomp|100/100|[from] item: Leftovers
|upkeep
|turn|10
|inactive|CastaM has 120 seconds left.
|
|t:|1657204266
|move|p2a: Garchomp|Swords Dance|p2a: Garchomp
|-boost|p2a: Garchomp|atk|2
|move|p1a: Prédastérie|Toxic|p2a: Garchomp
|-status|p2a: Garchomp|tox
|
|-weather|Hail|[upkeep]
|-damage|p2a: Garchomp|94/100 tox|[from] Hail
|-damage|p1a: Prédastérie|88/100|[from] Hail
|-heal|p2a: Garchomp|100/100 tox|[from] item: Leftovers
|-damage|p2a: Garchomp|94/100 tox|[from] psn
|upkeep
|turn|11
|
|t:|1657204278
|switch|p1a: Pink Menace|Clefable, F|100/100
|move|p2a: Garchomp|Scale Shot|p1a: Pink Menace
|-immune|p1a: Pink Menace
|
|-weather|none
|-heal|p2a: Garchomp|100/100 tox|[from] item: Leftovers
|-damage|p2a: Garchomp|88/100 tox|[from] psn
|upkeep
|turn|12
|
|t:|1657204288
|move|p2a: Garchomp|Earthquake|p1a: Pink Menace
|-damage|p1a: Pink Menace|16/100
|move|p1a: Pink Menace|Moonblast|p2a: Garchomp
|-supereffective|p2a: Garchomp
|-damage|p2a: Garchomp|56/100 tox
|-unboost|p2a: Garchomp|spa|1
|
|-heal|p2a: Garchomp|62/100 tox|[from] item: Leftovers
|-damage|p2a: Garchomp|44/100 tox|[from] psn
|upkeep
|turn|13
|
|t:|1657204295
|move|p2a: Garchomp|Fire Fang|p1a: Pink Menace
|-damage|p1a: Pink Menace|0 fnt
|-damage|p2a: Garchomp|27/100 tox|[from] item: Rocky Helmet|[of] p1a: Pink Menace
|faint|p1a: Pink Menace
|
|-heal|p2a: Garchomp|34/100 tox|[from] item: Leftovers
|-damage|p2a: Garchomp|9/100 tox|[from] psn
|upkeep
|
|t:|1657204298
|switch|p1a: LandOUrus-T|Landorus-Therian, M|100/100
|-ability|p1a: LandOUrus-T|Intimidate|boost
|-unboost|p2a: Garchomp|atk|1
|turn|14
|
|t:|1657204304
|move|p1a: LandOUrus-T|U-turn|p2a: Garchomp
|-damage|p2a: Garchomp|0 fnt
|-damage|p1a: LandOUrus-T|88/100|[from] ability: Rough Skin|[of] p2a: Garchomp
|faint|p2a: Garchomp
|
|t:|1657204306
|switch|p1a: Torn Anus|Tornadus-Therian, M|67/100|[from]move: U-turn
|
|-sideend|p2: CastaM|move: Aurora Veil
|upkeep
|
|t:|1657204309
|switch|p2a: Ninetales|Ninetales-Alola, M|96/100
|-weather|Hail|[from] ability: Snow Warning|[of] p2a: Ninetales
|turn|15
|
|t:|1657204314
|move|p1a: Torn Anus|Taunt|p2a: Ninetales
|-start|p2a: Ninetales|move: Taunt
|cant|p2a: Ninetales|move: Taunt|Aurora Veil
|
|-weather|Hail|[upkeep]
|-damage|p1a: Torn Anus|61/100|[from] Hail
|upkeep
|turn|16
|
|t:|1657204331
|switch|p1a: $wagnezone|Magnezone|23/100
|move|p2a: Ninetales|Freeze-Dry|p1a: $wagnezone
|-resisted|p1a: $wagnezone
|-damage|p1a: $wagnezone|15/100
|
|-weather|Hail|[upkeep]
|-damage|p1a: $wagnezone|9/100|[from] Hail
|upkeep
|turn|17
|
|t:|1657204336
|move|p2a: Ninetales|Freeze-Dry|p1a: $wagnezone
|-resisted|p1a: $wagnezone
|-damage|p1a: $wagnezone|2/100
|move|p1a: $wagnezone|Flash Cannon|p2a: Ninetales
|-supereffective|p2a: Ninetales
|-damage|p2a: Ninetales|0 fnt
|faint|p2a: Ninetales
|
|-weather|Hail|[upkeep]
|-damage|p1a: $wagnezone|0 fnt|[from] Hail
|faint|p1a: $wagnezone
|upkeep
|
|t:|1657204344
|switch|p2a: Tapu Fini|Tapu Fini|100/100
|switch|p1a: Torn Anus|Tornadus-Therian, M|94/100
|-fieldstart|move: Misty Terrain|[from] ability: Misty Surge|[of] p2a: Tapu Fini
|turn|18
|
|t:|1657204346
|move|p1a: Torn Anus|Taunt|p2a: Tapu Fini
|-start|p2a: Tapu Fini|move: Taunt
|cant|p2a: Tapu Fini|move: Taunt|Calm Mind
|
|-weather|Hail|[upkeep]
|-damage|p1a: Torn Anus|88/100|[from] Hail
|-damage|p2a: Tapu Fini|94/100|[from] Hail
|upkeep
|turn|19
|
|t:|1657204353
|move|p1a: Torn Anus|Nasty Plot|p1a: Torn Anus
|-boost|p1a: Torn Anus|spa|2
|move|p2a: Tapu Fini|Surf|p1a: Torn Anus
|-damage|p1a: Torn Anus|55/100
|
|-weather|none
|upkeep
|turn|20
|
|t:|1657204356
|move|p1a: Torn Anus|Air Slash|p2a: Tapu Fini
|-damage|p2a: Tapu Fini|50/100
|cant|p2a: Tapu Fini|flinch
|
|-end|p2a: Tapu Fini|move: Taunt
|upkeep
|turn|21
|
|t:|1657204359
|move|p1a: Torn Anus|Air Slash|p2a: Tapu Fini
|-damage|p2a: Tapu Fini|5/100
|cant|p2a: Tapu Fini|flinch
|
|upkeep
|turn|22
|
|t:|1657204361
|move|p1a: Torn Anus|Air Slash|p2a: Tapu Fini
|-damage|p2a: Tapu Fini|0 fnt
|faint|p2a: Tapu Fini
|
|-fieldend|Misty Terrain
|upkeep
|
|t:|1657204363
|switch|p2a: Kartana|Kartana|100/100
|turn|23
|
|t:|1657204365
|move|p2a: Kartana|Knock Off|p1a: Torn Anus
|-damage|p1a: Torn Anus|6/100
|-enditem|p1a: Torn Anus|Heavy-Duty Boots|[from] move: Knock Off|[of] p2a: Kartana
|move|p1a: Torn Anus|Air Slash|p2a: Kartana
|-damage|p2a: Kartana|0 fnt
|faint|p2a: Kartana
|
|win|Down$hift
|raw|Down$hift's rating: 1629 &rarr; <strong>1646</strong><br />(+17 for winning)
|raw|CastaM's rating: 1570 &rarr; <strong>1553</strong><br />(-17 for losing)
|c|☆Down$hift|gg
|l|☆CastaM
|l|☆Down$hift
|l| tyt&Yui↻
