|j|☆minimax_ai
|j|☆samohi0
|t:|1663141559
|gametype|singles
|player|p1|minimax_ai|lusamine-nihilego|1545
|player|p2|samohi0|1|1572
|teamsize|p1|6
|teamsize|p2|6
|gen|8
|tier|[Gen 8] OU
|rated|
|rule|Sleep Clause Mod: Limit one foe put to sleep
|rule|Species Clause: Limit one of each Pokémon
|rule|OHKO Clause: OHKO moves are banned
|rule|Evasion Items Clause: Evasion items are banned
|rule|Evasion Moves Clause: Evasion moves are banned
|rule|Endless Battle Clause: Forcing endless battles is banned
|rule|HP Percentage Mod: HP is shown in percentages
|rule|Dynamax Clause: You cannot dynamax
|clearpoke
|poke|p1|Rotom-Wash|
|poke|p1|Weavile, F|
|poke|p1|Landorus-Therian, M|
|poke|p1|Heatran, M|
|poke|p1|Tangrowth, F|
|poke|p1|Melmetal|
|poke|p2|Kartana|
|poke|p2|Tapu Lele|
|poke|p2|Corviknight, M|
|poke|p2|Slowking, M|
|poke|p2|Nidoking, M|
|poke|p2|Tyranitar, F|
|teampreview
|c|☆minimax_ai|hf
|inactive|Battle timer is ON: inactive players will automatically lose when time's up. (requested by minimax_ai)
|
|t:|1663141570
|start
|switch|p1a: Melmetal|Melmetal|100/100
|switch|p2a: Nidoking|Nidoking, M|100/100
|turn|1
|
|t:|1663141572
|switch|p2a: Corviknight|Corviknight, M|100/100
|-ability|p2a: Corviknight|Pressure
|move|p1a: Melmetal|Earthquake|p2a: Corviknight
|-immune|p2a: Corviknight
|
|upkeep
|turn|2
|
|t:|1663141575
|move|p2a: Corviknight|Brave Bird|p1a: Melmetal
|-resisted|p1a: Melmetal
|-damage|p1a: Melmetal|90/100
|-damage|p2a: Corviknight|97/100|[from] Recoil
|move|p1a: Melmetal|Thunder Punch|p2a: Corviknight
|-supereffective|p2a: Corviknight
|-damage|p2a: Corviknight|54/100
|-damage|p1a: Melmetal|74/100|[from] item: Rocky Helmet|[of] p2a: Corviknight
|
|upkeep
|turn|3
|
|t:|1663141578
|move|p2a: Corviknight|Roost|p2a: Corviknight
|-heal|p2a: Corviknight|100/100
|-singleturn|p2a: Corviknight|move: Roost
|move|p1a: Melmetal|Thunder Punch|p2a: Corviknight
|-damage|p2a: Corviknight|81/100
|-damage|p1a: Melmetal|57/100|[from] item: Rocky Helmet|[of] p2a: Corviknight
|
|upkeep
|turn|4
|
|t:|1663141584
|move|p2a: Corviknight|Brave Bird|p1a: Melmetal
|-resisted|p1a: Melmetal
|-damage|p1a: Melmetal|47/100
|-damage|p2a: Corviknight|77/100|[from] Recoil
|move|p1a: Melmetal|Ice Punch|p2a: Corviknight
|-damage|p2a: Corviknight|58/100
|-damage|p1a: Melmetal|30/100|[from] item: Rocky Helmet|[of] p2a: Corviknight
|
|upkeep
|turn|5
|
|t:|1663141587
|move|p2a: Corviknight|Roost|p2a: Corviknight
|-heal|p2a: Corviknight|100/100
|-singleturn|p2a: Corviknight|move: Roost
|move|p1a: Melmetal|Earthquake|p2a: Corviknight
|-supereffective|p2a: Corviknight
|-damage|p2a: Corviknight|54/100
|
|upkeep
|turn|6
|
|t:|1663141591
|move|p2a: Corviknight|Roost|p2a: Corviknight
|-heal|p2a: Corviknight|100/100
|-singleturn|p2a: Corviknight|move: Roost
|move|p1a: Melmetal|Earthquake|p2a: Corviknight
|-supereffective|p2a: Corviknight
|-damage|p2a: Corviknight|56/100
|
|upkeep
|turn|7
|
|t:|1663141599
|move|p2a: Corviknight|Brave Bird|p1a: Melmetal
|-resisted|p1a: Melmetal
|-damage|p1a: Melmetal|20/100
|-damage|p2a: Corviknight|53/100|[from] Recoil
|move|p1a: Melmetal|Earthquake|p2a: Corviknight
|-immune|p2a: Corviknight
|
|upkeep
|turn|8
|
|t:|1663141603
|move|p2a: Corviknight|Roost|p2a: Corviknight
|-heal|p2a: Corviknight|100/100
|-singleturn|p2a: Corviknight|move: Roost
|move|p1a: Melmetal|Ice Punch|p2a: Corviknight
|-resisted|p2a: Corviknight
|-damage|p2a: Corviknight|89/100
|-damage|p1a: Melmetal|3/100|[from] item: Rocky Helmet|[of] p2a: Corviknight
|
|upkeep
|turn|9
|
|t:|1663141606
|switch|p1a: rotomwash|Rotom-Wash|100/100
|move|p2a: Corviknight|Brave Bird|p1a: rotomwash
|-resisted|p1a: rotomwash
|-damage|p1a: rotomwash|82/100
|-damage|p2a: Corviknight|85/100|[from] Recoil
|
|-heal|p1a: rotomwash|88/100|[from] item: Leftovers
|upkeep
|turn|10
|
|t:|1663141608
|switch|p2a: Tyranitar|Tyranitar, F|100/100
|-weather|Sandstorm|[from] ability: Sand Stream|[of] p2a: Tyranitar
|move|p1a: rotomwash|Thunderbolt|p2a: Tyranitar
|-damage|p2a: Tyranitar|76/100
|
|-weather|Sandstorm|[upkeep]
|-damage|p1a: rotomwash|82/100|[from] Sandstorm
|-heal|p1a: rotomwash|88/100|[from] item: Leftovers
|upkeep
|turn|11
|
|t:|1663141610
|switch|p1a: Tangrowth|Tangrowth, F|100/100
|move|p2a: Tyranitar|Crunch|p1a: Tangrowth
|-damage|p1a: Tangrowth|65/100
|-unboost|p1a: Tangrowth|def|1
|-damage|p2a: Tyranitar|59/100|[from] item: Rocky Helmet|[of] p1a: Tangrowth
|
|-weather|Sandstorm|[upkeep]
|-damage|p1a: Tangrowth|59/100|[from] Sandstorm
|upkeep
|turn|12
|
|t:|1663141613
|switch|p2a: Corviknight|Corviknight, M|85/100
|-ability|p2a: Corviknight|Pressure
|move|p1a: Tangrowth|Giga Drain|p2a: Corviknight
|-resisted|p2a: Corviknight
|-damage|p2a: Corviknight|78/100
|-heal|p1a: Tangrowth|62/100|[from] drain|[of] p2a: Corviknight
|
|-weather|Sandstorm|[upkeep]
|-damage|p1a: Tangrowth|56/100|[from] Sandstorm
|upkeep
|turn|13
|
|t:|1663141614
|switch|p1a: Heatran|Heatran, M|100/100
|-item|p1a: Heatran|Air Balloon
|move|p2a: Corviknight|Brave Bird|p1a: Heatran
|-resisted|p1a: Heatran
|-damage|p1a: Heatran|83/100
|-enditem|p1a: Heatran|Air Balloon
|-damage|p2a: Corviknight|73/100|[from] Recoil
|
|-weather|Sandstorm|[upkeep]
|upkeep
|turn|14
|
|t:|1663141618
|switch|p2a: Tyranitar|Tyranitar, F|59/100
|move|p1a: Heatran|Eruption|p2a: Tyranitar
|-resisted|p2a: Tyranitar
|-damage|p2a: Tyranitar|37/100
|
|-weather|none
|upkeep
|turn|15
|
|t:|1663141621
|switch|p2a: Slowking|Slowking, M|100/100
|move|p1a: Heatran|Earth Power|p2a: Slowking
|-damage|p2a: Slowking|83/100
|
|upkeep
|turn|16
|
|t:|1663141622
|move|p1a: Heatran|Stealth Rock|p2a: Slowking
|-sidestart|p2: samohi0|move: Stealth Rock
|move|p2a: Slowking|Future Sight|p1a: Heatran
|-start|p2a: Slowking|move: Future Sight
|
|upkeep
|turn|17
|
|t:|1663141624
|switch|p1a: Weavile|Weavile, F|100/100
|-ability|p1a: Weavile|Pressure
|move|p2a: Slowking|Scald|p1a: Weavile
|-damage|p1a: Weavile|60/100
|
|upkeep
|turn|18
|
|t:|1663141626
|switch|p2a: Corviknight|Corviknight, M|73/100
|-damage|p2a: Corviknight|61/100|[from] Stealth Rock
|-ability|p2a: Corviknight|Pressure
|move|p1a: Weavile|Knock Off|p2a: Corviknight
|-damage|p2a: Corviknight|16/100
|-damage|p1a: Weavile|43/100|[from] item: Rocky Helmet|[of] p2a: Corviknight
|-enditem|p2a: Corviknight|Rocky Helmet|[from] move: Knock Off|[of] p1a: Weavile
|
|-end|p1a: Weavile|move: Future Sight
|-immune|p1a: Weavile
|upkeep
|turn|19
|
|t:|1663141629
|move|p1a: Weavile|Knock Off|p2a: Corviknight
|-damage|p2a: Corviknight|0 fnt
|faint|p2a: Corviknight
|
|upkeep
|
|t:|1663141631
|switch|p2a: Kartana|Kartana|100/100
|-damage|p2a: Kartana|94/100|[from] Stealth Rock
|turn|20
|
|t:|1663141634
|switch|p1a: landorustherian|Landorus-Therian, M|100/100
|-ability|p1a: landorustherian|Intimidate|boost
|-unboost|p2a: Kartana|atk|1
|move|p2a: Kartana|Knock Off|p1a: landorustherian
|-damage|p1a: landorustherian|73/100
|-enditem|p1a: landorustherian|Leftovers|[from] move: Knock Off|[of] p2a: Kartana
|
|upkeep
|turn|21
|
|t:|1663141638
|switch|p2a: Slowking|Slowking, M|100/100
|move|p1a: landorustherian|Earthquake|p2a: Slowking
|-damage|p2a: Slowking|53/100
|
|upkeep
|turn|22
|
|t:|1663141641
|move|p1a: landorustherian|Earthquake|p2a: Slowking
|-damage|p2a: Slowking|5/100
|move|p2a: Slowking|Scald|p1a: landorustherian
|-supereffective|p1a: landorustherian
|-damage|p1a: landorustherian|33/100
|
|upkeep
|turn|23
|
|t:|1663141643
|move|p1a: landorustherian|U-turn|p2a: Slowking
|-supereffective|p2a: Slowking
|-damage|p2a: Slowking|0 fnt
|faint|p2a: Slowking
|
|t:|1663141643
|switch|p1a: Melmetal|Melmetal|3/100|[from]move: U-turn
|
|upkeep
|
|t:|1663141649
|switch|p2a: Kartana|Kartana|94/100
|-damage|p2a: Kartana|88/100|[from] Stealth Rock
|turn|24
|
|t:|1663141650
|switch|p1a: Tangrowth|Tangrowth, F|89/100
|move|p2a: Kartana|Knock Off|p1a: Tangrowth
|-damage|p1a: Tangrowth|65/100
|-damage|p2a: Kartana|72/100|[from] item: Rocky Helmet|[of] p1a: Tangrowth
|-enditem|p1a: Tangrowth|Rocky Helmet|[from] move: Knock Off|[of] p2a: Kartana
|
|upkeep
|turn|25
|
|t:|1663141652
|switch|p2a: Nidoking|Nidoking, M|100/100
|-damage|p2a: Nidoking|95/100|[from] Stealth Rock
|move|p1a: Tangrowth|Knock Off|p2a: Nidoking
|-damage|p2a: Nidoking|62/100
|-enditem|p2a: Nidoking|Life Orb|[from] move: Knock Off|[of] p1a: Tangrowth
|
|upkeep
|turn|26
|
|t:|1663141657
|switch|p1a: landorustherian|Landorus-Therian, M|33/100
|-ability|p1a: landorustherian|Intimidate|boost
|-unboost|p2a: Nidoking|atk|1
|move|p2a: Nidoking|Sludge Wave|p1a: landorustherian
|-resisted|p1a: landorustherian
|-damage|p1a: landorustherian|11/100
|
|upkeep
|turn|27
|
|t:|1663141659
|move|p2a: Nidoking|Ice Beam|p1a: landorustherian
|-supereffective|p1a: landorustherian
|-damage|p1a: landorustherian|0 fnt
|faint|p1a: landorustherian
|
|upkeep
|
|t:|1663141659
|switch|p1a: Weavile|Weavile, F|43/100
|-ability|p1a: Weavile|Pressure
|turn|28
|
|t:|1663141662
|move|p1a: Weavile|Triple Axel|p2a: Nidoking
|-supereffective|p2a: Nidoking
|-crit|p2a: Nidoking
|-damage|p2a: Nidoking|2/100
|-supereffective|p2a: Nidoking
|-damage|p2a: Nidoking|0 fnt
|faint|p2a: Nidoking
|-hitcount|p2: Nidoking|2
|
|upkeep
|
|t:|1663141664
|switch|p2a: Kartana|Kartana|72/100
|-damage|p2a: Kartana|65/100|[from] Stealth Rock
|turn|29
|j| Kyurem
|
|t:|1663141667
|switch|p2a: Tapu Lele|Tapu Lele|100/100
|-damage|p2a: Tapu Lele|88/100|[from] Stealth Rock
|-fieldstart|move: Psychic Terrain|[from] ability: Psychic Surge|[of] p2a: Tapu Lele
|switch|p1a: Tangrowth|Tangrowth, F|98/100
|
|upkeep
|turn|30
|
|t:|1663141669
|switch|p1a: Melmetal|Melmetal|3/100
|move|p2a: Tapu Lele|Psychic|p1a: Melmetal
|-resisted|p1a: Melmetal
|-damage|p1a: Melmetal|0 fnt
|faint|p1a: Melmetal
|
|upkeep
|
|t:|1663141669
|switch|p1a: Weavile|Weavile, F|43/100
|-ability|p1a: Weavile|Pressure
|turn|31
|
|t:|1663141671
|switch|p2a: Tyranitar|Tyranitar, F|37/100
|-damage|p2a: Tyranitar|24/100|[from] Stealth Rock
|-weather|Sandstorm|[from] ability: Sand Stream|[of] p2a: Tyranitar
|move|p1a: Weavile|Triple Axel|p2a: Tyranitar
|-damage|p2a: Tyranitar|10/100
|-damage|p2a: Tyranitar|0 fnt
|faint|p2a: Tyranitar
|-hitcount|p2: Tyranitar|2
|
|-weather|Sandstorm|[upkeep]
|-damage|p1a: Weavile|37/100|[from] Sandstorm
|upkeep
|
|t:|1663141673
|switch|p2a: Kartana|Kartana|65/100
|-damage|p2a: Kartana|59/100|[from] Stealth Rock
|turn|32
|
|t:|1663141675
|switch|p2a: Tapu Lele|Tapu Lele|88/100
|-damage|p2a: Tapu Lele|76/100|[from] Stealth Rock
|switch|p1a: Tangrowth|Tangrowth, F|100/100
|
|-weather|Sandstorm|[upkeep]
|-damage|p2a: Tapu Lele|70/100|[from] Sandstorm
|-damage|p1a: Tangrowth|94/100|[from] Sandstorm
|upkeep
|turn|33
|
|t:|1663141679
|switch|p1a: Weavile|Weavile, F|37/100
|-ability|p1a: Weavile|Pressure
|move|p2a: Tapu Lele|Focus Blast|p1a: Weavile
|-supereffective|p1a: Weavile
|-damage|p1a: Weavile|0 fnt
|faint|p1a: Weavile
|
|-weather|Sandstorm|[upkeep]
|-damage|p2a: Tapu Lele|63/100|[from] Sandstorm
|-fieldend|move: Psychic Terrain
|upkeep
|
|t:|1663141679
|switch|p1a: rotomwash|Rotom-Wash|88/100
|turn|34
|
|t:|1663141680
|move|p2a: Tapu Lele|Focus Blast|p1a: rotomwash|[miss]
|-miss|p2a: Tapu Lele|p1a: rotomwash
|move|p1a: rotomwash|Thunderbolt|p2a: Tapu Lele
|-damage|p2a: Tapu Lele|28/100
|
|-weather|Sandstorm|[upkeep]
|-damage|p2a: Tapu Lele|22/100|[from] Sandstorm
|-damage|p1a: rotomwash|82/100|[from] Sandstorm
|-heal|p1a: rotomwash|88/100|[from] item: Leftovers
|upkeep
|turn|35
|
|t:|1663141683
|move|p2a: Tapu Lele|Focus Blast|p1a: rotomwash|[miss]
|-miss|p2a: Tapu Lele|p1a: rotomwash
|move|p1a: rotomwash|Thunderbolt|p2a: Tapu Lele
|-damage|p2a: Tapu Lele|0 fnt
|faint|p2a: Tapu Lele
|
|-weather|none
|-heal|p1a: rotomwash|94/100|[from] item: Leftovers
|upkeep
|
|t:|1663141687
|switch|p2a: Kartana|Kartana|59/100
|-damage|p2a: Kartana|53/100|[from] Stealth Rock
|turn|36
|
|t:|1663141688
|switch|p1a: Tangrowth|Tangrowth, F|100/100
|move|p2a: Kartana|Sacred Sword|p1a: Tangrowth
|-damage|p1a: Tangrowth|81/100
|
|upkeep
|turn|37
|
|t:|1663141689
|move|p2a: Kartana|Sacred Sword|p1a: Tangrowth
|-damage|p1a: Tangrowth|60/100
|move|p1a: Tangrowth|Focus Blast|p2a: Kartana
|-supereffective|p2a: Kartana
|-damage|p2a: Kartana|0 fnt
|faint|p2a: Kartana
|
|win|minimax_ai
|raw|minimax_ai's rating: 1545 &rarr; <strong>1567</strong><br />(+22 for winning)
|raw|samohi0's rating: 1572 &rarr; <strong>1550</strong><br />(-22 for losing)
|c|☆minimax_ai|gg
