|j|☆ban woke
|j|☆shiawasenostory
|t:|1663737304
|gametype|singles
|player|p1|ban woke|psychic-gen4|1579
|player|p2|shiawasenostory|1|1646
|teamsize|p1|6
|teamsize|p2|6
|gen|8
|tier|[Gen 8] OU
|rated|
|rule|Sleep Clause Mod: Limit one foe put to sleep
|rule|Species Clause: Limit one of each Pokémon
|rule|OHKO Clause: OHKO moves are banned
|rule|Evasion Items Clause: Evasion items are banned
|rule|Evasion Moves Clause: Evasion moves are banned
|rule|Endless Battle Clause: Forcing endless battles is banned
|rule|HP Percentage Mod: HP is shown in percentages
|rule|Dynamax Clause: You cannot dynamax
|clearpoke
|poke|p1|Tapu Lele|
|poke|p1|Buzzwole|
|poke|p1|Magnezone|
|poke|p1|Tornadus-Therian, M|
|poke|p1|Landorus-Therian, M|
|poke|p1|Toxapex, F|
|poke|p2|Lanturn, F|
|poke|p2|Tapu Bulu|
|poke|p2|Heatran, M|
|poke|p2|Clefable, F|
|poke|p2|Tornadus-Therian, M|
|poke|p2|Kartana|
|teampreview
|
|t:|1663737323
|start
|switch|p1a: Tapu Lele|Tapu Lele|100/100
|switch|p2a: Tapu Bulu|Tapu Bulu|100/100
|-fieldstart|move: Psychic Terrain|[from] ability: Psychic Surge|[of] p1a: Tapu Lele
|-fieldstart|move: Grassy Terrain|[from] ability: Grassy Surge|[of] p2a: Tapu Bulu
|turn|1
|
|t:|1663737330
|switch|p1a: Toxapex|Toxapex, F|100/100
|move|p2a: Tapu Bulu|Toxic|p1a: Toxapex
|-immune|p1a: Toxapex
|
|upkeep
|turn|2
|
|t:|1663737338
|switch|p2a: Clefable|Clefable, F|100/100
|move|p1a: Toxapex|Knock Off|p2a: Clefable
|-resisted|p2a: Clefable
|-crit|p2a: Clefable
|-damage|p2a: Clefable|87/100
|-enditem|p2a: Clefable|Leftovers|[from] move: Knock Off|[of] p1a: Toxapex
|
|-heal|p2a: Clefable|93/100|[from] Grassy Terrain
|upkeep
|turn|3
|inactive|Battle timer is ON: inactive players will automatically lose when time's up. (requested by shiawasenostory)
|
|t:|1663737351
|switch|p1a: Tornadus|Tornadus-Therian, M|100/100
|move|p2a: Clefable|Teleport|p2a: Clefable
|
|t:|1663737358
|switch|p2a: Lanturn|Lanturn, F|100/100|[from]move: Teleport
|
|upkeep
|turn|4
|
|t:|1663737362
|move|p1a: Tornadus|Knock Off|p2a: Lanturn
|-damage|p2a: Lanturn|78/100
|-enditem|p2a: Lanturn|Leftovers|[from] move: Knock Off|[of] p1a: Tornadus
|move|p2a: Lanturn|Thunder Wave|p1a: Tornadus
|-status|p1a: Tornadus|par
|
|-heal|p2a: Lanturn|85/100|[from] Grassy Terrain
|upkeep
|turn|5
|
|t:|1663737371
|move|p1a: Tornadus|U-turn|p2a: Lanturn
|-damage|p2a: Lanturn|68/100
|j| sudo2963
|
|t:|1663737374
|switch|p1a: Landorus|Landorus-Therian, M|100/100|[from]move: U-turn
|-ability|p1a: Landorus|Intimidate|boost
|-unboost|p2a: Lanturn|atk|1
|move|p2a: Lanturn|Scald|p1a: Landorus
|-supereffective|p1a: Landorus
|-damage|p1a: Landorus|69/100
|
|-heal|p1a: Landorus|75/100|[from] item: Leftovers
|-heal|p2a: Lanturn|74/100|[from] Grassy Terrain
|-fieldend|move: Grassy Terrain
|upkeep
|turn|6
|
|t:|1663737381
|switch|p2a: Tapu Bulu|Tapu Bulu|100/100
|-fieldstart|move: Grassy Terrain|[from] ability: Grassy Surge|[of] p2a: Tapu Bulu
|move|p1a: Landorus|Stealth Rock|p2a: Tapu Bulu
|-sidestart|p2: shiawasenostory|move: Stealth Rock
|
|-heal|p1a: Landorus|81/100|[from] item: Leftovers
|upkeep
|turn|7
|
|t:|1663737388
|switch|p1a: Tornadus|Tornadus-Therian, M|100/100 par
|move|p2a: Tapu Bulu|Swords Dance|p2a: Tapu Bulu
|-boost|p2a: Tapu Bulu|atk|2
|
|upkeep
|turn|8
|
|t:|1663737392
|switch|p2a: Tornadus|Tornadus-Therian, M|100/100
|move|p1a: Tornadus|U-turn|p2a: Tornadus
|-resisted|p2a: Tornadus
|-damage|p2a: Tornadus|94/100
|
|t:|1663737398
|switch|p1a: Magnezone|Magnezone|100/100|[from]move: U-turn
|
|upkeep
|turn|9
|
|t:|1663737405
|switch|p1a: Toxapex|Toxapex, F|100/100
|move|p2a: Tornadus|U-turn|p1a: Toxapex
|-resisted|p1a: Toxapex
|-damage|p1a: Toxapex|96/100
|-damage|p2a: Tornadus|77/100|[from] item: Rocky Helmet|[of] p1a: Toxapex
|
|t:|1663737409
|switch|p2a: Lanturn|Lanturn, F|74/100|[from]move: U-turn
|-damage|p2a: Lanturn|62/100|[from] Stealth Rock
|
|-heal|p2a: Lanturn|68/100|[from] Grassy Terrain
|-heal|p1a: Toxapex|100/100|[from] Grassy Terrain
|upkeep
|turn|10
|
|t:|1663737413
|move|p2a: Lanturn|Volt Switch|p1a: Toxapex
|-supereffective|p1a: Toxapex
|-damage|p1a: Toxapex|67/100
|
|t:|1663737418
|switch|p2a: Clefable|Clefable, F|93/100|[from]move: Volt Switch
|move|p1a: Toxapex|Toxic|p2a: Clefable
|-status|p2a: Clefable|tox
|
|-heal|p2a: Clefable|99/100 tox|[from] Grassy Terrain
|-heal|p1a: Toxapex|73/100|[from] Grassy Terrain
|-fieldend|move: Grassy Terrain
|upkeep
|turn|11
|
|t:|1663737428
|move|p2a: Clefable|Wish|p2a: Clefable
|move|p1a: Toxapex|Recover|p1a: Toxapex
|-heal|p1a: Toxapex|100/100
|
|upkeep
|turn|12
|
|t:|1663737434
|switch|p1a: Landorus|Landorus-Therian, M|81/100
|-ability|p1a: Landorus|Intimidate|boost
|-unboost|p2a: Clefable|atk|1
|move|p2a: Clefable|Teleport|p2a: Clefable
|
|t:|1663737439
|switch|p2a: Tapu Bulu|Tapu Bulu|100/100|[from]move: Teleport
|-damage|p2a: Tapu Bulu|88/100|[from] Stealth Rock
|-fieldstart|move: Grassy Terrain|[from] ability: Grassy Surge|[of] p2a: Tapu Bulu
|
|-heal|p2a: Tapu Bulu|100/100|[from] move: Wish|[wisher] Clefable
|-heal|p1a: Landorus|87/100|[from] item: Leftovers
|upkeep
|turn|13
|
|t:|1663737446
|move|p1a: Landorus|Toxic|p2a: Tapu Bulu
|-status|p2a: Tapu Bulu|tox
|move|p2a: Tapu Bulu|Horn Leech|p1a: Landorus
|-damage|p1a: Landorus|47/100
|
|-heal|p1a: Landorus|53/100|[from] item: Leftovers
|-damage|p2a: Tapu Bulu|94/100 tox|[from] psn
|upkeep
|turn|14
|
|t:|1663737457
|switch|p2a: Clefable|Clefable, F|99/100 tox
|move|p1a: Landorus|U-turn|p2a: Clefable
|-resisted|p2a: Clefable
|-damage|p2a: Clefable|86/100 tox
|
|t:|1663737461
|switch|p1a: Tapu Lele|Tapu Lele|100/100|[from]move: U-turn
|-fieldstart|move: Psychic Terrain|[from] ability: Psychic Surge|[of] p1a: Tapu Lele
|
|upkeep
|turn|15
|
|t:|1663737466
|move|p2a: Clefable|Protect|p2a: Clefable
|-singleturn|p2a: Clefable|Protect
|move|p1a: Tapu Lele|Psyshock|p2a: Clefable
|-activate|p2a: Clefable|move: Protect
|
|upkeep
|turn|16
|
|t:|1663737470
|switch|p2a: Tapu Bulu|Tapu Bulu|94/100 tox
|-damage|p2a: Tapu Bulu|82/100 tox|[from] Stealth Rock
|-fieldstart|move: Grassy Terrain|[from] ability: Grassy Surge|[of] p2a: Tapu Bulu
|move|p1a: Tapu Lele|Psyshock|p2a: Tapu Bulu
|-crit|p2a: Tapu Bulu
|-damage|p2a: Tapu Bulu|11/100 tox
|
|-heal|p2a: Tapu Bulu|17/100 tox|[from] Grassy Terrain
|-heal|p2a: Tapu Bulu|23/100 tox|[from] item: Leftovers
|-damage|p2a: Tapu Bulu|17/100 tox|[from] psn
|upkeep
|turn|17
|
|t:|1663737481
|switch|p2a: Heatran|Heatran, M|100/100
|-damage|p2a: Heatran|88/100|[from] Stealth Rock
|move|p1a: Tapu Lele|Psyshock|p2a: Heatran
|-resisted|p2a: Heatran
|-damage|p2a: Heatran|67/100
|
|-heal|p2a: Heatran|73/100|[from] Grassy Terrain
|-heal|p2a: Heatran|80/100|[from] item: Leftovers
|upkeep
|turn|18
|
|t:|1663737511
|switch|p1a: Magnezone|Magnezone|100/100
|move|p2a: Heatran|Stealth Rock|p1a: Magnezone
|-sidestart|p1: ban woke|move: Stealth Rock
|
|-heal|p2a: Heatran|86/100|[from] Grassy Terrain
|-heal|p2a: Heatran|92/100|[from] item: Leftovers
|upkeep
|turn|19
|
|t:|1663737518
|move|p2a: Heatran|Protect|p2a: Heatran
|-singleturn|p2a: Heatran|Protect
|move|p1a: Magnezone|Body Press|p2a: Heatran
|-activate|p2a: Heatran|move: Protect
|
|-heal|p2a: Heatran|98/100|[from] Grassy Terrain
|-heal|p2a: Heatran|100/100|[from] item: Leftovers
|upkeep
|turn|20
|
|t:|1663737525
|move|p2a: Heatran|Lava Plume|p1a: Magnezone
|-supereffective|p1a: Magnezone
|-damage|p1a: Magnezone|26/100
|move|p1a: Magnezone|Body Press|p2a: Heatran
|-supereffective|p2a: Heatran
|-damage|p2a: Heatran|68/100
|
|-heal|p2a: Heatran|75/100|[from] Grassy Terrain
|-heal|p2a: Heatran|81/100|[from] item: Leftovers
|-heal|p1a: Magnezone|32/100|[from] Grassy Terrain
|-heal|p1a: Magnezone|38/100|[from] item: Leftovers
|-fieldend|move: Grassy Terrain
|upkeep
|turn|21
|
|t:|1663737534
|switch|p1a: Toxapex|Toxapex, F|100/100
|-damage|p1a: Toxapex|88/100|[from] Stealth Rock
|move|p2a: Heatran|Lava Plume|p1a: Toxapex
|-resisted|p1a: Toxapex
|-damage|p1a: Toxapex|74/100
|-status|p1a: Toxapex|brn
|
|-heal|p2a: Heatran|87/100|[from] item: Leftovers
|-damage|p1a: Toxapex|68/100 brn|[from] brn
|upkeep
|turn|22
|
|t:|1663737542
|switch|p2a: Clefable|Clefable, F|86/100 tox
|move|p1a: Toxapex|Recover|p1a: Toxapex
|-heal|p1a: Toxapex|100/100 brn
|
|-damage|p1a: Toxapex|95/100 brn|[from] brn
|upkeep
|turn|23
|
|t:|1663737552
|switch|p1a: Tornadus|Tornadus-Therian, M|100/100 par
|move|p2a: Clefable|Wish|p2a: Clefable
|
|upkeep
|turn|24
|
|t:|1663737557
|move|p1a: Tornadus|Defog|p2a: Clefable
|-unboost|p2a: Clefable|evasion|1
|-sideend|p2: shiawasenostory|Stealth Rock|[from] move: Defog|[of] p1a: Tornadus
|-sideend|p1: ban woke|Stealth Rock|[from] move: Defog|[of] p1a: Tornadus
|move|p2a: Clefable|Teleport|p2a: Clefable
|
|t:|1663737565
|switch|p2a: Tapu Bulu|Tapu Bulu|17/100 tox|[from]move: Teleport
|-fieldstart|move: Grassy Terrain|[from] ability: Grassy Surge|[of] p2a: Tapu Bulu
|
|-heal|p2a: Tapu Bulu|75/100 tox|[from] move: Wish|[wisher] Clefable
|-heal|p2a: Tapu Bulu|81/100 tox|[from] Grassy Terrain
|-heal|p2a: Tapu Bulu|87/100 tox|[from] item: Leftovers
|-damage|p2a: Tapu Bulu|81/100 tox|[from] psn
|upkeep
|turn|25
|
|t:|1663737574
|switch|p2a: Clefable|Clefable, F|86/100 tox
|move|p1a: Tornadus|Knock Off|p2a: Clefable
|-resisted|p2a: Clefable
|-damage|p2a: Clefable|79/100 tox
|
|-heal|p2a: Clefable|85/100 tox|[from] Grassy Terrain
|upkeep
|turn|26
|
|t:|1663737583
|move|p1a: Tornadus|U-turn|p2a: Clefable
|-resisted|p2a: Clefable
|-damage|p2a: Clefable|77/100 tox
|
|t:|1663737585
|switch|p1a: Toxapex|Toxapex, F|100/100 brn|[from]move: U-turn
|move|p2a: Clefable|Wish|p2a: Clefable
|
|-heal|p2a: Clefable|83/100 tox|[from] Grassy Terrain
|-damage|p1a: Toxapex|95/100 brn|[from] brn
|upkeep
|turn|27
|
|t:|1663737593
|switch|p2a: Lanturn|Lanturn, F|68/100
|switch|p1a: Landorus|Landorus-Therian, M|53/100
|-ability|p1a: Landorus|Intimidate|boost
|-unboost|p2a: Lanturn|atk|1
|
|-heal|p2a: Lanturn|100/100|[from] move: Wish|[wisher] Clefable
|-heal|p1a: Landorus|59/100|[from] item: Leftovers
|upkeep
|turn|28
|
|t:|1663737601
|move|p1a: Landorus|U-turn|p2a: Lanturn
|-damage|p2a: Lanturn|75/100
|
|t:|1663737603
|switch|p1a: Toxapex|Toxapex, F|100/100 brn|[from]move: U-turn
|move|p2a: Lanturn|Scald|p1a: Toxapex
|-resisted|p1a: Toxapex
|-damage|p1a: Toxapex|92/100 brn
|
|-heal|p2a: Lanturn|81/100|[from] Grassy Terrain
|-heal|p1a: Toxapex|98/100 brn|[from] Grassy Terrain
|-damage|p1a: Toxapex|92/100 brn|[from] brn
|-fieldend|move: Grassy Terrain
|upkeep
|turn|29
|
|t:|1663737609
|move|p2a: Lanturn|Heal Bell|p2a: Lanturn
|-activate|p2a: Lanturn|move: Heal Bell
|-curestatus|p2: Clefable|tox|[msg]
|-curestatus|p2: Tapu Bulu|tox|[msg]
|move|p1a: Toxapex|Toxic|p2a: Lanturn
|-status|p2a: Lanturn|tox
|
|-damage|p2a: Lanturn|75/100 tox|[from] psn
|-damage|p1a: Toxapex|86/100 brn|[from] brn
|upkeep
|turn|30
|
|t:|1663737616
|switch|p1a: Landorus|Landorus-Therian, M|59/100
|-ability|p1a: Landorus|Intimidate|boost
|-unboost|p2a: Lanturn|atk|1
|move|p2a: Lanturn|Volt Switch|p1a: Landorus
|-immune|p1a: Landorus
|
|-heal|p1a: Landorus|65/100|[from] item: Leftovers
|-damage|p2a: Lanturn|62/100 tox|[from] psn
|upkeep
|turn|31
|
|t:|1663737623
|switch|p2a: Tapu Bulu|Tapu Bulu|81/100
|-fieldstart|move: Grassy Terrain|[from] ability: Grassy Surge|[of] p2a: Tapu Bulu
|move|p1a: Landorus|Stealth Rock|p2a: Tapu Bulu
|-sidestart|p2: shiawasenostory|move: Stealth Rock
|
|-heal|p1a: Landorus|71/100|[from] item: Leftovers
|-heal|p2a: Tapu Bulu|87/100|[from] Grassy Terrain
|-heal|p2a: Tapu Bulu|93/100|[from] item: Leftovers
|upkeep
|turn|32
|
|t:|1663737638
|switch|p2a: Tornadus|Tornadus-Therian, M|100/100
|move|p1a: Landorus|U-turn|p2a: Tornadus
|-resisted|p2a: Tornadus
|-damage|p2a: Tornadus|89/100
|
|t:|1663737643
|switch|p1a: Magnezone|Magnezone|38/100|[from]move: U-turn
|
|-heal|p1a: Magnezone|44/100|[from] Grassy Terrain
|-heal|p1a: Magnezone|50/100|[from] item: Leftovers
|upkeep
|turn|33
|
|t:|1663737651
|move|p2a: Tornadus|U-turn|p1a: Magnezone
|-resisted|p1a: Magnezone
|-damage|p1a: Magnezone|46/100
|
|t:|1663737653
|switch|p2a: Lanturn|Lanturn, F|62/100 tox|[from]move: U-turn
|-damage|p2a: Lanturn|50/100 tox|[from] Stealth Rock
|move|p1a: Magnezone|Iron Defense|p1a: Magnezone
|-boost|p1a: Magnezone|def|2
|
|-heal|p1a: Magnezone|52/100|[from] Grassy Terrain
|-heal|p1a: Magnezone|58/100|[from] item: Leftovers
|-heal|p2a: Lanturn|56/100 tox|[from] Grassy Terrain
|-damage|p2a: Lanturn|50/100 tox|[from] psn
|upkeep
|turn|34
|
|t:|1663737662
|switch|p2a: Heatran|Heatran, M|87/100
|-damage|p2a: Heatran|75/100|[from] Stealth Rock
|move|p1a: Magnezone|Body Press|p2a: Heatran
|-supereffective|p2a: Heatran
|-damage|p2a: Heatran|11/100
|-status|p1a: Magnezone|brn|[from] ability: Flame Body|[of] p2a: Heatran
|
|-heal|p2a: Heatran|18/100|[from] Grassy Terrain
|-heal|p2a: Heatran|24/100|[from] item: Leftovers
|-heal|p1a: Magnezone|64/100 brn|[from] Grassy Terrain
|-heal|p1a: Magnezone|70/100 brn|[from] item: Leftovers
|-damage|p1a: Magnezone|64/100 brn|[from] brn
|upkeep
|turn|35
|
|t:|1663737677
|move|p2a: Heatran|Lava Plume|p1a: Magnezone
|-supereffective|p1a: Magnezone
|-damage|p1a: Magnezone|0 fnt
|faint|p1a: Magnezone
|
|-heal|p2a: Heatran|30/100|[from] Grassy Terrain
|-heal|p2a: Heatran|36/100|[from] item: Leftovers
|-fieldend|move: Grassy Terrain
|upkeep
|
|t:|1663737681
|switch|p1a: Tapu Lele|Tapu Lele|100/100
|-fieldstart|move: Psychic Terrain|[from] ability: Psychic Surge|[of] p1a: Tapu Lele
|turn|36
|
|t:|1663737687
|move|p2a: Heatran|Protect|p2a: Heatran
|-singleturn|p2a: Heatran|Protect
|move|p1a: Tapu Lele|Psychic|p2a: Heatran
|-activate|p2a: Heatran|move: Protect
|
|-heal|p2a: Heatran|42/100|[from] item: Leftovers
|upkeep
|turn|37
|
|t:|1663737701
|move|p1a: Tapu Lele|Psychic|p2a: Heatran
|-resisted|p2a: Heatran
|-damage|p2a: Heatran|0 fnt
|faint|p2a: Heatran
|
|upkeep
|
|t:|1663737705
|switch|p2a: Tapu Bulu|Tapu Bulu|93/100
|-damage|p2a: Tapu Bulu|80/100|[from] Stealth Rock
|-fieldstart|move: Grassy Terrain|[from] ability: Grassy Surge|[of] p2a: Tapu Bulu
|turn|38
|
|t:|1663737715
|switch|p1a: Toxapex|Toxapex, F|100/100 brn
|switch|p2a: Clefable|Clefable, F|83/100
|
|-heal|p2a: Clefable|89/100|[from] Grassy Terrain
|-damage|p1a: Toxapex|95/100 brn|[from] brn
|upkeep
|turn|39
|
|t:|1663737726
|switch|p1a: Tornadus|Tornadus-Therian, M|100/100 par
|move|p2a: Clefable|Moonblast|p1a: Tornadus
|-damage|p1a: Tornadus|68/100 par
|
|-heal|p2a: Clefable|95/100|[from] Grassy Terrain
|upkeep
|turn|40
|
|t:|1663737733
|cant|p1a: Tornadus|par
|move|p2a: Clefable|Moonblast|p1a: Tornadus
|-damage|p1a: Tornadus|34/100 par
|-unboost|p1a: Tornadus|spa|1
|
|-heal|p2a: Clefable|100/100|[from] Grassy Terrain
|upkeep
|turn|41
|
|t:|1663737740
|move|p1a: Tornadus|U-turn|p2a: Clefable
|-resisted|p2a: Clefable
|-damage|p2a: Clefable|93/100
|
|t:|1663737743
|switch|p1a: Tapu Lele|Tapu Lele|100/100|[from]move: U-turn
|-fieldstart|move: Psychic Terrain|[from] ability: Psychic Surge|[of] p1a: Tapu Lele
|move|p2a: Clefable|Moonblast|p1a: Tapu Lele
|-damage|p1a: Tapu Lele|67/100
|-unboost|p1a: Tapu Lele|spa|1
|
|upkeep
|turn|42
|
|t:|1663737750
|move|p1a: Tapu Lele|Psyshock|p2a: Clefable
|-damage|p2a: Clefable|27/100
|move|p2a: Clefable|Moonblast|p1a: Tapu Lele
|-crit|p1a: Tapu Lele
|-damage|p1a: Tapu Lele|18/100
|
|upkeep
|turn|43
|
|t:|1663737758
|move|p2a: Clefable|Protect|p2a: Clefable
|-singleturn|p2a: Clefable|Protect
|move|p1a: Tapu Lele|Psyshock|p2a: Clefable
|-activate|p2a: Clefable|move: Protect
|
|upkeep
|turn|44
|
|t:|1663737762
|switch|p2a: Tapu Bulu|Tapu Bulu|80/100
|-damage|p2a: Tapu Bulu|68/100|[from] Stealth Rock
|-fieldstart|move: Grassy Terrain|[from] ability: Grassy Surge|[of] p2a: Tapu Bulu
|move|p1a: Tapu Lele|Psyshock|p2a: Tapu Bulu
|-damage|p2a: Tapu Bulu|36/100
|
|-heal|p1a: Tapu Lele|24/100|[from] Grassy Terrain
|-heal|p2a: Tapu Bulu|42/100|[from] Grassy Terrain
|-heal|p2a: Tapu Bulu|48/100|[from] item: Leftovers
|upkeep
|turn|45
|
|t:|1663737771
|switch|p1a: Buzzwole|Buzzwole|100/100
|move|p2a: Tapu Bulu|Horn Leech|p1a: Buzzwole
|-resisted|p1a: Buzzwole
|-damage|p1a: Buzzwole|86/100
|-heal|p2a: Tapu Bulu|55/100|[from] drain|[of] p1a: Buzzwole
|
|-heal|p1a: Buzzwole|93/100|[from] Grassy Terrain
|-heal|p2a: Tapu Bulu|61/100|[from] Grassy Terrain
|-heal|p2a: Tapu Bulu|67/100|[from] item: Leftovers
|upkeep
|turn|46
|
|t:|1663737777
|switch|p1a: Tornadus|Tornadus-Therian, M|68/100 par
|move|p2a: Tapu Bulu|Toxic||[still]
|-fail|p2a: Tapu Bulu
|
|-heal|p2a: Tapu Bulu|73/100|[from] Grassy Terrain
|-heal|p2a: Tapu Bulu|80/100|[from] item: Leftovers
|upkeep
|turn|47
|
|t:|1663737785
|switch|p2a: Tornadus|Tornadus-Therian, M|100/100
|move|p1a: Tornadus|U-turn|p2a: Tornadus
|-resisted|p2a: Tornadus
|-damage|p2a: Tornadus|94/100
|
|t:|1663737790
|switch|p1a: Landorus|Landorus-Therian, M|71/100|[from]move: U-turn
|-ability|p1a: Landorus|Intimidate|boost
|-unboost|p2a: Tornadus|atk|1
|
|-heal|p1a: Landorus|77/100|[from] item: Leftovers
|upkeep
|turn|48
|
|t:|1663737795
|move|p2a: Tornadus|Taunt|p1a: Landorus
|-start|p1a: Landorus|move: Taunt
|cant|p1a: Landorus|move: Taunt|Toxic
|
|-heal|p1a: Landorus|83/100|[from] item: Leftovers
|-fieldend|move: Grassy Terrain
|upkeep
|turn|49
|
|t:|1663737801
|move|p2a: Tornadus|Defog|p1a: Landorus
|-unboost|p1a: Landorus|evasion|1
|-sideend|p2: shiawasenostory|Stealth Rock|[from] move: Defog|[of] p2a: Tornadus
|move|p1a: Landorus|U-turn|p2a: Tornadus
|-resisted|p2a: Tornadus
|-damage|p2a: Tornadus|83/100
|
|t:|1663737805
|switch|p1a: Tornadus|Tornadus-Therian, M|100/100 par|[from]move: U-turn
|
|upkeep
|turn|50
|j| AnJian
|
|t:|1663737810
|move|p2a: Tornadus|Hurricane|p1a: Tornadus
|-damage|p1a: Tornadus|57/100 par
|move|p1a: Tornadus|U-turn|p2a: Tornadus
|-resisted|p2a: Tornadus
|-damage|p2a: Tornadus|76/100
|
|t:|1663737813
|switch|p1a: Landorus|Landorus-Therian, M|83/100|[from]move: U-turn
|-ability|p1a: Landorus|Intimidate|boost
|-unboost|p2a: Tornadus|atk|1
|
|-heal|p1a: Landorus|89/100|[from] item: Leftovers
|upkeep
|turn|51
|
|t:|1663737818
|move|p2a: Tornadus|Taunt|p1a: Landorus
|-start|p1a: Landorus|move: Taunt
|cant|p1a: Landorus|move: Taunt|Toxic
|
|-heal|p1a: Landorus|95/100|[from] item: Leftovers
|upkeep
|turn|52
|
|t:|1663737822
|switch|p1a: Toxapex|Toxapex, F|100/100 brn
|move|p2a: Tornadus|Hurricane|p1a: Toxapex
|-damage|p1a: Toxapex|69/100 brn
|
|-damage|p1a: Toxapex|63/100 brn|[from] brn
|upkeep
|turn|53
|
|t:|1663737833
|switch|p1a: Landorus|Landorus-Therian, M|95/100
|-ability|p1a: Landorus|Intimidate|boost
|-unboost|p2a: Tornadus|atk|1
|move|p2a: Tornadus|U-turn|p1a: Landorus
|-resisted|p1a: Landorus
|-damage|p1a: Landorus|92/100
|
|t:|1663737836
|switch|p2a: Tapu Bulu|Tapu Bulu|80/100|[from]move: U-turn
|-fieldstart|move: Grassy Terrain|[from] ability: Grassy Surge|[of] p2a: Tapu Bulu
|
|-heal|p1a: Landorus|98/100|[from] item: Leftovers
|-heal|p2a: Tapu Bulu|86/100|[from] Grassy Terrain
|-heal|p2a: Tapu Bulu|92/100|[from] item: Leftovers
|upkeep
|turn|54
|
|t:|1663737843
|move|p1a: Landorus|U-turn|p2a: Tapu Bulu
|-damage|p2a: Tapu Bulu|78/100
|
|t:|1663737846
|switch|p1a: Tornadus|Tornadus-Therian, M|91/100 par|[from]move: U-turn
|move|p2a: Tapu Bulu|Toxic||[still]
|-fail|p2a: Tapu Bulu
|
|-heal|p2a: Tapu Bulu|84/100|[from] Grassy Terrain
|-heal|p2a: Tapu Bulu|90/100|[from] item: Leftovers
|upkeep
|turn|55
|
|t:|1663737859
|switch|p2a: Tornadus|Tornadus-Therian, M|100/100
|move|p1a: Tornadus|U-turn|p2a: Tornadus
|-resisted|p2a: Tornadus
|-damage|p2a: Tornadus|94/100
|
|t:|1663737862
|switch|p1a: Landorus|Landorus-Therian, M|98/100|[from]move: U-turn
|-ability|p1a: Landorus|Intimidate|boost
|-unboost|p2a: Tornadus|atk|1
|
|-heal|p1a: Landorus|100/100|[from] item: Leftovers
|upkeep
|turn|56
|
|t:|1663737867
|move|p2a: Tornadus|Taunt|p1a: Landorus
|-start|p1a: Landorus|move: Taunt
|cant|p1a: Landorus|move: Taunt|Toxic
|
|upkeep
|turn|57
|
|t:|1663737872
|move|p2a: Tornadus|U-turn|p1a: Landorus
|-resisted|p1a: Landorus
|-damage|p1a: Landorus|96/100
|
|t:|1663737881
|switch|p2a: Kartana|Kartana|100/100|[from]move: U-turn
|move|p1a: Landorus|U-turn|p2a: Kartana
|-damage|p2a: Kartana|79/100
|
|t:|1663737887
|switch|p1a: Buzzwole|Buzzwole|93/100|[from]move: U-turn
|
|-heal|p1a: Buzzwole|99/100|[from] Grassy Terrain
|-heal|p2a: Kartana|85/100|[from] Grassy Terrain
|-fieldend|move: Grassy Terrain
|upkeep
|turn|58
|
|t:|1663737893
|switch|p2a: Tornadus|Tornadus-Therian, M|100/100
|move|p1a: Buzzwole|Ice Punch|p2a: Tornadus
|-supereffective|p2a: Tornadus
|-damage|p2a: Tornadus|47/100
|
|upkeep
|turn|59
|
|t:|1663737898
|switch|p2a: Tapu Bulu|Tapu Bulu|90/100
|-fieldstart|move: Grassy Terrain|[from] ability: Grassy Surge|[of] p2a: Tapu Bulu
|move|p1a: Buzzwole|Ice Punch|p2a: Tapu Bulu
|-supereffective|p2a: Tapu Bulu
|-damage|p2a: Tapu Bulu|52/100
|
|-heal|p1a: Buzzwole|100/100|[from] Grassy Terrain
|-heal|p2a: Tapu Bulu|58/100|[from] Grassy Terrain
|-heal|p2a: Tapu Bulu|64/100|[from] item: Leftovers
|upkeep
|turn|60
|
|t:|1663737909
|switch|p1a: Toxapex|Toxapex, F|96/100 brn
|switch|p2a: Clefable|Clefable, F|27/100
|
|-heal|p2a: Clefable|33/100|[from] Grassy Terrain
|-heal|p1a: Toxapex|100/100 brn|[from] Grassy Terrain
|-damage|p1a: Toxapex|95/100 brn|[from] brn
|upkeep
|turn|61
|
|t:|1663737913
|switch|p1a: Tapu Lele|Tapu Lele|24/100
|-fieldstart|move: Psychic Terrain|[from] ability: Psychic Surge|[of] p1a: Tapu Lele
|move|p2a: Clefable|Wish|p2a: Clefable
|
|upkeep
|turn|62
|l| AnJian
|
|t:|1663737917
|move|p2a: Clefable|Protect|p2a: Clefable
|-singleturn|p2a: Clefable|Protect
|move|p1a: Tapu Lele|Psyshock|p2a: Clefable
|-activate|p2a: Clefable|move: Protect
|
|-heal|p2a: Clefable|83/100|[from] move: Wish|[wisher] Clefable
|upkeep
|turn|63
|
|t:|1663737942
|move|p1a: Tapu Lele|Psyshock|p2a: Clefable
|-damage|p2a: Clefable|0 fnt
|faint|p2a: Clefable
|
|upkeep
|inactive|shiawasenostory has 120 seconds left.
|
|t:|1663737959
|switch|p2a: Kartana|Kartana|85/100
|turn|64
|inactive|shiawasenostory has 120 seconds left.
|
|t:|1663737971
|switch|p1a: Toxapex|Toxapex, F|100/100 brn
|move|p2a: Kartana|Knock Off|p1a: Toxapex
|-damage|p1a: Toxapex|62/100 brn
|-damage|p2a: Kartana|68/100|[from] item: Rocky Helmet|[of] p1a: Toxapex
|-enditem|p1a: Toxapex|Rocky Helmet|[from] move: Knock Off|[of] p2a: Kartana
|
|-damage|p1a: Toxapex|56/100 brn|[from] brn
|upkeep
|turn|65
|inactive|shiawasenostory has 120 seconds left.
|
|t:|1663737985
|switch|p2a: Tapu Bulu|Tapu Bulu|64/100
|-fieldstart|move: Grassy Terrain|[from] ability: Grassy Surge|[of] p2a: Tapu Bulu
|switch|p1a: Tapu Lele|Tapu Lele|24/100
|-fieldstart|move: Psychic Terrain|[from] ability: Psychic Surge|[of] p1a: Tapu Lele
|
|-heal|p2a: Tapu Bulu|71/100|[from] item: Leftovers
|upkeep
|turn|66
|inactive|shiawasenostory has 120 seconds left.
|
|t:|1663737998
|switch|p2a: Lanturn|Lanturn, F|50/100 tox
|move|p1a: Tapu Lele|Psychic|p2a: Lanturn
|-damage|p2a: Lanturn|0 fnt
|faint|p2a: Lanturn
|
|upkeep
|
|t:|1663738002
|switch|p2a: Tornadus|Tornadus-Therian, M|80/100
|turn|67
|
|t:|1663738007
|switch|p1a: Landorus|Landorus-Therian, M|96/100
|-ability|p1a: Landorus|Intimidate|boost
|-unboost|p2a: Tornadus|atk|1
|move|p2a: Tornadus|U-turn|p1a: Landorus
|-resisted|p1a: Landorus
|-damage|p1a: Landorus|91/100
|
|t:|1663738009
|switch|p2a: Kartana|Kartana|68/100|[from]move: U-turn
|
|-heal|p1a: Landorus|97/100|[from] item: Leftovers
|upkeep
|turn|68
|
|t:|1663738016
|switch|p1a: Tornadus|Tornadus-Therian, M|100/100 par
|move|p2a: Kartana|Smart Strike|p1a: Tornadus
|-damage|p1a: Tornadus|32/100 par
|
|upkeep
|turn|69
|
|t:|1663738025
|switch|p2a: Tapu Bulu|Tapu Bulu|71/100
|-fieldstart|move: Grassy Terrain|[from] ability: Grassy Surge|[of] p2a: Tapu Bulu
|switch|p1a: Toxapex|Toxapex, F|89/100 brn
|
|-heal|p2a: Tapu Bulu|77/100|[from] Grassy Terrain
|-heal|p2a: Tapu Bulu|83/100|[from] item: Leftovers
|-heal|p1a: Toxapex|95/100 brn|[from] Grassy Terrain
|-damage|p1a: Toxapex|89/100 brn|[from] brn
|upkeep
|turn|70
|
|t:|1663738031
|move|p2a: Tapu Bulu|Swords Dance|p2a: Tapu Bulu
|-boost|p2a: Tapu Bulu|atk|2
|move|p1a: Toxapex|Toxic|p2a: Tapu Bulu
|-status|p2a: Tapu Bulu|tox
|
|-heal|p2a: Tapu Bulu|89/100 tox|[from] Grassy Terrain
|-heal|p2a: Tapu Bulu|95/100 tox|[from] item: Leftovers
|-heal|p1a: Toxapex|95/100 brn|[from] Grassy Terrain
|-damage|p2a: Tapu Bulu|89/100 tox|[from] psn
|-damage|p1a: Toxapex|89/100 brn|[from] brn
|upkeep
|turn|71
|
|t:|1663738040
|move|p2a: Tapu Bulu|Toxic||[still]
|-fail|p2a: Tapu Bulu
|move|p1a: Toxapex|Haze|p1a: Toxapex
|-clearallboost
|
|-heal|p2a: Tapu Bulu|95/100 tox|[from] Grassy Terrain
|-heal|p2a: Tapu Bulu|100/100 tox|[from] item: Leftovers
|-heal|p1a: Toxapex|95/100 brn|[from] Grassy Terrain
|-damage|p2a: Tapu Bulu|88/100 tox|[from] psn
|-damage|p1a: Toxapex|89/100 brn|[from] brn
|upkeep
|turn|72
|
|t:|1663738049
|switch|p2a: Kartana|Kartana|68/100
|move|p1a: Toxapex|Knock Off|p2a: Kartana
|-damage|p2a: Kartana|61/100
|-enditem|p2a: Kartana|Choice Band|[from] move: Knock Off|[of] p1a: Toxapex
|
|-heal|p2a: Kartana|67/100|[from] Grassy Terrain
|-heal|p1a: Toxapex|95/100 brn|[from] Grassy Terrain
|-damage|p1a: Toxapex|89/100 brn|[from] brn
|upkeep
|turn|73
|
|t:|1663738077
|switch|p1a: Tornadus|Tornadus-Therian, M|65/100 par
|move|p2a: Kartana|Leaf Blade|p1a: Tornadus
|-resisted|p1a: Tornadus
|-damage|p1a: Tornadus|20/100 par
|
|-heal|p2a: Kartana|73/100|[from] Grassy Terrain
|-fieldend|move: Grassy Terrain
|upkeep
|turn|74
|
|t:|1663738083
|move|p2a: Kartana|Smart Strike|p1a: Tornadus
|-damage|p1a: Tornadus|0 fnt
|faint|p1a: Tornadus
|-ability|p2a: Kartana|Beast Boost|boost
|-boost|p2a: Kartana|atk|1
|
|upkeep
|
|t:|1663738085
|switch|p1a: Buzzwole|Buzzwole|100/100
|turn|75
|
|t:|1663738095
|switch|p2a: Tornadus|Tornadus-Therian, M|100/100
|move|p1a: Buzzwole|Close Combat|p2a: Tornadus
|-resisted|p2a: Tornadus
|-damage|p2a: Tornadus|66/100
|-unboost|p1a: Buzzwole|def|1
|-unboost|p1a: Buzzwole|spd|1
|
|upkeep
|turn|76
|
|t:|1663738102
|switch|p1a: Toxapex|Toxapex, F|100/100 brn
|move|p2a: Tornadus|U-turn|p1a: Toxapex
|-resisted|p1a: Toxapex
|-damage|p1a: Toxapex|96/100 brn
|
|t:|1663738109
|switch|p2a: Tapu Bulu|Tapu Bulu|88/100 tox|[from]move: U-turn
|-fieldstart|move: Grassy Terrain|[from] ability: Grassy Surge|[of] p2a: Tapu Bulu
|
|-heal|p2a: Tapu Bulu|94/100 tox|[from] Grassy Terrain
|-heal|p2a: Tapu Bulu|100/100 tox|[from] item: Leftovers
|-heal|p1a: Toxapex|100/100 brn|[from] Grassy Terrain
|-damage|p2a: Tapu Bulu|94/100 tox|[from] psn
|-damage|p1a: Toxapex|95/100 brn|[from] brn
|upkeep
|turn|77
|
|t:|1663738114
|switch|p2a: Kartana|Kartana|73/100
|move|p1a: Toxapex|Haze|p1a: Toxapex
|-clearallboost
|
|-heal|p2a: Kartana|80/100|[from] Grassy Terrain
|-heal|p1a: Toxapex|100/100 brn|[from] Grassy Terrain
|-damage|p1a: Toxapex|95/100 brn|[from] brn
|upkeep
|turn|78
|
|t:|1663738119
|move|p2a: Kartana|Leaf Blade|p1a: Toxapex
|-damage|p1a: Toxapex|50/100 brn
|move|p1a: Toxapex|Knock Off|p2a: Kartana
|-damage|p2a: Kartana|74/100
|
|-heal|p2a: Kartana|80/100|[from] Grassy Terrain
|-heal|p1a: Toxapex|56/100 brn|[from] Grassy Terrain
|-damage|p1a: Toxapex|50/100 brn|[from] brn
|upkeep
|turn|79
|
|t:|1663738126
|switch|p1a: Buzzwole|Buzzwole|100/100
|move|p2a: Kartana|Leaf Blade|p1a: Buzzwole
|-resisted|p1a: Buzzwole
|-damage|p1a: Buzzwole|70/100
|
|-heal|p1a: Buzzwole|77/100|[from] Grassy Terrain
|-heal|p2a: Kartana|87/100|[from] Grassy Terrain
|upkeep
|turn|80
|
|t:|1663738136
|switch|p2a: Tornadus|Tornadus-Therian, M|99/100
|move|p1a: Buzzwole|Close Combat|p2a: Tornadus
|-resisted|p2a: Tornadus
|-damage|p2a: Tornadus|64/100
|-unboost|p1a: Buzzwole|def|1
|-unboost|p1a: Buzzwole|spd|1
|
|-heal|p1a: Buzzwole|83/100|[from] Grassy Terrain
|-fieldend|move: Grassy Terrain
|upkeep
|turn|81
|
|t:|1663738143
|switch|p1a: Landorus|Landorus-Therian, M|97/100
|-ability|p1a: Landorus|Intimidate|boost
|-unboost|p2a: Tornadus|atk|1
|move|p2a: Tornadus|Hurricane|p1a: Landorus
|-damage|p1a: Landorus|64/100
|-start|p1a: Landorus|confusion
|
|-heal|p1a: Landorus|70/100|[from] item: Leftovers
|upkeep
|turn|82
|
|t:|1663738152
|move|p2a: Tornadus|Taunt|p1a: Landorus
|-start|p1a: Landorus|move: Taunt
|-activate|p1a: Landorus|confusion
|move|p1a: Landorus|U-turn|p2a: Tornadus
|-resisted|p2a: Tornadus
|-damage|p2a: Tornadus|53/100
|
|t:|1663738158
|switch|p1a: Buzzwole|Buzzwole|83/100|[from]move: U-turn
|
|upkeep
|turn|83
|
|t:|1663738161
|move|p1a: Buzzwole|Ice Punch|p2a: Tornadus
|-supereffective|p2a: Tornadus
|-crit|p2a: Tornadus
|-damage|p2a: Tornadus|0 fnt
|faint|p2a: Tornadus
|-ability|p1a: Buzzwole|Beast Boost|boost
|-boost|p1a: Buzzwole|atk|1
|
|upkeep
|
|t:|1663738167
|switch|p2a: Kartana|Kartana|87/100
|turn|84
|
|t:|1663738173
|move|p1a: Buzzwole|Ice Punch|p2a: Kartana
|-damage|p2a: Kartana|41/100
|move|p2a: Kartana|Smart Strike|p1a: Buzzwole
|-damage|p1a: Buzzwole|48/100
|
|upkeep
|turn|85
|
|t:|1663738180
|move|p1a: Buzzwole|Ice Punch|p2a: Kartana
|-damage|p2a: Kartana|0 fnt
|faint|p2a: Kartana
|-ability|p1a: Buzzwole|Beast Boost|boost
|-boost|p1a: Buzzwole|atk|1
|
|upkeep
|-message|shiawasenostory forfeited.
|
|win|ban woke
|raw|ban woke's rating: 1579 &rarr; <strong>1603</strong><br />(+24 for winning)
|raw|shiawasenostory's rating: 1646 &rarr; <strong>1622</strong><br />(-24 for losing)
|c|☆ban woke|gg
|l|☆shiawasenostory
