|j|☆chokst du
|j|☆chansey and lulu
|t:|1664127842
|gametype|singles
|player|p1|chokst du|169|1795
|player|p2|chansey and lulu|hooligans|1893
|teamsize|p1|6
|teamsize|p2|6
|gen|8
|tier|[Gen 8] OU
|rated|
|rule|Sleep Clause Mod: Limit one foe put to sleep
|rule|Species Clause: Limit one of each Pokémon
|rule|OHKO Clause: OHKO moves are banned
|rule|Evasion Items Clause: Evasion items are banned
|rule|Evasion Moves Clause: Evasion moves are banned
|rule|Endless Battle Clause: Forcing endless battles is banned
|rule|HP Percentage Mod: HP is shown in percentages
|rule|Dynamax Clause: You cannot dynamax
|clearpoke
|poke|p1|Dragapult, M|
|poke|p1|Clefable, F|
|poke|p1|Nihilego|
|poke|p1|Dragonite, F|
|poke|p1|Gastrodon, M|
|poke|p1|Corviknight, F|
|poke|p2|Tapu Lele|
|poke|p2|Tyranitar, M|
|poke|p2|Excadrill, F|
|poke|p2|Ferrothorn, F|
|poke|p2|Zapdos|
|poke|p2|Urshifu-*, F|
|teampreview
|
|t:|1664127869
|start
|switch|p1a: Clefable|Clefable, F|100/100
|switch|p2a: Tyranitar|Tyranitar, M|100/100
|-weather|Sandstorm|[from] ability: Sand Stream|[of] p2a: Tyranitar
|turn|1
|
|t:|1664127886
|switch|p1a: Corviknight|Corviknight, F|100/100
|-ability|p1a: Corviknight|Pressure
|move|p2a: Tyranitar|Stone Edge|p1a: Corviknight
|-damage|p1a: Corviknight|45/100
|
|-weather|Sandstorm|[upkeep]
|-heal|p1a: Corviknight|51/100|[from] item: Leftovers
|upkeep
|turn|2
|
|t:|1664127894
|switch|p1a: Gastrodon|Gastrodon, M|100/100
|move|p2a: Tyranitar|Stone Edge|p1a: Gastrodon
|-resisted|p1a: Gastrodon
|-damage|p1a: Gastrodon|55/100
|
|-weather|Sandstorm|[upkeep]
|-heal|p1a: Gastrodon|62/100|[from] item: Leftovers
|upkeep
|turn|3
|
|t:|1664127903
|switch|p2a: Ferrothorn|Ferrothorn, F|100/100
|move|p1a: Gastrodon|Scald|p2a: Ferrothorn
|-resisted|p2a: Ferrothorn
|-damage|p2a: Ferrothorn|92/100
|-status|p2a: Ferrothorn|brn
|
|-weather|Sandstorm|[upkeep]
|-heal|p1a: Gastrodon|68/100|[from] item: Leftovers
|-heal|p2a: Ferrothorn|99/100 brn|[from] item: Leftovers
|-damage|p2a: Ferrothorn|92/100 brn|[from] brn
|upkeep
|turn|4
|
|t:|1664127914
|switch|p1a: Corviknight|Corviknight, F|51/100
|-ability|p1a: Corviknight|Pressure
|move|p2a: Ferrothorn|Power Whip|p1a: Corviknight
|-resisted|p1a: Corviknight
|-damage|p1a: Corviknight|48/100
|
|-weather|Sandstorm|[upkeep]
|-heal|p1a: Corviknight|54/100|[from] item: Leftovers
|-heal|p2a: Ferrothorn|99/100 brn|[from] item: Leftovers
|-damage|p2a: Ferrothorn|92/100 brn|[from] brn
|upkeep
|turn|5
|
|t:|1664127925
|move|p1a: Corviknight|Body Press|p2a: Ferrothorn
|-supereffective|p2a: Ferrothorn
|-crit|p2a: Ferrothorn
|-damage|p2a: Ferrothorn|38/100 brn
|-damage|p1a: Corviknight|42/100|[from] ability: Iron Barbs|[of] p2a: Ferrothorn
|move|p2a: Ferrothorn|Knock Off|p1a: Corviknight
|-damage|p1a: Corviknight|35/100
|-enditem|p1a: Corviknight|Leftovers|[from] move: Knock Off|[of] p2a: Ferrothorn
|
|-weather|none
|-heal|p2a: Ferrothorn|44/100 brn|[from] item: Leftovers
|-damage|p2a: Ferrothorn|38/100 brn|[from] brn
|upkeep
|turn|6
|
|t:|1664127937
|switch|p2a: Zapdos|Zapdos|100/100
|move|p1a: Corviknight|Roost|p1a: Corviknight
|-heal|p1a: Corviknight|85/100
|-singleturn|p1a: Corviknight|move: Roost
|
|upkeep
|turn|7
|
|t:|1664127945
|move|p2a: Zapdos|Hurricane|p1a: Corviknight
|-resisted|p1a: Corviknight
|-damage|p1a: Corviknight|65/100
|move|p1a: Corviknight|U-turn|p2a: Zapdos
|-resisted|p2a: Zapdos
|-damage|p2a: Zapdos|95/100
|
|t:|1664127949
|switch|p1a: Gastrodon|Gastrodon, M|68/100|[from]move: U-turn
|
|-heal|p1a: Gastrodon|74/100|[from] item: Leftovers
|upkeep
|turn|8
|
|t:|1664127956
|switch|p2a: Ferrothorn|Ferrothorn, F|38/100 brn
|move|p1a: Gastrodon|Recover|p1a: Gastrodon
|-heal|p1a: Gastrodon|100/100
|
|-heal|p2a: Ferrothorn|44/100 brn|[from] item: Leftovers
|-damage|p2a: Ferrothorn|38/100 brn|[from] brn
|upkeep
|turn|9
|
|t:|1664127964
|move|p1a: Gastrodon|Earth Power|p2a: Ferrothorn
|-damage|p2a: Ferrothorn|20/100 brn
|move|p2a: Ferrothorn|Leech Seed|p1a: Gastrodon
|-start|p1a: Gastrodon|move: Leech Seed
|
|-heal|p2a: Ferrothorn|26/100 brn|[from] item: Leftovers
|-damage|p1a: Gastrodon|88/100|[from] Leech Seed|[of] p2a: Ferrothorn
|-heal|p2a: Ferrothorn|41/100 brn|[silent]
|-damage|p2a: Ferrothorn|35/100 brn|[from] brn
|upkeep
|turn|10
|
|t:|1664127974
|switch|p1a: Clefable|Clefable, F|100/100
|move|p2a: Ferrothorn|Leech Seed|p1a: Clefable
|-start|p1a: Clefable|move: Leech Seed
|
|-heal|p2a: Ferrothorn|41/100 brn|[from] item: Leftovers
|-damage|p2a: Ferrothorn|35/100 brn|[from] brn
|upkeep
|turn|11
|j| endless spring
|
|t:|1664127982
|move|p1a: Clefable|Knock Off|p2a: Ferrothorn
|-damage|p2a: Ferrothorn|24/100 brn
|-activate|p2a: Ferrothorn|ability: Iron Barbs
|-enditem|p2a: Ferrothorn|Leftovers|[from] move: Knock Off|[of] p1a: Clefable
|move|p2a: Ferrothorn|Knock Off|p1a: Clefable
|-resisted|p1a: Clefable
|-damage|p1a: Clefable|97/100
|-damage|p2a: Ferrothorn|7/100 brn|[from] item: Rocky Helmet|[of] p1a: Clefable
|-enditem|p1a: Clefable|Rocky Helmet|[from] move: Knock Off|[of] p2a: Ferrothorn
|
|-damage|p2a: Ferrothorn|1/100 brn|[from] brn
|upkeep
|turn|12
|
|t:|1664127994
|move|p1a: Clefable|Knock Off|p2a: Ferrothorn
|-damage|p2a: Ferrothorn|0 fnt
|-activate|p2a: Ferrothorn|ability: Iron Barbs
|faint|p2a: Ferrothorn
|
|upkeep
|j| emo705
|
|t:|1664128013
|switch|p2a: Tyranitar|Tyranitar, M|100/100
|-weather|Sandstorm|[from] ability: Sand Stream|[of] p2a: Tyranitar
|turn|13
|
|t:|1664128020
|move|p2a: Tyranitar|Stone Edge|p1a: Clefable|[miss]
|-miss|p2a: Tyranitar|p1a: Clefable
|move|p1a: Clefable|Knock Off|p2a: Tyranitar
|-resisted|p2a: Tyranitar
|-damage|p2a: Tyranitar|93/100
|-enditem|p2a: Tyranitar|Choice Band|[from] move: Knock Off|[of] p1a: Clefable
|
|-weather|Sandstorm|[upkeep]
|upkeep
|turn|14
|
|t:|1664128029
|switch|p2a: Excadrill|Excadrill, F|100/100
|move|p1a: Clefable|Soft-Boiled|p1a: Clefable
|-heal|p1a: Clefable|100/100
|
|-weather|Sandstorm|[upkeep]
|upkeep
|turn|15
|
|t:|1664128036
|switch|p1a: Corviknight|Corviknight, F|65/100
|-ability|p1a: Corviknight|Pressure
|move|p2a: Excadrill|Rock Slide|p1a: Corviknight
|-damage|p1a: Corviknight|35/100
|
|-weather|Sandstorm|[upkeep]
|upkeep
|turn|16
|
|t:|1664128044
|move|p2a: Excadrill|Rock Slide|p1a: Corviknight
|-damage|p1a: Corviknight|7/100
|cant|p1a: Corviknight|flinch
|
|-weather|Sandstorm|[upkeep]
|upkeep
|turn|17
|
|t:|1664128050
|move|p2a: Excadrill|Rock Slide|p1a: Corviknight
|-damage|p1a: Corviknight|0 fnt
|faint|p1a: Corviknight
|
|-weather|none
|upkeep
|
|t:|1664128055
|switch|p1a: Dragapult|Dragapult, M|100/100
|turn|18
|
|t:|1664128061
|switch|p2a: Zapdos|Zapdos|95/100
|move|p1a: Dragapult|Draco Meteor|p2a: Zapdos
|-crit|p2a: Zapdos
|-damage|p2a: Zapdos|0 fnt
|-unboost|p1a: Dragapult|spa|2
|faint|p2a: Zapdos
|
|upkeep
|
|t:|1664128070
|switch|p2a: Tyranitar|Tyranitar, M|93/100
|-weather|Sandstorm|[from] ability: Sand Stream|[of] p2a: Tyranitar
|turn|19
|
|t:|1664128074
|switch|p1a: Clefable|Clefable, F|100/100
|move|p2a: Tyranitar|Stone Edge|p1a: Clefable|[miss]
|-miss|p2a: Tyranitar|p1a: Clefable
|
|-weather|Sandstorm|[upkeep]
|upkeep
|turn|20
|
|t:|1664128082
|switch|p2a: Excadrill|Excadrill, F|100/100
|move|p1a: Clefable|Stealth Rock|p2a: Excadrill
|-sidestart|p2: chansey and lulu|move: Stealth Rock
|
|-weather|Sandstorm|[upkeep]
|upkeep
|turn|21
|
|t:|1664128092
|switch|p1a: Gastrodon|Gastrodon, M|88/100
|move|p2a: Excadrill|Earthquake|p1a: Gastrodon
|-damage|p1a: Gastrodon|0 fnt
|faint|p1a: Gastrodon
|
|-weather|Sandstorm|[upkeep]
|upkeep
|
|t:|1664128094
|switch|p1a: Dragonite|Dragonite, F|100/100
|turn|22
|
|t:|1664128101
|switch|p2a: Tapu Lele|Tapu Lele|100/100
|-damage|p2a: Tapu Lele|88/100|[from] Stealth Rock
|-fieldstart|move: Psychic Terrain|[from] ability: Psychic Surge|[of] p2a: Tapu Lele
|move|p1a: Dragonite|Earthquake|p2a: Tapu Lele
|-damage|p2a: Tapu Lele|30/100
|
|-weather|Sandstorm|[upkeep]
|-damage|p2a: Tapu Lele|24/100|[from] Sandstorm
|-damage|p1a: Dragonite|94/100|[from] Sandstorm
|upkeep
|turn|23
|
|t:|1664128111
|switch|p1a: Clefable|Clefable, F|100/100
|move|p2a: Tapu Lele|Psychic|p1a: Clefable
|-crit|p1a: Clefable
|-damage|p1a: Clefable|5/100
|
|-weather|none
|upkeep
|turn|24
|
|t:|1664128118
|move|p2a: Tapu Lele|Psychic|p1a: Clefable
|-damage|p1a: Clefable|0 fnt
|faint|p1a: Clefable
|
|upkeep
|
|t:|1664128126
|switch|p1a: Dragapult|Dragapult, M|100/100
|turn|25
|
|t:|1664128131
|switch|p2a: Tyranitar|Tyranitar, M|93/100
|-damage|p2a: Tyranitar|81/100|[from] Stealth Rock
|-weather|Sandstorm|[from] ability: Sand Stream|[of] p2a: Tyranitar
|move|p1a: Dragapult|U-turn|p2a: Tyranitar
|-supereffective|p2a: Tyranitar
|-damage|p2a: Tyranitar|49/100
|
|t:|1664128142
|switch|p1a: Nihilego|Nihilego|100/100|[from]move: U-turn
|
|-weather|Sandstorm|[upkeep]
|upkeep
|turn|26
|j| user1_ou
|
|t:|1664128151
|switch|p2a: Excadrill|Excadrill, F|100/100
|-damage|p2a: Excadrill|97/100|[from] Stealth Rock
|move|p1a: Nihilego|Grass Knot|p2a: Excadrill
|-crit|p2a: Excadrill
|-damage|p2a: Excadrill|61/100
|
|-weather|Sandstorm|[upkeep]
|-fieldend|move: Psychic Terrain
|upkeep
|turn|27
|
|t:|1664128160
|switch|p1a: Dragapult|Dragapult, M|100/100
|move|p2a: Excadrill|Iron Head|p1a: Dragapult
|-damage|p1a: Dragapult|7/100
|
|-weather|Sandstorm|[upkeep]
|-damage|p1a: Dragapult|1/100|[from] Sandstorm
|upkeep
|turn|28
|j| Test fratecc
|j| darkcloud1986
|
|t:|1664128168
|move|p2a: Excadrill|Iron Head|p1a: Dragapult
|-damage|p1a: Dragapult|0 fnt
|faint|p1a: Dragapult
|
|-weather|Sandstorm|[upkeep]
|upkeep
|
|t:|1664128170
|switch|p1a: Dragonite|Dragonite, F|94/100
|turn|29
|
|t:|1664128174
|switch|p2a: Urshifu|Urshifu-Rapid-Strike, F|100/100
|-damage|p2a: Urshifu|94/100|[from] Stealth Rock
|move|p1a: Dragonite|Dragon Dance|p1a: Dragonite
|-boost|p1a: Dragonite|atk|1
|-boost|p1a: Dragonite|spe|1
|
|-weather|none
|upkeep
|turn|30
|
|t:|1664128182
|move|p1a: Dragonite|Dragon Dance|p1a: Dragonite
|-boost|p1a: Dragonite|atk|1
|-boost|p1a: Dragonite|spe|1
|move|p2a: Urshifu|Ice Punch|p1a: Dragonite
|-supereffective|p1a: Dragonite
|-damage|p1a: Dragonite|0 fnt
|faint|p1a: Dragonite
|
|upkeep
|
|t:|1664128188
|switch|p1a: Nihilego|Nihilego|100/100
|turn|31
|
|t:|1664128191
|switch|p2a: Tyranitar|Tyranitar, M|49/100
|-damage|p2a: Tyranitar|37/100|[from] Stealth Rock
|-weather|Sandstorm|[from] ability: Sand Stream|[of] p2a: Tyranitar
|move|p1a: Nihilego|Meteor Beam||[still]
|-prepare|p1a: Nihilego|Meteor Beam
|-boost|p1a: Nihilego|spa|1
|-enditem|p1a: Nihilego|Power Herb
|-anim|p1a: Nihilego|Meteor Beam|p2a: Tyranitar|[miss]
|-miss|p1a: Nihilego|p2a: Tyranitar
|
|-weather|Sandstorm|[upkeep]
|upkeep
|turn|32
|-message|chokst du forfeited.
|
|win|chansey and lulu
|raw|chokst du's rating: 1795 &rarr; <strong>1780</strong><br />(-15 for losing)
|raw|chansey and lulu's rating: 1893 &rarr; <strong>1908</strong><br />(+15 for winning)
|l| Test fratecc
|l|☆chokst du
||Ladder isn't responding, score probably updated but might not have (Request timeout).
