|j|☆roger goodell
|j|☆stopthreat
|t:|1650781036
|gametype|singles
|player|p1|roger goodell|harlequin|1755
|player|p2|stopthreat|skier|1747
|teamsize|p1|6
|teamsize|p2|6
|gen|8
|tier|[Gen 8] OU
|rated|
|rule|Sleep Clause Mod: Limit one foe put to sleep
|rule|Species Clause: Limit one of each Pokémon
|rule|OHKO Clause: OHKO moves are banned
|rule|Evasion Moves Clause: Evasion moves are banned
|rule|Endless Battle Clause: Forcing endless battles is banned
|rule|HP Percentage Mod: HP is shown in percentages
|rule|Dynamax Clause: You cannot dynamax
|clearpoke
|poke|p1|Sirfetch’d, M|
|poke|p1|Heatran, M|
|poke|p1|Rillaboom, F|
|poke|p1|Tapu Fini|
|poke|p1|Landorus-Therian, M|
|poke|p1|Kartana|
|poke|p2|Dragapult, F|
|poke|p2|Clefable, M|
|poke|p2|Crawdaunt, F|
|poke|p2|Corviknight, M|
|poke|p2|Heatran, M|
|poke|p2|Gastrodon, M|
|teampreview
|inactive|Battle timer is ON: inactive players will automatically lose when time's up. (requested by roger goodell)
|
|t:|1650781040
|start
|switch|p1a: Landorus|Landorus-Therian, M|100/100
|switch|p2a: Clefable|Clefable, M|100/100
|-ability|p1a: Landorus|Intimidate|boost
|-unboost|p2a: Clefable|atk|1
|turn|1
|
|t:|1650781046
|switch|p1a: Tapu Fini|Tapu Fini|100/100
|-fieldstart|move: Misty Terrain|[from] ability: Misty Surge|[of] p1a: Tapu Fini
|move|p2a: Clefable|Ice Beam|p1a: Tapu Fini
|-resisted|p1a: Tapu Fini
|-damage|p1a: Tapu Fini|82/100
|
|upkeep
|turn|2
|
|t:|1650781052
|move|p1a: Tapu Fini|Moonblast|p2a: Clefable
|-damage|p2a: Clefable|53/100
|-unboost|p2a: Clefable|spa|1
|move|p2a: Clefable|Thunder|p1a: Tapu Fini
|-supereffective|p1a: Tapu Fini
|-damage|p1a: Tapu Fini|24/100
|
|upkeep
|turn|3
|
|t:|1650781057
|move|p1a: Tapu Fini|Moonblast|p2a: Clefable
|-damage|p2a: Clefable|8/100
|move|p2a: Clefable|Thunder|p1a: Tapu Fini
|-supereffective|p1a: Tapu Fini
|-damage|p1a: Tapu Fini|0 fnt
|faint|p1a: Tapu Fini
|
|upkeep
|j| Bad Players
|l| Bad Players
|j| Rovecraetove
|
|t:|1650781077
|switch|p1a: Heatran|Heatran, M|100/100
|-item|p1a: Heatran|Air Balloon
|turn|4
|
|t:|1650781100
|move|p1a: Heatran|Stealth Rock|p2a: Clefable
|-sidestart|p2: stopthreat|move: Stealth Rock
|move|p2a: Clefable|Thunder|p1a: Heatran
|-damage|p1a: Heatran|69/100
|-status|p1a: Heatran|par
|-enditem|p1a: Heatran|Air Balloon
|
|upkeep
|turn|5
|
|t:|1650781110
|move|p2a: Clefable|Thunder|p1a: Heatran|[miss]
|-miss|p2a: Clefable|p1a: Heatran
|cant|p1a: Heatran|par
|
|-fieldend|Misty Terrain
|upkeep
|turn|6
|
|t:|1650781114
|move|p2a: Clefable|Thunder|p1a: Heatran
|-damage|p1a: Heatran|38/100 par
|cant|p1a: Heatran|par
|
|upkeep
|turn|7
|
|t:|1650781120
|move|p2a: Clefable|Thunder|p1a: Heatran|[miss]
|-miss|p2a: Clefable|p1a: Heatran
|move|p1a: Heatran|Earth Power|p2a: Clefable
|-damage|p2a: Clefable|0 fnt
|faint|p2a: Clefable
|
|upkeep
|
|t:|1650781124
|switch|p2a: Crawdaunt|Crawdaunt, F|100/100
|-damage|p2a: Crawdaunt|88/100|[from] Stealth Rock
|turn|8
|
|t:|1650781127
|move|p2a: Crawdaunt|Crabhammer|p1a: Heatran
|-supereffective|p1a: Heatran
|-damage|p1a: Heatran|0 fnt
|faint|p1a: Heatran
|
|upkeep
|
|t:|1650781129
|switch|p1a: Sirfetch’d|Sirfetch’d, M|100/100
|turn|9
|
|t:|1650781131
|switch|p2a: Corviknight|Corviknight, M|100/100
|-damage|p2a: Corviknight|88/100|[from] Stealth Rock
|-ability|p2a: Corviknight|Pressure
|move|p1a: Sirfetch’d|Swords Dance|p1a: Sirfetch’d
|-boost|p1a: Sirfetch’d|atk|2
|
|upkeep
|turn|10
|
|t:|1650781140
|switch|p2a: Gastrodon|Gastrodon, M|100/100
|-damage|p2a: Gastrodon|94/100|[from] Stealth Rock
|move|p1a: Sirfetch’d|Close Combat|p2a: Gastrodon
|-crit|p2a: Gastrodon
|-damage|p2a: Gastrodon|0 fnt
|-unboost|p1a: Sirfetch’d|def|1
|-unboost|p1a: Sirfetch’d|spd|1
|faint|p2a: Gastrodon
|
|upkeep
|
|t:|1650781142
|switch|p2a: Dragapult|Dragapult, F|100/100
|-damage|p2a: Dragapult|88/100|[from] Stealth Rock
|turn|11
|
|t:|1650781149
|switch|p1a: Landorus|Landorus-Therian, M|100/100
|-ability|p1a: Landorus|Intimidate|boost
|-unboost|p2a: Dragapult|atk|1
|move|p2a: Dragapult|Draco Meteor|p1a: Landorus
|-damage|p1a: Landorus|39/100
|-unboost|p2a: Dragapult|spa|2
|
|upkeep
|turn|12
|
|t:|1650781154
|switch|p2a: Corviknight|Corviknight, M|88/100
|-damage|p2a: Corviknight|75/100|[from] Stealth Rock
|-ability|p2a: Corviknight|Pressure
|move|p1a: Landorus|U-turn|p2a: Corviknight
|-resisted|p2a: Corviknight
|-damage|p2a: Corviknight|71/100
|-damage|p1a: Landorus|22/100|[from] item: Rocky Helmet|[of] p2a: Corviknight
|
|t:|1650781156
|switch|p1a: Sirfetch’d|Sirfetch’d, M|100/100|[from]move: U-turn
|
|upkeep
|turn|13
|
|t:|1650781176
|move|p1a: Sirfetch’d|Close Combat|p2a: Corviknight
|-damage|p2a: Corviknight|11/100
|-unboost|p1a: Sirfetch’d|def|1
|-unboost|p1a: Sirfetch’d|spd|1
|-damage|p1a: Sirfetch’d|84/100|[from] item: Rocky Helmet|[of] p2a: Corviknight
|move|p2a: Corviknight|Brave Bird|p1a: Sirfetch’d
|-supereffective|p1a: Sirfetch’d
|-damage|p1a: Sirfetch’d|0 fnt
|faint|p1a: Sirfetch’d
|-damage|p2a: Corviknight|0 fnt|[from] Recoil
|faint|p2a: Corviknight
|
|upkeep
|
|t:|1650781185
|switch|p1a: Kartana|Kartana|100/100
|switch|p2a: Heatran|Heatran, M|100/100
|-damage|p2a: Heatran|88/100|[from] Stealth Rock
|turn|14
|
|t:|1650781191
|switch|p1a: Landorus|Landorus-Therian, M|22/100
|-ability|p1a: Landorus|Intimidate|boost
|-unboost|p2a: Heatran|atk|1
|move|p2a: Heatran|Magma Storm|p1a: Landorus|[miss]
|-miss|p2a: Heatran|p1a: Landorus
|
|-heal|p2a: Heatran|94/100|[from] item: Leftovers
|upkeep
|turn|15
|
|t:|1650781196
|switch|p2a: Crawdaunt|Crawdaunt, F|88/100
|-damage|p2a: Crawdaunt|76/100|[from] Stealth Rock
|move|p1a: Landorus|Earthquake|p2a: Crawdaunt
|-damage|p2a: Crawdaunt|0 fnt
|faint|p2a: Crawdaunt
|
|upkeep
|
|t:|1650781199
|switch|p2a: Dragapult|Dragapult, F|88/100
|-damage|p2a: Dragapult|76/100|[from] Stealth Rock
|turn|16
|
|t:|1650781206
|move|p2a: Dragapult|Shadow Ball|p1a: Landorus
|-damage|p1a: Landorus|0 fnt
|faint|p1a: Landorus
|
|upkeep
|
|t:|1650781215
|switch|p1a: Rillaboom|Rillaboom, F|100/100
|-fieldstart|move: Grassy Terrain|[from] ability: Grassy Surge|[of] p1a: Rillaboom
|turn|17
|
|t:|1650781228
|move|p2a: Dragapult|Shadow Ball|p1a: Rillaboom
|-damage|p1a: Rillaboom|32/100
|-unboost|p1a: Rillaboom|spd|1
|move|p1a: Rillaboom|Knock Off|p2a: Dragapult
|-supereffective|p2a: Dragapult
|-damage|p2a: Dragapult|0 fnt
|-enditem|p2a: Dragapult|Choice Specs|[from] move: Knock Off|[of] p1a: Rillaboom
|faint|p2a: Dragapult
|-damage|p1a: Rillaboom|22/100|[from] item: Life Orb
|
|-heal|p1a: Rillaboom|28/100|[from] Grassy Terrain
|upkeep
|
|t:|1650781233
|switch|p2a: Heatran|Heatran, M|94/100
|-damage|p2a: Heatran|82/100|[from] Stealth Rock
|turn|18
|
|t:|1650781236
|move|p2a: Heatran|Protect|p2a: Heatran
|-singleturn|p2a: Heatran|Protect
|move|p1a: Rillaboom|Superpower|p2a: Heatran
|-activate|p2a: Heatran|move: Protect
|
|-heal|p1a: Rillaboom|34/100|[from] Grassy Terrain
|-heal|p2a: Heatran|88/100|[from] Grassy Terrain
|-heal|p2a: Heatran|94/100|[from] item: Leftovers
|upkeep
|turn|19
|
|t:|1650781243
|move|p1a: Rillaboom|Superpower|p2a: Heatran
|-supereffective|p2a: Heatran
|-damage|p2a: Heatran|4/100
|-unboost|p1a: Rillaboom|atk|1
|-unboost|p1a: Rillaboom|def|1
|-damage|p1a: Rillaboom|24/100|[from] item: Life Orb
|move|p2a: Heatran|Magma Storm|p1a: Rillaboom
|-supereffective|p1a: Rillaboom
|-damage|p1a: Rillaboom|0 fnt
|faint|p1a: Rillaboom
|
|-heal|p2a: Heatran|10/100|[from] Grassy Terrain
|-heal|p2a: Heatran|16/100|[from] item: Leftovers
|upkeep
|
|t:|1650781246
|switch|p1a: Kartana|Kartana|100/100
|turn|20
|
|t:|1650781248
|move|p1a: Kartana|Sacred Sword|p2a: Heatran
|-supereffective|p2a: Heatran
|-damage|p2a: Heatran|0 fnt
|faint|p2a: Heatran
|
|win|roger goodell
|raw|roger goodell's rating: 1755 &rarr; <strong>1775</strong><br />(+20 for winning)
|raw|stopthreat's rating: 1747 &rarr; <strong>1727</strong><br />(-20 for losing)
|l|☆stopthreat
