|j|☆Great Alex
|j|☆fldandtooton
|t:|1617835374
|gametype|singles
|player|p1|Great Alex|2|1553
|player|p2|fldandtooton|infielder|1607
|teamsize|p1|6
|teamsize|p2|6
|gen|8
|tier|[Gen 8] OU
|rated|
|clearpoke
|poke|p1|Clefable, F|
|poke|p1|Melmetal|
|poke|p1|Moltres|
|poke|p1|Rillaboom, M|
|poke|p1|Swampert, M|
|poke|p1|Dragapult, F|
|poke|p2|Kyurem|
|poke|p2|Dragapult, F|
|poke|p2|Hydreigon, F|
|poke|p2|Zeraora|
|poke|p2|Heatran, M|
|poke|p2|Tyranitar, F|
|rule|Sleep Clause Mod: Limit one foe put to sleep
|rule|Species Clause: Limit one of each Pokémon
|rule|OHKO Clause: OHKO moves are banned
|rule|Evasion Moves Clause: Evasion moves are banned
|rule|Endless Battle Clause: Forcing endless battles is banned
|rule|HP Percentage Mod: HP is shown in percentages
|rule|Dynamax Clause: You cannot dynamax
|teampreview
|
|t:|1617835393
|start
|switch|p1a: Melmetal|Melmetal|100/100
|switch|p2a: Kyurem|Kyurem|100/100
|-ability|p2a: Kyurem|Pressure
|turn|1
|
|t:|1617835402
|move|p2a: Kyurem|Focus Blast|p1a: Melmetal
|-supereffective|p1a: Melmetal
|-damage|p1a: Melmetal|0 fnt
|faint|p1a: Melmetal
|
|upkeep
|
|t:|1617835408
|switch|p1a: Dragapult|Dragapult, F|100/100
|turn|2
|
|t:|1617835421
|switch|p2a: Tyranitar|Tyranitar, F|100/100
|-weather|Sandstorm|[from] ability: Sand Stream|[of] p2a: Tyranitar
|move|p1a: Dragapult|Draco Meteor|p2a: Tyranitar|[miss]
|-miss|p1a: Dragapult|p2a: Tyranitar
|
|-weather|Sandstorm|[upkeep]
|-damage|p1a: Dragapult|95/100|[from] Sandstorm
|upkeep
|turn|3
|
|t:|1617835434
|switch|p1a: Swampert|Swampert, M|100/100
|move|p2a: Tyranitar|Crunch|p1a: Swampert
|-damage|p1a: Swampert|67/100
|
|-weather|Sandstorm|[upkeep]
|-heal|p1a: Swampert|73/100|[from] item: Leftovers
|upkeep
|turn|4
|
|t:|1617835445
|switch|p2a: Hydreigon|Hydreigon, F|100/100
|move|p1a: Swampert|Toxic|p2a: Hydreigon
|-status|p2a: Hydreigon|tox
|
|-weather|Sandstorm|[upkeep]
|-damage|p2a: Hydreigon|94/100 tox|[from] Sandstorm
|-heal|p2a: Hydreigon|100/100 tox|[from] item: Leftovers
|-heal|p1a: Swampert|79/100|[from] item: Leftovers
|-damage|p2a: Hydreigon|94/100 tox|[from] psn
|upkeep
|turn|5
|
|t:|1617835457
|move|p2a: Hydreigon|Draco Meteor|p1a: Swampert
|-damage|p1a: Swampert|45/100
|-unboost|p2a: Hydreigon|spa|2
|move|p1a: Swampert|Stealth Rock|p2a: Hydreigon
|-sidestart|p2: fldandtooton|move: Stealth Rock
|
|-weather|Sandstorm|[upkeep]
|-damage|p2a: Hydreigon|88/100 tox|[from] Sandstorm
|-heal|p2a: Hydreigon|94/100 tox|[from] item: Leftovers
|-heal|p1a: Swampert|51/100|[from] item: Leftovers
|-damage|p2a: Hydreigon|82/100 tox|[from] psn
|upkeep
|turn|6
|
|t:|1617835470
|switch|p2a: Dragapult|Dragapult, F|100/100
|-damage|p2a: Dragapult|88/100|[from] Stealth Rock
|move|p1a: Swampert|Earthquake|p2a: Dragapult
|-damage|p2a: Dragapult|32/100
|
|-weather|none
|-heal|p1a: Swampert|57/100|[from] item: Leftovers
|upkeep
|turn|7
|
|t:|1617835480
|move|p2a: Dragapult|Shadow Ball|p1a: Swampert
|-damage|p1a: Swampert|23/100
|-unboost|p1a: Swampert|spd|1
|move|p1a: Swampert|Earthquake|p2a: Dragapult
|-damage|p2a: Dragapult|0 fnt
|faint|p2a: Dragapult
|
|-heal|p1a: Swampert|29/100|[from] item: Leftovers
|upkeep
|
|t:|1617835499
|switch|p2a: Kyurem|Kyurem|100/100
|-damage|p2a: Kyurem|76/100|[from] Stealth Rock
|-ability|p2a: Kyurem|Pressure
|turn|8
|
|t:|1617835508
|switch|p1a: Clefable|Clefable, F|100/100
|move|p2a: Kyurem|Ice Beam|p1a: Clefable
|-damage|p1a: Clefable|52/100
|
|upkeep
|turn|9
|
|t:|1617835516
|move|p2a: Kyurem|Ice Beam|p1a: Clefable
|-damage|p1a: Clefable|0 fnt
|faint|p1a: Clefable
|
|upkeep
|
|t:|1617835523
|switch|p1a: Dragapult|Dragapult, F|95/100
|turn|10
|
|t:|1617835528
|switch|p2a: Tyranitar|Tyranitar, F|100/100
|-damage|p2a: Tyranitar|88/100|[from] Stealth Rock
|-weather|Sandstorm|[from] ability: Sand Stream|[of] p2a: Tyranitar
|move|p1a: Dragapult|U-turn|p2a: Tyranitar
|-supereffective|p2a: Tyranitar
|-damage|p2a: Tyranitar|62/100
|
|t:|1617835536
|switch|p1a: Rillaboom|Rillaboom, M|100/100|[from]move: U-turn
|-fieldstart|move: Grassy Terrain|[from] ability: Grassy Surge|[of] p1a: Rillaboom
|
|-weather|Sandstorm|[upkeep]
|-damage|p1a: Rillaboom|94/100|[from] Sandstorm
|-heal|p1a: Rillaboom|100/100|[from] Grassy Terrain
|-heal|p2a: Tyranitar|69/100|[from] Grassy Terrain
|-heal|p2a: Tyranitar|75/100|[from] item: Leftovers
|upkeep
|turn|11
|
|t:|1617835551
|switch|p2a: Heatran|Heatran, M|100/100
|-damage|p2a: Heatran|88/100|[from] Stealth Rock
|move|p1a: Rillaboom|U-turn|p2a: Heatran
|-resisted|p2a: Heatran
|-damage|p2a: Heatran|79/100
|
|t:|1617835557
|switch|p1a: Moltres|Moltres|100/100|[from]move: U-turn
|
|-weather|Sandstorm|[upkeep]
|-damage|p1a: Moltres|94/100|[from] Sandstorm
|-heal|p2a: Heatran|86/100|[from] Grassy Terrain
|-heal|p2a: Heatran|92/100|[from] item: Leftovers
|upkeep
|turn|12
|
|t:|1617835566
|move|p2a: Heatran|Magma Storm|p1a: Moltres
|-resisted|p1a: Moltres
|-damage|p1a: Moltres|69/100
|-activate|p1a: Moltres|move: Magma Storm|[of] p2a: Heatran
|move|p1a: Moltres|Scorching Sands|p2a: Heatran
|-supereffective|p2a: Heatran
|-damage|p2a: Heatran|13/100
|
|-weather|Sandstorm|[upkeep]
|-damage|p1a: Moltres|62/100|[from] Sandstorm
|-heal|p2a: Heatran|19/100|[from] Grassy Terrain
|-heal|p2a: Heatran|25/100|[from] item: Leftovers
|-damage|p1a: Moltres|50/100|[from] move: Magma Storm|[partiallytrapped]
|upkeep
|turn|13
|
|t:|1617835580
|move|p2a: Heatran|Stealth Rock|p1a: Moltres
|-sidestart|p1: Great Alex|move: Stealth Rock
|move|p1a: Moltres|Scorching Sands|p2a: Heatran
|-supereffective|p2a: Heatran
|-damage|p2a: Heatran|0 fnt
|faint|p2a: Heatran
|
|-weather|Sandstorm|[upkeep]
|-damage|p1a: Moltres|44/100|[from] Sandstorm
|-end|p1a: Moltres|Magma Storm|[partiallytrapped]|[silent]
|upkeep
|
|t:|1617835585
|switch|p2a: Zeraora|Zeraora|100/100
|turn|14
|
|t:|1617835595
|move|p2a: Zeraora|Plasma Fists|p1a: Moltres
|-supereffective|p1a: Moltres
|-damage|p1a: Moltres|0 fnt
|-fieldactivate|move: Ion Deluge
|faint|p1a: Moltres
|
|-weather|none
|-fieldend|move: Grassy Terrain
|upkeep
|
|t:|1617835603
|switch|p1a: Rillaboom|Rillaboom, M|100/100
|-damage|p1a: Rillaboom|88/100|[from] Stealth Rock
|-fieldstart|move: Grassy Terrain|[from] ability: Grassy Surge|[of] p1a: Rillaboom
|turn|15
|
|t:|1617835609
|move|p1a: Rillaboom|Grassy Glide|p2a: Zeraora
|-damage|p2a: Zeraora|1/100
|move|p2a: Zeraora|Knock Off|p1a: Rillaboom
|-damage|p1a: Rillaboom|57/100
|-enditem|p1a: Rillaboom|Choice Band|[from] move: Knock Off|[of] p2a: Zeraora
|
|-heal|p2a: Zeraora|7/100|[from] Grassy Terrain
|-heal|p1a: Rillaboom|63/100|[from] Grassy Terrain
|upkeep
|turn|16
|
|t:|1617835619
|move|p1a: Rillaboom|Grassy Glide|p2a: Zeraora
|-damage|p2a: Zeraora|0 fnt
|faint|p2a: Zeraora
|
|-heal|p1a: Rillaboom|69/100|[from] Grassy Terrain
|upkeep
|
|t:|1617835627
|switch|p2a: Hydreigon|Hydreigon, F|82/100 tox
|-damage|p2a: Hydreigon|70/100 tox|[from] Stealth Rock
|turn|17
|
|t:|1617835634
|switch|p1a: Swampert|Swampert, M|29/100
|-damage|p1a: Swampert|23/100|[from] Stealth Rock
|move|p2a: Hydreigon|Defog|p1a: Swampert
|-unboost|p1a: Swampert|evasion|1
|-sideend|p1: Great Alex|Stealth Rock|[from] move: Defog|[of] p2a: Hydreigon
|-sideend|p2: fldandtooton|Stealth Rock|[from] move: Defog|[of] p2a: Hydreigon
|-fieldend|move: Grassy Terrain
|
|-heal|p2a: Hydreigon|76/100 tox|[from] item: Leftovers
|-heal|p1a: Swampert|29/100|[from] item: Leftovers
|-damage|p2a: Hydreigon|70/100 tox|[from] psn
|upkeep
|turn|18
|
|t:|1617835646
|move|p2a: Hydreigon|Draco Meteor|p1a: Swampert
|-damage|p1a: Swampert|0 fnt
|-unboost|p2a: Hydreigon|spa|2
|faint|p1a: Swampert
|
|-heal|p2a: Hydreigon|76/100 tox|[from] item: Leftovers
|-damage|p2a: Hydreigon|63/100 tox|[from] psn
|upkeep
|
|t:|1617835657
|switch|p1a: Dragapult|Dragapult, F|95/100
|turn|19
|
|t:|1617835662
|move|p1a: Dragapult|U-turn|p2a: Hydreigon
|-supereffective|p2a: Hydreigon
|-crit|p2a: Hydreigon
|-damage|p2a: Hydreigon|28/100 tox
|
|t:|1617835665
|switch|p1a: Rillaboom|Rillaboom, M|69/100|[from]move: U-turn
|-fieldstart|move: Grassy Terrain|[from] ability: Grassy Surge|[of] p1a: Rillaboom
|move|p2a: Hydreigon|Draco Meteor|p1a: Rillaboom
|-damage|p1a: Rillaboom|32/100
|-unboost|p2a: Hydreigon|spa|2
|
|-heal|p1a: Rillaboom|38/100|[from] Grassy Terrain
|-heal|p2a: Hydreigon|35/100 tox|[from] item: Leftovers
|-damage|p2a: Hydreigon|16/100 tox|[from] psn
|upkeep
|turn|20
|
|t:|1617835678
|move|p1a: Rillaboom|Grassy Glide|p2a: Hydreigon
|-resisted|p2a: Hydreigon
|-damage|p2a: Hydreigon|1/100 tox
|move|p2a: Hydreigon|Draco Meteor|p1a: Rillaboom
|-damage|p1a: Rillaboom|15/100
|-unboost|p2a: Hydreigon|spa|2
|
|-heal|p1a: Rillaboom|21/100|[from] Grassy Terrain
|-heal|p2a: Hydreigon|7/100 tox|[from] item: Leftovers
|-damage|p2a: Hydreigon|0 fnt|[from] psn
|faint|p2a: Hydreigon
|upkeep
|
|t:|1617835686
|switch|p2a: Kyurem|Kyurem|76/100
|-ability|p2a: Kyurem|Pressure
|turn|21
|
|t:|1617835702
|move|p1a: Rillaboom|Knock Off|p2a: Kyurem
|-damage|p2a: Kyurem|42/100
|-enditem|p2a: Kyurem|Choice Specs|[from] move: Knock Off|[of] p1a: Rillaboom
|move|p2a: Kyurem|Ice Beam|p1a: Rillaboom
|-supereffective|p1a: Rillaboom
|-crit|p1a: Rillaboom
|-damage|p1a: Rillaboom|0 fnt
|faint|p1a: Rillaboom
|
|-heal|p2a: Kyurem|48/100|[from] Grassy Terrain
|upkeep
|-message|Great Alex forfeited.
|
|win|fldandtooton
|raw|Great Alex's rating: 1553 &rarr; <strong>1536</strong><br />(-17 for losing)
|raw|fldandtooton's rating: 1607 &rarr; <strong>1624</strong><br />(+17 for winning)
|l|☆Great Alex
||Ladder isn't responding, score probably updated but might not have (Request timeout).
