|j|☆Coach from L4D2
|j|☆pick of the litter
|t:|1642053501
|gametype|singles
|player|p1|Coach from L4D2|linebacker|1702
|player|p2|pick of the litter|fantina|1795
|teamsize|p1|6
|teamsize|p2|6
|gen|8
|tier|[Gen 8] OU
|rated|
|rule|Sleep Clause Mod: Limit one foe put to sleep
|rule|Species Clause: Limit one of each Pokémon
|rule|OHKO Clause: OHKO moves are banned
|rule|Evasion Moves Clause: Evasion moves are banned
|rule|Endless Battle Clause: Forcing endless battles is banned
|rule|HP Percentage Mod: HP is shown in percentages
|rule|Dynamax Clause: You cannot dynamax
|clearpoke
|poke|p1|Raichu-Alola, F|
|poke|p1|Tapu Koko|
|poke|p1|Swampert, M|
|poke|p1|Zapdos|
|poke|p1|Ferrothorn, F|
|poke|p1|Urshifu-*, F|
|poke|p2|Thundurus-Therian, M|
|poke|p2|Urshifu-*, F|
|poke|p2|Landorus-Therian, M|
|poke|p2|Corviknight, F|
|poke|p2|Slowbro, F|
|poke|p2|Weavile, F|
|teampreview
|inactive|Battle timer is ON: inactive players will automatically lose when time's up. (requested by pick of the litter)
|
|t:|1642053514
|start
|switch|p1a: Urshifu|Urshifu-Rapid-Strike, F|100/100
|switch|p2a: Thundurus|Thundurus-Therian, M|100/100
|turn|1
|
|t:|1642053520
|switch|p1a: Swampert|Swampert, M|100/100
|move|p2a: Thundurus|Focus Blast|p1a: Swampert|[miss]
|-miss|p2a: Thundurus|p1a: Swampert
|
|upkeep
|turn|2
|j| AlIoutdragadarts
|
|t:|1642053524
|switch|p1a: Ferrothorn|Ferrothorn, F|100/100
|move|p2a: Thundurus|Focus Blast|p1a: Ferrothorn|[miss]
|-miss|p2a: Thundurus|p1a: Ferrothorn
|
|upkeep
|turn|3
|
|t:|1642053529
|switch|p1a: Zapdos|Zapdos|100/100
|move|p2a: Thundurus|Focus Blast|p1a: Zapdos
|-resisted|p1a: Zapdos
|-damage|p1a: Zapdos|66/100
|
|upkeep
|turn|4
|
|t:|1642053531
|switch|p2a: Landorus|Landorus-Therian, M|100/100
|-ability|p2a: Landorus|Intimidate|boost
|-unboost|p1a: Zapdos|atk|1
|move|p1a: Zapdos|Roost|p1a: Zapdos
|-heal|p1a: Zapdos|100/100
|-singleturn|p1a: Zapdos|move: Roost
|
|upkeep
|turn|5
|
|t:|1642053534
|move|p1a: Zapdos|Hurricane|p2a: Landorus|[miss]
|-miss|p1a: Zapdos|p2a: Landorus
|move|p2a: Landorus|Stealth Rock|p1a: Zapdos
|-sidestart|p1: Coach from L4D2|move: Stealth Rock
|
|upkeep
|turn|6
|
|t:|1642053536
|move|p1a: Zapdos|Defog|p2a: Landorus
|-unboost|p2a: Landorus|evasion|1
|-sideend|p1: Coach from L4D2|Stealth Rock|[from] move: Defog|[of] p1a: Zapdos
|move|p2a: Landorus|U-turn|p1a: Zapdos
|-resisted|p1a: Zapdos
|-damage|p1a: Zapdos|91/100
|
|t:|1642053537
|switch|p2a: Weavile|Weavile, F|100/100|[from]move: U-turn
|-ability|p2a: Weavile|Pressure
|
|upkeep
|turn|7
|
|t:|1642053540
|switch|p2a: Thundurus|Thundurus-Therian, M|100/100
|switch|p1a: Urshifu|Urshifu-Rapid-Strike, F|100/100
|
|upkeep
|turn|8
|
|t:|1642053544
|switch|p1a: Ferrothorn|Ferrothorn, F|100/100
|move|p2a: Thundurus|Focus Blast|p1a: Ferrothorn
|-supereffective|p1a: Ferrothorn
|-damage|p1a: Ferrothorn|11/100
|
|-heal|p1a: Ferrothorn|18/100|[from] item: Leftovers
|upkeep
|turn|9
|
|t:|1642053546
|switch|p1a: Swampert|Swampert, M|100/100
|move|p2a: Thundurus|Focus Blast|p1a: Swampert
|-damage|p1a: Swampert|57/100
|-unboost|p1a: Swampert|spd|1
|
|-heal|p1a: Swampert|63/100|[from] item: Leftovers
|upkeep
|turn|10
|
|t:|1642053549
|switch|p1a: Zapdos|Zapdos|91/100
|move|p2a: Thundurus|Focus Blast|p1a: Zapdos
|-resisted|p1a: Zapdos
|-damage|p1a: Zapdos|58/100
|
|upkeep
|turn|11
|
|t:|1642053551
|switch|p2a: Weavile|Weavile, F|100/100
|-ability|p2a: Weavile|Pressure
|move|p1a: Zapdos|Roost|p1a: Zapdos
|-heal|p1a: Zapdos|100/100
|-singleturn|p1a: Zapdos|move: Roost
|
|upkeep
|turn|12
|
|t:|1642053554
|switch|p2a: Thundurus|Thundurus-Therian, M|100/100
|switch|p1a: Ferrothorn|Ferrothorn, F|18/100
|
|-heal|p1a: Ferrothorn|24/100|[from] item: Leftovers
|upkeep
|turn|13
|
|t:|1642053559
|switch|p1a: Swampert|Swampert, M|63/100
|move|p2a: Thundurus|Dark Pulse|p1a: Swampert
|-damage|p1a: Swampert|33/100
|
|-heal|p1a: Swampert|39/100|[from] item: Leftovers
|upkeep
|turn|14
|
|t:|1642053562
|move|p2a: Thundurus|Dark Pulse|p1a: Swampert
|-damage|p1a: Swampert|10/100
|move|p1a: Swampert|Stealth Rock|p2a: Thundurus
|-sidestart|p2: pick of the litter|move: Stealth Rock
|
|-heal|p1a: Swampert|16/100|[from] item: Leftovers
|upkeep
|turn|15
|
|t:|1642053567
|switch|p2a: Landorus|Landorus-Therian, M|100/100
|-damage|p2a: Landorus|88/100|[from] Stealth Rock
|-ability|p2a: Landorus|Intimidate|boost
|-unboost|p1a: Swampert|atk|1
|switch|p1a: Eagle|Tapu Koko|100/100
|-fieldstart|move: Electric Terrain|[from] ability: Electric Surge|[of] p1a: Eagle
|
|-heal|p2a: Landorus|94/100|[from] item: Leftovers
|upkeep
|turn|16
|
|t:|1642053574
|move|p1a: Eagle|U-turn|p2a: Landorus
|-resisted|p2a: Landorus
|-damage|p2a: Landorus|86/100
|
|t:|1642053576
|switch|p1a: Urshifu|Urshifu-Rapid-Strike, F|100/100|[from]move: U-turn
|move|p2a: Landorus|Stealth Rock|p1a: Urshifu
|-sidestart|p1: Coach from L4D2|move: Stealth Rock
|
|-heal|p2a: Landorus|92/100|[from] item: Leftovers
|upkeep
|turn|17
|
|t:|1642053579
|move|p1a: Urshifu|U-turn|p2a: Landorus
|-resisted|p2a: Landorus
|-damage|p2a: Landorus|76/100
|
|t:|1642053581
|switch|p1a: Zapdos|Zapdos|100/100|[from]move: U-turn
|move|p2a: Landorus|U-turn|p1a: Zapdos
|-resisted|p1a: Zapdos
|-damage|p1a: Zapdos|91/100
|
|t:|1642053584
|switch|p2a: Thundurus|Thundurus-Therian, M|100/100|[from]move: U-turn
|-damage|p2a: Thundurus|76/100|[from] Stealth Rock
|
|upkeep
|turn|18
|
|t:|1642053588
|switch|p1a: Swampert|Swampert, M|16/100
|-damage|p1a: Swampert|10/100|[from] Stealth Rock
|move|p2a: Thundurus|Dark Pulse|p1a: Swampert
|-damage|p1a: Swampert|0 fnt
|faint|p1a: Swampert
|
|upkeep
|
|t:|1642053593
|switch|p1a: Urshifu|Urshifu-Rapid-Strike, F|100/100
|-damage|p1a: Urshifu|94/100|[from] Stealth Rock
|turn|19
|
|t:|1642053597
|switch|p2a: Corviknight|Corviknight, F|100/100
|-damage|p2a: Corviknight|88/100|[from] Stealth Rock
|-ability|p2a: Corviknight|Pressure
|move|p1a: Urshifu|U-turn|p2a: Corviknight
|-resisted|p2a: Corviknight
|-damage|p2a: Corviknight|82/100
|
|t:|1642053599
|switch|p1a: Voltsail|Raichu-Alola, F, shiny|100/100|[from]move: U-turn
|-damage|p1a: Voltsail|88/100|[from] Stealth Rock
|
|-heal|p2a: Corviknight|88/100|[from] item: Leftovers
|upkeep
|turn|20
|
|t:|1642053602
|move|p1a: Voltsail|Rising Voltage|p2a: Corviknight
|-supereffective|p2a: Corviknight
|-damage|p2a: Corviknight|0 fnt
|faint|p2a: Corviknight
|-damage|p1a: Voltsail|78/100|[from] item: Life Orb
|
|upkeep
|
|t:|1642053605
|switch|p2a: Landorus|Landorus-Therian, M|76/100
|-damage|p2a: Landorus|63/100|[from] Stealth Rock
|-ability|p2a: Landorus|Intimidate|boost
|-unboost|p1a: Voltsail|atk|1
|turn|21
|
|t:|1642053608
|switch|p1a: Zapdos|Zapdos|91/100
|move|p2a: Landorus|Knock Off|p1a: Zapdos
|-damage|p1a: Zapdos|64/100
|-enditem|p1a: Zapdos|Heavy-Duty Boots|[from] move: Knock Off|[of] p2a: Landorus
|
|-heal|p2a: Landorus|69/100|[from] item: Leftovers
|upkeep
|turn|22
|
|t:|1642053611
|switch|p2a: Thundurus|Thundurus-Therian, M|76/100
|-damage|p2a: Thundurus|51/100|[from] Stealth Rock
|move|p1a: Zapdos|Defog|p2a: Thundurus
|-unboost|p2a: Thundurus|evasion|1
|-sideend|p2: pick of the litter|Stealth Rock|[from] move: Defog|[of] p1a: Zapdos
|-sideend|p1: Coach from L4D2|Stealth Rock|[from] move: Defog|[of] p1a: Zapdos
|-fieldend|move: Electric Terrain
|
|upkeep
|turn|23
|
|t:|1642053617
|move|p2a: Thundurus|Thunderbolt|p1a: Zapdos
|-damage|p1a: Zapdos|0 fnt
|faint|p1a: Zapdos
|
|upkeep
|
|t:|1642053622
|switch|p1a: Eagle|Tapu Koko|100/100
|-fieldstart|move: Electric Terrain|[from] ability: Electric Surge|[of] p1a: Eagle
|turn|24
|
|t:|1642053635
|switch|p2a: Slowbro|Slowbro, F|100/100
|move|p1a: Eagle|Dazzling Gleam|p2a: Slowbro
|-damage|p2a: Slowbro|67/100
|
|upkeep
|turn|25
|
|t:|1642053637
|switch|p2a: Landorus|Landorus-Therian, M|69/100
|-ability|p2a: Landorus|Intimidate|boost
|-unboost|p1a: Eagle|atk|1
|move|p1a: Eagle|Dazzling Gleam|p2a: Landorus
|-crit|p2a: Landorus
|-damage|p2a: Landorus|28/100
|
|-heal|p2a: Landorus|34/100|[from] item: Leftovers
|upkeep
|turn|26
|
|t:|1642053644
|switch|p1a: Urshifu|Urshifu-Rapid-Strike, F|94/100
|move|p2a: Landorus|Earthquake|p1a: Urshifu
|-damage|p1a: Urshifu|48/100
|
|-heal|p2a: Landorus|40/100|[from] item: Leftovers
|upkeep
|turn|27
|
|t:|1642053650
|move|p1a: Urshifu|U-turn|p2a: Landorus
|-resisted|p2a: Landorus
|-damage|p2a: Landorus|22/100
|
|t:|1642053652
|switch|p1a: Ferrothorn|Ferrothorn, F|24/100|[from]move: U-turn
|move|p2a: Landorus|Earthquake|p1a: Ferrothorn
|-damage|p1a: Ferrothorn|0 fnt
|faint|p1a: Ferrothorn
|
|-heal|p2a: Landorus|28/100|[from] item: Leftovers
|upkeep
|
|t:|1642053653
|switch|p1a: Voltsail|Raichu-Alola, F, shiny|78/100
|turn|28
|
|t:|1642053656
|switch|p2a: Slowbro|Slowbro, F|99/100
|move|p1a: Voltsail|Surf|p2a: Slowbro
|-resisted|p2a: Slowbro
|-damage|p2a: Slowbro|82/100
|-damage|p1a: Voltsail|68/100|[from] item: Life Orb
|
|upkeep
|turn|29
|
|t:|1642053661
|move|p1a: Voltsail|Nasty Plot|p1a: Voltsail
|-boost|p1a: Voltsail|spa|2
|move|p2a: Slowbro|Scald|p1a: Voltsail
|-damage|p1a: Voltsail|26/100
|
|upkeep
|turn|30
|
|t:|1642053662
|move|p1a: Voltsail|Rising Voltage|p2a: Slowbro
|-supereffective|p2a: Slowbro
|-damage|p2a: Slowbro|0 fnt
|faint|p2a: Slowbro
|-damage|p1a: Voltsail|16/100|[from] item: Life Orb
|
|upkeep
|j| aHollowBiscuit
|
|t:|1642053672
|switch|p2a: Weavile|Weavile, F|100/100
|-ability|p2a: Weavile|Pressure
|turn|31
|
|t:|1642053674
|move|p2a: Weavile|Ice Shard|p1a: Voltsail
|-damage|p1a: Voltsail|0 fnt
|faint|p1a: Voltsail
|
|-fieldend|move: Electric Terrain
|upkeep
|
|t:|1642053676
|switch|p1a: Eagle|Tapu Koko|100/100
|-fieldstart|move: Electric Terrain|[from] ability: Electric Surge|[of] p1a: Eagle
|turn|32
|
|t:|1642053681
|move|p1a: Eagle|Dazzling Gleam|p2a: Weavile
|-supereffective|p2a: Weavile
|-damage|p2a: Weavile|15/100
|move|p2a: Weavile|Triple Axel|p1a: Eagle
|-damage|p1a: Eagle|87/100
|-damage|p1a: Eagle|59/100
|-damage|p1a: Eagle|17/100
|-hitcount|p1a: Eagle|3
|
|upkeep
|turn|33
|
|t:|1642053685
|switch|p1a: Urshifu|Urshifu-Rapid-Strike, F|48/100
|move|p2a: Weavile|Ice Shard|p1a: Urshifu
|-resisted|p1a: Urshifu
|-damage|p1a: Urshifu|39/100
|
|upkeep
|turn|34
|
|t:|1642053691
|move|p2a: Weavile|Triple Axel|p1a: Urshifu
|-resisted|p1a: Urshifu
|-damage|p1a: Urshifu|33/100
|-hitcount|p1a: Urshifu|1
|move|p1a: Urshifu|Close Combat|p2a: Weavile
|-supereffective|p2a: Weavile
|-damage|p2a: Weavile|0 fnt
|-unboost|p1a: Urshifu|def|1
|-unboost|p1a: Urshifu|spd|1
|faint|p2a: Weavile
|
|upkeep
|
|t:|1642053693
|switch|p2a: Thundurus|Thundurus-Therian, M|51/100
|turn|35
|
|t:|1642053696
|move|p2a: Thundurus|Volt Switch|p1a: Urshifu
|-supereffective|p1a: Urshifu
|-damage|p1a: Urshifu|0 fnt
|faint|p1a: Urshifu
|
|t:|1642053698
|switch|p2a: Urshifu|Urshifu-Rapid-Strike, F|100/100|[from]move: Volt Switch
|
|upkeep
|
|t:|1642053700
|switch|p1a: Eagle|Tapu Koko|17/100
|turn|36
|c|☆Coach from L4D2|Gg
|c|☆pick of the litter|Smashed
|c|☆Coach from L4D2|I said gg be respectful
|
|t:|1642053714
|move|p2a: Urshifu|Aqua Jet|p1a: Eagle
|-damage|p1a: Eagle|0 fnt
|faint|p1a: Eagle
|
|win|pick of the litter
|raw|Coach from L4D2's rating: 1702 &rarr; <strong>1687</strong><br />(-15 for losing)
|raw|pick of the litter's rating: 1795 &rarr; <strong>1810</strong><br />(+15 for winning)
|c|☆pick of the litter|Smashed
|c|☆pick of the litter|Gg
|c|☆pick of the litter|truthful
|c|☆Coach from L4D2|Gg
|c|☆Coach from L4D2|Yiu made risky plays and it payed off
|player|p2|pick of the litter|fantina
|inactive|Battle timer is ON: inactive players will automatically lose when time's up. (requested by pick of the litter)
|c| aHollowBiscuit|Toxic
