|j|☆antarctozolt
|j|☆YashD1405
|inactive|Battle timer is ON: inactive players will automatically lose when time's up.
|t:|1661865839
|gametype|singles
|player|p1|antarctozolt|skier|
|player|p2|YashD1405|2|
|teamsize|p1|6
|teamsize|p2|6
|gen|8
|tier|[Gen 8] OU
|rated|Tournament battle
|rule|Sleep Clause Mod: Limit one foe put to sleep
|rule|Species Clause: Limit one of each Pokémon
|rule|OHKO Clause: OHKO moves are banned
|rule|Evasion Items Clause: Evasion items are banned
|rule|Evasion Moves Clause: Evasion moves are banned
|rule|Endless Battle Clause: Forcing endless battles is banned
|rule|HP Percentage Mod: HP is shown in percentages
|rule|Dynamax Clause: You cannot dynamax
|clearpoke
|poke|p1|Mew|
|poke|p1|Pelipper, F|
|poke|p1|Tapu Koko|
|poke|p1|Kingdra, M|
|poke|p1|Weavile, M|
|poke|p1|Kartana|
|poke|p2|Excadrill, F|
|poke|p2|Polteageist|
|poke|p2|Tapu Fini|
|poke|p2|Kartana|
|poke|p2|Moltres-Galar|
|poke|p2|Blacephalon|
|teampreview
|j| sgvh
|j| qxfn143
|
|t:|1661865858
|start
|switch|p1a: Mew|Mew|100/100
|switch|p2a: Excadrill|Excadrill, F|100/100
|-ability|p2a: Excadrill|Mold Breaker
|turn|1
|
|t:|1661865866
|move|p1a: Mew|Taunt|p2a: Excadrill
|-start|p2a: Excadrill|move: Taunt
|move|p2a: Excadrill|Rapid Spin|p1a: Mew
|-damage|p1a: Mew|84/100
|-boost|p2a: Excadrill|spe|1
|
|upkeep
|turn|2
|j| Down$hift
|
|t:|1661865872
|move|p2a: Excadrill|Earthquake|p1a: Mew
|-damage|p1a: Mew|31/100
|move|p1a: Mew|Will-O-Wisp|p2a: Excadrill
|-status|p2a: Excadrill|brn
|
|-damage|p2a: Excadrill|94/100 brn|[from] brn
|upkeep
|turn|3
|j| Moi capuccino
|
|t:|1661865879
|switch|p1a: Kartana|Kartana|100/100
|move|p2a: Excadrill|Rapid Spin|p1a: Kartana
|-resisted|p1a: Kartana
|-damage|p1a: Kartana|95/100
|-boost|p2a: Excadrill|spe|1
|
|-damage|p2a: Excadrill|88/100 brn|[from] brn
|-end|p2a: Excadrill|move: Taunt
|upkeep
|turn|4
|
|t:|1661865890
|move|p2a: Excadrill|Stealth Rock|p1a: Kartana
|-sidestart|p1: antarctozolt|move: Stealth Rock
|move|p1a: Kartana|Leaf Blade|p2a: Excadrill
|-damage|p2a: Excadrill|0 fnt
|faint|p2a: Excadrill
|-ability|p1a: Kartana|Beast Boost|boost
|-boost|p1a: Kartana|atk|1
|
|upkeep
|j| wailing鯨wailord
|j| Chiharu haru
|c| Moi capuccino|what's with all the team switching?
|c| qxfn143|so people dont know your team next round
|inactive|YashD1405 has 120 seconds left.
|
|t:|1661865921
|switch|p2a: Kartana|Kartana|100/100
|turn|5
|inactive|YashD1405 has 120 seconds left.
|
|t:|1661865932
|switch|p1a: Tapu Koko|Tapu Koko|100/100
|-fieldstart|move: Electric Terrain|[from] ability: Electric Surge|[of] p1a: Tapu Koko
|move|p2a: Kartana|Swords Dance|p2a: Kartana
|-boost|p2a: Kartana|atk|2
|
|upkeep
|turn|6
|
|t:|1661865937
|move|p1a: Tapu Koko|Thunder|p2a: Kartana
|-resisted|p2a: Kartana
|-damage|p2a: Kartana|0 fnt
|faint|p2a: Kartana
|
|upkeep
|inactive|YashD1405 has 120 seconds left.
|c|☆YashD1405|really hoped for a miss
|
|t:|1661865959
|switch|p2a: Polteageist|Polteageist|100/100
|turn|7
|j| ilcavalierebianco
|
|t:|1661865973
|move|p1a: Tapu Koko|Taunt|p2a: Polteageist
|-start|p2a: Polteageist|move: Taunt
|cant|p2a: Polteageist|move: Taunt|Shell Smash
|
|upkeep
|turn|8
|
|t:|1661865982
|switch|p1a: Mew|Mew|31/100
|-damage|p1a: Mew|19/100|[from] Stealth Rock
|move|p2a: Polteageist|Shadow Ball|p1a: Mew
|-supereffective|p1a: Mew
|-damage|p1a: Mew|0 fnt
|faint|p1a: Mew
|
|upkeep
|
|t:|1661865988
|switch|p1a: Weavile|Weavile, M|100/100
|-ability|p1a: Weavile|Pressure
|turn|9
|
|t:|1661865995
|move|p1a: Weavile|Knock Off|p2a: Polteageist
|-supereffective|p2a: Polteageist
|-enditem|p2a: Polteageist|Focus Sash
|-damage|p2a: Polteageist|1/100
|-start|p1a: Weavile|Disable|Knock Off|[from] ability: Cursed Body|[of] p2a: Polteageist
|move|p2a: Polteageist|Shadow Ball|p1a: Weavile
|-resisted|p1a: Weavile
|-damage|p1a: Weavile|71/100
|
|-end|p2a: Polteageist|move: Taunt
|-fieldend|move: Electric Terrain
|upkeep
|turn|10
|inactive|antarctozolt has 120 seconds left.
|
|t:|1661866034
|move|p1a: Weavile|Triple Axel|p2a: Polteageist
|-crit|p2a: Polteageist
|-damage|p2a: Polteageist|0 fnt
|faint|p2a: Polteageist
|-hitcount|p2: Polteageist|1
|
|upkeep
|
|t:|1661866041
|switch|p2a: Blacephalon|Blacephalon|100/100
|turn|11
|inactive|antarctozolt has 120 seconds left.
|inactive|antarctozolt has 90 seconds left.
|
|t:|1661866110
|switch|p1a: Pelipper|Pelipper, F|100/100
|-damage|p1a: Pelipper|76/100|[from] Stealth Rock
|-weather|RainDance|[from] ability: Drizzle|[of] p1a: Pelipper
|move|p2a: Blacephalon|Substitute|p2a: Blacephalon
|-start|p2a: Blacephalon|Substitute
|-damage|p2a: Blacephalon|75/100
|
|-weather|RainDance|[upkeep]
|-heal|p2a: Blacephalon|82/100|[from] item: Leftovers
|upkeep
|turn|12
|
|t:|1661866120
|move|p2a: Blacephalon|Flame Charge|p1a: Pelipper
|-resisted|p1a: Pelipper
|-damage|p1a: Pelipper|69/100
|-boost|p2a: Blacephalon|spe|1
|move|p1a: Pelipper|U-turn|p2a: Blacephalon
|-resisted|p2a: Blacephalon
|-activate|p2a: Blacephalon|move: Substitute|[damage]
|c|☆antarctozolt|cool set
|
|t:|1661866123
|switch|p1a: Kingdra|Kingdra, M|100/100|[from]move: U-turn
|-damage|p1a: Kingdra|88/100|[from] Stealth Rock
|
|-weather|RainDance|[upkeep]
|-heal|p2a: Blacephalon|88/100|[from] item: Leftovers
|upkeep
|turn|13
|c|☆YashD1405|oh
|
|t:|1661866133
|move|p1a: Kingdra|Surf|p2a: Blacephalon
|-supereffective|p2a: Blacephalon
|-end|p2a: Blacephalon|Substitute
|move|p2a: Blacephalon|Flame Charge|p1a: Kingdra
|-resisted|p1a: Kingdra
|-damage|p1a: Kingdra|85/100
|-boost|p2a: Blacephalon|spe|1
|
|-weather|RainDance|[upkeep]
|-heal|p2a: Blacephalon|94/100|[from] item: Leftovers
|upkeep
|turn|14
|inactive|antarctozolt has 90 seconds left.
|
|t:|1661866146
|move|p2a: Blacephalon|Substitute|p2a: Blacephalon
|-start|p2a: Blacephalon|Substitute
|-damage|p2a: Blacephalon|69/100
|move|p1a: Kingdra|Surf|p2a: Blacephalon
|-supereffective|p2a: Blacephalon
|-end|p2a: Blacephalon|Substitute
|
|-weather|RainDance|[upkeep]
|-heal|p2a: Blacephalon|75/100|[from] item: Leftovers
|upkeep
|turn|15
|c|☆YashD1405|might work haha
|c|☆YashD1405|Just put this team together
|c|☆YashD1405|the kart could've swept as well
|c|☆YashD1405|was the speed boosting kind
|inactive|YashD1405 has 120 seconds left.
|
|t:|1661866179
|move|p2a: Blacephalon|Substitute|p2a: Blacephalon
|-start|p2a: Blacephalon|Substitute
|-damage|p2a: Blacephalon|50/100
|move|p1a: Kingdra|Surf|p2a: Blacephalon
|-supereffective|p2a: Blacephalon
|-end|p2a: Blacephalon|Substitute
|
|-weather|RainDance|[upkeep]
|-heal|p2a: Blacephalon|56/100|[from] item: Leftovers
|upkeep
|turn|16
|inactive|YashD1405 has 120 seconds left.
|
|t:|1661866191
|move|p2a: Blacephalon|Substitute|p2a: Blacephalon
|-start|p2a: Blacephalon|Substitute
|-damage|p2a: Blacephalon|31/100
|move|p1a: Kingdra|Surf|p2a: Blacephalon
|-supereffective|p2a: Blacephalon
|-end|p2a: Blacephalon|Substitute
|
|-weather|RainDance|[upkeep]
|-heal|p2a: Blacephalon|37/100|[from] item: Leftovers
|upkeep
|turn|17
|
|t:|1661866203
|move|p2a: Blacephalon|Substitute|p2a: Blacephalon
|-start|p2a: Blacephalon|Substitute
|-damage|p2a: Blacephalon|12/100
|move|p1a: Kingdra|Surf|p2a: Blacephalon
|-supereffective|p2a: Blacephalon
|-end|p2a: Blacephalon|Substitute
|
|-weather|RainDance|[upkeep]
|-heal|p2a: Blacephalon|18/100|[from] item: Leftovers
|upkeep
|turn|18
|
|t:|1661866207
|move|p2a: Blacephalon|Shadow Ball|p1a: Kingdra
|-damage|p1a: Kingdra|23/100
|move|p1a: Kingdra|Surf|p2a: Blacephalon
|-supereffective|p2a: Blacephalon
|-damage|p2a: Blacephalon|0 fnt
|faint|p2a: Blacephalon
|
|-weather|none
|upkeep
|
|t:|1661866212
|switch|p2a: Moltres|Moltres-Galar|100/100
|turn|19
|
|t:|1661866220
|move|p1a: Kingdra|Surf|p2a: Moltres
|-damage|p2a: Moltres|53/100
|move|p2a: Moltres|Agility|p2a: Moltres
|-boost|p2a: Moltres|spe|2
|
|upkeep
|turn|20
|c|☆YashD1405|?
|
|t:|1661866232
|move|p2a: Moltres|Nasty Plot|p2a: Moltres
|-boost|p2a: Moltres|spa|2
|move|p1a: Kingdra|Surf|p2a: Moltres
|-damage|p2a: Moltres|6/100
|-ability|p2a: Moltres|Berserk|boost
|-boost|p2a: Moltres|spa|1
|
|upkeep
|turn|21
|c|☆YashD1405|why not straight into koko?
|
|t:|1661866237
|move|p2a: Moltres|Rest|p2a: Moltres
|-status|p2a: Moltres|slp|[from] move: Rest
|-heal|p2a: Moltres|100/100 slp|[silent]
|-enditem|p2a: Moltres|Chesto Berry|[eat]
|-curestatus|p2a: Moltres|slp|[msg]
|move|p1a: Kingdra|Surf|p2a: Moltres
|-damage|p2a: Moltres|58/100
|
|upkeep
|turn|22
|
|t:|1661866241
|move|p2a: Moltres|Fiery Wrath|p1a: Kingdra
|-damage|p1a: Kingdra|0 fnt
|faint|p1a: Kingdra
|
|upkeep
|
|t:|1661866248
|switch|p1a: Weavile|Weavile, M|71/100
|-ability|p1a: Weavile|Pressure
|turn|23
|
|t:|1661866251
|move|p2a: Moltres|Fiery Wrath|p1a: Weavile
|-resisted|p1a: Weavile
|-damage|p1a: Weavile|1/100
|move|p1a: Weavile|Swords Dance|p1a: Weavile
|-boost|p1a: Weavile|atk|2
|
|upkeep
|turn|24
|c|☆antarctozolt|cuz ima miss
|c|☆YashD1405|no vswitch or tbolt?
|c| ilcavalierebianco|he has thunder
|inactive|YashD1405 has 120 seconds left.
|c|☆YashD1405|70 and no flinch suchs
|c|☆YashD1405|sucks
|c| ilcavalierebianco|but ig you could go peli
|c| Moi capuccino|priority probably wins now
|c| ilcavalierebianco|and then turn into koko
|c| ilcavalierebianco|but this way was better imo
|inactive|YashD1405 has 90 seconds left.
|c|☆antarctozolt|peli lets him get agil + plot
|c| Moi capuccino|resto chesto
|c| ilcavalierebianco|cause you can still do it
|c|☆antarctozolt|it woulda came down to flinch either way
|c| ilcavalierebianco|ey i agree
|j| PurpleBeans13
|c| ilcavalierebianco|ye but now
|l| PurpleBeans13
|c| ilcavalierebianco|you have 2 opportunities
|c|☆antarctozolt|ye
|c| ilcavalierebianco|with the play you made
|j| Wish i was gud
|j| Garuda One
|c| ilcavalierebianco|so i agree
|inactive|YashD1405 has 60 seconds left.
|c|☆YashD1405|+2 252 Atk Weavile Ice Shard vs. 248 HP / 0 Def Moltres-Galar: 270-320 (70.4 - 83.5%) -- guaranteed 2HKO
|c|☆YashD1405|tadaaa
|l| Garuda One
|c|☆antarctozolt|ada
|
|t:|1661866352
|move|p1a: Weavile|Ice Shard|p2a: Moltres
|-supereffective|p2a: Moltres
|-damage|p2a: Moltres|0 fnt
|faint|p2a: Moltres
|
|upkeep
|c|☆antarctozolt|jolly is ass
|
|t:|1661866365
|switch|p2a: Tapu Fini|Tapu Fini|100/100
|-fieldstart|move: Misty Terrain|[from] ability: Misty Surge|[of] p2a: Tapu Fini
|turn|25
|
|t:|1661866370
|move|p1a: Weavile|Knock Off|p2a: Tapu Fini
|-resisted|p2a: Tapu Fini
|-damage|p2a: Tapu Fini|57/100
|-enditem|p2a: Tapu Fini|Leftovers|[from] move: Knock Off|[of] p1a: Weavile
|move|p2a: Tapu Fini|Calm Mind|p2a: Tapu Fini
|-boost|p2a: Tapu Fini|spa|1
|-boost|p2a: Tapu Fini|spd|1
|
|upkeep
|turn|26
|c| Moi capuccino|jolly weavile ain't ass
|inactive|YashD1405 has 60 seconds left.
|
|t:|1661866375
|move|p1a: Weavile|Triple Axel|p2a: Tapu Fini
|-resisted|p2a: Tapu Fini
|-damage|p2a: Tapu Fini|47/100
|-hitcount|p2a: Tapu Fini|1
|move|p2a: Tapu Fini|Calm Mind|p2a: Tapu Fini
|-boost|p2a: Tapu Fini|spa|1
|-boost|p2a: Tapu Fini|spd|1
|
|upkeep
|turn|27
|
|t:|1661866381
|move|p1a: Weavile|Triple Axel|p2a: Tapu Fini
|-resisted|p2a: Tapu Fini
|-damage|p2a: Tapu Fini|38/100
|-resisted|p2a: Tapu Fini
|-damage|p2a: Tapu Fini|19/100
|-resisted|p2a: Tapu Fini
|-damage|p2a: Tapu Fini|0 fnt
|faint|p2a: Tapu Fini
|-hitcount|p2: Tapu Fini|3
|
|win|antarctozolt
|n|☆antarctozolt|antarctozolt
|n|☆YashD1405|yashd1405
|n| sgvh|sgvh
|n| qxfn143|qxfn143
|n| Down$hift|downhift
|n| Moi capuccino|moicapuccino
|n| wailing鯨wailord|wailingwailord
|n| Chiharu haru|chiharuharu
|n| ilcavalierebianco|ilcavalierebianco
|n| Wish i was gud|wishiwasgud
