|j|☆cute pink team
|j|☆trepYT
|t:|1655040360
|gametype|singles
|player|p1|cute pink team|266|1770
|player|p2|trepYT|265|1731
|teamsize|p1|6
|teamsize|p2|6
|gen|8
|tier|[Gen 8] OU
|rated|
|rule|Sleep Clause Mod: Limit one foe put to sleep
|rule|Species Clause: Limit one of each Pokémon
|rule|OHKO Clause: OHKO moves are banned
|rule|Evasion Moves Clause: Evasion moves are banned
|rule|Endless Battle Clause: Forcing endless battles is banned
|rule|HP Percentage Mod: HP is shown in percentages
|rule|Dynamax Clause: You cannot dynamax
|clearpoke
|poke|p1|Mamoswine, F|
|poke|p1|Ditto|
|poke|p1|Corviknight, F|
|poke|p1|Volcanion|
|poke|p1|Porygon-Z|
|poke|p1|Zapdos|
|poke|p2|Dragonite, F|
|poke|p2|Tyranitar, F|
|poke|p2|Excadrill, F|
|poke|p2|Melmetal|
|poke|p2|Heatran, M|
|poke|p2|Buzzwole|
|teampreview
|j| JosephHydn
|l| JosephHydn
|
|t:|1655040414
|start
|switch|p1a: Volcanion|Volcanion|100/100
|switch|p2a: Melmetal|Melmetal|100/100
|turn|1
|
|t:|1655040420
|switch|p2a: Dragonite|Dragonite, F|100/100
|move|p1a: Volcanion|Steam Eruption|p2a: Dragonite
|-resisted|p2a: Dragonite
|-damage|p2a: Dragonite|75/100
|-status|p2a: Dragonite|brn
|
|-damage|p2a: Dragonite|69/100 brn|[from] brn
|upkeep
|turn|2
|
|t:|1655040426
|switch|p2a: Heatran|Heatran, M|100/100
|switch|p1a: Mamoswine|Mamoswine, F|100/100
|
|upkeep
|turn|3
|
|t:|1655040435
|switch|p2a: Dragonite|Dragonite, F|69/100 brn
|switch|p1a: Volcanion|Volcanion|100/100
|
|-damage|p2a: Dragonite|63/100 brn|[from] brn
|upkeep
|turn|4
|
|t:|1655040445
|switch|p1a: Mamoswine|Mamoswine, F|100/100
|move|p2a: Dragonite|Earthquake|p1a: Mamoswine
|-damage|p1a: Mamoswine|71/100
|
|-damage|p2a: Dragonite|57/100 brn|[from] brn
|upkeep
|turn|5
|
|t:|1655040455
|switch|p2a: Heatran|Heatran, M|100/100
|switch|p1a: Volcanion|Volcanion|100/100
|
|upkeep
|turn|6
|
|t:|1655040459
|switch|p2a: Dragonite|Dragonite, F|57/100 brn
|move|p1a: Volcanion|Steam Eruption|p2a: Dragonite
|-resisted|p2a: Dragonite
|-damage|p2a: Dragonite|7/100 brn
|
|-damage|p2a: Dragonite|1/100 brn|[from] brn
|upkeep
|turn|7
|
|t:|1655040468
|move|p2a: Dragonite|Dual Wingbeat|p1a: Volcanion
|-damage|p1a: Volcanion|85/100
|-damage|p1a: Volcanion|69/100
|-hitcount|p1a: Volcanion|2
|move|p1a: Volcanion|Steam Eruption|p2a: Dragonite
|-resisted|p2a: Dragonite
|-damage|p2a: Dragonite|0 fnt
|faint|p2a: Dragonite
|
|upkeep
|
|t:|1655040476
|switch|p2a: Tyranitar|Tyranitar, F|100/100
|-weather|Sandstorm|[from] ability: Sand Stream|[of] p2a: Tyranitar
|turn|8
|
|t:|1655040499
|move|p1a: Volcanion|Steam Eruption|p2a: Tyranitar
|-supereffective|p2a: Tyranitar
|-damage|p2a: Tyranitar|0 fnt
|faint|p2a: Tyranitar
|
|-weather|Sandstorm|[upkeep]
|-damage|p1a: Volcanion|63/100|[from] Sandstorm
|upkeep
|
|t:|1655040505
|switch|p2a: Excadrill|Excadrill, F|100/100
|turn|9
|
|t:|1655040545
|switch|p1a: Corviknight|Corviknight, F|100/100
|-ability|p1a: Corviknight|Pressure
|move|p2a: Excadrill|Rock Slide|p1a: Corviknight
|-damage|p1a: Corviknight|62/100
|
|-weather|Sandstorm|[upkeep]
|-heal|p1a: Corviknight|69/100|[from] item: Leftovers
|upkeep
|turn|10
|
|t:|1655040556
|move|p2a: Excadrill|Rock Slide|p1a: Corviknight
|-damage|p1a: Corviknight|34/100
|cant|p1a: Corviknight|flinch
|
|-weather|Sandstorm|[upkeep]
|-heal|p1a: Corviknight|40/100|[from] item: Leftovers
|upkeep
|turn|11
|
|t:|1655040577
|switch|p2a: Heatran|Heatran, M|100/100
|move|p1a: Corviknight|Roost|p1a: Corviknight
|-heal|p1a: Corviknight|90/100
|-singleturn|p1a: Corviknight|move: Roost
|
|-weather|Sandstorm|[upkeep]
|-heal|p1a: Corviknight|96/100|[from] item: Leftovers
|upkeep
|turn|12
|
|t:|1655040582
|move|p2a: Heatran|Eruption|p1a: Corviknight
|-supereffective|p1a: Corviknight
|-damage|p1a: Corviknight|0 fnt
|faint|p1a: Corviknight
|
|-weather|none
|upkeep
|
|t:|1655040585
|switch|p1a: Volcanion|Volcanion|63/100
|turn|13
|
|t:|1655040594
|move|p2a: Heatran|Eruption|p1a: Volcanion
|-resisted|p1a: Volcanion
|-damage|p1a: Volcanion|28/100
|move|p1a: Volcanion|Steam Eruption|p2a: Heatran
|-supereffective|p2a: Heatran
|-damage|p2a: Heatran|0 fnt
|faint|p2a: Heatran
|
|upkeep
|
|t:|1655040607
|switch|p2a: Excadrill|Excadrill, F|100/100
|turn|14
|
|t:|1655040618
|switch|p1a: Mamoswine|Mamoswine, F|71/100
|move|p2a: Excadrill|Earthquake|p1a: Mamoswine
|-damage|p1a: Mamoswine|0 fnt
|faint|p1a: Mamoswine
|
|upkeep
|
|t:|1655040620
|switch|p1a: Zapdos|Zapdos|100/100
|turn|15
|
|t:|1655040624
|switch|p2a: Melmetal|Melmetal|100/100
|move|p1a: Zapdos|Heat Wave|p2a: Melmetal
|-supereffective|p2a: Melmetal
|-damage|p2a: Melmetal|0 fnt
|faint|p2a: Melmetal
|
|upkeep
|
|t:|1655040633
|switch|p2a: Excadrill|Excadrill, F|100/100
|turn|16
|
|t:|1655040635
|move|p1a: Zapdos|Heat Wave|p2a: Excadrill
|-supereffective|p2a: Excadrill
|-damage|p2a: Excadrill|0 fnt
|faint|p2a: Excadrill
|
|upkeep
|
|t:|1655040641
|switch|p2a: Buzzwole|Buzzwole|100/100
|turn|17
|
|t:|1655040644
|move|p2a: Buzzwole|Stone Edge|p1a: Zapdos
|-supereffective|p1a: Zapdos
|-damage|p1a: Zapdos|18/100
|move|p1a: Zapdos|Heat Wave|p2a: Buzzwole
|-supereffective|p2a: Buzzwole
|-damage|p2a: Buzzwole|0 fnt
|faint|p2a: Buzzwole
|
|win|cute pink team
|raw|cute pink team's rating: 1781 &rarr; <strong>1798</strong><br />(+17 for winning)
|raw|trepYT's rating: 1731 &rarr; <strong>1714</strong><br />(-17 for losing)
|l|☆trepYT
