|j|☆clisbancl
|j|☆im tofa
|t:|1628008788
|gametype|singles
|player|p1|clisbancl|169|1584
|player|p2|im tofa|battlegirl-gen4|1667
|teamsize|p1|6
|teamsize|p2|6
|gen|8
|tier|[Gen 8] OU
|rated|
|rule|Sleep Clause Mod: Limit one foe put to sleep
|rule|Species Clause: Limit one of each Pokémon
|rule|OHKO Clause: OHKO moves are banned
|rule|Evasion Moves Clause: Evasion moves are banned
|rule|Endless Battle Clause: Forcing endless battles is banned
|rule|HP Percentage Mod: HP is shown in percentages
|rule|Dynamax Clause: You cannot dynamax
|clearpoke
|poke|p1|Blacephalon|
|poke|p1|Tapu Fini|
|poke|p1|Ferrothorn, F|
|poke|p1|Slowking-Galar, F|
|poke|p1|Urshifu-*, F|
|poke|p1|Landorus-Therian, M|
|poke|p2|Rotom-Wash|
|poke|p2|Dragapult, M|
|poke|p2|Scizor, M|
|poke|p2|Landorus-Therian, M|
|poke|p2|Kyurem|
|poke|p2|Bisharp, M|
|teampreview
|inactive|Battle timer is ON: inactive players will automatically lose when time's up. (requested by im tofa)
|
|t:|1628008812
|start
|switch|p1a: Urshifu|Urshifu-Rapid-Strike, F|100/100
|switch|p2a: Rotom|Rotom-Wash|100/100
|turn|1
|
|t:|1628008822
|switch|p1a: Slowking|Slowking-Galar, F|100/100
|move|p2a: Rotom|Volt Switch|p1a: Slowking
|-damage|p1a: Slowking|88/100
|
|t:|1628008832
|switch|p2a: Bisharp|Bisharp, M|100/100|[from]move: Volt Switch
|
|upkeep
|turn|2
|
|t:|1628008841
|switch|p1a: Urshifu|Urshifu-Rapid-Strike, F|100/100
|move|p2a: Bisharp|Beat Up|p1a: Urshifu
|-resisted|p1a: Urshifu
|-damage|p1a: Urshifu|93/100
|-resisted|p1a: Urshifu
|-damage|p1a: Urshifu|86/100
|-resisted|p1a: Urshifu
|-damage|p1a: Urshifu|79/100
|-resisted|p1a: Urshifu
|-damage|p1a: Urshifu|71/100
|-resisted|p1a: Urshifu
|-damage|p1a: Urshifu|63/100
|-resisted|p1a: Urshifu
|-damage|p1a: Urshifu|58/100
|-hitcount|p1a: Urshifu|6
|
|upkeep
|turn|3
|
|t:|1628008858
|switch|p2a: Dragapult|Dragapult, M|100/100
|move|p1a: Urshifu|U-turn|p2a: Dragapult
|-resisted|p2a: Dragapult
|-damage|p2a: Dragapult|77/100
|
|t:|1628008865
|switch|p1a: Tapu Fini|Tapu Fini|100/100|[from]move: U-turn
|-fieldstart|move: Misty Terrain|[from] ability: Misty Surge|[of] p1a: Tapu Fini
|
|upkeep
|turn|4
|
|t:|1628008874
|move|p2a: Dragapult|U-turn|p1a: Tapu Fini
|-resisted|p1a: Tapu Fini
|-damage|p1a: Tapu Fini|94/100
|
|t:|1628008893
|switch|p2a: Rotom|Rotom-Wash|100/100|[from]move: U-turn
|move|p1a: Tapu Fini|Nature's Madness|p2a: Rotom
|-damage|p2a: Rotom|50/100
|
|-heal|p1a: Tapu Fini|99/100|[from] item: Leftovers
|-heal|p2a: Rotom|57/100|[from] item: Leftovers
|upkeep
|turn|5
|
|t:|1628008901
|switch|p1a: Landorus|Landorus-Therian, M|100/100
|-ability|p1a: Landorus|Intimidate|boost
|-unboost|p2a: Rotom|atk|1
|move|p2a: Rotom|Volt Switch|p1a: Landorus
|-immune|p1a: Landorus
|
|-heal|p2a: Rotom|63/100|[from] item: Leftovers
|upkeep
|turn|6
|
|t:|1628008904
|move|p1a: Landorus|U-turn|p2a: Rotom
|-damage|p2a: Rotom|33/100
|
|t:|1628008910
|switch|p1a: Slowking|Slowking-Galar, F|100/100|[from]move: U-turn
|move|p2a: Rotom|Hydro Pump|p1a: Slowking
|-damage|p1a: Slowking|82/100
|
|-heal|p2a: Rotom|40/100|[from] item: Leftovers
|upkeep
|turn|7
|
|t:|1628008920
|move|p2a: Rotom|Volt Switch|p1a: Slowking
|-crit|p1a: Slowking
|-damage|p1a: Slowking|64/100
|
|t:|1628008928
|switch|p2a: Landorus|Landorus-Therian, M|100/100|[from]move: Volt Switch
|-ability|p2a: Landorus|Intimidate|boost
|-unboost|p1a: Slowking|atk|1
|move|p1a: Slowking|Flamethrower|p2a: Landorus
|-crit|p2a: Landorus
|-damage|p2a: Landorus|65/100
|
|-heal|p2a: Landorus|72/100|[from] item: Leftovers
|-fieldend|Misty Terrain
|upkeep
|turn|8
|
|t:|1628008942
|switch|p1a: Landorus|Landorus-Therian, M|100/100
|-ability|p1a: Landorus|Intimidate|boost
|-unboost|p2a: Landorus|atk|1
|move|p2a: Landorus|U-turn|p1a: Landorus
|-resisted|p1a: Landorus
|-damage|p1a: Landorus|93/100
|
|t:|1628008950
|switch|p2a: Kyurem|Kyurem|100/100|[from]move: U-turn
|-ability|p2a: Kyurem|Pressure
|
|upkeep
|turn|9
|
|t:|1628008959
|switch|p1a: Slowking|Slowking-Galar, F|97/100
|move|p2a: Kyurem|Ice Beam|p1a: Slowking
|-damage|p1a: Slowking|61/100
|-status|p1a: Slowking|frz
|
|upkeep
|turn|10
|
|t:|1628008966
|move|p2a: Kyurem|Ice Beam|p1a: Slowking
|-damage|p1a: Slowking|30/100 frz
|cant|p1a: Slowking|frz
|
|upkeep
|turn|11
|
|t:|1628008973
|switch|p1a: Tapu Fini|Tapu Fini|99/100
|-fieldstart|move: Misty Terrain|[from] ability: Misty Surge|[of] p1a: Tapu Fini
|move|p2a: Kyurem|Ice Beam|p1a: Tapu Fini
|-resisted|p1a: Tapu Fini
|-damage|p1a: Tapu Fini|71/100
|
|-heal|p1a: Tapu Fini|78/100|[from] item: Leftovers
|upkeep
|turn|12
|
|t:|1628008990
|switch|p2a: Scizor|Scizor, M|100/100
|move|p1a: Tapu Fini|Moonblast|p2a: Scizor
|-resisted|p2a: Scizor
|-damage|p2a: Scizor|87/100
|
|-heal|p1a: Tapu Fini|84/100|[from] item: Leftovers
|-heal|p2a: Scizor|93/100|[from] item: Leftovers
|upkeep
|turn|13
|
|t:|1628009003
|move|p1a: Tapu Fini|Taunt|p2a: Scizor
|-start|p2a: Scizor|move: Taunt
|move|p2a: Scizor|U-turn|p1a: Tapu Fini
|-resisted|p1a: Tapu Fini
|-damage|p1a: Tapu Fini|71/100
|
|t:|1628009011
|switch|p2a: Rotom|Rotom-Wash|40/100|[from]move: U-turn
|
|-heal|p1a: Tapu Fini|77/100|[from] item: Leftovers
|-heal|p2a: Rotom|46/100|[from] item: Leftovers
|upkeep
|turn|14
|
|t:|1628009016
|switch|p1a: Slowking|Slowking-Galar, F|63/100 frz
|move|p2a: Rotom|Volt Switch|p1a: Slowking
|-damage|p1a: Slowking|52/100 frz
|
|t:|1628009024
|switch|p2a: Bisharp|Bisharp, M|100/100|[from]move: Volt Switch
|
|upkeep
|turn|15
|
|t:|1628009029
|switch|p1a: Ferrothorn|Ferrothorn, F|100/100
|move|p2a: Bisharp|Beat Up|p1a: Ferrothorn
|-damage|p1a: Ferrothorn|90/100
|-damage|p1a: Ferrothorn|83/100
|-damage|p1a: Ferrothorn|72/100
|-damage|p1a: Ferrothorn|61/100
|-damage|p1a: Ferrothorn|50/100
|-damage|p1a: Ferrothorn|40/100
|-hitcount|p1a: Ferrothorn|6
|
|-heal|p1a: Ferrothorn|46/100|[from] item: Leftovers
|-fieldend|Misty Terrain
|upkeep
|turn|16
|
|t:|1628009053
|move|p2a: Bisharp|Beat Up|p1a: Ferrothorn
|-damage|p1a: Ferrothorn|36/100
|-damage|p1a: Ferrothorn|29/100
|-damage|p1a: Ferrothorn|19/100
|-damage|p1a: Ferrothorn|7/100
|-damage|p1a: Ferrothorn|0 fnt
|faint|p1a: Ferrothorn
|-hitcount|p1: Ferrothorn|5
|
|upkeep
|
|t:|1628009055
|switch|p1a: Urshifu|Urshifu-Rapid-Strike, F|58/100
|turn|17
|
|t:|1628009071
|switch|p2a: Dragapult|Dragapult, M|77/100
|move|p1a: Urshifu|Surging Strikes|p2a: Dragapult
|-resisted|p2a: Dragapult
|-crit|p2a: Dragapult
|-damage|p2a: Dragapult|58/100
|-resisted|p2a: Dragapult
|-crit|p2a: Dragapult
|-damage|p2a: Dragapult|38/100
|-resisted|p2a: Dragapult
|-crit|p2a: Dragapult
|-damage|p2a: Dragapult|17/100
|-hitcount|p2a: Dragapult|3
|
|upkeep
|turn|18
|inactive|clisbancl has 120 seconds left.
|
|t:|1628009106
|switch|p1a: Slowking|Slowking-Galar, F|86/100 frz
|move|p2a: Dragapult|Shadow Ball|p1a: Slowking
|-supereffective|p1a: Slowking
|-damage|p1a: Slowking|42/100 frz
|
|upkeep
|turn|19
|
|t:|1628009113
|switch|p1a: Landorus|Landorus-Therian, M|93/100
|-ability|p1a: Landorus|Intimidate|boost
|-unboost|p2a: Dragapult|atk|1
|move|p2a: Dragapult|Shadow Ball|p1a: Landorus
|-damage|p1a: Landorus|23/100
|
|upkeep
|turn|20
|inactive|im tofa has 120 seconds left.
|
|t:|1628009155
|switch|p2a: Landorus|Landorus-Therian, M|72/100
|-ability|p2a: Landorus|Intimidate|boost
|-unboost|p1a: Landorus|atk|1
|move|p1a: Landorus|U-turn|p2a: Landorus
|-resisted|p2a: Landorus
|-damage|p2a: Landorus|63/100
|
|t:|1628009162
|switch|p1a: Urshifu|Urshifu-Rapid-Strike, F|58/100|[from]move: U-turn
|
|-heal|p2a: Landorus|69/100|[from] item: Leftovers
|upkeep
|turn|21
|inactive|im tofa has 120 seconds left.
|j| Nana Baba
|inactive|im tofa has 90 seconds left.
|
|t:|1628009198
|switch|p2a: Kyurem|Kyurem|100/100
|-ability|p2a: Kyurem|Pressure
|move|p1a: Urshifu|Surging Strikes|p2a: Kyurem
|-resisted|p2a: Kyurem
|-crit|p2a: Kyurem
|-damage|p2a: Kyurem|87/100
|-resisted|p2a: Kyurem
|-crit|p2a: Kyurem
|-damage|p2a: Kyurem|74/100
|-resisted|p2a: Kyurem
|-crit|p2a: Kyurem
|-damage|p2a: Kyurem|61/100
|-hitcount|p2a: Kyurem|3
|
|upkeep
|turn|22
|inactive|im tofa has 90 seconds left.
|
|t:|1628009216
|switch|p1a: Slowking|Slowking-Galar, F|76/100 frz
|move|p2a: Kyurem|Freeze-Dry|p1a: Slowking
|-damage|p1a: Slowking|49/100 frz
|
|upkeep
|turn|23
|
|t:|1628009220
|move|p2a: Kyurem|Freeze-Dry|p1a: Slowking
|-damage|p1a: Slowking|22/100 frz
|-curestatus|p1a: Slowking|frz|[from] move: Scald
|move|p1a: Slowking|Scald|p2a: Kyurem
|-resisted|p2a: Kyurem
|-damage|p2a: Kyurem|51/100
|
|upkeep
|turn|24
|
|t:|1628009228
|switch|p1a: Blacephalon|Blacephalon|100/100
|move|p2a: Kyurem|Freeze-Dry|p1a: Blacephalon
|-resisted|p1a: Blacephalon
|-damage|p1a: Blacephalon|51/100
|
|upkeep
|turn|25
|
|t:|1628009238
|move|p1a: Blacephalon|Fire Blast|p2a: Kyurem
|-damage|p2a: Kyurem|0 fnt
|faint|p2a: Kyurem
|-ability|p1a: Blacephalon|Beast Boost|boost
|-boost|p1a: Blacephalon|spa|1
|
|upkeep
|
|t:|1628009257
|switch|p2a: Bisharp|Bisharp, M|100/100
|turn|26
|
|t:|1628009270
|switch|p1a: Tapu Fini|Tapu Fini|77/100
|-fieldstart|move: Misty Terrain|[from] ability: Misty Surge|[of] p1a: Tapu Fini
|move|p2a: Bisharp|Sucker Punch||[still]
|-fail|p2a: Bisharp
|
|-heal|p1a: Tapu Fini|83/100|[from] item: Leftovers
|upkeep
|turn|27
|
|t:|1628009273
|switch|p2a: Scizor|Scizor, M|93/100
|move|p1a: Tapu Fini|Moonblast|p2a: Scizor
|-resisted|p2a: Scizor
|-damage|p2a: Scizor|79/100
|
|-heal|p1a: Tapu Fini|89/100|[from] item: Leftovers
|-heal|p2a: Scizor|85/100|[from] item: Leftovers
|upkeep
|turn|28
|
|t:|1628009281
|move|p1a: Tapu Fini|Nature's Madness|p2a: Scizor
|-damage|p2a: Scizor|43/100
|move|p2a: Scizor|Swords Dance|p2a: Scizor
|-boost|p2a: Scizor|atk|2
|
|-heal|p1a: Tapu Fini|95/100|[from] item: Leftovers
|-heal|p2a: Scizor|49/100|[from] item: Leftovers
|upkeep
|turn|29
|inactive|im tofa has 120 seconds left.
|
|t:|1628009296
|move|p1a: Tapu Fini|Taunt|p2a: Scizor
|-start|p2a: Scizor|move: Taunt
|cant|p2a: Scizor|move: Taunt|Swords Dance
|
|-heal|p1a: Tapu Fini|100/100|[from] item: Leftovers
|-heal|p2a: Scizor|55/100|[from] item: Leftovers
|upkeep
|turn|30
|
|t:|1628009305
|switch|p1a: Slowking|Slowking-Galar, F|55/100
|move|p2a: Scizor|Bullet Punch|p1a: Slowking
|-damage|p1a: Slowking|4/100
|
|-heal|p2a: Scizor|61/100|[from] item: Leftovers
|-fieldend|Misty Terrain
|upkeep
|turn|31
|
|t:|1628009309
|move|p2a: Scizor|Bullet Punch|p1a: Slowking
|-damage|p1a: Slowking|0 fnt
|faint|p1a: Slowking
|
|-heal|p2a: Scizor|67/100|[from] item: Leftovers
|-end|p2a: Scizor|move: Taunt
|upkeep
|
|t:|1628009312
|switch|p1a: Urshifu|Urshifu-Rapid-Strike, F|58/100
|turn|32
|
|t:|1628009333
|move|p2a: Scizor|Bullet Punch|p1a: Urshifu
|-resisted|p1a: Urshifu
|-damage|p1a: Urshifu|30/100
|move|p1a: Urshifu|Surging Strikes|p2a: Scizor
|-crit|p2a: Scizor
|-damage|p2a: Scizor|43/100
|-crit|p2a: Scizor
|-damage|p2a: Scizor|18/100
|-crit|p2a: Scizor
|-damage|p2a: Scizor|0 fnt
|faint|p2a: Scizor
|-hitcount|p2: Scizor|3
|
|upkeep
|inactive|im tofa has 120 seconds left.
|
|t:|1628009372
|switch|p2a: Dragapult|Dragapult, M|17/100
|turn|33
|inactive|im tofa has 90 seconds left.
|
|t:|1628009392
|switch|p1a: Landorus|Landorus-Therian, M|23/100
|-ability|p1a: Landorus|Intimidate|boost
|-unboost|p2a: Dragapult|atk|1
|move|p2a: Dragapult|Shadow Ball|p1a: Landorus
|-damage|p1a: Landorus|0 fnt
|faint|p1a: Landorus
|
|upkeep
|
|t:|1628009404
|switch|p1a: Blacephalon|Blacephalon|51/100
|turn|34
|
|t:|1628009413
|move|p1a: Blacephalon|Flamethrower|p2a: Dragapult
|-resisted|p2a: Dragapult
|-damage|p2a: Dragapult|0 fnt
|faint|p2a: Dragapult
|-ability|p1a: Blacephalon|Beast Boost|boost
|-boost|p1a: Blacephalon|spa|1
|
|upkeep
|inactive|im tofa has 90 seconds left.
|
|t:|1628009451
|switch|p2a: Rotom|Rotom-Wash|46/100
|turn|35
|inactive|im tofa has 60 seconds left.
|inactive|im tofa has 30 seconds left.
|inactive|im tofa has 20 seconds left.
|
|t:|1628009515
|move|p1a: Blacephalon|Flamethrower|p2a: Rotom
|-resisted|p2a: Rotom
|-damage|p2a: Rotom|14/100
|move|p2a: Rotom|Hydro Pump|p1a: Blacephalon
|-supereffective|p1a: Blacephalon
|-crit|p1a: Blacephalon
|-damage|p1a: Blacephalon|0 fnt
|faint|p1a: Blacephalon
|
|-heal|p2a: Rotom|21/100|[from] item: Leftovers
|upkeep
|inactive|im tofa has 25 seconds left this turn.
|
|t:|1628009523
|switch|p1a: Urshifu|Urshifu-Rapid-Strike, F|30/100
|turn|36
|inactive|im tofa has 30 seconds left.
|
|t:|1628009533
|move|p1a: Urshifu|U-turn|p2a: Rotom
|-damage|p2a: Rotom|0 fnt
|faint|p2a: Rotom
|inactive|im tofa has 30 seconds left this turn.
|
|t:|1628009535
|switch|p1a: Tapu Fini|Tapu Fini|100/100|[from]move: U-turn
|-fieldstart|move: Misty Terrain|[from] ability: Misty Surge|[of] p1a: Tapu Fini
|
|upkeep
|inactive|im tofa has 30 seconds left.
|
|t:|1628009544
|switch|p2a: Landorus|Landorus-Therian, M|69/100
|-ability|p2a: Landorus|Intimidate|boost
|-unboost|p1a: Tapu Fini|atk|1
|turn|37
|inactive|im tofa has 30 seconds left.
|
|t:|1628009555
|move|p2a: Landorus|Knock Off|p1a: Tapu Fini
|-resisted|p1a: Tapu Fini
|-damage|p1a: Tapu Fini|89/100
|-enditem|p1a: Tapu Fini|Leftovers|[from] move: Knock Off|[of] p2a: Landorus
|move|p1a: Tapu Fini|Nature's Madness|p2a: Landorus
|-damage|p2a: Landorus|35/100
|
|-heal|p2a: Landorus|41/100|[from] item: Leftovers
|upkeep
|turn|38
|
|t:|1628009563
|move|p2a: Landorus|Earthquake|p1a: Tapu Fini
|-damage|p1a: Tapu Fini|49/100
|move|p1a: Tapu Fini|Moonblast|p2a: Landorus
|-damage|p2a: Landorus|11/100
|
|-heal|p2a: Landorus|17/100|[from] item: Leftovers
|upkeep
|turn|39
|
|t:|1628009570
|move|p2a: Landorus|Earthquake|p1a: Tapu Fini
|-damage|p1a: Tapu Fini|9/100
|move|p1a: Tapu Fini|Moonblast|p2a: Landorus
|-damage|p2a: Landorus|0 fnt
|faint|p2a: Landorus
|
|upkeep
|
|t:|1628009574
|switch|p2a: Bisharp|Bisharp, M|100/100
|turn|40
|
|t:|1628009582
|move|p1a: Tapu Fini|Taunt|p2a: Bisharp
|-start|p2a: Bisharp|move: Taunt
|move|p2a: Bisharp|Knock Off|p1a: Tapu Fini
|-resisted|p1a: Tapu Fini
|-damage|p1a: Tapu Fini|0 fnt
|faint|p1a: Tapu Fini
|
|-fieldend|Misty Terrain
|upkeep
|
|t:|1628009588
|switch|p1a: Urshifu|Urshifu-Rapid-Strike, F|30/100
|turn|41
|
|t:|1628009591
|move|p1a: Urshifu|Close Combat|p2a: Bisharp
|-supereffective|p2a: Bisharp
|-damage|p2a: Bisharp|0 fnt
|-unboost|p1a: Urshifu|def|1
|-unboost|p1a: Urshifu|spd|1
|faint|p2a: Bisharp
|
|win|clisbancl
|raw|clisbancl's rating: 1584 &rarr; <strong>1609</strong><br />(+25 for winning)
|raw|im tofa's rating: 1667 &rarr; <strong>1642</strong><br />(-25 for losing)
|c|☆im tofa|gg
|l|☆im tofa
|c|☆clisbancl|gg
||Ladder isn't responding, score probably updated but might not have (Request timeout).
