|j|☆MortalDom
|j|☆ty-tyui↻
|t:|1667511111
|gametype|singles
|player|p1|MortalDom|psychic-gen4|1580
|player|p2|ty-tyui↻|surfer|1584
|teamsize|p1|6
|teamsize|p2|6
|gen|8
|tier|[Gen 8] OU
|rated|
|rule|Sleep Clause Mod: Limit one foe put to sleep
|rule|Species Clause: Limit one of each Pokémon
|rule|OHKO Clause: OHKO moves are banned
|rule|Evasion Items Clause: Evasion items are banned
|rule|Evasion Moves Clause: Evasion moves are banned
|rule|Endless Battle Clause: Forcing endless battles is banned
|rule|HP Percentage Mod: HP is shown in percentages
|rule|Dynamax Clause: You cannot dynamax
|clearpoke
|poke|p1|Rillaboom, M|
|poke|p1|Heatran, F|
|poke|p1|Melmetal|
|poke|p1|Hawlucha, M|
|poke|p1|Pelipper, M|
|poke|p1|Slowking, F|
|poke|p2|Rillaboom, M|
|poke|p2|Zeraora|
|poke|p2|Slowbro, F|
|poke|p2|Landorus-Therian, M|
|poke|p2|Weavile, M|
|poke|p2|Heatran, F|
|teampreview
|inactive|Battle timer is ON: inactive players will automatically lose when time's up. (requested by MortalDom)
|
|t:|1667511130
|start
|switch|p1a: Rillaboom|Rillaboom, M|100/100
|switch|p2a: Zeraora|Zeraora, shiny|100/100
|-fieldstart|move: Grassy Terrain|[from] ability: Grassy Surge|[of] p1a: Rillaboom
|-enditem|p2a: Zeraora|Grassy Seed
|-boost|p2a: Zeraora|def|1|[from] item: Grassy Seed
|turn|1
|
|t:|1667511146
|switch|p1a: Melmetal|Melmetal|100/100
|move|p2a: Zeraora|Bulk Up|p2a: Zeraora
|-boost|p2a: Zeraora|atk|1
|-boost|p2a: Zeraora|def|1
|
|upkeep
|turn|2
|
|t:|1667511149
|move|p2a: Zeraora|Bulk Up|p2a: Zeraora
|-boost|p2a: Zeraora|atk|1
|-boost|p2a: Zeraora|def|1
|move|p1a: Melmetal|Double Iron Bash|p2a: Zeraora
|-resisted|p2a: Zeraora
|-damage|p2a: Zeraora|88/100
|-resisted|p2a: Zeraora
|-damage|p2a: Zeraora|75/100
|-hitcount|p2a: Zeraora|2
|
|-heal|p2a: Zeraora|81/100|[from] Grassy Terrain
|upkeep
|turn|3
|
|t:|1667511158
|move|p2a: Zeraora|Bulk Up|p2a: Zeraora
|-boost|p2a: Zeraora|atk|1
|-boost|p2a: Zeraora|def|1
|move|p1a: Melmetal|Double Iron Bash|p2a: Zeraora
|-resisted|p2a: Zeraora
|-damage|p2a: Zeraora|71/100
|-resisted|p2a: Zeraora
|-damage|p2a: Zeraora|61/100
|-hitcount|p2a: Zeraora|2
|
|-heal|p2a: Zeraora|67/100|[from] Grassy Terrain
|upkeep
|turn|4
|
|t:|1667511160
|move|p2a: Zeraora|Drain Punch|p1a: Melmetal
|-supereffective|p1a: Melmetal
|-damage|p1a: Melmetal|34/100
|-heal|p2a: Zeraora|100/100|[from] drain|[of] p1a: Melmetal
|move|p1a: Melmetal|Double Iron Bash|p2a: Zeraora
|-resisted|p2a: Zeraora
|-damage|p2a: Zeraora|91/100
|-resisted|p2a: Zeraora
|-damage|p2a: Zeraora|81/100
|-hitcount|p2a: Zeraora|2
|
|-heal|p2a: Zeraora|87/100|[from] Grassy Terrain
|-heal|p1a: Melmetal|40/100|[from] Grassy Terrain
|-heal|p1a: Melmetal|46/100|[from] item: Leftovers
|upkeep
|turn|5
|
|t:|1667511164
|move|p2a: Zeraora|Bulk Up|p2a: Zeraora
|-boost|p2a: Zeraora|atk|1
|-boost|p2a: Zeraora|def|1
|move|p1a: Melmetal|Double Iron Bash|p2a: Zeraora
|-resisted|p2a: Zeraora
|-damage|p2a: Zeraora|78/100
|-resisted|p2a: Zeraora
|-damage|p2a: Zeraora|70/100
|-hitcount|p2a: Zeraora|2
|
|-heal|p2a: Zeraora|76/100|[from] Grassy Terrain
|-heal|p1a: Melmetal|52/100|[from] Grassy Terrain
|-heal|p1a: Melmetal|59/100|[from] item: Leftovers
|-fieldend|move: Grassy Terrain
|upkeep
|turn|6
|
|t:|1667511175
|move|p1a: Melmetal|Protect|p1a: Melmetal
|-singleturn|p1a: Melmetal|Protect
|move|p2a: Zeraora|Drain Punch|p1a: Melmetal
|-activate|p1a: Melmetal|move: Protect
|
|-heal|p1a: Melmetal|65/100|[from] item: Leftovers
|upkeep
|turn|7
|
|t:|1667511180
|switch|p1a: Rillaboom|Rillaboom, M|100/100
|-fieldstart|move: Grassy Terrain|[from] ability: Grassy Surge|[of] p1a: Rillaboom
|move|p2a: Zeraora|Drain Punch|p1a: Rillaboom
|-damage|p1a: Rillaboom|23/100
|-heal|p2a: Zeraora|100/100|[from] drain|[of] p1a: Rillaboom
|
|-heal|p1a: Rillaboom|29/100|[from] Grassy Terrain
|upkeep
|turn|8
|
|t:|1667511183
|move|p1a: Rillaboom|Grassy Glide|p2a: Zeraora
|-damage|p2a: Zeraora|68/100
|move|p2a: Zeraora|Drain Punch|p1a: Rillaboom
|-damage|p1a: Rillaboom|0 fnt
|-heal|p2a: Zeraora|84/100|[from] drain|[of] p1a: Rillaboom
|faint|p1a: Rillaboom
|
|-heal|p2a: Zeraora|90/100|[from] Grassy Terrain
|upkeep
|
|t:|1667511184
|switch|p1a: Hawlucha|Hawlucha, M|100/100
|-enditem|p1a: Hawlucha|Grassy Seed
|-boost|p1a: Hawlucha|def|1|[from] item: Grassy Seed
|turn|9
|
|t:|1667511190
|move|p1a: Hawlucha|Close Combat|p2a: Zeraora
|-damage|p2a: Zeraora|70/100
|-unboost|p1a: Hawlucha|def|1
|-unboost|p1a: Hawlucha|spd|1
|move|p2a: Zeraora|Plasma Fists|p1a: Hawlucha
|-supereffective|p1a: Hawlucha
|-damage|p1a: Hawlucha|0 fnt
|-fieldactivate|move: Ion Deluge
|-hint|Normal-type moves become Electric-type after using Plasma Fists.
|faint|p1a: Hawlucha
|
|-heal|p2a: Zeraora|76/100|[from] Grassy Terrain
|upkeep
|-message|MortalDom forfeited.
|
|win|ty-tyui↻
|raw|MortalDom's rating: 1580 &rarr; <strong>1560</strong><br />(-20 for losing)
|raw|ty-tyui↻'s rating: 1584 &rarr; <strong>1604</strong><br />(+20 for winning)
|l|☆MortalDom
||Ladder isn't responding, score probably updated but might not have (Request timeout).
