|j|☆Nestohr
|j|☆Swag like Ohio
|t:|1663494279
|gametype|singles
|player|p1|Nestohr|169|1483
|player|p2|Swag like Ohio|will-gen2|1464
|teamsize|p1|6
|teamsize|p2|6
|gen|8
|tier|[Gen 8] OU
|rated|
|rule|Sleep Clause Mod: Limit one foe put to sleep
|rule|Species Clause: Limit one of each Pokémon
|rule|OHKO Clause: OHKO moves are banned
|rule|Evasion Items Clause: Evasion items are banned
|rule|Evasion Moves Clause: Evasion moves are banned
|rule|Endless Battle Clause: Forcing endless battles is banned
|rule|HP Percentage Mod: HP is shown in percentages
|rule|Dynamax Clause: You cannot dynamax
|clearpoke
|poke|p1|Ninetales-Alola, F|
|poke|p1|Dragapult, M|
|poke|p1|Rillaboom, F|
|poke|p1|Hawlucha, M|
|poke|p1|Volcarona, F|
|poke|p1|Tapu Fini|
|poke|p2|Ferrothorn, F|
|poke|p2|Rotom-Wash|
|poke|p2|Tyranitar, F|
|poke|p2|Excadrill, F|
|poke|p2|Clefable, M|
|poke|p2|Dragapult, F|
|teampreview
|c|☆Swag like Ohio|glhf
|
|t:|1663494289
|start
|switch|p1a: Rillaboom|Rillaboom, F|100/100
|switch|p2a: Tyranitar|Tyranitar, F|100/100
|-fieldstart|move: Grassy Terrain|[from] ability: Grassy Surge|[of] p1a: Rillaboom
|-weather|Sandstorm|[from] ability: Sand Stream|[of] p2a: Tyranitar
|turn|1
|inactive|Battle timer is ON: inactive players will automatically lose when time's up. (requested by Swag like Ohio)
|
|t:|1663494318
|switch|p2a: Dragapult|Dragapult, F|100/100
|move|p1a: Rillaboom|U-turn|p2a: Dragapult
|-resisted|p2a: Dragapult
|-damage|p2a: Dragapult|74/100
|
|t:|1663494329
|switch|p1a: Ninetales|Ninetales-Alola, F|100/100|[from]move: U-turn
|-weather|Hail|[from] ability: Snow Warning|[of] p1a: Ninetales
|
|-weather|Hail|[upkeep]
|-damage|p2a: Dragapult|68/100|[from] Hail
|-heal|p2a: Dragapult|74/100|[from] Grassy Terrain
|upkeep
|turn|2
|
|t:|1663494334
|move|p2a: Dragapult|Flamethrower|p1a: Ninetales
|-supereffective|p1a: Ninetales
|-damage|p1a: Ninetales|14/100
|move|p1a: Ninetales|Moonblast|p2a: Dragapult
|-supereffective|p2a: Dragapult
|-damage|p2a: Dragapult|0 fnt
|faint|p2a: Dragapult
|
|-weather|Hail|[upkeep]
|-heal|p1a: Ninetales|20/100|[from] Grassy Terrain
|upkeep
|
|t:|1663494337
|switch|p2a: Tyranitar|Tyranitar, F|100/100
|-weather|Sandstorm|[from] ability: Sand Stream|[of] p2a: Tyranitar
|turn|3
|
|t:|1663494356
|switch|p1a: Rillaboom|Rillaboom, F|100/100
|move|p2a: Tyranitar|Heavy Slam|p1a: Rillaboom
|-damage|p1a: Rillaboom|60/100
|
|-weather|Sandstorm|[upkeep]
|-damage|p1a: Rillaboom|54/100|[from] Sandstorm
|-heal|p1a: Rillaboom|60/100|[from] Grassy Terrain
|upkeep
|turn|4
|
|t:|1663494364
|switch|p2a: Ferrothorn|Ferrothorn, F|100/100
|move|p1a: Rillaboom|U-turn|p2a: Ferrothorn
|-crit|p2a: Ferrothorn
|-damage|p2a: Ferrothorn|67/100
|-damage|p1a: Rillaboom|47/100|[from] ability: Iron Barbs|[of] p2a: Ferrothorn
|
|t:|1663494368
|switch|p1a: Hawlucha|Hawlucha, M|100/100|[from]move: U-turn
|-enditem|p1a: Hawlucha|Grassy Seed
|-boost|p1a: Hawlucha|def|1|[from] item: Grassy Seed
|
|-weather|Sandstorm|[upkeep]
|-damage|p1a: Hawlucha|94/100|[from] Sandstorm
|-heal|p2a: Ferrothorn|73/100|[from] Grassy Terrain
|-heal|p2a: Ferrothorn|79/100|[from] item: Leftovers
|upkeep
|turn|5
|
|t:|1663494372
|move|p1a: Hawlucha|Substitute|p1a: Hawlucha
|-start|p1a: Hawlucha|Substitute
|-damage|p1a: Hawlucha|70/100
|move|p2a: Ferrothorn|Iron Defense|p2a: Ferrothorn
|-boost|p2a: Ferrothorn|def|2
|
|-weather|Sandstorm|[upkeep]
|-damage|p1a: Hawlucha|63/100|[from] Sandstorm
|-heal|p2a: Ferrothorn|86/100|[from] Grassy Terrain
|-heal|p2a: Ferrothorn|92/100|[from] item: Leftovers
|-fieldend|move: Grassy Terrain
|upkeep
|turn|6
|
|t:|1663494377
|move|p1a: Hawlucha|Swords Dance|p1a: Hawlucha
|-boost|p1a: Hawlucha|atk|2
|move|p2a: Ferrothorn|Iron Defense|p2a: Ferrothorn
|-boost|p2a: Ferrothorn|def|2
|
|-weather|Sandstorm|[upkeep]
|-damage|p1a: Hawlucha|57/100|[from] Sandstorm
|-heal|p2a: Ferrothorn|98/100|[from] item: Leftovers
|upkeep
|turn|7
|
|t:|1663494379
|move|p1a: Hawlucha|Swords Dance|p1a: Hawlucha
|-boost|p1a: Hawlucha|atk|2
|move|p2a: Ferrothorn|Iron Defense|p2a: Ferrothorn
|-boost|p2a: Ferrothorn|def|2
|
|-weather|none
|-heal|p2a: Ferrothorn|100/100|[from] item: Leftovers
|upkeep
|turn|8
|
|t:|1663494383
|move|p1a: Hawlucha|Close Combat|p2a: Ferrothorn
|-supereffective|p2a: Ferrothorn
|-damage|p2a: Ferrothorn|53/100
|-unboost|p1a: Hawlucha|def|1
|-unboost|p1a: Hawlucha|spd|1
|-damage|p1a: Hawlucha|45/100|[from] ability: Iron Barbs|[of] p2a: Ferrothorn
|move|p2a: Ferrothorn|Body Press|p1a: Hawlucha
|-resisted|p1a: Hawlucha
|-end|p1a: Hawlucha|Substitute
|
|-heal|p2a: Ferrothorn|59/100|[from] item: Leftovers
|upkeep
|turn|9
|
|t:|1663494389
|move|p1a: Hawlucha|Close Combat|p2a: Ferrothorn
|-supereffective|p2a: Ferrothorn
|-damage|p2a: Ferrothorn|7/100
|-unboost|p1a: Hawlucha|def|1
|-unboost|p1a: Hawlucha|spd|1
|-damage|p1a: Hawlucha|32/100|[from] ability: Iron Barbs|[of] p2a: Ferrothorn
|move|p2a: Ferrothorn|Body Press|p1a: Hawlucha
|-resisted|p1a: Hawlucha
|-damage|p1a: Hawlucha|0 fnt
|faint|p1a: Hawlucha
|
|-heal|p2a: Ferrothorn|14/100|[from] item: Leftovers
|upkeep
|
|t:|1663494393
|switch|p1a: Volcarona|Volcarona, F|100/100
|turn|10
|
|t:|1663494396
|move|p1a: Volcarona|Flamethrower|p2a: Ferrothorn
|-supereffective|p2a: Ferrothorn
|-damage|p2a: Ferrothorn|0 fnt
|faint|p2a: Ferrothorn
|
|upkeep
|
|t:|1663494403
|switch|p2a: Tyranitar|Tyranitar, F|100/100
|-weather|Sandstorm|[from] ability: Sand Stream|[of] p2a: Tyranitar
|turn|11
|
|t:|1663494408
|switch|p1a: Ninetales|Ninetales-Alola, F|20/100
|-weather|Hail|[from] ability: Snow Warning|[of] p1a: Ninetales
|move|p2a: Tyranitar|Stone Edge|p1a: Ninetales
|-supereffective|p1a: Ninetales
|-damage|p1a: Ninetales|0 fnt
|faint|p1a: Ninetales
|
|-weather|Hail|[upkeep]
|-damage|p2a: Tyranitar|94/100|[from] Hail
|upkeep
|
|t:|1663494411
|switch|p1a: Rillaboom|Rillaboom, F|47/100
|-fieldstart|move: Grassy Terrain|[from] ability: Grassy Surge|[of] p1a: Rillaboom
|turn|12
|
|t:|1663494415
|switch|p2a: Clefable|Clefable, M|100/100
|move|p1a: Rillaboom|Wood Hammer|p2a: Clefable
|-damage|p2a: Clefable|6/100
|-damage|p1a: Rillaboom|31/100|[from] item: Rocky Helmet|[of] p2a: Clefable
|-damage|p1a: Rillaboom|0 fnt|[from] Recoil
|faint|p1a: Rillaboom
|
|-weather|Hail|[upkeep]
|-heal|p2a: Clefable|12/100|[from] Grassy Terrain
|upkeep
|
|t:|1663494421
|switch|p1a: Tapu Fini|Tapu Fini|100/100
|-fieldstart|move: Misty Terrain|[from] ability: Misty Surge|[of] p1a: Tapu Fini
|turn|13
|
|t:|1663494428
|move|p1a: Tapu Fini|Taunt|p2a: Clefable
|-start|p2a: Clefable|move: Taunt
|move|p2a: Clefable|Knock Off|p1a: Tapu Fini
|-resisted|p1a: Tapu Fini
|-damage|p1a: Tapu Fini|95/100
|-enditem|p1a: Tapu Fini|Leftovers|[from] move: Knock Off|[of] p2a: Clefable
|
|-weather|Hail|[upkeep]
|-damage|p1a: Tapu Fini|89/100|[from] Hail
|upkeep
|turn|14
|
|t:|1663494433
|switch|p2a: Tyranitar|Tyranitar, F|94/100
|-weather|Sandstorm|[from] ability: Sand Stream|[of] p2a: Tyranitar
|move|p1a: Tapu Fini|Calm Mind|p1a: Tapu Fini
|-boost|p1a: Tapu Fini|spa|1
|-boost|p1a: Tapu Fini|spd|1
|
|-weather|Sandstorm|[upkeep]
|-damage|p1a: Tapu Fini|83/100|[from] Sandstorm
|upkeep
|turn|15
|
|t:|1663494437
|move|p1a: Tapu Fini|Draining Kiss|p2a: Tyranitar
|-supereffective|p2a: Tyranitar
|-damage|p2a: Tyranitar|59/100
|-heal|p1a: Tapu Fini|100/100|[from] drain|[of] p2a: Tyranitar
|move|p2a: Tyranitar|Stone Edge|p1a: Tapu Fini
|-crit|p1a: Tapu Fini
|-damage|p1a: Tapu Fini|0 fnt
|faint|p1a: Tapu Fini
|
|-weather|Sandstorm|[upkeep]
|upkeep
|
|t:|1663494444
|switch|p1a: Dragapult|Dragapult, M|100/100
|turn|16
|
|t:|1663494447
|move|p1a: Dragapult|Dragon Dance|p1a: Dragapult
|-boost|p1a: Dragapult|atk|1
|-boost|p1a: Dragapult|spe|1
|move|p2a: Tyranitar|Stone Edge|p1a: Dragapult
|-damage|p1a: Dragapult|0 fnt
|faint|p1a: Dragapult
|
|-weather|Sandstorm|[upkeep]
|upkeep
|-message|Nestohr forfeited.
|
|win|Swag like Ohio
|raw|Nestohr's rating: 1483 &rarr; <strong>1462</strong><br />(-21 for losing)
|raw|Swag like Ohio's rating: 1464 &rarr; <strong>1485</strong><br />(+21 for winning)
|l|☆Nestohr
