|j|☆Libaa
|j|☆jawabarat
|t:|1650286664
|gametype|singles
|player|p1|Libaa|bianca-pwt|1804
|player|p2|jawabarat|artist-gen4|1901
|teamsize|p1|6
|teamsize|p2|6
|gen|8
|tier|[Gen 8] OU
|rated|
|rule|Sleep Clause Mod: Limit one foe put to sleep
|rule|Species Clause: Limit one of each Pokémon
|rule|OHKO Clause: OHKO moves are banned
|rule|Evasion Moves Clause: Evasion moves are banned
|rule|Endless Battle Clause: Forcing endless battles is banned
|rule|HP Percentage Mod: HP is shown in percentages
|rule|Dynamax Clause: You cannot dynamax
|clearpoke
|poke|p1|Hatterene, F|
|poke|p1|Volcanion|
|poke|p1|Landorus-Therian, M|
|poke|p1|Ferrothorn, M|
|poke|p1|Toxapex, F|
|poke|p1|Dragapult, F|
|poke|p2|Kartana|
|poke|p2|Weavile, M|
|poke|p2|Dragapult, F|
|poke|p2|Volcanion|
|poke|p2|Landorus-Therian, M|
|poke|p2|Melmetal|
|teampreview
|c|☆jawabarat|hf
|c|☆Libaa|u2
|inactive|Battle timer is ON: inactive players will automatically lose when time's up. (requested by Libaa)
|
|t:|1650286695
|start
|switch|p1a: Dragapult|Dragapult, F|100/100
|switch|p2a: DAGDA|Melmetal|100/100
|turn|1
|
|t:|1650286699
|move|p1a: Dragapult|U-turn|p2a: DAGDA
|-resisted|p2a: DAGDA
|-damage|p2a: DAGDA|96/100
|
|t:|1650286701
|switch|p1a: Toxapex|Toxapex, F|100/100|[from]move: U-turn
|move|p2a: DAGDA|Double Iron Bash|p1a: Toxapex
|-resisted|p1a: Toxapex
|-damage|p1a: Toxapex|87/100
|-resisted|p1a: Toxapex
|-damage|p1a: Toxapex|75/100
|-hitcount|p1a: Toxapex|2
|
|upkeep
|turn|2
|
|t:|1650286706
|switch|p2a: EYVEL|Volcanion|100/100
|move|p1a: Toxapex|Scald|p2a: EYVEL
|-immune|p2a: EYVEL|[from] ability: Water Absorb
|
|upkeep
|turn|3
|
|t:|1650286710
|move|p1a: Toxapex|Baneful Bunker|p1a: Toxapex
|-singleturn|p1a: Toxapex|move: Protect
|move|p2a: EYVEL|Earth Power|p1a: Toxapex
|-activate|p1a: Toxapex|move: Protect
|
|upkeep
|turn|4
|
|t:|1650286717
|switch|p1a: Ferrothorn|Ferrothorn, M|100/100
|move|p2a: EYVEL|Steam Eruption|p1a: Ferrothorn
|-resisted|p1a: Ferrothorn
|-damage|p1a: Ferrothorn|79/100
|
|-heal|p1a: Ferrothorn|85/100|[from] item: Leftovers
|upkeep
|turn|5
|
|t:|1650286725
|switch|p1a: Volcanion|Volcanion|100/100
|move|p2a: EYVEL|Steam Eruption|p1a: Volcanion
|-immune|p1a: Volcanion|[from] ability: Water Absorb
|
|upkeep
|turn|6
|
|t:|1650286732
|move|p1a: Volcanion|Earth Power|p2a: EYVEL
|-supereffective|p2a: EYVEL
|-damage|p2a: EYVEL|0 fnt
|faint|p2a: EYVEL
|
|upkeep
|
|t:|1650286737
|switch|p2a: LEADERSHIP STARS|Landorus-Therian, M|100/100
|-ability|p2a: LEADERSHIP STARS|Intimidate|boost
|-unboost|p1a: Volcanion|atk|1
|turn|7
|
|t:|1650286741
|switch|p1a: Hatterene|Hatterene, F|100/100
|move|p2a: LEADERSHIP STARS|U-turn|p1a: Hatterene
|-damage|p1a: Hatterene|82/100
|
|t:|1650286746
|switch|p2a: PUGI|Weavile, M|100/100|[from]move: U-turn
|-ability|p2a: PUGI|Pressure
|
|-heal|p1a: Hatterene|88/100|[from] item: Leftovers
|upkeep
|turn|8
|
|t:|1650286751
|switch|p1a: Toxapex|Toxapex, F|100/100
|move|p2a: PUGI|Knock Off|p1a: Toxapex
|-damage|p1a: Toxapex|59/100
|-damage|p2a: PUGI|84/100|[from] item: Rocky Helmet|[of] p1a: Toxapex
|-enditem|p1a: Toxapex|Rocky Helmet|[from] move: Knock Off|[of] p2a: PUGI
|
|upkeep
|turn|9
|
|t:|1650286760
|switch|p2a: LEADERSHIP STARS|Landorus-Therian, M|100/100
|-ability|p2a: LEADERSHIP STARS|Intimidate|boost
|-unboost|p1a: Toxapex|atk|1
|move|p1a: Toxapex|Recover|p1a: Toxapex
|-heal|p1a: Toxapex|100/100
|
|upkeep
|turn|10
|
|t:|1650286763
|switch|p1a: Hatterene|Hatterene, F|88/100
|move|p2a: LEADERSHIP STARS|U-turn|p1a: Hatterene
|-damage|p1a: Hatterene|69/100
|
|t:|1650286770
|switch|p2a: PUGI|Weavile, M|84/100|[from]move: U-turn
|-ability|p2a: PUGI|Pressure
|
|-heal|p1a: Hatterene|75/100|[from] item: Leftovers
|upkeep
|turn|11
|
|t:|1650286777
|switch|p1a: Toxapex|Toxapex, F|100/100
|move|p2a: PUGI|Beat Up|p1a: Toxapex
|-damage|p1a: Toxapex|93/100
|-damage|p1a: Toxapex|83/100
|-damage|p1a: Toxapex|75/100
|-damage|p1a: Toxapex|67/100
|-damage|p1a: Toxapex|56/100
|-hitcount|p1a: Toxapex|5
|
|upkeep
|turn|12
|
|t:|1650286779
|move|p2a: PUGI|Beat Up|p1a: Toxapex
|-damage|p1a: Toxapex|49/100
|-damage|p1a: Toxapex|40/100
|-damage|p1a: Toxapex|33/100
|-damage|p1a: Toxapex|24/100
|-damage|p1a: Toxapex|14/100
|-hitcount|p1a: Toxapex|5
|move|p1a: Toxapex|Scald|p2a: PUGI
|-damage|p2a: PUGI|59/100
|
|upkeep
|turn|13
|
|t:|1650286785
|move|p1a: Toxapex|Baneful Bunker|p1a: Toxapex
|-singleturn|p1a: Toxapex|move: Protect
|move|p2a: PUGI|Beat Up|p1a: Toxapex
|-activate|p1a: Toxapex|move: Protect
|
|upkeep
|turn|14
|
|t:|1650286787
|switch|p1a: Landorus|Landorus-Therian, M|100/100
|-ability|p1a: Landorus|Intimidate|boost
|-unboost|p2a: PUGI|atk|1
|move|p2a: PUGI|Beat Up|p1a: Landorus
|-damage|p1a: Landorus|92/100
|-damage|p1a: Landorus|84/100
|-damage|p1a: Landorus|76/100
|-damage|p1a: Landorus|67/100
|-damage|p1a: Landorus|57/100
|-hitcount|p1a: Landorus|5
|
|-heal|p1a: Landorus|63/100|[from] item: Leftovers
|upkeep
|turn|15
|
|t:|1650286791
|switch|p2a: LEADERSHIP STARS|Landorus-Therian, M|100/100
|-ability|p2a: LEADERSHIP STARS|Intimidate|boost
|-unboost|p1a: Landorus|atk|1
|move|p1a: Landorus|Stealth Rock|p2a: LEADERSHIP STARS
|-sidestart|p2: jawabarat|move: Stealth Rock
|
|-heal|p1a: Landorus|69/100|[from] item: Leftovers
|upkeep
|turn|16
|
|t:|1650286795
|switch|p1a: Hatterene|Hatterene, F|75/100
|move|p2a: LEADERSHIP STARS|U-turn|p1a: Hatterene
|-damage|p1a: Hatterene|57/100
|
|t:|1650286802
|switch|p2a: PUGI|Weavile, M|59/100|[from]move: U-turn
|-damage|p2a: PUGI|34/100|[from] Stealth Rock
|-ability|p2a: PUGI|Pressure
|
|-heal|p1a: Hatterene|63/100|[from] item: Leftovers
|upkeep
|turn|17
|j| cwp55
|
|t:|1650286832
|switch|p1a: Ferrothorn|Ferrothorn, M|85/100
|move|p2a: PUGI|Beat Up|p1a: Ferrothorn
|-damage|p1a: Ferrothorn|76/100
|-damage|p1a: Ferrothorn|66/100
|-damage|p1a: Ferrothorn|58/100
|-crit|p1a: Ferrothorn
|-damage|p1a: Ferrothorn|44/100
|-damage|p1a: Ferrothorn|32/100
|-hitcount|p1a: Ferrothorn|5
|
|-heal|p1a: Ferrothorn|38/100|[from] item: Leftovers
|upkeep
|turn|18
|
|t:|1650286846
|move|p2a: PUGI|Beat Up|p1a: Ferrothorn
|-damage|p1a: Ferrothorn|29/100
|-damage|p1a: Ferrothorn|18/100
|-damage|p1a: Ferrothorn|11/100
|-damage|p1a: Ferrothorn|0 fnt
|faint|p1a: Ferrothorn
|-hitcount|p1: Ferrothorn|4
|
|upkeep
|
|t:|1650286852
|switch|p1a: Dragapult|Dragapult, F|100/100
|turn|19
|
|t:|1650286857
|switch|p2a: LEADERSHIP STARS|Landorus-Therian, M|100/100
|-damage|p2a: LEADERSHIP STARS|88/100|[from] Stealth Rock
|-ability|p2a: LEADERSHIP STARS|Intimidate|boost
|-unboost|p1a: Dragapult|atk|1
|move|p1a: Dragapult|U-turn|p2a: LEADERSHIP STARS
|-resisted|p2a: LEADERSHIP STARS
|-damage|p2a: LEADERSHIP STARS|83/100
|
|t:|1650286861
|switch|p1a: Landorus|Landorus-Therian, M|69/100|[from]move: U-turn
|-ability|p1a: Landorus|Intimidate|boost
|-unboost|p2a: LEADERSHIP STARS|atk|1
|
|-heal|p2a: LEADERSHIP STARS|89/100|[from] item: Leftovers
|-heal|p1a: Landorus|75/100|[from] item: Leftovers
|upkeep
|turn|20
|
|t:|1650286865
|switch|p1a: Toxapex|Toxapex, F|48/100
|move|p2a: LEADERSHIP STARS|Stealth Rock|p1a: Toxapex
|-sidestart|p1: Libaa|move: Stealth Rock
|
|-heal|p2a: LEADERSHIP STARS|95/100|[from] item: Leftovers
|upkeep
|turn|21
|
|t:|1650286871
|move|p2a: LEADERSHIP STARS|Toxic|p1a: Toxapex
|-immune|p1a: Toxapex
|move|p1a: Toxapex|Recover|p1a: Toxapex
|-heal|p1a: Toxapex|98/100
|
|-heal|p2a: LEADERSHIP STARS|100/100|[from] item: Leftovers
|upkeep
|turn|22
|
|t:|1650286880
|move|p2a: LEADERSHIP STARS|Earthquake|p1a: Toxapex
|-supereffective|p1a: Toxapex
|-damage|p1a: Toxapex|62/100
|move|p1a: Toxapex|Scald|p2a: LEADERSHIP STARS
|-supereffective|p2a: LEADERSHIP STARS
|-damage|p2a: LEADERSHIP STARS|75/100
|
|-heal|p2a: LEADERSHIP STARS|81/100|[from] item: Leftovers
|upkeep
|turn|23
|
|t:|1650286887
|move|p2a: LEADERSHIP STARS|Earthquake|p1a: Toxapex
|-supereffective|p1a: Toxapex
|-damage|p1a: Toxapex|27/100
|move|p1a: Toxapex|Recover|p1a: Toxapex
|-heal|p1a: Toxapex|77/100
|
|-heal|p2a: LEADERSHIP STARS|87/100|[from] item: Leftovers
|upkeep
|turn|24
|
|t:|1650286890
|move|p2a: LEADERSHIP STARS|Earthquake|p1a: Toxapex
|-supereffective|p1a: Toxapex
|-damage|p1a: Toxapex|40/100
|move|p1a: Toxapex|Scald|p2a: LEADERSHIP STARS
|-supereffective|p2a: LEADERSHIP STARS
|-damage|p2a: LEADERSHIP STARS|62/100
|-status|p2a: LEADERSHIP STARS|brn
|
|-heal|p2a: LEADERSHIP STARS|68/100 brn|[from] item: Leftovers
|-damage|p2a: LEADERSHIP STARS|62/100 brn|[from] brn
|upkeep
|turn|25
|
|t:|1650286895
|move|p2a: LEADERSHIP STARS|Earthquake|p1a: Toxapex
|-supereffective|p1a: Toxapex
|-damage|p1a: Toxapex|21/100
|move|p1a: Toxapex|Recover|p1a: Toxapex
|-heal|p1a: Toxapex|71/100
|
|-heal|p2a: LEADERSHIP STARS|68/100 brn|[from] item: Leftovers
|-damage|p2a: LEADERSHIP STARS|62/100 brn|[from] brn
|upkeep
|turn|26
|
|t:|1650286898
|move|p2a: LEADERSHIP STARS|Earthquake|p1a: Toxapex
|-supereffective|p1a: Toxapex
|-crit|p1a: Toxapex
|-damage|p1a: Toxapex|27/100
|move|p1a: Toxapex|Recover|p1a: Toxapex
|-heal|p1a: Toxapex|77/100
|
|-heal|p2a: LEADERSHIP STARS|68/100 brn|[from] item: Leftovers
|-damage|p2a: LEADERSHIP STARS|62/100 brn|[from] brn
|upkeep
|turn|27
|j| PokeaimJD
|j| immasetup
|
|t:|1650286915
|move|p2a: LEADERSHIP STARS|Earthquake|p1a: Toxapex
|-supereffective|p1a: Toxapex
|-damage|p1a: Toxapex|58/100
|move|p1a: Toxapex|Scald|p2a: LEADERSHIP STARS
|-supereffective|p2a: LEADERSHIP STARS
|-damage|p2a: LEADERSHIP STARS|38/100 brn
|
|-heal|p2a: LEADERSHIP STARS|44/100 brn|[from] item: Leftovers
|-damage|p2a: LEADERSHIP STARS|38/100 brn|[from] brn
|upkeep
|turn|28
|
|t:|1650286918
|move|p2a: LEADERSHIP STARS|Earthquake|p1a: Toxapex
|-supereffective|p1a: Toxapex
|-damage|p1a: Toxapex|40/100
|move|p1a: Toxapex|Recover|p1a: Toxapex
|-heal|p1a: Toxapex|90/100
|
|-heal|p2a: LEADERSHIP STARS|44/100 brn|[from] item: Leftovers
|-damage|p2a: LEADERSHIP STARS|38/100 brn|[from] brn
|upkeep
|turn|29
|
|t:|1650286922
|move|p2a: LEADERSHIP STARS|Earthquake|p1a: Toxapex
|-supereffective|p1a: Toxapex
|-damage|p1a: Toxapex|69/100
|move|p1a: Toxapex|Scald|p2a: LEADERSHIP STARS
|-supereffective|p2a: LEADERSHIP STARS
|-damage|p2a: LEADERSHIP STARS|14/100 brn
|
|-heal|p2a: LEADERSHIP STARS|20/100 brn|[from] item: Leftovers
|-damage|p2a: LEADERSHIP STARS|14/100 brn|[from] brn
|upkeep
|turn|30
|
|t:|1650286926
|move|p1a: Toxapex|Baneful Bunker|p1a: Toxapex
|-singleturn|p1a: Toxapex|move: Protect
|move|p2a: LEADERSHIP STARS|Earthquake|p1a: Toxapex
|-activate|p1a: Toxapex|move: Protect
|
|-heal|p2a: LEADERSHIP STARS|20/100 brn|[from] item: Leftovers
|-damage|p2a: LEADERSHIP STARS|14/100 brn|[from] brn
|upkeep
|turn|31
|
|t:|1650286931
|move|p2a: LEADERSHIP STARS|Earthquake|p1a: Toxapex
|-supereffective|p1a: Toxapex
|-damage|p1a: Toxapex|48/100
|move|p1a: Toxapex|Scald|p2a: LEADERSHIP STARS
|-supereffective|p2a: LEADERSHIP STARS
|-damage|p2a: LEADERSHIP STARS|0 fnt
|faint|p2a: LEADERSHIP STARS
|
|upkeep
|j| thesky12321
|
|t:|1650286941
|switch|p2a: FOG OF WAR|Dragapult, F|100/100
|-damage|p2a: FOG OF WAR|88/100|[from] Stealth Rock
|turn|32
|
|t:|1650286946
|switch|p1a: Hatterene|Hatterene, F|63/100
|-damage|p1a: Hatterene|50/100|[from] Stealth Rock
|move|p2a: FOG OF WAR|Dragon Darts|p1a: Hatterene
|-immune|p1a: Hatterene
|
|-heal|p1a: Hatterene|57/100|[from] item: Leftovers
|upkeep
|turn|33
|
|t:|1650286955
|switch|p2a: DAGDA|Melmetal|96/100
|-damage|p2a: DAGDA|90/100|[from] Stealth Rock
|move|p1a: Hatterene|Draining Kiss|p2a: DAGDA
|-resisted|p2a: DAGDA
|-damage|p2a: DAGDA|79/100
|-heal|p1a: Hatterene|70/100|[from] drain|[of] p2a: DAGDA
|
|-heal|p1a: Hatterene|76/100|[from] item: Leftovers
|upkeep
|turn|34
|
|t:|1650286960
|move|p1a: Hatterene|Mystical Fire|p2a: DAGDA
|-supereffective|p2a: DAGDA
|-damage|p2a: DAGDA|34/100
|-unboost|p2a: DAGDA|spa|1
|move|p2a: DAGDA|Thunder Punch|p1a: Hatterene
|-damage|p1a: Hatterene|46/100
|
|-heal|p1a: Hatterene|52/100|[from] item: Leftovers
|upkeep
|turn|35
|
|t:|1650286966
|move|p1a: Hatterene|Mystical Fire|p2a: DAGDA
|-supereffective|p2a: DAGDA
|-damage|p2a: DAGDA|0 fnt
|faint|p2a: DAGDA
|
|-heal|p1a: Hatterene|58/100|[from] item: Leftovers
|upkeep
|
|t:|1650286971
|switch|p2a: FOG OF WAR|Dragapult, F|88/100
|-damage|p2a: FOG OF WAR|76/100|[from] Stealth Rock
|turn|36
|
|t:|1650286980
|switch|p1a: Toxapex|Toxapex, F|81/100
|-damage|p1a: Toxapex|69/100|[from] Stealth Rock
|move|p2a: FOG OF WAR|U-turn|p1a: Toxapex
|-resisted|p1a: Toxapex
|-damage|p1a: Toxapex|58/100
|
|t:|1650286985
|switch|p2a: MARTY PARTY|Kartana|100/100|[from]move: U-turn
|-damage|p2a: MARTY PARTY|94/100|[from] Stealth Rock
|
|upkeep
|turn|37
|
|t:|1650286999
|move|p2a: MARTY PARTY|Leaf Blade|p1a: Toxapex
|-damage|p1a: Toxapex|23/100
|move|p1a: Toxapex|Recover|p1a: Toxapex
|-heal|p1a: Toxapex|73/100
|
|upkeep
|turn|38
|
|t:|1650287005
|move|p2a: MARTY PARTY|Leaf Blade|p1a: Toxapex
|-crit|p1a: Toxapex
|-damage|p1a: Toxapex|21/100
|move|p1a: Toxapex|Scald|p2a: MARTY PARTY
|-resisted|p2a: MARTY PARTY
|-damage|p2a: MARTY PARTY|68/100
|
|upkeep
|turn|39
|
|t:|1650287010
|switch|p1a: Landorus|Landorus-Therian, M|75/100
|-damage|p1a: Landorus|63/100|[from] Stealth Rock
|-ability|p1a: Landorus|Intimidate|boost
|-unboost|p2a: MARTY PARTY|atk|1
|move|p2a: MARTY PARTY|Leaf Blade|p1a: Landorus
|-damage|p1a: Landorus|24/100
|
|-heal|p1a: Landorus|30/100|[from] item: Leftovers
|upkeep
|turn|40
|
|t:|1650287018
|move|p2a: MARTY PARTY|Leaf Blade|p1a: Landorus
|-damage|p1a: Landorus|0 fnt
|faint|p1a: Landorus
|-ability|p2a: MARTY PARTY|Beast Boost|boost
|-boost|p2a: MARTY PARTY|atk|1
|
|upkeep
|
|t:|1650287020
|switch|p1a: Dragapult|Dragapult, F|100/100
|-damage|p1a: Dragapult|88/100|[from] Stealth Rock
|turn|41
|
|t:|1650287027
|switch|p2a: PUGI|Weavile, M|34/100
|-damage|p2a: PUGI|9/100|[from] Stealth Rock
|-ability|p2a: PUGI|Pressure
|move|p1a: Dragapult|Shadow Ball|p2a: PUGI
|-resisted|p2a: PUGI
|-damage|p2a: PUGI|0 fnt
|faint|p2a: PUGI
|
|upkeep
|
|t:|1650287033
|switch|p2a: FOG OF WAR|Dragapult, F|76/100
|-damage|p2a: FOG OF WAR|64/100|[from] Stealth Rock
|turn|42
|
|t:|1650287039
|switch|p1a: Volcanion|Volcanion|100/100
|-damage|p1a: Volcanion|76/100|[from] Stealth Rock
|move|p2a: FOG OF WAR|Phantom Force||[still]
|-prepare|p2a: FOG OF WAR|Phantom Force
|
|upkeep
|turn|43
|
|t:|1650287043
|move|p2a: FOG OF WAR|Phantom Force|p1a: Volcanion|[from]lockedmove
|-damage|p1a: Volcanion|8/100
|move|p1a: Volcanion|Earth Power|p2a: FOG OF WAR
|-crit|p2a: FOG OF WAR
|-damage|p2a: FOG OF WAR|0 fnt
|faint|p2a: FOG OF WAR
|
|upkeep
|
|t:|1650287048
|switch|p2a: MARTY PARTY|Kartana|68/100
|-damage|p2a: MARTY PARTY|62/100|[from] Stealth Rock
|turn|44
|
|t:|1650287059
|move|p2a: MARTY PARTY|Knock Off|p1a: Volcanion
|-damage|p1a: Volcanion|0 fnt
|-enditem|p1a: Volcanion|Choice Specs|[from] move: Knock Off|[of] p2a: MARTY PARTY
|faint|p1a: Volcanion
|-ability|p2a: MARTY PARTY|Beast Boost|boost
|-boost|p2a: MARTY PARTY|atk|1
|
|upkeep
|
|t:|1650287062
|switch|p1a: Toxapex|Toxapex, F|54/100
|-damage|p1a: Toxapex|42/100|[from] Stealth Rock
|turn|45
|
|t:|1650287065
|move|p2a: MARTY PARTY|Knock Off|p1a: Toxapex
|-damage|p1a: Toxapex|16/100
|move|p1a: Toxapex|Recover|p1a: Toxapex
|-heal|p1a: Toxapex|66/100
|
|upkeep
|turn|46
|
|t:|1650287069
|move|p2a: MARTY PARTY|Knock Off|p1a: Toxapex
|-damage|p1a: Toxapex|39/100
|move|p1a: Toxapex|Recover|p1a: Toxapex
|-heal|p1a: Toxapex|89/100
|
|upkeep
|turn|47
|l| thesky12321
|
|t:|1650287071
|move|p2a: MARTY PARTY|Knock Off|p1a: Toxapex
|-damage|p1a: Toxapex|64/100
|move|p1a: Toxapex|Scald|p2a: MARTY PARTY
|-resisted|p2a: MARTY PARTY
|-damage|p2a: MARTY PARTY|34/100
|
|upkeep
|turn|48
|
|t:|1650287074
|move|p2a: MARTY PARTY|Knock Off|p1a: Toxapex
|-damage|p1a: Toxapex|38/100
|move|p1a: Toxapex|Recover|p1a: Toxapex
|-heal|p1a: Toxapex|89/100
|
|upkeep
|turn|49
|
|t:|1650287076
|move|p2a: MARTY PARTY|Knock Off|p1a: Toxapex
|-damage|p1a: Toxapex|64/100
|move|p1a: Toxapex|Haze|p1a: Toxapex
|-clearallboost
|
|upkeep
|turn|50
|-message|jawabarat forfeited.
|
|win|Libaa
|raw|Libaa's rating: 1804 &rarr; <strong>1829</strong><br />(+25 for winning)
|raw|jawabarat's rating: 1901 &rarr; <strong>1876</strong><br />(-25 for losing)
|l|☆jawabarat
|l| PokeaimJD
