|html|<div class="broadcast-blue"><strong>[Gen 8] OU is currently suspecting Melmetal! For information on how to participate check out the <a href="https://www.smogon.com/forums/threads/np-ss-ou-suspect-process-round-12-monster-mash.3709234/">suspect thread</a>.</strong></div>
|j|☆HQSTest
|j|☆Darkortex
|t:|1665989226
|gametype|singles
|player|p1|HQSTest|veteranf|1717
|player|p2|Darkortex|hilbert|1769
|teamsize|p1|6
|teamsize|p2|6
|gen|8
|tier|[Gen 8] OU
|rated|
|rule|Sleep Clause Mod: Limit one foe put to sleep
|rule|Species Clause: Limit one of each Pokémon
|rule|OHKO Clause: OHKO moves are banned
|rule|Evasion Items Clause: Evasion items are banned
|rule|Evasion Moves Clause: Evasion moves are banned
|rule|Endless Battle Clause: Forcing endless battles is banned
|rule|HP Percentage Mod: HP is shown in percentages
|rule|Dynamax Clause: You cannot dynamax
|clearpoke
|poke|p1|Dragapult, M|
|poke|p1|Rillaboom, F|
|poke|p1|Volcarona, F|
|poke|p1|Mew|
|poke|p1|Moltres-Galar|
|poke|p1|Zeraora|
|poke|p2|Torkoal, F|
|poke|p2|Venusaur, M|
|poke|p2|Heatran, M|
|poke|p2|Mandibuzz, F|
|poke|p2|Swampert, M|
|poke|p2|Dragapult, F|
|teampreview
|inactive|Battle timer is ON: inactive players will automatically lose when time's up. (requested by Darkortex)
|
|t:|1665989245
|start
|switch|p1a: Mew|Mew|100/100
|switch|p2a: Dragapult|Dragapult, F|100/100
|turn|1
|
|t:|1665989250
|move|p2a: Dragapult|U-turn|p1a: Mew
|-supereffective|p1a: Mew
|-damage|p1a: Mew|32/100
|-enditem|p1a: Mew|Red Card|[of] p2a: Dragapult
|drag|p2a: Venusaur|Venusaur, M|100/100
|move|p1a: Mew|Stealth Rock|p2a: Venusaur
|-sidestart|p2: Darkortex|move: Stealth Rock
|
|upkeep
|turn|2
|
|t:|1665989259
|move|p1a: Mew|Spikes|p2a: Venusaur
|-sidestart|p2: Darkortex|Spikes
|move|p2a: Venusaur|Giga Drain|p1a: Mew
|-damage|p1a: Mew|0 fnt
|faint|p1a: Mew
|-damage|p2a: Venusaur|91/100|[from] item: Life Orb
|
|upkeep
|
|t:|1665989270
|switch|p1a: Moltres|Moltres-Galar|100/100
|turn|3
|
|t:|1665989281
|switch|p2a: Dragapult|Dragapult, F|100/100
|-damage|p2a: Dragapult|88/100|[from] Stealth Rock
|-damage|p2a: Dragapult|76/100|[from] Spikes
|move|p1a: Moltres|Nasty Plot|p1a: Moltres
|-boost|p1a: Moltres|spa|2
|
|upkeep
|turn|4
|
|t:|1665989290
|move|p2a: Dragapult|Dragon Darts|p1a: Moltres
|-damage|p1a: Moltres|51/100
|-anim|p2a: Dragapult|Dragon Darts|p1a: Moltres
|-damage|p1a: Moltres|5/100
|-ability|p1a: Moltres|Berserk|boost
|-boost|p1a: Moltres|spa|1
|move|p1a: Moltres|Agility|p1a: Moltres
|-boost|p1a: Moltres|spe|2
|
|upkeep
|turn|5
|
|t:|1665989302
|switch|p2a: Swampert|Swampert, M|100/100
|-damage|p2a: Swampert|94/100|[from] Stealth Rock
|-damage|p2a: Swampert|82/100|[from] Spikes
|move|p1a: Moltres|Fiery Wrath|p2a: Swampert
|-damage|p2a: Swampert|9/100
|
|-heal|p2a: Swampert|15/100|[from] item: Leftovers
|upkeep
|turn|6
|
|t:|1665989305
|move|p1a: Moltres|Fiery Wrath|p2a: Swampert
|-damage|p2a: Swampert|0 fnt
|faint|p2a: Swampert
|
|upkeep
|j| LT_Alt1
|
|t:|1665989307
|switch|p2a: Mandibuzz|Mandibuzz, F|100/100
|turn|7
|
|t:|1665989309
|move|p1a: Moltres|Hurricane|p2a: Mandibuzz
|-damage|p2a: Mandibuzz|5/100
|move|p2a: Mandibuzz|Defog|p1a: Moltres
|-unboost|p1a: Moltres|evasion|1
|-sideend|p2: Darkortex|Spikes|[from] move: Defog|[of] p2a: Mandibuzz
|-sideend|p2: Darkortex|Stealth Rock|[from] move: Defog|[of] p2a: Mandibuzz
|
|upkeep
|turn|8
|
|t:|1665989316
|move|p1a: Moltres|Fiery Wrath|p2a: Mandibuzz
|-resisted|p2a: Mandibuzz
|-damage|p2a: Mandibuzz|0 fnt
|faint|p2a: Mandibuzz
|
|upkeep
|
|t:|1665989318
|switch|p2a: Dragapult|Dragapult, F|76/100
|turn|9
|
|t:|1665989322
|move|p2a: Dragapult|Sucker Punch|p1a: Moltres
|-resisted|p1a: Moltres
|-damage|p1a: Moltres|0 fnt
|faint|p1a: Moltres
|
|upkeep
|
|t:|1665989332
|switch|p1a: Dragapult|Dragapult, M|100/100
|turn|10
|
|t:|1665989335
|switch|p2a: Torkoal|Torkoal, F|100/100
|-weather|SunnyDay|[from] ability: Drought|[of] p2a: Torkoal
|move|p1a: Dragapult|Dragon Dance|p1a: Dragapult
|-boost|p1a: Dragapult|atk|1
|-boost|p1a: Dragapult|spe|1
|
|-weather|SunnyDay|[upkeep]
|upkeep
|turn|11
|
|t:|1665989338
|move|p1a: Dragapult|Substitute|p1a: Dragapult
|-start|p1a: Dragapult|Substitute
|-damage|p1a: Dragapult|76/100
|move|p2a: Torkoal|Toxic||[still]
|-fail|p2a: Torkoal
|
|-weather|SunnyDay|[upkeep]
|-heal|p1a: Dragapult|82/100|[from] item: Leftovers
|upkeep
|turn|12
|
|t:|1665989341
|move|p1a: Dragapult|Dragon Dance|p1a: Dragapult
|-boost|p1a: Dragapult|atk|1
|-boost|p1a: Dragapult|spe|1
|move|p2a: Torkoal|Lava Plume|p1a: Dragapult
|-resisted|p1a: Dragapult
|-activate|p1a: Dragapult|move: Substitute|[damage]
|
|-weather|SunnyDay|[upkeep]
|-heal|p1a: Dragapult|88/100|[from] item: Leftovers
|upkeep
|turn|13
|
|t:|1665989344
|move|p1a: Dragapult|Dragon Dance|p1a: Dragapult
|-boost|p1a: Dragapult|atk|1
|-boost|p1a: Dragapult|spe|1
|move|p2a: Torkoal|Lava Plume|p1a: Dragapult
|-resisted|p1a: Dragapult
|-end|p1a: Dragapult|Substitute
|
|-weather|SunnyDay|[upkeep]
|-heal|p1a: Dragapult|94/100|[from] item: Leftovers
|upkeep
|turn|14
|
|t:|1665989347
|switch|p2a: Dragapult|Dragapult, F|76/100
|move|p1a: Dragapult|Substitute|p1a: Dragapult
|-start|p1a: Dragapult|Substitute
|-damage|p1a: Dragapult|69/100
|
|-weather|SunnyDay|[upkeep]
|-heal|p1a: Dragapult|76/100|[from] item: Leftovers
|upkeep
|turn|15
|
|t:|1665989354
|move|p2a: Dragapult|Sucker Punch|p1a: Dragapult
|-supereffective|p1a: Dragapult
|-end|p1a: Dragapult|Substitute
|move|p1a: Dragapult|Dragon Darts|p2a: Dragapult
|-supereffective|p2a: Dragapult
|-damage|p2a: Dragapult|0 fnt
|faint|p2a: Dragapult
|
|-weather|SunnyDay|[upkeep]
|-heal|p1a: Dragapult|82/100|[from] item: Leftovers
|upkeep
|
|t:|1665989357
|switch|p2a: Heatran|Heatran, M|100/100
|turn|16
|
|t:|1665989360
|move|p1a: Dragapult|Substitute|p1a: Dragapult
|-start|p1a: Dragapult|Substitute
|-damage|p1a: Dragapult|57/100
|move|p2a: Heatran|Flamethrower|p1a: Dragapult
|-resisted|p1a: Dragapult
|-end|p1a: Dragapult|Substitute
|
|-weather|SunnyDay|[upkeep]
|-heal|p1a: Dragapult|63/100|[from] item: Leftovers
|upkeep
|turn|17
|
|t:|1665989362
|move|p1a: Dragapult|Substitute|p1a: Dragapult
|-start|p1a: Dragapult|Substitute
|-damage|p1a: Dragapult|38/100
|move|p2a: Heatran|Flamethrower|p1a: Dragapult
|-resisted|p1a: Dragapult
|-end|p1a: Dragapult|Substitute
|
|-weather|none
|-heal|p1a: Dragapult|44/100|[from] item: Leftovers
|upkeep
|turn|18
|
|t:|1665989365
|move|p1a: Dragapult|Phantom Force||[still]
|-prepare|p1a: Dragapult|Phantom Force
|move|p2a: Heatran|Flamethrower|p1a: Dragapult|[miss]
|-miss|p2a: Heatran|p1a: Dragapult
|
|-heal|p1a: Dragapult|51/100|[from] item: Leftovers
|upkeep
|turn|19
|
|t:|1665989367
|move|p1a: Dragapult|Phantom Force|p2a: Heatran|[from]lockedmove
|-damage|p2a: Heatran|0 fnt
|faint|p2a: Heatran
|
|-heal|p1a: Dragapult|57/100|[from] item: Leftovers
|upkeep
|-message|Darkortex forfeited.
|
|win|HQSTest
|raw|HQSTest's rating: 1717 &rarr; <strong>1740</strong><br />(+23 for winning)
|raw|Darkortex's rating: 1769 &rarr; <strong>1746</strong><br />(-23 for losing)
|j| 3sxy5u
|l|☆Darkortex
|j|☆Darkortex
|player|p2|Darkortex|hilbert
|l|☆Darkortex
|player|p2|
|j|☆Darkortex
|player|p2|Darkortex|hilbert
|l|☆Darkortex
|player|p2|
