|raw|<div class="broadcast-blue"><strong>This battle is required to be public due to a player having a name starting with 'lt93oq'.</div>
|j|☆LT93OQ Lio
|j|☆Plasmeek
|t:|1660541790
|gametype|singles
|player|p1|LT93OQ Lio|2|1906
|player|p2|Plasmeek|lucas|1839
|teamsize|p1|6
|teamsize|p2|6
|gen|8
|tier|[Gen 8] OU
|rated|
|rule|Sleep Clause Mod: Limit one foe put to sleep
|rule|Species Clause: Limit one of each Pokémon
|rule|OHKO Clause: OHKO moves are banned
|rule|Evasion Items Clause: Evasion items are banned
|rule|Evasion Moves Clause: Evasion moves are banned
|rule|Endless Battle Clause: Forcing endless battles is banned
|rule|HP Percentage Mod: HP is shown in percentages
|rule|Dynamax Clause: You cannot dynamax
|clearpoke
|poke|p1|Pelipper, F|
|poke|p1|Barraskewda, F|
|poke|p1|Ferrothorn, F|
|poke|p1|Weavile, F|
|poke|p1|Slowking-Galar, F|
|poke|p1|Landorus-Therian, M|
|poke|p2|Melmetal|
|poke|p2|Tapu Lele|
|poke|p2|Magnezone|
|poke|p2|Tornadus-Therian, M|
|poke|p2|Tapu Fini|
|poke|p2|Landorus-Therian, M|
|teampreview
|
|t:|1660541801
|start
|switch|p1a: Landorus|Landorus-Therian, M|100/100
|switch|p2a: Tornadus|Tornadus-Therian, M, shiny|100/100
|-ability|p1a: Landorus|Intimidate|boost
|-unboost|p2a: Tornadus|atk|1
|turn|1
|j| Vuuvvuvubub
|
|t:|1660541803
|switch|p2a: Landorus|Landorus-Therian, M|100/100
|-ability|p2a: Landorus|Intimidate|boost
|-unboost|p1a: Landorus|atk|1
|move|p1a: Landorus|Toxic|p2a: Landorus
|-status|p2a: Landorus|tox
|
|-damage|p2a: Landorus|94/100 tox|[from] psn
|upkeep
|turn|2
|
|t:|1660541807
|switch|p1a: Pelipper|Pelipper, F|100/100
|-weather|RainDance|[from] ability: Drizzle|[of] p1a: Pelipper
|move|p2a: Landorus|Stealth Rock|p1a: Pelipper
|-sidestart|p1: LT93OQ Lio|move: Stealth Rock
|
|-weather|RainDance|[upkeep]
|-heal|p2a: Landorus|100/100 tox|[from] item: Leftovers
|-damage|p2a: Landorus|88/100 tox|[from] psn
|upkeep
|turn|3
|
|t:|1660541812
|switch|p2a: Tapu Fini|Tapu Fini|100/100
|-fieldstart|move: Misty Terrain|[from] ability: Misty Surge|[of] p2a: Tapu Fini
|move|p1a: Pelipper|U-turn|p2a: Tapu Fini
|-resisted|p2a: Tapu Fini
|-damage|p2a: Tapu Fini|98/100
|
|t:|1660541816
|switch|p1a: Slowking|Slowking-Galar, F|100/100|[from]move: U-turn
|-damage|p1a: Slowking|88/100|[from] Stealth Rock
|
|-weather|RainDance|[upkeep]
|-heal|p2a: Tapu Fini|100/100|[from] item: Leftovers
|upkeep
|turn|4
|
|t:|1660541823
|move|p2a: Tapu Fini|Scald|p1a: Slowking
|-damage|p1a: Slowking|72/100
|move|p1a: Slowking|Future Sight|p2a: Tapu Fini
|-start|p1a: Slowking|move: Future Sight
|
|-weather|RainDance|[upkeep]
|upkeep
|turn|5
|
|t:|1660541831
|switch|p2a: Melmetal|Melmetal|100/100
|move|p1a: Slowking|Scald|p2a: Melmetal
|-damage|p2a: Melmetal|77/100
|
|-weather|RainDance|[upkeep]
|-heal|p2a: Melmetal|83/100|[from] item: Leftovers
|upkeep
|turn|6
|
|t:|1660541843
|switch|p1a: Landorus|Landorus-Therian, M|100/100
|-damage|p1a: Landorus|88/100|[from] Stealth Rock
|-ability|p1a: Landorus|Intimidate|boost
|-unboost|p2a: Melmetal|atk|1
|move|p2a: Melmetal|Toxic|p1a: Landorus
|-status|p1a: Landorus|tox
|
|-weather|RainDance|[upkeep]
|-end|p2a: Melmetal|move: Future Sight
|-resisted|p2a: Melmetal
|-damage|p2a: Melmetal|66/100
|-heal|p1a: Landorus|94/100 tox|[from] item: Leftovers
|-heal|p2a: Melmetal|72/100|[from] item: Leftovers
|-damage|p1a: Landorus|88/100 tox|[from] psn
|upkeep
|turn|7
|
|t:|1660541849
|switch|p2a: Tapu Lele|Tapu Lele|100/100
|-fieldstart|move: Psychic Terrain|[from] ability: Psychic Surge|[of] p2a: Tapu Lele
|move|p1a: Landorus|Stealth Rock|p2a: Tapu Lele
|-sidestart|p2: Plasmeek|move: Stealth Rock
|
|-weather|RainDance|[upkeep]
|-heal|p1a: Landorus|94/100 tox|[from] item: Leftovers
|-damage|p1a: Landorus|82/100 tox|[from] psn
|upkeep
|turn|8
|
|t:|1660541858
|switch|p1a: Slowking|Slowking-Galar, F|100/100
|-damage|p1a: Slowking|88/100|[from] Stealth Rock
|move|p2a: Tapu Lele|Psyshock|p1a: Slowking
|-crit|p1a: Slowking
|-damage|p1a: Slowking|0 fnt
|faint|p1a: Slowking
|
|-weather|RainDance|[upkeep]
|upkeep
|
|t:|1660541863
|switch|p1a: Weavile|Weavile, F|100/100
|-ability|p1a: Weavile|Pressure
|turn|9
|j| Sc0rcha
|
|t:|1660541871
|switch|p2a: Melmetal|Melmetal|72/100
|-damage|p2a: Melmetal|66/100|[from] Stealth Rock
|move|p1a: Weavile|Knock Off|p2a: Melmetal
|-damage|p2a: Melmetal|40/100
|-enditem|p2a: Melmetal|Leftovers|[from] move: Knock Off|[of] p1a: Weavile
|
|-weather|none
|upkeep
|turn|10
|
|t:|1660541878
|switch|p1a: Pelipper|Pelipper, F|100/100
|-damage|p1a: Pelipper|76/100|[from] Stealth Rock
|-weather|RainDance|[from] ability: Drizzle|[of] p1a: Pelipper
|move|p2a: Melmetal|Double Iron Bash|p1a: Pelipper
|-resisted|p1a: Pelipper
|-damage|p1a: Pelipper|63/100
|-resisted|p1a: Pelipper
|-damage|p1a: Pelipper|49/100
|-hitcount|p1a: Pelipper|2
|
|-weather|RainDance|[upkeep]
|upkeep
|turn|11
|l| Sc0rcha
|
|t:|1660541882
|switch|p1a: Ferrothorn|Ferrothorn, F|100/100
|-damage|p1a: Ferrothorn|94/100|[from] Stealth Rock
|move|p2a: Melmetal|Toxic|p1a: Ferrothorn|[miss]
|-miss|p2a: Melmetal|p1a: Ferrothorn
|
|-weather|RainDance|[upkeep]
|-fieldend|move: Psychic Terrain
|upkeep
|turn|12
|j| TR23
|
|t:|1660541891
|switch|p2a: Tornadus|Tornadus-Therian, M, shiny|100/100
|move|p1a: Ferrothorn|Body Press|p2a: Tornadus
|-resisted|p2a: Tornadus
|-damage|p2a: Tornadus|84/100
|
|-weather|RainDance|[upkeep]
|upkeep
|turn|13
|
|t:|1660541895
|move|p2a: Tornadus|U-turn|p1a: Ferrothorn
|-damage|p1a: Ferrothorn|86/100
|-damage|p2a: Tornadus|72/100|[from] ability: Iron Barbs|[of] p1a: Ferrothorn
|-enditem|p1a: Ferrothorn|Eject Button
|
|t:|1660541897
|switch|p1a: Barraskewda|Barraskewda, F|100/100
|-damage|p1a: Barraskewda|88/100|[from] Stealth Rock
|
|-weather|RainDance|[upkeep]
|upkeep
|turn|14
|
|t:|1660541927
|switch|p2a: Melmetal|Melmetal|40/100
|-damage|p2a: Melmetal|34/100|[from] Stealth Rock
|move|p1a: Barraskewda|Liquidation|p2a: Melmetal
|-damage|p2a: Melmetal|0 fnt
|faint|p2a: Melmetal
|
|-weather|RainDance|[upkeep]
|upkeep
|
|t:|1660541929
|switch|p2a: Tapu Fini|Tapu Fini|100/100
|-damage|p2a: Tapu Fini|88/100|[from] Stealth Rock
|-fieldstart|move: Misty Terrain|[from] ability: Misty Surge|[of] p2a: Tapu Fini
|turn|15
|
|t:|1660541933
|move|p1a: Barraskewda|Liquidation|p2a: Tapu Fini
|-resisted|p2a: Tapu Fini
|-damage|p2a: Tapu Fini|54/100
|move|p2a: Tapu Fini|Calm Mind|p2a: Tapu Fini
|-boost|p2a: Tapu Fini|spa|1
|-boost|p2a: Tapu Fini|spd|1
|
|-weather|RainDance|[upkeep]
|-heal|p2a: Tapu Fini|60/100|[from] item: Leftovers
|upkeep
|turn|16
|j| Kyurem
|
|t:|1660541941
|switch|p1a: Ferrothorn|Ferrothorn, F|86/100
|-damage|p1a: Ferrothorn|80/100|[from] Stealth Rock
|move|p2a: Tapu Fini|Draining Kiss|p1a: Ferrothorn
|-resisted|p1a: Ferrothorn
|-damage|p1a: Ferrothorn|69/100
|-heal|p2a: Tapu Fini|68/100|[from] drain|[of] p1a: Ferrothorn
|-damage|p2a: Tapu Fini|56/100|[from] ability: Iron Barbs|[of] p1a: Ferrothorn
|
|-weather|RainDance|[upkeep]
|-heal|p2a: Tapu Fini|62/100|[from] item: Leftovers
|upkeep
|turn|17
|
|t:|1660541944
|switch|p2a: Magnezone|Magnezone|100/100
|-damage|p2a: Magnezone|94/100|[from] Stealth Rock
|move|p1a: Ferrothorn|Knock Off|p2a: Magnezone
|-damage|p2a: Magnezone|79/100
|-enditem|p2a: Magnezone|Leftovers|[from] move: Knock Off|[of] p1a: Ferrothorn
|
|-weather|none
|upkeep
|turn|18
|
|t:|1660541950
|move|p2a: Magnezone|Iron Defense|p2a: Magnezone
|-boost|p2a: Magnezone|def|2
|move|p1a: Ferrothorn|Spikes|p2a: Magnezone
|-sidestart|p2: Plasmeek|Spikes
|
|upkeep
|turn|19
|
|t:|1660541954
|move|p2a: Magnezone|Iron Defense|p2a: Magnezone
|-boost|p2a: Magnezone|def|2
|move|p1a: Ferrothorn|Spikes|p2a: Magnezone
|-sidestart|p2: Plasmeek|Spikes
|
|-fieldend|Misty Terrain
|upkeep
|turn|20
|j| A long e
|
|t:|1660541967
|move|p2a: Magnezone|Magnet Rise|p2a: Magnezone
|-start|p2a: Magnezone|Magnet Rise
|move|p1a: Ferrothorn|Body Press|p2a: Magnezone
|-supereffective|p2a: Magnezone
|-damage|p2a: Magnezone|65/100
|
|upkeep
|turn|21
|
|t:|1660541973
|move|p2a: Magnezone|Body Press|p1a: Ferrothorn
|-supereffective|p1a: Ferrothorn
|-damage|p1a: Ferrothorn|0 fnt
|-damage|p2a: Magnezone|53/100|[from] ability: Iron Barbs|[of] p1a: Ferrothorn
|faint|p1a: Ferrothorn
|
|upkeep
|
|t:|1660541979
|switch|p1a: Pelipper|Pelipper, F|49/100
|-damage|p1a: Pelipper|24/100|[from] Stealth Rock
|-weather|RainDance|[from] ability: Drizzle|[of] p1a: Pelipper
|turn|22
|l| A long e
|
|t:|1660541982
|switch|p1a: Landorus|Landorus-Therian, M|82/100 tox
|-damage|p1a: Landorus|70/100 tox|[from] Stealth Rock
|-ability|p1a: Landorus|Intimidate|boost
|-unboost|p2a: Magnezone|atk|1
|move|p2a: Magnezone|Body Press|p1a: Landorus
|-resisted|p1a: Landorus
|-damage|p1a: Landorus|42/100 tox
|
|-weather|RainDance|[upkeep]
|-heal|p1a: Landorus|48/100 tox|[from] item: Leftovers
|-damage|p1a: Landorus|42/100 tox|[from] psn
|upkeep
|turn|23
|
|t:|1660541991
|move|p1a: Landorus|Toxic|p2a: Magnezone
|-immune|p2a: Magnezone
|move|p2a: Magnezone|Body Press|p1a: Landorus
|-resisted|p1a: Landorus
|-crit|p1a: Landorus
|-damage|p1a: Landorus|1/100 tox
|
|-weather|RainDance|[upkeep]
|-heal|p1a: Landorus|7/100 tox|[from] item: Leftovers
|-damage|p1a: Landorus|0 fnt|[from] psn
|faint|p1a: Landorus
|upkeep
|
|t:|1660541996
|switch|p1a: Barraskewda|Barraskewda, F|88/100
|-damage|p1a: Barraskewda|76/100|[from] Stealth Rock
|turn|24
|j| LT_Alt1
|
|t:|1660541999
|move|p1a: Barraskewda|Flip Turn|p2a: Magnezone
|-damage|p2a: Magnezone|36/100
|
|t:|1660542003
|switch|p1a: Pelipper|Pelipper, F|24/100|[from]move: Flip Turn
|-damage|p1a: Pelipper|0 fnt|[from] Stealth Rock
|faint|p1a: Pelipper
|move|p2a: Magnezone|Thunderbolt|p1: Pelipper|[notarget]
|-fail|p2a: Magnezone
|
|-weather|RainDance|[upkeep]
|-end|p2a: Magnezone|Magnet Rise
|upkeep
|
|t:|1660542005
|switch|p1a: Barraskewda|Barraskewda, F|76/100
|-damage|p1a: Barraskewda|64/100|[from] Stealth Rock
|turn|25
|
|t:|1660542009
|move|p1a: Barraskewda|Liquidation|p2a: Magnezone
|-damage|p2a: Magnezone|10/100
|move|p2a: Magnezone|Body Press|p1a: Barraskewda
|-damage|p1a: Barraskewda|0 fnt
|faint|p1a: Barraskewda
|
|-weather|RainDance|[upkeep]
|upkeep
|-message|LT93OQ Lio forfeited.
|
|win|Plasmeek
|raw|LT93OQ Lio's rating: 1906 &rarr; <strong>1882</strong><br />(-24 for losing)
|raw|Plasmeek's rating: 1839 &rarr; <strong>1863</strong><br />(+24 for winning)
|l|☆LT93OQ Lio
|l| LT_Alt1
|l| TR23
|j| Sc0rcha
|l| Sc0rcha
|l|☆Plasmeek
|j| Lunarr
|j| rydeen ride
|l| Lunarr
|l| rydeen ride
|j|+kino
|l|+kino
|l| Kyurem
|j|+kino
|l|+kino
|j| AGREGRE
|l| AGREGRE
|j| Wish i was gud
|l| Vuuvvuvubub
|l| Wish i was gud
|j| lt93oq dime
|l| lt93oq dime
|j| Wish i was gud
|l| Wish i was gud
