|raw|<div class="broadcast-blue"><strong>This battle is required to be public due to a player having a name starting with 'lt94je'.</div>
|j|☆LT94JE DS
|j|☆bramitoboy
|t:|1661515999
|gametype|singles
|player|p1|LT94JE DS|lucas|1829
|player|p2|bramitoboy|1|1893
|teamsize|p1|6
|teamsize|p2|6
|gen|8
|tier|[Gen 8] OU
|rated|
|rule|Sleep Clause Mod: Limit one foe put to sleep
|rule|Species Clause: Limit one of each Pokémon
|rule|OHKO Clause: OHKO moves are banned
|rule|Evasion Items Clause: Evasion items are banned
|rule|Evasion Moves Clause: Evasion moves are banned
|rule|Endless Battle Clause: Forcing endless battles is banned
|rule|HP Percentage Mod: HP is shown in percentages
|rule|Dynamax Clause: You cannot dynamax
|clearpoke
|poke|p1|Dragapult, F|
|poke|p1|Tapu Fini|
|poke|p1|Blacephalon|
|poke|p1|Tapu Lele|
|poke|p1|Landorus-Therian, M|
|poke|p1|Melmetal|
|poke|p2|Zarude-Dada|
|poke|p2|Keldeo-Resolute|
|poke|p2|Tapu Lele|
|poke|p2|Tapu Koko|
|poke|p2|Heatran, M|
|poke|p2|Landorus-Therian, M|
|teampreview
|inactive|Battle timer is ON: inactive players will automatically lose when time's up. (requested by bramitoboy)
|j| Sunday surfer
|inactive|LT94JE DS has 120 seconds left.
|
|t:|1661516050
|start
|switch|p1a: Tapu Fini|Tapu Fini|100/100
|switch|p2a: Tapu Koko|Tapu Koko|100/100
|-fieldstart|move: Electric Terrain|[from] ability: Electric Surge|[of] p2a: Tapu Koko
|-fieldstart|move: Misty Terrain|[from] ability: Misty Surge|[of] p1a: Tapu Fini
|turn|1
|j| stunfisk2140
|j| 4funaccount
|
|t:|1661516062
|switch|p2a: Tapu Lele|Tapu Lele|100/100
|-fieldstart|move: Psychic Terrain|[from] ability: Psychic Surge|[of] p2a: Tapu Lele
|move|p1a: Tapu Fini|Nature's Madness|p2a: Tapu Lele
|-damage|p2a: Tapu Lele|50/100
|
|upkeep
|turn|2
|
|t:|1661516068
|switch|p1a: Melmetal|Melmetal|100/100
|move|p2a: Tapu Lele|Focus Blast|p1a: Melmetal
|-supereffective|p1a: Melmetal
|-damage|p1a: Melmetal|13/100
|
|-heal|p1a: Melmetal|19/100|[from] item: Leftovers
|upkeep
|turn|3
|
|t:|1661516076
|move|p1a: Melmetal|Protect|p1a: Melmetal
|-singleturn|p1a: Melmetal|Protect
|move|p2a: Tapu Lele|Psyshock|p1a: Melmetal
|-activate|p1a: Melmetal|move: Protect
|
|-heal|p1a: Melmetal|26/100|[from] item: Leftovers
|upkeep
|turn|4
|j| LT94JE Herv
|
|t:|1661516081
|move|p2a: Tapu Lele|Thunderbolt|p1a: Melmetal
|-damage|p1a: Melmetal|0 fnt
|faint|p1a: Melmetal
|
|upkeep
|
|t:|1661516084
|switch|p1a: Blacephalon|Blacephalon|100/100
|turn|5
|j| egal★vanc
|
|t:|1661516095
|switch|p2a: Heatran|Heatran, M|100/100
|-item|p2a: Heatran|Air Balloon
|move|p1a: Blacephalon|Shadow Ball|p2a: Heatran
|-damage|p2a: Heatran|45/100
|-enditem|p2a: Heatran|Air Balloon
|
|-fieldend|move: Psychic Terrain
|upkeep
|turn|6
|
|t:|1661516101
|switch|p2a: Zarude|Zarude-Dada|100/100
|move|p1a: Blacephalon|Shadow Ball|p2a: Zarude
|-resisted|p2a: Zarude
|-damage|p2a: Zarude|66/100
|
|upkeep
|turn|7
|j| anique
|l| stunfisk2140
|j| hippo kek
|
|t:|1661516106
|switch|p1a: Landorus|Landorus-Therian, M|100/100
|-ability|p1a: Landorus|Intimidate|boost
|-unboost|p2a: Zarude|atk|1
|move|p2a: Zarude|Power Whip|p1a: Landorus
|-damage|p1a: Landorus|54/100
|-damage|p2a: Zarude|56/100|[from] item: Life Orb
|
|-heal|p1a: Landorus|60/100|[from] item: Leftovers
|upkeep
|turn|8
|
|t:|1661516115
|switch|p2a: Landorus|Landorus-Therian, M|100/100
|-ability|p2a: Landorus|Intimidate|boost
|-unboost|p1a: Landorus|atk|1
|move|p1a: Landorus|Stealth Rock|p2a: Landorus
|-sidestart|p2: bramitoboy|move: Stealth Rock
|
|-heal|p1a: Landorus|66/100|[from] item: Leftovers
|upkeep
|turn|9
|j| Shocwave
|
|t:|1661516118
|move|p2a: Landorus|Knock Off|p1a: Landorus
|-damage|p1a: Landorus|35/100
|-enditem|p1a: Landorus|Leftovers|[from] move: Knock Off|[of] p2a: Landorus
|move|p1a: Landorus|Toxic|p2a: Landorus
|-status|p2a: Landorus|tox
|
|-damage|p2a: Landorus|94/100 tox|[from] psn
|upkeep
|turn|10
|
|t:|1661516125
|switch|p1a: Tapu Fini|Tapu Fini|100/100
|-fieldstart|move: Misty Terrain|[from] ability: Misty Surge|[of] p1a: Tapu Fini
|move|p2a: Landorus|Defog|p1a: Tapu Fini
|-unboost|p1a: Tapu Fini|evasion|1
|-sideend|p2: bramitoboy|Stealth Rock|[from] move: Defog|[of] p2a: Landorus
|-fieldend|Misty Terrain
|
|-damage|p2a: Landorus|82/100 tox|[from] psn
|upkeep
|turn|11
|
|t:|1661516131
|switch|p2a: Tapu Lele|Tapu Lele|50/100
|-fieldstart|move: Psychic Terrain|[from] ability: Psychic Surge|[of] p2a: Tapu Lele
|move|p1a: Tapu Fini|Nature's Madness|p2a: Tapu Lele
|-damage|p2a: Tapu Lele|26/100
|
|upkeep
|turn|12
|
|t:|1661516137
|move|p2a: Tapu Lele|Psyshock|p1a: Tapu Fini
|-damage|p1a: Tapu Fini|63/100
|move|p1a: Tapu Fini|Knock Off|p2a: Tapu Lele
|-damage|p2a: Tapu Lele|3/100
|-enditem|p2a: Tapu Lele|Assault Vest|[from] move: Knock Off|[of] p1a: Tapu Fini
|
|-heal|p1a: Tapu Fini|70/100|[from] item: Leftovers
|upkeep
|turn|13
|j| cypherstest
|
|t:|1661516146
|move|p2a: Tapu Lele|Psyshock|p1a: Tapu Fini
|-damage|p1a: Tapu Fini|28/100
|move|p1a: Tapu Fini|Moonblast|p2a: Tapu Lele
|-damage|p2a: Tapu Lele|0 fnt
|faint|p2a: Tapu Lele
|
|-heal|p1a: Tapu Fini|35/100|[from] item: Leftovers
|upkeep
|j|+kino
|
|t:|1661516155
|switch|p2a: Zarude|Zarude-Dada|56/100
|turn|14
|
|t:|1661516162
|switch|p1a: Dragapult|Dragapult, F|100/100
|move|p2a: Zarude|Power Whip|p1a: Dragapult
|-resisted|p1a: Dragapult
|-damage|p1a: Dragapult|46/100
|-damage|p2a: Zarude|46/100|[from] item: Life Orb
|
|upkeep
|turn|15
|
|t:|1661516174
|switch|p2a: Landorus|Landorus-Therian, M|82/100 tox
|-ability|p2a: Landorus|Intimidate|boost
|-unboost|p1a: Dragapult|atk|1
|move|p1a: Dragapult|U-turn|p2a: Landorus
|-resisted|p2a: Landorus
|-damage|p2a: Landorus|78/100 tox
|-damage|p1a: Dragapult|30/100|[from] item: Rocky Helmet|[of] p2a: Landorus
|j| jhbjmkn
|
|t:|1661516183
|switch|p1a: Blacephalon|Blacephalon|100/100|[from]move: U-turn
|
|-damage|p2a: Landorus|72/100 tox|[from] psn
|-fieldend|move: Psychic Terrain
|upkeep
|turn|16
|l| Sunday surfer
|
|t:|1661516188
|move|p1a: Blacephalon|Overheat|p2a: Landorus
|-damage|p2a: Landorus|0 fnt
|-unboost|p1a: Blacephalon|spa|2
|faint|p2a: Landorus
|-ability|p1a: Blacephalon|Beast Boost|boost
|-boost|p1a: Blacephalon|spa|1
|
|upkeep
|
|t:|1661516196
|switch|p2a: Heatran|Heatran, M|45/100
|turn|17
|
|t:|1661516203
|switch|p1a: Tapu Fini|Tapu Fini|35/100
|-fieldstart|move: Misty Terrain|[from] ability: Misty Surge|[of] p1a: Tapu Fini
|move|p2a: Heatran|Magma Storm|p1a: Tapu Fini|[miss]
|-miss|p2a: Heatran|p1a: Tapu Fini
|
|-heal|p1a: Tapu Fini|41/100|[from] item: Leftovers
|upkeep
|turn|18
|
|t:|1661516210
|move|p1a: Tapu Fini|Nature's Madness|p2a: Heatran
|-damage|p2a: Heatran|23/100
|move|p2a: Heatran|Taunt|p1a: Tapu Fini
|-start|p1a: Tapu Fini|move: Taunt
|
|-heal|p1a: Tapu Fini|47/100|[from] item: Leftovers
|upkeep
|turn|19
|
|t:|1661516214
|move|p1a: Tapu Fini|Nature's Madness|p2a: Heatran
|-damage|p2a: Heatran|12/100
|move|p2a: Heatran|Stealth Rock|p1a: Tapu Fini
|-sidestart|p1: LT94JE DS|move: Stealth Rock
|
|-heal|p1a: Tapu Fini|53/100|[from] item: Leftovers
|upkeep
|turn|20
|
|t:|1661516218
|switch|p2a: Zarude|Zarude-Dada|46/100
|move|p1a: Tapu Fini|Knock Off|p2a: Zarude
|-resisted|p2a: Zarude
|-damage|p2a: Zarude|39/100
|-enditem|p2a: Zarude|Life Orb|[from] move: Knock Off|[of] p1a: Tapu Fini
|
|-heal|p1a: Tapu Fini|59/100|[from] item: Leftovers
|upkeep
|turn|21
|
|t:|1661516227
|move|p2a: Zarude|Synthesis|p2a: Zarude
|-heal|p2a: Zarude|89/100
|move|p1a: Tapu Fini|Moonblast|p2a: Zarude
|-supereffective|p2a: Zarude
|-damage|p2a: Zarude|31/100
|
|-heal|p1a: Tapu Fini|65/100|[from] item: Leftovers
|-end|p1a: Tapu Fini|move: Taunt
|-fieldend|Misty Terrain
|upkeep
|turn|22
|j| oakdeon
|l| LT94JE Herv
|j| LT94JE Herv
|
|t:|1661516243
|move|p2a: Zarude|Power Whip|p1a: Tapu Fini|[miss]
|-miss|p2a: Zarude|p1a: Tapu Fini
|move|p1a: Tapu Fini|Moonblast|p2a: Zarude
|-supereffective|p2a: Zarude
|-damage|p2a: Zarude|0 fnt
|faint|p2a: Zarude
|
|-heal|p1a: Tapu Fini|71/100|[from] item: Leftovers
|upkeep
|
|t:|1661516247
|switch|p2a: Tapu Koko|Tapu Koko|100/100
|-fieldstart|move: Electric Terrain|[from] ability: Electric Surge|[of] p2a: Tapu Koko
|turn|23
|
|t:|1661516257
|move|p2a: Tapu Koko|Thunderbolt|p1a: Tapu Fini
|-supereffective|p1a: Tapu Fini
|-damage|p1a: Tapu Fini|0 fnt
|faint|p1a: Tapu Fini
|
|upkeep
|j| FFRamza
|
|t:|1661516266
|switch|p1a: Tapu Lele|Tapu Lele|100/100
|-damage|p1a: Tapu Lele|88/100|[from] Stealth Rock
|-fieldstart|move: Psychic Terrain|[from] ability: Psychic Surge|[of] p1a: Tapu Lele
|turn|24
|
|t:|1661516272
|switch|p2a: Heatran|Heatran, M|12/100
|move|p1a: Tapu Lele|Psyshock|p2a: Heatran
|-resisted|p2a: Heatran
|-damage|p2a: Heatran|0 fnt
|faint|p2a: Heatran
|
|upkeep
|j| LT94JE A
|
|t:|1661516275
|switch|p2a: Tapu Koko|Tapu Koko|100/100
|-fieldstart|move: Electric Terrain|[from] ability: Electric Surge|[of] p2a: Tapu Koko
|turn|25
|
|t:|1661516278
|switch|p1a: Landorus|Landorus-Therian, M|35/100
|-damage|p1a: Landorus|23/100|[from] Stealth Rock
|-ability|p1a: Landorus|Intimidate|boost
|-unboost|p2a: Tapu Koko|atk|1
|move|p2a: Tapu Koko|Dazzling Gleam|p1a: Landorus
|-damage|p1a: Landorus|0 fnt
|faint|p1a: Landorus
|
|upkeep
|
|t:|1661516285
|switch|p1a: Blacephalon|Blacephalon|100/100
|-damage|p1a: Blacephalon|76/100|[from] Stealth Rock
|turn|26
|
|t:|1661516290
|switch|p2a: Keldeo|Keldeo-Resolute|100/100
|move|p1a: Blacephalon|Shadow Ball|p2a: Keldeo
|-damage|p2a: Keldeo|20/100
|
|-heal|p2a: Keldeo|26/100|[from] item: Leftovers
|upkeep
|turn|27
|
|t:|1661516298
|move|p2a: Keldeo|Scald|p1a: Blacephalon
|-supereffective|p1a: Blacephalon
|-damage|p1a: Blacephalon|0 fnt
|faint|p1a: Blacephalon
|
|-heal|p2a: Keldeo|32/100|[from] item: Leftovers
|upkeep
|
|t:|1661516300
|switch|p1a: Dragapult|Dragapult, F|30/100
|-damage|p1a: Dragapult|18/100|[from] Stealth Rock
|turn|28
|c| oakdeon|hummm
|c|+kino|hummm
|
|t:|1661516321
|move|p1a: Dragapult|Shadow Ball|p2a: Keldeo
|-damage|p2a: Keldeo|0 fnt
|faint|p2a: Keldeo
|
|upkeep
|
|t:|1661516325
|switch|p2a: Tapu Koko|Tapu Koko|100/100
|turn|29
|c|☆LT94JE DS|hummm
|
|t:|1661516331
|move|p2a: Tapu Koko|Thunderbolt|p1a: Dragapult
|-resisted|p1a: Dragapult
|-damage|p1a: Dragapult|0 fnt
|faint|p1a: Dragapult
|
|-fieldend|move: Electric Terrain
|upkeep
|
|t:|1661516333
|switch|p1a: Tapu Lele|Tapu Lele|88/100
|-damage|p1a: Tapu Lele|76/100|[from] Stealth Rock
|-fieldstart|move: Psychic Terrain|[from] ability: Psychic Surge|[of] p1a: Tapu Lele
|turn|30
|
|t:|1661516336
|move|p2a: Tapu Koko|Thunderbolt|p1a: Tapu Lele
|-damage|p1a: Tapu Lele|30/100
|move|p1a: Tapu Lele|Psyshock|p2a: Tapu Koko
|-damage|p2a: Tapu Koko|21/100
|
|upkeep
|turn|31
|c|☆bramitoboy|uuhuhuhuh
|c|☆bramitoboy|uuhhuuhuhhuhuhu
|c|☆bramitoboy|uhuhhuuhuh
|c|☆LT94JE DS|:-(
|c| oakdeon|:(
|
|t:|1661516347
|move|p2a: Tapu Koko|Thunderbolt|p1a: Tapu Lele
|-damage|p1a: Tapu Lele|0 fnt
|faint|p1a: Tapu Lele
|
|win|bramitoboy
|raw|LT94JE DS's rating: 1829 &rarr; <strong>1813</strong><br />(-16 for losing)
|raw|bramitoboy's rating: 1893 &rarr; <strong>1909</strong><br />(+16 for winning)
|c| oakdeon|bordel
|c|+kino|t'as une attaque mon pote?
|l| hippo kek
|c|☆LT94JE DS|mdr regarde moi cette abruti
|l|☆LT94JE DS
|l| anique
|l| cypherstest
||Ladder isn't responding, score probably updated but might not have (Request timeout).
