|j|☆OUTI 4G3NC
|j|☆Mamaw31180
|t:|1603722330
|player|p1|OUTI 4G3NC|acetrainerf|1379
|player|p2|Mamaw31180|266|1430
|teamsize|p1|6
|teamsize|p2|6
|gametype|singles
|gen|8
|tier|[Gen 8] OU
|rated|
|clearpoke
|poke|p1|Uxie|
|poke|p1|Marowak-Alola, M|
|poke|p1|Glastrier|
|poke|p1|Melmetal|
|poke|p1|Cresselia, F|
|poke|p1|Crawdaunt, M|
|poke|p2|Blaziken, M|
|poke|p2|Ditto|
|poke|p2|Azelf|
|poke|p2|Zygarde|
|poke|p2|Genesect|
|poke|p2|Naganadel|
|rule|Sleep Clause Mod: Limit one foe put to sleep
|rule|Species Clause: Limit one of each Pokémon
|rule|OHKO Clause: OHKO moves are banned
|rule|Evasion Moves Clause: Evasion moves are banned
|rule|Endless Battle Clause: Forcing endless battles is banned
|rule|HP Percentage Mod: HP is shown in percentages
|rule|Dynamax Clause: You cannot dynamax
|teampreview
|inactive|Battle timer is ON: inactive players will automatically lose when time's up. (requested by Mamaw31180)
|
|t:|1603722356
|start
|switch|p1a: Uxie|Uxie|100/100
|switch|p2a: Azelf|Azelf|100/100
|turn|1
|
|t:|1603722361
|move|p2a: Azelf|Taunt|p1a: Uxie
|-start|p1a: Uxie|move: Taunt
|-enditem|p1a: Uxie|Mental Herb
|-end|p1a: Uxie|move: Taunt
|move|p1a: Uxie|Trick Room|p1a: Uxie
|-fieldstart|move: Trick Room|[of] p1a: Uxie
|
|upkeep
|turn|2
|
|t:|1603722368
|move|p1a: Uxie|Memento|p2a: Azelf
|-unboost|p2a: Azelf|atk|2
|-unboost|p2a: Azelf|spa|2
|faint|p1a: Uxie
|move|p2a: Azelf|Stealth Rock|p1: Uxie
|-sidestart|p1: OUTI 4G3NC|move: Stealth Rock
|
|upkeep
|
|t:|1603722378
|switch|p1a: Melmetal|Melmetal|100/100
|-damage|p1a: Melmetal|94/100|[from] Stealth Rock
|turn|3
|
|t:|1603722381
|move|p1a: Melmetal|Double Iron Bash|p2a: Azelf
|-enditem|p2a: Azelf|Focus Sash
|-damage|p2a: Azelf|1/100
|-damage|p2a: Azelf|0 fnt
|-hitcount|p2a: Azelf|2
|faint|p2a: Azelf
|
|upkeep
|
|t:|1603722393
|switch|p2a: Ditto|Ditto|100/100
|-transform|p2a: Ditto|p1a: Melmetal|[from] ability: Imposter
|turn|4
|
|t:|1603722406
|move|p1a: Melmetal|Double Iron Bash|p2a: Ditto
|-resisted|p2a: Ditto
|-damage|p2a: Ditto|74/100
|-resisted|p2a: Ditto
|-damage|p2a: Ditto|47/100
|-hitcount|p2a: Ditto|2
|cant|p2a: Ditto|flinch
|
|upkeep
|turn|5
|
|t:|1603722414
|move|p1a: Melmetal|Double Iron Bash|p2a: Ditto
|-resisted|p2a: Ditto
|-damage|p2a: Ditto|21/100
|-resisted|p2a: Ditto
|-damage|p2a: Ditto|0 fnt
|-hitcount|p2a: Ditto|2
|faint|p2a: Ditto
|
|-fieldend|move: Trick Room
|upkeep
|
|t:|1603722419
|switch|p2a: Blaziken|Blaziken, M|100/100
|turn|6
|
|t:|1603722423
|move|p2a: Blaziken|Swords Dance|p2a: Blaziken
|-boost|p2a: Blaziken|atk|2
|move|p1a: Melmetal|Double Iron Bash|p2a: Blaziken
|-resisted|p2a: Blaziken
|-damage|p2a: Blaziken|51/100
|-resisted|p2a: Blaziken
|-damage|p2a: Blaziken|2/100
|-hitcount|p2a: Blaziken|2
|
|-ability|p2a: Blaziken|Speed Boost|boost
|-boost|p2a: Blaziken|spe|1
|upkeep
|turn|7
|
|t:|1603722427
|switch|p1a: Marowak|Marowak-Alola, M|100/100
|-damage|p1a: Marowak|76/100|[from] Stealth Rock
|move|p2a: Blaziken|Earthquake|p1a: Marowak
|-supereffective|p1a: Marowak
|-damage|p1a: Marowak|0 fnt
|-damage|p2a: Blaziken|0 fnt|[from] item: Life Orb
|faint|p1a: Marowak
|faint|p2a: Blaziken
|
|upkeep
|
|t:|1603722438
|switch|p2a: Genesect|Genesect, shiny|100/100
|switch|p1a: Cresselia|Cresselia, F|100/100
|-ability|p2a: Genesect|Download|boost
|-boost|p2a: Genesect|spa|1
|-damage|p1a: Cresselia|88/100|[from] Stealth Rock
|turn|8
|
|t:|1603722444
|move|p2a: Genesect|Iron Head|p1a: Cresselia
|-damage|p1a: Cresselia|57/100
|move|p1a: Cresselia|Trick Room|p1a: Cresselia
|-fieldstart|move: Trick Room|[of] p1a: Cresselia
|
|upkeep
|turn|9
|
|t:|1603722450
|switch|p1a: Melmetal|Melmetal|94/100
|-damage|p1a: Melmetal|88/100|[from] Stealth Rock
|switch|p2a: Naganadel|Naganadel|100/100
|
|upkeep
|turn|10
|
|t:|1603722455
|switch|p2a: Genesect|Genesect, shiny|100/100
|-ability|p2a: Genesect|Download|boost
|-boost|p2a: Genesect|spa|1
|move|p1a: Melmetal|Double Iron Bash|p2a: Genesect
|-resisted|p2a: Genesect
|-damage|p2a: Genesect|61/100
|-resisted|p2a: Genesect
|-crit|p2a: Genesect
|-damage|p2a: Genesect|0 fnt
|-hitcount|p2a: Genesect|2
|faint|p2a: Genesect
|
|upkeep
|
|t:|1603722466
|switch|p2a: Naganadel|Naganadel|100/100
|turn|11
|
|t:|1603722469
|move|p1a: Melmetal|Double Iron Bash|p2a: Naganadel
|-damage|p2a: Naganadel|6/100
|-damage|p2a: Naganadel|0 fnt
|-hitcount|p2a: Naganadel|2
|faint|p2a: Naganadel
|
|upkeep
|
|t:|1603722473
|switch|p2a: Zygarde|Zygarde|100/100
|-ability|p2a: Zygarde|Aura Break
|turn|12
|
|t:|1603722481
|move|p1a: Melmetal|Double Iron Bash|p2a: Zygarde
|-damage|p2a: Zygarde|50/100
|-damage|p2a: Zygarde|3/100
|-hitcount|p2a: Zygarde|2
|cant|p2a: Zygarde|flinch
|
|-heal|p2a: Zygarde|9/100|[from] item: Leftovers
|-fieldend|move: Trick Room
|upkeep
|turn|13
|
|t:|1603722489
|move|p2a: Zygarde|Thousand Arrows|p1a: Melmetal
|-supereffective|p1a: Melmetal
|-damage|p1a: Melmetal|45/100
|move|p1a: Melmetal|Double Iron Bash|p2a: Zygarde
|-damage|p2a: Zygarde|0 fnt
|-hitcount|p2a: Zygarde|1
|faint|p2a: Zygarde
|
|win|OUTI 4G3NC
|l|☆Mamaw31180
||Ladder (probably) updated, but score could not be retrieved (Request timeout).
