|j|☆vlx shane
|j|☆Highv0ltag3
|t:|1667490146
|gametype|singles
|player|p1|vlx shane|lucas|1661
|player|p2|Highv0ltag3|volo|1759
|teamsize|p1|6
|teamsize|p2|6
|gen|8
|tier|[Gen 8] OU
|rated|
|rule|Sleep Clause Mod: Limit one foe put to sleep
|rule|Species Clause: Limit one of each Pokémon
|rule|OHKO Clause: OHKO moves are banned
|rule|Evasion Items Clause: Evasion items are banned
|rule|Evasion Moves Clause: Evasion moves are banned
|rule|Endless Battle Clause: Forcing endless battles is banned
|rule|HP Percentage Mod: HP is shown in percentages
|rule|Dynamax Clause: You cannot dynamax
|clearpoke
|poke|p1|Pelipper, F|
|poke|p1|Seismitoad, M|
|poke|p1|Kingdra, F|
|poke|p1|Crawdaunt, M|
|poke|p1|Zapdos|
|poke|p1|Melmetal|
|poke|p2|Xatu, F|
|poke|p2|Corviknight, M|
|poke|p2|Toxapex, F|
|poke|p2|Chansey, F|
|poke|p2|Hippowdon, F|
|poke|p2|Clefable, F|
|teampreview
|
|t:|1667490183
|start
|switch|p1a: Pelipper|Pelipper, F|100/100
|switch|p2a: Glue|Toxapex, F|100/100
|-weather|RainDance|[from] ability: Drizzle|[of] p1a: Pelipper
|turn|1
|
|t:|1667490191
|switch|p1a: Zapdos|Zapdos|100/100
|move|p2a: Glue|Knock Off|p1a: Zapdos
|-damage|p1a: Zapdos|90/100
|-enditem|p1a: Zapdos|Heavy-Duty Boots|[from] move: Knock Off|[of] p2a: Glue
|
|-weather|RainDance|[upkeep]
|upkeep
|turn|2
|
|t:|1667490200
|move|p1a: Zapdos|Hurricane|p2a: Glue
|-damage|p2a: Glue|62/100
|move|p2a: Glue|Toxic|p1a: Zapdos
|-status|p1a: Zapdos|tox
|
|-weather|RainDance|[upkeep]
|-heal|p2a: Glue|68/100|[from] item: Black Sludge
|-damage|p1a: Zapdos|84/100 tox|[from] psn
|upkeep
|turn|3
|
|t:|1667490206
|switch|p2a: Endangered Species|Hippowdon, F|100/100
|move|p1a: Zapdos|Thunder|p2a: Endangered Species
|-immune|p2a: Endangered Species
|
|-weather|RainDance|[upkeep]
|-damage|p1a: Zapdos|72/100 tox|[from] psn
|upkeep
|turn|4
|
|t:|1667490210
|switch|p1a: Pelipper|Pelipper, F|100/100
|move|p2a: Endangered Species|Earthquake|p1a: Pelipper
|-immune|p1a: Pelipper
|
|-weather|RainDance|[upkeep]
|upkeep
|turn|5
|
|t:|1667490214
|move|p2a: Endangered Species|Stealth Rock|p1a: Pelipper
|-sidestart|p1: vlx shane|move: Stealth Rock
|move|p1a: Pelipper|U-turn|p2a: Endangered Species
|-damage|p2a: Endangered Species|93/100
|
|t:|1667490218
|switch|p1a: Crawdaunt|Crawdaunt, M|100/100|[from]move: U-turn
|-damage|p1a: Crawdaunt|88/100|[from] Stealth Rock
|
|-weather|RainDance|[upkeep]
|-heal|p2a: Endangered Species|99/100|[from] item: Leftovers
|upkeep
|turn|6
|
|t:|1667490224
|move|p1a: Crawdaunt|Crabhammer|p2a: Endangered Species
|-supereffective|p2a: Endangered Species
|-damage|p2a: Endangered Species|0 fnt
|faint|p2a: Endangered Species
|
|-weather|RainDance|[upkeep]
|upkeep
|
|t:|1667490227
|switch|p2a: Glue|Toxapex, F|100/100
|turn|7
|
|t:|1667490242
|switch|p1a: Zapdos|Zapdos|72/100 tox
|-damage|p1a: Zapdos|47/100 tox|[from] Stealth Rock
|move|p2a: Glue|Toxic|p1a: Zapdos
|-fail|p1a: Zapdos|tox
|
|-weather|RainDance|[upkeep]
|-damage|p1a: Zapdos|41/100 tox|[from] psn
|upkeep
|turn|8
|
|t:|1667490250
|switch|p2a: Joe Mama|Chansey, F|100/100
|move|p1a: Zapdos|Roost|p1a: Zapdos
|-heal|p1a: Zapdos|91/100 tox
|-singleturn|p1a: Zapdos|move: Roost
|
|-weather|none
|-damage|p1a: Zapdos|79/100 tox|[from] psn
|upkeep
|turn|9
|
|t:|1667490253
|move|p1a: Zapdos|Defog|p2a: Joe Mama
|-unboost|p2a: Joe Mama|evasion|1
|-sideend|p1: vlx shane|Stealth Rock|[from] move: Defog|[of] p1a: Zapdos
|move|p2a: Joe Mama|Thunder Wave||[still]
|-fail|p2a: Joe Mama
|
|-damage|p1a: Zapdos|60/100 tox|[from] psn
|upkeep
|turn|10
|
|t:|1667490257
|switch|p1a: Pelipper|Pelipper, F|100/100
|-weather|RainDance|[from] ability: Drizzle|[of] p1a: Pelipper
|move|p2a: Joe Mama|Seismic Toss|p1a: Pelipper
|-damage|p1a: Pelipper|70/100
|
|-weather|RainDance|[upkeep]
|upkeep
|turn|11
|
|t:|1667490261
|switch|p2a: Glue|Toxapex, F|100/100
|move|p1a: Pelipper|U-turn|p2a: Glue
|-resisted|p2a: Glue
|-damage|p2a: Glue|98/100
|
|t:|1667490266
|switch|p1a: Zapdos|Zapdos|60/100 tox|[from]move: U-turn
|
|-weather|RainDance|[upkeep]
|-heal|p2a: Glue|100/100|[from] item: Black Sludge
|-damage|p1a: Zapdos|54/100 tox|[from] psn
|upkeep
|turn|12
|
|t:|1667490276
|move|p1a: Zapdos|Roost|p1a: Zapdos
|-heal|p1a: Zapdos|100/100 tox
|-singleturn|p1a: Zapdos|move: Roost
|move|p2a: Glue|Toxic|p1a: Zapdos
|-fail|p1a: Zapdos|tox
|
|-weather|RainDance|[upkeep]
|-damage|p1a: Zapdos|88/100 tox|[from] psn
|upkeep
|turn|13
|
|t:|1667490282
|move|p1a: Zapdos|Thunder|p2a: Glue
|-supereffective|p2a: Glue
|-damage|p2a: Glue|25/100
|move|p2a: Glue|Toxic|p1a: Zapdos
|-fail|p1a: Zapdos|tox
|
|-weather|RainDance|[upkeep]
|-heal|p2a: Glue|31/100|[from] item: Black Sludge
|-damage|p1a: Zapdos|70/100 tox|[from] psn
|upkeep
|turn|14
|j| always taunt
|
|t:|1667490292
|switch|p1a: Crawdaunt|Crawdaunt, M|88/100
|switch|p2a: Windshield|Corviknight, M|100/100
|-ability|p2a: Windshield|Pressure
|
|-weather|RainDance|[upkeep]
|upkeep
|turn|15
|
|t:|1667490298
|move|p1a: Crawdaunt|Crabhammer|p2a: Windshield
|-damage|p2a: Windshield|1/100
|move|p2a: Windshield|Body Press|p1a: Crawdaunt
|-supereffective|p1a: Crawdaunt
|-damage|p1a: Crawdaunt|15/100
|
|-weather|RainDance|[upkeep]
|upkeep
|turn|16
|l| always taunt
|
|t:|1667490316
|move|p1a: Crawdaunt|Crabhammer|p2a: Windshield
|-damage|p2a: Windshield|0 fnt
|faint|p2a: Windshield
|
|-weather|RainDance|[upkeep]
|upkeep
|
|t:|1667490319
|switch|p2a: Glue|Toxapex, F|64/100
|turn|17
|
|t:|1667490323
|switch|p1a: Zapdos|Zapdos|70/100 tox
|move|p2a: Glue|Recover|p2a: Glue
|-heal|p2a: Glue|100/100
|
|-weather|none
|-damage|p1a: Zapdos|64/100 tox|[from] psn
|upkeep
|turn|18
|
|t:|1667490327
|switch|p1a: Pelipper|Pelipper, F|70/100
|-weather|RainDance|[from] ability: Drizzle|[of] p1a: Pelipper
|switch|p2a: Joe Mama|Chansey, F|100/100
|
|-weather|RainDance|[upkeep]
|upkeep
|turn|19
|
|t:|1667490330
|move|p2a: Joe Mama|Seismic Toss|p1a: Pelipper
|-damage|p1a: Pelipper|39/100
|move|p1a: Pelipper|U-turn|p2a: Joe Mama
|-damage|p2a: Joe Mama|95/100
|
|t:|1667490332
|switch|p1a: Crawdaunt|Crawdaunt, M|15/100|[from]move: U-turn
|
|-weather|RainDance|[upkeep]
|upkeep
|turn|20
|
|t:|1667490351
|switch|p2a: Glue|Toxapex, F|100/100
|move|p1a: Crawdaunt|Crabhammer|p2a: Glue
|-resisted|p2a: Glue
|-damage|p2a: Glue|53/100
|
|-weather|RainDance|[upkeep]
|-heal|p2a: Glue|59/100|[from] item: Black Sludge
|upkeep
|turn|21
|
|t:|1667490362
|switch|p1a: Zapdos|Zapdos|64/100 tox
|move|p2a: Glue|Toxic|p1a: Zapdos
|-fail|p1a: Zapdos|tox
|
|-weather|RainDance|[upkeep]
|-heal|p2a: Glue|65/100|[from] item: Black Sludge
|-damage|p1a: Zapdos|58/100 tox|[from] psn
|upkeep
|turn|22
|
|t:|1667490365
|switch|p2a: Joe Mama|Chansey, F|95/100
|move|p1a: Zapdos|Roost|p1a: Zapdos
|-heal|p1a: Zapdos|100/100 tox
|-singleturn|p1a: Zapdos|move: Roost
|
|-weather|RainDance|[upkeep]
|-damage|p1a: Zapdos|88/100 tox|[from] psn
|upkeep
|turn|23
|
|t:|1667490383
|switch|p1a: Seismitoad|Seismitoad, M|100/100
|move|p2a: Joe Mama|Seismic Toss|p1a: Seismitoad
|-damage|p1a: Seismitoad|72/100
|
|-weather|RainDance|[upkeep]
|upkeep
|turn|24
|
|t:|1667490395
|switch|p2a: Dare to Taunt?|Xatu, F|100/100
|move|p1a: Seismitoad|Liquidation|p2a: Dare to Taunt?
|-damage|p2a: Dare to Taunt?|0 fnt
|faint|p2a: Dare to Taunt?
|-damage|p1a: Seismitoad|62/100|[from] item: Life Orb
|
|-weather|RainDance|[upkeep]
|upkeep
|
|t:|1667490412
|switch|p2a: Magic Guard no cap|Clefable, F|100/100
|turn|25
|
|t:|1667490421
|switch|p1a: Melmetal|Melmetal|100/100
|move|p2a: Magic Guard no cap|Moonblast|p1a: Melmetal
|-resisted|p1a: Melmetal
|-damage|p1a: Melmetal|91/100
|
|-weather|none
|upkeep
|turn|26
|
|t:|1667490431
|move|p2a: Magic Guard no cap|Flamethrower|p1a: Melmetal
|-supereffective|p1a: Melmetal
|-damage|p1a: Melmetal|67/100
|move|p1a: Melmetal|Earthquake|p2a: Magic Guard no cap
|-damage|p2a: Magic Guard no cap|68/100
|
|-heal|p2a: Magic Guard no cap|74/100|[from] item: Leftovers
|upkeep
|turn|27
|
|t:|1667490438
|switch|p2a: Glue|Toxapex, F|99/100
|move|p1a: Melmetal|Double Iron Bash|p2a: Glue
|-resisted|p2a: Glue
|-damage|p2a: Glue|85/100
|-resisted|p2a: Glue
|-damage|p2a: Glue|70/100
|-hitcount|p2a: Glue|2
|
|-heal|p2a: Glue|76/100|[from] item: Black Sludge
|upkeep
|turn|28
|
|t:|1667490444
|switch|p2a: Joe Mama|Chansey, F|95/100
|move|p1a: Melmetal|Earthquake|p2a: Joe Mama
|-damage|p2a: Joe Mama|71/100
|
|upkeep
|turn|29
|
|t:|1667490454
|switch|p1a: Pelipper|Pelipper, F|39/100
|-weather|RainDance|[from] ability: Drizzle|[of] p1a: Pelipper
|move|p2a: Joe Mama|Thunder Wave|p1a: Pelipper
|-status|p1a: Pelipper|par
|
|-weather|RainDance|[upkeep]
|upkeep
|turn|30
|
|t:|1667490462
|switch|p2a: Glue|Toxapex, F|100/100
|move|p1a: Pelipper|Roost|p1a: Pelipper
|-heal|p1a: Pelipper|89/100 par
|-singleturn|p1a: Pelipper|move: Roost
|
|-weather|RainDance|[upkeep]
|upkeep
|turn|31
|
|t:|1667490469
|switch|p1a: Zapdos|Zapdos|88/100 tox
|move|p2a: Glue|Knock Off|p1a: Zapdos
|-damage|p1a: Zapdos|81/100 tox
|
|-weather|RainDance|[upkeep]
|-damage|p1a: Zapdos|75/100 tox|[from] psn
|upkeep
|turn|32
|
|t:|1667490474
|switch|p2a: Joe Mama|Chansey, F|71/100
|move|p1a: Zapdos|Thunder|p2a: Joe Mama
|-damage|p2a: Joe Mama|55/100
|-status|p2a: Joe Mama|par
|
|-weather|RainDance|[upkeep]
|-damage|p1a: Zapdos|63/100 tox|[from] psn
|upkeep
|turn|33
|
|t:|1667490478
|switch|p1a: Crawdaunt|Crawdaunt, M|15/100
|move|p2a: Joe Mama|Seismic Toss|p1a: Crawdaunt
|-damage|p1a: Crawdaunt|0 fnt
|faint|p1a: Crawdaunt
|
|-weather|RainDance|[upkeep]
|upkeep
|
|t:|1667490504
|switch|p1a: Seismitoad|Seismitoad, M|62/100
|turn|34
|
|t:|1667490520
|move|p1a: Seismitoad|Liquidation|p2a: Joe Mama
|-damage|p2a: Joe Mama|2/100 par
|-unboost|p2a: Joe Mama|def|1
|-damage|p1a: Seismitoad|52/100|[from] item: Life Orb
|cant|p2a: Joe Mama|par
|
|-weather|RainDance|[upkeep]
|upkeep
|turn|35
|
|t:|1667490530
|move|p1a: Seismitoad|Earthquake|p2a: Joe Mama
|-damage|p2a: Joe Mama|0 fnt
|faint|p2a: Joe Mama
|-damage|p1a: Seismitoad|42/100|[from] item: Life Orb
|
|-weather|RainDance|[upkeep]
|upkeep
|
|t:|1667490536
|switch|p2a: Magic Guard no cap|Clefable, F|74/100
|turn|36
|
|t:|1667490541
|move|p1a: Seismitoad|Liquidation|p2a: Magic Guard no cap
|-damage|p2a: Magic Guard no cap|15/100
|-damage|p1a: Seismitoad|32/100|[from] item: Life Orb
|move|p2a: Magic Guard no cap|Soft-Boiled|p2a: Magic Guard no cap
|-heal|p2a: Magic Guard no cap|65/100
|
|-weather|none
|-heal|p2a: Magic Guard no cap|71/100|[from] item: Leftovers
|upkeep
|turn|37
|
|t:|1667490548
|switch|p1a: Melmetal|Melmetal|67/100
|move|p2a: Magic Guard no cap|Soft-Boiled|p2a: Magic Guard no cap
|-heal|p2a: Magic Guard no cap|100/100
|
|upkeep
|turn|38
|
|t:|1667490551
|switch|p2a: Glue|Toxapex, F|100/100
|move|p1a: Melmetal|Double Iron Bash|p2a: Glue
|-resisted|p2a: Glue
|-damage|p2a: Glue|87/100
|-resisted|p2a: Glue
|-damage|p2a: Glue|75/100
|-hitcount|p2a: Glue|2
|
|-heal|p2a: Glue|81/100|[from] item: Black Sludge
|upkeep
|turn|39
|
|t:|1667490559
|switch|p1a: Pelipper|Pelipper, F|89/100 par
|-weather|RainDance|[from] ability: Drizzle|[of] p1a: Pelipper
|move|p2a: Glue|Recover|p2a: Glue
|-heal|p2a: Glue|100/100
|
|-weather|RainDance|[upkeep]
|upkeep
|turn|40
|
|t:|1667490565
|switch|p2a: Magic Guard no cap|Clefable, F|100/100
|switch|p1a: Zapdos|Zapdos|63/100 tox
|
|-weather|RainDance|[upkeep]
|-damage|p1a: Zapdos|57/100 tox|[from] psn
|upkeep
|turn|41
|
|t:|1667490579
|move|p1a: Zapdos|Thunder|p2a: Magic Guard no cap
|-damage|p2a: Magic Guard no cap|55/100
|move|p2a: Magic Guard no cap|Calm Mind|p2a: Magic Guard no cap
|-boost|p2a: Magic Guard no cap|spa|1
|-boost|p2a: Magic Guard no cap|spd|1
|
|-weather|RainDance|[upkeep]
|-heal|p2a: Magic Guard no cap|61/100|[from] item: Leftovers
|-damage|p1a: Zapdos|45/100 tox|[from] psn
|upkeep
|turn|42
|
|t:|1667490584
|switch|p1a: Melmetal|Melmetal|67/100
|move|p2a: Magic Guard no cap|Flamethrower|p1a: Melmetal
|-supereffective|p1a: Melmetal
|-damage|p1a: Melmetal|51/100
|
|-weather|RainDance|[upkeep]
|-heal|p2a: Magic Guard no cap|67/100|[from] item: Leftovers
|upkeep
|turn|43
|
|t:|1667490593
|switch|p2a: Glue|Toxapex, F|100/100
|move|p1a: Melmetal|Double Iron Bash|p2a: Glue
|-resisted|p2a: Glue
|-damage|p2a: Glue|86/100
|-resisted|p2a: Glue
|-damage|p2a: Glue|74/100
|-hitcount|p2a: Glue|2
|
|-weather|RainDance|[upkeep]
|-heal|p2a: Glue|80/100|[from] item: Black Sludge
|upkeep
|turn|44
|
|t:|1667490601
|switch|p1a: Zapdos|Zapdos|45/100 tox
|move|p2a: Glue|Recover|p2a: Glue
|-heal|p2a: Glue|100/100
|
|-weather|RainDance|[upkeep]
|-damage|p1a: Zapdos|39/100 tox|[from] psn
|upkeep
|turn|45
|
|t:|1667490605
|move|p1a: Zapdos|Roost|p1a: Zapdos
|-heal|p1a: Zapdos|89/100 tox
|-singleturn|p1a: Zapdos|move: Roost
|move|p2a: Glue|Recover||[still]
|-fail|p2a: Glue|heal
|
|-weather|RainDance|[upkeep]
|-damage|p1a: Zapdos|77/100 tox|[from] psn
|upkeep
|turn|46
|
|t:|1667490608
|move|p1a: Zapdos|Thunder|p2a: Glue
|-supereffective|p2a: Glue
|-damage|p2a: Glue|27/100
|-status|p2a: Glue|par
|move|p2a: Glue|Light Screen|p2a: Glue
|-sidestart|p2: Highv0ltag3|move: Light Screen
|
|-weather|none
|-heal|p2a: Glue|33/100 par|[from] item: Black Sludge
|-damage|p1a: Zapdos|59/100 tox|[from] psn
|upkeep
|turn|47
|
|t:|1667490616
|switch|p1a: Pelipper|Pelipper, F|89/100 par
|-weather|RainDance|[from] ability: Drizzle|[of] p1a: Pelipper
|switch|p2a: Magic Guard no cap|Clefable, F|67/100
|
|-weather|RainDance|[upkeep]
|-heal|p2a: Magic Guard no cap|73/100|[from] item: Leftovers
|upkeep
|turn|48
|
|t:|1667490622
|move|p2a: Magic Guard no cap|Moonblast|p1a: Pelipper
|-damage|p1a: Pelipper|45/100 par
|-unboost|p1a: Pelipper|spa|1
|move|p1a: Pelipper|U-turn|p2a: Magic Guard no cap
|-resisted|p2a: Magic Guard no cap
|-damage|p2a: Magic Guard no cap|70/100
|
|t:|1667490638
|switch|p1a: Melmetal|Melmetal|51/100|[from]move: U-turn
|
|-weather|RainDance|[upkeep]
|-heal|p2a: Magic Guard no cap|76/100|[from] item: Leftovers
|upkeep
|turn|49
|inactive|Battle timer is ON: inactive players will automatically lose when time's up. (requested by Highv0ltag3)
|
|t:|1667490644
|switch|p2a: Glue|Toxapex, F|66/100 par
|move|p1a: Melmetal|Earthquake|p2a: Glue
|-supereffective|p2a: Glue
|-damage|p2a: Glue|16/100 par
|
|-weather|RainDance|[upkeep]
|-heal|p2a: Glue|22/100 par|[from] item: Black Sludge
|upkeep
|turn|50
|
|t:|1667490655
|move|p1a: Melmetal|Double Iron Bash|p2a: Glue
|-resisted|p2a: Glue
|-damage|p2a: Glue|10/100 par
|-resisted|p2a: Glue
|-crit|p2a: Glue
|-damage|p2a: Glue|0 fnt
|faint|p2a: Glue
|-hitcount|p2: Glue|2
|
|-weather|RainDance|[upkeep]
|-sideend|p2: Highv0ltag3|move: Light Screen
|upkeep
|
|t:|1667490658
|switch|p2a: Magic Guard no cap|Clefable, F|76/100
|turn|51
|
|t:|1667490663
|move|p2a: Magic Guard no cap|Flamethrower|p1a: Melmetal
|-supereffective|p1a: Melmetal
|-damage|p1a: Melmetal|39/100
|-status|p1a: Melmetal|brn
|move|p1a: Melmetal|Double Iron Bash|p2a: Magic Guard no cap
|-supereffective|p2a: Magic Guard no cap
|-damage|p2a: Magic Guard no cap|41/100
|-supereffective|p2a: Magic Guard no cap
|-damage|p2a: Magic Guard no cap|8/100
|-hitcount|p2a: Magic Guard no cap|2
|
|-weather|RainDance|[upkeep]
|-heal|p2a: Magic Guard no cap|14/100|[from] item: Leftovers
|-damage|p1a: Melmetal|33/100 brn|[from] brn
|upkeep
|turn|52
|
|t:|1667490694
|switch|p1a: Kingdra|Kingdra, F|100/100
|move|p2a: Magic Guard no cap|Soft-Boiled|p2a: Magic Guard no cap
|-heal|p2a: Magic Guard no cap|64/100
|
|-weather|RainDance|[upkeep]
|-heal|p2a: Magic Guard no cap|71/100|[from] item: Leftovers
|upkeep
|turn|53
|
|t:|1667490717
|move|p1a: Kingdra|Surf|p2a: Magic Guard no cap
|-crit|p2a: Magic Guard no cap
|-damage|p2a: Magic Guard no cap|0 fnt
|faint|p2a: Magic Guard no cap
|
|win|vlx shane
|raw|vlx shane's rating: 1661 &rarr; <strong>1686</strong><br />(+25 for winning)
|raw|Highv0ltag3's rating: 1759 &rarr; <strong>1734</strong><br />(-25 for losing)
|l|☆Highv0ltag3
|l|☆vlx shane
||Ladder isn't responding, score probably updated but might not have (Request timeout).
