|j|☆Valentine
|j|☆Joga
|t:|1614979091
|player|p1|Valentine|acetrainer|
|player|p2|Joga|n|
|teamsize|p1|6
|teamsize|p2|6
|gametype|singles
|gen|8
|tier|[Gen 8] OU
|clearpoke
|poke|p1|Rillaboom, F|
|poke|p1|Kartana|
|poke|p1|Magnezone|
|poke|p1|Landorus-Therian, M|
|poke|p1|Hawlucha, F|
|poke|p1|Dragapult, F|
|poke|p2|Raikou|
|poke|p2|Tapu Koko|
|poke|p2|Urshifu-*, M|
|poke|p2|Chansey, F|
|poke|p2|Landorus-Therian, M|
|poke|p2|Kartana|
|rule|Sleep Clause Mod: Limit one foe put to sleep
|rule|Species Clause: Limit one of each Pokémon
|rule|OHKO Clause: OHKO moves are banned
|rule|Evasion Moves Clause: Evasion moves are banned
|rule|Endless Battle Clause: Forcing endless battles is banned
|rule|HP Percentage Mod: HP is shown in percentages
|rule|Dynamax Clause: You cannot dynamax
|teampreview
|c|☆Joga|glhf
|inactive|Battle timer is ON: inactive players will automatically lose when time's up. (requested by Valentine)
|
|t:|1614979125
|start
|switch|p1a: lil mama|Dragapult, F|100/100
|switch|p2a: C TANGANA|Landorus-Therian, M|100/100
|-ability|p2a: C TANGANA|Intimidate|boost
|-unboost|p1a: lil mama|atk|1
|turn|1
|j| SweetPosho
|
|t:|1614979132
|switch|p2a: BLOB|Chansey, F|100/100
|move|p1a: lil mama|Draco Meteor|p2a: BLOB
|-damage|p2a: BLOB|75/100
|-unboost|p1a: lil mama|spa|2
|
|upkeep
|turn|2
|
|t:|1614979147
|switch|p1a: goodbye goodgirl|Landorus-Therian, M|100/100
|-ability|p1a: goodbye goodgirl|Intimidate|boost
|-unboost|p2a: BLOB|atk|1
|switch|p2a: C TANGANA|Landorus-Therian, M|100/100
|-ability|p2a: C TANGANA|Intimidate|boost
|-unboost|p1a: goodbye goodgirl|atk|1
|
|upkeep
|turn|3
|
|t:|1614979152
|move|p1a: goodbye goodgirl|Stealth Rock|p2a: C TANGANA
|-sidestart|p2: Joga|move: Stealth Rock
|move|p2a: C TANGANA|Stealth Rock|p1a: goodbye goodgirl
|-sidestart|p1: Valentine|move: Stealth Rock
|
|upkeep
|turn|4
|
|t:|1614979162
|switch|p1a: her feature|Kartana|100/100
|-damage|p1a: her feature|94/100|[from] Stealth Rock
|move|p2a: C TANGANA|Smack Down|p1a: her feature
|-resisted|p1a: her feature
|-damage|p1a: her feature|85/100
|
|upkeep
|turn|5
|
|t:|1614979166
|move|p1a: her feature|Leaf Blade|p2a: C TANGANA
|-damage|p2a: C TANGANA|17/100
|-damage|p1a: her feature|69/100|[from] item: Rocky Helmet|[of] p2a: C TANGANA
|move|p2a: C TANGANA|U-turn|p1a: her feature
|-damage|p1a: her feature|46/100
|
|t:|1614979175
|switch|p2a: CYBERODIN|Tapu Koko, shiny|100/100|[from]move: U-turn
|-damage|p2a: CYBERODIN|88/100|[from] Stealth Rock
|-fieldstart|move: Electric Terrain|[from] ability: Electric Surge|[of] p2a: CYBERODIN
|
|upkeep
|turn|6
|inactive|Joga has 270 seconds left.
|j|+ez
|inactive|Joga has 240 seconds left.
|
|t:|1614979256
|switch|p1a: coast guard|Magnezone|100/100
|-damage|p1a: coast guard|94/100|[from] Stealth Rock
|move|p2a: CYBERODIN|Dazzling Gleam|p1a: coast guard
|-resisted|p1a: coast guard
|-damage|p1a: coast guard|71/100
|
|upkeep
|turn|7
|
|t:|1614979263
|move|p2a: CYBERODIN|U-turn|p1a: coast guard
|-resisted|p1a: coast guard
|-damage|p1a: coast guard|62/100
|
|t:|1614979267
|switch|p2a: C TANGANA|Landorus-Therian, M|17/100|[from]move: U-turn
|-damage|p2a: C TANGANA|4/100|[from] Stealth Rock
|-ability|p2a: C TANGANA|Intimidate|boost
|-unboost|p1a: coast guard|atk|1
|move|p1a: coast guard|Volt Switch|p2a: C TANGANA
|-immune|p2a: C TANGANA
|
|upkeep
|turn|8
|
|t:|1614979276
|switch|p1a: goodbye goodgirl|Landorus-Therian, M|100/100
|-damage|p1a: goodbye goodgirl|88/100|[from] Stealth Rock
|-ability|p1a: goodbye goodgirl|Intimidate|boost
|-unboost|p2a: C TANGANA|atk|1
|move|p2a: C TANGANA|Smack Down|p1a: goodbye goodgirl
|-damage|p1a: goodbye goodgirl|76/100
|-start|p1a: goodbye goodgirl|Smack Down
|
|upkeep
|turn|9
|
|t:|1614979281
|move|p1a: goodbye goodgirl|Stone Edge|p2a: C TANGANA
|-damage|p2a: C TANGANA|0 fnt
|faint|p2a: C TANGANA
|
|upkeep
|
|t:|1614979283
|switch|p2a: SHOTOKAN|Urshifu-Rapid-Strike, M|100/100
|-damage|p2a: SHOTOKAN|94/100|[from] Stealth Rock
|turn|10
|
|t:|1614979312
|switch|p1a: lil mama|Dragapult, F|100/100
|-damage|p1a: lil mama|88/100|[from] Stealth Rock
|move|p2a: SHOTOKAN|U-turn|p1a: lil mama
|-resisted|p1a: lil mama
|-damage|p1a: lil mama|71/100
|
|t:|1614979318
|switch|p2a: BLOB|Chansey, F|75/100|[from]move: U-turn
|-damage|p2a: BLOB|62/100|[from] Stealth Rock
|
|upkeep
|turn|11
|
|t:|1614979324
|move|p1a: lil mama|U-turn|p2a: BLOB
|-damage|p2a: BLOB|52/100
|
|t:|1614979330
|switch|p1a: her feature|Kartana|46/100|[from]move: U-turn
|-damage|p1a: her feature|39/100|[from] Stealth Rock
|move|p2a: BLOB|Soft-Boiled|p2a: BLOB
|-heal|p2a: BLOB|100/100
|
|upkeep
|turn|12
|
|t:|1614979338
|move|p1a: her feature|Sacred Sword|p2a: BLOB
|-supereffective|p2a: BLOB
|-damage|p2a: BLOB|17/100
|move|p2a: BLOB|Counter|p1a: her feature
|-damage|p1a: her feature|0 fnt
|faint|p1a: her feature
|
|-fieldend|move: Electric Terrain
|upkeep
|inactive|Valentine has 270 seconds left.
|inactive|Valentine has 240 seconds left.
|inactive|Valentine has 210 seconds left.
|inactive|Valentine has 180 seconds left.
|
|t:|1614979459
|switch|p1a: grande|Rillaboom, F|100/100
|-damage|p1a: grande|88/100|[from] Stealth Rock
|-fieldstart|move: Grassy Terrain|[from] ability: Grassy Surge|[of] p1a: grande
|turn|13
|inactive|Valentine has 180 seconds left.
|
|t:|1614979473
|switch|p2a: CYBERODIN|Tapu Koko, shiny|88/100
|-damage|p2a: CYBERODIN|76/100|[from] Stealth Rock
|-fieldstart|move: Electric Terrain|[from] ability: Electric Surge|[of] p2a: CYBERODIN
|move|p1a: grande|Knock Off|p2a: CYBERODIN
|-resisted|p2a: CYBERODIN
|-damage|p2a: CYBERODIN|41/100
|-enditem|p2a: CYBERODIN|Terrain Extender|[from] move: Knock Off|[of] p1a: grande
|-damage|p1a: grande|78/100|[from] item: Life Orb
|
|upkeep
|turn|14
|inactive|Valentine has 180 seconds left.
|
|t:|1614979489
|switch|p1a: coast guard|Magnezone|62/100
|-damage|p1a: coast guard|56/100|[from] Stealth Rock
|move|p2a: CYBERODIN|U-turn|p1a: coast guard
|-resisted|p1a: coast guard
|-damage|p1a: coast guard|47/100
|
|t:|1614979496
|switch|p2a: THUNDERSTRUCK!|Raikou, shiny|100/100|[from]move: U-turn
|-damage|p2a: THUNDERSTRUCK!|88/100|[from] Stealth Rock
|
|upkeep
|turn|15
|inactive|Valentine has 180 seconds left.
|
|t:|1614979506
|move|p1a: coast guard|Volt Switch|p2a: THUNDERSTRUCK!
|-resisted|p2a: THUNDERSTRUCK!
|-damage|p2a: THUNDERSTRUCK!|66/100
|
|t:|1614979510
|switch|p1a: grande|Rillaboom, F|78/100|[from]move: Volt Switch
|-damage|p1a: grande|66/100|[from] Stealth Rock
|-fieldstart|move: Grassy Terrain|[from] ability: Grassy Surge|[of] p1a: grande
|move|p2a: THUNDERSTRUCK!|Scald|p1a: grande
|-resisted|p1a: grande
|-damage|p1a: grande|38/100
|-status|p1a: grande|brn
|
|-heal|p2a: THUNDERSTRUCK!|72/100|[from] Grassy Terrain
|-heal|p1a: grande|44/100 brn|[from] Grassy Terrain
|-damage|p1a: grande|38/100 brn|[from] brn
|upkeep
|turn|16
|
|t:|1614979523
|switch|p2a: BLOB|Chansey, F|17/100
|-damage|p2a: BLOB|5/100|[from] Stealth Rock
|move|p1a: grande|U-turn|p2a: BLOB
|-damage|p2a: BLOB|0 fnt
|-damage|p1a: grande|28/100 brn|[from] item: Life Orb
|faint|p2a: BLOB
|
|t:|1614979532
|switch|p1a: real n|Hawlucha, F|100/100|[from]move: U-turn
|-damage|p1a: real n|88/100|[from] Stealth Rock
|-enditem|p1a: real n|Grassy Seed
|-boost|p1a: real n|def|1|[from] item: Grassy Seed
|
|upkeep
|j| Waylaid
|inactive|Joga has 270 seconds left.
|
|t:|1614979565
|switch|p2a: GITANEO|Kartana, shiny|100/100
|-damage|p2a: GITANEO|94/100|[from] Stealth Rock
|turn|17
|inactive|Joga has 270 seconds left.
|
|t:|1614979582
|switch|p2a: CYBERODIN|Tapu Koko, shiny|41/100
|-damage|p2a: CYBERODIN|29/100|[from] Stealth Rock
|-fieldstart|move: Electric Terrain|[from] ability: Electric Surge|[of] p2a: CYBERODIN
|move|p1a: real n|Close Combat|p2a: CYBERODIN
|-resisted|p2a: CYBERODIN
|-damage|p2a: CYBERODIN|0 fnt
|-unboost|p1a: real n|def|1
|-unboost|p1a: real n|spd|1
|faint|p2a: CYBERODIN
|
|upkeep
|
|t:|1614979600
|switch|p2a: SHOTOKAN|Urshifu-Rapid-Strike, M|94/100
|-damage|p2a: SHOTOKAN|88/100|[from] Stealth Rock
|turn|18
|
|t:|1614979603
|move|p1a: real n|Acrobatics|p2a: SHOTOKAN
|-supereffective|p2a: SHOTOKAN
|-damage|p2a: SHOTOKAN|0 fnt
|faint|p2a: SHOTOKAN
|
|upkeep
|
|t:|1614979606
|switch|p2a: GITANEO|Kartana, shiny|94/100
|-damage|p2a: GITANEO|88/100|[from] Stealth Rock
|turn|19
|
|t:|1614979608
|move|p1a: real n|Close Combat|p2a: GITANEO
|-supereffective|p2a: GITANEO
|-damage|p2a: GITANEO|0 fnt
|-unboost|p1a: real n|def|1
|-unboost|p1a: real n|spd|1
|faint|p2a: GITANEO
|
|upkeep
|c|☆Joga|gg
|
|t:|1614979613
|switch|p2a: THUNDERSTRUCK!|Raikou, shiny|72/100
|-damage|p2a: THUNDERSTRUCK!|59/100|[from] Stealth Rock
|turn|20
|j| Hockey1
|inactive|Valentine has 240 seconds left.
|
|t:|1614979625
|move|p1a: real n|Close Combat|p2a: THUNDERSTRUCK!
|-damage|p2a: THUNDERSTRUCK!|0 fnt
|-unboost|p1a: real n|def|1
|-unboost|p1a: real n|spd|1
|faint|p2a: THUNDERSTRUCK!
|
|win|Valentine
|c|☆Valentine|wp
|l|☆Joga
