|j|☆Nd Jay
|j|☆SMxVale
|t:|1628092322
|gametype|singles
|player|p1|Nd Jay|cyrus|1647
|player|p2|SMxVale|169|1670
|teamsize|p1|6
|teamsize|p2|6
|gen|8
|tier|[Gen 8] OU
|rated|
|rule|Sleep Clause Mod: Limit one foe put to sleep
|rule|Species Clause: Limit one of each Pokémon
|rule|OHKO Clause: OHKO moves are banned
|rule|Evasion Moves Clause: Evasion moves are banned
|rule|Endless Battle Clause: Forcing endless battles is banned
|rule|HP Percentage Mod: HP is shown in percentages
|rule|Dynamax Clause: You cannot dynamax
|clearpoke
|poke|p1|Ninetales-Alola, F|
|poke|p1|Arctozolt|
|poke|p1|Landorus-Therian, M|
|poke|p1|Volcanion|
|poke|p1|Corviknight, F|
|poke|p1|Tornadus-Therian, M|
|poke|p2|Melmetal|
|poke|p2|Landorus-Therian, M|
|poke|p2|Volcanion|
|poke|p2|Dragapult, M|
|poke|p2|Clefable, M|
|poke|p2|Garchomp, F|
|teampreview
|inactive|Battle timer is ON: inactive players will automatically lose when time's up. (requested by Nd Jay)
|c|☆Nd Jay|hf
|c|☆SMxVale|hf
|
|t:|1628092340
|start
|switch|p1a: Landorus|Landorus-Therian, M, shiny|100/100
|switch|p2a: Dragapult|Dragapult, M|100/100
|-ability|p1a: Landorus|Intimidate|boost
|-unboost|p2a: Dragapult|atk|1
|turn|1
|
|t:|1628092349
|move|p2a: Dragapult|Shadow Ball|p1a: Landorus
|-damage|p1a: Landorus|54/100
|move|p1a: Landorus|Toxic|p2a: Dragapult
|-status|p2a: Dragapult|tox
|
|-heal|p1a: Landorus|60/100|[from] item: Leftovers
|-damage|p2a: Dragapult|95/100 tox|[from] psn
|upkeep
|turn|2
|
|t:|1628092359
|switch|p2a: Landorus|Landorus-Therian, M|100/100
|-ability|p2a: Landorus|Intimidate|boost
|-unboost|p1a: Landorus|atk|1
|move|p1a: Landorus|U-turn|p2a: Landorus
|-resisted|p2a: Landorus
|-damage|p2a: Landorus|93/100
|
|t:|1628092363
|switch|p1a: Tornadus|Tornadus-Therian, M, shiny|100/100|[from]move: U-turn
|
|-heal|p2a: Landorus|99/100|[from] item: Leftovers
|upkeep
|turn|3
|
|t:|1628092373
|move|p1a: Tornadus|Knock Off|p2a: Landorus
|-damage|p2a: Landorus|78/100
|-enditem|p2a: Landorus|Leftovers|[from] move: Knock Off|[of] p1a: Tornadus
|move|p2a: Landorus|Toxic|p1a: Tornadus
|-status|p1a: Tornadus|tox
|
|-damage|p1a: Tornadus|94/100 tox|[from] psn
|upkeep
|turn|4
|
|t:|1628092378
|move|p1a: Tornadus|U-turn|p2a: Landorus
|-resisted|p2a: Landorus
|-damage|p2a: Landorus|72/100
|
|t:|1628092381
|switch|p1a: Corviknight|Corviknight, F, shiny|100/100|[from]move: U-turn
|-ability|p1a: Corviknight|Pressure
|move|p2a: Landorus|Knock Off|p1a: Corviknight
|-damage|p1a: Corviknight|81/100
|-damage|p2a: Landorus|55/100|[from] item: Rocky Helmet|[of] p1a: Corviknight
|-enditem|p1a: Corviknight|Rocky Helmet|[from] move: Knock Off|[of] p2a: Landorus
|
|upkeep
|turn|5
|
|t:|1628092397
|switch|p2a: Garchomp|Garchomp, F|100/100
|move|p1a: Corviknight|U-turn|p2a: Garchomp
|-damage|p2a: Garchomp|90/100
|-damage|p1a: Corviknight|69/100|[from] ability: Rough Skin|[of] p2a: Garchomp
|
|t:|1628092400
|switch|p1a: Ninetales|Ninetales-Alola, F|100/100|[from]move: U-turn
|-weather|Hail|[from] ability: Snow Warning|[of] p1a: Ninetales
|
|-weather|Hail|[upkeep]
|-damage|p2a: Garchomp|84/100|[from] Hail
|-heal|p2a: Garchomp|90/100|[from] item: Leftovers
|upkeep
|turn|6
|
|t:|1628092404
|switch|p2a: Clefable|Clefable, M|100/100
|move|p1a: Ninetales|Nasty Plot|p1a: Ninetales
|-boost|p1a: Ninetales|spa|2
|
|-weather|Hail|[upkeep]
|upkeep
|turn|7
|
|t:|1628092413
|move|p1a: Ninetales|Blizzard|p2a: Clefable
|-damage|p2a: Clefable|42/100
|-status|p2a: Clefable|frz
|cant|p2a: Clefable|frz
|
|-weather|Hail|[upkeep]
|-heal|p2a: Clefable|48/100 frz|[from] item: Leftovers
|upkeep
|turn|8
|
|t:|1628092421
|move|p1a: Ninetales|Blizzard|p2a: Clefable
|-damage|p2a: Clefable|0 fnt
|faint|p2a: Clefable
|
|-weather|Hail|[upkeep]
|upkeep
|
|t:|1628092425
|switch|p2a: Dragapult|Dragapult, M|95/100 tox
|turn|9
|
|t:|1628092430
|switch|p1a: Tornadus|Tornadus-Therian, M, shiny|100/100 tox
|move|p2a: Dragapult|Fire Blast|p1a: Tornadus
|-damage|p1a: Tornadus|67/100 tox
|
|-weather|Hail|[upkeep]
|-damage|p2a: Dragapult|89/100 tox|[from] Hail
|-damage|p1a: Tornadus|61/100 tox|[from] Hail
|-damage|p2a: Dragapult|83/100 tox|[from] psn
|-damage|p1a: Tornadus|55/100 tox|[from] psn
|upkeep
|turn|10
|
|t:|1628092442
|switch|p2a: Garchomp|Garchomp, F|90/100
|move|p1a: Tornadus|Weather Ball|p2a: Garchomp
|-supereffective|p2a: Garchomp
|-damage|p2a: Garchomp|0 fnt
|faint|p2a: Garchomp
|
|-weather|Hail|[upkeep]
|-damage|p1a: Tornadus|49/100 tox|[from] Hail
|-damage|p1a: Tornadus|37/100 tox|[from] psn
|upkeep
|
|t:|1628092456
|switch|p2a: Melmetal|Melmetal|100/100
|turn|11
|
|t:|1628092460
|switch|p1a: Corviknight|Corviknight, F, shiny|69/100
|-ability|p1a: Corviknight|Pressure
|move|p2a: Melmetal|Double Iron Bash|p1a: Corviknight
|-resisted|p1a: Corviknight
|-damage|p1a: Corviknight|57/100
|-resisted|p1a: Corviknight
|-damage|p1a: Corviknight|45/100
|-hitcount|p1a: Corviknight|2
|
|-weather|Hail|[upkeep]
|-damage|p2a: Melmetal|94/100|[from] Hail
|-damage|p1a: Corviknight|39/100|[from] Hail
|upkeep
|turn|12
|
|t:|1628092469
|move|p2a: Melmetal|Thunder Punch|p1a: Corviknight
|-supereffective|p1a: Corviknight
|-damage|p1a: Corviknight|0 fnt
|faint|p1a: Corviknight
|
|-weather|none
|upkeep
|
|t:|1628092472
|switch|p1a: Volcanion|Volcanion|100/100
|turn|13
|
|t:|1628092475
|switch|p2a: Volcanion|Volcanion|100/100
|move|p1a: Volcanion|Earth Power|p2a: Volcanion
|-supereffective|p2a: Volcanion
|-damage|p2a: Volcanion|0 fnt
|faint|p2a: Volcanion
|
|upkeep
|
|t:|1628092484
|switch|p2a: Landorus|Landorus-Therian, M|55/100
|-ability|p2a: Landorus|Intimidate|boost
|-unboost|p1a: Volcanion|atk|1
|turn|14
|
|t:|1628092488
|switch|p1a: Landorus|Landorus-Therian, M, shiny|60/100
|-ability|p1a: Landorus|Intimidate|boost
|-unboost|p2a: Landorus|atk|1
|move|p2a: Landorus|Knock Off|p1a: Landorus
|-damage|p1a: Landorus|40/100
|-enditem|p1a: Landorus|Leftovers|[from] move: Knock Off|[of] p2a: Landorus
|
|upkeep
|turn|15
|
|t:|1628092497
|move|p2a: Landorus|Toxic|p1a: Landorus
|-status|p1a: Landorus|tox
|move|p1a: Landorus|U-turn|p2a: Landorus
|-resisted|p2a: Landorus
|-damage|p2a: Landorus|44/100
|
|t:|1628092499
|switch|p1a: Ninetales|Ninetales-Alola, F|100/100|[from]move: U-turn
|-weather|Hail|[from] ability: Snow Warning|[of] p1a: Ninetales
|
|-weather|Hail|[upkeep]
|-damage|p2a: Landorus|38/100|[from] Hail
|upkeep
|turn|16
|
|t:|1628092514
|switch|p1a: Tornadus|Tornadus-Therian, M, shiny|70/100 tox
|move|p2a: Landorus|Earthquake|p1a: Tornadus
|-immune|p1a: Tornadus
|
|-weather|Hail|[upkeep]
|-damage|p1a: Tornadus|64/100 tox|[from] Hail
|-damage|p2a: Landorus|32/100|[from] Hail
|-damage|p1a: Tornadus|58/100 tox|[from] psn
|upkeep
|turn|17
|
|t:|1628092518
|switch|p2a: Melmetal|Melmetal|94/100
|move|p1a: Tornadus|Heat Wave|p2a: Melmetal
|-supereffective|p2a: Melmetal
|-damage|p2a: Melmetal|41/100
|
|-weather|Hail|[upkeep]
|-damage|p1a: Tornadus|52/100 tox|[from] Hail
|-damage|p2a: Melmetal|35/100|[from] Hail
|-damage|p1a: Tornadus|40/100 tox|[from] psn
|upkeep
|turn|18
|
|t:|1628092527
|move|p1a: Tornadus|Heat Wave|p2a: Melmetal
|-supereffective|p2a: Melmetal
|-damage|p2a: Melmetal|0 fnt
|faint|p2a: Melmetal
|
|-weather|Hail|[upkeep]
|-damage|p1a: Tornadus|33/100 tox|[from] Hail
|-damage|p1a: Tornadus|15/100 tox|[from] psn
|upkeep
|
|t:|1628092529
|switch|p2a: Dragapult|Dragapult, M|83/100 tox
|turn|19
|
|t:|1628092544
|switch|p1a: Landorus|Landorus-Therian, M, shiny|40/100 tox
|-ability|p1a: Landorus|Intimidate|boost
|-unboost|p2a: Dragapult|atk|1
|move|p2a: Dragapult|Shadow Ball|p1a: Landorus
|-damage|p1a: Landorus|0 fnt
|faint|p1a: Landorus
|
|-weather|Hail|[upkeep]
|-damage|p2a: Dragapult|77/100 tox|[from] Hail
|-damage|p2a: Dragapult|71/100 tox|[from] psn
|upkeep
|-message|SMxVale forfeited.
|
|win|Nd Jay
|l|☆SMxVale
|raw|Nd Jay's rating: 1647 &rarr; <strong>1668</strong><br />(+21 for winning)
|raw|SMxVale's rating: 1670 &rarr; <strong>1649</strong><br />(-21 for losing)
