|j|☆Libaa
|j|☆enpathy
|t:|1647890288
|gametype|singles
|player|p1|Libaa|bianca-pwt|1710
|player|p2|enpathy|169|1766
|teamsize|p1|6
|teamsize|p2|6
|gen|8
|tier|[Gen 8] OU
|rated|
|rule|Sleep Clause Mod: Limit one foe put to sleep
|rule|Species Clause: Limit one of each Pokémon
|rule|OHKO Clause: OHKO moves are banned
|rule|Evasion Moves Clause: Evasion moves are banned
|rule|Endless Battle Clause: Forcing endless battles is banned
|rule|HP Percentage Mod: HP is shown in percentages
|rule|Dynamax Clause: You cannot dynamax
|clearpoke
|poke|p1|Hatterene, F|
|poke|p1|Thundurus-Therian, M|
|poke|p1|Toxapex, F|
|poke|p1|Blissey, F|
|poke|p1|Landorus-Therian, M|
|poke|p1|Victini|
|poke|p2|Dragapult, M|
|poke|p2|Weavile, M|
|poke|p2|Kartana|
|poke|p2|Landorus-Therian, M|
|poke|p2|Blacephalon|
|poke|p2|Melmetal|
|teampreview
|
|t:|1647890314
|start
|switch|p1a: Victini|Victini|100/100
|switch|p2a: Landorus|Landorus-Therian, M|100/100
|-ability|p2a: Landorus|Intimidate|boost
|-unboost|p1a: Victini|atk|1
|turn|1
|c|☆Libaa|Wait i just played against that team
|c|☆Libaa|Ur Beat up Weavile
|
|t:|1647890326
|move|p1a: Victini|U-turn|p2a: Landorus
|-resisted|p2a: Landorus
|-damage|p2a: Landorus|92/100
|
|t:|1647890328
|switch|p1a: Hatterene|Hatterene, F|100/100|[from]move: U-turn
|move|p2a: Landorus|U-turn|p1a: Hatterene
|-crit|p1a: Hatterene
|-damage|p1a: Hatterene|75/100
|
|t:|1647890338
|switch|p2a: Weavile|Weavile, M|100/100|[from]move: U-turn
|-ability|p2a: Weavile|Pressure
|
|-heal|p1a: Hatterene|81/100|[from] item: Leftovers
|upkeep
|turn|2
|
|t:|1647890340
|move|p2a: Weavile|Beat Up|p1a: Hatterene
|-crit|p1a: Hatterene
|-damage|p1a: Hatterene|64/100
|-damage|p1a: Hatterene|50/100
|-damage|p1a: Hatterene|34/100
|-crit|p1a: Hatterene
|-damage|p1a: Hatterene|15/100
|-damage|p1a: Hatterene|4/100
|-damage|p1a: Hatterene|0 fnt
|faint|p1a: Hatterene
|-hitcount|p1: Hatterene|6
|
|upkeep
|
|t:|1647890344
|switch|p1a: Victini|Victini|100/100
|turn|3
|
|t:|1647890348
|switch|p2a: Landorus|Landorus-Therian, M|92/100
|-ability|p2a: Landorus|Intimidate|boost
|-unboost|p1a: Victini|atk|1
|move|p1a: Victini|U-turn|p2a: Landorus
|-resisted|p2a: Landorus
|-damage|p2a: Landorus|84/100
|
|t:|1647890353
|switch|p1a: Landorus|Landorus-Therian, M|100/100|[from]move: U-turn
|-ability|p1a: Landorus|Intimidate|boost
|-unboost|p2a: Landorus|atk|1
|-enditem|p2a: Landorus|Eject Pack
|
|t:|1647890355
|switch|p2a: Weavile|Weavile, M|100/100
|-ability|p2a: Weavile|Pressure
|
|upkeep
|turn|4
|
|t:|1647890358
|switch|p1a: Toxapex|Toxapex, F|100/100
|move|p2a: Weavile|Beat Up|p1a: Toxapex
|-damage|p1a: Toxapex|91/100
|-damage|p1a: Toxapex|82/100
|-damage|p1a: Toxapex|70/100
|-damage|p1a: Toxapex|61/100
|-damage|p1a: Toxapex|52/100
|-damage|p1a: Toxapex|42/100
|-hitcount|p1a: Toxapex|6
|
|upkeep
|turn|5
|
|t:|1647890360
|move|p2a: Weavile|Beat Up|p1a: Toxapex
|-crit|p1a: Toxapex
|-damage|p1a: Toxapex|28/100
|-damage|p1a: Toxapex|18/100
|-damage|p1a: Toxapex|6/100
|-damage|p1a: Toxapex|0 fnt
|faint|p1a: Toxapex
|-hitcount|p1: Toxapex|4
|
|upkeep
|-message|Libaa forfeited.
|
|win|enpathy
|raw|Libaa's rating: 1710 &rarr; <strong>1693</strong><br />(-17 for losing)
|raw|enpathy's rating: 1766 &rarr; <strong>1783</strong><br />(+17 for winning)
|player|p1|Libaa|bianca-pwt
||Ladder isn't responding, score probably updated but might not have (Request timeout).
