|j|☆TikiTikiTa!
|j|☆hadahada
|t:|1640935339
|gametype|singles
|player|p1|TikiTikiTa!|misty|1210
|player|p2|hadahada|gentleman-gen4dp|1255
|teamsize|p1|6
|teamsize|p2|6
|gen|8
|tier|[Gen 8] OU
|rated|
|rule|Sleep Clause Mod: Limit one foe put to sleep
|rule|Species Clause: Limit one of each Pokémon
|rule|OHKO Clause: OHKO moves are banned
|rule|Evasion Moves Clause: Evasion moves are banned
|rule|Endless Battle Clause: Forcing endless battles is banned
|rule|HP Percentage Mod: HP is shown in percentages
|rule|Dynamax Clause: You cannot dynamax
|clearpoke
|poke|p1|Tapu Koko|
|poke|p1|Raichu-Alola, F|
|poke|p1|Zeraora|
|poke|p1|Dragonite, M|
|poke|p1|Victini|
|poke|p1|Landorus-Therian, M|
|poke|p2|Dragapult, M|
|poke|p2|Blacephalon|
|poke|p2|Polteageist|
|poke|p2|Mimikyu, F|
|poke|p2|Aegislash, M|
|poke|p2|Marowak-Alola, F|
|teampreview
|inactive|Battle timer is ON: inactive players will automatically lose when time's up. (requested by hadahada)
|
|t:|1640935351
|start
|switch|p1a: Landorus|Landorus-Therian, M|100/100
|switch|p2a: Dragapult|Dragapult, M|100/100
|-ability|p1a: Landorus|Intimidate|boost
|-unboost|p2a: Dragapult|atk|1
|turn|1
|
|t:|1640935356
|move|p2a: Dragapult|Will-O-Wisp|p1a: Landorus
|-status|p1a: Landorus|brn
|move|p1a: Landorus|Earthquake|p2a: Dragapult
|-damage|p2a: Dragapult|59/100
|-damage|p1a: Landorus|91/100 brn|[from] item: Life Orb
|
|-heal|p2a: Dragapult|65/100|[from] item: Leftovers
|-damage|p1a: Landorus|85/100 brn|[from] brn
|upkeep
|turn|2
|c|☆TikiTikiTa!|not very cool of you
|
|t:|1640935369
|switch|p2a: Mimikyu|Mimikyu, F|100/100
|move|p1a: Landorus|Stealth Rock|p2a: Mimikyu
|-sidestart|p2: hadahada|move: Stealth Rock
|
|-damage|p1a: Landorus|79/100 brn|[from] brn
|upkeep
|turn|3
|
|t:|1640935376
|move|p1a: Landorus|Earthquake|p2a: Mimikyu
|-activate|p2a: Mimikyu|ability: Disguise
|-damage|p2a: Mimikyu|100/100
|detailschange|p2a: Mimikyu|Mimikyu-Busted, F
|-damage|p2a: Mimikyu|88/100|[from] pokemon: Mimikyu-Busted
|-damage|p1a: Landorus|69/100 brn|[from] item: Life Orb
|move|p2a: Mimikyu|Trick Room|p2a: Mimikyu
|-fieldstart|move: Trick Room|[of] p2a: Mimikyu
|
|-heal|p2a: Mimikyu|94/100|[from] item: Leftovers
|-damage|p1a: Landorus|63/100 brn|[from] brn
|upkeep
|turn|4
|
|t:|1640935389
|move|p2a: Mimikyu|Curse|p1a: Landorus
|-start|p1a: Landorus|Curse|[of] p2a: Mimikyu
|-damage|p2a: Mimikyu|44/100
|move|p1a: Landorus|Earthquake|p2a: Mimikyu
|-damage|p2a: Mimikyu|0 fnt
|faint|p2a: Mimikyu
|-damage|p1a: Landorus|53/100 brn|[from] item: Life Orb
|
|-damage|p1a: Landorus|48/100 brn|[from] brn
|-damage|p1a: Landorus|23/100 brn|[from] Curse
|upkeep
|
|t:|1640935397
|switch|p2a: Marowak|Marowak-Alola, F|100/100
|-damage|p2a: Marowak|76/100|[from] Stealth Rock
|turn|5
|
|t:|1640935399
|move|p2a: Marowak|Poltergeist|p1a: Landorus|[miss]
|-miss|p2a: Marowak|p1a: Landorus
|move|p1a: Landorus|Earthquake|p2a: Marowak
|-supereffective|p2a: Marowak
|-damage|p2a: Marowak|0 fnt
|faint|p2a: Marowak
|-damage|p1a: Landorus|13/100 brn|[from] item: Life Orb
|
|-damage|p1a: Landorus|7/100 brn|[from] brn
|-damage|p1a: Landorus|0 fnt|[from] Curse
|faint|p1a: Landorus
|upkeep
|c|☆TikiTikiTa!|pretty stupid to bring out maro anyways
|c|☆TikiTikiTa!|dragonite is right there
|
|t:|1640935424
|switch|p2a: Polteageist|Polteageist|100/100
|switch|p1a: Dragonite|Dragonite, M|100/100
|-damage|p2a: Polteageist|88/100|[from] Stealth Rock
|turn|6
|
|t:|1640935430
|move|p2a: Polteageist|Strength Sap|p1a: Dragonite
|-unboost|p1a: Dragonite|atk|1
|-heal|p2a: Polteageist|100/100
|move|p1a: Dragonite|Earthquake|p2a: Polteageist
|-damage|p2a: Polteageist|57/100
|-start|p1a: Dragonite|Disable|Earthquake|[from] ability: Cursed Body|[of] p2a: Polteageist
|
|upkeep
|turn|7
|
|t:|1640935434
|move|p2a: Polteageist|Strength Sap|p1a: Dragonite
|-unboost|p1a: Dragonite|atk|1
|-heal|p2a: Polteageist|100/100
|move|p1a: Dragonite|Dragon Dance|p1a: Dragonite
|-boost|p1a: Dragonite|atk|1
|-boost|p1a: Dragonite|spe|1
|
|-fieldend|move: Trick Room
|upkeep
|turn|8
|
|t:|1640935440
|move|p1a: Dragonite|Outrage|p2a: Polteageist
|-damage|p2a: Polteageist|16/100
|move|p2a: Polteageist|Shell Smash|p2a: Polteageist
|-unboost|p2a: Polteageist|def|1
|-unboost|p2a: Polteageist|spd|1
|-boost|p2a: Polteageist|atk|2
|-boost|p2a: Polteageist|spa|2
|-boost|p2a: Polteageist|spe|2
|-enditem|p2a: Polteageist|White Herb
|-clearnegativeboost|p2a: Polteageist|[silent]
|
|upkeep
|turn|9
|
|t:|1640935450
|move|p2a: Polteageist|Strength Sap|p1a: Dragonite
|-unboost|p1a: Dragonite|atk|1
|-heal|p2a: Polteageist|100/100
|move|p1a: Dragonite|Outrage|p2a: Polteageist|[from]lockedmove
|-damage|p2a: Polteageist|41/100
|
|-end|p1a: Dragonite|Disable
|upkeep
|turn|10
|
|t:|1640935453
|move|p2a: Polteageist|Strength Sap|p1a: Dragonite
|-unboost|p1a: Dragonite|atk|1
|-heal|p2a: Polteageist|100/100
|move|p1a: Dragonite|Outrage|p2a: Polteageist|[from]lockedmove
|-damage|p2a: Polteageist|50/100
|-start|p1a: Dragonite|confusion|[fatigue]
|
|upkeep
|turn|11
|
|t:|1640935457
|move|p2a: Polteageist|Shadow Ball|p1a: Dragonite
|-damage|p1a: Dragonite|58/100
|-activate|p1a: Dragonite|confusion
|move|p1a: Dragonite|Dragon Dance|p1a: Dragonite
|-boost|p1a: Dragonite|atk|1
|-boost|p1a: Dragonite|spe|1
|
|upkeep
|turn|12
|
|t:|1640935464
|-end|p1a: Dragonite|confusion
|move|p1a: Dragonite|Outrage|p2a: Polteageist
|-damage|p2a: Polteageist|0 fnt
|faint|p2a: Polteageist
|
|upkeep
|
|t:|1640935468
|switch|p2a: Aegislash|Aegislash, M|100/100
|-damage|p2a: Aegislash|94/100|[from] Stealth Rock
|turn|13
|
|t:|1640935469
|move|p1a: Dragonite|Outrage|p2a: Aegislash|[from]lockedmove
|-resisted|p2a: Aegislash
|-damage|p2a: Aegislash|76/100
|-start|p1a: Dragonite|confusion|[fatigue]
|move|p2a: Aegislash|Swords Dance|p2a: Aegislash
|-boost|p2a: Aegislash|atk|2
|
|upkeep
|turn|14
|
|t:|1640935476
|-activate|p1a: Dragonite|confusion
|move|p1a: Dragonite|Earthquake|p2a: Aegislash
|-supereffective|p2a: Aegislash
|-damage|p2a: Aegislash|35/100
|-enditem|p2a: Aegislash|Weakness Policy
|-boost|p2a: Aegislash|atk|2|[from] item: Weakness Policy
|-boost|p2a: Aegislash|spa|2|[from] item: Weakness Policy
|-formechange|p2a: Aegislash|Aegislash-Blade||[from] ability: Stance Change
|move|p2a: Aegislash|Shadow Claw|p1a: Dragonite
|-damage|p1a: Dragonite|0 fnt
|faint|p1a: Dragonite
|
|upkeep
|
|t:|1640935485
|switch|p1a: Tapu Koko|Tapu Koko|100/100
|-fieldstart|move: Electric Terrain|[from] ability: Electric Surge|[of] p1a: Tapu Koko
|turn|15
|
|t:|1640935489
|move|p2a: Aegislash|Shadow Sneak|p1a: Tapu Koko
|-damage|p1a: Tapu Koko|0 fnt
|faint|p1a: Tapu Koko
|
|upkeep
|
|t:|1640935492
|switch|p1a: Zeraora|Zeraora|100/100
|turn|16
|
|t:|1640935496
|move|p2a: Aegislash|Shadow Sneak|p1a: Zeraora
|-damage|p1a: Zeraora|3/100
|move|p1a: Zeraora|Plasma Fists|p2a: Aegislash
|-damage|p2a: Aegislash|0 fnt
|-fieldactivate|move: Ion Deluge
|-hint|Normal-type moves become Electric-type after using Plasma Fists.
|faint|p2a: Aegislash
|-damage|p1a: Zeraora|0 fnt|[from] item: Life Orb
|faint|p1a: Zeraora
|
|upkeep
|
|t:|1640935502
|switch|p1a: Raichu|Raichu-Alola, F|100/100
|switch|p2a: Blacephalon|Blacephalon|100/100
|-damage|p2a: Blacephalon|76/100|[from] Stealth Rock
|turn|17
|
|t:|1640935505
|move|p1a: Raichu|Rising Voltage|p2a: Blacephalon
|-damage|p2a: Blacephalon|0 fnt
|faint|p2a: Blacephalon
|-damage|p1a: Raichu|91/100|[from] item: Life Orb
|
|upkeep
|
|t:|1640935507
|switch|p2a: Dragapult|Dragapult, M|65/100
|-damage|p2a: Dragapult|53/100|[from] Stealth Rock
|turn|18
|
|t:|1640935510
|move|p1a: Raichu|Psychic|p2a: Dragapult
|-crit|p2a: Dragapult
|-damage|p2a: Dragapult|0 fnt
|faint|p2a: Dragapult
|-damage|p1a: Raichu|81/100|[from] item: Life Orb
|
|win|TikiTikiTa!
|raw|TikiTikiTa!'s rating: 1210 &rarr; <strong>1238</strong><br />(+28 for winning)
|raw|hadahada's rating: 1255 &rarr; <strong>1227</strong><br />(-28 for losing)
|c|☆TikiTikiTa!|gg
