|j|☆groundt
|j|☆Jfsosa10
|player|p1|groundt|winona-gen3|1583
|player|p2|Jfsosa10|169|1612
|teamsize|p1|6
|teamsize|p2|6
|gametype|singles
|gen|8
|tier|[Gen 8] OU
|rated|
|clearpoke
|poke|p1|Sirfetch'd, M|
|poke|p1|Dugtrio, F|
|poke|p1|Corviknight, M|
|poke|p1|Dragapult, M|
|poke|p1|Kommo-o, M|
|poke|p1|Rotom-Wash|
|poke|p2|Cloyster, M|
|poke|p2|Hawlucha, F|
|poke|p2|Cinderace, F|
|poke|p2|Obstagoon, F|
|poke|p2|Aegislash, M|
|poke|p2|Dragapult, F|
|rule|Sleep Clause Mod: Limit one foe put to sleep
|rule|Species Clause: Limit one of each Pokémon
|rule|OHKO Clause: OHKO moves are banned
|rule|Evasion Moves Clause: Evasion moves are banned
|rule|Endless Battle Clause: Forcing endless battles is banned
|rule|HP Percentage Mod: HP is shown in percentages
|rule|Dynamax Clause: You cannot dynamax
|teampreview
|
|start
|switch|p1a: Rotom|Rotom-Wash|100/100
|switch|p2a: Cloyster|Cloyster, M|100/100
|turn|1
|
|move|p1a: Rotom|Volt Switch|p2a: Cloyster
|-supereffective|p2a: Cloyster
|-enditem|p2a: Cloyster|Focus Sash
|-damage|p2a: Cloyster|1/100
|
|switch|p1a: Sirfetch'd|Sirfetch'd, M|100/100|[from]move: Volt Switch
|move|p2a: Cloyster|Rock Blast|p1a: Sirfetch'd
|-resisted|p1a: Sirfetch'd
|-damage|p1a: Sirfetch'd|96/100
|-resisted|p1a: Sirfetch'd
|-damage|p1a: Sirfetch'd|91/100
|-resisted|p1a: Sirfetch'd
|-damage|p1a: Sirfetch'd|86/100
|-resisted|p1a: Sirfetch'd
|-damage|p1a: Sirfetch'd|81/100
|-resisted|p1a: Sirfetch'd
|-damage|p1a: Sirfetch'd|76/100
|-hitcount|p1a: Sirfetch'd|5
|
|upkeep
|turn|2
|
|switch|p2a: Aegislash|Aegislash, M|100/100
|move|p1a: Sirfetch'd|Quick Attack|p2a: Aegislash
|-resisted|p2a: Aegislash
|-damage|p2a: Aegislash|93/100
|
|upkeep
|turn|3
|
|-formechange|p2a: Aegislash|Aegislash-Blade||[from] ability: Stance Change
|move|p2a: Aegislash|Shadow Ball|p1a: Sirfetch'd
|-damage|p1a: Sirfetch'd|0 fnt
|-damage|p2a: Aegislash|83/100|[from] item: Life Orb
|faint|p1a: Sirfetch'd
|
|upkeep
|
|switch|p1a: Dragapult|Dragapult, M|100/100
|turn|4
|
|switch|p2a: Cloyster|Cloyster, M|1/100
|move|p1a: Dragapult|U-turn|p2a: Cloyster
|-damage|p2a: Cloyster|0 fnt
|faint|p2a: Cloyster
|
|switch|p1a: Rotom|Rotom-Wash|100/100|[from]move: U-turn
|
|upkeep
|
|switch|p2a: Obstagoon|Obstagoon, F|100/100
|turn|5
|
|move|p1a: Rotom|Thunder Wave|p2a: Obstagoon|[miss]
|-miss|p1a: Rotom|p2a: Obstagoon
|move|p2a: Obstagoon|Knock Off|p1a: Rotom
|-damage|p1a: Rotom|59/100
|-enditem|p1a: Rotom|Choice Scarf|[from] move: Knock Off|[of] p2a: Obstagoon
|
|-status|p2a: Obstagoon|brn|[from] item: Flame Orb
|upkeep
|turn|6
|
|move|p2a: Obstagoon|Facade|p1a: Rotom
|-damage|p1a: Rotom|0 fnt
|faint|p1a: Rotom
|
|-damage|p2a: Obstagoon|94/100 brn|[from] brn
|upkeep
|
|switch|p1a: Kommo-o|Kommo-o, M|100/100
|turn|7
|
|move|p2a: Obstagoon|Facade|p1a: Kommo-o
|-damage|p1a: Kommo-o|44/100
|move|p1a: Kommo-o|Body Press|p2a: Obstagoon
|-supereffective|p2a: Obstagoon
|-damage|p2a: Obstagoon|0 fnt
|faint|p2a: Obstagoon
|
|-heal|p1a: Kommo-o|50/100|[from] item: Leftovers
|upkeep
|
|switch|p2a: Dragapult|Dragapult, F|100/100
|turn|8
|
|switch|p1a: Corviknight|Corviknight, M|100/100
|-ability|p1a: Corviknight|Pressure
|move|p2a: Dragapult|Substitute|p2a: Dragapult
|-start|p2a: Dragapult|Substitute
|-damage|p2a: Dragapult|76/100
|
|upkeep
|turn|9
|
|move|p2a: Dragapult|Dragon Dance|p2a: Dragapult
|-boost|p2a: Dragapult|atk|1
|-boost|p2a: Dragapult|spe|1
|move|p1a: Corviknight|Iron Head|p2a: Dragapult
|-end|p2a: Dragapult|Substitute
|
|upkeep
|turn|10
|
|move|p2a: Dragapult|Dragon Dance|p2a: Dragapult
|-boost|p2a: Dragapult|atk|1
|-boost|p2a: Dragapult|spe|1
|move|p1a: Corviknight|Iron Head|p2a: Dragapult
|-damage|p2a: Dragapult|44/100
|
|upkeep
|turn|11
|
|move|p2a: Dragapult|Phantom Force||[still]
|-prepare|p2a: Dragapult|Phantom Force|p1a: Corviknight
|move|p1a: Corviknight|Iron Head|p2a: Dragapult|[miss]
|-miss|p1a: Corviknight|p2a: Dragapult
|
|upkeep
|turn|12
|
|move|p2a: Dragapult|Phantom Force|p1a: Corviknight|[from]lockedmove
|-damage|p1a: Corviknight|4/100
|-damage|p2a: Dragapult|35/100|[from] item: Life Orb
|move|p1a: Corviknight|Roost|p1a: Corviknight
|-heal|p1a: Corviknight|54/100
|-singleturn|p1a: Corviknight|move: Roost
|
|-heal|p1a: Corviknight|60/100|[from] item: Leftovers
|upkeep
|turn|13
|
|move|p2a: Dragapult|Phantom Force||[still]
|-prepare|p2a: Dragapult|Phantom Force|p1a: Corviknight
|move|p1a: Corviknight|Roost|p1a: Corviknight
|-heal|p1a: Corviknight|100/100
|-singleturn|p1a: Corviknight|move: Roost
|
|upkeep
|turn|14
|
|move|p2a: Dragapult|Phantom Force|p1a: Corviknight|[from]lockedmove
|-damage|p1a: Corviknight|0 fnt
|-damage|p2a: Dragapult|25/100|[from] item: Life Orb
|faint|p1a: Corviknight
|
|upkeep
|
|switch|p1a: Dugtrio|Dugtrio, F|100/100
|turn|15
|
|move|p1a: Dugtrio|Sucker Punch||[still]
|-fail|p1a: Dugtrio
|move|p2a: Dragapult|Substitute|p2a: Dragapult
|-fail|p2a: Dragapult|move: Substitute|[weak]
|
|upkeep
|turn|16
|
|move|p1a: Dugtrio|Sucker Punch||[still]
|-fail|p1a: Dugtrio
|move|p2a: Dragapult|Dragon Dance|p2a: Dragapult
|-boost|p2a: Dragapult|atk|1
|-boost|p2a: Dragapult|spe|1
|
|upkeep
|turn|17
|
|move|p1a: Dugtrio|Sucker Punch|p2a: Dragapult
|-supereffective|p2a: Dragapult
|-damage|p2a: Dragapult|0 fnt
|faint|p2a: Dragapult
|
|upkeep
|
|switch|p2a: Hawlucha|Hawlucha, F|100/100
|turn|18
|
|switch|p1a: Dragapult|Dragapult, M|100/100
|move|p2a: Hawlucha|Brave Bird|p1a: Dragapult
|-damage|p1a: Dragapult|22/100
|-damage|p2a: Hawlucha|73/100|[from] Recoil
|
|-heal|p1a: Dragapult|28/100|[from] item: Leftovers
|upkeep
|turn|19
|
|switch|p2a: Cinderace|Cinderace, F|100/100
|move|p1a: Dragapult|Draco Meteor|p2a: Cinderace
|-damage|p2a: Cinderace|17/100
|-unboost|p1a: Dragapult|spa|2
|
|-heal|p1a: Dragapult|34/100|[from] item: Leftovers
|upkeep
|turn|20
|
|switch|p1a: Kommo-o|Kommo-o, M|50/100
|move|p2a: Cinderace|U-turn|p1a: Kommo-o
|-resisted|p1a: Kommo-o
|-damage|p1a: Kommo-o|42/100
|
|switch|p2a: Hawlucha|Hawlucha, F|73/100|[from]move: U-turn
|
|-heal|p1a: Kommo-o|48/100|[from] item: Leftovers
|upkeep
|turn|21
|
|move|p2a: Hawlucha|Close Combat|p1a: Kommo-o
|-damage|p1a: Kommo-o|13/100
|-unboost|p2a: Hawlucha|def|1
|-unboost|p2a: Hawlucha|spd|1
|-enditem|p2a: Hawlucha|White Herb
|-clearnegativeboost|p2a: Hawlucha|[silent]
|move|p1a: Kommo-o|Dragon Tail|p2a: Hawlucha
|-damage|p2a: Hawlucha|37/100
|drag|p2a: Cinderace|Cinderace, F|17/100
|
|-heal|p1a: Kommo-o|19/100|[from] item: Leftovers
|upkeep
|turn|22
|
|move|p2a: Cinderace|Pyro Ball|p1a: Kommo-o
|-immune|p1a: Kommo-o|[from] ability: Bulletproof
|move|p1a: Kommo-o|Body Press|p2a: Cinderace
|-damage|p2a: Cinderace|0 fnt
|faint|p2a: Cinderace
|
|-heal|p1a: Kommo-o|25/100|[from] item: Leftovers
|upkeep
|
|switch|p2a: Hawlucha|Hawlucha, F|37/100
|turn|23
|l|☆groundt
|player|p1|
|j|☆groundt
|player|p1|groundt|winona-gen3
|
|move|p2a: Hawlucha|Brave Bird|p1a: Kommo-o
|-supereffective|p1a: Kommo-o
|-damage|p1a: Kommo-o|0 fnt
|-damage|p2a: Hawlucha|28/100|[from] Recoil
|faint|p1a: Kommo-o
|
|upkeep
|
|switch|p1a: Dragapult|Dragapult, M|34/100
|turn|24
|
|switch|p2a: Aegislash|Aegislash, M|83/100
|move|p1a: Dragapult|Hex|p2a: Aegislash
|-supereffective|p2a: Aegislash
|-damage|p2a: Aegislash|23/100
|
|-heal|p1a: Dragapult|40/100|[from] item: Leftovers
|upkeep
|turn|25
|
|-formechange|p2a: Aegislash|Aegislash-Blade||[from] ability: Stance Change
|move|p2a: Aegislash|Shadow Sneak|p1a: Dragapult
|-supereffective|p1a: Dragapult
|-damage|p1a: Dragapult|0 fnt
|-damage|p2a: Aegislash|13/100|[from] item: Life Orb
|faint|p1a: Dragapult
|
|upkeep
|
|switch|p1a: Dugtrio|Dugtrio, F|100/100
|turn|26
|
|move|p1a: Dugtrio|Stone Edge|p2a: Aegislash
|-resisted|p2a: Aegislash
|-crit|p2a: Aegislash
|-damage|p2a: Aegislash|0 fnt
|faint|p2a: Aegislash
|
|upkeep
|
|switch|p2a: Hawlucha|Hawlucha, F|28/100
|turn|27
|
|move|p2a: Hawlucha|Brave Bird|p1a: Dugtrio
|-damage|p1a: Dugtrio|0 fnt
|-damage|p2a: Hawlucha|2/100|[from] Recoil
|faint|p1a: Dugtrio
|
|win|Jfsosa10
