|j|☆cold.exe
|j|☆BOX CRUSHER
|player|p1|cold.exe|red|1460
|player|p2|BOX CRUSHER|fisherman|1457
|teamsize|p1|6
|teamsize|p2|6
|gametype|singles
|gen|8
|tier|[Gen 8] OU
|rated|
|clearpoke
|poke|p1|Hydreigon, F|
|poke|p1|Clefable, M|
|poke|p1|Toxapex, F|
|poke|p1|Corviknight, M|
|poke|p1|Kommo-o, M|
|poke|p1|Zeraora|
|poke|p2|Kyurem|
|poke|p2|Cinderace, M|
|poke|p2|Sigilyph, M|
|poke|p2|Hippowdon, F|
|poke|p2|Aegislash, F|
|poke|p2|Clefable, F|
|rule|Sleep Clause Mod: Limit one foe put to sleep
|rule|Species Clause: Limit one of each Pokémon
|rule|OHKO Clause: OHKO moves are banned
|rule|Evasion Moves Clause: Evasion moves are banned
|rule|Endless Battle Clause: Forcing endless battles is banned
|rule|HP Percentage Mod: HP is shown in percentages
|rule|Dynamax Clause: You cannot dynamax
|teampreview
|inactive|Battle timer is ON: inactive players will automatically lose when time's up. (requested by cold.exe)
|
|start
|switch|p1a: Toxapex|Toxapex, F|100/100
|switch|p2a: Hippowdon|Hippowdon, F|100/100
|-weather|Sandstorm|[from] ability: Sand Stream|[of] p2a: Hippowdon
|turn|1
|
|switch|p2a: Sigilyph|Sigilyph, M|100/100
|move|p1a: Toxapex|Knock Off|p2a: Sigilyph
|-supereffective|p2a: Sigilyph
|-damage|p2a: Sigilyph|66/100
|-enditem|p2a: Sigilyph|Life Orb|[from] move: Knock Off|[of] p1a: Toxapex
|
|-weather|Sandstorm|[upkeep]
|-damage|p1a: Toxapex|95/100|[from] Sandstorm
|-heal|p1a: Toxapex|100/100|[from] item: Black Sludge
|upkeep
|turn|2
|
|switch|p1a: Clefable|Clefable, M|100/100
|move|p2a: Sigilyph|Calm Mind|p2a: Sigilyph
|-boost|p2a: Sigilyph|spa|1
|-boost|p2a: Sigilyph|spd|1
|
|-weather|Sandstorm|[upkeep]
|-damage|p1a: Clefable|94/100|[from] Sandstorm
|upkeep
|turn|3
|
|move|p2a: Sigilyph|Psychic|p1a: Clefable
|-damage|p1a: Clefable|72/100
|move|p1a: Clefable|Moonblast|p2a: Sigilyph
|-damage|p2a: Sigilyph|29/100
|
|-weather|Sandstorm|[upkeep]
|-damage|p1a: Clefable|66/100|[from] Sandstorm
|upkeep
|turn|4
|
|switch|p2a: Hippowdon|Hippowdon, F|100/100
|move|p1a: Clefable|Wish|p1a: Clefable
|
|-weather|Sandstorm|[upkeep]
|-damage|p1a: Clefable|60/100|[from] Sandstorm
|upkeep
|turn|5
|
|move|p1a: Clefable|Moonblast|p2a: Hippowdon
|-damage|p2a: Hippowdon|67/100
|-unboost|p2a: Hippowdon|spa|1
|move|p2a: Hippowdon|Toxic|p1a: Clefable
|-status|p1a: Clefable|tox
|
|-weather|none
|-heal|p1a: Clefable|100/100 tox|[from] move: Wish|[wisher] Clefable
|-heal|p2a: Hippowdon|74/100|[from] item: Leftovers
|-damage|p1a: Clefable|94/100 tox|[from] psn
|upkeep
|turn|6
|
|switch|p1a: Kommo-o|Kommo-o, M|100/100
|move|p2a: Hippowdon|Earthquake|p1a: Kommo-o
|-damage|p1a: Kommo-o|74/100
|
|-heal|p2a: Hippowdon|80/100|[from] item: Leftovers
|upkeep
|turn|7
|
|move|p1a: Kommo-o|Toxic|p2a: Hippowdon|[miss]
|-miss|p1a: Kommo-o|p2a: Hippowdon
|move|p2a: Hippowdon|Toxic|p1a: Kommo-o
|-status|p1a: Kommo-o|tox
|
|-heal|p2a: Hippowdon|86/100|[from] item: Leftovers
|-damage|p1a: Kommo-o|68/100 tox|[from] psn
|upkeep
|turn|8
|
|switch|p2a: Clefable|Clefable, F|100/100
|move|p1a: Kommo-o|Stealth Rock|p2a: Clefable
|-sidestart|p2: BOX CRUSHER|move: Stealth Rock
|
|-damage|p1a: Kommo-o|55/100 tox|[from] psn
|upkeep
|turn|9
|
|switch|p1a: Toxapex|Toxapex, F|100/100
|move|p2a: Clefable|Wish|p2a: Clefable
|
|upkeep
|turn|10
|
|switch|p2a: Sigilyph|Sigilyph, M|29/100
|move|p1a: Toxapex|Knock Off|p2a: Sigilyph
|-supereffective|p2a: Sigilyph
|-damage|p2a: Sigilyph|3/100
|
|-heal|p2a: Sigilyph|59/100|[from] move: Wish|[wisher] Clefable
|upkeep
|turn|11
|
|switch|p1a: Hydreigon|Hydreigon, F|100/100
|move|p2a: Sigilyph|Roost|p2a: Sigilyph
|-heal|p2a: Sigilyph|100/100
|-singleturn|p2a: Sigilyph|move: Roost
|
|upkeep
|turn|12
|
|switch|p2a: Clefable|Clefable, F|100/100
|move|p1a: Hydreigon|Nasty Plot|p1a: Hydreigon
|-boost|p1a: Hydreigon|spa|2
|
|upkeep
|turn|13
|
|move|p1a: Hydreigon|Flash Cannon|p2a: Clefable
|-supereffective|p2a: Clefable
|-damage|p2a: Clefable|0 fnt
|-damage|p1a: Hydreigon|91/100|[from] item: Life Orb
|faint|p2a: Clefable
|
|upkeep
|
|switch|p2a: Kyurem|Kyurem|100/100
|-damage|p2a: Kyurem|76/100|[from] Stealth Rock
|-ability|p2a: Kyurem|Pressure
|turn|14
|
|move|p2a: Kyurem|Ice Beam|p1a: Hydreigon
|-supereffective|p1a: Hydreigon
|-damage|p1a: Hydreigon|0 fnt
|faint|p1a: Hydreigon
|
|upkeep
|j| hav a nice day
|c| hav a nice day|have a nice day :)
|
|switch|p1a: Zeraora|Zeraora|100/100
|turn|15
|
|switch|p2a: Hippowdon|Hippowdon, F|86/100
|-damage|p2a: Hippowdon|80/100|[from] Stealth Rock
|-weather|Sandstorm|[from] ability: Sand Stream|[of] p2a: Hippowdon
|move|p1a: Zeraora|Toxic|p2a: Hippowdon|[miss]
|-miss|p1a: Zeraora|p2a: Hippowdon
|
|-weather|Sandstorm|[upkeep]
|-damage|p1a: Zeraora|95/100|[from] Sandstorm
|-heal|p2a: Hippowdon|86/100|[from] item: Leftovers
|upkeep
|turn|16
|c|☆cold.exe|Nice
|inactive|cold.exe has 120 seconds left.
|c|☆cold.exe|2 toxic misses already
|
|switch|p1a: Kommo-o|Kommo-o, M|55/100 tox
|move|p2a: Hippowdon|Earthquake|p1a: Kommo-o
|-damage|p1a: Kommo-o|31/100 tox
|
|-weather|Sandstorm|[upkeep]
|-damage|p1a: Kommo-o|25/100 tox|[from] Sandstorm
|-heal|p2a: Hippowdon|92/100|[from] item: Leftovers
|-damage|p1a: Kommo-o|18/100 tox|[from] psn
|upkeep
|turn|17
|inactive|cold.exe has 120 seconds left.
|l| hav a nice day
|
|switch|p2a: Aegislash|Aegislash, F|100/100
|-damage|p2a: Aegislash|94/100|[from] Stealth Rock
|move|p1a: Kommo-o|Toxic|p2a: Aegislash|[miss]
|-miss|p1a: Kommo-o|p2a: Aegislash
|
|-weather|Sandstorm|[upkeep]
|-damage|p1a: Kommo-o|12/100 tox|[from] Sandstorm
|-heal|p2a: Aegislash|100/100|[from] item: Leftovers
|-damage|p1a: Kommo-o|0 fnt|[from] psn
|faint|p1a: Kommo-o
|upkeep
|
|switch|p1a: Toxapex|Toxapex, F|100/100
|turn|18
|
|move|p2a: Aegislash|King's Shield|p2a: Aegislash
|-singleturn|p2a: Aegislash|Protect
|move|p1a: Toxapex|Knock Off|p2a: Aegislash
|-activate|p2a: Aegislash|move: Protect
|-unboost|p1a: Toxapex|atk|1
|
|-weather|Sandstorm|[upkeep]
|-damage|p1a: Toxapex|95/100|[from] Sandstorm
|-heal|p1a: Toxapex|100/100|[from] item: Black Sludge
|upkeep
|turn|19
|
|move|p2a: Aegislash|Substitute|p2a: Aegislash
|-start|p2a: Aegislash|Substitute
|-damage|p2a: Aegislash|76/100
|move|p1a: Toxapex|Knock Off|p2a: Aegislash
|-supereffective|p2a: Aegislash
|-activate|p2a: Aegislash|move: Substitute|[damage]
|
|-weather|none
|-heal|p2a: Aegislash|82/100|[from] item: Leftovers
|upkeep
|turn|20
|
|move|p2a: Aegislash|King's Shield|p2a: Aegislash
|-singleturn|p2a: Aegislash|Protect
|move|p1a: Toxapex|Knock Off|p2a: Aegislash
|-activate|p2a: Aegislash|move: Protect
|-unboost|p1a: Toxapex|atk|1
|
|-heal|p2a: Aegislash|88/100|[from] item: Leftovers
|upkeep
|turn|21
|
|-formechange|p2a: Aegislash|Aegislash-Blade||[from] ability: Stance Change
|move|p2a: Aegislash|Shadow Ball|p1a: Toxapex
|-damage|p1a: Toxapex|69/100
|move|p1a: Toxapex|Haze|p1a: Toxapex
|-clearallboost
|
|-heal|p2a: Aegislash|94/100|[from] item: Leftovers
|-heal|p1a: Toxapex|75/100|[from] item: Black Sludge
|upkeep
|turn|22
|
|switch|p2a: Sigilyph|Sigilyph, M|100/100
|move|p1a: Toxapex|Knock Off|p2a: Sigilyph
|-supereffective|p2a: Sigilyph
|-damage|p2a: Sigilyph|77/100
|
|-heal|p1a: Toxapex|81/100|[from] item: Black Sludge
|upkeep
|turn|23
|
|switch|p1a: Clefable|Clefable, M|94/100 tox
|move|p2a: Sigilyph|Psychic|p1a: Clefable
|-crit|p1a: Clefable
|-damage|p1a: Clefable|60/100 tox
|
|-damage|p1a: Clefable|54/100 tox|[from] psn
|upkeep
|turn|24
|
|switch|p2a: Aegislash|Aegislash, F|94/100
|-damage|p2a: Aegislash|88/100|[from] Stealth Rock
|move|p1a: Clefable|Aromatherapy|p1a: Clefable
|-activate|p1a: Clefable|move: Aromatherapy
|-curestatus|p1a: Clefable|tox|[msg]
|
|-heal|p2a: Aegislash|94/100|[from] item: Leftovers
|upkeep
|turn|25
|
|switch|p1a: Corviknight|Corviknight, M|100/100
|-ability|p1a: Corviknight|Pressure
|move|p2a: Aegislash|Toxic|p1a: Corviknight
|-immune|p1a: Corviknight
|
|-heal|p2a: Aegislash|100/100|[from] item: Leftovers
|upkeep
|turn|26
|
|switch|p2a: Cinderace|Cinderace, M|100/100
|move|p1a: Corviknight|U-turn|p2a: Cinderace
|-resisted|p2a: Cinderace
|-damage|p2a: Cinderace|90/100
|
|switch|p1a: Toxapex|Toxapex, F|100/100|[from]move: U-turn
|
|upkeep
|turn|27
|
|move|p2a: Cinderace|Court Change|p2a: Cinderace
|-start|p2a: Cinderace|typechange|Normal|[from] ability: Libero
|-sideend|p2: BOX CRUSHER|Stealth Rock|[silent]
|-sidestart|p1: cold.exe|Stealth Rock|[silent]
|-activate|p2a: Cinderace|move: Court Change
|move|p1a: Toxapex|Scald|p2a: Cinderace
|-damage|p2a: Cinderace|67/100
|-status|p2a: Cinderace|brn
|
|-damage|p2a: Cinderace|61/100 brn|[from] brn
|upkeep
|turn|28
|
|switch|p2a: Sigilyph|Sigilyph, M|77/100
|move|p1a: Toxapex|Knock Off|p2a: Sigilyph
|-supereffective|p2a: Sigilyph
|-damage|p2a: Sigilyph|52/100
|
|upkeep
|turn|29
|
|switch|p1a: Corviknight|Corviknight, M|100/100
|-damage|p1a: Corviknight|88/100|[from] Stealth Rock
|-ability|p1a: Corviknight|Pressure
|move|p2a: Sigilyph|Calm Mind|p2a: Sigilyph
|-boost|p2a: Sigilyph|spa|1
|-boost|p2a: Sigilyph|spd|1
|
|-heal|p1a: Corviknight|94/100|[from] item: Leftovers
|upkeep
|turn|30
|
|move|p2a: Sigilyph|Heat Wave|p1a: Corviknight
|-supereffective|p1a: Corviknight
|-damage|p1a: Corviknight|29/100
|move|p1a: Corviknight|Defog|p2a: Sigilyph
|-unboost|p2a: Sigilyph|evasion|1
|-sideend|p1: cold.exe|Stealth Rock|[from] move: Defog|[of] p1a: Corviknight
|
|-heal|p1a: Corviknight|35/100|[from] item: Leftovers
|upkeep
|turn|31
|
|switch|p1a: Toxapex|Toxapex, F|100/100
|move|p2a: Sigilyph|Heat Wave|p1a: Toxapex|[miss]
|-miss|p2a: Sigilyph|p1a: Toxapex
|
|upkeep
|turn|32
|
|move|p2a: Sigilyph|Psychic|p1a: Toxapex
|-supereffective|p1a: Toxapex
|-damage|p1a: Toxapex|21/100
|move|p1a: Toxapex|Haze|p1a: Toxapex
|-clearallboost
|
|-heal|p1a: Toxapex|27/100|[from] item: Black Sludge
|upkeep
|turn|33
|
|switch|p1a: Clefable|Clefable, M|54/100
|move|p2a: Sigilyph|Psychic|p1a: Clefable
|-damage|p1a: Clefable|30/100
|
|upkeep
|turn|34
|
|switch|p2a: Aegislash|Aegislash, F|100/100
|move|p1a: Clefable|Wish|p1a: Clefable
|
|upkeep
|turn|35
|
|move|p1a: Clefable|Protect|p1a: Clefable
|-singleturn|p1a: Clefable|Protect
|-formechange|p2a: Aegislash|Aegislash-Blade||[from] ability: Stance Change
|move|p2a: Aegislash|Shadow Ball|p1a: Clefable
|-activate|p1a: Clefable|move: Protect
|
|-heal|p1a: Clefable|80/100|[from] move: Wish|[wisher] Clefable
|upkeep
|turn|36
|
|switch|p1a: Toxapex|Toxapex, F|60/100
|move|p2a: Aegislash|Toxic|p1a: Toxapex
|-immune|p1a: Toxapex
|
|-heal|p1a: Toxapex|66/100|[from] item: Black Sludge
|upkeep
|turn|37
|
|-formechange|p2a: Aegislash|Aegislash||[from] ability: Stance Change
|move|p2a: Aegislash|King's Shield|p2a: Aegislash
|-singleturn|p2a: Aegislash|Protect
|move|p1a: Toxapex|Scald|p2a: Aegislash
|-activate|p2a: Aegislash|move: Protect
|
|-heal|p1a: Toxapex|72/100|[from] item: Black Sludge
|upkeep
|turn|38
|
|switch|p2a: Sigilyph|Sigilyph, M|52/100
|move|p1a: Toxapex|Knock Off|p2a: Sigilyph
|-supereffective|p2a: Sigilyph
|-damage|p2a: Sigilyph|26/100
|
|-heal|p1a: Toxapex|78/100|[from] item: Black Sludge
|upkeep
|turn|39
|
|switch|p1a: Zeraora|Zeraora|95/100
|move|p2a: Sigilyph|Roost|p2a: Sigilyph
|-heal|p2a: Sigilyph|76/100
|-singleturn|p2a: Sigilyph|move: Roost
|
|upkeep
|turn|40
|
|switch|p2a: Cinderace|Cinderace, M|61/100 brn
|move|p1a: Zeraora|Plasma Fists|p2a: Cinderace
|-damage|p2a: Cinderace|0 fnt
|-fieldactivate|move: Ion Deluge
|faint|p2a: Cinderace
|
|upkeep
|
|switch|p2a: Kyurem|Kyurem|76/100
|-ability|p2a: Kyurem|Pressure
|turn|41
|
|switch|p1a: Clefable|Clefable, M|80/100
|move|p2a: Kyurem|Earth Power|p1a: Clefable
|-damage|p1a: Clefable|58/100
|
|upkeep
|turn|42
|
|switch|p2a: Hippowdon|Hippowdon, F|92/100
|-weather|Sandstorm|[from] ability: Sand Stream|[of] p2a: Hippowdon
|move|p1a: Clefable|Wish|p1a: Clefable
|
|-weather|Sandstorm|[upkeep]
|-damage|p1a: Clefable|52/100|[from] Sandstorm
|-heal|p2a: Hippowdon|98/100|[from] item: Leftovers
|upkeep
|turn|43
|
|switch|p2a: Sigilyph|Sigilyph, M|76/100
|move|p1a: Clefable|Moonblast|p2a: Sigilyph
|-damage|p2a: Sigilyph|39/100
|-unboost|p2a: Sigilyph|spa|1
|
|-weather|Sandstorm|[upkeep]
|-damage|p1a: Clefable|46/100|[from] Sandstorm
|-heal|p1a: Clefable|96/100|[from] move: Wish|[wisher] Clefable
|upkeep
|turn|44
|
|switch|p2a: Aegislash|Aegislash, F|100/100
|move|p1a: Clefable|Moonblast|p2a: Aegislash
|-resisted|p2a: Aegislash
|-crit|p2a: Aegislash
|-damage|p2a: Aegislash|86/100
|-unboost|p2a: Aegislash|spa|1
|
|-weather|Sandstorm|[upkeep]
|-damage|p1a: Clefable|90/100|[from] Sandstorm
|-heal|p2a: Aegislash|92/100|[from] item: Leftovers
|upkeep
|turn|45
|
|switch|p1a: Corviknight|Corviknight, M|35/100
|-ability|p1a: Corviknight|Pressure
|move|p2a: Aegislash|Substitute|p2a: Aegislash
|-start|p2a: Aegislash|Substitute
|-damage|p2a: Aegislash|67/100
|
|-weather|Sandstorm|[upkeep]
|-heal|p2a: Aegislash|73/100|[from] item: Leftovers
|-heal|p1a: Corviknight|41/100|[from] item: Leftovers
|upkeep
|turn|46
|
|-formechange|p2a: Aegislash|Aegislash-Blade||[from] ability: Stance Change
|move|p2a: Aegislash|Shadow Ball|p1a: Corviknight
|-damage|p1a: Corviknight|18/100
|move|p1a: Corviknight|Roost|p1a: Corviknight
|-heal|p1a: Corviknight|68/100
|-singleturn|p1a: Corviknight|move: Roost
|
|-weather|none
|-heal|p2a: Aegislash|79/100|[from] item: Leftovers
|-heal|p1a: Corviknight|75/100|[from] item: Leftovers
|upkeep
|turn|47
|
|switch|p1a: Toxapex|Toxapex, F|100/100
|-formechange|p2a: Aegislash|Aegislash||[from] ability: Stance Change
|move|p2a: Aegislash|King's Shield||[still]
|-fail|p2a: Aegislash
|
|-heal|p2a: Aegislash|86/100|[from] item: Leftovers
|upkeep
|turn|48
|
|-formechange|p2a: Aegislash|Aegislash-Blade||[from] ability: Stance Change
|move|p2a: Aegislash|Shadow Ball|p1a: Toxapex
|-damage|p1a: Toxapex|80/100
|move|p1a: Toxapex|Scald|p2a: Aegislash
|-activate|p2a: Aegislash|move: Substitute|[damage]
|
|-heal|p2a: Aegislash|92/100|[from] item: Leftovers
|-heal|p1a: Toxapex|86/100|[from] item: Black Sludge
|upkeep
|turn|49
|
|move|p2a: Aegislash|Shadow Ball|p1a: Toxapex
|-damage|p1a: Toxapex|66/100
|move|p1a: Toxapex|Scald|p2a: Aegislash
|-end|p2a: Aegislash|Substitute
|
|-heal|p2a: Aegislash|98/100|[from] item: Leftovers
|-heal|p1a: Toxapex|72/100|[from] item: Black Sludge
|upkeep
|turn|50
|
|switch|p2a: Sigilyph|Sigilyph, M|39/100
|move|p1a: Toxapex|Scald|p2a: Sigilyph
|-damage|p2a: Sigilyph|19/100
|
|-heal|p1a: Toxapex|78/100|[from] item: Black Sludge
|upkeep
|turn|51
|
|move|p2a: Sigilyph|Roost|p2a: Sigilyph
|-heal|p2a: Sigilyph|69/100
|-singleturn|p2a: Sigilyph|move: Roost
|move|p1a: Toxapex|Knock Off|p2a: Sigilyph
|-supereffective|p2a: Sigilyph
|-damage|p2a: Sigilyph|43/100
|
|-heal|p1a: Toxapex|84/100|[from] item: Black Sludge
|upkeep
|turn|52
|
|switch|p1a: Clefable|Clefable, M|90/100
|move|p2a: Sigilyph|Roost|p2a: Sigilyph
|-heal|p2a: Sigilyph|93/100
|-singleturn|p2a: Sigilyph|move: Roost
|
|upkeep
|turn|53
|
|switch|p2a: Hippowdon|Hippowdon, F|98/100
|-weather|Sandstorm|[from] ability: Sand Stream|[of] p2a: Hippowdon
|move|p1a: Clefable|Moonblast|p2a: Hippowdon
|-damage|p2a: Hippowdon|63/100
|
|-weather|Sandstorm|[upkeep]
|-damage|p1a: Clefable|84/100|[from] Sandstorm
|-heal|p2a: Hippowdon|69/100|[from] item: Leftovers
|upkeep
|turn|54
|inactive|BOX CRUSHER has 120 seconds left.
|
|move|p1a: Clefable|Moonblast|p2a: Hippowdon
|-damage|p2a: Hippowdon|34/100
|move|p2a: Hippowdon|Toxic|p1a: Clefable
|-status|p1a: Clefable|tox
|
|-weather|Sandstorm|[upkeep]
|-damage|p1a: Clefable|78/100 tox|[from] Sandstorm
|-heal|p2a: Hippowdon|40/100|[from] item: Leftovers
|-damage|p1a: Clefable|72/100 tox|[from] psn
|upkeep
|turn|55
|
|move|p1a: Clefable|Aromatherapy|p1a: Clefable
|-activate|p1a: Clefable|move: Aromatherapy
|-curestatus|p1a: Clefable|tox|[msg]
|move|p2a: Hippowdon|Slack Off|p2a: Hippowdon
|-heal|p2a: Hippowdon|90/100
|
|-weather|Sandstorm|[upkeep]
|-damage|p1a: Clefable|66/100|[from] Sandstorm
|-heal|p2a: Hippowdon|96/100|[from] item: Leftovers
|upkeep
|turn|56
|
|move|p1a: Clefable|Wish|p1a: Clefable
|move|p2a: Hippowdon|Toxic|p1a: Clefable
|-status|p1a: Clefable|tox
|
|-weather|Sandstorm|[upkeep]
|-damage|p1a: Clefable|60/100 tox|[from] Sandstorm
|-heal|p2a: Hippowdon|100/100|[from] item: Leftovers
|-damage|p1a: Clefable|54/100 tox|[from] psn
|upkeep
|turn|57
|
|move|p1a: Clefable|Moonblast|p2a: Hippowdon
|-damage|p2a: Hippowdon|65/100
|move|p2a: Hippowdon|Toxic|p1a: Clefable
|-fail|p1a: Clefable|tox
|
|-weather|none
|-heal|p1a: Clefable|100/100 tox|[from] move: Wish|[wisher] Clefable
|-heal|p2a: Hippowdon|72/100|[from] item: Leftovers
|-damage|p1a: Clefable|88/100 tox|[from] psn
|upkeep
|turn|58
|
|move|p1a: Clefable|Aromatherapy|p1a: Clefable
|-activate|p1a: Clefable|move: Aromatherapy
|-curestatus|p1a: Clefable|tox|[msg]
|move|p2a: Hippowdon|Toxic|p1a: Clefable
|-status|p1a: Clefable|tox
|
|-heal|p2a: Hippowdon|78/100|[from] item: Leftovers
|-damage|p1a: Clefable|82/100 tox|[from] psn
|upkeep
|turn|59
|
|move|p1a: Clefable|Moonblast|p2a: Hippowdon
|-damage|p2a: Hippowdon|43/100
|move|p2a: Hippowdon|Toxic|p1a: Clefable
|-fail|p1a: Clefable|tox
|
|-heal|p2a: Hippowdon|49/100|[from] item: Leftovers
|-damage|p1a: Clefable|70/100 tox|[from] psn
|upkeep
|turn|60
|
|move|p1a: Clefable|Aromatherapy|p1a: Clefable
|-activate|p1a: Clefable|move: Aromatherapy
|-curestatus|p1a: Clefable|tox|[msg]
|move|p2a: Hippowdon|Slack Off|p2a: Hippowdon
|-heal|p2a: Hippowdon|99/100
|
|-heal|p2a: Hippowdon|100/100|[from] item: Leftovers
|upkeep
|turn|61
|
|switch|p1a: Toxapex|Toxapex, F|100/100
|move|p2a: Hippowdon|Whirlwind|p1a: Toxapex
|drag|p1a: Clefable|Clefable, M|70/100
|
|upkeep
|turn|62
|
|switch|p1a: Toxapex|Toxapex, F|100/100
|move|p2a: Hippowdon|Earthquake|p1a: Toxapex
|-supereffective|p1a: Toxapex
|-damage|p1a: Toxapex|56/100
|
|-heal|p1a: Toxapex|62/100|[from] item: Black Sludge
|upkeep
|turn|63
|
|switch|p2a: Sigilyph|Sigilyph, M|93/100
|move|p1a: Toxapex|Scald|p2a: Sigilyph
|-damage|p2a: Sigilyph|72/100
|-status|p2a: Sigilyph|brn
|
|-heal|p1a: Toxapex|68/100|[from] item: Black Sludge
|upkeep
|turn|64
|inactive|BOX CRUSHER has 120 seconds left.
|
|switch|p1a: Clefable|Clefable, M|70/100
|move|p2a: Sigilyph|Psychic|p1a: Clefable
|-damage|p1a: Clefable|48/100
|
|upkeep
|turn|65
|inactive|BOX CRUSHER has 120 seconds left.
|
|switch|p2a: Hippowdon|Hippowdon, F|100/100
|-weather|Sandstorm|[from] ability: Sand Stream|[of] p2a: Hippowdon
|move|p1a: Clefable|Wish|p1a: Clefable
|
|-weather|Sandstorm|[upkeep]
|-damage|p1a: Clefable|42/100|[from] Sandstorm
|upkeep
|turn|66
|
|move|p1a: Clefable|Protect|p1a: Clefable
|-singleturn|p1a: Clefable|Protect
|move|p2a: Hippowdon|Toxic|p1a: Clefable
|-activate|p1a: Clefable|move: Protect
|
|-weather|Sandstorm|[upkeep]
|-damage|p1a: Clefable|36/100|[from] Sandstorm
|-heal|p1a: Clefable|86/100|[from] move: Wish|[wisher] Clefable
|upkeep
|turn|67
|
|switch|p1a: Corviknight|Corviknight, M|75/100
|-ability|p1a: Corviknight|Pressure
|move|p2a: Hippowdon|Toxic|p1a: Corviknight
|-immune|p1a: Corviknight
|
|-weather|Sandstorm|[upkeep]
|-heal|p1a: Corviknight|81/100|[from] item: Leftovers
|upkeep
|turn|68
|
|switch|p2a: Aegislash|Aegislash, F|98/100
|move|p1a: Corviknight|U-turn|p2a: Aegislash
|-resisted|p2a: Aegislash
|-damage|p2a: Aegislash|95/100
|
|switch|p1a: Zeraora|Zeraora|95/100|[from]move: U-turn
|
|-weather|Sandstorm|[upkeep]
|-damage|p1a: Zeraora|89/100|[from] Sandstorm
|-heal|p2a: Aegislash|100/100|[from] item: Leftovers
|upkeep
|turn|69
|
|move|p2a: Aegislash|King's Shield|p2a: Aegislash
|-singleturn|p2a: Aegislash|Protect
|move|p1a: Zeraora|Knock Off|p2a: Aegislash
|-activate|p2a: Aegislash|move: Protect
|-unboost|p1a: Zeraora|atk|1
|
|-weather|none
|upkeep
|turn|70
|
|move|p1a: Zeraora|Knock Off|p2a: Aegislash
|-supereffective|p2a: Aegislash
|-damage|p2a: Aegislash|70/100
|-enditem|p2a: Aegislash|Leftovers|[from] move: Knock Off|[of] p1a: Zeraora
|-formechange|p2a: Aegislash|Aegislash-Blade||[from] ability: Stance Change
|move|p2a: Aegislash|Shadow Ball|p1a: Zeraora
|-damage|p1a: Zeraora|43/100
|
|upkeep
|turn|71
|
|switch|p1a: Toxapex|Toxapex, F|100/100
|move|p2a: Aegislash|Shadow Ball|p1a: Toxapex
|-damage|p1a: Toxapex|72/100
|
|-heal|p1a: Toxapex|78/100|[from] item: Black Sludge
|upkeep
|turn|72
|
|-formechange|p2a: Aegislash|Aegislash||[from] ability: Stance Change
|move|p2a: Aegislash|King's Shield|p2a: Aegislash
|-singleturn|p2a: Aegislash|Protect
|move|p1a: Toxapex|Scald|p2a: Aegislash
|-activate|p2a: Aegislash|move: Protect
|
|-heal|p1a: Toxapex|84/100|[from] item: Black Sludge
|upkeep
|turn|73
|inactive|BOX CRUSHER has 120 seconds left.
|
|switch|p2a: Sigilyph|Sigilyph, M|72/100 brn
|move|p1a: Toxapex|Scald|p2a: Sigilyph
|-damage|p2a: Sigilyph|53/100 brn
|
|-heal|p1a: Toxapex|90/100|[from] item: Black Sludge
|upkeep
|turn|74
|
|switch|p1a: Clefable|Clefable, M|86/100
|move|p2a: Sigilyph|Psychic|p1a: Clefable
|-damage|p1a: Clefable|64/100
|
|upkeep
|turn|75
|
|switch|p2a: Hippowdon|Hippowdon, F|100/100
|-weather|Sandstorm|[from] ability: Sand Stream|[of] p2a: Hippowdon
|move|p1a: Clefable|Wish|p1a: Clefable
|
|-weather|Sandstorm|[upkeep]
|-damage|p1a: Clefable|58/100|[from] Sandstorm
|upkeep
|turn|76
|
|move|p1a: Clefable|Protect|p1a: Clefable
|-singleturn|p1a: Clefable|Protect
|move|p2a: Hippowdon|Whirlwind|p1a: Clefable
|drag|p1a: Zeraora|Zeraora|43/100
|
|-weather|Sandstorm|[upkeep]
|-damage|p1a: Zeraora|37/100|[from] Sandstorm
|-heal|p1a: Zeraora|99/100|[from] move: Wish|[wisher] Clefable
|upkeep
|turn|77
|
|switch|p2a: Aegislash|Aegislash, F|70/100
|move|p1a: Zeraora|Toxic|p2a: Aegislash
|-immune|p2a: Aegislash
|
|-weather|Sandstorm|[upkeep]
|-damage|p1a: Zeraora|93/100|[from] Sandstorm
|upkeep
|turn|78
|
|switch|p1a: Toxapex|Toxapex, F|100/100
|move|p2a: Aegislash|Toxic|p1a: Toxapex|[miss]
|-miss|p2a: Aegislash|p1a: Toxapex
|
|-weather|Sandstorm|[upkeep]
|-damage|p1a: Toxapex|95/100|[from] Sandstorm
|-heal|p1a: Toxapex|100/100|[from] item: Black Sludge
|upkeep
|turn|79
|
|switch|p2a: Sigilyph|Sigilyph, M|53/100 brn
|move|p1a: Toxapex|Scald|p2a: Sigilyph
|-damage|p2a: Sigilyph|33/100 brn
|
|-weather|none
|upkeep
|turn|80
|
|switch|p2a: Hippowdon|Hippowdon, F|100/100
|-weather|Sandstorm|[from] ability: Sand Stream|[of] p2a: Hippowdon
|switch|p1a: Zeraora|Zeraora|93/100
|
|-weather|Sandstorm|[upkeep]
|-damage|p1a: Zeraora|87/100|[from] Sandstorm
|upkeep
|turn|81
|
|move|p1a: Zeraora|Toxic|p2a: Hippowdon|[miss]
|-miss|p1a: Zeraora|p2a: Hippowdon
|move|p2a: Hippowdon|Toxic|p1a: Zeraora
|-status|p1a: Zeraora|tox
|
|-weather|Sandstorm|[upkeep]
|-damage|p1a: Zeraora|81/100 tox|[from] Sandstorm
|-damage|p1a: Zeraora|75/100 tox|[from] psn
|upkeep
|turn|82
|inactive|cold.exe has 120 seconds left.
|c|☆cold.exe|I didn't connect a sngl toxic this entire match
|inactive|cold.exe has 90 seconds left.
|
|switch|p1a: Corviknight|Corviknight, M|81/100
|-ability|p1a: Corviknight|Pressure
|move|p2a: Hippowdon|Earthquake|p1a: Corviknight
|-immune|p1a: Corviknight
|
|-weather|Sandstorm|[upkeep]
|-heal|p1a: Corviknight|87/100|[from] item: Leftovers
|upkeep
|turn|83
|
|move|p1a: Corviknight|U-turn|p2a: Hippowdon
|-damage|p2a: Hippowdon|93/100
|
|switch|p1a: Toxapex|Toxapex, F|100/100|[from]move: U-turn
|move|p2a: Hippowdon|Whirlwind|p1a: Toxapex
|drag|p1a: Corviknight|Corviknight, M|87/100
|-ability|p1a: Corviknight|Pressure
|
|-weather|Sandstorm|[upkeep]
|-heal|p2a: Hippowdon|99/100|[from] item: Leftovers
|-heal|p1a: Corviknight|93/100|[from] item: Leftovers
|upkeep
|turn|84
|
|move|p1a: Corviknight|U-turn|p2a: Hippowdon
|-damage|p2a: Hippowdon|91/100
|
|switch|p1a: Toxapex|Toxapex, F|100/100|[from]move: U-turn
|move|p2a: Hippowdon|Whirlwind|p1a: Toxapex
|drag|p1a: Clefable|Clefable, M|58/100
|
|-weather|none
|-heal|p2a: Hippowdon|98/100|[from] item: Leftovers
|upkeep
|turn|85
|
|switch|p1a: Corviknight|Corviknight, M|93/100
|-ability|p1a: Corviknight|Pressure
|move|p2a: Hippowdon|Toxic|p1a: Corviknight
|-immune|p1a: Corviknight
|
|-heal|p2a: Hippowdon|100/100|[from] item: Leftovers
|-heal|p1a: Corviknight|99/100|[from] item: Leftovers
|upkeep
|turn|86
|
|switch|p2a: Sigilyph|Sigilyph, M|33/100 brn
|move|p1a: Corviknight|Defog|p2a: Sigilyph
|-unboost|p2a: Sigilyph|evasion|1
|
|-heal|p1a: Corviknight|100/100|[from] item: Leftovers
|upkeep
|turn|87
|
|move|p2a: Sigilyph|Roost|p2a: Sigilyph
|-heal|p2a: Sigilyph|83/100 brn
|-singleturn|p2a: Sigilyph|move: Roost
|move|p1a: Corviknight|U-turn|p2a: Sigilyph
|-supereffective|p2a: Sigilyph
|-damage|p2a: Sigilyph|48/100 brn
|
|switch|p1a: Zeraora|Zeraora|75/100 tox|[from]move: U-turn
|
|-damage|p1a: Zeraora|69/100 tox|[from] psn
|upkeep
|turn|88
|
|move|p1a: Zeraora|Toxic||[still]
|-fail|p1a: Zeraora
|move|p2a: Sigilyph|Psychic|p1a: Zeraora
|-damage|p1a: Zeraora|27/100 tox
|
|-damage|p1a: Zeraora|15/100 tox|[from] psn
|upkeep
|turn|89
|
|switch|p1a: Clefable|Clefable, M|58/100
|switch|p2a: Aegislash|Aegislash, F|70/100
|
|upkeep
|turn|90
|
|move|p2a: Aegislash|Toxic|p1a: Clefable
|-status|p1a: Clefable|tox
|move|p1a: Clefable|Wish|p1a: Clefable
|
|-damage|p1a: Clefable|52/100 tox|[from] psn
|upkeep
|turn|91
|
|move|p2a: Aegislash|Substitute|p2a: Aegislash
|-start|p2a: Aegislash|Substitute
|-damage|p2a: Aegislash|45/100
|move|p1a: Clefable|Aromatherapy|p1a: Clefable
|-activate|p1a: Clefable|move: Aromatherapy
|-curestatus|p1a: Clefable|tox|[msg]
|-curestatus|p1: Zeraora|tox|[msg]
|
|-heal|p1a: Clefable|100/100|[from] move: Wish|[wisher] Clefable
|upkeep
|turn|92
|
|switch|p1a: Toxapex|Toxapex, F|100/100
|-formechange|p2a: Aegislash|Aegislash-Blade||[from] ability: Stance Change
|move|p2a: Aegislash|Shadow Ball|p1a: Toxapex
|-crit|p1a: Toxapex
|-damage|p1a: Toxapex|56/100
|
|-heal|p1a: Toxapex|62/100|[from] item: Black Sludge
|upkeep
|turn|93
|
|move|p2a: Aegislash|Shadow Ball|p1a: Toxapex
|-damage|p1a: Toxapex|35/100
|move|p1a: Toxapex|Scald|p2a: Aegislash
|-activate|p2a: Aegislash|move: Substitute|[damage]
|
|-heal|p1a: Toxapex|41/100|[from] item: Black Sludge
|upkeep
|turn|94
|
|switch|p1a: Corviknight|Corviknight, M|100/100
|-ability|p1a: Corviknight|Pressure
|move|p2a: Aegislash|Shadow Ball|p1a: Corviknight
|-damage|p1a: Corviknight|63/100
|
|-heal|p1a: Corviknight|69/100|[from] item: Leftovers
|upkeep
|turn|95
|
|move|p2a: Aegislash|Shadow Ball|p1a: Corviknight
|-damage|p1a: Corviknight|34/100
|move|p1a: Corviknight|Roost|p1a: Corviknight
|-heal|p1a: Corviknight|84/100
|-singleturn|p1a: Corviknight|move: Roost
|
|-heal|p1a: Corviknight|90/100|[from] item: Leftovers
|upkeep
|turn|96
|inactive|BOX CRUSHER has 120 seconds left.
|
|move|p2a: Aegislash|Shadow Ball|p1a: Corviknight
|-damage|p1a: Corviknight|56/100
|move|p1a: Corviknight|Roost|p1a: Corviknight
|-heal|p1a: Corviknight|100/100
|-singleturn|p1a: Corviknight|move: Roost
|
|upkeep
|turn|97
|inactive|BOX CRUSHER has 120 seconds left.
|
|switch|p1a: Toxapex|Toxapex, F|74/100
|-formechange|p2a: Aegislash|Aegislash||[from] ability: Stance Change
|move|p2a: Aegislash|King's Shield||[still]
|-fail|p2a: Aegislash
|
|-heal|p1a: Toxapex|80/100|[from] item: Black Sludge
|upkeep
|turn|98
|inactive|BOX CRUSHER has 120 seconds left.
|
|switch|p2a: Sigilyph|Sigilyph, M|48/100 brn
|move|p1a: Toxapex|Knock Off|p2a: Sigilyph
|-supereffective|p2a: Sigilyph
|-damage|p2a: Sigilyph|23/100 brn
|
|-heal|p1a: Toxapex|86/100|[from] item: Black Sludge
|upkeep
|turn|99
|inactive|BOX CRUSHER has 120 seconds left.
|inactive|cold.exe has 90 seconds left.
|
|switch|p1a: Zeraora|Zeraora|15/100
|move|p2a: Sigilyph|Roost|p2a: Sigilyph
|-heal|p2a: Sigilyph|73/100 brn
|-singleturn|p2a: Sigilyph|move: Roost
|
|upkeep
|turn|100
|
|switch|p2a: Hippowdon|Hippowdon, F|100/100
|-weather|Sandstorm|[from] ability: Sand Stream|[of] p2a: Hippowdon
|move|p1a: Zeraora|Plasma Fists|p2a: Hippowdon
|-immune|p2a: Hippowdon
|
|-weather|Sandstorm|[upkeep]
|-damage|p1a: Zeraora|9/100|[from] Sandstorm
|upkeep
|turn|101
|
|switch|p2a: Sigilyph|Sigilyph, M|73/100 brn
|move|p1a: Zeraora|Toxic||[still]
|-fail|p1a: Zeraora
|
|-weather|Sandstorm|[upkeep]
|-damage|p1a: Zeraora|3/100|[from] Sandstorm
|upkeep
|turn|102
|
|switch|p1a: Toxapex|Toxapex, F|100/100
|switch|p2a: Hippowdon|Hippowdon, F|100/100
|
|-weather|Sandstorm|[upkeep]
|-damage|p1a: Toxapex|95/100|[from] Sandstorm
|-heal|p1a: Toxapex|100/100|[from] item: Black Sludge
|upkeep
|turn|103
|inactive|cold.exe has 90 seconds left.
|
|switch|p2a: Sigilyph|Sigilyph, M|73/100 brn
|switch|p1a: Clefable|Clefable, M|100/100
|
|-weather|Sandstorm|[upkeep]
|-damage|p1a: Clefable|94/100|[from] Sandstorm
|upkeep
|turn|104
|inactive|cold.exe has 90 seconds left.
|inactive|BOX CRUSHER has 120 seconds left.
|
|switch|p2a: Hippowdon|Hippowdon, F|100/100
|move|p1a: Clefable|Wish|p1a: Clefable
|
|-weather|none
|upkeep
|turn|105
|inactive|cold.exe has 90 seconds left.
|inactive|BOX CRUSHER has 120 seconds left.
|
|move|p1a: Clefable|Moonblast|p2a: Hippowdon
|-crit|p2a: Hippowdon
|-damage|p2a: Hippowdon|52/100
|move|p2a: Hippowdon|Toxic|p1a: Clefable|[miss]
|-miss|p2a: Hippowdon|p1a: Clefable
|
|-heal|p1a: Clefable|100/100|[from] move: Wish|[wisher] Clefable
|-heal|p2a: Hippowdon|58/100|[from] item: Leftovers
|upkeep
|turn|106
|inactive|cold.exe has 90 seconds left.
|
|move|p1a: Clefable|Moonblast|p2a: Hippowdon
|-damage|p2a: Hippowdon|24/100
|-unboost|p2a: Hippowdon|spa|1
|move|p2a: Hippowdon|Slack Off|p2a: Hippowdon
|-heal|p2a: Hippowdon|74/100
|
|-heal|p2a: Hippowdon|80/100|[from] item: Leftovers
|upkeep
|turn|107
|
|move|p1a: Clefable|Moonblast|p2a: Hippowdon
|-damage|p2a: Hippowdon|47/100
|move|p2a: Hippowdon|Toxic|p1a: Clefable
|-status|p1a: Clefable|tox
|
|-heal|p2a: Hippowdon|53/100|[from] item: Leftovers
|-damage|p1a: Clefable|94/100 tox|[from] psn
|upkeep
|turn|108
|inactive|BOX CRUSHER has 120 seconds left.
|
|move|p1a: Clefable|Wish|p1a: Clefable
|move|p2a: Hippowdon|Earthquake|p1a: Clefable
|-damage|p1a: Clefable|49/100 tox
|
|-heal|p2a: Hippowdon|59/100|[from] item: Leftovers
|-damage|p1a: Clefable|37/100 tox|[from] psn
|upkeep
|turn|109
|
|move|p1a: Clefable|Protect|p1a: Clefable
|-singleturn|p1a: Clefable|Protect
|move|p2a: Hippowdon|Earthquake|p1a: Clefable
|-activate|p1a: Clefable|move: Protect
|
|-heal|p1a: Clefable|87/100 tox|[from] move: Wish|[wisher] Clefable
|-heal|p2a: Hippowdon|65/100|[from] item: Leftovers
|-damage|p1a: Clefable|69/100 tox|[from] psn
|upkeep
|turn|110
|
|switch|p1a: Corviknight|Corviknight, M|100/100
|-ability|p1a: Corviknight|Pressure
|move|p2a: Hippowdon|Earthquake|p1a: Corviknight
|-immune|p1a: Corviknight
|
|-heal|p2a: Hippowdon|71/100|[from] item: Leftovers
|upkeep
|turn|111
|
|move|p1a: Corviknight|Body Press|p2a: Hippowdon
|-damage|p2a: Hippowdon|59/100
|move|p2a: Hippowdon|Whirlwind|p1a: Corviknight
|drag|p1a: Clefable|Clefable, M|69/100 tox
|
|-heal|p2a: Hippowdon|65/100|[from] item: Leftovers
|-damage|p1a: Clefable|63/100 tox|[from] psn
|upkeep
|turn|112
|
|switch|p2a: Aegislash|Aegislash, F|45/100
|move|p1a: Clefable|Wish|p1a: Clefable
|
|-damage|p1a: Clefable|51/100 tox|[from] psn
|upkeep
|turn|113
|
|-formechange|p2a: Aegislash|Aegislash-Blade||[from] ability: Stance Change
|move|p2a: Aegislash|Shadow Ball|p1a: Clefable
|-damage|p1a: Clefable|28/100 tox
|move|p1a: Clefable|Aromatherapy|p1a: Clefable
|-activate|p1a: Clefable|move: Aromatherapy
|-curestatus|p1a: Clefable|tox|[msg]
|
|-heal|p1a: Clefable|78/100|[from] move: Wish|[wisher] Clefable
|upkeep
|turn|114
|inactive|cold.exe has 60 seconds left.
|
|switch|p1a: Corviknight|Corviknight, M|100/100
|-ability|p1a: Corviknight|Pressure
|move|p2a: Aegislash|Toxic|p1a: Corviknight
|-immune|p1a: Corviknight
|
|upkeep
|turn|115
|
|-formechange|p2a: Aegislash|Aegislash||[from] ability: Stance Change
|move|p2a: Aegislash|King's Shield|p2a: Aegislash
|-singleturn|p2a: Aegislash|Protect
|move|p1a: Corviknight|Body Press|p2a: Aegislash
|-activate|p2a: Aegislash|move: Protect
|-unboost|p1a: Corviknight|atk|1
|
|upkeep
|turn|116
|
|switch|p2a: Hippowdon|Hippowdon, F|65/100
|-weather|Sandstorm|[from] ability: Sand Stream|[of] p2a: Hippowdon
|move|p1a: Corviknight|U-turn|p2a: Hippowdon
|-damage|p2a: Hippowdon|59/100
|inactive|cold.exe has 60 seconds left.
|
|switch|p1a: Clefable|Clefable, M|78/100|[from]move: U-turn
|
|-weather|Sandstorm|[upkeep]
|-damage|p1a: Clefable|72/100|[from] Sandstorm
|-heal|p2a: Hippowdon|65/100|[from] item: Leftovers
|upkeep
|turn|117
|inactive|cold.exe has 60 seconds left.
|
|switch|p1a: Toxapex|Toxapex, F|100/100
|move|p2a: Hippowdon|Toxic|p1a: Toxapex
|-immune|p1a: Toxapex
|
|-weather|Sandstorm|[upkeep]
|-damage|p1a: Toxapex|95/100|[from] Sandstorm
|-heal|p2a: Hippowdon|72/100|[from] item: Leftovers
|-heal|p1a: Toxapex|100/100|[from] item: Black Sludge
|upkeep
|turn|118
|inactive|cold.exe has 60 seconds left.
|
|switch|p2a: Sigilyph|Sigilyph, M|73/100 brn
|move|p1a: Toxapex|Scald|p2a: Sigilyph
|-damage|p2a: Sigilyph|53/100 brn
|
|-weather|Sandstorm|[upkeep]
|-damage|p1a: Toxapex|95/100|[from] Sandstorm
|-heal|p1a: Toxapex|100/100|[from] item: Black Sludge
|upkeep
|turn|119
|
|switch|p1a: Clefable|Clefable, M|72/100
|move|p2a: Sigilyph|Psychic|p1a: Clefable
|-damage|p1a: Clefable|49/100
|
|-weather|Sandstorm|[upkeep]
|-damage|p1a: Clefable|43/100|[from] Sandstorm
|upkeep
|turn|120
|
|move|p2a: Sigilyph|Psychic|p1a: Clefable
|-damage|p1a: Clefable|21/100
|-unboost|p1a: Clefable|spd|1
|move|p1a: Clefable|Wish|p1a: Clefable
|
|-weather|none
|upkeep
|turn|121
|inactive|BOX CRUSHER has 90 seconds left.
|
|move|p1a: Clefable|Protect|p1a: Clefable
|-singleturn|p1a: Clefable|Protect
|move|p2a: Sigilyph|Roost|p2a: Sigilyph
|-heal|p2a: Sigilyph|100/100 brn
|-singleturn|p2a: Sigilyph|move: Roost
|
|-heal|p1a: Clefable|71/100|[from] move: Wish|[wisher] Clefable
|upkeep
|turn|122
|inactive|BOX CRUSHER has 90 seconds left.
|
|switch|p1a: Corviknight|Corviknight, M|100/100
|-ability|p1a: Corviknight|Pressure
|move|p2a: Sigilyph|Heat Wave|p1a: Corviknight
|-supereffective|p1a: Corviknight
|-damage|p1a: Corviknight|56/100
|
|-heal|p1a: Corviknight|62/100|[from] item: Leftovers
|upkeep
|turn|123
|inactive|BOX CRUSHER has 90 seconds left.
|inactive|cold.exe has 60 seconds left.
|
|switch|p1a: Clefable|Clefable, M|71/100
|move|p2a: Sigilyph|Calm Mind|p2a: Sigilyph
|-boost|p2a: Sigilyph|spa|1
|-boost|p2a: Sigilyph|spd|1
|
|upkeep
|turn|124
|
|move|p2a: Sigilyph|Psychic|p1a: Clefable
|-damage|p1a: Clefable|50/100
|-unboost|p1a: Clefable|spd|1
|move|p1a: Clefable|Moonblast|p2a: Sigilyph
|-crit|p2a: Sigilyph
|-damage|p2a: Sigilyph|43/100 brn
|
|upkeep
|turn|125
|
|move|p2a: Sigilyph|Psychic|p1a: Clefable
|-damage|p1a: Clefable|17/100
|move|p1a: Clefable|Wish|p1a: Clefable
|
|upkeep
|turn|126
|
|switch|p1a: Zeraora|Zeraora|3/100
|move|p2a: Sigilyph|Heat Wave|p1a: Zeraora
|-damage|p1a: Zeraora|0 fnt
|faint|p1a: Zeraora
|
|upkeep
|
|switch|p1a: Toxapex|Toxapex, F|100/100
|turn|127
|
|move|p2a: Sigilyph|Psychic|p1a: Toxapex
|-supereffective|p1a: Toxapex
|-damage|p1a: Toxapex|13/100
|move|p1a: Toxapex|Haze|p1a: Toxapex
|-clearallboost
|
|-heal|p1a: Toxapex|19/100|[from] item: Black Sludge
|upkeep
|turn|128
|
|switch|p1a: Corviknight|Corviknight, M|62/100
|-ability|p1a: Corviknight|Pressure
|move|p2a: Sigilyph|Roost|p2a: Sigilyph
|-heal|p2a: Sigilyph|93/100 brn
|-singleturn|p2a: Sigilyph|move: Roost
|
|-heal|p1a: Corviknight|68/100|[from] item: Leftovers
|upkeep
|turn|129
|
|move|p2a: Sigilyph|Calm Mind|p2a: Sigilyph
|-boost|p2a: Sigilyph|spa|1
|-boost|p2a: Sigilyph|spd|1
|move|p1a: Corviknight|U-turn|p2a: Sigilyph
|-damage|p2a: Sigilyph|76/100 brn
|
|switch|p1a: Toxapex|Toxapex, F|53/100|[from]move: U-turn
|
|-heal|p1a: Toxapex|59/100|[from] item: Black Sludge
|upkeep
|turn|130
|-message|cold.exe forfeited.
|
|win|BOX CRUSHER
|l|☆cold.exe
|raw|cold.exe's rating: 1437 &rarr; <strong>1418</strong><br />(-19 for losing)
|raw|BOX CRUSHER's rating: 1457 &rarr; <strong>1476</strong><br />(+19 for winning)
