|j|☆cogonahorse
|j|☆Forwards
|inactive|Battle timer is ON: inactive players will automatically lose when time's up.
|t:|1658611011
|gametype|singles
|player|p1|cogonahorse|hilbert-wonderlauncher|
|player|p2|Forwards|adaman|
|teamsize|p1|3
|teamsize|p2|3
|gen|8
|tier|[Gen 8] OU
|rated|Tournament battle
|rule|Sleep Clause Mod: Limit one foe put to sleep
|rule|Species Clause: Limit one of each Pokémon
|rule|OHKO Clause: OHKO moves are banned
|rule|Evasion Moves Clause: Evasion moves are banned
|rule|Endless Battle Clause: Forcing endless battles is banned
|rule|HP Percentage Mod: HP is shown in percentages
|clearpoke
|poke|p1|Venusaur, F|
|poke|p1|Charizard, F|
|poke|p1|Blastoise, F|
|poke|p2|Venusaur, M|
|poke|p2|Charizard, F|
|poke|p2|Blastoise, F|
|teampreview
|j| yaboiAshK.
|j|+h moment
|
|t:|1658611015
|start
|switch|p1a: Charizard|Charizard, F|100/100
|switch|p2a: Venusaur|Venusaur, M|100/100
|turn|1
|j|%ian_yo
|j|+Pinkacross
|
|t:|1658611026
|detailschange|p1a: Charizard|Charizard-Mega-Y, F
|-mega|p1a: Charizard|Charizard|Charizardite Y
|-weather|SunnyDay|[from] ability: Drought|[of] p1a: Charizard
|move|p2a: Venusaur|Sunny Day||[still]
|-fail|p2a: Venusaur
|move|p1a: Charizard|Flamethrower|p2a: Venusaur
|-supereffective|p2a: Venusaur
|-damage|p2a: Venusaur|0 fnt
|faint|p2a: Venusaur
|
|-weather|SunnyDay|[upkeep]
|upkeep
|j| IceGuysFinishLast
|
|t:|1658611030
|switch|p2a: Blastoise|Blastoise, F|100/100
|turn|2
|
|t:|1658611033
|move|p1a: Charizard|Solar Beam||[still]
|-prepare|p1a: Charizard|Solar Beam
|-anim|p1a: Charizard|Solar Beam|p2a: Blastoise
|-supereffective|p2a: Blastoise
|-damage|p2a: Blastoise|39/100
|move|p2a: Blastoise|Mirror Coat|p1a: Charizard
|-damage|p1a: Charizard|0 fnt
|faint|p1a: Charizard
|
|-weather|SunnyDay|[upkeep]
|upkeep
|
|t:|1658611039
|switch|p1a: Venusaur|Venusaur, F|100/100
|turn|3
|
|t:|1658611043
|move|p1a: Venusaur|Sludge Bomb|p2a: Blastoise
|-damage|p2a: Blastoise|3/100
|-status|p2a: Blastoise|psn
|-damage|p1a: Venusaur|91/100|[from] item: Life Orb
|move|p2a: Blastoise|Yawn|p1a: Venusaur
|-start|p1a: Venusaur|move: Yawn|[of] p2a: Blastoise
|
|-weather|SunnyDay|[upkeep]
|-damage|p2a: Blastoise|0 fnt|[from] psn
|faint|p2a: Blastoise
|upkeep
|j| arnavgupta
|
|t:|1658611046
|switch|p2a: Charizard|Charizard, F|100/100
|turn|4
|
|t:|1658611051
|-start|p2a: Charizard|Dynamax|Gmax
|-heal|p2a: Charizard|100/100|[silent]
|move|p1a: Venusaur|Sludge Bomb|p2a: Charizard
|-damage|p2a: Charizard|65/100
|-damage|p1a: Venusaur|81/100|[from] item: Life Orb
|move|p2a: Charizard|G-Max Wildfire|p1a: Venusaur
|-supereffective|p1a: Venusaur
|-damage|p1a: Venusaur|0 fnt
|-sidestart|p1: cogonahorse|G-Max Wildfire
|faint|p1a: Venusaur
|
|-weather|SunnyDay|[upkeep]
|-damage|p2a: Charizard|59/100|[from] ability: Solar Power|[of] p2a: Charizard
|upkeep
|
|t:|1658611053
|switch|p1a: Blastoise|Blastoise, F|100/100
|turn|5
|
|t:|1658611058
|-start|p1a: Blastoise|Dynamax|
|-heal|p1a: Blastoise|100/100|[silent]
|move|p2a: Charizard|Max Airstream|p1a: Blastoise
|-damage|p1a: Blastoise|55/100
|-boost|p2a: Charizard|spe|1
|move|p1a: Blastoise|Max Geyser|p2a: Charizard
|-supereffective|p2a: Charizard
|-damage|p2a: Charizard|20/100
|-weather|RainDance
|
|-weather|RainDance|[upkeep]
|-damage|p1a: Blastoise|47/100|[from] G-Max Wildfire
|upkeep
|turn|6
|
|t:|1658611072
|move|p2a: Charizard|Max Airstream|p1a: Blastoise
|-damage|p1a: Blastoise|16/100
|-boost|p2a: Charizard|spe|1
|move|p1a: Blastoise|Max Geyser|p2a: Charizard
|-supereffective|p2a: Charizard
|-damage|p2a: Charizard|0 fnt
|faint|p2a: Charizard
|
|win|cogonahorse
|n|☆cogonahorse|cogonahorse
|n|☆Forwards|forwards
|n| yaboiAshK.|yaboiashk
|n| h moment|hmoment
|n| ian_yo|ianyo
|n| Pinkacross|pinkacross
|n| IceGuysFinishLast|iceguysfinishlast
|n| arnavgupta|arnavgupta
|l|☆Forwards
|l| Pinkacross
|c|☆cogonahorse|gg
|l| h moment
|l| IceGuysFinishLast
|l| arnavgupta
|l| ian_yo
