|j|☆d18l
|j|☆yung_iznamakin
|t:|1650080305
|gametype|singles
|player|p1|d18l|backpacker|1598
|player|p2|yung_iznamakin|brendan-gen3|1641
|teamsize|p1|6
|teamsize|p2|6
|gen|8
|tier|[Gen 8] OU
|rated|
|rule|Sleep Clause Mod: Limit one foe put to sleep
|rule|Species Clause: Limit one of each Pokémon
|rule|OHKO Clause: OHKO moves are banned
|rule|Evasion Moves Clause: Evasion moves are banned
|rule|Endless Battle Clause: Forcing endless battles is banned
|rule|HP Percentage Mod: HP is shown in percentages
|rule|Dynamax Clause: You cannot dynamax
|clearpoke
|poke|p1|Weavile, F|
|poke|p1|Tapu Koko|
|poke|p1|Landorus-Therian, M|
|poke|p1|Slowking, M|
|poke|p1|Heatran, M|
|poke|p1|Buzzwole|
|poke|p2|Skarmory, F|
|poke|p2|Zapdos-Galar|
|poke|p2|Zeraora|
|poke|p2|Blissey, F|
|poke|p2|Volcarona, M|
|poke|p2|Slowbro, M|
|teampreview
|j| GGeorgie
|
|t:|1650080352
|start
|switch|p1a: Tapu Koko|Tapu Koko|100/100
|switch|p2a: Skarmory|Skarmory, F|100/100
|-fieldstart|move: Electric Terrain|[from] ability: Electric Surge|[of] p1a: Tapu Koko
|turn|1
|j| Narwhale37
|
|t:|1650080359
|switch|p2a: Blissey|Blissey, F|100/100
|move|p1a: Tapu Koko|Thunderbolt|p2a: Blissey
|-damage|p2a: Blissey|82/100
|
|upkeep
|turn|2
|inactive|Battle timer is ON: inactive players will automatically lose when time's up. (requested by yung_iznamakin)
|inactive|d18l has 120 seconds left.
|
|t:|1650080409
|switch|p1a: Slowking|Slowking, M|100/100
|move|p2a: Blissey|Teleport|p2a: Blissey
|
|t:|1650080416
|switch|p2a: Zeraora|Zeraora|100/100|[from]move: Teleport
|
|upkeep
|turn|3
|j| 2 noisy
|l| 2 noisy
|
|t:|1650080432
|switch|p1a: Buzzwole|Buzzwole|100/100
|move|p2a: Zeraora|Knock Off|p1a: Buzzwole
|-resisted|p1a: Buzzwole
|-damage|p1a: Buzzwole|93/100
|-damage|p2a: Zeraora|84/100|[from] item: Rocky Helmet|[of] p1a: Buzzwole
|-enditem|p1a: Buzzwole|Rocky Helmet|[from] move: Knock Off|[of] p2a: Zeraora
|
|upkeep
|turn|4
|inactive|d18l has 120 seconds left.
|j| 2 noisy
|inactive|d18l has 90 seconds left.
|
|t:|1650080499
|switch|p2a: Skarmory|Skarmory, F|100/100
|move|p1a: Buzzwole|Thunder Punch|p2a: Skarmory
|-supereffective|p2a: Skarmory
|-damage|p2a: Skarmory|66/100
|-status|p2a: Skarmory|par
|-damage|p1a: Buzzwole|76/100|[from] item: Rocky Helmet|[of] p2a: Skarmory
|
|upkeep
|turn|5
|inactive|yung_iznamakin has 120 seconds left.
|inactive|yung_iznamakin has 90 seconds left.
|l|☆yung_iznamakin
|inactive|yung_iznamakin disconnected and has a minute to reconnect!
|player|p2|
|inactive|yung_iznamakin has 30 seconds to reconnect!
|inactive|yung_iznamakin has 20 seconds to reconnect!
|inactive|yung_iznamakin has 15 seconds to reconnect!
|j|☆yung_iznamakin
|inactive|yung_iznamakin reconnected and has 45 seconds left.
|player|p2|yung_iznamakin|brendan-gen3
|
|t:|1650080595
|switch|p1a: Heatran|Heatran, M|100/100
|move|p2a: Skarmory|Stealth Rock|p1a: Heatran
|-sidestart|p1: d18l|move: Stealth Rock
|
|-fieldend|move: Electric Terrain
|upkeep
|turn|6
|
|t:|1650080606
|switch|p2a: Slowbro|Slowbro, M|100/100
|move|p1a: Heatran|Stealth Rock|p2a: Slowbro
|-sidestart|p2: yung_iznamakin|move: Stealth Rock
|
|upkeep
|turn|7
|
|t:|1650080612
|switch|p1a: Tapu Koko|Tapu Koko|100/100
|-fieldstart|move: Electric Terrain|[from] ability: Electric Surge|[of] p1a: Tapu Koko
|move|p2a: Slowbro|Teleport|p2a: Slowbro
|
|t:|1650080622
|switch|p2a: Volcarona|Volcarona, M|100/100|[from]move: Teleport
|
|upkeep
|turn|8
|inactive|d18l has 90 seconds left.
|
|t:|1650080658
|switch|p1a: Landorus|Landorus-Therian, M|100/100
|-damage|p1a: Landorus|88/100|[from] Stealth Rock
|-ability|p1a: Landorus|Intimidate|boost
|-unboost|p2a: Volcarona|atk|1
|move|p2a: Volcarona|Quiver Dance|p2a: Volcarona
|-boost|p2a: Volcarona|spa|1
|-boost|p2a: Volcarona|spd|1
|-boost|p2a: Volcarona|spe|1
|
|-heal|p1a: Landorus|94/100|[from] item: Leftovers
|upkeep
|turn|9
|
|t:|1650080668
|switch|p2a: Skarmory|Skarmory, F|66/100 par
|-damage|p2a: Skarmory|54/100 par|[from] Stealth Rock
|move|p1a: Landorus|Toxic||[still]
|-fail|p1a: Landorus
|
|-heal|p1a: Landorus|99/100|[from] item: Leftovers
|upkeep
|turn|10
|
|t:|1650080675
|switch|p1a: Tapu Koko|Tapu Koko|100/100
|move|p2a: Skarmory|Roost|p2a: Skarmory
|-heal|p2a: Skarmory|100/100 par
|-singleturn|p2a: Skarmory|move: Roost
|
|upkeep
|turn|11
|
|t:|1650080684
|switch|p2a: Zeraora|Zeraora|84/100
|move|p1a: Tapu Koko|Thunderbolt|p2a: Zeraora
|-heal|p2a: Zeraora|100/100|[from] ability: Volt Absorb|[of] p1a: Tapu Koko
|
|-fieldend|move: Electric Terrain
|upkeep
|turn|12
|
|t:|1650080692
|switch|p1a: Buzzwole|Buzzwole|76/100
|-damage|p1a: Buzzwole|64/100|[from] Stealth Rock
|move|p2a: Zeraora|Bulk Up|p2a: Zeraora
|-boost|p2a: Zeraora|atk|1
|-boost|p2a: Zeraora|def|1
|
|upkeep
|turn|13
|inactive|yung_iznamakin has 90 seconds left.
|
|t:|1650080698
|move|p2a: Zeraora|Plasma Fists|p1a: Buzzwole
|-damage|p1a: Buzzwole|24/100
|-fieldactivate|move: Ion Deluge
|-hint|Normal-type moves become Electric-type after using Plasma Fists.
|move|p1a: Buzzwole|Roost|p1a: Buzzwole
|-heal|p1a: Buzzwole|74/100
|-singleturn|p1a: Buzzwole|move: Roost
|
|upkeep
|turn|14
|
|t:|1650080705
|switch|p1a: Landorus|Landorus-Therian, M|99/100
|-damage|p1a: Landorus|88/100|[from] Stealth Rock
|-ability|p1a: Landorus|Intimidate|boost
|-unboost|p2a: Zeraora|atk|1
|move|p2a: Zeraora|Bulk Up|p2a: Zeraora
|-boost|p2a: Zeraora|atk|1
|-boost|p2a: Zeraora|def|1
|
|-heal|p1a: Landorus|94/100|[from] item: Leftovers
|upkeep
|turn|15
|
|t:|1650080714
|switch|p2a: Skarmory|Skarmory, F|100/100 par
|-damage|p2a: Skarmory|88/100 par|[from] Stealth Rock
|move|p1a: Landorus|Earthquake|p2a: Skarmory
|-immune|p2a: Skarmory
|
|-heal|p1a: Landorus|99/100|[from] item: Leftovers
|upkeep
|turn|16
|inactive|d18l has 120 seconds left.
|
|t:|1650080733
|switch|p1a: Tapu Koko|Tapu Koko|100/100
|-fieldstart|move: Electric Terrain|[from] ability: Electric Surge|[of] p1a: Tapu Koko
|move|p2a: Skarmory|Spikes|p1a: Tapu Koko
|-sidestart|p1: d18l|Spikes
|
|upkeep
|turn|17
|
|t:|1650080739
|switch|p2a: Blissey|Blissey, F|82/100
|move|p1a: Tapu Koko|Calm Mind|p1a: Tapu Koko
|-boost|p1a: Tapu Koko|spa|1
|-boost|p1a: Tapu Koko|spd|1
|
|upkeep
|turn|18
|
|t:|1650080746
|switch|p1a: Slowking|Slowking, M|100/100
|move|p2a: Blissey|Teleport|p2a: Blissey
|
|t:|1650080749
|switch|p2a: Zeraora|Zeraora|100/100|[from]move: Teleport
|
|upkeep
|turn|19
|
|t:|1650080754
|switch|p1a: Landorus|Landorus-Therian, M|99/100
|-damage|p1a: Landorus|88/100|[from] Stealth Rock
|-ability|p1a: Landorus|Intimidate|boost
|-unboost|p2a: Zeraora|atk|1
|move|p2a: Zeraora|Knock Off|p1a: Landorus
|-damage|p1a: Landorus|68/100
|-enditem|p1a: Landorus|Leftovers|[from] move: Knock Off|[of] p2a: Zeraora
|
|upkeep
|turn|20
|
|t:|1650080762
|switch|p2a: Skarmory|Skarmory, F|88/100 par
|-damage|p2a: Skarmory|76/100 par|[from] Stealth Rock
|move|p1a: Landorus|U-turn|p2a: Skarmory
|-resisted|p2a: Skarmory
|-damage|p2a: Skarmory|73/100 par
|-damage|p1a: Landorus|52/100|[from] item: Rocky Helmet|[of] p2a: Skarmory
|
|t:|1650080763
|switch|p1a: Tapu Koko|Tapu Koko|100/100|[from]move: U-turn
|
|-fieldend|move: Electric Terrain
|upkeep
|turn|21
|
|t:|1650080774
|move|p1a: Tapu Koko|Calm Mind|p1a: Tapu Koko
|-boost|p1a: Tapu Koko|spa|1
|-boost|p1a: Tapu Koko|spd|1
|move|p2a: Skarmory|Whirlwind|p1a: Tapu Koko
|drag|p1a: Heatran|Heatran, M|100/100
|-damage|p1a: Heatran|88/100|[from] Spikes
|-damage|p1a: Heatran|76/100|[from] Stealth Rock
|
|-heal|p1a: Heatran|82/100|[from] item: Leftovers
|upkeep
|turn|22
|
|t:|1650080783
|switch|p1a: Tapu Koko|Tapu Koko|100/100
|-fieldstart|move: Electric Terrain|[from] ability: Electric Surge|[of] p1a: Tapu Koko
|switch|p2a: Slowbro|Slowbro, M|100/100
|-damage|p2a: Slowbro|88/100|[from] Stealth Rock
|
|upkeep
|turn|23
|
|t:|1650080791
|move|p1a: Tapu Koko|Thunderbolt|p2a: Slowbro
|-supereffective|p2a: Slowbro
|-damage|p2a: Slowbro|0 fnt
|faint|p2a: Slowbro
|
|upkeep
|
|t:|1650080795
|switch|p2a: Zeraora|Zeraora|100/100
|turn|24
|
|t:|1650080810
|move|p2a: Zeraora|Knock Off|p1a: Tapu Koko
|-resisted|p1a: Tapu Koko
|-damage|p1a: Tapu Koko|78/100
|-enditem|p1a: Tapu Koko|Heavy-Duty Boots|[from] move: Knock Off|[of] p2a: Zeraora
|move|p1a: Tapu Koko|Dazzling Gleam|p2a: Zeraora
|-damage|p2a: Zeraora|60/100
|
|upkeep
|turn|25
|
|t:|1650080819
|move|p2a: Zeraora|Plasma Fists|p1a: Tapu Koko
|-resisted|p1a: Tapu Koko
|-damage|p1a: Tapu Koko|37/100
|-fieldactivate|move: Ion Deluge
|-hint|Normal-type moves become Electric-type after using Plasma Fists.
|move|p1a: Tapu Koko|Calm Mind|p1a: Tapu Koko
|-boost|p1a: Tapu Koko|spa|1
|-boost|p1a: Tapu Koko|spd|1
|
|upkeep
|turn|26
|
|t:|1650080827
|switch|p1a: Landorus|Landorus-Therian, M|52/100
|-damage|p1a: Landorus|40/100|[from] Stealth Rock
|-ability|p1a: Landorus|Intimidate|boost
|-unboost|p2a: Zeraora|atk|1
|move|p2a: Zeraora|Plasma Fists|p1a: Landorus
|-immune|p1a: Landorus
|
|-fieldend|move: Electric Terrain
|upkeep
|turn|27
|
|t:|1650080843
|move|p2a: Zeraora|Knock Off|p1a: Landorus
|-damage|p1a: Landorus|26/100
|move|p1a: Landorus|Defog|p2a: Zeraora
|-unboost|p2a: Zeraora|evasion|1
|-sideend|p2: yung_iznamakin|Stealth Rock|[from] move: Defog|[of] p1a: Landorus
|-sideend|p1: d18l|Spikes|[from] move: Defog|[of] p1a: Landorus
|-sideend|p1: d18l|Stealth Rock|[from] move: Defog|[of] p1a: Landorus
|
|upkeep
|turn|28
|
|t:|1650080856
|move|p2a: Zeraora|Knock Off|p1a: Landorus
|-damage|p1a: Landorus|12/100
|move|p1a: Landorus|U-turn|p2a: Zeraora
|-damage|p2a: Zeraora|30/100
|
|t:|1650080868
|switch|p1a: Buzzwole|Buzzwole|74/100|[from]move: U-turn
|
|upkeep
|turn|29
|
|t:|1650080873
|switch|p2a: Skarmory|Skarmory, F|73/100 par
|switch|p1a: Landorus|Landorus-Therian, M|12/100
|-ability|p1a: Landorus|Intimidate|boost
|-unboost|p2a: Skarmory|atk|1
|
|upkeep
|turn|30
|
|t:|1650080902
|switch|p1a: Tapu Koko|Tapu Koko|37/100
|-fieldstart|move: Electric Terrain|[from] ability: Electric Surge|[of] p1a: Tapu Koko
|move|p2a: Skarmory|Stealth Rock|p1a: Tapu Koko
|-sidestart|p1: d18l|move: Stealth Rock
|
|upkeep
|turn|31
|
|t:|1650080909
|switch|p2a: Zeraora|Zeraora|30/100
|move|p1a: Tapu Koko|Roost|p1a: Tapu Koko
|-heal|p1a: Tapu Koko|87/100
|-singleturn|p1a: Tapu Koko|move: Roost
|
|upkeep
|turn|32
|
|t:|1650080914
|move|p2a: Zeraora|Plasma Fists|p1a: Tapu Koko
|-resisted|p1a: Tapu Koko
|-crit|p1a: Tapu Koko
|-damage|p1a: Tapu Koko|28/100
|-fieldactivate|move: Ion Deluge
|-hint|Normal-type moves become Electric-type after using Plasma Fists.
|move|p1a: Tapu Koko|Dazzling Gleam|p2a: Zeraora
|-damage|p2a: Zeraora|0 fnt
|faint|p2a: Zeraora
|
|upkeep
|
|t:|1650080922
|switch|p2a: Volcarona|Volcarona, M|100/100
|turn|33
|
|t:|1650080925
|move|p1a: Tapu Koko|Thunderbolt|p2a: Volcarona
|-damage|p2a: Volcarona|60/100
|move|p2a: Volcarona|Quiver Dance|p2a: Volcarona
|-boost|p2a: Volcarona|spa|1
|-boost|p2a: Volcarona|spd|1
|-boost|p2a: Volcarona|spe|1
|
|upkeep
|turn|34
|
|t:|1650080931
|move|p1a: Tapu Koko|Thunderbolt|p2a: Volcarona
|-damage|p2a: Volcarona|33/100
|move|p2a: Volcarona|Roost|p2a: Volcarona
|-heal|p2a: Volcarona|84/100
|-singleturn|p2a: Volcarona|move: Roost
|
|-fieldend|move: Electric Terrain
|upkeep
|turn|35
|c|☆d18l|!showset heatran
|c| d18l|/raw <div class="infobox">Heatran @ Leftovers  <br />Ability: Flash Fire  <br />EVs: 252 HP &#x2f; 216 SpD &#x2f; 40 Spe  <br />Sassy Nature  <br />- Stealth Rock  <br />- Heavy Slam  <br />- Magma Storm  <br />- Earth Power  <br /><br /></div>
|c|☆d18l|gg
|-message|d18l forfeited.
|
|win|yung_iznamakin
|raw|d18l's rating: 1598 &rarr; <strong>1580</strong><br />(-18 for losing)
|raw|yung_iznamakin's rating: 1641 &rarr; <strong>1659</strong><br />(+18 for winning)
