|j|☆gaenisalbino
|j|☆Highv0ltag3
|t:|1644156924
|gametype|singles
|player|p1|gaenisalbino|blue|1612
|player|p2|Highv0ltag3|ingo|1691
|teamsize|p1|6
|teamsize|p2|6
|gen|8
|tier|[Gen 8] OU
|rated|
|rule|Sleep Clause Mod: Limit one foe put to sleep
|rule|Species Clause: Limit one of each Pokémon
|rule|OHKO Clause: OHKO moves are banned
|rule|Evasion Moves Clause: Evasion moves are banned
|rule|Endless Battle Clause: Forcing endless battles is banned
|rule|HP Percentage Mod: HP is shown in percentages
|rule|Dynamax Clause: You cannot dynamax
|clearpoke
|poke|p1|Ninetales-Alola, F|
|poke|p1|Garchomp, M|
|poke|p1|Slowbro-Galar, M|
|poke|p1|Zeraora|
|poke|p1|Kartana|
|poke|p1|Rillaboom, M|
|poke|p2|Polteageist|
|poke|p2|Grimmsnarl, M|
|poke|p2|Landorus-Therian, M|
|poke|p2|Mew|
|poke|p2|Dragonite, F|
|poke|p2|Porygon-Z|
|teampreview
|inactive|Battle timer is ON: inactive players will automatically lose when time's up. (requested by gaenisalbino)
|
|t:|1644156964
|start
|switch|p1a: Ninetales|Ninetales-Alola, F|100/100
|switch|p2a: Grimmsnarl|Grimmsnarl, M|100/100
|-weather|Hail|[from] ability: Snow Warning|[of] p1a: Ninetales
|turn|1
|
|t:|1644156969
|move|p2a: Grimmsnarl|Light Screen|p2a: Grimmsnarl
|-sidestart|p2: Highv0ltag3|move: Light Screen
|move|p1a: Ninetales|Moonblast|p2a: Grimmsnarl
|-supereffective|p2a: Grimmsnarl
|-damage|p2a: Grimmsnarl|75/100
|-enditem|p2a: Grimmsnarl|Eject Button
|
|t:|1644156983
|switch|p2a: Mew|Mew|100/100
|
|-weather|Hail|[upkeep]
|-damage|p2a: Mew|94/100|[from] Hail
|upkeep
|turn|2
|
|t:|1644156989
|move|p1a: Ninetales|Aurora Veil|p1a: Ninetales
|-sidestart|p1: gaenisalbino|move: Aurora Veil
|move|p2a: Mew|Cosmic Power|p2a: Mew
|-boost|p2a: Mew|def|1
|-boost|p2a: Mew|spd|1
|
|-weather|Hail|[upkeep]
|-damage|p2a: Mew|88/100|[from] Hail
|upkeep
|turn|3
|
|t:|1644156992
|move|p1a: Ninetales|Encore|p2a: Mew
|-start|p2a: Mew|Encore
|move|p2a: Mew|Cosmic Power|p2a: Mew
|-boost|p2a: Mew|def|1
|-boost|p2a: Mew|spd|1
|
|-weather|Hail|[upkeep]
|-damage|p2a: Mew|82/100|[from] Hail
|upkeep
|turn|4
|
|t:|1644157003
|switch|p1a: Kartana|Kartana|100/100
|move|p2a: Mew|Cosmic Power|p2a: Mew
|-boost|p2a: Mew|def|1
|-boost|p2a: Mew|spd|1
|
|-weather|Hail|[upkeep]
|-damage|p1a: Kartana|94/100|[from] Hail
|-damage|p2a: Mew|76/100|[from] Hail
|upkeep
|turn|5
|
|t:|1644157013
|move|p1a: Kartana|Swords Dance|p1a: Kartana
|-boost|p1a: Kartana|atk|2
|move|p2a: Mew|Cosmic Power|p2a: Mew
|-boost|p2a: Mew|def|1
|-boost|p2a: Mew|spd|1
|
|-weather|none
|-end|p2a: Mew|Encore
|-sideend|p2: Highv0ltag3|move: Light Screen
|upkeep
|turn|6
|
|t:|1644157023
|move|p1a: Kartana|Knock Off|p2a: Mew
|-supereffective|p2a: Mew
|-damage|p2a: Mew|29/100
|-enditem|p2a: Mew|Weakness Policy
|-boost|p2a: Mew|atk|2|[from] item: Weakness Policy
|-boost|p2a: Mew|spa|2|[from] item: Weakness Policy
|-damage|p1a: Kartana|84/100|[from] item: Life Orb
|move|p2a: Mew|Stored Power|p1a: Kartana
|-resisted|p1a: Kartana
|-damage|p1a: Kartana|0 fnt
|faint|p1a: Kartana
|
|upkeep
|j| Lightchanseyy
|l| Lightchanseyy
|-message|gaenisalbino forfeited.
|
|win|Highv0ltag3
|raw|gaenisalbino's rating: 1612 &rarr; <strong>1596</strong><br />(-16 for losing)
|raw|Highv0ltag3's rating: 1691 &rarr; <strong>1707</strong><br />(+16 for winning)
|l|☆gaenisalbino
