|j|☆hOmer iS deAd '_>'
|j|☆supersam10001
|inactive|Battle timer is ON: inactive players will automatically lose when time's up.
|t:|1610610254
|player|p1|hOmer iS deAd '_>'|burglar-gen1|
|player|p2|supersam10001|wallace|
|teamsize|p1|6
|teamsize|p2|6
|gametype|singles
|gen|8
|tier|[Gen 8] OU
|rated|Tournament battle
|clearpoke
|poke|p1|Kyurem|
|poke|p1|Swampert, F|
|poke|p1|Magearna|
|poke|p1|Rillaboom, F|
|poke|p1|Mandibuzz, F|
|poke|p1|Dragapult, M|
|poke|p2|Slowking-Galar, F|
|poke|p2|Keldeo-Resolute|
|poke|p2|Hydreigon, F|
|poke|p2|Clefable, F|
|poke|p2|Cinderace, M|
|poke|p2|Melmetal|
|rule|Sleep Clause Mod: Limit one foe put to sleep
|rule|Species Clause: Limit one of each Pokémon
|rule|OHKO Clause: OHKO moves are banned
|rule|Evasion Moves Clause: Evasion moves are banned
|rule|Endless Battle Clause: Forcing endless battles is banned
|rule|HP Percentage Mod: HP is shown in percentages
|rule|Dynamax Clause: You cannot dynamax
|teampreview
|inactive|supersam10001 also wants the timer to be on.
|j| purifiedkirkgod
|j| FearNeverDies
|j| TheLastTemplar
|j| Serp IV
|j| XDNO
|c|☆supersam10001|hf bro
|j| ProteanDragapult
|j| Qrota
|j| kisian
|j| air isn't fair
|l| TheLastTemplar
|j| HYper
|j| YOUNG MALI
|j| OUT IM TRASH
|c|☆hOmer iS deAd '_>'|bl hf
|
|t:|1610610268
|start
|switch|p1a: Swampert|Swampert, F|100/100
|switch|p2a: Harry|Keldeo-Resolute|100/100
|turn|1
|j| Flyingdark 04
|c| ProteanDragapult|hOmer iS deAd :(
|c| ProteanDragapult|meanie
|c| Serp IV|RIP Intelleon.
|
|t:|1610610276
|move|p2a: Harry|Secret Sword|p1a: Swampert
|-damage|p1a: Swampert|37/100
|move|p1a: Swampert|Stealth Rock|p2a: Harry
|-sidestart|p2: supersam10001|move: Stealth Rock
|
|-heal|p1a: Swampert|43/100|[from] item: Leftovers
|upkeep
|turn|2
|
|t:|1610610279
|move|p1a: Swampert|Protect|p1a: Swampert
|-singleturn|p1a: Swampert|Protect
|move|p2a: Harry|Secret Sword|p1a: Swampert
|-activate|p1a: Swampert|move: Protect
|
|-heal|p1a: Swampert|49/100|[from] item: Leftovers
|upkeep
|turn|3
|l| Flyingdark 04
|
|t:|1610610284
|switch|p2a: Dolores Umbrige|Clefable, F|100/100
|switch|p1a: Dragapult|Dragapult, M|100/100
|
|upkeep
|turn|4
|j| bigbadbbear
|c| HYper|meanie, poopyhead
|c| ProteanDragapult|Also, hydreigon looks cute in its 3D model somehow
|c| HYper|2 greatest slurs on PS
|c| Serp IV|Swampert is the true water starter of Galar.
|
|t:|1610610291
|move|p1a: Dragapult|U-turn|p2a: Dolores Umbrige
|-resisted|p2a: Dolores Umbrige
|-damage|p2a: Dolores Umbrige|92/100
|c| ProteanDragapult|hydreigon's little heads are cute
|
|t:|1610610295
|switch|p1a: Magearna|Magearna|100/100|[from]move: U-turn
|move|p2a: Dolores Umbrige|Stealth Rock|p1a: Magearna
|-sidestart|p1: hOmer iS deAd '_>'|move: Stealth Rock
|
|-heal|p2a: Dolores Umbrige|98/100|[from] item: Leftovers
|upkeep
|turn|5
|
|t:|1610610305
|switch|p2a: Hermoine|Slowking-Galar, F|100/100
|-damage|p2a: Hermoine|88/100|[from] Stealth Rock
|move|p1a: Magearna|Trick|p2a: Hermoine
|-activate|p1a: Magearna|move: Trick|[of] p2a: Hermoine
|-item|p2a: Hermoine|Choice Specs|[from] move: Trick
|-item|p1a: Magearna|Assault Vest|[from] move: Trick
|
|upkeep
|turn|6
|j| Doominador
|c| ProteanDragapult|they're like puppets
|c|☆supersam10001|I mean
|c|☆supersam10001|I'll take it
|
|t:|1610610320
|move|p1a: Magearna|Volt Switch|p2a: Hermoine
|-damage|p2a: Hermoine|67/100
|
|t:|1610610323
|switch|p1a: Swampert|Swampert, F|49/100|[from]move: Volt Switch
|-damage|p1a: Swampert|43/100|[from] Stealth Rock
|move|p2a: Hermoine|Future Sight|p1a: Swampert
|-start|p2a: Hermoine|move: Future Sight
|
|-heal|p1a: Swampert|49/100|[from] item: Leftovers
|upkeep
|turn|7
|
|t:|1610610327
|switch|p2a: Fluffy|Hydreigon, F|100/100
|-damage|p2a: Fluffy|88/100|[from] Stealth Rock
|move|p1a: Swampert|Flip Turn|p2a: Fluffy
|-resisted|p2a: Fluffy
|-damage|p2a: Fluffy|78/100
|
|t:|1610610332
|switch|p1a: Magearna|Magearna|100/100|[from]move: Flip Turn
|-damage|p1a: Magearna|94/100|[from] Stealth Rock
|
|-heal|p2a: Fluffy|84/100|[from] item: Leftovers
|upkeep
|turn|8
|
|t:|1610610342
|switch|p2a: Hermoine|Slowking-Galar, F|100/100
|-damage|p2a: Hermoine|88/100|[from] Stealth Rock
|move|p1a: Magearna|Volt Switch|p2a: Hermoine
|-damage|p2a: Hermoine|69/100
|j| bloodyfrogkingdom
|
|t:|1610610348
|switch|p1a: Swampert|Swampert, F|49/100|[from]move: Volt Switch
|-damage|p1a: Swampert|43/100|[from] Stealth Rock
|
|-end|p1a: Swampert|move: Future Sight
|-damage|p1a: Swampert|0 fnt
|faint|p1a: Swampert
|upkeep
|c|☆hOmer iS deAd '_>'|oh yeh
|c|☆hOmer iS deAd '_>'|woops
|c|☆supersam10001|nice sack
|c|☆supersam10001|xD
|c| Serp IV|f
|c| bigbadbbear|a classic
|l| HYper
|
|t:|1610610367
|switch|p1a: Kyurem|Kyurem|100/100
|-damage|p1a: Kyurem|76/100|[from] Stealth Rock
|-ability|p1a: Kyurem|Pressure
|turn|9
|
|t:|1610610370
|move|p1a: Kyurem|Draco Meteor|p2a: Hermoine
|-damage|p2a: Hermoine|0 fnt
|-unboost|p1a: Kyurem|spa|2
|faint|p2a: Hermoine
|
|upkeep
|c| ProteanDragapult|it happens to the best of us tho
|c|☆supersam10001|oh my
|j| OrsO_mAttO
|c| ProteanDragapult|forgetting about the thing
|
|t:|1610610380
|switch|p2a: Harry|Keldeo-Resolute|100/100
|-damage|p2a: Harry|94/100|[from] Stealth Rock
|turn|10
|c| ProteanDragapult|specs kyurem is heat
|j| garbodr merper
|
|t:|1610610383
|switch|p1a: Dragapult|Dragapult, M|100/100
|move|p2a: Harry|Hydro Pump|p1a: Dragapult
|-resisted|p1a: Dragapult
|-damage|p1a: Dragapult|39/100
|
|upkeep
|turn|11
|
|t:|1610610389
|switch|p2a: Voldemort|Melmetal|100/100
|-damage|p2a: Voldemort|94/100|[from] Stealth Rock
|move|p1a: Dragapult|Thunder Wave|p2a: Voldemort
|-status|p2a: Voldemort|par
|
|-heal|p2a: Voldemort|100/100 par|[from] item: Leftovers
|upkeep
|turn|12
|
|t:|1610610398
|move|p1a: Dragapult|Hex|p2a: Voldemort
|-damage|p2a: Voldemort|41/100 par
|move|p2a: Voldemort|Double Iron Bash|p1a: Dragapult
|-damage|p1a: Dragapult|0 fnt
|-hitcount|p1a: Dragapult|1
|faint|p1a: Dragapult
|
|-heal|p2a: Voldemort|48/100 par|[from] item: Leftovers
|upkeep
|
|t:|1610610402
|switch|p1a: Kyurem|Kyurem|76/100
|-damage|p1a: Kyurem|51/100|[from] Stealth Rock
|-ability|p1a: Kyurem|Pressure
|turn|13
|
|t:|1610610407
|move|p2a: Voldemort|Protect|p2a: Voldemort
|-singleturn|p2a: Voldemort|Protect
|move|p1a: Kyurem|Ice Beam|p2a: Voldemort
|-activate|p2a: Voldemort|move: Protect
|
|-heal|p2a: Voldemort|54/100 par|[from] item: Leftovers
|upkeep
|turn|14
|c|☆hOmer iS deAd '_>'|hax
|
|t:|1610610413
|move|p1a: Kyurem|Ice Beam|p2a: Voldemort
|-resisted|p2a: Voldemort
|-damage|p2a: Voldemort|11/100 par
|cant|p2a: Voldemort|par
|
|-heal|p2a: Voldemort|17/100 par|[from] item: Leftovers
|upkeep
|turn|15
|c|☆hOmer iS deAd '_>'|magic!
|c|☆hOmer iS deAd '_>'|yesssssur
|c|☆supersam10001|ffs
|
|t:|1610610423
|move|p2a: Voldemort|Protect|p2a: Voldemort
|-singleturn|p2a: Voldemort|Protect
|move|p1a: Kyurem|Ice Beam|p2a: Voldemort
|-activate|p2a: Voldemort|move: Protect
|
|-heal|p2a: Voldemort|23/100 par|[from] item: Leftovers
|upkeep
|turn|16
|
|t:|1610610433
|switch|p2a: Harry|Keldeo-Resolute|94/100
|-damage|p2a: Harry|88/100|[from] Stealth Rock
|move|p1a: Kyurem|Ice Beam|p2a: Harry
|-resisted|p2a: Harry
|-crit|p2a: Harry
|-damage|p2a: Harry|19/100
|
|upkeep
|turn|17
|c| ProteanDragapult|the fact that ice beam did 43% tho
|c|☆supersam10001|bro
|c|☆hOmer iS deAd '_>'|i like it
|c| ProteanDragapult|holy fuck
|c|☆hOmer iS deAd '_>'|:D
|
|t:|1610610442
|switch|p1a: Rillaboom|Rillaboom, F|100/100
|-damage|p1a: Rillaboom|88/100|[from] Stealth Rock
|-fieldstart|move: Grassy Terrain|[from] ability: Grassy Surge|[of] p1a: Rillaboom
|move|p2a: Harry|Secret Sword|p1a: Rillaboom
|-damage|p1a: Rillaboom|13/100
|
|-heal|p2a: Harry|26/100|[from] Grassy Terrain
|-heal|p1a: Rillaboom|19/100|[from] Grassy Terrain
|upkeep
|turn|18
|c| ProteanDragapult|specs kyurem
|j| DivineWind
|
|t:|1610610457
|switch|p2a: Voldemort|Melmetal|23/100 par
|-damage|p2a: Voldemort|17/100 par|[from] Stealth Rock
|move|p1a: Rillaboom|U-turn|p2a: Voldemort
|-resisted|p2a: Voldemort
|-damage|p2a: Voldemort|10/100 par
|
|t:|1610610462
|switch|p1a: Magearna|Magearna|94/100|[from]move: U-turn
|-damage|p1a: Magearna|88/100|[from] Stealth Rock
|
|-heal|p1a: Magearna|94/100|[from] Grassy Terrain
|-heal|p2a: Voldemort|16/100 par|[from] Grassy Terrain
|-heal|p2a: Voldemort|22/100 par|[from] item: Leftovers
|upkeep
|turn|19
|
|t:|1610610466
|move|p2a: Voldemort|Protect|p2a: Voldemort
|-singleturn|p2a: Voldemort|Protect
|move|p1a: Magearna|Volt Switch|p2a: Voldemort
|-activate|p2a: Voldemort|move: Protect
|
|-heal|p1a: Magearna|100/100|[from] Grassy Terrain
|-heal|p2a: Voldemort|29/100 par|[from] Grassy Terrain
|-heal|p2a: Voldemort|35/100 par|[from] item: Leftovers
|upkeep
|turn|20
|
|t:|1610610470
|move|p1a: Magearna|Focus Blast|p2a: Voldemort
|-supereffective|p2a: Voldemort
|-damage|p2a: Voldemort|0 fnt
|faint|p2a: Voldemort
|-ability|p1a: Magearna|Soul-Heart|boost
|-boost|p1a: Magearna|spa|1
|
|upkeep
|c| DivineWind|melmetal is insane
|c| OrsO_mAttO|specs kyurem is op
|
|t:|1610610474
|switch|p2a: Ron|Cinderace, M|100/100
|turn|21
|
|t:|1610610481
|switch|p1a: Mandibuzz|Mandibuzz, F|100/100
|move|p2a: Ron|Pyro Ball|p1a: Mandibuzz|[miss]
|-miss|p2a: Ron|p1a: Mandibuzz
|
|-fieldend|move: Grassy Terrain
|upkeep
|turn|22
|c|☆supersam10001|I'm so salty
|l| FearNeverDies
|c|☆supersam10001|hax
|
|t:|1610610490
|move|p2a: Ron|U-turn|p1a: Mandibuzz
|-start|p2a: Ron|typechange|Bug|[from] ability: Libero
|-damage|p1a: Mandibuzz|83/100
|
|t:|1610610492
|switch|p2a: Dolores Umbrige|Clefable, F|98/100|[from]move: U-turn
|move|p1a: Mandibuzz|U-turn|p2a: Dolores Umbrige
|-resisted|p2a: Dolores Umbrige
|-damage|p2a: Dolores Umbrige|93/100
|c| ProteanDragapult|he said bad luck
|
|t:|1610610495
|switch|p1a: Kyurem|Kyurem|51/100|[from]move: U-turn
|-damage|p1a: Kyurem|26/100|[from] Stealth Rock
|-ability|p1a: Kyurem|Pressure
|
|-heal|p2a: Dolores Umbrige|99/100|[from] item: Leftovers
|upkeep
|turn|23
|c| ProteanDragapult|and you got bad luck
|c| DivineWind|just train your mons better
|c|☆hOmer iS deAd '_>'|its not hax
|c| ProteanDragapult|he's too dangerous to be left alive
|c| DivineWind|hax is just bad training
|c|☆supersam10001|idc tbh
|c|☆supersam10001|I like going finals and losing
|l| garbodr merper
|c|☆supersam10001|done it 3 times
|c| ProteanDragapult|i was in a game where my opponent missed 4 focus blasts in a row
|c|☆hOmer iS deAd '_>'|e power does half right
|
|t:|1610610524
|move|p1a: Kyurem|Ice Beam|p2a: Dolores Umbrige
|-damage|p2a: Dolores Umbrige|40/100
|move|p2a: Dolores Umbrige|Soft-Boiled|p2a: Dolores Umbrige
|-heal|p2a: Dolores Umbrige|90/100
|
|-heal|p2a: Dolores Umbrige|96/100|[from] item: Leftovers
|upkeep
|turn|24
|
|t:|1610610530
|move|p1a: Kyurem|Ice Beam|p2a: Dolores Umbrige
|-crit|p2a: Dolores Umbrige
|-damage|p2a: Dolores Umbrige|1/100
|move|p2a: Dolores Umbrige|Moonblast|p1a: Kyurem
|-supereffective|p1a: Kyurem
|-damage|p1a: Kyurem|0 fnt
|faint|p1a: Kyurem
|
|-heal|p2a: Dolores Umbrige|7/100|[from] item: Leftovers
|upkeep
|c| ProteanDragapult|Clef named Umbridge is facts
|c|☆hOmer iS deAd '_>'|lmfao
|c|☆supersam10001|lmao
|c| bloodyfrogkingdom|lol
|c| Serp IV|bruh
|
|t:|1610610542
|switch|p1a: Magearna|Magearna|100/100
|-damage|p1a: Magearna|94/100|[from] Stealth Rock
|turn|25
|c| bigbadbbear|this is sickening
|
|t:|1610610548
|switch|p2a: Fluffy|Hydreigon, F|84/100
|-damage|p2a: Fluffy|72/100|[from] Stealth Rock
|move|p1a: Magearna|Volt Switch|p2a: Fluffy
|-resisted|p2a: Fluffy
|-damage|p2a: Fluffy|62/100
|
|t:|1610610552
|switch|p1a: Mandibuzz|Mandibuzz, F|83/100|[from]move: Volt Switch
|
|-heal|p2a: Fluffy|68/100|[from] item: Leftovers
|upkeep
|turn|26
|c| ProteanDragapult|Hydreigon is cute
|l| DivineWind
|c| OrsO_mAttO|f for ur opponent bro
|
|t:|1610610559
|switch|p2a: Dolores Umbrige|Clefable, F|7/100
|move|p1a: Mandibuzz|U-turn|p2a: Dolores Umbrige
|-resisted|p2a: Dolores Umbrige
|-damage|p2a: Dolores Umbrige|2/100
|c| ProteanDragapult|look at its little heads
|
|t:|1610610562
|switch|p1a: Magearna|Magearna|94/100|[from]move: U-turn
|-damage|p1a: Magearna|88/100|[from] Stealth Rock
|
|-heal|p2a: Dolores Umbrige|8/100|[from] item: Leftovers
|upkeep
|turn|27
|c| OrsO_mAttO|kindof
|
|t:|1610610567
|move|p1a: Magearna|Volt Switch|p2a: Dolores Umbrige
|-damage|p2a: Dolores Umbrige|0 fnt
|faint|p2a: Dolores Umbrige
|-ability|p1a: Magearna|Soul-Heart|boost
|-boost|p1a: Magearna|spa|1
|
|t:|1610610591
|switch|p1a: Rillaboom|Rillaboom, F|19/100|[from]move: Volt Switch
|-damage|p1a: Rillaboom|6/100|[from] Stealth Rock
|-fieldstart|move: Grassy Terrain|[from] ability: Grassy Surge|[of] p1a: Rillaboom
|
|-heal|p1a: Rillaboom|13/100|[from] Grassy Terrain
|upkeep
|
|t:|1610610598
|switch|p2a: Ron|Cinderace, M|100/100
|turn|28
|
|t:|1610610600
|switch|p1a: Mandibuzz|Mandibuzz, F|83/100
|move|p2a: Ron|U-turn|p1a: Mandibuzz
|-start|p2a: Ron|typechange|Bug|[from] ability: Libero
|-damage|p1a: Mandibuzz|64/100
|
|t:|1610610602
|switch|p2a: Harry|Keldeo-Resolute|26/100|[from]move: U-turn
|-damage|p2a: Harry|19/100|[from] Stealth Rock
|
|-heal|p2a: Harry|26/100|[from] Grassy Terrain
|upkeep
|turn|29
|c| ProteanDragapult|Ron is Cinderace? that's cap
|
|t:|1610610612
|switch|p1a: Magearna|Magearna|88/100
|-damage|p1a: Magearna|82/100|[from] Stealth Rock
|move|p2a: Harry|Hydro Pump|p1a: Magearna
|-damage|p1a: Magearna|26/100
|
|-heal|p2a: Harry|32/100|[from] Grassy Terrain
|-heal|p1a: Magearna|33/100|[from] Grassy Terrain
|upkeep
|turn|30
|c| ProteanDragapult|Ron is too incompetent to be Cinderace
|c| ProteanDragapult|o.o
|c|☆hOmer iS deAd '_>'|miss
|
|t:|1610610619
|move|p2a: Harry|Hydro Pump|p1a: Magearna
|-damage|p1a: Magearna|0 fnt
|faint|p1a: Magearna
|
|-heal|p2a: Harry|38/100|[from] Grassy Terrain
|upkeep
|
|t:|1610610621
|switch|p1a: Rillaboom|Rillaboom, F|13/100
|-damage|p1a: Rillaboom|0 fnt|[from] Stealth Rock
|faint|p1a: Rillaboom
|c|☆supersam10001|ez
|c|☆hOmer iS deAd '_>'|GG
|c|☆hOmer iS deAd '_>'|WP!
|c|☆supersam10001|gg
|-message|hOmer iS deAd '_>' forfeited.
|
|win|supersam10001
|n|☆hOmer iS deAd '_>'|homerisdead
|n|☆supersam10001|supersam10001
|n| purifiedkirkgod|purifiedkirkgod
|n| Serp IV|serpiv
|n| XDNO|xdno
|n| ProteanDragapult|proteandragapult
|n| Qrota|qrota
|n| kisian|kisian
|n| air isn't fair|airisntfair
|n| YOUNG MALI|youngmali
|n| OUT IM TRASH|outimtrash
|n| bigbadbbear|bigbadbbear
|n| Doominador|doominador
|n| bloodyfrogkingdom|bloodyfrogkingdom
|n| OrsO_mAttO|orsomatto
|l|☆hOmer iS deAd '_>'
|l| Doominador
|c|☆supersam10001|woo
|l| Serp IV
|c| ProteanDragapult|oh shit
|l| purifiedkirkgod
|l| bigbadbbear
|c| ProteanDragapult|this was the finals?
|l| kisian
|c| ProteanDragapult|i thought this was semis lmao
|c|☆supersam10001|yes
|l|☆supersam10001
