|j|☆PQPP214
|j|☆RoxWelton
|t:|1645615033
|gametype|singles
|player|p1|PQPP214|170|1459
|player|p2|RoxWelton|nate|1426
|teamsize|p1|6
|teamsize|p2|6
|gen|8
|tier|[Gen 8] OU
|rated|
|rule|Sleep Clause Mod: Limit one foe put to sleep
|rule|Species Clause: Limit one of each Pokémon
|rule|OHKO Clause: OHKO moves are banned
|rule|Evasion Moves Clause: Evasion moves are banned
|rule|Endless Battle Clause: Forcing endless battles is banned
|rule|HP Percentage Mod: HP is shown in percentages
|rule|Dynamax Clause: You cannot dynamax
|clearpoke
|poke|p1|Landorus-Therian, M|
|poke|p1|Tornadus-Therian, M|
|poke|p1|Zeraora|
|poke|p1|Zapdos-Galar|
|poke|p1|Jirachi|
|poke|p1|Toxapex, F|
|poke|p2|Rillaboom, M|
|poke|p2|Heatran, M|
|poke|p2|Zapdos|
|poke|p2|Urshifu-*, F|
|poke|p2|Weavile, F|
|poke|p2|Garchomp, M|
|teampreview
|
|t:|1645615037
|start
|switch|p1a: Landorus|Landorus-Therian, M, shiny|100/100
|switch|p2a: Garchomp|Garchomp, M|100/100
|-ability|p1a: Landorus|Intimidate|boost
|-unboost|p2a: Garchomp|atk|1
|turn|1
|
|t:|1645615040
|move|p2a: Garchomp|Stealth Rock|p1a: Landorus
|-sidestart|p1: PQPP214|move: Stealth Rock
|move|p1a: Landorus|Toxic|p2a: Garchomp
|-status|p2a: Garchomp|tox
|
|-damage|p2a: Garchomp|94/100 tox|[from] psn
|upkeep
|turn|2
|inactive|Battle timer is ON: inactive players will automatically lose when time's up. (requested by RoxWelton)
|
|t:|1645615042
|move|p2a: Garchomp|Toxic|p1a: Landorus
|-status|p1a: Landorus|tox
|move|p1a: Landorus|Defog|p2a: Garchomp
|-unboost|p2a: Garchomp|evasion|1
|-sideend|p1: PQPP214|Stealth Rock|[from] move: Defog|[of] p1a: Landorus
|
|-damage|p2a: Garchomp|82/100 tox|[from] psn
|-damage|p1a: Landorus|94/100 tox|[from] psn
|upkeep
|turn|3
|
|t:|1645615047
|move|p2a: Garchomp|Stealth Rock|p1a: Landorus
|-sidestart|p1: PQPP214|move: Stealth Rock
|move|p1a: Landorus|Earthquake|p2a: Garchomp
|-damage|p2a: Garchomp|40/100 tox
|
|-heal|p1a: Landorus|100/100 tox|[from] item: Leftovers
|-damage|p2a: Garchomp|21/100 tox|[from] psn
|-damage|p1a: Landorus|88/100 tox|[from] psn
|upkeep
|turn|4
|
|t:|1645615059
|switch|p2a: Weavile|Weavile, F|100/100
|move|p1a: Landorus|Defog|p2a: Weavile
|-unboost|p2a: Weavile|evasion|1
|-sideend|p1: PQPP214|Stealth Rock|[from] move: Defog|[of] p1a: Landorus
|
|-heal|p1a: Landorus|94/100 tox|[from] item: Leftovers
|-damage|p1a: Landorus|76/100 tox|[from] psn
|upkeep
|turn|5
|
|t:|1645615064
|switch|p1a: Toxapex|Toxapex, F, shiny|100/100
|move|p2a: Weavile|Swords Dance|p2a: Weavile
|-boost|p2a: Weavile|atk|2
|
|upkeep
|turn|6
|
|t:|1645615070
|move|p2a: Weavile|Swords Dance|p2a: Weavile
|-boost|p2a: Weavile|atk|2
|move|p1a: Toxapex|Haze|p1a: Toxapex
|-clearallboost
|
|upkeep
|turn|7
|
|t:|1645615086
|switch|p2a: Zapdos|Zapdos|100/100
|move|p1a: Toxapex|Knock Off|p2a: Zapdos
|-damage|p2a: Zapdos|84/100
|-status|p1a: Toxapex|par|[from] ability: Static|[of] p2a: Zapdos
|-enditem|p2a: Zapdos|Heavy-Duty Boots|[from] move: Knock Off|[of] p1a: Toxapex
|
|upkeep
|turn|8
|
|t:|1645615096
|switch|p2a: Weavile|Weavile, F|100/100
|switch|p1a: Zeraora|Zeraora, shiny|100/100
|
|upkeep
|turn|9
|
|t:|1645615104
|move|p1a: Zeraora|Close Combat|p2a: Weavile
|-supereffective|p2a: Weavile
|-enditem|p2a: Weavile|Focus Sash
|-damage|p2a: Weavile|1/100
|-unboost|p1a: Zeraora|def|1
|-unboost|p1a: Zeraora|spd|1
|-enditem|p1a: Zeraora|Heavy-Duty Boots|[silent]|[from] ability: Pickpocket|[of] p1a: Zeraora
|-item|p2a: Weavile|Heavy-Duty Boots|[from] ability: Pickpocket|[of] p1a: Zeraora
|move|p2a: Weavile|Knock Off|p1a: Zeraora
|-damage|p1a: Zeraora|29/100
|
|upkeep
|turn|10
|
|t:|1645615115
|move|p2a: Weavile|Ice Shard|p1a: Zeraora
|-damage|p1a: Zeraora|0 fnt
|faint|p1a: Zeraora
|
|upkeep
|
|t:|1645615122
|switch|p1a: Toxapex|Toxapex, F, shiny|100/100 par
|turn|11
|
|t:|1645615127
|move|p2a: Weavile|Knock Off|p1a: Toxapex
|-damage|p1a: Toxapex|71/100 par
|-damage|p2a: Weavile|0 fnt|[from] item: Rocky Helmet|[of] p1a: Toxapex
|faint|p2a: Weavile
|move|p1a: Toxapex|Scald|p2: Weavile|[notarget]
|-fail|p1a: Toxapex
|
|upkeep
|
|t:|1645615132
|switch|p2a: Rillaboom|Rillaboom, M|100/100
|-fieldstart|move: Grassy Terrain|[from] ability: Grassy Surge|[of] p2a: Rillaboom
|turn|12
|
|t:|1645615136
|switch|p1a: Tornadus|Tornadus-Therian, M, shiny|100/100
|move|p2a: Rillaboom|U-turn|p1a: Tornadus
|-resisted|p1a: Tornadus
|-damage|p1a: Tornadus|82/100
|
|t:|1645615145
|switch|p2a: Zapdos|Zapdos|84/100|[from]move: U-turn
|
|upkeep
|turn|13
|
|t:|1645615153
|switch|p1a: Jirachi|Jirachi, shiny|100/100
|move|p2a: Zapdos|Thunderbolt|p1a: Jirachi
|-damage|p1a: Jirachi|67/100
|
|-heal|p1a: Jirachi|74/100|[from] Grassy Terrain
|-heal|p1a: Jirachi|80/100|[from] item: Leftovers
|upkeep
|turn|14
|j| ghfdxb_pmv46
|
|t:|1645615160
|switch|p2a: Garchomp|Garchomp, M|21/100 tox
|move|p1a: Jirachi|U-turn|p2a: Garchomp
|-damage|p2a: Garchomp|5/100 tox
|-damage|p1a: Jirachi|67/100|[from] ability: Rough Skin|[of] p2a: Garchomp
|-damage|p1a: Jirachi|51/100|[from] item: Rocky Helmet|[of] p2a: Garchomp
|
|t:|1645615180
|switch|p1a: Landorus|Landorus-Therian, M, shiny|76/100 tox|[from]move: U-turn
|-ability|p1a: Landorus|Intimidate|boost
|-unboost|p2a: Garchomp|atk|1
|
|-heal|p2a: Garchomp|11/100 tox|[from] Grassy Terrain
|-heal|p1a: Landorus|82/100 tox|[from] item: Leftovers
|-damage|p2a: Garchomp|5/100 tox|[from] psn
|-damage|p1a: Landorus|76/100 tox|[from] psn
|upkeep
|turn|15
|l| ghfdxb_pmv46
|
|t:|1645615194
|move|p2a: Garchomp|Stealth Rock|p1a: Landorus
|-sidestart|p1: PQPP214|move: Stealth Rock
|move|p1a: Landorus|Earthquake|p2a: Garchomp
|-damage|p2a: Garchomp|0 fnt
|faint|p2a: Garchomp
|
|-heal|p1a: Landorus|82/100 tox|[from] item: Leftovers
|-damage|p1a: Landorus|70/100 tox|[from] psn
|upkeep
|
|t:|1645615216
|switch|p2a: Heatran|Heatran, M|100/100
|turn|16
|
|t:|1645615229
|move|p2a: Heatran|Magma Storm|p1a: Landorus
|-damage|p1a: Landorus|27/100 tox
|-activate|p1a: Landorus|move: Magma Storm|[of] p2a: Heatran
|move|p1a: Landorus|Earthquake|p2a: Heatran
|-supereffective|p2a: Heatran
|-damage|p2a: Heatran|15/100
|
|-heal|p2a: Heatran|21/100|[from] Grassy Terrain
|-heal|p2a: Heatran|27/100|[from] item: Leftovers
|-heal|p1a: Landorus|33/100 tox|[from] item: Leftovers
|-damage|p1a: Landorus|15/100 tox|[from] psn
|-damage|p1a: Landorus|3/100 tox|[from] move: Magma Storm|[partiallytrapped]
|-fieldend|move: Grassy Terrain
|upkeep
|turn|17
|
|t:|1645615240
|move|p2a: Heatran|Flash Cannon|p1a: Landorus
|-damage|p1a: Landorus|0 fnt
|faint|p1a: Landorus
|
|-heal|p2a: Heatran|33/100|[from] item: Leftovers
|upkeep
|
|t:|1645615245
|switch|p1a: Zapdos|Zapdos-Galar|100/100
|-damage|p1a: Zapdos|88/100|[from] Stealth Rock
|turn|18
|
|t:|1645615253
|switch|p2a: Zapdos|Zapdos|84/100
|move|p1a: Zapdos|Close Combat|p2a: Zapdos
|-resisted|p2a: Zapdos
|-damage|p2a: Zapdos|41/100
|-unboost|p1a: Zapdos|def|1
|-unboost|p1a: Zapdos|spd|1
|
|upkeep
|turn|19
|
|t:|1645615258
|move|p1a: Zapdos|Close Combat|p2a: Zapdos
|-resisted|p2a: Zapdos
|-damage|p2a: Zapdos|0 fnt
|-unboost|p1a: Zapdos|def|1
|-unboost|p1a: Zapdos|spd|1
|-status|p1a: Zapdos|par|[from] ability: Static|[of] p2a: Zapdos
|faint|p2a: Zapdos
|
|upkeep
|
|t:|1645615275
|switch|p2a: Urshifu|Urshifu-Rapid-Strike, F|100/100
|turn|20
|
|t:|1645615277
|switch|p1a: Toxapex|Toxapex, F, shiny|100/100 par
|-damage|p1a: Toxapex|88/100 par|[from] Stealth Rock
|move|p2a: Urshifu|Bulk Up|p2a: Urshifu
|-boost|p2a: Urshifu|atk|1
|-boost|p2a: Urshifu|def|1
|
|upkeep
|turn|21
|
|t:|1645615283
|move|p2a: Urshifu|Surging Strikes|p1a: Toxapex
|-resisted|p1a: Toxapex
|-crit|p1a: Toxapex
|-damage|p1a: Toxapex|80/100 par
|-resisted|p1a: Toxapex
|-crit|p1a: Toxapex
|-damage|p1a: Toxapex|72/100 par
|-resisted|p1a: Toxapex
|-crit|p1a: Toxapex
|-damage|p1a: Toxapex|62/100 par
|-hitcount|p1a: Toxapex|3
|move|p1a: Toxapex|Haze|p1a: Toxapex
|-clearallboost
|
|upkeep
|turn|22
|
|t:|1645615290
|switch|p2a: Rillaboom|Rillaboom, M|100/100
|-fieldstart|move: Grassy Terrain|[from] ability: Grassy Surge|[of] p2a: Rillaboom
|cant|p1a: Toxapex|par
|
|-heal|p1a: Toxapex|68/100 par|[from] Grassy Terrain
|upkeep
|turn|23
|
|t:|1645615296
|switch|p1a: Tornadus|Tornadus-Therian, M, shiny|100/100
|move|p2a: Rillaboom|Knock Off|p1a: Tornadus
|-damage|p1a: Tornadus|50/100
|-enditem|p1a: Tornadus|Heavy-Duty Boots|[from] move: Knock Off|[of] p2a: Rillaboom
|
|upkeep
|turn|24
|
|t:|1645615308
|switch|p2a: Heatran|Heatran, M|33/100
|move|p1a: Tornadus|Knock Off|p2a: Heatran
|-damage|p2a: Heatran|15/100
|-enditem|p2a: Heatran|Leftovers|[from] move: Knock Off|[of] p1a: Tornadus
|
|-heal|p2a: Heatran|21/100|[from] Grassy Terrain
|upkeep
|turn|25
|
|t:|1645615330
|move|p1a: Tornadus|U-turn|p2a: Heatran
|-resisted|p2a: Heatran
|-damage|p2a: Heatran|18/100
|
|t:|1645615333
|switch|p1a: Jirachi|Jirachi, shiny|51/100|[from]move: U-turn
|-damage|p1a: Jirachi|45/100|[from] Stealth Rock
|move|p2a: Heatran|Magma Storm|p1a: Jirachi
|-supereffective|p1a: Jirachi
|-damage|p1a: Jirachi|0 fnt
|faint|p1a: Jirachi
|
|-heal|p2a: Heatran|24/100|[from] Grassy Terrain
|upkeep
|
|t:|1645615340
|switch|p1a: Zapdos|Zapdos-Galar|88/100 par
|-damage|p1a: Zapdos|76/100 par|[from] Stealth Rock
|turn|26
|
|t:|1645615345
|move|p2a: Heatran|Magma Storm|p1a: Zapdos
|-damage|p1a: Zapdos|10/100 par
|-activate|p1a: Zapdos|move: Magma Storm|[of] p2a: Heatran
|move|p1a: Zapdos|Close Combat|p2a: Heatran
|-supereffective|p2a: Heatran
|-damage|p2a: Heatran|0 fnt
|-unboost|p1a: Zapdos|def|1
|-unboost|p1a: Zapdos|spd|1
|faint|p2a: Heatran
|
|-end|p1a: Zapdos|Magma Storm|[partiallytrapped]|[silent]
|-fieldend|move: Grassy Terrain
|upkeep
|inactive|RoxWelton has 120 seconds left.
|
|t:|1645615377
|switch|p2a: Rillaboom|Rillaboom, M|100/100
|-fieldstart|move: Grassy Terrain|[from] ability: Grassy Surge|[of] p2a: Rillaboom
|turn|27
|
|t:|1645615382
|move|p2a: Rillaboom|Grassy Glide|p1a: Zapdos
|-resisted|p1a: Zapdos
|-damage|p1a: Zapdos|0 fnt
|faint|p1a: Zapdos
|
|upkeep
|
|t:|1645615386
|switch|p1a: Tornadus|Tornadus-Therian, M, shiny|83/100
|-damage|p1a: Tornadus|58/100|[from] Stealth Rock
|turn|28
|
|t:|1645615393
|switch|p2a: Urshifu|Urshifu-Rapid-Strike, F|100/100
|move|p1a: Tornadus|Hurricane|p2a: Urshifu|[miss]
|-miss|p1a: Tornadus|p2a: Urshifu
|
|upkeep
|turn|29
|
|t:|1645615397
|move|p2a: Urshifu|Aqua Jet|p1a: Tornadus
|-damage|p1a: Tornadus|36/100
|move|p1a: Tornadus|Hurricane|p2a: Urshifu|[miss]
|-miss|p1a: Tornadus|p2a: Urshifu
|
|upkeep
|turn|30
|
|t:|1645615401
|move|p1a: Tornadus|Hurricane|p2a: Urshifu
|-supereffective|p2a: Urshifu
|-damage|p2a: Urshifu|0 fnt
|faint|p2a: Urshifu
|
|upkeep
|
|t:|1645615403
|switch|p2a: Rillaboom|Rillaboom, M|100/100
|turn|31
|
|t:|1645615408
|switch|p1a: Toxapex|Toxapex, F, shiny|100/100 par
|-damage|p1a: Toxapex|88/100 par|[from] Stealth Rock
|move|p2a: Rillaboom|Grassy Glide|p1a: Toxapex
|-damage|p1a: Toxapex|45/100 par
|-damage|p2a: Rillaboom|84/100|[from] item: Rocky Helmet|[of] p1a: Toxapex
|
|-heal|p2a: Rillaboom|90/100|[from] Grassy Terrain
|-heal|p1a: Toxapex|51/100 par|[from] Grassy Terrain
|-fieldend|move: Grassy Terrain
|upkeep
|turn|32
|
|t:|1645615416
|move|p2a: Rillaboom|Grassy Glide|p1a: Toxapex
|-damage|p1a: Toxapex|19/100 par
|-damage|p2a: Rillaboom|74/100|[from] item: Rocky Helmet|[of] p1a: Toxapex
|move|p1a: Toxapex|Recover|p1a: Toxapex
|-heal|p1a: Toxapex|69/100 par
|
|upkeep
|turn|33
|-message|RoxWelton forfeited.
|
|win|PQPP214
|raw|PQPP214's rating: 1459 &rarr; <strong>1477</strong><br />(+18 for winning)
|raw|RoxWelton's rating: 1426 &rarr; <strong>1408</strong><br />(-18 for losing)
|l|☆RoxWelton
