|j|☆Excelceite
|j|☆lou dort
|t:|1658090112
|gametype|singles
|player|p1|Excelceite|acetrainercouple|1486
|player|p2|lou dort|169|1540
|teamsize|p1|6
|teamsize|p2|6
|gen|8
|tier|[Gen 8] OU
|rated|
|rule|Sleep Clause Mod: Limit one foe put to sleep
|rule|Species Clause: Limit one of each Pokémon
|rule|OHKO Clause: OHKO moves are banned
|rule|Evasion Moves Clause: Evasion moves are banned
|rule|Endless Battle Clause: Forcing endless battles is banned
|rule|HP Percentage Mod: HP is shown in percentages
|rule|Dynamax Clause: You cannot dynamax
|clearpoke
|poke|p1|Corviknight, F|
|poke|p1|Gastrodon, M|
|poke|p1|Clefable, M|
|poke|p1|Dragapult, M|
|poke|p1|Rillaboom, F|
|poke|p1|Ditto|
|poke|p2|Mamoswine, F|
|poke|p2|Zapdos|
|poke|p2|Ninetales-Alola, F|
|poke|p2|Arctozolt|
|poke|p2|Volcanion|
|poke|p2|Corviknight, M|
|teampreview
|inactive|Battle timer is ON: inactive players will automatically lose when time's up. (requested by lou dort)
|inactive|Excelceite has 120 seconds left.
|
|t:|1658090146
|start
|switch|p1a: Clefable|Clefable, M|100/100
|switch|p2a: Volcanion|Volcanion|100/100
|turn|1
|
|t:|1658090152
|switch|p1a: Gastrodon|Gastrodon, M|100/100
|move|p2a: Volcanion|Steam Eruption|p1a: Gastrodon
|-ability|p1a: Gastrodon|Storm Drain|boost
|-boost|p1a: Gastrodon|spa|1
|
|upkeep
|turn|2
|
|t:|1658090159
|move|p2a: Volcanion|Solar Beam||[still]
|-prepare|p2a: Volcanion|Solar Beam
|-enditem|p2a: Volcanion|Power Herb
|-anim|p2a: Volcanion|Solar Beam|p1a: Gastrodon
|-supereffective|p1a: Gastrodon
|-crit|p1a: Gastrodon
|-damage|p1a: Gastrodon|0 fnt
|faint|p1a: Gastrodon
|
|upkeep
|
|t:|1658090167
|switch|p1a: Rillaboom|Rillaboom, F|100/100
|-fieldstart|move: Grassy Terrain|[from] ability: Grassy Surge|[of] p1a: Rillaboom
|turn|3
|
|t:|1658090173
|move|p1a: Rillaboom|Swords Dance|p1a: Rillaboom
|-boost|p1a: Rillaboom|atk|2
|move|p2a: Volcanion|Flamethrower|p1a: Rillaboom
|-supereffective|p1a: Rillaboom
|-damage|p1a: Rillaboom|0 fnt
|faint|p1a: Rillaboom
|
|upkeep
|c|☆lou dort|ur dumb as shit
|
|t:|1658090181
|switch|p1a: Dragapult|Dragapult, M|100/100
|turn|4
|
|t:|1658090187
|switch|p2a: Ninetales|Ninetales-Alola, F|100/100
|-weather|Hail|[from] ability: Snow Warning|[of] p2a: Ninetales
|move|p1a: Dragapult|Shadow Ball|p2a: Ninetales
|-crit|p2a: Ninetales
|-damage|p2a: Ninetales|23/100
|
|-weather|Hail|[upkeep]
|-damage|p1a: Dragapult|95/100|[from] Hail
|-heal|p1a: Dragapult|100/100|[from] Grassy Terrain
|-heal|p2a: Ninetales|29/100|[from] Grassy Terrain
|upkeep
|turn|5
|
|t:|1658090201
|switch|p2a: Corviknight|Corviknight, M|100/100
|-ability|p2a: Corviknight|Pressure
|move|p1a: Dragapult|Shadow Ball|p2a: Corviknight
|-damage|p2a: Corviknight|53/100
|
|-weather|Hail|[upkeep]
|-damage|p1a: Dragapult|95/100|[from] Hail
|-damage|p2a: Corviknight|47/100|[from] Hail
|-heal|p1a: Dragapult|100/100|[from] Grassy Terrain
|-heal|p2a: Corviknight|53/100|[from] item: Leftovers
|upkeep
|turn|6
|
|t:|1658090213
|move|p1a: Dragapult|Shadow Ball|p2a: Corviknight
|-damage|p2a: Corviknight|5/100
|move|p2a: Corviknight|U-turn|p1a: Dragapult
|-resisted|p1a: Dragapult
|-damage|p1a: Dragapult|91/100
|
|t:|1658090216
|switch|p2a: Zapdos|Zapdos|100/100|[from]move: U-turn
|
|-weather|Hail|[upkeep]
|-damage|p1a: Dragapult|85/100|[from] Hail
|-damage|p2a: Zapdos|94/100|[from] Hail
|-heal|p1a: Dragapult|91/100|[from] Grassy Terrain
|upkeep
|turn|7
|
|t:|1658090226
|move|p1a: Dragapult|Shadow Ball|p2a: Zapdos
|-damage|p2a: Zapdos|35/100
|move|p2a: Zapdos|Weather Ball|p1a: Dragapult
|-supereffective|p1a: Dragapult
|-damage|p1a: Dragapult|0 fnt
|faint|p1a: Dragapult
|
|-weather|Hail|[upkeep]
|-damage|p2a: Zapdos|29/100|[from] Hail
|-fieldend|move: Grassy Terrain
|upkeep
|
|t:|1658090240
|switch|p1a: Clefable|Clefable, M|100/100
|turn|8
|
|t:|1658090244
|switch|p2a: Arctozolt|Arctozolt|100/100
|move|p1a: Clefable|Calm Mind|p1a: Clefable
|-boost|p1a: Clefable|spa|1
|-boost|p1a: Clefable|spd|1
|
|-weather|Hail|[upkeep]
|upkeep
|turn|9
|
|t:|1658090252
|move|p2a: Arctozolt|Bolt Beak|p1a: Clefable
|-damage|p1a: Clefable|43/100
|move|p1a: Clefable|Moonblast|p2a: Arctozolt
|-damage|p2a: Arctozolt|10/100
|
|-weather|Hail|[upkeep]
|upkeep
|turn|10
|
|t:|1658090262
|switch|p1a: Ditto|Ditto|100/100
|-transform|p1a: Ditto|p2a: Arctozolt|[from] ability: Imposter
|move|p2a: Arctozolt|Bolt Beak|p1a: Ditto
|-resisted|p1a: Ditto
|-damage|p1a: Ditto|51/100
|
|-weather|Hail|[upkeep]
|upkeep
|turn|11
|
|t:|1658090285
|switch|p2a: Mamoswine|Mamoswine, F|100/100
|move|p1a: Ditto|Blizzard|p2a: Mamoswine
|-damage|p2a: Mamoswine|47/100
|
|-weather|none
|upkeep
|turn|12
|
|t:|1658090295
|move|p1a: Ditto|Blizzard|p2a: Mamoswine
|-damage|p2a: Mamoswine|0 fnt
|faint|p2a: Mamoswine
|
|upkeep
|
|t:|1658090299
|switch|p2a: Volcanion|Volcanion|100/100
|turn|13
|
|t:|1658090305
|switch|p1a: Corviknight|Corviknight, F|100/100
|move|p2a: Volcanion|Flamethrower|p1a: Corviknight
|-supereffective|p1a: Corviknight
|-damage|p1a: Corviknight|6/100
|
|-heal|p1a: Corviknight|12/100|[from] item: Leftovers
|upkeep
|turn|14
|
|t:|1658090319
|switch|p1a: Ditto|Ditto|51/100
|-transform|p1a: Ditto|p2a: Volcanion|[from] ability: Imposter
|move|p2a: Volcanion|Earth Power|p1a: Ditto
|-supereffective|p1a: Ditto
|-damage|p1a: Ditto|0 fnt
|faint|p1a: Ditto
|
|upkeep
|c|☆lou dort|L2P
|
|t:|1658090329
|switch|p1a: Clefable|Clefable, M|43/100
|turn|15
|
|t:|1658090332
|move|p2a: Volcanion|Steam Eruption|p1a: Clefable
|-damage|p1a: Clefable|0 fnt
|faint|p1a: Clefable
|
|upkeep
|-message|Excelceite forfeited.
|
|win|lou dort
|raw|Excelceite's rating: 1486 &rarr; <strong>1469</strong><br />(-17 for losing)
|raw|lou dort's rating: 1540 &rarr; <strong>1557</strong><br />(+17 for winning)
|l|☆Excelceite
|l|☆lou dort
|j|☆lou dort
|player|p2|lou dort|169
