|j|☆StinkiePinkie69
|j|☆yvyxv
|player|p1|StinkiePinkie69|drayden|1460
|player|p2|yvyxv|anabel|1483
|teamsize|p1|6
|teamsize|p2|6
|gametype|singles
|gen|8
|tier|[Gen 8] OU
|rated|
|clearpoke
|poke|p1|Cinderace, M|
|poke|p1|Slurpuff, F|
|poke|p1|Corviknight, M|
|poke|p1|Mudsdale, F|
|poke|p1|Rotom-Wash|
|poke|p1|Aegislash, M|
|poke|p2|Mew|
|poke|p2|Grimmsnarl, M|
|poke|p2|Cloyster, F|
|poke|p2|Kommo-o, F|
|poke|p2|Bisharp, M|
|poke|p2|Hydreigon, F|
|rule|Sleep Clause Mod: Limit one foe put to sleep
|rule|Species Clause: Limit one of each Pokémon
|rule|OHKO Clause: OHKO moves are banned
|rule|Evasion Moves Clause: Evasion moves are banned
|rule|Endless Battle Clause: Forcing endless battles is banned
|rule|HP Percentage Mod: HP is shown in percentages
|rule|Dynamax Clause: You cannot dynamax
|teampreview
|inactive|Battle timer is ON: inactive players will automatically lose when time's up. (requested by StinkiePinkie69)
|
|start
|switch|p1a: Cinderace|Cinderace, M|100/100
|switch|p2a: Grimmsnarl|Grimmsnarl, M|100/100
|turn|1
|c|☆StinkiePinkie69|Trash hoe 69
|
|move|p2a: Grimmsnarl|Reflect|p2a: Grimmsnarl
|-sidestart|p2: yvyxv|Reflect
|move|p1a: Cinderace|High Jump Kick|p2a: Grimmsnarl
|-start|p1a: Cinderace|typechange|Fighting|[from] ability: Libero
|-damage|p2a: Grimmsnarl|42/100
|
|upkeep
|turn|2
|
|switch|p1a: Rotom|Rotom-Wash, shiny|100/100
|move|p2a: Grimmsnarl|Light Screen|p2a: Grimmsnarl
|-sidestart|p2: yvyxv|move: Light Screen
|
|upkeep
|turn|3
|
|move|p2a: Grimmsnarl|Taunt|p1a: Rotom
|-start|p1a: Rotom|move: Taunt
|move|p1a: Rotom|Volt Switch|p2a: Grimmsnarl
|-damage|p2a: Grimmsnarl|30/100
|
|switch|p1a: Cinderace|Cinderace, M|100/100|[from]move: Volt Switch
|
|upkeep
|turn|4
|
|move|p2a: Grimmsnarl|Taunt|p1a: Cinderace
|-start|p1a: Cinderace|move: Taunt
|move|p1a: Cinderace|U-turn|p2a: Grimmsnarl
|-start|p1a: Cinderace|typechange|Bug|[from] ability: Libero
|-damage|p2a: Grimmsnarl|0 fnt
|faint|p2a: Grimmsnarl
|
|switch|p1a: Rotom|Rotom-Wash, shiny|100/100|[from]move: U-turn
|
|upkeep
|
|switch|p2a: Kommo-o|Kommo-o, F|100/100
|turn|5
|
|move|p1a: Rotom|Trick|p2a: Kommo-o
|-activate|p1a: Rotom|move: Trick|[of] p2a: Kommo-o
|-item|p2a: Kommo-o|Choice Scarf|[from] move: Trick
|-item|p1a: Rotom|Throat Spray|[from] move: Trick
|move|p2a: Kommo-o|Clangorous Soul|p2a: Kommo-o
|-boost|p2a: Kommo-o|atk|1
|-boost|p2a: Kommo-o|def|1
|-boost|p2a: Kommo-o|spa|1
|-boost|p2a: Kommo-o|spd|1
|-boost|p2a: Kommo-o|spe|1
|-damage|p2a: Kommo-o|68/100
|
|upkeep
|turn|6
|
|switch|p2a: Hydreigon|Hydreigon, F|100/100
|move|p1a: Rotom|Trick|p2a: Hydreigon
|-activate|p1a: Rotom|move: Trick|[of] p2a: Hydreigon
|-item|p2a: Hydreigon|Throat Spray|[from] move: Trick
|-item|p1a: Rotom|Choice Scarf|[from] move: Trick
|
|upkeep
|turn|7
|c|☆StinkiePinkie69|Thx
|
|move|p1a: Rotom|Volt Switch|p2a: Hydreigon
|-resisted|p2a: Hydreigon
|-damage|p2a: Hydreigon|92/100
|
|switch|p1a: Slurpuff|Slurpuff, F|100/100|[from]move: Volt Switch
|move|p2a: Hydreigon|U-turn|p1a: Slurpuff
|-resisted|p1a: Slurpuff
|-damage|p1a: Slurpuff|93/100
|
|switch|p2a: Bisharp|Bisharp, M|100/100|[from]move: U-turn
|
|-heal|p1a: Slurpuff|99/100|[from] item: Leftovers
|upkeep
|turn|8
|
|switch|p1a: Corviknight|Corviknight, M, shiny|100/100
|-ability|p1a: Corviknight|Pressure
|move|p2a: Bisharp|Swords Dance|p2a: Bisharp
|-boost|p2a: Bisharp|atk|2
|
|-sideend|p2: yvyxv|Reflect
|upkeep
|turn|9
|
|move|p2a: Bisharp|Knock Off|p1a: Corviknight
|-damage|p1a: Corviknight|29/100
|-enditem|p1a: Corviknight|Leftovers|[from] move: Knock Off|[of] p2a: Bisharp
|move|p1a: Corviknight|Body Press|p2a: Bisharp
|-supereffective|p2a: Bisharp
|-crit|p2a: Bisharp
|-damage|p2a: Bisharp|0 fnt
|faint|p2a: Bisharp
|
|-sideend|p2: yvyxv|move: Light Screen
|upkeep
|
|switch|p2a: Cloyster|Cloyster, F|100/100
|turn|10
|
|move|p2a: Cloyster|Shell Smash|p2a: Cloyster
|-unboost|p2a: Cloyster|def|1
|-unboost|p2a: Cloyster|spd|1
|-boost|p2a: Cloyster|atk|2
|-boost|p2a: Cloyster|spa|2
|-boost|p2a: Cloyster|spe|2
|move|p1a: Corviknight|U-turn|p2a: Cloyster
|-damage|p2a: Cloyster|83/100
|
|switch|p1a: Rotom|Rotom-Wash, shiny|100/100|[from]move: U-turn
|
|upkeep
|turn|11
|
|move|p2a: Cloyster|Rock Blast|p1a: Rotom
|-damage|p1a: Rotom|81/100
|-damage|p1a: Rotom|62/100
|-damage|p1a: Rotom|43/100
|-damage|p1a: Rotom|22/100
|-damage|p1a: Rotom|2/100
|-hitcount|p1a: Rotom|5
|cant|p1a: Rotom|flinch
|
|upkeep
|turn|12
|c|☆StinkiePinkie69|Why do i always get haxed by this
|
|move|p2a: Cloyster|Icicle Spear|p1a: Rotom
|-resisted|p1a: Rotom
|-damage|p1a: Rotom|0 fnt
|-hitcount|p1a: Rotom|1
|faint|p1a: Rotom
|
|upkeep
|
|switch|p1a: Cinderace|Cinderace, M|100/100
|turn|13
|
|switch|p1a: Mudsdale|Mudsdale, F|100/100
|move|p2a: Cloyster|Rock Blast|p1a: Mudsdale
|-resisted|p1a: Mudsdale
|-damage|p1a: Mudsdale|96/100
|-ability|p1a: Mudsdale|Stamina|boost
|-boost|p1a: Mudsdale|def|1
|-resisted|p1a: Mudsdale
|-damage|p1a: Mudsdale|93/100
|-ability|p1a: Mudsdale|Stamina|boost
|-boost|p1a: Mudsdale|def|1
|-resisted|p1a: Mudsdale
|-damage|p1a: Mudsdale|91/100
|-ability|p1a: Mudsdale|Stamina|boost
|-boost|p1a: Mudsdale|def|1
|-resisted|p1a: Mudsdale
|-damage|p1a: Mudsdale|90/100
|-ability|p1a: Mudsdale|Stamina|boost
|-boost|p1a: Mudsdale|def|1
|-resisted|p1a: Mudsdale
|-damage|p1a: Mudsdale|88/100
|-ability|p1a: Mudsdale|Stamina|boost
|-boost|p1a: Mudsdale|def|1
|-hitcount|p1a: Mudsdale|5
|
|-heal|p1a: Mudsdale|94/100|[from] item: Leftovers
|upkeep
|turn|14
|
|move|p2a: Cloyster|Icicle Spear|p1a: Mudsdale
|-supereffective|p1a: Mudsdale
|-damage|p1a: Mudsdale|87/100
|-ability|p1a: Mudsdale|Stamina|boost
|-boost|p1a: Mudsdale|def|1
|-supereffective|p1a: Mudsdale
|-damage|p1a: Mudsdale|79/100
|-supereffective|p1a: Mudsdale
|-damage|p1a: Mudsdale|72/100
|-supereffective|p1a: Mudsdale
|-damage|p1a: Mudsdale|66/100
|-supereffective|p1a: Mudsdale
|-damage|p1a: Mudsdale|59/100
|-hitcount|p1a: Mudsdale|5
|cant|p1a: Mudsdale|flinch
|
|-heal|p1a: Mudsdale|65/100|[from] item: Leftovers
|upkeep
|turn|15
|
|move|p2a: Cloyster|Icicle Spear|p1a: Mudsdale
|-supereffective|p1a: Mudsdale
|-damage|p1a: Mudsdale|57/100
|-supereffective|p1a: Mudsdale
|-damage|p1a: Mudsdale|50/100
|-supereffective|p1a: Mudsdale
|-damage|p1a: Mudsdale|43/100
|-supereffective|p1a: Mudsdale
|-damage|p1a: Mudsdale|35/100
|-supereffective|p1a: Mudsdale
|-damage|p1a: Mudsdale|29/100
|-hitcount|p1a: Mudsdale|5
|cant|p1a: Mudsdale|flinch
|
|-heal|p1a: Mudsdale|35/100|[from] item: Leftovers
|upkeep
|turn|16
|
|move|p2a: Cloyster|Icicle Spear|p1a: Mudsdale
|-supereffective|p1a: Mudsdale
|-damage|p1a: Mudsdale|27/100
|-supereffective|p1a: Mudsdale
|-damage|p1a: Mudsdale|20/100
|-supereffective|p1a: Mudsdale
|-damage|p1a: Mudsdale|13/100
|-supereffective|p1a: Mudsdale
|-crit|p1a: Mudsdale
|-damage|p1a: Mudsdale|0 fnt
|-hitcount|p1a: Mudsdale|4
|faint|p1a: Mudsdale
|
|upkeep
|c|☆StinkiePinkie69|You gotta be fucking kidding me
|
|switch|p1a: Aegislash|Aegislash, M, shiny|100/100
|turn|17
|
|move|p2a: Cloyster|Icicle Spear|p1a: Aegislash
|-resisted|p1a: Aegislash
|-damage|p1a: Aegislash|90/100
|-resisted|p1a: Aegislash
|-damage|p1a: Aegislash|79/100
|-resisted|p1a: Aegislash
|-damage|p1a: Aegislash|69/100
|-resisted|p1a: Aegislash
|-damage|p1a: Aegislash|58/100
|-resisted|p1a: Aegislash
|-damage|p1a: Aegislash|46/100
|-hitcount|p1a: Aegislash|5
|cant|p1a: Aegislash|flinch
|
|upkeep
|turn|18
|
|-formechange|p1a: Aegislash|Aegislash-Blade||[from] ability: Stance Change
|move|p1a: Aegislash|Shadow Sneak|p2a: Cloyster
|-damage|p2a: Cloyster|62/100
|move|p2a: Cloyster|Icicle Spear|p1a: Aegislash
|-resisted|p1a: Aegislash
|-damage|p1a: Aegislash|23/100
|-resisted|p1a: Aegislash
|-damage|p1a: Aegislash|0 fnt
|-hitcount|p1a: Aegislash|2
|faint|p1a: Aegislash
|
|upkeep
|
|switch|p1a: Cinderace|Cinderace, M|100/100
|turn|19
|
|move|p1a: Cinderace|Sucker Punch|p2a: Cloyster
|-start|p1a: Cinderace|typechange|Dark|[from] ability: Libero
|-damage|p2a: Cloyster|0 fnt
|faint|p2a: Cloyster
|
|upkeep
|
|switch|p2a: Mew|Mew|100/100
|turn|20
|
|switch|p1a: Slurpuff|Slurpuff, F|99/100
|move|p2a: Mew|Cosmic Power|p2a: Mew
|-boost|p2a: Mew|def|1
|-boost|p2a: Mew|spd|1
|
|-heal|p1a: Slurpuff|100/100|[from] item: Leftovers
|upkeep
|turn|21
|
|move|p2a: Mew|Cosmic Power|p2a: Mew
|-boost|p2a: Mew|def|1
|-boost|p2a: Mew|spd|1
|move|p1a: Slurpuff|Toxic|p2a: Mew
|-status|p2a: Mew|tox
|-activate|p2a: Mew|ability: Synchronize
|-status|p1a: Slurpuff|tox
|
|-damage|p2a: Mew|94/100 tox|[from] psn
|-damage|p1a: Slurpuff|94/100 tox|[from] psn
|upkeep
|turn|22
|
|move|p2a: Mew|Cosmic Power|p2a: Mew
|-boost|p2a: Mew|def|1
|-boost|p2a: Mew|spd|1
|move|p1a: Slurpuff|Wish|p1a: Slurpuff
|
|-heal|p2a: Mew|100/100 tox|[from] item: Leftovers
|-heal|p1a: Slurpuff|100/100 tox|[from] item: Leftovers
|-damage|p2a: Mew|88/100 tox|[from] psn
|-damage|p1a: Slurpuff|88/100 tox|[from] psn
|upkeep
|turn|23
|
|switch|p1a: Corviknight|Corviknight, M, shiny|29/100
|-ability|p1a: Corviknight|Pressure
|move|p2a: Mew|Cosmic Power|p2a: Mew
|-boost|p2a: Mew|def|1
|-boost|p2a: Mew|spd|1
|
|-heal|p1a: Corviknight|75/100|[from] move: Wish|[wisher] Slurpuff
|-heal|p2a: Mew|94/100 tox|[from] item: Leftovers
|-damage|p2a: Mew|76/100 tox|[from] psn
|upkeep
|turn|24
|
|move|p2a: Mew|Body Press|p1a: Corviknight
|-damage|p1a: Corviknight|27/100
|move|p1a: Corviknight|Roost|p1a: Corviknight
|-heal|p1a: Corviknight|77/100
|-singleturn|p1a: Corviknight|move: Roost
|
|-heal|p2a: Mew|82/100 tox|[from] item: Leftovers
|-damage|p2a: Mew|58/100 tox|[from] psn
|upkeep
|turn|25
|
|move|p2a: Mew|Cosmic Power|p2a: Mew
|-boost|p2a: Mew|def|1
|-boost|p2a: Mew|spd|1
|move|p1a: Corviknight|Roost|p1a: Corviknight
|-heal|p1a: Corviknight|100/100
|-singleturn|p1a: Corviknight|move: Roost
|
|-heal|p2a: Mew|64/100 tox|[from] item: Leftovers
|-damage|p2a: Mew|34/100 tox|[from] psn
|upkeep
|turn|26
|
|switch|p1a: Slurpuff|Slurpuff, F|88/100 tox
|move|p2a: Mew|Roost|p2a: Mew
|-heal|p2a: Mew|84/100 tox
|-singleturn|p2a: Mew|move: Roost
|
|-heal|p2a: Mew|90/100 tox|[from] item: Leftovers
|-heal|p1a: Slurpuff|94/100 tox|[from] item: Leftovers
|-damage|p2a: Mew|53/100 tox|[from] psn
|-damage|p1a: Slurpuff|88/100 tox|[from] psn
|upkeep
|turn|27
|
|switch|p1a: Corviknight|Corviknight, M, shiny|100/100
|-ability|p1a: Corviknight|Pressure
|move|p2a: Mew|Roost|p2a: Mew
|-heal|p2a: Mew|100/100 tox
|-singleturn|p2a: Mew|move: Roost
|
|-damage|p2a: Mew|58/100 tox|[from] psn
|upkeep
|turn|28
|
|move|p2a: Mew|Body Press|p1a: Corviknight
|-damage|p1a: Corviknight|51/100
|move|p1a: Corviknight|Roost|p1a: Corviknight
|-heal|p1a: Corviknight|100/100
|-singleturn|p1a: Corviknight|move: Roost
|
|-heal|p2a: Mew|64/100 tox|[from] item: Leftovers
|-damage|p2a: Mew|15/100 tox|[from] psn
|upkeep
|turn|29
|
|move|p2a: Mew|Body Press|p1a: Corviknight
|-damage|p1a: Corviknight|44/100
|move|p1a: Corviknight|Roost|p1a: Corviknight
|-heal|p1a: Corviknight|94/100
|-singleturn|p1a: Corviknight|move: Roost
|
|-heal|p2a: Mew|21/100 tox|[from] item: Leftovers
|-damage|p2a: Mew|0 fnt|[from] psn
|faint|p2a: Mew
|upkeep
|
|switch|p2a: Kommo-o|Kommo-o, F|68/100
|turn|30
|
|move|p2a: Kommo-o|Flamethrower|p1a: Corviknight
|-supereffective|p1a: Corviknight
|-damage|p1a: Corviknight|44/100
|move|p1a: Corviknight|Roost|p1a: Corviknight
|-heal|p1a: Corviknight|94/100
|-singleturn|p1a: Corviknight|move: Roost
|
|upkeep
|turn|31
|
|switch|p1a: Cinderace|Cinderace, M|100/100
|move|p2a: Kommo-o|Flamethrower|p1a: Cinderace
|-resisted|p1a: Cinderace
|-damage|p1a: Cinderace|81/100
|
|upkeep
|turn|32
|
|move|p2a: Kommo-o|Flamethrower|p1a: Cinderace
|-resisted|p1a: Cinderace
|-damage|p1a: Cinderace|62/100
|move|p1a: Cinderace|High Jump Kick|p2a: Kommo-o
|-start|p1a: Cinderace|typechange|Fighting|[from] ability: Libero
|-damage|p2a: Kommo-o|0 fnt
|faint|p2a: Kommo-o
|
|upkeep
|
|switch|p2a: Hydreigon|Hydreigon, F|92/100
|turn|33
|
|move|p1a: Cinderace|High Jump Kick|p2a: Hydreigon
|-supereffective|p2a: Hydreigon
|-damage|p2a: Hydreigon|0 fnt
|faint|p2a: Hydreigon
|
|win|StinkiePinkie69
