|j|☆JaVpad1spi
|j|☆VON_BLUCHER
|t:|1635557740
|gametype|singles
|player|p1|JaVpad1spi|2|1394
|player|p2|VON_BLUCHER|li|1468
|teamsize|p1|6
|teamsize|p2|6
|gen|8
|tier|[Gen 8] OU
|rated|
|rule|Sleep Clause Mod: Limit one foe put to sleep
|rule|Species Clause: Limit one of each Pokémon
|rule|OHKO Clause: OHKO moves are banned
|rule|Evasion Moves Clause: Evasion moves are banned
|rule|Endless Battle Clause: Forcing endless battles is banned
|rule|HP Percentage Mod: HP is shown in percentages
|rule|Dynamax Clause: You cannot dynamax
|clearpoke
|poke|p1|Cresselia, F|
|poke|p1|Bronzong|
|poke|p1|Hatterene, F|
|poke|p1|Marowak-Alola, M|
|poke|p1|Crawdaunt, F|
|poke|p1|Melmetal|
|poke|p2|Ninetales-Alola, M|
|poke|p2|Kartana|
|poke|p2|Tapu Lele|
|poke|p2|Landorus-Therian, M|
|poke|p2|Volcarona, M|
|poke|p2|Omastar, M|
|teampreview
|
|t:|1635557754
|start
|switch|p1a: Bronzong|Bronzong|100/100
|switch|p2a: swoosh|Kartana|100/100
|turn|1
|
|t:|1635557759
|move|p2a: swoosh|Knock Off|p1a: Bronzong
|-supereffective|p1a: Bronzong
|-enditem|p1a: Bronzong|Colbur Berry|[eat]
|-enditem|p1a: Bronzong|Colbur Berry|[weaken]
|-damage|p1a: Bronzong|24/100
|move|p1a: Bronzong|Trick Room|p1a: Bronzong
|-fieldstart|move: Trick Room|[of] p1a: Bronzong
|
|upkeep
|turn|2
|
|t:|1635557763
|move|p1a: Bronzong|Stealth Rock|p2a: swoosh
|-sidestart|p2: VON_BLUCHER|move: Stealth Rock
|move|p2a: swoosh|Knock Off|p1a: Bronzong
|-supereffective|p1a: Bronzong
|-damage|p1a: Bronzong|0 fnt
|faint|p1a: Bronzong
|-ability|p2a: swoosh|Beast Boost|boost
|-boost|p2a: swoosh|atk|1
|
|upkeep
|
|t:|1635557782
|switch|p1a: Marowak|Marowak-Alola, M|100/100
|turn|3
|
|t:|1635557810
|switch|p2a: belle delphine|Tapu Lele, shiny|100/100
|-damage|p2a: belle delphine|88/100|[from] Stealth Rock
|-fieldstart|move: Psychic Terrain|[from] ability: Psychic Surge|[of] p2a: belle delphine
|move|p1a: Marowak|Flare Blitz|p2a: belle delphine
|-damage|p2a: belle delphine|0 fnt
|faint|p2a: belle delphine
|
|upkeep
|
|t:|1635557813
|switch|p2a: kang tut|Landorus-Therian, M|100/100
|-damage|p2a: kang tut|88/100|[from] Stealth Rock
|-ability|p2a: kang tut|Intimidate|boost
|-unboost|p1a: Marowak|atk|1
|turn|4
|
|t:|1635557847
|switch|p1a: Crawdaunt|Crawdaunt, F|100/100
|switch|p2a: Volcarona|Volcarona, M|100/100
|
|upkeep
|turn|5
|
|t:|1635557853
|switch|p2a: shiver|Ninetales-Alola, M|100/100
|-damage|p2a: shiver|76/100|[from] Stealth Rock
|-weather|Hail|[from] ability: Snow Warning|[of] p2a: shiver
|move|p1a: Crawdaunt|Crabhammer|p2a: shiver
|-damage|p2a: shiver|0 fnt
|faint|p2a: shiver
|-damage|p1a: Crawdaunt|90/100|[from] item: Life Orb
|
|-weather|Hail|[upkeep]
|-damage|p1a: Crawdaunt|84/100|[from] Hail
|-fieldend|move: Trick Room
|upkeep
|
|t:|1635557878
|switch|p2a: Lord Helix|Omastar, M|100/100
|-damage|p2a: Lord Helix|88/100|[from] Stealth Rock
|turn|6
|
|t:|1635557887
|move|p2a: Lord Helix|Meteor Beam||[still]
|-prepare|p2a: Lord Helix|Meteor Beam
|-boost|p2a: Lord Helix|spa|1
|-enditem|p2a: Lord Helix|Power Herb
|-anim|p2a: Lord Helix|Meteor Beam|p1a: Crawdaunt
|-damage|p1a: Crawdaunt|0 fnt
|faint|p1a: Crawdaunt
|
|-weather|Hail|[upkeep]
|-damage|p2a: Lord Helix|82/100|[from] Hail
|upkeep
|
|t:|1635557894
|switch|p1a: Hatterene|Hatterene, F|100/100
|turn|7
|
|t:|1635557899
|move|p2a: Lord Helix|Hydro Pump|p1a: Hatterene
|-damage|p1a: Hatterene|19/100
|move|p1a: Hatterene|Trick Room|p1a: Hatterene
|-fieldstart|move: Trick Room|[of] p1a: Hatterene
|
|-weather|Hail|[upkeep]
|-damage|p1a: Hatterene|13/100|[from] Hail
|-damage|p2a: Lord Helix|76/100|[from] Hail
|-fieldend|move: Psychic Terrain
|upkeep
|turn|8
|
|t:|1635557906
|move|p1a: Hatterene|Psyshock|p2a: Lord Helix
|-damage|p2a: Lord Helix|29/100
|move|p2a: Lord Helix|Hydro Pump|p1a: Hatterene
|-damage|p1a: Hatterene|0 fnt
|faint|p1a: Hatterene
|
|-weather|Hail|[upkeep]
|-damage|p2a: Lord Helix|23/100|[from] Hail
|upkeep
|
|t:|1635557911
|switch|p1a: Marowak|Marowak-Alola, M|100/100
|turn|9
|
|t:|1635557915
|move|p1a: Marowak|Flare Blitz|p2a: Lord Helix
|-resisted|p2a: Lord Helix
|-damage|p2a: Lord Helix|0 fnt
|faint|p2a: Lord Helix
|
|-weather|none
|upkeep
|
|t:|1635557918
|switch|p2a: kang tut|Landorus-Therian, M|88/100
|-damage|p2a: kang tut|75/100|[from] Stealth Rock
|-ability|p2a: kang tut|Intimidate|boost
|-unboost|p1a: Marowak|atk|1
|turn|10
|
|t:|1635557921
|switch|p2a: Volcarona|Volcarona, M|100/100
|move|p1a: Marowak|Flare Blitz|p2a: Volcarona
|-damage|p2a: Volcarona|14/100
|
|upkeep
|turn|11
|
|t:|1635557924
|move|p1a: Marowak|Flare Blitz|p2a: Volcarona
|-damage|p2a: Volcarona|0 fnt
|faint|p2a: Volcarona
|
|-fieldend|move: Trick Room
|upkeep
|
|t:|1635557930
|switch|p2a: swoosh|Kartana|100/100
|-damage|p2a: swoosh|94/100|[from] Stealth Rock
|turn|12
|
|t:|1635557933
|move|p2a: swoosh|Knock Off|p1a: Marowak
|-supereffective|p1a: Marowak
|-damage|p1a: Marowak|0 fnt
|-enditem|p1a: Marowak|Thick Club|[from] move: Knock Off|[of] p2a: swoosh
|faint|p1a: Marowak
|-ability|p2a: swoosh|Beast Boost|boost
|-boost|p2a: swoosh|atk|1
|
|upkeep
|
|t:|1635557935
|switch|p1a: Cresselia|Cresselia, F|100/100
|turn|13
|
|t:|1635557938
|move|p2a: swoosh|Knock Off|p1a: Cresselia
|-supereffective|p1a: Cresselia
|-crit|p1a: Cresselia
|-damage|p1a: Cresselia|0 fnt
|-enditem|p1a: Cresselia|Mental Herb|[from] move: Knock Off|[of] p2a: swoosh
|faint|p1a: Cresselia
|-ability|p2a: swoosh|Beast Boost|boost
|-boost|p2a: swoosh|atk|1
|
|upkeep
|
|t:|1635557940
|switch|p1a: Melmetal|Melmetal|100/100
|turn|14
|c|☆VON_BLUCHER|ez
|
|t:|1635557942
|move|p2a: swoosh|Knock Off|p1a: Melmetal
|-damage|p1a: Melmetal|20/100
|-enditem|p1a: Melmetal|Life Orb|[from] move: Knock Off|[of] p2a: swoosh
|move|p1a: Melmetal|Superpower|p2a: swoosh
|-supereffective|p2a: swoosh
|-damage|p2a: swoosh|0 fnt
|-unboost|p1a: Melmetal|atk|1
|-unboost|p1a: Melmetal|def|1
|faint|p2a: swoosh
|
|upkeep
|
|t:|1635557945
|switch|p2a: kang tut|Landorus-Therian, M|75/100
|-damage|p2a: kang tut|63/100|[from] Stealth Rock
|-ability|p2a: kang tut|Intimidate|boost
|-unboost|p1a: Melmetal|atk|1
|turn|15
|c|☆JaVpad1spi|crit actually play and shut up
|
|t:|1635557955
|move|p2a: kang tut|Earthquake|p1a: Melmetal
|-supereffective|p1a: Melmetal
|-damage|p1a: Melmetal|0 fnt
|faint|p1a: Melmetal
|
|win|VON_BLUCHER
|raw|JaVpad1spi's rating: 1394 &rarr; <strong>1378</strong><br />(-16 for losing)
|raw|VON_BLUCHER's rating: 1468 &rarr; <strong>1484</strong><br />(+16 for winning)
|c|☆VON_BLUCHER|crit didn't matter
|c|☆VON_BLUCHER|i was banded
|c|☆JaVpad1spi|say ez when you won a game its so kind of you
|c|☆JaVpad1spi|ok
|c|☆VON_BLUCHER|bc it was ez
|c|☆VON_BLUCHER|l8r
|c|☆JaVpad1spi|banded so that's doesnt matter
|l|☆JaVpad1spi
|c|☆VON_BLUCHER|crit didn't matter
