|j|☆Draco09876
|j|☆CloudNineee
|t:|1653808607
|gametype|singles
|player|p1|Draco09876|1|1766
|player|p2|CloudNineee|2|1909
|teamsize|p1|6
|teamsize|p2|6
|gen|8
|tier|[Gen 8] OU
|rated|
|rule|Sleep Clause Mod: Limit one foe put to sleep
|rule|Species Clause: Limit one of each Pokémon
|rule|OHKO Clause: OHKO moves are banned
|rule|Evasion Moves Clause: Evasion moves are banned
|rule|Endless Battle Clause: Forcing endless battles is banned
|rule|HP Percentage Mod: HP is shown in percentages
|rule|Dynamax Clause: You cannot dynamax
|clearpoke
|poke|p1|Weavile, F|
|poke|p1|Kartana|
|poke|p1|Landorus-Therian, M|
|poke|p1|Slowking-Galar, F|
|poke|p1|Buzzwole|
|poke|p1|Urshifu-*, M|
|poke|p2|Gastrodon, F|
|poke|p2|Corviknight, M|
|poke|p2|Toxapex, M|
|poke|p2|Zapdos|
|poke|p2|Blissey, F|
|poke|p2|Clefable, F|
|teampreview
|inactive|Battle timer is ON: inactive players will automatically lose when time's up. (requested by CloudNineee)
|j| Dio57
|inactive|Draco09876 has 120 seconds left.
|
|t:|1653808645
|start
|switch|p1a: Landorus|Landorus-Therian, M|100/100
|switch|p2a: Toxapex|Toxapex, M|100/100
|-ability|p1a: Landorus|Intimidate|boost
|-unboost|p2a: Toxapex|atk|1
|turn|1
|
|t:|1653808649
|move|p1a: Landorus|Knock Off|p2a: Toxapex
|-crit|p2a: Toxapex
|-damage|p2a: Toxapex|74/100
|-enditem|p2a: Toxapex|Shed Shell|[from] move: Knock Off|[of] p1a: Landorus
|move|p2a: Toxapex|Toxic|p1a: Landorus
|-status|p1a: Landorus|tox
|
|-damage|p1a: Landorus|94/100 tox|[from] psn
|upkeep
|turn|2
|
|t:|1653808655
|switch|p1a: Slowking|Slowking-Galar, F|100/100
|move|p2a: Toxapex|Toxic Spikes|p1a: Slowking
|-sidestart|p1: Draco09876|move: Toxic Spikes
|
|upkeep
|turn|3
|
|t:|1653808657
|move|p2a: Toxapex|Knock Off|p1a: Slowking
|-supereffective|p1a: Slowking
|-damage|p1a: Slowking|83/100
|-enditem|p1a: Slowking|Assault Vest|[from] move: Knock Off|[of] p2a: Toxapex
|move|p1a: Slowking|Future Sight|p2a: Toxapex
|-start|p1a: Slowking|move: Future Sight
|
|upkeep
|turn|4
|
|t:|1653808662
|switch|p1a: Landorus|Landorus-Therian, M|94/100 tox
|-ability|p1a: Landorus|Intimidate|boost
|-unboost|p2a: Toxapex|atk|1
|move|p2a: Toxapex|Toxic|p1a: Landorus
|-fail|p1a: Landorus|tox
|
|-heal|p1a: Landorus|100/100 tox|[from] item: Leftovers
|-damage|p1a: Landorus|94/100 tox|[from] psn
|upkeep
|turn|5
|
|t:|1653808669
|switch|p1a: Slowking|Slowking-Galar, F|100/100
|-sideend|p1: Draco09876|move: Toxic Spikes|[of] p1a: Slowking
|switch|p2a: Corviknight|Corviknight, M|100/100
|-ability|p2a: Corviknight|Pressure
|
|-end|p2a: Corviknight|move: Future Sight
|-resisted|p2a: Corviknight
|-damage|p2a: Corviknight|73/100
|-heal|p2a: Corviknight|79/100|[from] item: Leftovers
|upkeep
|turn|6
|
|t:|1653808674
|switch|p2a: Toxapex|Toxapex, M|100/100
|move|p1a: Slowking|Flamethrower|p2a: Toxapex
|-resisted|p2a: Toxapex
|-crit|p2a: Toxapex
|-damage|p2a: Toxapex|81/100
|
|upkeep
|turn|7
|
|t:|1653808678
|move|p2a: Toxapex|Toxic Spikes|p1a: Slowking
|-sidestart|p1: Draco09876|move: Toxic Spikes
|move|p1a: Slowking|Future Sight|p2a: Toxapex
|-start|p1a: Slowking|move: Future Sight
|
|upkeep
|turn|8
|
|t:|1653808685
|switch|p1a: Landorus|Landorus-Therian, M|94/100 tox
|-ability|p1a: Landorus|Intimidate|boost
|-unboost|p2a: Toxapex|atk|1
|move|p2a: Toxapex|Knock Off|p1a: Landorus
|-damage|p1a: Landorus|85/100 tox
|-enditem|p1a: Landorus|Leftovers|[from] move: Knock Off|[of] p2a: Toxapex
|
|-damage|p1a: Landorus|79/100 tox|[from] psn
|upkeep
|turn|9
|
|t:|1653808692
|switch|p1a: Slowking|Slowking-Galar, F|100/100
|-sideend|p1: Draco09876|move: Toxic Spikes|[of] p1a: Slowking
|switch|p2a: Corviknight|Corviknight, M|79/100
|-ability|p2a: Corviknight|Pressure
|
|-end|p2a: Corviknight|move: Future Sight
|-resisted|p2a: Corviknight
|-damage|p2a: Corviknight|52/100
|-heal|p2a: Corviknight|58/100|[from] item: Leftovers
|upkeep
|turn|10
|j| OneTreeWaiting
|
|t:|1653808696
|switch|p2a: Toxapex|Toxapex, M|100/100
|move|p1a: Slowking|Flamethrower|p2a: Toxapex
|-resisted|p2a: Toxapex
|-damage|p2a: Toxapex|88/100
|
|upkeep
|turn|11
|
|t:|1653808699
|move|p2a: Toxapex|Toxic Spikes|p1a: Slowking
|-sidestart|p1: Draco09876|move: Toxic Spikes
|move|p1a: Slowking|Future Sight|p2a: Toxapex
|-start|p1a: Slowking|move: Future Sight
|
|upkeep
|turn|12
|
|t:|1653808703
|switch|p2a: Gastrodon|Gastrodon, F|100/100
|move|p1a: Slowking|Flamethrower|p2a: Gastrodon
|-resisted|p2a: Gastrodon
|-damage|p2a: Gastrodon|90/100
|
|-heal|p2a: Gastrodon|96/100|[from] item: Leftovers
|upkeep
|turn|13
|
|t:|1653808709
|move|p2a: Gastrodon|Scald|p1a: Slowking
|-damage|p1a: Slowking|81/100
|move|p1a: Slowking|Sludge Bomb|p2a: Gastrodon
|-resisted|p2a: Gastrodon
|-damage|p2a: Gastrodon|81/100
|
|-end|p2a: Gastrodon|move: Future Sight
|-damage|p2a: Gastrodon|37/100
|-heal|p2a: Gastrodon|43/100|[from] item: Leftovers
|upkeep
|turn|14
|
|t:|1653808718
|move|p2a: Gastrodon|Scald|p1a: Slowking
|-damage|p1a: Slowking|61/100
|move|p1a: Slowking|Sludge Bomb|p2a: Gastrodon
|-resisted|p2a: Gastrodon
|-damage|p2a: Gastrodon|26/100
|-status|p2a: Gastrodon|psn
|
|-heal|p2a: Gastrodon|32/100 psn|[from] item: Leftovers
|-damage|p2a: Gastrodon|20/100 psn|[from] psn
|upkeep
|turn|15
|
|t:|1653808723
|switch|p1a: Landorus|Landorus-Therian, M|79/100 tox
|-ability|p1a: Landorus|Intimidate|boost
|-unboost|p2a: Gastrodon|atk|1
|move|p2a: Gastrodon|Recover|p2a: Gastrodon
|-heal|p2a: Gastrodon|70/100 psn
|
|-heal|p2a: Gastrodon|76/100 psn|[from] item: Leftovers
|-damage|p1a: Landorus|73/100 tox|[from] psn
|-damage|p2a: Gastrodon|64/100 psn|[from] psn
|upkeep
|turn|16
|
|t:|1653808727
|move|p1a: Landorus|Earthquake|p2a: Gastrodon
|-damage|p2a: Gastrodon|18/100 psn
|move|p2a: Gastrodon|Recover|p2a: Gastrodon
|-heal|p2a: Gastrodon|68/100 psn
|
|-heal|p2a: Gastrodon|74/100 psn|[from] item: Leftovers
|-damage|p1a: Landorus|61/100 tox|[from] psn
|-damage|p2a: Gastrodon|61/100 psn|[from] psn
|upkeep
|turn|17
|
|t:|1653808732
|switch|p1a: Slowking|Slowking-Galar, F|94/100
|-sideend|p1: Draco09876|move: Toxic Spikes|[of] p1a: Slowking
|move|p2a: Gastrodon|Recover|p2a: Gastrodon
|-heal|p2a: Gastrodon|100/100 psn
|
|-damage|p2a: Gastrodon|88/100 psn|[from] psn
|upkeep
|turn|18
|
|t:|1653808738
|move|p2a: Gastrodon|Scald|p1a: Slowking
|-crit|p1a: Slowking
|-damage|p1a: Slowking|65/100
|-status|p1a: Slowking|brn
|move|p1a: Slowking|Future Sight|p2a: Gastrodon
|-start|p1a: Slowking|move: Future Sight
|
|-heal|p2a: Gastrodon|94/100 psn|[from] item: Leftovers
|-damage|p2a: Gastrodon|82/100 psn|[from] psn
|-damage|p1a: Slowking|59/100 brn|[from] brn
|upkeep
|turn|19
|
|t:|1653808744
|switch|p1a: Urshifu|Urshifu-Rapid-Strike, M|100/100
|move|p2a: Gastrodon|Scald|p1a: Urshifu
|-resisted|p1a: Urshifu
|-damage|p1a: Urshifu|82/100
|-status|p1a: Urshifu|brn
|
|-heal|p2a: Gastrodon|88/100 psn|[from] item: Leftovers
|-damage|p2a: Gastrodon|75/100 psn|[from] psn
|-damage|p1a: Urshifu|76/100 brn|[from] brn
|upkeep
|turn|20
|c|☆Draco09876|fuckl
|
|t:|1653808760
|switch|p2a: Corviknight|Corviknight, M|58/100
|-ability|p2a: Corviknight|Pressure
|move|p1a: Urshifu|Close Combat|p2a: Corviknight
|-damage|p2a: Corviknight|27/100
|-unboost|p1a: Urshifu|def|1
|-unboost|p1a: Urshifu|spd|1
|
|-end|p2a: Corviknight|move: Future Sight
|-resisted|p2a: Corviknight
|-damage|p2a: Corviknight|0 fnt
|faint|p2a: Corviknight
|-damage|p1a: Urshifu|70/100 brn|[from] brn
|upkeep
|
|t:|1653808773
|switch|p2a: Clefable|Clefable, F|100/100
|turn|21
|
|t:|1653808778
|switch|p1a: Kartana|Kartana|100/100
|move|p2a: Clefable|Aromatherapy|p2a: Clefable
|-activate|p2a: Clefable|move: Aromatherapy
|-curestatus|p2: Gastrodon|psn|[msg]
|
|upkeep
|turn|22
|
|t:|1653808783
|switch|p1a: Slowking|Slowking-Galar, F|93/100 brn
|switch|p2a: Zapdos|Zapdos|100/100
|
|-damage|p1a: Slowking|87/100 brn|[from] brn
|upkeep
|turn|23
|
|t:|1653808789
|switch|p2a: Gastrodon|Gastrodon, F|75/100
|move|p1a: Slowking|Future Sight|p2a: Gastrodon
|-start|p1a: Slowking|move: Future Sight
|
|-heal|p2a: Gastrodon|81/100|[from] item: Leftovers
|-damage|p1a: Slowking|80/100 brn|[from] brn
|upkeep
|turn|24
|
|t:|1653808795
|switch|p1a: Urshifu|Urshifu-Rapid-Strike, M|70/100 brn
|move|p2a: Gastrodon|Scald|p1a: Urshifu
|-resisted|p1a: Urshifu
|-damage|p1a: Urshifu|50/100 brn
|
|-heal|p2a: Gastrodon|88/100|[from] item: Leftovers
|-damage|p1a: Urshifu|44/100 brn|[from] brn
|upkeep
|turn|25
|
|t:|1653808800
|move|p1a: Urshifu|Close Combat|p2a: Gastrodon
|-damage|p2a: Gastrodon|39/100
|-unboost|p1a: Urshifu|def|1
|-unboost|p1a: Urshifu|spd|1
|move|p2a: Gastrodon|Recover|p2a: Gastrodon
|-heal|p2a: Gastrodon|89/100
|
|-end|p2a: Gastrodon|move: Future Sight
|-damage|p2a: Gastrodon|47/100
|-heal|p2a: Gastrodon|53/100|[from] item: Leftovers
|-damage|p1a: Urshifu|37/100 brn|[from] brn
|upkeep
|turn|26
|
|t:|1653808814
|move|p1a: Urshifu|Close Combat|p2a: Gastrodon
|-damage|p2a: Gastrodon|5/100
|-unboost|p1a: Urshifu|def|1
|-unboost|p1a: Urshifu|spd|1
|move|p2a: Gastrodon|Recover|p2a: Gastrodon
|-heal|p2a: Gastrodon|55/100
|
|-heal|p2a: Gastrodon|62/100|[from] item: Leftovers
|-damage|p1a: Urshifu|31/100 brn|[from] brn
|upkeep
|turn|27
|
|t:|1653808819
|switch|p1a: Landorus|Landorus-Therian, M|61/100 tox
|-ability|p1a: Landorus|Intimidate|boost
|-unboost|p2a: Gastrodon|atk|1
|move|p2a: Gastrodon|Recover|p2a: Gastrodon
|-heal|p2a: Gastrodon|100/100
|
|-damage|p1a: Landorus|55/100 tox|[from] psn
|upkeep
|turn|28
|
|t:|1653808823
|move|p2a: Gastrodon|Protect|p2a: Gastrodon
|-singleturn|p2a: Gastrodon|Protect
|move|p1a: Landorus|Knock Off|p2a: Gastrodon
|-activate|p2a: Gastrodon|move: Protect
|
|-damage|p1a: Landorus|43/100 tox|[from] psn
|upkeep
|turn|29
|
|t:|1653808827
|switch|p1a: Slowking|Slowking-Galar, F|100/100 brn
|move|p2a: Gastrodon|Scald|p1a: Slowking
|-damage|p1a: Slowking|81/100 brn
|
|-damage|p1a: Slowking|75/100 brn|[from] brn
|upkeep
|turn|30
|
|t:|1653808831
|move|p2a: Gastrodon|Earthquake|p1a: Slowking
|-supereffective|p1a: Slowking
|-damage|p1a: Slowking|32/100 brn
|move|p1a: Slowking|Future Sight|p2a: Gastrodon
|-start|p1a: Slowking|move: Future Sight
|
|-damage|p1a: Slowking|26/100 brn|[from] brn
|upkeep
|turn|31
|
|t:|1653808837
|switch|p1a: Landorus|Landorus-Therian, M|43/100 tox
|-ability|p1a: Landorus|Intimidate|boost
|-unboost|p2a: Gastrodon|atk|1
|move|p2a: Gastrodon|Scald|p1a: Landorus
|-supereffective|p1a: Landorus
|-damage|p1a: Landorus|4/100 tox
|
|-damage|p1a: Landorus|0 fnt|[from] psn
|faint|p1a: Landorus
|upkeep
|
|t:|1653808842
|switch|p1a: Buzzwole|Buzzwole|100/100
|turn|32
|
|t:|1653808848
|move|p2a: Gastrodon|Protect|p2a: Gastrodon
|-singleturn|p2a: Gastrodon|Protect
|move|p1a: Buzzwole|Drain Punch|p2a: Gastrodon
|-activate|p2a: Gastrodon|move: Protect
|
|-end|p2a: Gastrodon|move: Future Sight
|-damage|p2a: Gastrodon|54/100
|-heal|p2a: Gastrodon|61/100|[from] item: Leftovers
|upkeep
|turn|33
|c| OneTreeWaiting|why sac corvi
|
|t:|1653808865
|switch|p2a: Zapdos|Zapdos|100/100
|move|p1a: Buzzwole|Ice Punch|p2a: Zapdos
|-supereffective|p2a: Zapdos
|-damage|p2a: Zapdos|66/100
|
|upkeep
|turn|34
|
|t:|1653808874
|switch|p1a: Slowking|Slowking-Galar, F|59/100 brn
|move|p2a: Zapdos|Roost|p2a: Zapdos
|-heal|p2a: Zapdos|100/100
|-singleturn|p2a: Zapdos|move: Roost
|
|-damage|p1a: Slowking|53/100 brn|[from] brn
|upkeep
|turn|35
|c| OneTreeWaiting|it deal with so many things
|
|t:|1653808879
|move|p2a: Zapdos|Thunderbolt|p1a: Slowking
|-damage|p1a: Slowking|21/100 brn
|move|p1a: Slowking|Future Sight|p2a: Zapdos
|-start|p1a: Slowking|move: Future Sight
|
|-damage|p1a: Slowking|15/100 brn|[from] brn
|upkeep
|turn|36
|
|t:|1653808884
|switch|p1a: Urshifu|Urshifu-Rapid-Strike, M|31/100 brn
|move|p2a: Zapdos|Heat Wave|p1a: Urshifu
|-resisted|p1a: Urshifu
|-crit|p1a: Urshifu
|-damage|p1a: Urshifu|3/100 brn
|
|-damage|p1a: Urshifu|0 fnt|[from] brn
|faint|p1a: Urshifu
|upkeep
|
|t:|1653808888
|switch|p1a: Weavile|Weavile, F|100/100
|-ability|p1a: Weavile|Pressure
|turn|37
|
|t:|1653808895
|switch|p2a: Blissey|Blissey, F|100/100
|move|p1a: Weavile|Triple Axel|p2a: Blissey
|-damage|p2a: Blissey|92/100
|-damage|p2a: Blissey|73/100
|-damage|p2a: Blissey|46/100
|-hitcount|p2a: Blissey|3
|
|-end|p2a: Blissey|move: Future Sight
|-damage|p2a: Blissey|25/100
|-heal|p2a: Blissey|32/100|[from] item: Leftovers
|upkeep
|turn|38
|
|t:|1653808910
|switch|p2a: Toxapex|Toxapex, M|100/100
|move|p1a: Weavile|Knock Off|p2a: Toxapex
|-damage|p2a: Toxapex|82/100
|
|upkeep
|turn|39
|
|t:|1653808914
|switch|p2a: Blissey|Blissey, F|32/100
|move|p1a: Weavile|Knock Off|p2a: Blissey
|-damage|p2a: Blissey|0 fnt
|-enditem|p2a: Blissey|Leftovers|[from] move: Knock Off|[of] p1a: Weavile
|faint|p2a: Blissey
|
|upkeep
|
|t:|1653808916
|switch|p2a: Toxapex|Toxapex, M|100/100
|turn|40
|
|t:|1653808920
|switch|p1a: Slowking|Slowking-Galar, F|48/100 brn
|move|p2a: Toxapex|Knock Off|p1a: Slowking
|-supereffective|p1a: Slowking
|-damage|p1a: Slowking|30/100 brn
|
|-damage|p1a: Slowking|24/100 brn|[from] brn
|upkeep
|turn|41
|
|t:|1653808927
|move|p2a: Toxapex|Knock Off|p1a: Slowking
|-supereffective|p1a: Slowking
|-damage|p1a: Slowking|6/100 brn
|move|p1a: Slowking|Future Sight|p2a: Toxapex
|-start|p1a: Slowking|move: Future Sight
|
|-damage|p1a: Slowking|0 fnt|[from] brn
|faint|p1a: Slowking
|upkeep
|
|t:|1653808934
|switch|p1a: Kartana|Kartana|100/100
|turn|42
|
|t:|1653808956
|switch|p2a: Gastrodon|Gastrodon, F|61/100
|move|p1a: Kartana|Leaf Blade|p2a: Gastrodon
|-supereffective|p2a: Gastrodon
|-crit|p2a: Gastrodon
|-damage|p2a: Gastrodon|0 fnt
|faint|p2a: Gastrodon
|-ability|p1a: Kartana|Beast Boost|boost
|-boost|p1a: Kartana|atk|1
|
|upkeep
|
|t:|1653808963
|switch|p2a: Zapdos|Zapdos|100/100
|turn|43
|
|t:|1653808971
|switch|p1a: Buzzwole|Buzzwole|100/100
|move|p2a: Zapdos|Heat Wave|p1a: Buzzwole
|-supereffective|p1a: Buzzwole
|-crit|p1a: Buzzwole
|-damage|p1a: Buzzwole|36/100
|
|-end|p2a: Zapdos|move: Future Sight
|-damage|p2a: Zapdos|45/100
|upkeep
|turn|44
|
|t:|1653808979
|switch|p2a: Toxapex|Toxapex, M|100/100
|move|p1a: Buzzwole|Drain Punch|p2a: Toxapex
|-resisted|p2a: Toxapex
|-damage|p2a: Toxapex|91/100
|-heal|p1a: Buzzwole|39/100|[from] drain|[of] p2a: Toxapex
|
|upkeep
|turn|45
|
|t:|1653808989
|move|p1a: Buzzwole|Bulk Up|p1a: Buzzwole
|-boost|p1a: Buzzwole|atk|1
|-boost|p1a: Buzzwole|def|1
|move|p2a: Toxapex|Toxic Spikes|p1a: Buzzwole
|-sidestart|p1: Draco09876|move: Toxic Spikes
|
|upkeep
|turn|46
|
|t:|1653808992
|move|p1a: Buzzwole|Roost|p1a: Buzzwole
|-heal|p1a: Buzzwole|89/100
|-singleturn|p1a: Buzzwole|move: Roost
|move|p2a: Toxapex|Toxic|p1a: Buzzwole
|-status|p1a: Buzzwole|tox
|
|-damage|p1a: Buzzwole|83/100 tox|[from] psn
|upkeep
|turn|47
|
|t:|1653808997
|switch|p2a: Clefable|Clefable, F|100/100
|move|p1a: Buzzwole|Bulk Up|p1a: Buzzwole
|-boost|p1a: Buzzwole|atk|1
|-boost|p1a: Buzzwole|def|1
|
|-damage|p1a: Buzzwole|71/100 tox|[from] psn
|upkeep
|turn|48
|
|t:|1653808999
|switch|p1a: Kartana|Kartana|100/100
|move|p2a: Clefable|Moonblast|p1a: Kartana
|-resisted|p1a: Kartana
|-damage|p1a: Kartana|48/100
|-unboost|p1a: Kartana|spa|1
|
|upkeep
|turn|49
|
|t:|1653809008
|switch|p2a: Toxapex|Toxapex, M|100/100
|move|p1a: Kartana|Smart Strike|p2a: Toxapex
|-resisted|p2a: Toxapex
|-damage|p2a: Toxapex|87/100
|
|upkeep
|turn|50
|
|t:|1653809012
|switch|p1a: Buzzwole|Buzzwole|71/100 tox
|move|p2a: Toxapex|Knock Off|p1a: Buzzwole
|-resisted|p1a: Buzzwole
|-damage|p1a: Buzzwole|67/100 tox
|-damage|p2a: Toxapex|70/100|[from] item: Rocky Helmet|[of] p1a: Buzzwole
|-enditem|p1a: Buzzwole|Rocky Helmet|[from] move: Knock Off|[of] p2a: Toxapex
|
|-damage|p1a: Buzzwole|61/100 tox|[from] psn
|upkeep
|turn|51
|
|t:|1653809021
|switch|p1a: Kartana|Kartana|48/100
|move|p2a: Toxapex|Recover|p2a: Toxapex
|-heal|p2a: Toxapex|100/100
|
|upkeep
|turn|52
|
|t:|1653809023
|move|p1a: Kartana|Leaf Blade|p2a: Toxapex
|-damage|p2a: Toxapex|62/100
|move|p2a: Toxapex|Knock Off|p1a: Kartana
|-damage|p1a: Kartana|35/100
|-enditem|p1a: Kartana|Choice Scarf|[from] move: Knock Off|[of] p2a: Toxapex
|
|upkeep
|turn|53
|
|t:|1653809031
|move|p1a: Kartana|Knock Off|p2a: Toxapex
|-damage|p2a: Toxapex|44/100
|move|p2a: Toxapex|Recover|p2a: Toxapex
|-heal|p2a: Toxapex|94/100
|
|upkeep
|turn|54
|
|t:|1653809033
|move|p1a: Kartana|Leaf Blade|p2a: Toxapex
|-damage|p2a: Toxapex|56/100
|move|p2a: Toxapex|Knock Off|p1a: Kartana
|-damage|p1a: Kartana|25/100
|
|upkeep
|turn|55
|
|t:|1653809036
|move|p1a: Kartana|Leaf Blade|p2a: Toxapex
|-crit|p2a: Toxapex
|-damage|p2a: Toxapex|3/100
|move|p2a: Toxapex|Recover|p2a: Toxapex
|-heal|p2a: Toxapex|53/100
|
|upkeep
|turn|56
|
|t:|1653809038
|move|p1a: Kartana|Leaf Blade|p2a: Toxapex
|-damage|p2a: Toxapex|18/100
|move|p2a: Toxapex|Recover|p2a: Toxapex
|-heal|p2a: Toxapex|68/100
|
|upkeep
|turn|57
|
|t:|1653809040
|move|p1a: Kartana|Leaf Blade|p2a: Toxapex
|-damage|p2a: Toxapex|28/100
|move|p2a: Toxapex|Recover|p2a: Toxapex
|-heal|p2a: Toxapex|78/100
|
|upkeep
|turn|58
|
|t:|1653809043
|move|p1a: Kartana|Leaf Blade|p2a: Toxapex
|-damage|p2a: Toxapex|44/100
|move|p2a: Toxapex|Recover|p2a: Toxapex
|-heal|p2a: Toxapex|94/100
|
|upkeep
|turn|59
|
|t:|1653809046
|move|p1a: Kartana|Leaf Blade|p2a: Toxapex
|-crit|p2a: Toxapex
|-damage|p2a: Toxapex|38/100
|move|p2a: Toxapex|Knock Off|p1a: Kartana
|-damage|p1a: Kartana|15/100
|
|upkeep
|turn|60
|
|t:|1653809049
|move|p1a: Kartana|Leaf Blade|p2a: Toxapex
|-damage|p2a: Toxapex|4/100
|move|p2a: Toxapex|Recover|p2a: Toxapex
|-heal|p2a: Toxapex|54/100
|
|upkeep
|turn|61
|
|t:|1653809051
|move|p1a: Kartana|Leaf Blade|p2a: Toxapex
|-crit|p2a: Toxapex
|-damage|p2a: Toxapex|0 fnt
|faint|p2a: Toxapex
|-ability|p1a: Kartana|Beast Boost|boost
|-boost|p1a: Kartana|atk|1
|
|upkeep
|
|t:|1653809057
|switch|p2a: Zapdos|Zapdos|45/100
|turn|62
|
|t:|1653809073
|move|p1a: Kartana|Knock Off|p2a: Zapdos
|-crit|p2a: Zapdos
|-damage|p2a: Zapdos|0 fnt
|-enditem|p2a: Zapdos|Heavy-Duty Boots|[from] move: Knock Off|[of] p1a: Kartana
|faint|p2a: Zapdos
|-ability|p1a: Kartana|Beast Boost|boost
|-boost|p1a: Kartana|atk|1
|
|upkeep
|
|t:|1653809077
|switch|p2a: Clefable|Clefable, F|100/100
|turn|63
|
|t:|1653809080
|move|p1a: Kartana|Smart Strike|p2a: Clefable
|-supereffective|p2a: Clefable
|-damage|p2a: Clefable|21/100
|move|p2a: Clefable|Moonblast|p1a: Kartana
|-resisted|p1a: Kartana
|-crit|p1a: Kartana
|-damage|p1a: Kartana|0 fnt
|faint|p1a: Kartana
|
|-heal|p2a: Clefable|27/100|[from] item: Leftovers
|upkeep
|
|t:|1653809084
|switch|p1a: Weavile|Weavile, F|100/100
|-ability|p1a: Weavile|Pressure
|turn|64
|
|t:|1653809087
|move|p1a: Weavile|Triple Axel|p2a: Clefable
|-damage|p2a: Clefable|20/100
|-damage|p2a: Clefable|4/100
|-damage|p2a: Clefable|0 fnt
|faint|p2a: Clefable
|-hitcount|p2: Clefable|3
|
|win|Draco09876
|raw|Draco09876's rating: 1766 &rarr; <strong>1794</strong><br />(+28 for winning)
|raw|CloudNineee's rating: 1909 &rarr; <strong>1881</strong><br />(-28 for losing)
|l|☆CloudNineee
|c|☆Draco09876|gg
|l|☆Draco09876
|l| OneTreeWaiting
