|j|☆glimmeraqua
|j|‽Cowsrule247
|t:|1651844314
|gametype|singles
|player|p1|glimmeraqua|caitlin|1194
|player|p2|Cowsrule247|skyla|1191
|teamsize|p1|6
|teamsize|p2|6
|gen|8
|tier|[Gen 8] OU
|rated|
|rule|Sleep Clause Mod: Limit one foe put to sleep
|rule|Species Clause: Limit one of each Pokémon
|rule|OHKO Clause: OHKO moves are banned
|rule|Evasion Moves Clause: Evasion moves are banned
|rule|Endless Battle Clause: Forcing endless battles is banned
|rule|HP Percentage Mod: HP is shown in percentages
|rule|Dynamax Clause: You cannot dynamax
|clearpoke
|poke|p1|Weavile, F|
|poke|p1|Tapu Lele|
|poke|p1|Toxapex, F|
|poke|p1|Kartana|
|poke|p1|Landorus-Therian, M|
|poke|p1|Heatran, M|
|poke|p2|Gastrodon-East, M|
|poke|p2|Corviknight, M|
|poke|p2|Ferrothorn, M|
|poke|p2|Hippowdon, F|
|poke|p2|Toxapex, M|
|poke|p2|Corsola-Galar, F|
|teampreview
|inactive|Battle timer is ON: inactive players will automatically lose when time's up. (requested by Cowsrule247)
|
|t:|1651844331
|start
|switch|p1a: Landorus|Landorus-Therian, M|100/100
|switch|p2a: Hippowdon|Hippowdon, F|100/100
|-ability|p1a: Landorus|Intimidate|boost
|-unboost|p2a: Hippowdon|atk|1
|-weather|Sandstorm|[from] ability: Sand Stream|[of] p2a: Hippowdon
|turn|1
|
|t:|1651844338
|move|p1a: Landorus|Stealth Rock|p2a: Hippowdon
|-sidestart|p2: Cowsrule247|move: Stealth Rock
|move|p2a: Hippowdon|Stealth Rock|p1a: Landorus
|-sidestart|p1: glimmeraqua|move: Stealth Rock
|
|-weather|Sandstorm|[upkeep]
|upkeep
|turn|2
|
|t:|1651844340
|move|p1a: Landorus|Knock Off|p2a: Hippowdon
|-damage|p2a: Hippowdon|72/100
|-enditem|p2a: Hippowdon|Leftovers|[from] move: Knock Off|[of] p1a: Landorus
|-damage|p1a: Landorus|91/100|[from] item: Life Orb
|move|p2a: Hippowdon|Whirlwind|p1a: Landorus
|drag|p1a: Kartana|Kartana|100/100
|-damage|p1a: Kartana|94/100|[from] Stealth Rock
|
|-weather|Sandstorm|[upkeep]
|upkeep
|turn|3
|
|t:|1651844353
|switch|p2a: Toxapex|Toxapex, M|100/100
|-damage|p2a: Toxapex|88/100|[from] Stealth Rock
|move|p1a: Kartana|Leaf Blade|p2a: Toxapex
|-damage|p2a: Toxapex|29/100
|
|-weather|Sandstorm|[upkeep]
|-damage|p2a: Toxapex|23/100|[from] Sandstorm
|-heal|p2a: Toxapex|29/100|[from] item: Black Sludge
|upkeep
|turn|4
|
|t:|1651844363
|switch|p2a: Ferrothorn|Ferrothorn, M|100/100
|-damage|p2a: Ferrothorn|94/100|[from] Stealth Rock
|move|p1a: Kartana|Leaf Blade|p2a: Ferrothorn
|-resisted|p2a: Ferrothorn
|-damage|p2a: Ferrothorn|77/100
|-damage|p1a: Kartana|82/100|[from] ability: Iron Barbs|[of] p2a: Ferrothorn
|
|-weather|Sandstorm|[upkeep]
|-heal|p2a: Ferrothorn|83/100|[from] item: Leftovers
|upkeep
|turn|5
|
|t:|1651844372
|switch|p1a: Heatran|Heatran, M|100/100
|-damage|p1a: Heatran|88/100|[from] Stealth Rock
|-item|p1a: Heatran|Air Balloon
|move|p2a: Ferrothorn|Spikes|p1a: Heatran
|-sidestart|p1: glimmeraqua|Spikes
|
|-weather|none
|-heal|p2a: Ferrothorn|89/100|[from] item: Leftovers
|upkeep
|turn|6
|
|t:|1651844379
|switch|p2a: Gastrodon|Gastrodon-East, M|100/100
|-damage|p2a: Gastrodon|94/100|[from] Stealth Rock
|move|p1a: Heatran|Magma Storm|p2a: Gastrodon
|-resisted|p2a: Gastrodon
|-damage|p2a: Gastrodon|74/100
|-activate|p2a: Gastrodon|move: Magma Storm|[of] p1a: Heatran
|
|-heal|p2a: Gastrodon|80/100|[from] item: Leftovers
|-damage|p2a: Gastrodon|68/100|[from] move: Magma Storm|[partiallytrapped]
|upkeep
|turn|7
|
|t:|1651844407
|switch|p1a: Tapu Lele|Tapu Lele|100/100
|-damage|p1a: Tapu Lele|88/100|[from] Stealth Rock
|-damage|p1a: Tapu Lele|76/100|[from] Spikes
|-fieldstart|move: Psychic Terrain|[from] ability: Psychic Surge|[of] p1a: Tapu Lele
|move|p2a: Gastrodon|Scald|p1a: Tapu Lele
|-damage|p1a: Tapu Lele|49/100
|-status|p1a: Tapu Lele|brn
|
|-heal|p1a: Tapu Lele|55/100 brn|[from] item: Leftovers
|-heal|p2a: Gastrodon|74/100|[from] item: Leftovers
|-damage|p1a: Tapu Lele|49/100 brn|[from] brn
|-end|p2a: Gastrodon|Magma Storm|[partiallytrapped]|[silent]
|upkeep
|turn|8
|
|t:|1651844424
|switch|p2a: Corsola|Corsola-Galar, F|100/100
|-damage|p2a: Corsola|88/100|[from] Stealth Rock
|move|p1a: Tapu Lele|Calm Mind|p1a: Tapu Lele
|-boost|p1a: Tapu Lele|spa|1
|-boost|p1a: Tapu Lele|spd|1
|
|-heal|p1a: Tapu Lele|55/100 brn|[from] item: Leftovers
|-damage|p1a: Tapu Lele|49/100 brn|[from] brn
|upkeep
|turn|9
|
|t:|1651844432
|move|p1a: Tapu Lele|Psychic|p2a: Corsola
|-damage|p2a: Corsola|24/100
|move|p2a: Corsola|Night Shade|p1a: Tapu Lele
|-damage|p1a: Tapu Lele|13/100 brn
|
|-heal|p1a: Tapu Lele|19/100 brn|[from] item: Leftovers
|-damage|p1a: Tapu Lele|13/100 brn|[from] brn
|upkeep
|turn|10
|
|t:|1651844441
|switch|p2a: Ferrothorn|Ferrothorn, M|89/100
|-damage|p2a: Ferrothorn|83/100|[from] Stealth Rock
|move|p1a: Tapu Lele|Psychic|p2a: Ferrothorn
|-resisted|p2a: Ferrothorn
|-crit|p2a: Ferrothorn
|-damage|p2a: Ferrothorn|42/100
|
|-heal|p1a: Tapu Lele|19/100 brn|[from] item: Leftovers
|-heal|p2a: Ferrothorn|48/100|[from] item: Leftovers
|-damage|p1a: Tapu Lele|13/100 brn|[from] brn
|upkeep
|turn|11
|
|t:|1651844461
|switch|p2a: Toxapex|Toxapex, M|63/100
|-damage|p2a: Toxapex|50/100|[from] Stealth Rock
|move|p1a: Tapu Lele|Psychic|p2a: Toxapex
|-supereffective|p2a: Toxapex
|-damage|p2a: Toxapex|0 fnt
|faint|p2a: Toxapex
|
|-heal|p1a: Tapu Lele|19/100 brn|[from] item: Leftovers
|-damage|p1a: Tapu Lele|13/100 brn|[from] brn
|-fieldend|move: Psychic Terrain
|upkeep
|
|t:|1651844470
|switch|p2a: Hippowdon|Hippowdon, F|72/100
|-damage|p2a: Hippowdon|66/100|[from] Stealth Rock
|-weather|Sandstorm|[from] ability: Sand Stream|[of] p2a: Hippowdon
|turn|12
|
|t:|1651844477
|switch|p2a: Corsola|Corsola-Galar, F|24/100
|-damage|p2a: Corsola|12/100|[from] Stealth Rock
|move|p1a: Tapu Lele|Moonblast|p2a: Corsola
|-damage|p2a: Corsola|0 fnt
|faint|p2a: Corsola
|
|-weather|Sandstorm|[upkeep]
|-damage|p1a: Tapu Lele|7/100 brn|[from] Sandstorm
|-heal|p1a: Tapu Lele|13/100 brn|[from] item: Leftovers
|-damage|p1a: Tapu Lele|7/100 brn|[from] brn
|upkeep
|
|t:|1651844490
|switch|p2a: Corviknight|Corviknight, M|100/100
|-damage|p2a: Corviknight|88/100|[from] Stealth Rock
|-ability|p2a: Corviknight|Pressure
|turn|13
|
|t:|1651844494
|move|p1a: Tapu Lele|Thunderbolt|p2a: Corviknight
|-supereffective|p2a: Corviknight
|-damage|p2a: Corviknight|13/100
|move|p2a: Corviknight|Roost|p2a: Corviknight
|-heal|p2a: Corviknight|63/100
|-singleturn|p2a: Corviknight|move: Roost
|
|-weather|Sandstorm|[upkeep]
|-damage|p1a: Tapu Lele|1/100 brn|[from] Sandstorm
|-heal|p1a: Tapu Lele|7/100 brn|[from] item: Leftovers
|-heal|p2a: Corviknight|69/100|[from] item: Leftovers
|-damage|p1a: Tapu Lele|1/100 brn|[from] brn
|upkeep
|turn|14
|
|t:|1651844509
|move|p1a: Tapu Lele|Thunderbolt|p2a: Corviknight
|-supereffective|p2a: Corviknight
|-damage|p2a: Corviknight|0 fnt
|faint|p2a: Corviknight
|
|-weather|Sandstorm|[upkeep]
|-damage|p1a: Tapu Lele|0 fnt|[from] Sandstorm
|faint|p1a: Tapu Lele
|upkeep
|-message|Cowsrule247 forfeited.
|
|win|glimmeraqua
|raw|glimmeraqua's rating: 1194 &rarr; <strong>1219</strong><br />(+25 for winning)
|raw|Cowsrule247's rating: 1191 &rarr; <strong>1166</strong><br />(-25 for losing)
|l|‽Cowsrule247
||Ladder isn't responding, score probably updated but might not have (Request timeout).
