|raw|<div class="broadcast-blue"><strong>This battle is required to be public due to a player having a name prefixed by 'LT71LX'.</div>
|j|☆LT71LX ayouko
|j|☆Ayante
|t:|1596780359
|player|p1|LT71LX ayouko|schoolkid-gen4dp|1723
|player|p2|Ayante|koga|1675
|teamsize|p1|6
|teamsize|p2|6
|gametype|singles
|gen|8
|tier|[Gen 8] OU
|rated|
|clearpoke
|poke|p1|Skarmory, M|
|poke|p1|Toxapex, M|
|poke|p1|Excadrill, M|
|poke|p1|Reuniclus, M|
|poke|p1|Hippowdon, F|
|poke|p1|Clefable, M|
|poke|p2|Togekiss, F|
|poke|p2|Mantine, F|
|poke|p2|Urshifu-*, M|
|poke|p2|Ferrothorn, M|
|poke|p2|Zeraora|
|poke|p2|Hippowdon, F|
|rule|Sleep Clause Mod: Limit one foe put to sleep
|rule|Species Clause: Limit one of each Pokémon
|rule|OHKO Clause: OHKO moves are banned
|rule|Evasion Moves Clause: Evasion moves are banned
|rule|Endless Battle Clause: Forcing endless battles is banned
|rule|HP Percentage Mod: HP is shown in percentages
|rule|Dynamax Clause: You cannot dynamax
|teampreview
|
|t:|1596780365
|start
|switch|p1a: Hippowdon|Hippowdon, F|100/100
|switch|p2a: Togekiss|Togekiss, F|100/100
|-weather|Sandstorm|[from] ability: Sand Stream|[of] p1a: Hippowdon
|turn|1
|inactive|Battle timer is ON: inactive players will automatically lose when time's up. (requested by LT71LX ayouko)
|
|t:|1596780372
|move|p2a: Togekiss|Air Slash|p1a: Hippowdon
|-damage|p1a: Hippowdon|58/100
|cant|p1a: Hippowdon|flinch
|
|-weather|Sandstorm|[upkeep]
|-damage|p2a: Togekiss|94/100|[from] Sandstorm
|upkeep
|turn|2
|
|t:|1596780380
|switch|p1a: Toxapex|Toxapex, M|100/100
|move|p2a: Togekiss|Air Slash|p1a: Toxapex
|-damage|p1a: Toxapex|75/100
|
|-weather|Sandstorm|[upkeep]
|-damage|p2a: Togekiss|88/100|[from] Sandstorm
|-damage|p1a: Toxapex|69/100|[from] Sandstorm
|upkeep
|turn|3
|
|t:|1596780389
|switch|p2a: Ferrothorn|Ferrothorn, M|100/100
|move|p1a: Toxapex|Toxic Spikes|p2a: Ferrothorn
|-sidestart|p2: Ayante|move: Toxic Spikes
|
|-weather|Sandstorm|[upkeep]
|-damage|p1a: Toxapex|63/100|[from] Sandstorm
|upkeep
|turn|4
|
|t:|1596780397
|switch|p1a: Skarmory|Skarmory, M|100/100
|move|p2a: Ferrothorn|Knock Off|p1a: Skarmory
|-damage|p1a: Skarmory|87/100
|-damage|p2a: Ferrothorn|84/100|[from] item: Rocky Helmet|[of] p1a: Skarmory
|-enditem|p1a: Skarmory|Rocky Helmet|[from] move: Knock Off|[of] p2a: Ferrothorn
|
|-weather|Sandstorm|[upkeep]
|-heal|p2a: Ferrothorn|90/100|[from] item: Leftovers
|upkeep
|turn|5
|
|t:|1596780410
|move|p1a: Skarmory|Spikes|p2a: Ferrothorn
|-sidestart|p2: Ayante|Spikes
|move|p2a: Ferrothorn|Leech Seed|p1a: Skarmory
|-start|p1a: Skarmory|move: Leech Seed
|
|-weather|none
|-heal|p2a: Ferrothorn|97/100|[from] item: Leftovers
|-damage|p1a: Skarmory|74/100|[from] Leech Seed|[of] p2a: Ferrothorn
|-heal|p2a: Ferrothorn|100/100|[silent]
|upkeep
|turn|6
|
|t:|1596780421
|switch|p1a: Clefable|Clefable, M|100/100
|switch|p2a: Togekiss|Togekiss, F|88/100
|
|upkeep
|turn|7
|
|t:|1596780427
|move|p2a: Togekiss|Trick|p1a: Clefable
|-activate|p2a: Togekiss|move: Trick|[of] p1a: Clefable
|-item|p1a: Clefable|Choice Scarf|[from] move: Trick
|-item|p2a: Togekiss|Life Orb|[from] move: Trick
|move|p1a: Clefable|Thunder|p2a: Togekiss
|-supereffective|p2a: Togekiss
|-damage|p2a: Togekiss|44/100
|-status|p2a: Togekiss|par
|
|upkeep
|turn|8
|
|t:|1596780439
|switch|p1a: Hippowdon|Hippowdon, F|58/100
|-weather|Sandstorm|[from] ability: Sand Stream|[of] p1a: Hippowdon
|switch|p2a: Mantine|Mantine, F|100/100
|
|-weather|Sandstorm|[upkeep]
|-damage|p2a: Mantine|94/100|[from] Sandstorm
|upkeep
|turn|9
|c|☆LT71LX ayouko|lol
|
|t:|1596780449
|switch|p1a: Toxapex|Toxapex, M|96/100
|move|p2a: Mantine|Defog|p1a: Toxapex
|-unboost|p1a: Toxapex|evasion|1
|-sideend|p2: Ayante|Spikes|[from] move: Defog|[of] p2a: Mantine
|-sideend|p2: Ayante|Toxic Spikes|[from] move: Defog|[of] p2a: Mantine
|
|-weather|Sandstorm|[upkeep]
|-damage|p2a: Mantine|88/100|[from] Sandstorm
|-damage|p1a: Toxapex|90/100|[from] Sandstorm
|upkeep
|turn|10
|
|t:|1596780467
|switch|p2a: Zeraora|Zeraora|100/100
|move|p1a: Toxapex|Toxic Spikes|p2a: Zeraora
|-sidestart|p2: Ayante|move: Toxic Spikes
|
|-weather|Sandstorm|[upkeep]
|-damage|p2a: Zeraora|95/100|[from] Sandstorm
|-damage|p1a: Toxapex|84/100|[from] Sandstorm
|upkeep
|turn|11
|
|t:|1596780475
|move|p2a: Zeraora|Thunderbolt|p1a: Toxapex
|-supereffective|p1a: Toxapex
|-damage|p1a: Toxapex|18/100
|move|p1a: Toxapex|Recover|p1a: Toxapex
|-heal|p1a: Toxapex|68/100
|
|-weather|Sandstorm|[upkeep]
|-damage|p2a: Zeraora|89/100|[from] Sandstorm
|-damage|p1a: Toxapex|63/100|[from] Sandstorm
|upkeep
|turn|12
|
|t:|1596780484
|switch|p1a: Reuniclus|Reuniclus, M|100/100
|move|p2a: Zeraora|Thunderbolt|p1a: Reuniclus
|-damage|p1a: Reuniclus|51/100
|
|-weather|none
|upkeep
|turn|13
|
|t:|1596780493
|switch|p1a: Hippowdon|Hippowdon, F|58/100
|-weather|Sandstorm|[from] ability: Sand Stream|[of] p1a: Hippowdon
|move|p2a: Zeraora|Volt Switch|p1a: Hippowdon
|-immune|p1a: Hippowdon
|
|-weather|Sandstorm|[upkeep]
|-damage|p2a: Zeraora|83/100|[from] Sandstorm
|upkeep
|turn|14
|
|t:|1596780504
|switch|p1a: Excadrill|Excadrill, M|100/100
|move|p2a: Zeraora|Grass Knot|p1a: Excadrill
|-damage|p1a: Excadrill|73/100
|
|-weather|Sandstorm|[upkeep]
|-damage|p2a: Zeraora|77/100|[from] Sandstorm
|-heal|p1a: Excadrill|79/100|[from] item: Leftovers
|upkeep
|turn|15
|
|t:|1596780517
|switch|p1a: Reuniclus|Reuniclus, M|51/100
|switch|p2a: Mantine|Mantine, F|88/100
|
|-weather|Sandstorm|[upkeep]
|-damage|p2a: Mantine|82/100|[from] Sandstorm
|upkeep
|turn|16
|
|t:|1596780525
|move|p2a: Mantine|Defog|p1a: Reuniclus
|-unboost|p1a: Reuniclus|evasion|1
|-sideend|p2: Ayante|Toxic Spikes|[from] move: Defog|[of] p2a: Mantine
|move|p1a: Reuniclus|Recover|p1a: Reuniclus
|-heal|p1a: Reuniclus|100/100
|
|-weather|Sandstorm|[upkeep]
|-damage|p2a: Mantine|76/100|[from] Sandstorm
|upkeep
|turn|17
|
|t:|1596780535
|switch|p2a: Urshifu|Urshifu, M|100/100
|move|p1a: Reuniclus|Calm Mind|p1a: Reuniclus
|-boost|p1a: Reuniclus|spa|1
|-boost|p1a: Reuniclus|spd|1
|
|-weather|none
|upkeep
|turn|18
|
|t:|1596780543
|switch|p1a: Clefable|Clefable, M|100/100
|move|p2a: Urshifu|Wicked Blow|p1a: Clefable
|-resisted|p1a: Clefable
|-crit|p1a: Clefable
|-damage|p1a: Clefable|59/100
|
|upkeep
|turn|19
|
|t:|1596780551
|switch|p2a: Ferrothorn|Ferrothorn, M|100/100
|move|p1a: Clefable|Soft-Boiled|p1a: Clefable
|-heal|p1a: Clefable|100/100
|
|upkeep
|turn|20
|
|t:|1596780559
|switch|p1a: Skarmory|Skarmory, M|74/100
|switch|p2a: Urshifu|Urshifu, M|100/100
|
|upkeep
|turn|21
|
|t:|1596780573
|move|p2a: Urshifu|Wicked Blow|p1a: Skarmory
|-crit|p1a: Skarmory
|-damage|p1a: Skarmory|13/100
|move|p1a: Skarmory|Body Press|p2a: Urshifu
|-supereffective|p2a: Urshifu
|-damage|p2a: Urshifu|41/100
|
|upkeep
|turn|22
|
|t:|1596780580
|switch|p1a: Clefable|Clefable, M|100/100
|move|p2a: Urshifu|Wicked Blow|p1a: Clefable
|-resisted|p1a: Clefable
|-crit|p1a: Clefable
|-damage|p1a: Clefable|64/100
|
|upkeep
|turn|23
|j| Antoine1111
|
|t:|1596780589
|switch|p2a: Ferrothorn|Ferrothorn, M|100/100
|move|p1a: Clefable|Soft-Boiled|p1a: Clefable
|-heal|p1a: Clefable|100/100
|
|upkeep
|turn|24
|
|t:|1596780596
|switch|p2a: Zeraora|Zeraora|77/100
|move|p1a: Clefable|Soft-Boiled||[still]
|-fail|p1a: Clefable|heal
|
|upkeep
|turn|25
|
|t:|1596780604
|move|p2a: Zeraora|Thunderbolt|p1a: Clefable
|-damage|p1a: Clefable|53/100
|move|p1a: Clefable|Soft-Boiled|p1a: Clefable
|-heal|p1a: Clefable|100/100
|
|upkeep
|turn|26
|
|t:|1596780610
|switch|p1a: Hippowdon|Hippowdon, F|58/100
|-weather|Sandstorm|[from] ability: Sand Stream|[of] p1a: Hippowdon
|move|p2a: Zeraora|Thunderbolt|p1a: Hippowdon
|-immune|p1a: Hippowdon
|
|-weather|Sandstorm|[upkeep]
|-damage|p2a: Zeraora|71/100|[from] Sandstorm
|upkeep
|turn|27
|
|t:|1596780620
|switch|p1a: Toxapex|Toxapex, M|96/100
|move|p2a: Zeraora|Grass Knot|p1a: Toxapex
|-damage|p1a: Toxapex|86/100
|-damage|p2a: Zeraora|54/100|[from] item: Rocky Helmet|[of] p1a: Toxapex
|
|-weather|Sandstorm|[upkeep]
|-damage|p2a: Zeraora|48/100|[from] Sandstorm
|-damage|p1a: Toxapex|80/100|[from] Sandstorm
|upkeep
|turn|28
|
|t:|1596780632
|move|p2a: Zeraora|Thunderbolt|p1a: Toxapex
|-supereffective|p1a: Toxapex
|-damage|p1a: Toxapex|11/100
|move|p1a: Toxapex|Recover|p1a: Toxapex
|-heal|p1a: Toxapex|61/100
|
|-weather|Sandstorm|[upkeep]
|-damage|p2a: Zeraora|42/100|[from] Sandstorm
|-damage|p1a: Toxapex|55/100|[from] Sandstorm
|upkeep
|turn|29
|
|t:|1596780641
|switch|p1a: Hippowdon|Hippowdon, F|58/100
|move|p2a: Zeraora|Aura Sphere|p1a: Hippowdon
|-damage|p1a: Hippowdon|28/100
|
|-weather|Sandstorm|[upkeep]
|-damage|p2a: Zeraora|36/100|[from] Sandstorm
|upkeep
|turn|30
|
|t:|1596780650
|switch|p1a: Toxapex|Toxapex, M|89/100
|move|p2a: Zeraora|Aura Sphere|p1a: Toxapex
|-resisted|p1a: Toxapex
|-damage|p1a: Toxapex|80/100
|
|-weather|none
|upkeep
|turn|31
|
|t:|1596780658
|move|p2a: Zeraora|Thunderbolt|p1a: Toxapex
|-supereffective|p1a: Toxapex
|-damage|p1a: Toxapex|12/100
|move|p1a: Toxapex|Scald|p2a: Zeraora
|-damage|p2a: Zeraora|15/100
|
|upkeep
|turn|32
|
|t:|1596780674
|move|p2a: Zeraora|Thunderbolt|p1a: Toxapex
|-supereffective|p1a: Toxapex
|-damage|p1a: Toxapex|0 fnt
|faint|p1a: Toxapex
|
|upkeep
|-message|LT71LX ayouko forfeited.
|
|win|Ayante
|l|☆LT71LX ayouko
|raw|LT71LX ayouko's rating: 1723 &rarr; <strong>1700</strong><br />(-23 for losing)
|raw|Ayante's rating: 1675 &rarr; <strong>1697</strong><br />(+22 for winning)
|c|☆Ayante|Gg
