|j|☆Deepfriedmagikarp
|j|☆HOF69
|t:|1652504156
|gametype|singles
|player|p1|Deepfriedmagikarp|101|1773
|player|p2|HOF69|red|1801
|teamsize|p1|6
|teamsize|p2|6
|gen|8
|tier|[Gen 8] OU
|rated|
|rule|Sleep Clause Mod: Limit one foe put to sleep
|rule|Species Clause: Limit one of each Pokémon
|rule|OHKO Clause: OHKO moves are banned
|rule|Evasion Moves Clause: Evasion moves are banned
|rule|Endless Battle Clause: Forcing endless battles is banned
|rule|HP Percentage Mod: HP is shown in percentages
|rule|Dynamax Clause: You cannot dynamax
|clearpoke
|poke|p1|Landorus-Therian, M|
|poke|p1|Weavile, M|
|poke|p1|Heatran, M|
|poke|p1|Zapdos|
|poke|p1|Urshifu-*, M|
|poke|p1|Tapu Bulu|
|poke|p2|Blacephalon|
|poke|p2|Gengar, M|
|poke|p2|Kartana|
|poke|p2|Tapu Lele|
|poke|p2|Landorus-Therian, M|
|poke|p2|Krookodile, M|
|teampreview
|inactive|Battle timer is ON: inactive players will automatically lose when time's up. (requested by Deepfriedmagikarp)
|j| Gaylarian
|inactive|Deepfriedmagikarp has 120 seconds left.
|j| Pokemh
|
|t:|1652504204
|start
|switch|p1a: Urshifu|Urshifu-Rapid-Strike, M|100/100
|switch|p2a: Kartana|Kartana|100/100
|turn|1
|
|t:|1652504210
|switch|p1a: Zapdos|Zapdos, shiny|100/100
|switch|p2a: Krookodile|Krookodile, M|100/100
|-ability|p2a: Krookodile|Intimidate|boost
|-unboost|p1a: Zapdos|atk|1
|
|upkeep
|turn|2
|
|t:|1652504214
|move|p1a: Zapdos|Hurricane|p2a: Krookodile|[miss]
|-miss|p1a: Zapdos|p2a: Krookodile
|move|p2a: Krookodile|Stealth Rock|p1a: Zapdos
|-sidestart|p1: Deepfriedmagikarp|move: Stealth Rock
|
|upkeep
|turn|3
|
|t:|1652504216
|move|p1a: Zapdos|Hurricane|p2a: Krookodile|[miss]
|-miss|p1a: Zapdos|p2a: Krookodile
|move|p2a: Krookodile|Knock Off|p1a: Zapdos
|-damage|p1a: Zapdos|41/100
|-enditem|p1a: Zapdos|Choice Specs|[from] move: Knock Off|[of] p2a: Krookodile
|
|upkeep
|turn|4
|
|t:|1652504220
|move|p1a: Zapdos|Hurricane|p2a: Krookodile
|-damage|p2a: Krookodile|30/100
|move|p2a: Krookodile|Knock Off|p1a: Zapdos
|-damage|p1a: Zapdos|2/100
|-status|p2a: Krookodile|par|[from] ability: Static|[of] p1a: Zapdos
|
|upkeep
|turn|5
|j| DA COME UP ★彡
|
|t:|1652504227
|move|p1a: Zapdos|Hurricane|p2a: Krookodile
|-damage|p2a: Krookodile|0 fnt
|faint|p2a: Krookodile
|
|upkeep
|j| Ou ladder spedrun
|inactive|HOF69 has 120 seconds left.
|
|t:|1652504258
|switch|p2a: Gengar|Gengar, M, shiny|100/100
|turn|6
|
|t:|1652504266
|move|p2a: Gengar|Shadow Ball|p1a: Zapdos
|-damage|p1a: Zapdos|0 fnt
|faint|p1a: Zapdos
|
|upkeep
|
|t:|1652504269
|switch|p1a: Landorus|Landorus-Therian, M, shiny|100/100
|-damage|p1a: Landorus|88/100|[from] Stealth Rock
|-ability|p1a: Landorus|Intimidate|boost
|-unboost|p2a: Gengar|atk|1
|turn|7
|
|t:|1652504276
|move|p2a: Gengar|Shadow Ball|p1a: Landorus
|-damage|p1a: Landorus|59/100
|move|p1a: Landorus|Earthquake|p2a: Gengar
|-supereffective|p2a: Gengar
|-crit|p2a: Gengar
|-enditem|p2a: Gengar|Focus Sash
|-damage|p2a: Gengar|1/100
|
|-heal|p1a: Landorus|65/100|[from] item: Leftovers
|upkeep
|turn|8
|
|t:|1652504283
|move|p2a: Gengar|Taunt|p1a: Landorus
|-start|p1a: Landorus|move: Taunt
|move|p1a: Landorus|U-turn|p2a: Gengar
|-resisted|p2a: Gengar
|-damage|p2a: Gengar|0 fnt
|faint|p2a: Gengar
|
|t:|1652504292
|switch|p1a: Urshifu|Urshifu-Rapid-Strike, M|100/100|[from]move: U-turn
|-damage|p1a: Urshifu|94/100|[from] Stealth Rock
|
|upkeep
|
|t:|1652504296
|switch|p2a: Kartana|Kartana|100/100
|turn|9
|
|t:|1652504300
|switch|p1a: Heatran|Heatran, M, shiny|100/100
|-damage|p1a: Heatran|88/100|[from] Stealth Rock
|-item|p1a: Heatran|Air Balloon
|move|p2a: Kartana|Knock Off|p1a: Heatran
|-damage|p1a: Heatran|60/100
|-enditem|p1a: Heatran|Air Balloon
|
|upkeep
|turn|10
|
|t:|1652504308
|switch|p2a: Landorus|Landorus-Therian, M|100/100
|-ability|p2a: Landorus|Intimidate|boost
|-unboost|p1a: Heatran|atk|1
|switch|p1a: Weavile|Weavile, M, shiny|100/100
|-damage|p1a: Weavile|76/100|[from] Stealth Rock
|-ability|p1a: Weavile|Pressure
|
|upkeep
|turn|11
|
|t:|1652504312
|move|p1a: Weavile|Triple Axel|p2a: Landorus
|-supereffective|p2a: Landorus
|-damage|p2a: Landorus|38/100
|-supereffective|p2a: Landorus
|-damage|p2a: Landorus|0 fnt
|faint|p2a: Landorus
|-hitcount|p2: Landorus|2
|
|upkeep
|
|t:|1652504319
|switch|p2a: Kartana|Kartana|100/100
|turn|12
|
|t:|1652504330
|switch|p1a: Heatran|Heatran, M, shiny|60/100
|-damage|p1a: Heatran|48/100|[from] Stealth Rock
|move|p2a: Kartana|Leaf Blade|p1a: Heatran
|-resisted|p1a: Heatran
|-damage|p1a: Heatran|39/100
|
|upkeep
|turn|13
|
|t:|1652504334
|move|p2a: Kartana|Sacred Sword|p1a: Heatran
|-supereffective|p1a: Heatran
|-damage|p1a: Heatran|0 fnt
|faint|p1a: Heatran
|-ability|p2a: Kartana|Beast Boost|boost
|-boost|p2a: Kartana|atk|1
|
|upkeep
|
|t:|1652504338
|switch|p1a: Urshifu|Urshifu-Rapid-Strike, M|94/100
|-damage|p1a: Urshifu|88/100|[from] Stealth Rock
|turn|14
|
|t:|1652504344
|switch|p2a: Tapu Lele|Tapu Lele|100/100
|-fieldstart|move: Psychic Terrain|[from] ability: Psychic Surge|[of] p2a: Tapu Lele
|move|p1a: Urshifu|Close Combat|p2a: Tapu Lele
|-resisted|p2a: Tapu Lele
|-damage|p2a: Tapu Lele|75/100
|-unboost|p1a: Urshifu|def|1
|-unboost|p1a: Urshifu|spd|1
|
|upkeep
|turn|15
|l| DA COME UP ★彡
|
|t:|1652504357
|switch|p1a: Landorus|Landorus-Therian, M, shiny|65/100
|-damage|p1a: Landorus|53/100|[from] Stealth Rock
|-ability|p1a: Landorus|Intimidate|boost
|-unboost|p2a: Tapu Lele|atk|1
|move|p2a: Tapu Lele|Moonblast|p1a: Landorus
|-damage|p1a: Landorus|17/100
|-unboost|p1a: Landorus|spa|1
|
|-heal|p1a: Landorus|23/100|[from] item: Leftovers
|upkeep
|turn|16
|
|t:|1652504360
|move|p2a: Tapu Lele|Moonblast|p1a: Landorus
|-damage|p1a: Landorus|0 fnt
|faint|p1a: Landorus
|
|upkeep
|
|t:|1652504361
|switch|p1a: Tapu Bulu|Tapu Bulu, shiny|100/100
|-damage|p1a: Tapu Bulu|88/100|[from] Stealth Rock
|-fieldstart|move: Grassy Terrain|[from] ability: Grassy Surge|[of] p1a: Tapu Bulu
|turn|17
|
|t:|1652504375
|switch|p2a: Blacephalon|Blacephalon|100/100
|move|p1a: Tapu Bulu|Stone Edge|p2a: Blacephalon
|-supereffective|p2a: Blacephalon
|-damage|p2a: Blacephalon|0 fnt
|faint|p2a: Blacephalon
|
|-heal|p1a: Tapu Bulu|94/100|[from] Grassy Terrain
|upkeep
|
|t:|1652504379
|switch|p2a: Kartana|Kartana|100/100
|turn|18
|
|t:|1652504383
|switch|p1a: Weavile|Weavile, M, shiny|76/100
|-damage|p1a: Weavile|51/100|[from] Stealth Rock
|-ability|p1a: Weavile|Pressure
|move|p2a: Kartana|Swords Dance|p2a: Kartana
|-boost|p2a: Kartana|atk|2
|
|-heal|p1a: Weavile|57/100|[from] Grassy Terrain
|upkeep
|turn|19
|-message|HOF69 forfeited.
|
|win|Deepfriedmagikarp
|raw|Deepfriedmagikarp's rating: 1773 &rarr; <strong>1795</strong><br />(+22 for winning)
|raw|HOF69's rating: 1801 &rarr; <strong>1779</strong><br />(-22 for losing)
|l|☆HOF69
