|j|☆early_human
|j|☆Prethia v2
|t:|1604832583
|player|p1|early_human|lucas-gen4pt|1936
|player|p2|Prethia v2|266|2008
|teamsize|p1|6
|teamsize|p2|6
|gametype|singles
|gen|8
|tier|[Gen 8] OU
|rated|
|clearpoke
|poke|p1|Victini|
|poke|p1|Buzzwole|
|poke|p1|Clefable, M|
|poke|p1|Swampert, M|
|poke|p1|Ferrothorn, M|
|poke|p1|Tornadus-Therian, M|
|poke|p2|Blaziken, F|
|poke|p2|Urshifu-*, F|
|poke|p2|Magearna|
|poke|p2|Kyurem-Black|
|poke|p2|Grimmsnarl, M|
|poke|p2|Klefki, M|
|rule|Sleep Clause Mod: Limit one foe put to sleep
|rule|Species Clause: Limit one of each Pokémon
|rule|OHKO Clause: OHKO moves are banned
|rule|Evasion Moves Clause: Evasion moves are banned
|rule|Endless Battle Clause: Forcing endless battles is banned
|rule|HP Percentage Mod: HP is shown in percentages
|rule|Dynamax Clause: You cannot dynamax
|teampreview
|c|☆Prethia v2|gl hf
|c|☆early_human|u2
|
|t:|1604832606
|start
|switch|p1a: Ferrothorn|Ferrothorn, M|100/100
|switch|p2a: Grimmsnarl|Grimmsnarl, M|100/100
|turn|1
|c|☆Prethia v2|sht
|c|☆Prethia v2|I entered in wrong account
|c|☆Prethia v2|shiit
|c|☆Prethia v2|lol
|c|☆early_human|testing a new team?
|c|☆Prethia v2|this is so sad bro
|j| Trysmeth
|c|☆early_human|dw i'm also testing a completely new team
|
|t:|1604832658
|move|p2a: Grimmsnarl|Reflect|p2a: Grimmsnarl
|-sidestart|p2: Prethia v2|Reflect
|move|p1a: Ferrothorn|Knock Off|p2a: Grimmsnarl
|-resisted|p2a: Grimmsnarl
|-damage|p2a: Grimmsnarl|97/100
|-enditem|p2a: Grimmsnarl|Light Clay|[from] move: Knock Off|[of] p1a: Ferrothorn
|
|upkeep
|turn|2
|c|☆early_human|its prob trash
|
|t:|1604832663
|move|p2a: Grimmsnarl|Taunt|p1a: Ferrothorn
|-start|p1a: Ferrothorn|move: Taunt
|cant|p1a: Ferrothorn|move: Taunt|Spikes
|
|upkeep
|turn|3
|
|t:|1604832667
|switch|p1a: Tornadus|Tornadus-Therian, M|100/100
|move|p2a: Grimmsnarl|Light Screen|p2a: Grimmsnarl
|-sidestart|p2: Prethia v2|move: Light Screen
|
|upkeep
|turn|4
|
|t:|1604832672
|move|p2a: Grimmsnarl|Taunt|p1a: Tornadus
|-start|p1a: Tornadus|move: Taunt
|move|p1a: Tornadus|U-turn|p2a: Grimmsnarl
|-damage|p2a: Grimmsnarl|88/100
|
|t:|1604832681
|switch|p1a: Swampert|Swampert, M|100/100|[from]move: U-turn
|
|upkeep
|turn|5
|
|t:|1604832686
|switch|p2a: Urshifu|Urshifu-Rapid-Strike, F|100/100
|move|p1a: Swampert|Flip Turn|p2a: Urshifu
|-resisted|p2a: Urshifu
|-damage|p2a: Urshifu|95/100
|j| stonegebet
|j| i love you mark
|inactive|Battle timer is ON: inactive players will automatically lose when time's up. (requested by Prethia v2)
|j| withouthaxiwin
|j| yiyue
|inactive|early_human has 120 seconds left.
|
|t:|1604832755
|switch|p1a: Clefable|Clefable, M, shiny|100/100|[from]move: Flip Turn
|
|upkeep
|turn|6
|
|t:|1604832787
|move|p2a: Urshifu|Bulk Up|p2a: Urshifu
|-boost|p2a: Urshifu|atk|1
|-boost|p2a: Urshifu|def|1
|move|p1a: Clefable|Moonblast|p2a: Urshifu
|-supereffective|p2a: Urshifu
|-damage|p2a: Urshifu|21/100
|-unboost|p2a: Urshifu|spa|1
|
|upkeep
|turn|7
|
|t:|1604832795
|switch|p1a: Ferrothorn|Ferrothorn, M|100/100
|move|p2a: Urshifu|Surging Strikes|p1a: Ferrothorn
|-resisted|p1a: Ferrothorn
|-crit|p1a: Ferrothorn
|-damage|p1a: Ferrothorn|89/100
|-damage|p2a: Urshifu|9/100|[from] ability: Iron Barbs|[of] p1a: Ferrothorn
|-resisted|p1a: Ferrothorn
|-crit|p1a: Ferrothorn
|-damage|p1a: Ferrothorn|76/100
|-damage|p2a: Urshifu|0 fnt|[from] ability: Iron Barbs|[of] p1a: Ferrothorn
|-hitcount|p1a: Ferrothorn|2
|faint|p2a: Urshifu
|
|-heal|p1a: Ferrothorn|82/100|[from] item: Leftovers
|-sideend|p2: Prethia v2|move: Light Screen
|upkeep
|
|t:|1604832798
|switch|p2a: Blaziken|Blaziken, F|100/100
|turn|8
|
|t:|1604832815
|move|p2a: Blaziken|Swords Dance|p2a: Blaziken
|-boost|p2a: Blaziken|atk|2
|move|p1a: Ferrothorn|Leech Seed|p2a: Blaziken
|-start|p2a: Blaziken|move: Leech Seed
|
|-heal|p1a: Ferrothorn|89/100|[from] item: Leftovers
|-damage|p2a: Blaziken|88/100|[from] Leech Seed|[of] p1a: Ferrothorn
|-heal|p1a: Ferrothorn|99/100|[silent]
|-sideend|p2: Prethia v2|Reflect
|-ability|p2a: Blaziken|Speed Boost|boost
|-boost|p2a: Blaziken|spe|1
|upkeep
|turn|9
|j| jtaquille
|
|t:|1604832827
|switch|p1a: Tornadus|Tornadus-Therian, M|100/100
|move|p2a: Blaziken|Swords Dance|p2a: Blaziken
|-boost|p2a: Blaziken|atk|2
|
|-damage|p2a: Blaziken|76/100|[from] Leech Seed|[of] p1a: Tornadus
|-ability|p2a: Blaziken|Speed Boost|boost
|-boost|p2a: Blaziken|spe|1
|upkeep
|turn|10
|
|t:|1604832832
|switch|p1a: Swampert|Swampert, M|100/100
|move|p2a: Blaziken|Thunder Punch|p1a: Swampert
|-immune|p1a: Swampert
|
|-damage|p2a: Blaziken|64/100|[from] Leech Seed|[of] p1a: Swampert
|-ability|p2a: Blaziken|Speed Boost|boost
|-boost|p2a: Blaziken|spe|1
|upkeep
|turn|11
|j| galactest bro !
|
|t:|1604832841
|switch|p1a: Clefable|Clefable, M, shiny|100/100
|move|p2a: Blaziken|Close Combat|p1a: Clefable
|-resisted|p1a: Clefable
|-damage|p1a: Clefable|0 fnt
|-unboost|p2a: Blaziken|def|1
|-unboost|p2a: Blaziken|spd|1
|faint|p1a: Clefable
|
|-ability|p2a: Blaziken|Speed Boost|boost
|-boost|p2a: Blaziken|spe|1
|upkeep
|c|☆early_human|jesus
|c| jtaquille|gg
|
|t:|1604832850
|switch|p1a: Buzzwole|Buzzwole|100/100
|turn|12
|
|t:|1604832864
|switch|p1a: Swampert|Swampert, M|100/100
|move|p2a: Blaziken|Flare Blitz|p1a: Swampert
|-resisted|p1a: Swampert
|-damage|p1a: Swampert|38/100
|-damage|p2a: Blaziken|36/100|[from] Recoil
|
|-heal|p1a: Swampert|44/100|[from] item: Leftovers
|-damage|p2a: Blaziken|23/100|[from] Leech Seed|[of] p1a: Swampert
|-heal|p1a: Swampert|53/100|[silent]
|-ability|p2a: Blaziken|Speed Boost|boost
|-boost|p2a: Blaziken|spe|1
|upkeep
|turn|13
|j| skylink42
|inactive|early_human has 120 seconds left.
|c|☆Prethia v2|whenever I switch to fire punch
|c|☆Prethia v2|I found myself needing additional power
|c|☆Prethia v2|whenever I switch to flare blitz it is just unnecessary
|c|☆Prethia v2|lol
|j| aaaasdadadadaaa
|j| SpookYeezy
|c|☆early_human|blaziken kinda sucks i just don't have a good answer
|c| jtaquille|true
|l| skylink42
|c|☆early_human|i assumed u had LO
|inactive|early_human has 90 seconds left.
|c|☆early_human|but u didn't so i could have just gone pert
|j| lazatron
|c|☆Prethia v2|lo is stupid
|c|☆Prethia v2|at least with screens
|c|☆Prethia v2|cuz you want longevity
|inactive|early_human has 60 seconds left.
|l| i love you mark
|j| Flame-Yo
|c|☆early_human|fair enough
|c|☆early_human|its just so weak without
|c|☆Prethia v2|and you dnot wanna bother cleaning every hazard coming your way otherwise you lose momentum
|inactive|early_human has 30 seconds left.
|
|t:|1604832989
|move|p2a: Blaziken|Close Combat|p1a: Swampert
|-damage|p1a: Swampert|0 fnt
|-unboost|p2a: Blaziken|def|1
|-unboost|p2a: Blaziken|spd|1
|faint|p1a: Swampert
|
|-ability|p2a: Blaziken|Speed Boost|boost
|-boost|p2a: Blaziken|spe|1
|upkeep
|inactive|early_human has 30 seconds left this turn.
|
|t:|1604832992
|switch|p1a: Buzzwole|Buzzwole|100/100
|turn|14
|
|t:|1604832999
|switch|p1a: Ferrothorn|Ferrothorn, M|99/100
|move|p2a: Blaziken|Close Combat|p1a: Ferrothorn
|-supereffective|p1a: Ferrothorn
|-damage|p1a: Ferrothorn|0 fnt
|-unboost|p2a: Blaziken|def|1
|-unboost|p2a: Blaziken|spd|1
|-damage|p2a: Blaziken|11/100|[from] ability: Iron Barbs|[of] p1a: Ferrothorn
|faint|p1a: Ferrothorn
|
|upkeep
|
|t:|1604833004
|switch|p1a: Buzzwole|Buzzwole|100/100
|turn|15
|
|t:|1604833010
|switch|p1a: Tornadus|Tornadus-Therian, M|100/100
|move|p2a: Blaziken|Flare Blitz|p1a: Tornadus
|-damage|p1a: Tornadus|0 fnt
|-damage|p2a: Blaziken|0 fnt|[from] Recoil
|faint|p1a: Tornadus
|faint|p2a: Blaziken
|
|upkeep
|
|t:|1604833020
|switch|p1a: Victini|Victini|100/100
|switch|p2a: Grimmsnarl|Grimmsnarl, M|88/100
|turn|16
|
|t:|1604833025
|move|p2a: Grimmsnarl|Reflect|p2a: Grimmsnarl
|-sidestart|p2: Prethia v2|Reflect
|move|p1a: Victini|Blue Flare|p2a: Grimmsnarl
|-damage|p2a: Grimmsnarl|30/100
|
|upkeep
|turn|17
|
|t:|1604833035
|move|p2a: Grimmsnarl|Light Screen|p2a: Grimmsnarl
|-sidestart|p2: Prethia v2|move: Light Screen
|move|p1a: Victini|Future Sight|p2a: Grimmsnarl
|-start|p1a: Victini|move: Future Sight
|
|upkeep
|turn|18
|l| Trysmeth
|
|t:|1604833041
|move|p1a: Victini|Blue Flare|p2a: Grimmsnarl
|-crit|p2a: Grimmsnarl
|-damage|p2a: Grimmsnarl|0 fnt
|faint|p2a: Grimmsnarl
|
|upkeep
|
|t:|1604833062
|switch|p2a: Kyurem|Kyurem-Black|100/100
|-ability|p2a: Kyurem|Teravolt
|turn|19
|
|t:|1604833068
|move|p1a: Victini|U-turn|p2a: Kyurem
|-damage|p2a: Kyurem|94/100
|
|t:|1604833070
|switch|p1a: Buzzwole|Buzzwole|100/100|[from]move: U-turn
|move|p2a: Kyurem|Dragon Dance|p2a: Kyurem
|-boost|p2a: Kyurem|atk|1
|-boost|p2a: Kyurem|spe|1
|
|-end|p2a: Kyurem|move: Future Sight
|-damage|p2a: Kyurem|47/100
|upkeep
|turn|20
|
|t:|1604833076
|move|p2a: Kyurem|Dual Wingbeat|p1a: Buzzwole
|-supereffective|p1a: Buzzwole
|-damage|p1a: Buzzwole|50/100
|-supereffective|p1a: Buzzwole
|-damage|p1a: Buzzwole|2/100
|-hitcount|p1a: Buzzwole|2
|move|p1a: Buzzwole|Roost|p1a: Buzzwole
|-heal|p1a: Buzzwole|52/100
|-singleturn|p1a: Buzzwole|move: Roost
|
|-heal|p1a: Buzzwole|58/100|[from] item: Leftovers
|-sideend|p2: Prethia v2|Reflect
|upkeep
|turn|21
|c|☆early_human|ah
|c|☆early_human|i really gotta stop using buzz as my kyu answer
|
|t:|1604833089
|move|p2a: Kyurem|Dual Wingbeat|p1a: Buzzwole
|-supereffective|p1a: Buzzwole
|-damage|p1a: Buzzwole|3/100
|-supereffective|p1a: Buzzwole
|-damage|p1a: Buzzwole|0 fnt
|-hitcount|p1a: Buzzwole|2
|faint|p1a: Buzzwole
|
|-sideend|p2: Prethia v2|move: Light Screen
|upkeep
|c| stonegebet|db kyurem
|
|t:|1604833092
|switch|p1a: Victini|Victini|100/100
|turn|22
|c| stonegebet|hate to see it
|
|t:|1604833103
|move|p2a: Kyurem|Fusion Bolt|p1a: Victini
|-damage|p1a: Victini|35/100
|move|p1a: Victini|Blue Flare|p2a: Kyurem
|-damage|p2a: Kyurem|0 fnt
|faint|p2a: Kyurem
|
|upkeep
|
|t:|1604833107
|switch|p2a: Klefki|Klefki, M|100/100
|turn|23
|
|t:|1604833125
|move|p2a: Klefki|Light Screen|p2a: Klefki
|-sidestart|p2: Prethia v2|move: Light Screen
|move|p1a: Victini|Blue Flare|p2a: Klefki
|-supereffective|p2a: Klefki
|-damage|p2a: Klefki|31/100
|-status|p2a: Klefki|brn
|
|-damage|p2a: Klefki|25/100 brn|[from] brn
|upkeep
|turn|24
|
|t:|1604833130
|move|p2a: Klefki|Thunder Wave|p1a: Victini
|-status|p1a: Victini|par
|cant|p1a: Victini|par
|
|-damage|p2a: Klefki|19/100 brn|[from] brn
|upkeep
|turn|25
|c|☆early_human|gg
|
|t:|1604833136
|move|p2a: Klefki|Steel Beam|p1a: Victini
|-resisted|p1a: Victini
|-damage|p1a: Victini|13/100 par
|-damage|p2a: Klefki|0 fnt|[from] mindblown
|faint|p2a: Klefki
|cant|p1a: Victini|par
|
|upkeep
|
|t:|1604833139
|switch|p2a: Magearna|Magearna|100/100
|turn|26
|j| Windows 98 SE
|
|t:|1604833152
|move|p2a: Magearna|Calm Mind|p2a: Magearna
|-boost|p2a: Magearna|spa|1
|-boost|p2a: Magearna|spd|1
|move|p1a: Victini|Blue Flare|p2a: Magearna
|-supereffective|p2a: Magearna
|-damage|p2a: Magearna|72/100
|
|-heal|p2a: Magearna|78/100|[from] item: Leftovers
|upkeep
|turn|27
|
|t:|1604833166
|move|p2a: Magearna|Calm Mind|p2a: Magearna
|-boost|p2a: Magearna|spa|1
|-boost|p2a: Magearna|spd|1
|move|p1a: Victini|Blue Flare|p2a: Magearna
|-supereffective|p2a: Magearna
|-damage|p2a: Magearna|57/100
|
|-heal|p2a: Magearna|63/100|[from] item: Leftovers
|upkeep
|turn|28
|
|t:|1604833168
|move|p2a: Magearna|Stored Power|p1a: Victini
|-resisted|p1a: Victini
|-damage|p1a: Victini|0 fnt
|faint|p1a: Victini
|
|win|Prethia v2
|c| withouthaxiwin|prethia's team is cool ngl
|l|☆early_human
|raw|early_human's rating: 1931 &rarr; <strong>1915</strong><br />(-16 for losing)
|raw|Prethia v2's rating: 2008 &rarr; <strong>2024</strong><br />(+16 for winning)
|c|☆Prethia v2|gg
|l| Flame-Yo
|l| stonegebet
|l| aaaasdadadadaaa
|c| jtaquille|really offensive
|l| jtaquille
|c|☆Prethia v2|well
|l| SpookYeezy
|c|☆Prethia v2|was way more cooler
|c|☆Prethia v2|when it had lando
|c| withouthaxiwin|I like the savage offense approach
|c| withouthaxiwin|its perfect for ppl with jobs
|c| withouthaxiwin|that have a life
|j| GRAND EMPRESS
|l| GRAND EMPRESS
|l| yiyue
|l| Windows 98 SE
|l| lazatron
