|j|☆DarkHawk712
|j|☆Chikami
|t:|1631833901
|gametype|singles
|player|p1|DarkHawk712|riley|1540
|player|p2|Chikami|ethan|1604
|teamsize|p1|6
|teamsize|p2|6
|gen|8
|tier|[Gen 8] OU
|rated|
|rule|Sleep Clause Mod: Limit one foe put to sleep
|rule|Species Clause: Limit one of each Pokémon
|rule|OHKO Clause: OHKO moves are banned
|rule|Evasion Moves Clause: Evasion moves are banned
|rule|Endless Battle Clause: Forcing endless battles is banned
|rule|HP Percentage Mod: HP is shown in percentages
|rule|Dynamax Clause: You cannot dynamax
|clearpoke
|poke|p1|Gyarados, M|
|poke|p1|Volcarona, F|
|poke|p1|Rillaboom, F|
|poke|p1|Kommo-o, M|
|poke|p1|Corviknight, F|
|poke|p1|Landorus-Therian, M|
|poke|p2|Mew|
|poke|p2|Ninetales-Alola, F|
|poke|p2|Garchomp, M|
|poke|p2|Magnezone|
|poke|p2|Urshifu-*, F|
|poke|p2|Tapu Lele|
|teampreview
|
|t:|1631833914
|start
|switch|p1a: Rillaboom|Rillaboom, F|100/100
|switch|p2a: Mew|Mew|100/100
|-fieldstart|move: Grassy Terrain|[from] ability: Grassy Surge|[of] p1a: Rillaboom
|turn|1
|
|t:|1631833926
|switch|p1a: Volcarona|Volcarona, F|100/100
|move|p2a: Mew|Stealth Rock|p1a: Volcarona
|-sidestart|p1: DarkHawk712|move: Stealth Rock
|
|upkeep
|turn|2
|
|t:|1631833943
|move|p2a: Mew|Taunt|p1a: Volcarona
|-start|p1a: Volcarona|move: Taunt
|cant|p1a: Volcarona|move: Taunt|Quiver Dance
|
|upkeep
|turn|3
|
|t:|1631833950
|move|p2a: Mew|Knock Off|p1a: Volcarona
|-damage|p1a: Volcarona|64/100
|-enditem|p1a: Volcarona|Heavy-Duty Boots|[from] move: Knock Off|[of] p2a: Mew
|move|p1a: Volcarona|Bug Buzz|p2a: Mew
|-supereffective|p2a: Mew
|-damage|p2a: Mew|9/100
|-enditem|p2a: Mew|Red Card|[of] p1a: Volcarona
|drag|p1a: Gyarados|Gyarados, M|100/100
|
|-heal|p2a: Mew|16/100|[from] Grassy Terrain
|upkeep
|turn|4
|j| GalarianN00b
|l| GalarianN00b
|
|t:|1631833961
|move|p2a: Mew|Knock Off|p1a: Gyarados
|-damage|p1a: Gyarados|72/100
|-enditem|p1a: Gyarados|Heavy-Duty Boots|[from] move: Knock Off|[of] p2a: Mew
|move|p1a: Gyarados|Dragon Dance|p1a: Gyarados
|-boost|p1a: Gyarados|atk|1
|-boost|p1a: Gyarados|spe|1
|
|-heal|p2a: Mew|22/100|[from] Grassy Terrain
|upkeep
|turn|5
|
|t:|1631834004
|switch|p2a: Garchomp|Garchomp, M|100/100
|move|p1a: Gyarados|Dragon Dance|p1a: Gyarados
|-boost|p1a: Gyarados|atk|1
|-boost|p1a: Gyarados|spe|1
|
|-fieldend|move: Grassy Terrain
|upkeep
|turn|6
|
|t:|1631834015
|move|p1a: Gyarados|Ice Fang|p2a: Garchomp
|-supereffective|p2a: Garchomp
|-damage|p2a: Garchomp|0 fnt
|-damage|p1a: Gyarados|59/100|[from] ability: Rough Skin|[of] p2a: Garchomp
|faint|p2a: Garchomp
|-ability|p1a: Gyarados|Moxie|boost
|-boost|p1a: Gyarados|atk|1
|
|upkeep
|j| clean cuts
|
|t:|1631834029
|switch|p2a: Urshifu|Urshifu-Rapid-Strike, F|100/100
|turn|7
|
|t:|1631834038
|move|p1a: Gyarados|Power Whip|p2a: Urshifu
|-supereffective|p2a: Urshifu
|-damage|p2a: Urshifu|0 fnt
|faint|p2a: Urshifu
|-ability|p1a: Gyarados|Moxie|boost
|-boost|p1a: Gyarados|atk|1
|
|upkeep
|-message|Chikami forfeited.
|
|win|DarkHawk712
|raw|DarkHawk712's rating: 1540 &rarr; <strong>1564</strong><br />(+24 for winning)
|raw|Chikami's rating: 1604 &rarr; <strong>1580</strong><br />(-24 for losing)
|l|☆Chikami
