|html|<div class="broadcast-blue"><strong>[Gen 8] OU is currently suspecting Zamazenta-Crowned! For information on how to participate check out the <a href="https://www.smogon.com/forums/threads/np-ss-ou-suspect-process-round-10-royals.3681787/">suspect thread</a>.</strong></div>
|j|☆Gabriel Gottapok
|j|☆PedroGreg
|t:|1619126332
|gametype|singles
|player|p1|Gabriel Gottapok|silver|
|player|p2|PedroGreg|bianca|
|teamsize|p1|6
|teamsize|p2|6
|gen|8
|tier|[Gen 8] OU
|rated|Tournament battle
|clearpoke
|poke|p1|Zamazenta-Crowned|
|poke|p1|Landorus-Therian, M|
|poke|p1|Slowbro, F|
|poke|p1|Tapu Koko|
|poke|p1|Clefable, F|
|poke|p1|Dragapult, F|
|poke|p2|Dragapult, M|
|poke|p2|Clefable, M|
|poke|p2|Salamence, M|
|poke|p2|Heatran, M|
|poke|p2|Zamazenta-Crowned|
|poke|p2|Landorus-Therian, M|
|rule|Sleep Clause Mod: Limit one foe put to sleep
|rule|Species Clause: Limit one of each Pokémon
|rule|OHKO Clause: OHKO moves are banned
|rule|Evasion Moves Clause: Evasion moves are banned
|rule|Endless Battle Clause: Forcing endless battles is banned
|rule|HP Percentage Mod: HP is shown in percentages
|rule|Dynamax Clause: You cannot dynamax
|teampreview
|j|%Skiry
|c|☆PedroGreg|hf
|c|%Skiry|bom dia
|c|☆Gabriel Gottapok|hf
|j| Edgy 4fun
|c|☆PedroGreg|bd
|c| Edgy 4fun|PedroGreg tu tem a obrigacao de ganhar
|j|+woopersons°°42³
|c| Edgy 4fun|safado pilantra salafraio
|c|☆PedroGreg|pq?
|
|t:|1619126365
|start
|switch|p1a: Landorus|Landorus-Therian, M|100/100
|switch|p2a: Clefable|Clefable, M|100/100
|-ability|p1a: Landorus|Intimidate|boost
|-unboost|p2a: Clefable|atk|1
|turn|1
|c| Edgy 4fun|pq deixou meu ferrothorn vesgo
|c| Edgy 4fun|e ganhou a speed tie
|
|t:|1619126384
|move|p1a: Landorus|Stealth Rock|p2a: Clefable
|-sidestart|p2: PedroGreg|move: Stealth Rock
|move|p2a: Clefable|Trick|p1a: Landorus
|-activate|p2a: Clefable|move: Trick|[of] p1a: Landorus
|-item|p1a: Landorus|Sticky Barb|[from] move: Trick
|-item|p2a: Clefable|Leftovers|[from] move: Trick
|
|-damage|p1a: Landorus|88/100|[from] item: Sticky Barb
|upkeep
|turn|2
|inactive|Battle timer is ON: inactive players will automatically lose when time's up. (requested by PedroGreg)
|j|+Sahki
|
|t:|1619126391
|move|p1a: Landorus|U-turn|p2a: Clefable
|-resisted|p2a: Clefable
|-damage|p2a: Clefable|91/100
|
|t:|1619126409
|switch|p1a: Zamazenta|Zamazenta-Crowned|100/100|[from]move: U-turn
|-ability|p1a: Zamazenta|Dauntless Shield|boost
|-boost|p1a: Zamazenta|def|1
|move|p2a: Clefable|Stealth Rock|p1a: Zamazenta
|-sidestart|p1: Gabriel Gottapok|move: Stealth Rock
|
|-heal|p2a: Clefable|97/100|[from] item: Leftovers
|upkeep
|turn|3
|
|t:|1619126415
|switch|p2a: Salamence|Salamence, M|100/100
|-ability|p2a: Salamence|Intimidate|boost
|-unboost|p1a: Zamazenta|atk|1
|move|p1a: Zamazenta|Howl|p1a: Zamazenta
|-boost|p1a: Zamazenta|atk|1
|
|upkeep
|turn|4
|
|t:|1619126423
|move|p1a: Zamazenta|Behemoth Bash|p2a: Salamence
|-damage|p2a: Salamence|58/100
|move|p2a: Salamence|Earthquake|p1a: Zamazenta
|-supereffective|p1a: Zamazenta
|-crit|p1a: Zamazenta
|-damage|p1a: Zamazenta|42/100
|
|upkeep
|turn|5
|
|t:|1619126430
|move|p1a: Zamazenta|Behemoth Bash|p2a: Salamence
|-damage|p2a: Salamence|15/100
|move|p2a: Salamence|Roost|p2a: Salamence
|-heal|p2a: Salamence|65/100
|-singleturn|p2a: Salamence|move: Roost
|
|upkeep
|turn|6
|c| Edgy 4fun|nossa
|
|t:|1619126436
|move|p1a: Zamazenta|Howl|p1a: Zamazenta
|-boost|p1a: Zamazenta|atk|1
|move|p2a: Salamence|Roost|p2a: Salamence
|-heal|p2a: Salamence|100/100
|-singleturn|p2a: Salamence|move: Roost
|
|upkeep
|turn|7
|c| Edgy 4fun|cara ladrao dms
|
|t:|1619126443
|move|p1a: Zamazenta|Behemoth Bash|p2a: Salamence
|-damage|p2a: Salamence|41/100
|move|p2a: Salamence|Earthquake|p1a: Zamazenta
|-supereffective|p1a: Zamazenta
|-damage|p1a: Zamazenta|13/100
|
|upkeep
|turn|8
|
|t:|1619126451
|move|p1a: Zamazenta|Behemoth Bash|p2a: Salamence
|-damage|p2a: Salamence|0 fnt
|faint|p2a: Salamence
|
|upkeep
|
|t:|1619126453
|switch|p2a: Dragapult|Dragapult, M|100/100
|turn|9
|j| Rafaella21 ⌐▨_▨
|
|t:|1619126472
|switch|p1a: Clefable|Clefable, F|100/100
|move|p2a: Dragapult|Hex|p1a: Clefable
|-damage|p1a: Clefable|82/100
|
|-heal|p1a: Clefable|88/100|[from] item: Leftovers
|upkeep
|turn|10
|
|t:|1619126482
|move|p2a: Dragapult|U-turn|p1a: Clefable
|-resisted|p1a: Clefable
|-damage|p1a: Clefable|78/100
|l| Rafaella21 ⌐▨_▨
|
|t:|1619126485
|switch|p2a: Zamazenta|Zamazenta-Crowned|100/100|[from]move: U-turn
|-damage|p2a: Zamazenta|97/100|[from] Stealth Rock
|-ability|p2a: Zamazenta|Dauntless Shield|boost
|-boost|p2a: Zamazenta|def|1
|move|p1a: Clefable|Teleport|p1a: Clefable
|j| Contini
|c| Edgy 4fun|eu falei
|
|t:|1619126492
|switch|p1a: Landorus|Landorus-Therian, M|88/100|[from]move: Teleport
|-damage|p1a: Landorus|76/100|[from] Stealth Rock
|-ability|p1a: Landorus|Intimidate|boost
|-unboost|p2a: Zamazenta|atk|1
|
|-damage|p1a: Landorus|64/100|[from] item: Sticky Barb
|upkeep
|turn|11
|l| Contini
|c| Edgy 4fun|q esse set de pult
|c| Edgy 4fun|fedia
|
|t:|1619126501
|switch|p2a: Landorus|Landorus-Therian, M|100/100
|-damage|p2a: Landorus|88/100|[from] Stealth Rock
|-ability|p2a: Landorus|Intimidate|boost
|-unboost|p1a: Landorus|atk|1
|move|p1a: Landorus|Earthquake|p2a: Landorus
|-immune|p2a: Landorus
|
|-damage|p1a: Landorus|51/100|[from] item: Sticky Barb
|upkeep
|turn|12
|
|t:|1619126507
|move|p2a: Landorus|Knock Off|p1a: Landorus
|-damage|p1a: Landorus|11/100
|-enditem|p1a: Landorus|Sticky Barb|[from] move: Knock Off|[of] p2a: Landorus
|move|p1a: Landorus|Stone Edge|p2a: Landorus
|-damage|p2a: Landorus|60/100
|
|upkeep
|turn|13
|
|t:|1619126513
|move|p2a: Landorus|Knock Off|p1a: Landorus
|-damage|p1a: Landorus|0 fnt
|faint|p1a: Landorus
|
|upkeep
|
|t:|1619126526
|switch|p1a: Zamazenta|Zamazenta-Crowned|13/100
|-damage|p1a: Zamazenta|10/100|[from] Stealth Rock
|-ability|p1a: Zamazenta|Dauntless Shield|boost
|-boost|p1a: Zamazenta|def|1
|turn|14
|c|☆PedroGreg|mano
|c|☆PedroGreg|será que tanka?
|c|☆Gabriel Gottapok|não tenho duvidas
|c| Edgy 4fun|o landot?
|c| Edgy 4fun|nao
|c| Edgy 4fun|o zama?
|c| Edgy 4fun|sim
|c| Edgy 4fun|com ctz
|inactive|PedroGreg has 120 seconds left.
|
|t:|1619126558
|switch|p2a: Zamazenta|Zamazenta-Crowned|97/100
|-damage|p2a: Zamazenta|94/100|[from] Stealth Rock
|-ability|p2a: Zamazenta|Dauntless Shield|boost
|-boost|p2a: Zamazenta|def|1
|move|p1a: Zamazenta|Behemoth Bash|p2a: Zamazenta
|-resisted|p2a: Zamazenta
|-damage|p2a: Zamazenta|82/100
|
|upkeep
|turn|15
|c|☆Gabriel Gottapok|ah se eu fosse homem
|
|t:|1619126571
|switch|p1a: Slowbro|Slowbro, F|100/100
|switch|p2a: Dragapult|Dragapult, M|100/100
|
|upkeep
|turn|16
|c| Edgy 4fun|kkkkkkkkkkkkkkkkk
|
|t:|1619126586
|switch|p1a: Clefable|Clefable, F|78/100
|move|p2a: Dragapult|Hex|p1a: Clefable
|-damage|p1a: Clefable|59/100
|
|-heal|p1a: Clefable|65/100|[from] item: Leftovers
|upkeep
|turn|17
|
|t:|1619126592
|move|p2a: Dragapult|U-turn|p1a: Clefable
|-resisted|p1a: Clefable
|-damage|p1a: Clefable|53/100
|
|t:|1619126603
|switch|p2a: Heatran|Heatran, M|100/100|[from]move: U-turn
|-damage|p2a: Heatran|88/100|[from] Stealth Rock
|move|p1a: Clefable|Wish|p1a: Clefable
|
|-heal|p2a: Heatran|94/100|[from] item: Leftovers
|-heal|p1a: Clefable|59/100|[from] item: Leftovers
|upkeep
|turn|18
|
|t:|1619126611
|switch|p1a: Dragapult|Dragapult, F|100/100
|-damage|p1a: Dragapult|88/100|[from] Stealth Rock
|move|p2a: Heatran|Earth Power|p1a: Dragapult
|-damage|p1a: Dragapult|52/100
|
|-heal|p1a: Dragapult|100/100|[from] move: Wish|[wisher] Clefable
|-heal|p2a: Heatran|100/100|[from] item: Leftovers
|upkeep
|turn|19
|
|t:|1619126619
|move|p2a: Heatran|Protect|p2a: Heatran
|-singleturn|p2a: Heatran|Protect
|move|p1a: Dragapult|Shadow Ball|p2a: Heatran
|-activate|p2a: Heatran|move: Protect
|
|upkeep
|turn|20
|
|t:|1619126624
|move|p1a: Dragapult|Shadow Ball|p2a: Heatran
|-damage|p2a: Heatran|76/100
|move|p2a: Heatran|Magma Storm|p1a: Dragapult|[miss]
|-miss|p2a: Heatran|p1a: Dragapult
|
|-heal|p2a: Heatran|83/100|[from] item: Leftovers
|upkeep
|turn|21
|c|%Skiry|0
|
|t:|1619126629
|move|p2a: Heatran|Protect|p2a: Heatran
|-singleturn|p2a: Heatran|Protect
|move|p1a: Dragapult|Shadow Ball|p2a: Heatran
|-activate|p2a: Heatran|move: Protect
|
|-heal|p2a: Heatran|89/100|[from] item: Leftovers
|upkeep
|turn|22
|
|t:|1619126630
|move|p1a: Dragapult|Shadow Ball|p2a: Heatran
|-damage|p2a: Heatran|65/100
|move|p2a: Heatran|Magma Storm|p1a: Dragapult
|-resisted|p1a: Dragapult
|-damage|p1a: Dragapult|70/100
|-activate|p1a: Dragapult|move: Magma Storm|[of] p2a: Heatran
|
|-heal|p2a: Heatran|71/100|[from] item: Leftovers
|-damage|p1a: Dragapult|58/100|[from] move: Magma Storm|[partiallytrapped]
|upkeep
|turn|23
|c| Edgy 4fun|1
|c|☆Gabriel Gottapok|ja achei um bug nessa batalha
|
|t:|1619126639
|switch|p1a: Zamazenta|Zamazenta-Crowned|10/100
|-damage|p1a: Zamazenta|7/100|[from] Stealth Rock
|-ability|p1a: Zamazenta|Dauntless Shield|boost
|-boost|p1a: Zamazenta|def|1
|move|p2a: Heatran|Earth Power|p1a: Zamazenta
|-supereffective|p1a: Zamazenta
|-damage|p1a: Zamazenta|0 fnt
|faint|p1a: Zamazenta
|
|-heal|p2a: Heatran|78/100|[from] item: Leftovers
|upkeep
|c|%Skiry|goat
|
|t:|1619126654
|switch|p1a: Dragapult|Dragapult, F|58/100
|-damage|p1a: Dragapult|46/100|[from] Stealth Rock
|turn|24
|c|☆PedroGreg|Gabriel Gottapok
|c|☆Gabriel Gottapok|pois não
|c|☆PedroGreg|sabia que na ladder lá pelos 1900 o pessoal n sabe que ghost sai da trap?
|inactive|PedroGreg has 120 seconds left.
|c|☆Gabriel Gottapok|kkkkkkk
|c|☆Gabriel Gottapok|sério?
|
|t:|1619126689
|move|p2a: Heatran|Protect|p2a: Heatran
|-singleturn|p2a: Heatran|Protect
|move|p1a: Dragapult|Shadow Ball|p2a: Heatran
|-activate|p2a: Heatran|move: Protect
|
|-heal|p2a: Heatran|84/100|[from] item: Leftovers
|upkeep
|turn|25
|c|+Sahki|eu achei um fairy, um steel, um ghost, um psychic, um electric, um ground, um flying, um fighting, um dragon e um fire Gabriel Gottapok
|c|☆PedroGreg|s
|inactive|PedroGreg has 120 seconds left.
|c|☆Gabriel Gottapok|nossa Sahki
|c|☆Gabriel Gottapok|humorista mesmo
|c|+Sahki|rsrs
|inactive|Gabriel Gottapok has 120 seconds left.
|c|☆Gabriel Gottapok|aprendeu com quem?
|
|t:|1619126725
|move|p1a: Dragapult|Shadow Ball|p2a: Heatran
|-damage|p2a: Heatran|60/100
|move|p2a: Heatran|Earth Power|p1a: Dragapult
|-damage|p1a: Dragapult|9/100
|
|-heal|p2a: Heatran|66/100|[from] item: Leftovers
|upkeep
|turn|26
|inactive|Gabriel Gottapok has 120 seconds left.
|
|t:|1619126732
|move|p2a: Heatran|Protect|p2a: Heatran
|-singleturn|p2a: Heatran|Protect
|move|p1a: Dragapult|Shadow Ball|p2a: Heatran
|-activate|p2a: Heatran|move: Protect
|
|-heal|p2a: Heatran|73/100|[from] item: Leftovers
|upkeep
|turn|27
|
|t:|1619126740
|move|p1a: Dragapult|Shadow Ball|p2a: Heatran
|-damage|p2a: Heatran|48/100
|move|p2a: Heatran|Earth Power|p1a: Dragapult
|-damage|p1a: Dragapult|0 fnt
|faint|p1a: Dragapult
|
|-heal|p2a: Heatran|55/100|[from] item: Leftovers
|upkeep
|inactive|Gabriel Gottapok has 120 seconds left.
|c|☆Gabriel Gottapok|meu Dragapult é Metronome e o golpe não saiu dos 25%
|c|☆Gabriel Gottapok|tenho quase certeza que isso é bug
|c| Edgy 4fun|metronome pult é gravissimo
|c| Edgy 4fun|protect barra isso tbm ig
|
|t:|1619126780
|switch|p1a: Slowbro|Slowbro, F|100/100
|turn|28
|l|%Skiry
|c|☆Gabriel Gottapok|talvez
|
|t:|1619126790
|move|p2a: Heatran|Protect|p2a: Heatran
|-singleturn|p2a: Heatran|Protect
|move|p1a: Slowbro|Scald|p2a: Heatran
|-activate|p2a: Heatran|move: Protect
|
|-heal|p2a: Heatran|61/100|[from] item: Leftovers
|upkeep
|turn|29
|
|t:|1619126796
|switch|p2a: Clefable|Clefable, M|97/100
|move|p1a: Slowbro|Scald|p2a: Clefable
|-damage|p2a: Clefable|70/100
|
|-heal|p2a: Clefable|76/100|[from] item: Leftovers
|upkeep
|turn|30
|j| Wender53
|
|t:|1619126807
|move|p2a: Clefable|Moonblast|p1a: Slowbro
|-damage|p1a: Slowbro|65/100
|-unboost|p1a: Slowbro|spa|1
|move|p1a: Slowbro|Future Sight|p2a: Clefable
|-start|p1a: Slowbro|move: Future Sight
|
|-heal|p2a: Clefable|82/100|[from] item: Leftovers
|upkeep
|turn|31
|
|t:|1619126817
|move|p2a: Clefable|Moonblast|p1a: Slowbro
|-damage|p1a: Slowbro|32/100
|move|p1a: Slowbro|Teleport|p1a: Slowbro
|
|t:|1619126824
|switch|p1a: Tapu Koko|Tapu Koko|100/100|[from]move: Teleport
|-fieldstart|move: Electric Terrain|[from] ability: Electric Surge|[of] p1a: Tapu Koko
|
|-heal|p2a: Clefable|88/100|[from] item: Leftovers
|upkeep
|turn|32
|
|t:|1619126832
|move|p1a: Tapu Koko|Thunderbolt|p2a: Clefable
|-damage|p2a: Clefable|43/100
|move|p2a: Clefable|Soft-Boiled|p2a: Clefable
|-heal|p2a: Clefable|93/100
|
|-end|p2a: Clefable|move: Future Sight
|-damage|p2a: Clefable|53/100
|-heal|p2a: Clefable|59/100|[from] item: Leftovers
|upkeep
|turn|33
|
|t:|1619126840
|move|p1a: Tapu Koko|Volt Switch|p2a: Clefable
|-damage|p2a: Clefable|24/100
|c|☆Gabriel Gottapok|gg
|-message|Gabriel Gottapok forfeited.
|
|win|PedroGreg
|n|☆Gabriel Gottapok|gabrielgottapok
|n|☆PedroGreg|pedrogreg
|n| Edgy 4fun|edgy4fun
|n| woopersons°°42³|woopersons42
|n| Sahki|sahki
|n| Wender53|wender53
