|j|☆salpicadura
|j|☆vagmak
|t:|1644415702
|gametype|singles
|player|p1|salpicadura|fisherman-gen4|1731
|player|p2|vagmak|brawly|1687
|teamsize|p1|6
|teamsize|p2|6
|gen|8
|tier|[Gen 8] OU
|rated|
|rule|Sleep Clause Mod: Limit one foe put to sleep
|rule|Species Clause: Limit one of each Pokémon
|rule|OHKO Clause: OHKO moves are banned
|rule|Evasion Moves Clause: Evasion moves are banned
|rule|Endless Battle Clause: Forcing endless battles is banned
|rule|HP Percentage Mod: HP is shown in percentages
|rule|Dynamax Clause: You cannot dynamax
|clearpoke
|poke|p1|Garchomp, F|
|poke|p1|Scizor, M|
|poke|p1|Blissey, F|
|poke|p1|Landorus-Therian, M|
|poke|p1|Melmetal|
|poke|p1|Weavile, F|
|poke|p2|Garchomp, F|
|poke|p2|Melmetal|
|poke|p2|Zapdos|
|poke|p2|Kartana|
|poke|p2|Mamoswine, F|
|poke|p2|Urshifu-*, F|
|teampreview
|
|t:|1644415713
|start
|switch|p1a: Garchomp|Garchomp, F|100/100
|switch|p2a: Urshifu|Urshifu-Rapid-Strike, F|100/100
|turn|1
|inactive|Battle timer is ON: inactive players will automatically lose when time's up. (requested by vagmak)
|
|t:|1644415724
|move|p1a: Garchomp|Draco Meteor|p2a: Urshifu
|-damage|p2a: Urshifu|3/100
|-unboost|p1a: Garchomp|spa|2
|-damage|p1a: Garchomp|91/100|[from] item: Life Orb
|move|p2a: Urshifu|Close Combat|p1a: Garchomp
|-damage|p1a: Garchomp|0 fnt
|-unboost|p2a: Urshifu|def|1
|-unboost|p2a: Urshifu|spd|1
|-damage|p2a: Urshifu|0 fnt|[from] ability: Rough Skin|[of] p1a: Garchomp
|faint|p1a: Garchomp
|faint|p2a: Urshifu
|
|upkeep
|j| kind of liked it
|
|t:|1644415741
|switch|p1a: Scizor|Scizor, M|100/100
|switch|p2a: Garchomp|Garchomp, F|100/100
|turn|2
|
|t:|1644415749
|switch|p1a: Blissey|Blissey, F|100/100
|move|p2a: Garchomp|Fire Fang|p1a: Blissey
|-damage|p1a: Blissey|74/100
|-damage|p2a: Garchomp|91/100|[from] item: Life Orb
|
|upkeep
|turn|3
|j| wither leaves
|
|t:|1644415757
|move|p2a: Garchomp|Swords Dance|p2a: Garchomp
|-boost|p2a: Garchomp|atk|2
|move|p1a: Blissey|Soft-Boiled|p1a: Blissey
|-heal|p1a: Blissey|100/100
|
|upkeep
|turn|4
|
|t:|1644415768
|move|p2a: Garchomp|Earthquake|p1a: Blissey
|-damage|p1a: Blissey|0 fnt
|faint|p1a: Blissey
|-damage|p2a: Garchomp|81/100|[from] item: Life Orb
|
|upkeep
|
|t:|1644415771
|switch|p1a: Weavile|Weavile, F|100/100
|-ability|p1a: Weavile|Pressure
|turn|5
|
|t:|1644415779
|switch|p2a: Melmetal|Melmetal|100/100
|move|p1a: Weavile|Knock Off|p2a: Melmetal
|-damage|p2a: Melmetal|70/100
|-enditem|p2a: Melmetal|Assault Vest|[from] move: Knock Off|[of] p1a: Weavile
|
|upkeep
|turn|6
|
|t:|1644415786
|switch|p1a: Scizor|Scizor, M|100/100
|move|p2a: Melmetal|Ice Punch|p1a: Scizor
|-resisted|p1a: Scizor
|-damage|p1a: Scizor|87/100
|
|upkeep
|turn|7
|
|t:|1644415794
|switch|p2a: Zapdos|Zapdos|100/100
|move|p1a: Scizor|U-turn|p2a: Zapdos
|-resisted|p2a: Zapdos
|-damage|p2a: Zapdos|83/100
|
|t:|1644415797
|switch|p1a: Landorus|Landorus-Therian, M|100/100|[from]move: U-turn
|-ability|p1a: Landorus|Intimidate|boost
|-unboost|p2a: Zapdos|atk|1
|
|upkeep
|turn|8
|
|t:|1644415805
|move|p1a: Landorus|Substitute|p1a: Landorus
|-start|p1a: Landorus|Substitute
|-damage|p1a: Landorus|76/100
|move|p2a: Zapdos|Hurricane|p1a: Landorus
|-end|p1a: Landorus|Substitute
|
|-heal|p1a: Landorus|82/100|[from] item: Leftovers
|upkeep
|turn|9
|
|t:|1644415815
|move|p1a: Landorus|Substitute|p1a: Landorus
|-start|p1a: Landorus|Substitute
|-damage|p1a: Landorus|57/100
|move|p2a: Zapdos|Hurricane|p1a: Landorus|[miss]
|-miss|p2a: Zapdos|p1a: Landorus
|
|-heal|p1a: Landorus|63/100|[from] item: Leftovers
|upkeep
|turn|10
|
|t:|1644415823
|move|p1a: Landorus|Swords Dance|p1a: Landorus
|-boost|p1a: Landorus|atk|2
|move|p2a: Zapdos|Hurricane|p1a: Landorus
|-crit|p1a: Landorus
|-end|p1a: Landorus|Substitute
|
|-heal|p1a: Landorus|69/100|[from] item: Leftovers
|upkeep
|turn|11
|
|t:|1644415832
|move|p1a: Landorus|Substitute|p1a: Landorus
|-start|p1a: Landorus|Substitute
|-damage|p1a: Landorus|44/100
|move|p2a: Zapdos|Hurricane|p1a: Landorus|[miss]
|-miss|p2a: Zapdos|p1a: Landorus
|
|-heal|p1a: Landorus|50/100|[from] item: Leftovers
|upkeep
|turn|12
|
|t:|1644415840
|move|p1a: Landorus|Smack Down|p2a: Zapdos
|-supereffective|p2a: Zapdos
|-damage|p2a: Zapdos|0 fnt
|faint|p2a: Zapdos
|
|-heal|p1a: Landorus|56/100|[from] item: Leftovers
|upkeep
|
|t:|1644415852
|switch|p2a: Garchomp|Garchomp, F|81/100
|turn|13
|
|t:|1644415860
|move|p2a: Garchomp|Dragon Claw|p1a: Landorus
|-end|p1a: Landorus|Substitute
|-damage|p2a: Garchomp|71/100|[from] item: Life Orb
|move|p1a: Landorus|Earthquake|p2a: Garchomp
|-crit|p2a: Garchomp
|-damage|p2a: Garchomp|0 fnt
|faint|p2a: Garchomp
|
|-heal|p1a: Landorus|62/100|[from] item: Leftovers
|upkeep
|
|t:|1644415873
|switch|p2a: Kartana|Kartana|100/100
|turn|14
|
|t:|1644415878
|switch|p1a: Scizor|Scizor, M|87/100
|move|p2a: Kartana|Leaf Blade|p1a: Scizor
|-resisted|p1a: Scizor
|-damage|p1a: Scizor|73/100
|-damage|p2a: Kartana|90/100|[from] item: Life Orb
|
|upkeep
|turn|15
|
|t:|1644415887
|move|p2a: Kartana|Swords Dance|p2a: Kartana
|-boost|p2a: Kartana|atk|2
|move|p1a: Scizor|Roost|p1a: Scizor
|-heal|p1a: Scizor|100/100
|-singleturn|p1a: Scizor|move: Roost
|
|upkeep
|turn|16
|
|t:|1644415898
|move|p2a: Kartana|Knock Off|p1a: Scizor
|-damage|p1a: Scizor|17/100
|-enditem|p1a: Scizor|Heavy-Duty Boots|[from] move: Knock Off|[of] p2a: Kartana
|-damage|p2a: Kartana|80/100|[from] item: Life Orb
|move|p1a: Scizor|U-turn|p2a: Kartana
|-damage|p2a: Kartana|50/100
|
|t:|1644415907
|switch|p1a: Weavile|Weavile, F|100/100|[from]move: U-turn
|-ability|p1a: Weavile|Pressure
|
|upkeep
|turn|17
|l|☆vagmak
|inactive|vagmak disconnected and has a minute to reconnect!
|player|p2|
|j|☆vagmak
|inactive|vagmak reconnected and has 110 seconds left.
|player|p2|vagmak|brawly
|
|t:|1644415955
|move|p1a: Weavile|Knock Off|p2a: Kartana
|-damage|p2a: Kartana|1/100
|-enditem|p2a: Kartana|Life Orb|[from] move: Knock Off|[of] p1a: Weavile
|move|p2a: Kartana|Sacred Sword|p1a: Weavile
|-supereffective|p1a: Weavile
|-damage|p1a: Weavile|0 fnt
|faint|p1a: Weavile
|-ability|p2a: Kartana|Beast Boost|boost
|-boost|p2a: Kartana|atk|1
|
|upkeep
|
|t:|1644415958
|switch|p1a: Scizor|Scizor, M|17/100
|turn|18
|l|☆vagmak
|inactive|vagmak disconnected and has a minute to reconnect!
|player|p2|
|j| daddy max
|j| L0IL
|inactive|vagmak has 30 seconds to reconnect!
|inactive|vagmak has 20 seconds to reconnect!
|j|☆vagmak
|inactive|vagmak reconnected and has 60 seconds left.
|player|p2|vagmak|brawly
|
|t:|1644416026
|switch|p2a: Melmetal|Melmetal|70/100
|move|p1a: Scizor|Bullet Punch|p2a: Melmetal
|-resisted|p2a: Melmetal
|-damage|p2a: Melmetal|62/100
|
|upkeep
|turn|19
|inactive|vagmak has 60 seconds left.
|
|t:|1644416034
|move|p1a: Scizor|Roost|p1a: Scizor
|-heal|p1a: Scizor|68/100
|-singleturn|p1a: Scizor|move: Roost
|move|p2a: Melmetal|Earthquake|p1a: Scizor
|-damage|p1a: Scizor|37/100
|
|upkeep
|turn|20
|
|t:|1644416042
|switch|p2a: Kartana|Kartana|1/100
|move|p1a: Scizor|Roost|p1a: Scizor
|-heal|p1a: Scizor|87/100
|-singleturn|p1a: Scizor|move: Roost
|
|upkeep
|turn|21
|
|t:|1644416051
|move|p1a: Scizor|Bullet Punch|p2a: Kartana
|-resisted|p2a: Kartana
|-damage|p2a: Kartana|0 fnt
|faint|p2a: Kartana
|
|upkeep
|
|t:|1644416056
|switch|p2a: Mamoswine|Mamoswine, F|100/100
|turn|22
|
|t:|1644416059
|move|p1a: Scizor|Bullet Punch|p2a: Mamoswine
|-supereffective|p2a: Mamoswine
|-damage|p2a: Mamoswine|44/100
|move|p2a: Mamoswine|Earthquake|p1a: Scizor
|-damage|p1a: Scizor|49/100
|
|upkeep
|turn|23
|inactive|vagmak has 90 seconds left.
|
|t:|1644416066
|switch|p2a: Melmetal|Melmetal|62/100
|move|p1a: Scizor|Bullet Punch|p2a: Melmetal
|-resisted|p2a: Melmetal
|-damage|p2a: Melmetal|55/100
|
|upkeep
|turn|24
|
|t:|1644416074
|move|p1a: Scizor|Roost|p1a: Scizor
|-heal|p1a: Scizor|99/100
|-singleturn|p1a: Scizor|move: Roost
|move|p2a: Melmetal|Double Iron Bash|p1a: Scizor
|-resisted|p1a: Scizor
|-damage|p1a: Scizor|83/100
|-resisted|p1a: Scizor
|-damage|p1a: Scizor|66/100
|-hitcount|p1a: Scizor|2
|
|upkeep
|turn|25
|l| L0IL
|
|t:|1644416087
|move|p1a: Scizor|Roost|p1a: Scizor
|-heal|p1a: Scizor|100/100
|-singleturn|p1a: Scizor|move: Roost
|move|p2a: Melmetal|Earthquake|p1a: Scizor
|-damage|p1a: Scizor|69/100
|
|upkeep
|turn|26
|inactive|vagmak has 90 seconds left.
|
|t:|1644416105
|move|p1a: Scizor|U-turn|p2a: Melmetal
|-resisted|p2a: Melmetal
|-damage|p2a: Melmetal|45/100
|
|t:|1644416108
|switch|p1a: Landorus|Landorus-Therian, M|62/100|[from]move: U-turn
|-ability|p1a: Landorus|Intimidate|boost
|-unboost|p2a: Melmetal|atk|1
|move|p2a: Melmetal|Earthquake|p1a: Landorus
|-immune|p1a: Landorus
|
|-heal|p1a: Landorus|68/100|[from] item: Leftovers
|upkeep
|turn|27
|j| DidiML
|
|t:|1644416122
|move|p1a: Landorus|Earthquake|p2a: Melmetal
|-supereffective|p2a: Melmetal
|-damage|p2a: Melmetal|0 fnt
|faint|p2a: Melmetal
|
|-heal|p1a: Landorus|74/100|[from] item: Leftovers
|upkeep
|-message|vagmak forfeited.
|
|win|salpicadura
|raw|salpicadura's rating: 1731 &rarr; <strong>1748</strong><br />(+17 for winning)
|raw|vagmak's rating: 1687 &rarr; <strong>1670</strong><br />(-17 for losing)
|l|☆vagmak
|l|☆salpicadura
