|j|☆baigu3
|j|☆Bloody Busybody
|t:|1663321697
|gametype|singles
|player|p1|baigu3|1|1544
|player|p2|Bloody Busybody|bugcatcher|1592
|teamsize|p1|6
|teamsize|p2|6
|gen|8
|tier|[Gen 8] OU
|rated|
|rule|Sleep Clause Mod: Limit one foe put to sleep
|rule|Species Clause: Limit one of each Pokémon
|rule|OHKO Clause: OHKO moves are banned
|rule|Evasion Items Clause: Evasion items are banned
|rule|Evasion Moves Clause: Evasion moves are banned
|rule|Endless Battle Clause: Forcing endless battles is banned
|rule|HP Percentage Mod: HP is shown in percentages
|rule|Dynamax Clause: You cannot dynamax
|clearpoke
|poke|p1|Tapu Lele|
|poke|p1|Porygon-Z|
|poke|p1|Pelipper, F|
|poke|p1|Ferrothorn, F|
|poke|p1|Barraskewda, M|
|poke|p1|Garchomp, M|
|poke|p2|Volcanion|
|poke|p2|Corviknight, F|
|poke|p2|Mamoswine, F|
|poke|p2|Blissey, F|
|poke|p2|Rillaboom, M|
|poke|p2|Hydreigon, F|
|teampreview
|inactive|Battle timer is ON: inactive players will automatically lose when time's up. (requested by baigu3)
|
|t:|1663321726
|start
|switch|p1a: Tapu Lele|Tapu Lele|100/100
|switch|p2a: Volcanion|Volcanion|100/100
|-fieldstart|move: Psychic Terrain|[from] ability: Psychic Surge|[of] p1a: Tapu Lele
|turn|1
|
|t:|1663321755
|switch|p2a: Hydreigon|Hydreigon, F|100/100
|move|p1a: Tapu Lele|Psychic|p2a: Hydreigon
|-immune|p2a: Hydreigon
|
|upkeep
|turn|2
|
|t:|1663321764
|switch|p1a: Pelipper|Pelipper, F|100/100
|-weather|RainDance|[from] ability: Drizzle|[of] p1a: Pelipper
|move|p2a: Hydreigon|Dark Pulse|p1a: Pelipper
|-damage|p1a: Pelipper|52/100
|-damage|p2a: Hydreigon|91/100|[from] item: Life Orb
|
|-weather|RainDance|[upkeep]
|upkeep
|turn|3
|
|t:|1663321769
|move|p2a: Hydreigon|Draco Meteor|p1a: Pelipper
|-damage|p1a: Pelipper|0 fnt
|-unboost|p2a: Hydreigon|spa|2
|faint|p1a: Pelipper
|-damage|p2a: Hydreigon|81/100|[from] item: Life Orb
|
|-weather|RainDance|[upkeep]
|upkeep
|
|t:|1663321785
|switch|p1a: Garchomp|Garchomp, M|100/100
|turn|4
|
|t:|1663321794
|switch|p2a: Corviknight|Corviknight, F|100/100
|-ability|p2a: Corviknight|Pressure
|move|p1a: Garchomp|Stealth Rock|p2a: Corviknight
|-sidestart|p2: Bloody Busybody|move: Stealth Rock
|
|-weather|RainDance|[upkeep]
|upkeep
|turn|5
|
|t:|1663321797
|move|p1a: Garchomp|Swords Dance|p1a: Garchomp
|-boost|p1a: Garchomp|atk|2
|move|p2a: Corviknight|Defog|p1a: Garchomp
|-unboost|p1a: Garchomp|evasion|1
|-sideend|p2: Bloody Busybody|Stealth Rock|[from] move: Defog|[of] p2a: Corviknight
|-fieldend|move: Psychic Terrain
|
|-weather|RainDance|[upkeep]
|upkeep
|turn|6
|
|t:|1663321803
|move|p1a: Garchomp|Aqua Tail|p2a: Corviknight
|-damage|p2a: Corviknight|42/100
|-damage|p1a: Garchomp|84/100|[from] item: Rocky Helmet|[of] p2a: Corviknight
|move|p2a: Corviknight|U-turn|p1a: Garchomp
|-damage|p1a: Garchomp|70/100
|-damage|p2a: Corviknight|30/100|[from] ability: Rough Skin|[of] p1a: Garchomp
|
|t:|1663321806
|switch|p2a: Mamoswine|Mamoswine, F|100/100|[from]move: U-turn
|
|-weather|RainDance|[upkeep]
|-heal|p1a: Garchomp|76/100|[from] item: Leftovers
|upkeep
|turn|7
|
|t:|1663321816
|switch|p1a: Barraskewda|Barraskewda, M|100/100
|move|p2a: Mamoswine|Ice Shard|p1a: Barraskewda
|-resisted|p1a: Barraskewda
|-damage|p1a: Barraskewda|80/100
|
|-weather|RainDance|[upkeep]
|upkeep
|turn|8
|
|t:|1663321831
|switch|p1a: Porygon-Z|Porygon-Z|100/100
|-ability|p1a: Porygon-Z|Download|boost
|-boost|p1a: Porygon-Z|spa|1
|switch|p2a: Volcanion|Volcanion|100/100
|
|-weather|RainDance|[upkeep]
|upkeep
|turn|9
|
|t:|1663321843
|switch|p2a: Blissey|Blissey, F|100/100
|move|p1a: Porygon-Z|Tri Attack|p2a: Blissey
|-damage|p2a: Blissey|61/100
|
|-weather|none
|upkeep
|turn|10
|
|t:|1663321850
|move|p1a: Porygon-Z|Tri Attack|p2a: Blissey
|-damage|p2a: Blissey|24/100
|move|p2a: Blissey|Soft-Boiled|p2a: Blissey
|-heal|p2a: Blissey|74/100
|
|upkeep
|turn|11
|
|t:|1663321854
|move|p1a: Porygon-Z|Tri Attack|p2a: Blissey
|-damage|p2a: Blissey|33/100
|-status|p2a: Blissey|par
|cant|p2a: Blissey|par
|
|upkeep
|turn|12
|
|t:|1663321863
|-curestatus|p2a: Blissey|par|[from] ability: Natural Cure
|switch|p2a: Corviknight|Corviknight, F|30/100
|-ability|p2a: Corviknight|Pressure
|move|p1a: Porygon-Z|Tri Attack|p2a: Corviknight
|-resisted|p2a: Corviknight
|-damage|p2a: Corviknight|0 fnt
|faint|p2a: Corviknight
|
|upkeep
|
|t:|1663321869
|switch|p2a: Rillaboom|Rillaboom, M|100/100
|-fieldstart|move: Grassy Terrain|[from] ability: Grassy Surge|[of] p2a: Rillaboom
|turn|13
|
|t:|1663321880
|switch|p1a: Tapu Lele|Tapu Lele|100/100
|-fieldstart|move: Psychic Terrain|[from] ability: Psychic Surge|[of] p1a: Tapu Lele
|switch|p2a: Volcanion|Volcanion|100/100
|
|upkeep
|turn|14
|
|t:|1663321886
|move|p1a: Tapu Lele|Future Sight|p2a: Volcanion
|-start|p1a: Tapu Lele|move: Future Sight
|move|p2a: Volcanion|Fire Blast|p1a: Tapu Lele
|-damage|p1a: Tapu Lele|2/100
|
|upkeep
|turn|15
|
|t:|1663321892
|switch|p1a: Garchomp|Garchomp, M|76/100
|switch|p2a: Hydreigon|Hydreigon, F|81/100
|
|-heal|p1a: Garchomp|82/100|[from] item: Leftovers
|upkeep
|turn|16
|
|t:|1663321904
|switch|p1a: Ferrothorn|Ferrothorn, F|100/100
|move|p2a: Hydreigon|Draco Meteor|p1a: Ferrothorn
|-resisted|p1a: Ferrothorn
|-damage|p1a: Ferrothorn|64/100
|-unboost|p2a: Hydreigon|spa|2
|-damage|p2a: Hydreigon|71/100|[from] item: Life Orb
|
|-end|p2a: Hydreigon|move: Future Sight
|-immune|p2a: Hydreigon
|upkeep
|turn|17
|
|t:|1663321915
|switch|p2a: Mamoswine|Mamoswine, F|100/100
|move|p1a: Ferrothorn|Spikes|p2a: Mamoswine
|-sidestart|p2: Bloody Busybody|Spikes
|
|-fieldend|move: Psychic Terrain
|upkeep
|turn|18
|
|t:|1663321921
|move|p2a: Mamoswine|Stealth Rock|p1a: Ferrothorn
|-sidestart|p1: baigu3|move: Stealth Rock
|move|p1a: Ferrothorn|Body Press|p2a: Mamoswine
|-supereffective|p2a: Mamoswine
|-damage|p2a: Mamoswine|30/100
|
|upkeep
|turn|19
|
|t:|1663321927
|switch|p2a: Volcanion|Volcanion|100/100
|-damage|p2a: Volcanion|88/100|[from] Spikes
|move|p1a: Ferrothorn|Leech Seed|p2a: Volcanion
|-start|p2a: Volcanion|move: Leech Seed
|
|-damage|p2a: Volcanion|76/100|[from] Leech Seed|[of] p1a: Ferrothorn
|-heal|p1a: Ferrothorn|74/100|[silent]
|upkeep
|turn|20
|
|t:|1663321935
|switch|p2a: Mamoswine|Mamoswine, F|30/100
|-damage|p2a: Mamoswine|17/100|[from] Spikes
|switch|p1a: Garchomp|Garchomp, M|82/100
|-damage|p1a: Garchomp|76/100|[from] Stealth Rock
|
|-heal|p1a: Garchomp|82/100|[from] item: Leftovers
|upkeep
|turn|21
|
|t:|1663321943
|switch|p1a: Tapu Lele|Tapu Lele|2/100
|-damage|p1a: Tapu Lele|0 fnt|[from] Stealth Rock
|faint|p1a: Tapu Lele
|move|p2a: Mamoswine|Ice Shard|p1: Tapu Lele|[notarget]
|-fail|p2a: Mamoswine
|
|upkeep
|
|t:|1663321947
|switch|p1a: Barraskewda|Barraskewda, M|80/100
|-damage|p1a: Barraskewda|68/100|[from] Stealth Rock
|turn|22
|
|t:|1663321954
|switch|p2a: Blissey|Blissey, F|33/100
|move|p1a: Barraskewda|Close Combat|p2a: Blissey
|-supereffective|p2a: Blissey
|-damage|p2a: Blissey|0 fnt
|-unboost|p1a: Barraskewda|def|1
|-unboost|p1a: Barraskewda|spd|1
|faint|p2a: Blissey
|
|upkeep
|
|t:|1663321956
|switch|p2a: Rillaboom|Rillaboom, M|100/100
|-damage|p2a: Rillaboom|88/100|[from] Spikes
|-fieldstart|move: Grassy Terrain|[from] ability: Grassy Surge|[of] p2a: Rillaboom
|turn|23
|
|t:|1663321966
|switch|p1a: Ferrothorn|Ferrothorn, F|74/100
|-damage|p1a: Ferrothorn|68/100|[from] Stealth Rock
|move|p2a: Rillaboom|U-turn|p1a: Ferrothorn
|-damage|p1a: Ferrothorn|46/100
|-damage|p2a: Rillaboom|76/100|[from] ability: Iron Barbs|[of] p1a: Ferrothorn
|-damage|p2a: Rillaboom|59/100|[from] item: Rocky Helmet|[of] p1a: Ferrothorn
|
|t:|1663321968
|switch|p2a: Volcanion|Volcanion|76/100|[from]move: U-turn
|-damage|p2a: Volcanion|64/100|[from] Spikes
|
|-heal|p2a: Volcanion|70/100|[from] Grassy Terrain
|-heal|p1a: Ferrothorn|52/100|[from] Grassy Terrain
|upkeep
|turn|24
|
|t:|1663321985
|switch|p1a: Garchomp|Garchomp, M|82/100
|-damage|p1a: Garchomp|76/100|[from] Stealth Rock
|move|p2a: Volcanion|Fire Blast|p1a: Garchomp
|-resisted|p1a: Garchomp
|-damage|p1a: Garchomp|25/100
|
|-heal|p1a: Garchomp|31/100|[from] Grassy Terrain
|-heal|p1a: Garchomp|37/100|[from] item: Leftovers
|-heal|p2a: Volcanion|76/100|[from] Grassy Terrain
|upkeep
|turn|25
|
|t:|1663321989
|move|p1a: Garchomp|Stealth Rock|p2a: Volcanion
|-sidestart|p2: Bloody Busybody|move: Stealth Rock
|move|p2a: Volcanion|Fire Blast|p1a: Garchomp
|-resisted|p1a: Garchomp
|-damage|p1a: Garchomp|0 fnt
|faint|p1a: Garchomp
|
|-heal|p2a: Volcanion|82/100|[from] Grassy Terrain
|upkeep
|
|t:|1663321992
|switch|p1a: Porygon-Z|Porygon-Z|100/100
|-damage|p1a: Porygon-Z|88/100|[from] Stealth Rock
|-ability|p1a: Porygon-Z|Download|boost
|-boost|p1a: Porygon-Z|spa|1
|turn|26
|
|t:|1663321998
|switch|p2a: Mamoswine|Mamoswine, F|17/100
|-damage|p2a: Mamoswine|5/100|[from] Spikes
|-damage|p2a: Mamoswine|0 fnt|[from] Stealth Rock
|faint|p2a: Mamoswine
|move|p1a: Porygon-Z|Tri Attack|p2: Mamoswine|[notarget]
|-fail|p1a: Porygon-Z
|
|-heal|p1a: Porygon-Z|94/100|[from] Grassy Terrain
|upkeep
|
|t:|1663322000
|switch|p2a: Rillaboom|Rillaboom, M|59/100
|-damage|p2a: Rillaboom|47/100|[from] Spikes
|-damage|p2a: Rillaboom|35/100|[from] Stealth Rock
|turn|27
|
|t:|1663322005
|switch|p1a: Ferrothorn|Ferrothorn, F|52/100
|-damage|p1a: Ferrothorn|46/100|[from] Stealth Rock
|move|p2a: Rillaboom|Grassy Glide|p1a: Ferrothorn
|-resisted|p1a: Ferrothorn
|-damage|p1a: Ferrothorn|35/100
|-damage|p2a: Rillaboom|22/100|[from] ability: Iron Barbs|[of] p1a: Ferrothorn
|-damage|p2a: Rillaboom|6/100|[from] item: Rocky Helmet|[of] p1a: Ferrothorn
|
|-heal|p2a: Rillaboom|12/100|[from] Grassy Terrain
|-heal|p1a: Ferrothorn|41/100|[from] Grassy Terrain
|-fieldend|move: Grassy Terrain
|upkeep
|turn|28
|-message|Bloody Busybody forfeited.
|
|win|baigu3
|raw|baigu3's rating: 1544 &rarr; <strong>1567</strong><br />(+23 for winning)
|raw|Bloody Busybody's rating: 1592 &rarr; <strong>1569</strong><br />(-23 for losing)
|l|☆Bloody Busybody
