|j|☆tanishq1
|j|☆Metrona
|t:|1657597321
|gametype|singles
|player|p1|tanishq1|1|1839
|player|p2|Metrona|102|1828
|teamsize|p1|6
|teamsize|p2|6
|gen|8
|tier|[Gen 8] OU
|rated|
|rule|Sleep Clause Mod: Limit one foe put to sleep
|rule|Species Clause: Limit one of each Pokémon
|rule|OHKO Clause: OHKO moves are banned
|rule|Evasion Moves Clause: Evasion moves are banned
|rule|Endless Battle Clause: Forcing endless battles is banned
|rule|HP Percentage Mod: HP is shown in percentages
|rule|Dynamax Clause: You cannot dynamax
|clearpoke
|poke|p1|Dragapult, M|
|poke|p1|Urshifu-*, M|
|poke|p1|Melmetal|
|poke|p1|Kartana|
|poke|p1|Moltres-Galar|
|poke|p1|Garchomp, M|
|poke|p2|Pelipper, M|
|poke|p2|Barraskewda, F|
|poke|p2|Frosmoth, F|
|poke|p2|Weezing-Galar, F|
|poke|p2|Ferrothorn, F|
|poke|p2|Heliolisk, F|
|teampreview
|inactive|Battle timer is ON: inactive players will automatically lose when time's up. (requested by tanishq1)
|
|t:|1657597329
|start
|switch|p1a: Leviathan|Dragapult, M, shiny|100/100
|switch|p2a: Rainmaker|Pelipper, M|100/100
|-weather|RainDance|[from] ability: Drizzle|[of] p2a: Rainmaker
|turn|1
|
|t:|1657597331
|switch|p2a: Nightmare|Ferrothorn, F|100/100
|move|p1a: Leviathan|Flamethrower|p2a: Nightmare
|-supereffective|p2a: Nightmare
|-damage|p2a: Nightmare|47/100
|
|-weather|RainDance|[upkeep]
|-heal|p2a: Nightmare|53/100|[from] item: Leftovers
|upkeep
|turn|2
|j| gold bottle
|j| 50 at max
|
|t:|1657597338
|switch|p1a: Poseidon-Blade|Urshifu-Rapid-Strike, M|100/100
|switch|p2a: Rainmaker|Pelipper, M|100/100
|
|-weather|RainDance|[upkeep]
|upkeep
|turn|3
|
|t:|1657597340
|move|p1a: Poseidon-Blade|U-turn|p2a: Rainmaker
|-resisted|p2a: Rainmaker
|-damage|p2a: Rainmaker|91/100
|l| gold bottle
|
|t:|1657597344
|switch|p1a: Zangetsu|Garchomp, M, shiny|100/100|[from]move: U-turn
|move|p2a: Rainmaker|Hurricane|p1a: Zangetsu
|-damage|p1a: Zangetsu|68/100
|
|-weather|RainDance|[upkeep]
|-heal|p1a: Zangetsu|74/100|[from] item: Leftovers
|upkeep
|turn|4
|
|t:|1657597352
|move|p1a: Zangetsu|Stealth Rock|p2a: Rainmaker
|-sidestart|p2: Metrona|move: Stealth Rock
|move|p2a: Rainmaker|U-turn|p1a: Zangetsu
|-damage|p1a: Zangetsu|66/100
|-damage|p2a: Rainmaker|79/100|[from] ability: Rough Skin|[of] p1a: Zangetsu
|
|t:|1657597358
|switch|p2a: Ripper|Barraskewda, F|100/100|[from]move: U-turn
|-damage|p2a: Ripper|88/100|[from] Stealth Rock
|
|-weather|RainDance|[upkeep]
|-heal|p1a: Zangetsu|73/100|[from] item: Leftovers
|upkeep
|turn|5
|
|t:|1657597361
|move|p1a: Zangetsu|Protect|p1a: Zangetsu
|-singleturn|p1a: Zangetsu|Protect
|move|p2a: Ripper|Flip Turn|p1a: Zangetsu
|-activate|p1a: Zangetsu|move: Protect
|
|-weather|RainDance|[upkeep]
|-heal|p1a: Zangetsu|79/100|[from] item: Leftovers
|upkeep
|turn|6
|
|t:|1657597365
|move|p2a: Ripper|Flip Turn|p1a: Zangetsu
|-damage|p1a: Zangetsu|11/100
|-damage|p2a: Ripper|76/100|[from] ability: Rough Skin|[of] p1a: Zangetsu
|
|t:|1657597370
|switch|p2a: Nightmare|Ferrothorn, F|53/100|[from]move: Flip Turn
|-damage|p2a: Nightmare|47/100|[from] Stealth Rock
|move|p1a: Zangetsu|Earthquake|p2a: Nightmare
|-damage|p2a: Nightmare|15/100
|
|-weather|RainDance|[upkeep]
|-heal|p1a: Zangetsu|17/100|[from] item: Leftovers
|-heal|p2a: Nightmare|22/100|[from] item: Leftovers
|upkeep
|turn|7
|
|t:|1657597373
|move|p1a: Zangetsu|Earthquake|p2a: Nightmare
|-damage|p2a: Nightmare|0 fnt
|faint|p2a: Nightmare
|
|-weather|RainDance|[upkeep]
|-heal|p1a: Zangetsu|23/100|[from] item: Leftovers
|upkeep
|
|t:|1657597375
|switch|p2a: Ripper|Barraskewda, F|76/100
|-damage|p2a: Ripper|64/100|[from] Stealth Rock
|turn|8
|
|t:|1657597377
|move|p1a: Zangetsu|Protect|p1a: Zangetsu
|-singleturn|p1a: Zangetsu|Protect
|move|p2a: Ripper|Flip Turn|p1a: Zangetsu
|-activate|p1a: Zangetsu|move: Protect
|
|-weather|none
|-heal|p1a: Zangetsu|29/100|[from] item: Leftovers
|upkeep
|turn|9
|
|t:|1657597380
|move|p2a: Ripper|Flip Turn|p1a: Zangetsu
|-damage|p1a: Zangetsu|0 fnt
|-damage|p2a: Ripper|52/100|[from] ability: Rough Skin|[of] p1a: Zangetsu
|faint|p1a: Zangetsu
|
|t:|1657597389
|switch|p2a: Showstopper|Weezing-Galar, F|100/100|[from]move: Flip Turn
|-ability|p2a: Showstopper|Neutralizing Gas
|-damage|p2a: Showstopper|88/100|[from] Stealth Rock
|
|-heal|p2a: Showstopper|94/100|[from] item: Black Sludge
|upkeep
|j| Icantgo4that
|
|t:|1657597397
|switch|p1a: Leviathan|Dragapult, M, shiny|100/100
|turn|10
|
|t:|1657597403
|-end|p2a: Showstopper|ability: Neutralizing Gas
|switch|p2a: Lightshow|Heliolisk, F|100/100
|-damage|p2a: Lightshow|88/100|[from] Stealth Rock
|move|p1a: Leviathan|U-turn|p2a: Lightshow
|-damage|p2a: Lightshow|50/100
|
|t:|1657597409
|switch|p1a: Deathstroke|Kartana, shiny|100/100|[from]move: U-turn
|
|upkeep
|turn|11
|
|t:|1657597412
|switch|p2a: Rainmaker|Pelipper, M|79/100
|-damage|p2a: Rainmaker|54/100|[from] Stealth Rock
|-weather|RainDance|[from] ability: Drizzle|[of] p2a: Rainmaker
|move|p1a: Deathstroke|Smart Strike|p2a: Rainmaker
|-resisted|p2a: Rainmaker
|-damage|p2a: Rainmaker|37/100
|
|-weather|RainDance|[upkeep]
|upkeep
|turn|12
|
|t:|1657597417
|switch|p1a: Leviathan|Dragapult, M, shiny|100/100
|move|p2a: Rainmaker|Roost|p2a: Rainmaker
|-heal|p2a: Rainmaker|87/100
|-singleturn|p2a: Rainmaker|move: Roost
|
|-weather|RainDance|[upkeep]
|upkeep
|turn|13
|
|t:|1657597421
|switch|p2a: Floof|Frosmoth, F|100/100
|move|p1a: Leviathan|U-turn|p2a: Floof
|-damage|p2a: Floof|68/100
|
|t:|1657597426
|switch|p1a: Deathstroke|Kartana, shiny|100/100|[from]move: U-turn
|
|-weather|RainDance|[upkeep]
|upkeep
|turn|14
|
|t:|1657597431
|move|p1a: Deathstroke|Smart Strike|p2a: Floof
|-supereffective|p2a: Floof
|-damage|p2a: Floof|0 fnt
|faint|p2a: Floof
|-ability|p1a: Deathstroke|Beast Boost|boost
|-boost|p1a: Deathstroke|atk|1
|
|-weather|RainDance|[upkeep]
|upkeep
|
|t:|1657597438
|switch|p2a: Ripper|Barraskewda, F|52/100
|-damage|p2a: Ripper|40/100|[from] Stealth Rock
|turn|15
|
|t:|1657597441
|move|p2a: Ripper|Close Combat|p1a: Deathstroke
|-supereffective|p1a: Deathstroke
|-damage|p1a: Deathstroke|0 fnt
|-unboost|p2a: Ripper|def|1
|-unboost|p2a: Ripper|spd|1
|faint|p1a: Deathstroke
|
|-weather|RainDance|[upkeep]
|upkeep
|
|t:|1657597444
|switch|p1a: Leviathan|Dragapult, M, shiny|100/100
|turn|16
|
|t:|1657597447
|switch|p2a: Showstopper|Weezing-Galar, F|94/100
|-ability|p2a: Showstopper|Neutralizing Gas
|-damage|p2a: Showstopper|82/100|[from] Stealth Rock
|move|p1a: Leviathan|U-turn|p2a: Showstopper
|-resisted|p2a: Showstopper
|-damage|p2a: Showstopper|79/100
|
|t:|1657597451
|switch|p1a: Burning Darkness|Moltres-Galar, shiny|100/100|[from]move: U-turn
|
|-weather|RainDance|[upkeep]
|-heal|p2a: Showstopper|85/100|[from] item: Black Sludge
|upkeep
|turn|17
|
|t:|1657597456
|move|p1a: Burning Darkness|Hurricane|p2a: Showstopper
|-damage|p2a: Showstopper|12/100
|move|p2a: Showstopper|Defog|p1a: Burning Darkness
|-unboost|p1a: Burning Darkness|evasion|1
|-sideend|p2: Metrona|Stealth Rock|[from] move: Defog|[of] p2a: Showstopper
|
|-weather|RainDance|[upkeep]
|-heal|p2a: Showstopper|18/100|[from] item: Black Sludge
|upkeep
|turn|18
|
|t:|1657597460
|-end|p2a: Showstopper|ability: Neutralizing Gas
|switch|p2a: Lightshow|Heliolisk, F|50/100
|move|p1a: Burning Darkness|Fiery Wrath|p2a: Lightshow
|-damage|p2a: Lightshow|0 fnt
|faint|p2a: Lightshow
|
|-weather|none
|upkeep
|
|t:|1657597467
|switch|p2a: Ripper|Barraskewda, F|40/100
|turn|19
|
|t:|1657597470
|move|p2a: Ripper|Flip Turn|p1a: Burning Darkness
|-damage|p1a: Burning Darkness|52/100
|
|t:|1657597472
|switch|p2a: Rainmaker|Pelipper, M|87/100|[from]move: Flip Turn
|-weather|RainDance|[from] ability: Drizzle|[of] p2a: Rainmaker
|move|p1a: Burning Darkness|Fiery Wrath|p2a: Rainmaker
|-damage|p2a: Rainmaker|30/100
|
|-weather|RainDance|[upkeep]
|upkeep
|turn|20
|
|t:|1657597475
|switch|p2a: Showstopper|Weezing-Galar, F|18/100
|-ability|p2a: Showstopper|Neutralizing Gas
|move|p1a: Burning Darkness|Hurricane|p2a: Showstopper
|-damage|p2a: Showstopper|0 fnt
|faint|p2a: Showstopper
|-end|p2a: Showstopper|ability: Neutralizing Gas
|
|-weather|RainDance|[upkeep]
|upkeep
|
|t:|1657597476
|switch|p2a: Ripper|Barraskewda, F|40/100
|turn|21
|
|t:|1657597480
|move|p2a: Ripper|Liquidation|p1a: Burning Darkness
|-damage|p1a: Burning Darkness|0 fnt
|faint|p1a: Burning Darkness
|
|-weather|RainDance|[upkeep]
|upkeep
|
|t:|1657597483
|switch|p1a: Fate|Melmetal, shiny|100/100
|turn|22
|
|t:|1657597485
|move|p2a: Ripper|Liquidation|p1a: Fate
|-damage|p1a: Fate|45/100
|move|p1a: Fate|Thunder Punch|p2a: Ripper
|-supereffective|p2a: Ripper
|-damage|p2a: Ripper|0 fnt
|faint|p2a: Ripper
|
|-weather|RainDance|[upkeep]
|upkeep
|
|t:|1657597489
|switch|p2a: Rainmaker|Pelipper, M|30/100
|turn|23
|
|t:|1657597490
|move|p2a: Rainmaker|Scald|p1a: Fate
|-damage|p1a: Fate|6/100
|move|p1a: Fate|Thunder Punch|p2a: Rainmaker
|-supereffective|p2a: Rainmaker
|-damage|p2a: Rainmaker|0 fnt
|faint|p2a: Rainmaker
|
|win|tanishq1
|raw|tanishq1's rating: 1839 &rarr; <strong>1858</strong><br />(+19 for winning)
|raw|Metrona's rating: 1828 &rarr; <strong>1809</strong><br />(-19 for losing)
|c|☆Metrona|Gg
|l|☆tanishq1
|c|☆Metrona|It feels like we keep running into each other lol
|l|☆Metrona
