|html|<div class="broadcast-blue"><strong>[Gen 8] OU is currently suspecting Zamazenta-Crowned! For information on how to participate check out the <a href="https://www.smogon.com/forums/threads/np-ss-ou-suspect-process-round-10-royals.3681787/">suspect thread</a>.</strong></div>
|j|☆ArcanineSquad
|j|☆PULPITO REVERSIBLE
|t:|1618308950
|gametype|singles
|player|p1|ArcanineSquad|cynthia-gen4|1670
|player|p2|PULPITO REVERSIBLE|boarder-gen2|1657
|teamsize|p1|6
|teamsize|p2|6
|gen|8
|tier|[Gen 8] OU
|rated|
|clearpoke
|poke|p1|Zamazenta-Crowned|
|poke|p1|Hippowdon, F|
|poke|p1|Blissey, F|
|poke|p1|Dragapult, F|
|poke|p1|Slowking, F|
|poke|p1|Zapdos|
|poke|p2|Zamazenta-Crowned|
|poke|p2|Slowbro, M|
|poke|p2|Blissey, F|
|poke|p2|Nidoking, M|
|poke|p2|Ferrothorn, M|
|poke|p2|Skarmory, M|
|rule|Sleep Clause Mod: Limit one foe put to sleep
|rule|Species Clause: Limit one of each Pokémon
|rule|OHKO Clause: OHKO moves are banned
|rule|Evasion Moves Clause: Evasion moves are banned
|rule|Endless Battle Clause: Forcing endless battles is banned
|rule|HP Percentage Mod: HP is shown in percentages
|rule|Dynamax Clause: You cannot dynamax
|teampreview
|inactive|Battle timer is ON: inactive players will automatically lose when time's up. (requested by ArcanineSquad)
|
|t:|1618308989
|start
|switch|p1a: Dragapult|Dragapult, F|100/100
|switch|p2a: Slowheat|Slowbro, M|100/100
|turn|1
|
|t:|1618308998
|switch|p2a: Ferroheat|Ferrothorn, M|100/100
|move|p1a: Dragapult|U-turn|p2a: Ferroheat
|-damage|p2a: Ferroheat|87/100
|-damage|p1a: Dragapult|88/100|[from] ability: Iron Barbs|[of] p2a: Ferroheat
|
|t:|1618309006
|switch|p1a: Zamazenta|Zamazenta-Crowned|100/100|[from]move: U-turn
|-ability|p1a: Zamazenta|Dauntless Shield|boost
|-boost|p1a: Zamazenta|def|1
|
|upkeep
|turn|2
|
|t:|1618309011
|switch|p1a: Zapdos|Zapdos|100/100
|switch|p2a: Slowheat|Slowbro, M|100/100
|
|upkeep
|turn|3
|
|t:|1618309024
|switch|p1a: Slowking|Slowking, F|100/100
|move|p2a: Slowheat|Future Sight|p1a: Slowking
|-start|p2a: Slowheat|move: Future Sight
|
|upkeep
|turn|4
|
|t:|1618309028
|switch|p2a: Ferroheat|Ferrothorn, M|87/100
|move|p1a: Slowking|Future Sight|p2a: Ferroheat
|-start|p1a: Slowking|move: Future Sight
|
|upkeep
|turn|5
|
|t:|1618309035
|move|p1a: Slowking|Scald|p2a: Ferroheat
|-resisted|p2a: Ferroheat
|-damage|p2a: Ferroheat|75/100
|move|p2a: Ferroheat|Knock Off|p1a: Slowking
|-supereffective|p1a: Slowking
|-damage|p1a: Slowking|7/100
|-enditem|p1a: Slowking|Heavy-Duty Boots|[from] move: Knock Off|[of] p2a: Ferroheat
|
|-end|p1a: Slowking|move: Future Sight
|-resisted|p1a: Slowking
|-damage|p1a: Slowking|0 fnt
|upkeep
|faint|p1a: Slowking
|
|t:|1618309046
|switch|p1a: Zapdos|Zapdos|100/100
|turn|6
|
|t:|1618309048
|switch|p2a: Blissey no es heat|Blissey, F|100/100
|move|p1a: Zapdos|Discharge|p2a: Blissey no es heat
|-damage|p2a: Blissey no es heat|88/100
|
|-end|p2a: Blissey no es heat|move: Future Sight
|-damage|p2a: Blissey no es heat|73/100
|upkeep
|turn|7
|
|t:|1618309058
|switch|p1a: Hippowdon|Hippowdon, F|100/100
|-weather|Sandstorm|[from] ability: Sand Stream|[of] p1a: Hippowdon
|move|p2a: Blissey no es heat|Wish|p2a: Blissey no es heat
|
|-weather|Sandstorm|[upkeep]
|-damage|p2a: Blissey no es heat|67/100|[from] Sandstorm
|upkeep
|turn|8
|
|t:|1618309065
|move|p2a: Blissey no es heat|Toxic|p1a: Hippowdon
|-status|p1a: Hippowdon|tox
|move|p1a: Hippowdon|Stealth Rock|p2a: Blissey no es heat
|-sidestart|p2: PULPITO REVERSIBLE|move: Stealth Rock
|
|-weather|Sandstorm|[upkeep]
|-damage|p2a: Blissey no es heat|61/100|[from] Sandstorm
|-heal|p2a: Blissey no es heat|100/100|[from] move: Wish|[wisher] Blissey no es heat
|-damage|p1a: Hippowdon|94/100 tox|[from] psn
|upkeep
|turn|9
|
|t:|1618309072
|switch|p1a: Zamazenta|Zamazenta-Crowned|100/100
|-ability|p1a: Zamazenta|Dauntless Shield|boost
|-boost|p1a: Zamazenta|def|1
|move|p2a: Blissey no es heat|Seismic Toss|p1a: Zamazenta
|-damage|p1a: Zamazenta|70/100
|
|-weather|Sandstorm|[upkeep]
|-damage|p2a: Blissey no es heat|94/100|[from] Sandstorm
|upkeep
|turn|10
|-message|ArcanineSquad forfeited.
|
|win|PULPITO REVERSIBLE
|raw|ArcanineSquad's rating: 1670 &rarr; <strong>1649</strong><br />(-21 for losing)
|raw|PULPITO REVERSIBLE's rating: 1657 &rarr; <strong>1678</strong><br />(+21 for winning)
|l|☆ArcanineSquad
