|raw|<div class="broadcast-blue"><strong>This battle is required to be public due to a player having a name starting with 'btlt200'.</div>
|j|☆BTLT200$ mimilimi
|j|☆CapuCoco
|t:|1668098386
|gametype|singles
|player|p1|BTLT200$ mimilimi|preschooler|1557
|player|p2|CapuCoco|bruno|1612
|teamsize|p1|6
|teamsize|p2|6
|gen|8
|tier|[Gen 8] OU
|rated|
|rule|Sleep Clause Mod: Limit one foe put to sleep
|rule|Species Clause: Limit one of each Pokémon
|rule|OHKO Clause: OHKO moves are banned
|rule|Evasion Items Clause: Evasion items are banned
|rule|Evasion Moves Clause: Evasion moves are banned
|rule|Endless Battle Clause: Forcing endless battles is banned
|rule|HP Percentage Mod: HP is shown in percentages
|rule|Dynamax Clause: You cannot dynamax
|clearpoke
|poke|p1|Skarmory, M|
|poke|p1|Heatran, F|
|poke|p1|Zapdos|
|poke|p1|Tapu Lele|
|poke|p1|Gastrodon, M|
|poke|p1|Weavile, F|
|poke|p2|Dragapult, F|
|poke|p2|Regieleki|
|poke|p2|Blaziken, F|
|poke|p2|Klefki, M|
|poke|p2|Kartana|
|poke|p2|Rillaboom, M|
|teampreview
|inactive|Battle timer is ON: inactive players will automatically lose when time's up. (requested by CapuCoco)
|c|☆BTLT200$ mimilimi|Gl
|
|t:|1668098404
|start
|switch|p1a: Heatran|Heatran, F|100/100
|switch|p2a: Klefki|Klefki, M|100/100
|turn|1
|
|t:|1668098410
|move|p2a: Klefki|Light Screen|p2a: Klefki
|-sidestart|p2: CapuCoco|move: Light Screen
|move|p1a: Heatran|Stealth Rock|p2a: Klefki
|-sidestart|p2: CapuCoco|move: Stealth Rock
|
|upkeep
|turn|2
|
|t:|1668098414
|move|p2a: Klefki|Reflect|p2a: Klefki
|-sidestart|p2: CapuCoco|Reflect
|move|p1a: Heatran|Magma Storm|p2a: Klefki
|-supereffective|p2a: Klefki
|-damage|p2a: Klefki|51/100
|-activate|p2a: Klefki|move: Magma Storm|[of] p1a: Heatran
|
|-damage|p2a: Klefki|39/100|[from] move: Magma Storm|[partiallytrapped]
|upkeep
|turn|3
|
|t:|1668098419
|move|p2a: Klefki|Defog|p1a: Heatran
|-unboost|p1a: Heatran|evasion|1
|-sideend|p2: CapuCoco|Stealth Rock|[from] move: Defog|[of] p2a: Klefki
|move|p1a: Heatran|Earth Power|p2a: Klefki
|-supereffective|p2a: Klefki
|-damage|p2a: Klefki|9/100
|
|-damage|p2a: Klefki|0 fnt|[from] move: Magma Storm|[partiallytrapped]
|faint|p2a: Klefki
|upkeep
|
|t:|1668098431
|switch|p2a: Blaziken|Blaziken, F|100/100
|turn|4
|
|t:|1668098442
|move|p2a: Blaziken|Swords Dance|p2a: Blaziken
|-boost|p2a: Blaziken|atk|2
|move|p1a: Heatran|Stealth Rock|p2a: Blaziken
|-sidestart|p2: CapuCoco|move: Stealth Rock
|
|-ability|p2a: Blaziken|Speed Boost|boost
|-boost|p2a: Blaziken|spe|1
|upkeep
|turn|5
|
|t:|1668098450
|switch|p1a: Zapdos|Zapdos|100/100
|move|p2a: Blaziken|Close Combat|p1a: Zapdos
|-resisted|p1a: Zapdos
|-damage|p1a: Zapdos|52/100
|-unboost|p2a: Blaziken|def|1
|-unboost|p2a: Blaziken|spd|1
|
|-ability|p2a: Blaziken|Speed Boost|boost
|-boost|p2a: Blaziken|spe|1
|upkeep
|turn|6
|
|t:|1668098456
|move|p2a: Blaziken|Thunder Punch|p1a: Zapdos
|-damage|p1a: Zapdos|6/100
|-status|p2a: Blaziken|par|[from] ability: Static|[of] p1a: Zapdos
|move|p1a: Zapdos|Volt Switch|p2a: Blaziken
|-damage|p2a: Blaziken|67/100 par
|
|t:|1668098461
|switch|p1a: Tapu Lele|Tapu Lele|100/100|[from]move: Volt Switch
|-fieldstart|move: Psychic Terrain|[from] ability: Psychic Surge|[of] p1a: Tapu Lele
|
|-heal|p2a: Blaziken|73/100 par|[from] item: Leftovers
|-ability|p2a: Blaziken|Speed Boost|boost
|-boost|p2a: Blaziken|spe|1
|upkeep
|turn|7
|
|t:|1668098469
|move|p1a: Tapu Lele|Psyshock|p2a: Blaziken
|-supereffective|p2a: Blaziken
|-damage|p2a: Blaziken|0 fnt
|faint|p2a: Blaziken
|
|upkeep
|
|t:|1668098473
|switch|p2a: Regieleki|Regieleki|100/100
|-damage|p2a: Regieleki|88/100|[from] Stealth Rock
|turn|8
|
|t:|1668098475
|switch|p1a: Gastrodon|Gastrodon, M|100/100
|move|p2a: Regieleki|Rapid Spin|p1a: Gastrodon
|-damage|p1a: Gastrodon|86/100
|-boost|p2a: Regieleki|spe|1
|-sideend|p2: CapuCoco|Stealth Rock|[from] move: Rapid Spin|[of] p2a: Regieleki
|
|-sideend|p2: CapuCoco|move: Light Screen
|upkeep
|turn|9
|
|t:|1668098481
|move|p2a: Regieleki|Light Screen|p2a: Regieleki
|-sidestart|p2: CapuCoco|move: Light Screen
|move|p1a: Gastrodon|Scald|p2a: Regieleki
|-damage|p2a: Regieleki|68/100
|-status|p2a: Regieleki|brn
|
|-damage|p2a: Regieleki|61/100 brn|[from] brn
|-sideend|p2: CapuCoco|Reflect
|upkeep
|turn|10
|
|t:|1668098485
|move|p2a: Regieleki|Reflect|p2a: Regieleki
|-sidestart|p2: CapuCoco|Reflect
|move|p1a: Gastrodon|Earthquake|p2a: Regieleki
|-supereffective|p2a: Regieleki
|-damage|p2a: Regieleki|13/100 brn
|
|-damage|p2a: Regieleki|7/100 brn|[from] brn
|-fieldend|move: Psychic Terrain
|upkeep
|turn|11
|
|t:|1668098488
|move|p2a: Regieleki|Explosion|p1a: Gastrodon
|-damage|p1a: Gastrodon|43/100
|faint|p2a: Regieleki
|move|p1a: Gastrodon|Recover|p1a: Gastrodon
|-heal|p1a: Gastrodon|93/100
|
|upkeep
|
|t:|1668098494
|switch|p2a: Rillaboom|Rillaboom, M|100/100
|-fieldstart|move: Grassy Terrain|[from] ability: Grassy Surge|[of] p2a: Rillaboom
|turn|12
|
|t:|1668098501
|move|p2a: Rillaboom|U-turn|p1a: Gastrodon
|-crit|p1a: Gastrodon
|-damage|p1a: Gastrodon|31/100
|
|t:|1668098505
|switch|p2a: Kartana|Kartana|100/100|[from]move: U-turn
|move|p1a: Gastrodon|Clear Smog|p2a: Kartana
|-immune|p2a: Kartana
|
|-heal|p1a: Gastrodon|37/100|[from] Grassy Terrain
|upkeep
|turn|13
|
|t:|1668098513
|move|p2a: Kartana|Swords Dance|p2a: Kartana
|-boost|p2a: Kartana|atk|2
|move|p1a: Gastrodon|Scald|p2a: Kartana
|-resisted|p2a: Kartana
|-damage|p2a: Kartana|85/100
|
|-heal|p2a: Kartana|91/100|[from] Grassy Terrain
|-heal|p1a: Gastrodon|43/100|[from] Grassy Terrain
|upkeep
|turn|14
|
|t:|1668098524
|switch|p1a: Zapdos|Zapdos|6/100
|move|p2a: Kartana|Leaf Blade|p1a: Zapdos
|-resisted|p1a: Zapdos
|-damage|p1a: Zapdos|0 fnt
|faint|p1a: Zapdos
|-ability|p2a: Kartana|Beast Boost|boost
|-boost|p2a: Kartana|spe|1
|
|-heal|p2a: Kartana|98/100|[from] Grassy Terrain
|upkeep
|
|t:|1668098546
|switch|p1a: Skarmory|Skarmory, M|100/100
|turn|15
|
|t:|1668098551
|move|p2a: Kartana|Swords Dance|p2a: Kartana
|-boost|p2a: Kartana|atk|2
|move|p1a: Skarmory|Swords Dance|p1a: Skarmory
|-boost|p1a: Skarmory|atk|2
|
|-heal|p2a: Kartana|100/100|[from] Grassy Terrain
|upkeep
|turn|16
|
|t:|1668098558
|move|p2a: Kartana|Knock Off|p1a: Skarmory
|-damage|p1a: Skarmory|32/100
|-enditem|p1a: Skarmory|Rocky Helmet|[from] move: Knock Off|[of] p2a: Kartana
|move|p1a: Skarmory|Roost|p1a: Skarmory
|-heal|p1a: Skarmory|82/100
|-singleturn|p1a: Skarmory|move: Roost
|
|-heal|p1a: Skarmory|88/100|[from] Grassy Terrain
|-sideend|p2: CapuCoco|move: Light Screen
|-fieldend|move: Grassy Terrain
|upkeep
|turn|17
|
|t:|1668098568
|move|p2a: Kartana|Sacred Sword|p1a: Skarmory
|-damage|p1a: Skarmory|27/100
|move|p1a: Skarmory|Roost|p1a: Skarmory
|-heal|p1a: Skarmory|77/100
|-singleturn|p1a: Skarmory|move: Roost
|
|-sideend|p2: CapuCoco|Reflect
|upkeep
|turn|18
|
|t:|1668098576
|move|p2a: Kartana|Sacred Sword|p1a: Skarmory
|-damage|p1a: Skarmory|18/100
|move|p1a: Skarmory|Brave Bird|p2a: Kartana
|-damage|p2a: Kartana|45/100
|-damage|p1a: Skarmory|0 fnt|[from] Recoil
|faint|p1a: Skarmory
|
|upkeep
|
|t:|1668098586
|switch|p1a: Heatran|Heatran, F|100/100
|turn|19
|
|t:|1668098589
|move|p2a: Kartana|Sacred Sword|p1a: Heatran
|-supereffective|p1a: Heatran
|-damage|p1a: Heatran|0 fnt
|faint|p1a: Heatran
|-ability|p2a: Kartana|Beast Boost|boost
|-boost|p2a: Kartana|spe|1
|
|upkeep
|-message|BTLT200$ mimilimi forfeited.
|
|win|CapuCoco
|raw|BTLT200$ mimilimi's rating: 1557 &rarr; <strong>1540</strong><br />(-17 for losing)
|raw|CapuCoco's rating: 1612 &rarr; <strong>1629</strong><br />(+17 for winning)
|l|☆BTLT200$ mimilimi
