|j|☆Run For Me Plz
|j|☆Kyerndo
|t:|1644150801
|gametype|singles
|player|p1|Run For Me Plz|evelyn|1646
|player|p2|Kyerndo|psychic|1649
|teamsize|p1|6
|teamsize|p2|6
|gen|8
|tier|[Gen 8] OU
|rated|
|rule|Sleep Clause Mod: Limit one foe put to sleep
|rule|Species Clause: Limit one of each Pokémon
|rule|OHKO Clause: OHKO moves are banned
|rule|Evasion Moves Clause: Evasion moves are banned
|rule|Endless Battle Clause: Forcing endless battles is banned
|rule|HP Percentage Mod: HP is shown in percentages
|rule|Dynamax Clause: You cannot dynamax
|clearpoke
|poke|p1|Nihilego|
|poke|p1|Urshifu-*, M|
|poke|p1|Buzzwole|
|poke|p1|Mandibuzz, F|
|poke|p1|Slowking-Galar, M|
|poke|p1|Tornadus-Therian, M|
|poke|p2|Crawdaunt, M|
|poke|p2|Marowak-Alola, F|
|poke|p2|Dragalge, M|
|poke|p2|Hatterene, F|
|poke|p2|Porygon2|
|poke|p2|Cresselia, F|
|teampreview
|inactive|Battle timer is ON: inactive players will automatically lose when time's up. (requested by Run For Me Plz)
|
|t:|1644150813
|start
|switch|p1a: Urshifu|Urshifu-Rapid-Strike, M|100/100
|switch|p2a: Dragalge|Dragalge, M|100/100
|turn|1
|j| whygopprn
|
|t:|1644150818
|move|p1a: Urshifu|U-turn|p2a: Dragalge
|-resisted|p2a: Dragalge
|-damage|p2a: Dragalge|82/100
|j| Lightchanseyy
|
|t:|1644150822
|switch|p1a: Slowking|Slowking-Galar, M|100/100|[from]move: U-turn
|move|p2a: Dragalge|Dragon Pulse|p1a: Slowking
|-damage|p1a: Slowking|63/100
|
|upkeep
|turn|2
|
|t:|1644150824
|move|p2a: Dragalge|Dragon Pulse|p1a: Slowking
|-damage|p1a: Slowking|28/100
|move|p1a: Slowking|Future Sight|p2a: Dragalge
|-start|p1a: Slowking|move: Future Sight
|
|upkeep
|turn|3
|
|t:|1644150828
|switch|p1a: Tornadus|Tornadus-Therian, M|100/100
|move|p2a: Dragalge|Dragon Pulse|p1a: Tornadus
|-damage|p1a: Tornadus|23/100
|
|upkeep
|turn|4
|
|t:|1644150843
|move|p1a: Tornadus|U-turn|p2a: Dragalge
|-resisted|p2a: Dragalge
|-damage|p2a: Dragalge|74/100
|l| Lightchanseyy
|
|t:|1644150846
|switch|p1a: Slowking|Slowking-Galar, M|62/100|[from]move: U-turn
|move|p2a: Dragalge|Dragon Pulse|p1a: Slowking
|-damage|p1a: Slowking|28/100
|
|-end|p2a: Dragalge|move: Future Sight
|-supereffective|p2a: Dragalge
|-damage|p2a: Dragalge|0 fnt
|faint|p2a: Dragalge
|upkeep
|
|t:|1644150850
|switch|p2a: Crawdaunt|Crawdaunt, M|100/100
|turn|5
|
|t:|1644150855
|switch|p2a: Marowak|Marowak-Alola, F|100/100
|switch|p1a: Buzzwole|Buzzwole|100/100
|
|upkeep
|turn|6
|
|t:|1644150859
|switch|p1a: Tornadus|Tornadus-Therian, M|56/100
|move|p2a: Marowak|Flare Blitz|p1a: Tornadus
|-damage|p1a: Tornadus|0 fnt
|faint|p1a: Tornadus
|
|upkeep
|
|t:|1644150862
|switch|p1a: Buzzwole|Buzzwole|100/100
|turn|7
|c|☆Run For Me Plz|fuckin missclicked
|
|t:|1644150876
|switch|p1a: Mandibuzz|Mandibuzz, F|100/100
|move|p2a: Marowak|Flare Blitz|p1a: Mandibuzz
|-damage|p1a: Mandibuzz|42/100
|
|upkeep
|turn|8
|l| whygopprn
|
|t:|1644150882
|move|p1a: Mandibuzz|Foul Play|p2a: Marowak
|-supereffective|p2a: Marowak
|-damage|p2a: Marowak|26/100
|move|p2a: Marowak|Flare Blitz|p1a: Mandibuzz
|-damage|p1a: Mandibuzz|0 fnt
|faint|p1a: Mandibuzz
|
|upkeep
|
|t:|1644150885
|switch|p1a: Urshifu|Urshifu-Rapid-Strike, M|100/100
|turn|9
|
|t:|1644150891
|switch|p2a: Porygon2|Porygon2|100/100
|-ability|p2a: Porygon2|Unseen Fist|[from] ability: Trace|[of] p1a: Urshifu
|move|p1a: Urshifu|Surging Strikes|p2a: Porygon2
|-crit|p2a: Porygon2
|-damage|p2a: Porygon2|83/100
|-crit|p2a: Porygon2
|-damage|p2a: Porygon2|65/100
|-crit|p2a: Porygon2
|-damage|p2a: Porygon2|46/100
|-hitcount|p2a: Porygon2|3
|
|upkeep
|turn|10
|
|t:|1644150894
|move|p1a: Urshifu|Surging Strikes|p2a: Porygon2
|-crit|p2a: Porygon2
|-damage|p2a: Porygon2|28/100
|-crit|p2a: Porygon2
|-damage|p2a: Porygon2|11/100
|-crit|p2a: Porygon2
|-damage|p2a: Porygon2|0 fnt
|faint|p2a: Porygon2
|-hitcount|p2: Porygon2|3
|
|upkeep
|
|t:|1644150903
|switch|p2a: Cresselia|Cresselia, F|100/100
|turn|11
|
|t:|1644150905
|move|p1a: Urshifu|Surging Strikes|p2a: Cresselia
|-crit|p2a: Cresselia
|-damage|p2a: Cresselia|83/100
|-crit|p2a: Cresselia
|-damage|p2a: Cresselia|67/100
|-crit|p2a: Cresselia
|-damage|p2a: Cresselia|49/100
|-hitcount|p2a: Cresselia|3
|move|p2a: Cresselia|Trick Room|p2a: Cresselia
|-fieldstart|move: Trick Room|[of] p2a: Cresselia
|
|upkeep
|turn|12
|
|t:|1644150909
|move|p2a: Cresselia|Psyshock|p1a: Urshifu
|-supereffective|p1a: Urshifu
|-damage|p1a: Urshifu|52/100
|move|p1a: Urshifu|Surging Strikes|p2a: Cresselia
|-crit|p2a: Cresselia
|-damage|p2a: Cresselia|32/100
|-crit|p2a: Cresselia
|-damage|p2a: Cresselia|16/100
|-crit|p2a: Cresselia
|-damage|p2a: Cresselia|0 fnt
|faint|p2a: Cresselia
|-hitcount|p2: Cresselia|3
|
|upkeep
|
|t:|1644150912
|switch|p2a: Marowak|Marowak-Alola, F|26/100
|turn|13
|
|t:|1644150926
|switch|p1a: Buzzwole|Buzzwole|100/100
|move|p2a: Marowak|Flare Blitz|p1a: Buzzwole
|-supereffective|p1a: Buzzwole
|-damage|p1a: Buzzwole|1/100
|
|upkeep
|turn|14
|c|☆Kyerndo|How tf did it live that
|c|☆Run For Me Plz|It’s big buzz
|
|t:|1644150952
|move|p2a: Marowak|Poltergeist|p1a: Buzzwole
|-activate|p1a: Buzzwole|move: Poltergeist|Heavy-Duty Boots
|-damage|p1a: Buzzwole|0 fnt
|faint|p1a: Buzzwole
|
|upkeep
|c|☆Run For Me Plz|not even max defense it just has a shit ton of base defense
|
|t:|1644150968
|switch|p1a: Slowking|Slowking-Galar, M|61/100
|turn|15
|
|t:|1644150980
|switch|p2a: Crawdaunt|Crawdaunt, M|100/100
|move|p1a: Slowking|Sludge Bomb|p2a: Crawdaunt
|-damage|p2a: Crawdaunt|40/100
|
|-fieldend|move: Trick Room
|upkeep
|turn|16
|
|t:|1644150985
|move|p2a: Crawdaunt|Crabhammer|p1a: Slowking
|-damage|p1a: Slowking|0 fnt
|faint|p1a: Slowking
|-damage|p2a: Crawdaunt|30/100|[from] item: Life Orb
|
|upkeep
|
|t:|1644150990
|switch|p1a: Urshifu|Urshifu-Rapid-Strike, M|52/100
|turn|17
|
|t:|1644150995
|move|p2a: Crawdaunt|Aqua Jet|p1a: Urshifu
|-resisted|p1a: Urshifu
|-crit|p1a: Urshifu
|-damage|p1a: Urshifu|27/100
|-damage|p2a: Crawdaunt|20/100|[from] item: Life Orb
|move|p1a: Urshifu|Surging Strikes|p2a: Crawdaunt
|-resisted|p2a: Crawdaunt
|-crit|p2a: Crawdaunt
|-damage|p2a: Crawdaunt|1/100
|-resisted|p2a: Crawdaunt
|-crit|p2a: Crawdaunt
|-damage|p2a: Crawdaunt|0 fnt
|faint|p2a: Crawdaunt
|-hitcount|p2: Crawdaunt|2
|
|upkeep
|
|t:|1644150997
|switch|p2a: Hatterene|Hatterene, F|100/100
|turn|18
|
|t:|1644151000
|move|p1a: Urshifu|Surging Strikes|p2a: Hatterene
|-crit|p2a: Hatterene
|-damage|p2a: Hatterene|73/100
|-crit|p2a: Hatterene
|-damage|p2a: Hatterene|46/100
|-crit|p2a: Hatterene
|-damage|p2a: Hatterene|17/100
|-hitcount|p2a: Hatterene|3
|move|p2a: Hatterene|Trick Room|p2a: Hatterene
|-fieldstart|move: Trick Room|[of] p2a: Hatterene
|
|upkeep
|turn|19
|
|t:|1644151007
|switch|p1a: Nihilego|Nihilego, shiny|100/100
|move|p2a: Hatterene|Psychic|p1a: Nihilego
|-supereffective|p1a: Nihilego
|-damage|p1a: Nihilego|30/100
|
|upkeep
|turn|20
|
|t:|1644151012
|move|p2a: Hatterene|Healing Wish|p2a: Hatterene
|faint|p2a: Hatterene
|move|p1a: Nihilego|Sludge Wave|p2: Hatterene|[notarget]
|-fail|p1a: Nihilego
|
|upkeep
|
|t:|1644151013
|switch|p2a: Marowak|Marowak-Alola, F|26/100
|-heal|p2a: Marowak|100/100|[from] move: Healing Wish
|turn|21
|
|t:|1644151016
|move|p2a: Marowak|Earthquake|p1a: Nihilego
|-supereffective|p1a: Nihilego
|-damage|p1a: Nihilego|0 fnt
|faint|p1a: Nihilego
|
|upkeep
|
|t:|1644151018
|switch|p1a: Urshifu|Urshifu-Rapid-Strike, M|27/100
|turn|22
|c|☆Kyerndo|Gotta be careful about aqua jet
|
|t:|1644151037
|move|p1a: Urshifu|Aqua Jet|p2a: Marowak
|-supereffective|p2a: Marowak
|-damage|p2a: Marowak|39/100
|move|p2a: Marowak|Earthquake|p1a: Urshifu
|-damage|p1a: Urshifu|0 fnt
|faint|p1a: Urshifu
|
|win|Kyerndo
|raw|Run For Me Plz's rating: 1646 &rarr; <strong>1626</strong><br />(-20 for losing)
|raw|Kyerndo's rating: 1649 &rarr; <strong>1669</strong><br />(+20 for winning)
|l|☆Run For Me Plz
|c|☆Kyerndo|Had to healing wish there lol
