|j|☆eis0000
|j|☆Draco09876
|t:|1653066289
|gametype|singles
|player|p1|eis0000|beauty-gen4dp|1491
|player|p2|Draco09876|1|1611
|teamsize|p1|6
|teamsize|p2|6
|gen|8
|tier|[Gen 8] OU
|rated|
|rule|Sleep Clause Mod: Limit one foe put to sleep
|rule|Species Clause: Limit one of each Pokémon
|rule|OHKO Clause: OHKO moves are banned
|rule|Evasion Moves Clause: Evasion moves are banned
|rule|Endless Battle Clause: Forcing endless battles is banned
|rule|HP Percentage Mod: HP is shown in percentages
|rule|Dynamax Clause: You cannot dynamax
|clearpoke
|poke|p1|Landorus-Therian, M|
|poke|p1|Ninetales-Alola, M|
|poke|p1|Arctozolt|
|poke|p1|Heatran, M|
|poke|p1|Tapu Lele|
|poke|p1|Volcanion|
|poke|p2|Ninetales-Alola, M|
|poke|p2|Zapdos-Galar|
|poke|p2|Scizor, F|
|poke|p2|Latias, F|
|poke|p2|Slowking-Galar, M|
|poke|p2|Landorus-Therian, M|
|teampreview
|inactive|Battle timer is ON: inactive players will automatically lose when time's up. (requested by eis0000)
|inactive|Draco09876 has 120 seconds left.
|inactive|Draco09876 has 90 seconds left.
|
|t:|1653066374
|start
|switch|p1a: Landorus|Landorus-Therian, M|100/100
|switch|p2a: Scizor|Scizor, F|100/100
|-ability|p1a: Landorus|Intimidate|boost
|-unboost|p2a: Scizor|atk|1
|turn|1
|
|t:|1653066382
|switch|p2a: Landorus|Landorus-Therian, M|100/100
|-ability|p2a: Landorus|Intimidate|boost
|-unboost|p1a: Landorus|atk|1
|move|p1a: Landorus|Stealth Rock|p2a: Landorus
|-sidestart|p2: Draco09876|move: Stealth Rock
|
|upkeep
|turn|2
|
|t:|1653066387
|move|p1a: Landorus|U-turn|p2a: Landorus
|-resisted|p2a: Landorus
|-damage|p2a: Landorus|95/100
|
|t:|1653066392
|switch|p1a: Ninetales|Ninetales-Alola, M|100/100|[from]move: U-turn
|-weather|Hail|[from] ability: Snow Warning|[of] p1a: Ninetales
|move|p2a: Landorus|Toxic|p1a: Ninetales
|-status|p1a: Ninetales|tox
|
|-weather|Hail|[upkeep]
|-damage|p2a: Landorus|89/100|[from] Hail
|-heal|p2a: Landorus|95/100|[from] item: Leftovers
|-damage|p1a: Ninetales|94/100 tox|[from] psn
|upkeep
|turn|3
|
|t:|1653066399
|move|p1a: Ninetales|Freeze-Dry|p2a: Landorus
|-supereffective|p2a: Landorus
|-damage|p2a: Landorus|13/100
|move|p2a: Landorus|Defog|p1a: Ninetales
|-unboost|p1a: Ninetales|evasion|1
|-sideend|p2: Draco09876|Stealth Rock|[from] move: Defog|[of] p2a: Landorus
|
|-weather|Hail|[upkeep]
|-damage|p2a: Landorus|7/100|[from] Hail
|-heal|p2a: Landorus|13/100|[from] item: Leftovers
|-damage|p1a: Ninetales|82/100 tox|[from] psn
|upkeep
|turn|4
|
|t:|1653066408
|switch|p2a: Slowking|Slowking-Galar, M|100/100
|move|p1a: Ninetales|Aurora Veil|p1a: Ninetales
|-sidestart|p1: eis0000|move: Aurora Veil
|
|-weather|Hail|[upkeep]
|-damage|p2a: Slowking|94/100|[from] Hail
|-damage|p1a: Ninetales|64/100 tox|[from] psn
|upkeep
|turn|5
|
|t:|1653066420
|move|p1a: Ninetales|Hypnosis|p2a: Slowking
|-status|p2a: Slowking|slp|[from] move: Hypnosis
|cant|p2a: Slowking|slp
|
|-weather|Hail|[upkeep]
|-damage|p2a: Slowking|88/100 slp|[from] Hail
|-damage|p1a: Ninetales|40/100 tox|[from] psn
|upkeep
|turn|6
|
|t:|1653066432
|switch|p1a: Arctozolt|Arctozolt|100/100
|switch|p2a: Zapdos|Zapdos-Galar|100/100
|
|-weather|Hail|[upkeep]
|-damage|p2a: Zapdos|94/100|[from] Hail
|upkeep
|turn|7
|inactive|eis0000 has 120 seconds left.
|
|t:|1653066466
|switch|p2a: Landorus|Landorus-Therian, M|13/100
|-ability|p2a: Landorus|Intimidate|boost
|-unboost|p1a: Arctozolt|atk|1
|move|p1a: Arctozolt|Substitute|p1a: Arctozolt
|-start|p1a: Arctozolt|Substitute
|-damage|p1a: Arctozolt|76/100
|
|-weather|Hail|[upkeep]
|-damage|p2a: Landorus|7/100|[from] Hail
|-heal|p2a: Landorus|13/100|[from] item: Leftovers
|upkeep
|turn|8
|
|t:|1653066471
|move|p1a: Arctozolt|Blizzard|p2a: Landorus
|-supereffective|p2a: Landorus
|-damage|p2a: Landorus|0 fnt
|faint|p2a: Landorus
|
|-weather|Hail|[upkeep]
|-sideend|p1: eis0000|move: Aurora Veil
|upkeep
|
|t:|1653066475
|switch|p2a: Scizor|Scizor, F|100/100
|turn|9
|
|t:|1653066480
|move|p2a: Scizor|Bullet Punch|p1a: Arctozolt
|-end|p1a: Arctozolt|Substitute
|move|p1a: Arctozolt|Bolt Beak|p2a: Scizor
|-damage|p2a: Scizor|78/100
|
|-weather|none
|-heal|p2a: Scizor|84/100|[from] item: Leftovers
|upkeep
|turn|10
|
|t:|1653066487
|switch|p1a: Heatran|Heatran, M|100/100
|switch|p2a: Ninetales|Ninetales-Alola, M|100/100
|-weather|Hail|[from] ability: Snow Warning|[of] p2a: Ninetales
|
|-weather|Hail|[upkeep]
|-damage|p1a: Heatran|94/100|[from] Hail
|-heal|p1a: Heatran|100/100|[from] item: Leftovers
|upkeep
|turn|11
|
|t:|1653066493
|switch|p2a: Latias|Latias, F|100/100
|move|p1a: Heatran|Magma Storm|p2a: Latias
|-resisted|p2a: Latias
|-damage|p2a: Latias|83/100
|-activate|p2a: Latias|move: Magma Storm|[of] p1a: Heatran
|
|-weather|Hail|[upkeep]
|-damage|p2a: Latias|77/100|[from] Hail
|-damage|p1a: Heatran|94/100|[from] Hail
|-heal|p1a: Heatran|100/100|[from] item: Leftovers
|-damage|p2a: Latias|64/100|[from] move: Magma Storm|[partiallytrapped]
|upkeep
|turn|12
|
|t:|1653066499
|move|p2a: Latias|Calm Mind|p2a: Latias
|-boost|p2a: Latias|spa|1
|-boost|p2a: Latias|spd|1
|move|p1a: Heatran|Taunt|p2a: Latias
|-start|p2a: Latias|move: Taunt
|
|-weather|Hail|[upkeep]
|-damage|p2a: Latias|58/100|[from] Hail
|-damage|p1a: Heatran|94/100|[from] Hail
|-heal|p1a: Heatran|100/100|[from] item: Leftovers
|-damage|p2a: Latias|46/100|[from] move: Magma Storm|[partiallytrapped]
|upkeep
|turn|13
|
|t:|1653066501
|move|p2a: Latias|Aura Sphere|p1a: Heatran
|-supereffective|p1a: Heatran
|-damage|p1a: Heatran|48/100
|move|p1a: Heatran|Toxic|p2a: Latias
|-status|p2a: Latias|tox
|
|-weather|Hail|[upkeep]
|-damage|p2a: Latias|40/100 tox|[from] Hail
|-damage|p1a: Heatran|42/100|[from] Hail
|-heal|p1a: Heatran|48/100|[from] item: Leftovers
|-damage|p2a: Latias|34/100 tox|[from] psn
|-damage|p2a: Latias|22/100 tox|[from] move: Magma Storm|[partiallytrapped]
|upkeep
|turn|14
|
|t:|1653066510
|move|p2a: Latias|Aura Sphere|p1a: Heatran
|-supereffective|p1a: Heatran
|-damage|p1a: Heatran|0 fnt
|faint|p1a: Heatran
|
|-weather|none
|-damage|p2a: Latias|10/100 tox|[from] psn
|-end|p2a: Latias|Magma Storm|[partiallytrapped]|[silent]
|upkeep
|
|t:|1653066527
|switch|p1a: Tapu Lele|Tapu Lele|100/100
|-fieldstart|move: Psychic Terrain|[from] ability: Psychic Surge|[of] p1a: Tapu Lele
|turn|15
|
|t:|1653066537
|move|p1a: Tapu Lele|Moonblast|p2a: Latias
|-supereffective|p2a: Latias
|-damage|p2a: Latias|0 fnt
|faint|p2a: Latias
|
|upkeep
|
|t:|1653066541
|switch|p2a: Scizor|Scizor, F|84/100
|turn|16
|
|t:|1653066556
|switch|p2a: Ninetales|Ninetales-Alola, M|100/100
|-weather|Hail|[from] ability: Snow Warning|[of] p2a: Ninetales
|move|p1a: Tapu Lele|Moonblast|p2a: Ninetales
|-damage|p2a: Ninetales|38/100
|
|-weather|Hail|[upkeep]
|-damage|p1a: Tapu Lele|94/100|[from] Hail
|upkeep
|turn|17
|
|t:|1653066560
|switch|p2a: Slowking|Slowking-Galar, M|100/100 slp
|move|p1a: Tapu Lele|Moonblast|p2a: Slowking
|-resisted|p2a: Slowking
|-damage|p2a: Slowking|88/100 slp
|
|-weather|Hail|[upkeep]
|-damage|p1a: Tapu Lele|88/100|[from] Hail
|-damage|p2a: Slowking|82/100 slp|[from] Hail
|upkeep
|turn|18
|
|t:|1653066566
|switch|p1a: Arctozolt|Arctozolt|76/100
|cant|p2a: Slowking|slp
|
|-weather|Hail|[upkeep]
|-damage|p2a: Slowking|76/100 slp|[from] Hail
|upkeep
|turn|19
|
|t:|1653066570
|move|p1a: Arctozolt|Bolt Beak|p2a: Slowking
|-damage|p2a: Slowking|0 fnt
|faint|p2a: Slowking
|
|-weather|Hail|[upkeep]
|-fieldend|move: Psychic Terrain
|upkeep
|
|t:|1653066573
|switch|p2a: Scizor|Scizor, F|84/100
|turn|20
|
|t:|1653066576
|switch|p1a: Tapu Lele|Tapu Lele|88/100
|-fieldstart|move: Psychic Terrain|[from] ability: Psychic Surge|[of] p1a: Tapu Lele
|move|p2a: Scizor|Swords Dance|p2a: Scizor
|-boost|p2a: Scizor|atk|2
|
|-weather|none
|-heal|p2a: Scizor|90/100|[from] item: Leftovers
|upkeep
|turn|21
|
|t:|1653066580
|move|p1a: Tapu Lele|Moonblast|p2a: Scizor
|-resisted|p2a: Scizor
|-damage|p2a: Scizor|63/100
|move|p2a: Scizor|Knock Off|p1a: Tapu Lele
|-damage|p1a: Tapu Lele|0 fnt
|-enditem|p1a: Tapu Lele|Choice Scarf|[from] move: Knock Off|[of] p2a: Scizor
|faint|p1a: Tapu Lele
|
|-heal|p2a: Scizor|69/100|[from] item: Leftovers
|upkeep
|
|t:|1653066583
|switch|p1a: Ninetales|Ninetales-Alola, M|40/100 tox
|-weather|Hail|[from] ability: Snow Warning|[of] p1a: Ninetales
|turn|22
|
|t:|1653066587
|move|p2a: Scizor|Bullet Punch|p1a: Ninetales
|-activate|p1a: Ninetales|move: Psychic Terrain
|move|p1a: Ninetales|Hypnosis|p2a: Scizor
|-status|p2a: Scizor|slp|[from] move: Hypnosis
|
|-weather|Hail|[upkeep]
|-damage|p2a: Scizor|63/100 slp|[from] Hail
|-heal|p2a: Scizor|69/100 slp|[from] item: Leftovers
|-damage|p1a: Ninetales|34/100 tox|[from] psn
|upkeep
|turn|23
|c|☆Draco09876|bruh
|c|☆eis0000|L
|c|☆Draco09876|60%
|
|t:|1653066607
|move|p1a: Ninetales|Aurora Veil|p1a: Ninetales
|-sidestart|p1: eis0000|move: Aurora Veil
|cant|p2a: Scizor|slp
|
|-weather|Hail|[upkeep]
|-damage|p2a: Scizor|63/100 slp|[from] Hail
|-heal|p2a: Scizor|69/100 slp|[from] item: Leftovers
|-damage|p1a: Ninetales|22/100 tox|[from] psn
|upkeep
|turn|24
|
|t:|1653066610
|move|p1a: Ninetales|Pain Split|p2a: Scizor
|-sethp|p2a: Scizor|46/100 slp|[from] move: Pain Split|[silent]
|-sethp|p1a: Ninetales|45/100 tox|[from] move: Pain Split
|-curestatus|p2a: Scizor|slp|[msg]
|move|p2a: Scizor|Swords Dance|p2a: Scizor
|-boost|p2a: Scizor|atk|2
|
|-weather|Hail|[upkeep]
|-damage|p2a: Scizor|40/100|[from] Hail
|-heal|p2a: Scizor|46/100|[from] item: Leftovers
|-damage|p1a: Ninetales|27/100 tox|[from] psn
|-fieldend|move: Psychic Terrain
|upkeep
|turn|25
|
|t:|1653066619
|switch|p1a: Landorus|Landorus-Therian, M|100/100
|-ability|p1a: Landorus|Intimidate|boost
|-unboost|p2a: Scizor|atk|1
|move|p2a: Scizor|Bullet Punch|p1a: Landorus
|-damage|p1a: Landorus|70/100
|
|-weather|Hail|[upkeep]
|-damage|p1a: Landorus|64/100|[from] Hail
|-damage|p2a: Scizor|40/100|[from] Hail
|-heal|p1a: Landorus|70/100|[from] item: Leftovers
|-heal|p2a: Scizor|46/100|[from] item: Leftovers
|upkeep
|turn|26
|
|t:|1653066629
|move|p1a: Landorus|Earthquake|p2a: Scizor
|-damage|p2a: Scizor|0 fnt
|faint|p2a: Scizor
|
|-weather|Hail|[upkeep]
|-damage|p1a: Landorus|64/100|[from] Hail
|-heal|p1a: Landorus|70/100|[from] item: Leftovers
|upkeep
|
|t:|1653066633
|switch|p2a: Ninetales|Ninetales-Alola, M|38/100
|turn|27
|
|t:|1653066640
|switch|p2a: Zapdos|Zapdos-Galar|94/100
|move|p1a: Landorus|Earthquake|p2a: Zapdos
|-immune|p2a: Zapdos
|
|-weather|Hail|[upkeep]
|-damage|p2a: Zapdos|88/100|[from] Hail
|-damage|p1a: Landorus|64/100|[from] Hail
|-heal|p1a: Landorus|70/100|[from] item: Leftovers
|-sideend|p1: eis0000|move: Aurora Veil
|upkeep
|turn|28
|
|t:|1653066645
|move|p2a: Zapdos|Bulk Up|p2a: Zapdos
|-boost|p2a: Zapdos|atk|1
|-boost|p2a: Zapdos|def|1
|move|p1a: Landorus|Stealth Rock|p2a: Zapdos
|-sidestart|p2: Draco09876|move: Stealth Rock
|
|-weather|Hail|[upkeep]
|-damage|p2a: Zapdos|82/100|[from] Hail
|-damage|p1a: Landorus|64/100|[from] Hail
|-heal|p1a: Landorus|70/100|[from] item: Leftovers
|upkeep
|turn|29
|
|t:|1653066656
|move|p2a: Zapdos|Brave Bird|p1a: Landorus
|-damage|p1a: Landorus|3/100
|-damage|p2a: Zapdos|56/100|[from] Recoil
|move|p1a: Landorus|Toxic|p2a: Zapdos
|-status|p2a: Zapdos|tox
|
|-weather|none
|-heal|p1a: Landorus|9/100|[from] item: Leftovers
|-damage|p2a: Zapdos|49/100 tox|[from] psn
|upkeep
|turn|30
|
|t:|1653066662
|move|p2a: Zapdos|Brave Bird|p1a: Landorus
|-damage|p1a: Landorus|0 fnt
|faint|p1a: Landorus
|-damage|p2a: Zapdos|46/100 tox|[from] Recoil
|
|-damage|p2a: Zapdos|34/100 tox|[from] psn
|upkeep
|
|t:|1653066668
|switch|p1a: Ninetales|Ninetales-Alola, M|27/100 tox
|-weather|Hail|[from] ability: Snow Warning|[of] p1a: Ninetales
|turn|31
|-message|Draco09876 forfeited.
|
|win|eis0000
|raw|eis0000's rating: 1491 &rarr; <strong>1518</strong><br />(+27 for winning)
|raw|Draco09876's rating: 1611 &rarr; <strong>1584</strong><br />(-27 for losing)
|l|☆Draco09876
||Ladder isn't responding, score probably updated but might not have (Request timeout).
