|raw|<div class="broadcast-blue"><strong>This battle is required to be public due to a player having a name starting with 'lt81yl'.</div>
|j|☆BestixL ☾
|j|☆LT81YL EclipseY
|t:|1625704938
|gametype|singles
|player|p1|BestixL ☾|flannery|1820
|player|p2|LT81YL EclipseY|cynthia-gen4|1822
|teamsize|p1|6
|teamsize|p2|6
|gen|8
|tier|[Gen 8] OU
|rated|
|rule|Sleep Clause Mod: Limit one foe put to sleep
|rule|Species Clause: Limit one of each Pokémon
|rule|OHKO Clause: OHKO moves are banned
|rule|Evasion Moves Clause: Evasion moves are banned
|rule|Endless Battle Clause: Forcing endless battles is banned
|rule|HP Percentage Mod: HP is shown in percentages
|rule|Dynamax Clause: You cannot dynamax
|clearpoke
|poke|p1|Clefable, F|
|poke|p1|Weavile, F|
|poke|p1|Ferrothorn, M|
|poke|p1|Landorus-Therian, M|
|poke|p1|Corviknight, M|
|poke|p1|Urshifu-*, F|
|poke|p2|Landorus-Therian, M|
|poke|p2|Tapu Lele|
|poke|p2|Weavile, F|
|poke|p2|Ferrothorn, M|
|poke|p2|Victini|
|poke|p2|Tapu Fini|
|teampreview
|inactive|Battle timer is ON: inactive players will automatically lose when time's up. (requested by BestixL ☾)
|
|t:|1625704953
|start
|switch|p1a: Urshifu|Urshifu-Rapid-Strike, F|100/100
|switch|p2a: Tapu Fini|Tapu Fini|100/100
|-fieldstart|move: Misty Terrain|[from] ability: Misty Surge|[of] p2a: Tapu Fini
|turn|1
|
|t:|1625704959
|switch|p1a: Ferrothorn|Ferrothorn, M|100/100
|move|p2a: Tapu Fini|Nature's Madness|p1a: Ferrothorn
|-damage|p1a: Ferrothorn|50/100
|
|upkeep
|turn|2
|
|t:|1625704965
|switch|p2a: Ferrothorn|Ferrothorn, M|100/100
|move|p1a: Ferrothorn|Power Whip|p2a: Ferrothorn
|-resisted|p2a: Ferrothorn
|-damage|p2a: Ferrothorn|93/100
|-damage|p1a: Ferrothorn|38/100|[from] ability: Iron Barbs|[of] p2a: Ferrothorn
|
|-heal|p2a: Ferrothorn|99/100|[from] item: Leftovers
|upkeep
|turn|3
|
|t:|1625704968
|move|p1a: Ferrothorn|Spikes|p2a: Ferrothorn
|-sidestart|p2: LT81YL EclipseY|Spikes
|move|p2a: Ferrothorn|Knock Off|p1a: Ferrothorn
|-damage|p1a: Ferrothorn|25/100
|-damage|p2a: Ferrothorn|87/100|[from] ability: Iron Barbs|[of] p1a: Ferrothorn
|-damage|p2a: Ferrothorn|70/100|[from] item: Rocky Helmet|[of] p1a: Ferrothorn
|-enditem|p1a: Ferrothorn|Rocky Helmet|[from] move: Knock Off|[of] p2a: Ferrothorn
|
|-heal|p2a: Ferrothorn|77/100|[from] item: Leftovers
|upkeep
|turn|4
|
|t:|1625704974
|switch|p1a: Itsuki|Clefable, F|100/100
|move|p2a: Ferrothorn|Spikes|p1a: Itsuki
|-sidestart|p1: BestixL ☾|Spikes
|
|-heal|p2a: Ferrothorn|83/100|[from] item: Leftovers
|upkeep
|turn|5
|
|t:|1625704976
|move|p1a: Itsuki|Stealth Rock|p2a: Ferrothorn
|-sidestart|p2: LT81YL EclipseY|move: Stealth Rock
|move|p2a: Ferrothorn|Knock Off|p1a: Itsuki
|-resisted|p1a: Itsuki
|-damage|p1a: Itsuki|91/100
|-enditem|p1a: Itsuki|Leftovers|[from] move: Knock Off|[of] p2a: Ferrothorn
|
|-heal|p2a: Ferrothorn|89/100|[from] item: Leftovers
|-fieldend|Misty Terrain
|upkeep
|turn|6
|
|t:|1625704979
|move|p1a: Itsuki|Wish|p1a: Itsuki
|move|p2a: Ferrothorn|Spikes|p1a: Itsuki
|-sidestart|p1: BestixL ☾|Spikes
|
|-heal|p2a: Ferrothorn|95/100|[from] item: Leftovers
|upkeep
|turn|7
|
|t:|1625704983
|switch|p1a: Landorus|Landorus-Therian, M|100/100
|-ability|p1a: Landorus|Intimidate|boost
|-unboost|p2a: Ferrothorn|atk|1
|move|p2a: Ferrothorn|Knock Off|p1a: Landorus
|-damage|p1a: Landorus|86/100
|-enditem|p1a: Landorus|Leftovers|[from] move: Knock Off|[of] p2a: Ferrothorn
|
|-heal|p1a: Landorus|100/100|[from] move: Wish|[wisher] Itsuki
|-heal|p2a: Ferrothorn|100/100|[from] item: Leftovers
|upkeep
|turn|8
|
|t:|1625704985
|move|p1a: Landorus|Substitute|p1a: Landorus
|-start|p1a: Landorus|Substitute
|-damage|p1a: Landorus|76/100
|move|p2a: Ferrothorn|Leech Seed||[still]
|-fail|p2a: Ferrothorn
|
|upkeep
|turn|9
|
|t:|1625704989
|switch|p2a: Weavile|Weavile, F|100/100
|-ability|p2a: Weavile|Pressure
|move|p1a: Landorus|Bulk Up|p1a: Landorus
|-boost|p1a: Landorus|atk|1
|-boost|p1a: Landorus|def|1
|
|upkeep
|turn|10
|
|t:|1625704996
|move|p2a: Weavile|Triple Axel|p1a: Landorus
|-supereffective|p1a: Landorus
|-end|p1a: Landorus|Substitute
|-supereffective|p1a: Landorus
|-damage|p1a: Landorus|24/100
|-supereffective|p1a: Landorus
|-damage|p1a: Landorus|0 fnt
|faint|p1a: Landorus
|-hitcount|p1: Landorus|3
|
|upkeep
|
|t:|1625705003
|switch|p1a: Urshifu|Urshifu-Rapid-Strike, F|100/100
|-damage|p1a: Urshifu|84/100|[from] Spikes
|turn|11
|
|t:|1625705012
|switch|p2a: Landorus|Landorus-Therian, M|100/100
|-damage|p2a: Landorus|88/100|[from] Stealth Rock
|-ability|p2a: Landorus|Intimidate|boost
|-unboost|p1a: Urshifu|atk|1
|move|p1a: Urshifu|Close Combat|p2a: Landorus
|-resisted|p2a: Landorus
|-damage|p2a: Landorus|65/100
|-unboost|p1a: Urshifu|def|1
|-unboost|p1a: Urshifu|spd|1
|-damage|p1a: Urshifu|68/100|[from] item: Rocky Helmet|[of] p2a: Landorus
|
|upkeep
|turn|12
|
|t:|1625705017
|switch|p1a: Corviknight|Corviknight, M|100/100
|-ability|p1a: Corviknight|Pressure
|move|p2a: Landorus|Stealth Rock|p1a: Corviknight
|-sidestart|p1: BestixL ☾|move: Stealth Rock
|
|upkeep
|turn|13
|
|t:|1625705025
|move|p2a: Landorus|U-turn|p1a: Corviknight
|-resisted|p1a: Corviknight
|-damage|p1a: Corviknight|97/100
|
|t:|1625705027
|switch|p2a: Ferrothorn|Ferrothorn, M|100/100|[from]move: U-turn
|-damage|p2a: Ferrothorn|88/100|[from] Spikes
|-damage|p2a: Ferrothorn|82/100|[from] Stealth Rock
|move|p1a: Corviknight|U-turn|p2a: Ferrothorn
|-damage|p2a: Ferrothorn|72/100
|-damage|p1a: Corviknight|85/100|[from] ability: Iron Barbs|[of] p2a: Ferrothorn
|
|t:|1625705036
|switch|p1a: Urshifu|Urshifu-Rapid-Strike, F|68/100|[from]move: U-turn
|-damage|p1a: Urshifu|61/100|[from] Stealth Rock
|-damage|p1a: Urshifu|45/100|[from] Spikes
|
|-heal|p2a: Ferrothorn|78/100|[from] item: Leftovers
|upkeep
|turn|14
|
|t:|1625705042
|move|p1a: Urshifu|Surging Strikes|p2a: Ferrothorn
|-resisted|p2a: Ferrothorn
|-crit|p2a: Ferrothorn
|-damage|p2a: Ferrothorn|68/100
|-damage|p1a: Urshifu|33/100|[from] ability: Iron Barbs|[of] p2a: Ferrothorn
|-resisted|p2a: Ferrothorn
|-crit|p2a: Ferrothorn
|-damage|p2a: Ferrothorn|58/100
|-damage|p1a: Urshifu|20/100|[from] ability: Iron Barbs|[of] p2a: Ferrothorn
|-resisted|p2a: Ferrothorn
|-crit|p2a: Ferrothorn
|-damage|p2a: Ferrothorn|47/100
|-damage|p1a: Urshifu|8/100|[from] ability: Iron Barbs|[of] p2a: Ferrothorn
|-hitcount|p2a: Ferrothorn|3
|move|p2a: Ferrothorn|Gyro Ball|p1a: Urshifu
|-resisted|p1a: Urshifu
|-damage|p1a: Urshifu|0 fnt
|faint|p1a: Urshifu
|
|-heal|p2a: Ferrothorn|53/100|[from] item: Leftovers
|upkeep
|j| Silver0589
|
|t:|1625705046
|switch|p1a: Corviknight|Corviknight, M|85/100
|-damage|p1a: Corviknight|73/100|[from] Stealth Rock
|-ability|p1a: Corviknight|Pressure
|turn|15
|
|t:|1625705051
|move|p1a: Corviknight|Defog|p2a: Ferrothorn
|-unboost|p2a: Ferrothorn|evasion|1
|-sideend|p2: LT81YL EclipseY|Spikes|[from] move: Defog|[of] p1a: Corviknight
|-sideend|p2: LT81YL EclipseY|Stealth Rock|[from] move: Defog|[of] p1a: Corviknight
|-sideend|p1: BestixL ☾|Spikes|[from] move: Defog|[of] p1a: Corviknight
|-sideend|p1: BestixL ☾|Stealth Rock|[from] move: Defog|[of] p1a: Corviknight
|move|p2a: Ferrothorn|Knock Off|p1a: Corviknight
|-damage|p1a: Corviknight|59/100
|-enditem|p1a: Corviknight|Leftovers|[from] move: Knock Off|[of] p2a: Ferrothorn
|
|-heal|p2a: Ferrothorn|60/100|[from] item: Leftovers
|upkeep
|turn|16
|
|t:|1625705056
|move|p1a: Corviknight|Roost|p1a: Corviknight
|-heal|p1a: Corviknight|100/100
|-singleturn|p1a: Corviknight|move: Roost
|move|p2a: Ferrothorn|Spikes|p1a: Corviknight
|-sidestart|p1: BestixL ☾|Spikes
|
|-heal|p2a: Ferrothorn|66/100|[from] item: Leftovers
|upkeep
|turn|17
|
|t:|1625705062
|move|p1a: Corviknight|Body Press|p2a: Ferrothorn
|-supereffective|p2a: Ferrothorn
|-damage|p2a: Ferrothorn|27/100
|-damage|p1a: Corviknight|88/100|[from] ability: Iron Barbs|[of] p2a: Ferrothorn
|move|p2a: Ferrothorn|Leech Seed|p1a: Corviknight
|-start|p1a: Corviknight|move: Leech Seed
|
|-heal|p2a: Ferrothorn|33/100|[from] item: Leftovers
|-damage|p1a: Corviknight|76/100|[from] Leech Seed|[of] p2a: Ferrothorn
|-heal|p2a: Ferrothorn|47/100|[silent]
|upkeep
|turn|18
|
|t:|1625705066
|switch|p2a: Victini|Victini|100/100
|move|p1a: Corviknight|Defog|p2a: Victini
|-unboost|p2a: Victini|evasion|1
|-sideend|p1: BestixL ☾|Spikes|[from] move: Defog|[of] p1a: Corviknight
|
|-damage|p1a: Corviknight|64/100|[from] Leech Seed|[of] p2a: Victini
|upkeep
|turn|19
|
|t:|1625705069
|switch|p1a: Ferrothorn|Ferrothorn, M|25/100
|move|p2a: Victini|Blue Flare|p1a: Ferrothorn
|-supereffective|p1a: Ferrothorn
|-damage|p1a: Ferrothorn|0 fnt
|faint|p1a: Ferrothorn
|
|upkeep
|
|t:|1625705073
|switch|p1a: Weavile|Weavile, F|100/100
|-ability|p1a: Weavile|Pressure
|turn|20
|
|t:|1625705075
|switch|p2a: Ferrothorn|Ferrothorn, M|47/100
|move|p1a: Weavile|Knock Off|p2a: Ferrothorn
|-damage|p2a: Ferrothorn|13/100
|-damage|p1a: Weavile|88/100|[from] ability: Iron Barbs|[of] p2a: Ferrothorn
|-enditem|p2a: Ferrothorn|Leftovers|[from] move: Knock Off|[of] p1a: Weavile
|
|upkeep
|turn|21
|
|t:|1625705082
|move|p1a: Weavile|Ice Shard|p2a: Ferrothorn
|-damage|p2a: Ferrothorn|0 fnt
|faint|p2a: Ferrothorn
|
|upkeep
|
|t:|1625705087
|switch|p2a: Tapu Fini|Tapu Fini|100/100
|-fieldstart|move: Misty Terrain|[from] ability: Misty Surge|[of] p2a: Tapu Fini
|turn|22
|
|t:|1625705092
|switch|p1a: Itsuki|Clefable, F|91/100
|move|p2a: Tapu Fini|Moonblast|p1a: Itsuki
|-damage|p1a: Itsuki|68/100
|-unboost|p1a: Itsuki|spa|1
|
|upkeep
|turn|23
|
|t:|1625705097
|switch|p1a: Corviknight|Corviknight, M|64/100
|-ability|p1a: Corviknight|Pressure
|move|p2a: Tapu Fini|Taunt|p1a: Corviknight
|-start|p1a: Corviknight|move: Taunt
|
|upkeep
|turn|24
|
|t:|1625705099
|move|p2a: Tapu Fini|Nature's Madness|p1a: Corviknight
|-damage|p1a: Corviknight|32/100
|move|p1a: Corviknight|U-turn|p2a: Tapu Fini
|-resisted|p2a: Tapu Fini
|-damage|p2a: Tapu Fini|95/100
|
|t:|1625705101
|switch|p1a: Itsuki|Clefable, F|68/100|[from]move: U-turn
|
|-heal|p2a: Tapu Fini|100/100|[from] item: Leftovers
|upkeep
|turn|25
|
|t:|1625705105
|switch|p2a: Victini|Victini|100/100
|move|p1a: Itsuki|Moonblast|p2a: Victini
|-resisted|p2a: Victini
|-damage|p2a: Victini|86/100
|-unboost|p2a: Victini|spa|1
|
|upkeep
|turn|26
|
|t:|1625705108
|switch|p1a: Corviknight|Corviknight, M|32/100
|-ability|p1a: Corviknight|Pressure
|move|p2a: Victini|V-create|p1a: Corviknight
|-supereffective|p1a: Corviknight
|-crit|p1a: Corviknight
|-damage|p1a: Corviknight|0 fnt
|-unboost|p2a: Victini|spe|1
|-unboost|p2a: Victini|def|1
|-unboost|p2a: Victini|spd|1
|faint|p1a: Corviknight
|
|-fieldend|Misty Terrain
|upkeep
|
|t:|1625705111
|switch|p1a: Weavile|Weavile, F|88/100
|-ability|p1a: Weavile|Pressure
|turn|27
|
|t:|1625705118
|move|p1a: Weavile|Knock Off|p2a: Victini
|-supereffective|p2a: Victini
|-damage|p2a: Victini|0 fnt
|-enditem|p2a: Victini|Heavy-Duty Boots|[from] move: Knock Off|[of] p1a: Weavile
|faint|p2a: Victini
|
|upkeep
|
|t:|1625705123
|switch|p2a: Landorus|Landorus-Therian, M|65/100
|-ability|p2a: Landorus|Intimidate|boost
|-unboost|p1a: Weavile|atk|1
|turn|28
|
|t:|1625705127
|move|p1a: Weavile|Triple Axel|p2a: Landorus
|-supereffective|p2a: Landorus
|-damage|p2a: Landorus|45/100
|-damage|p1a: Weavile|72/100|[from] item: Rocky Helmet|[of] p2a: Landorus
|-supereffective|p2a: Landorus
|-damage|p2a: Landorus|6/100
|-damage|p1a: Weavile|55/100|[from] item: Rocky Helmet|[of] p2a: Landorus
|-supereffective|p2a: Landorus
|-damage|p2a: Landorus|0 fnt
|-damage|p1a: Weavile|39/100|[from] item: Rocky Helmet|[of] p2a: Landorus
|faint|p2a: Landorus
|-hitcount|p2: Landorus|3
|
|upkeep
|
|t:|1625705134
|switch|p2a: Tapu Fini|Tapu Fini|100/100
|-fieldstart|move: Misty Terrain|[from] ability: Misty Surge|[of] p2a: Tapu Fini
|turn|29
|-message|BestixL ☾ forfeited.
|
|win|LT81YL EclipseY
|l|☆BestixL ☾
|raw|BestixL ☾'s rating: 1820 &rarr; <strong>1800</strong><br />(-20 for losing)
|raw|LT81YL EclipseY's rating: 1822 &rarr; <strong>1842</strong><br />(+20 for winning)
