|j|☆Dragonyte
|j|☆cump2
|t:|1656186751
|gametype|singles
|player|p1|Dragonyte|1|1508
|player|p2|cump2|gentleman-gen4|1524
|teamsize|p1|6
|teamsize|p2|6
|gen|8
|tier|[Gen 8] OU
|rated|
|rule|Sleep Clause Mod: Limit one foe put to sleep
|rule|Species Clause: Limit one of each Pokémon
|rule|OHKO Clause: OHKO moves are banned
|rule|Evasion Moves Clause: Evasion moves are banned
|rule|Endless Battle Clause: Forcing endless battles is banned
|rule|HP Percentage Mod: HP is shown in percentages
|rule|Dynamax Clause: You cannot dynamax
|clearpoke
|poke|p1|Rillaboom, F|
|poke|p1|Heatran, F|
|poke|p1|Zapdos|
|poke|p1|Tapu Lele|
|poke|p1|Urshifu-*, F|
|poke|p1|Krookodile, M|
|poke|p2|Hippowdon, F|
|poke|p2|Tornadus-Therian, M|
|poke|p2|Slowking, M|
|poke|p2|Magnezone|
|poke|p2|Nihilego|
|poke|p2|Kartana|
|teampreview
|
|t:|1656186772
|start
|switch|p1a: Tapu Lele|Tapu Lele|100/100
|switch|p2a: Hippowdon|Hippowdon, F|100/100
|-fieldstart|move: Psychic Terrain|[from] ability: Psychic Surge|[of] p1a: Tapu Lele
|-weather|Sandstorm|[from] ability: Sand Stream|[of] p2a: Hippowdon
|turn|1
|
|t:|1656186778
|move|p1a: Tapu Lele|Psychic|p2a: Hippowdon
|-damage|p2a: Hippowdon|56/100
|move|p2a: Hippowdon|Toxic|p1a: Tapu Lele
|-status|p1a: Tapu Lele|tox
|
|-weather|Sandstorm|[upkeep]
|-damage|p1a: Tapu Lele|94/100 tox|[from] Sandstorm
|-heal|p2a: Hippowdon|62/100|[from] item: Leftovers
|-damage|p1a: Tapu Lele|88/100 tox|[from] psn
|upkeep
|turn|2
|
|t:|1656186785
|switch|p1a: Rillaboom|Rillaboom, F|100/100
|-fieldstart|move: Grassy Terrain|[from] ability: Grassy Surge|[of] p1a: Rillaboom
|move|p2a: Hippowdon|Stealth Rock|p1a: Rillaboom
|-sidestart|p1: Dragonyte|move: Stealth Rock
|
|-weather|Sandstorm|[upkeep]
|-damage|p1a: Rillaboom|94/100|[from] Sandstorm
|-heal|p1a: Rillaboom|100/100|[from] Grassy Terrain
|-heal|p2a: Hippowdon|68/100|[from] Grassy Terrain
|-heal|p2a: Hippowdon|74/100|[from] item: Leftovers
|upkeep
|turn|3
|c|☆Dragonyte|i see
|
|t:|1656186789
|switch|p2a: Tornadus|Tornadus-Therian, M, shiny|100/100
|move|p1a: Rillaboom|Substitute|p1a: Rillaboom
|-start|p1a: Rillaboom|Substitute
|-damage|p1a: Rillaboom|76/100
|
|-weather|Sandstorm|[upkeep]
|-damage|p2a: Tornadus|94/100|[from] Sandstorm
|-damage|p1a: Rillaboom|69/100|[from] Sandstorm
|-heal|p1a: Rillaboom|76/100|[from] Grassy Terrain
|-heal|p1a: Rillaboom|82/100|[from] item: Leftovers
|upkeep
|turn|4
|
|t:|1656186794
|move|p2a: Tornadus|Hurricane|p1a: Rillaboom
|-supereffective|p1a: Rillaboom
|-end|p1a: Rillaboom|Substitute
|move|p1a: Rillaboom|Drain Punch|p2a: Tornadus
|-resisted|p2a: Tornadus
|-damage|p2a: Tornadus|80/100
|-heal|p1a: Rillaboom|89/100|[from] drain|[of] p2a: Tornadus
|
|-weather|Sandstorm|[upkeep]
|-damage|p2a: Tornadus|74/100|[from] Sandstorm
|-damage|p1a: Rillaboom|83/100|[from] Sandstorm
|-heal|p1a: Rillaboom|89/100|[from] Grassy Terrain
|-heal|p1a: Rillaboom|96/100|[from] item: Leftovers
|upkeep
|turn|5
|
|t:|1656186798
|switch|p2a: Nihilego|Nihilego|100/100
|switch|p1a: Heatran|Heatran, F|100/100
|-damage|p1a: Heatran|88/100|[from] Stealth Rock
|
|-weather|none
|-heal|p1a: Heatran|94/100|[from] Grassy Terrain
|-heal|p1a: Heatran|100/100|[from] item: Leftovers
|upkeep
|turn|6
|
|t:|1656186807
|switch|p2a: Slowking|Slowking, M, shiny|100/100
|switch|p1a: Krookodile|Krookodile, M|100/100
|-damage|p1a: Krookodile|94/100|[from] Stealth Rock
|-ability|p1a: Krookodile|Intimidate|boost
|-unboost|p2a: Slowking|atk|1
|
|-heal|p1a: Krookodile|100/100|[from] Grassy Terrain
|-fieldend|move: Grassy Terrain
|upkeep
|turn|7
|c|☆Dragonyte|smart
|c|☆cump2|u2
|
|t:|1656186817
|switch|p2a: Tornadus|Tornadus-Therian, M, shiny|100/100
|move|p1a: Krookodile|Knock Off|p2a: Tornadus
|-damage|p2a: Tornadus|32/100
|-enditem|p2a: Tornadus|Heavy-Duty Boots|[from] move: Knock Off|[of] p1a: Krookodile
|
|upkeep
|turn|8
|c|☆Dragonyte|ty
|
|t:|1656186825
|switch|p1a: Heatran|Heatran, F|100/100
|-damage|p1a: Heatran|88/100|[from] Stealth Rock
|move|p2a: Tornadus|Hurricane|p1a: Heatran|[miss]
|-miss|p2a: Tornadus|p1a: Heatran
|
|-heal|p1a: Heatran|94/100|[from] item: Leftovers
|upkeep
|turn|9
|
|t:|1656186827
|move|p2a: Tornadus|Knock Off|p1a: Heatran
|-damage|p1a: Heatran|78/100
|-enditem|p1a: Heatran|Leftovers|[from] move: Knock Off|[of] p2a: Tornadus
|move|p1a: Heatran|Stealth Rock|p2a: Tornadus
|-sidestart|p2: cump2|move: Stealth Rock
|
|upkeep
|turn|10
|
|t:|1656186835
|switch|p2a: Slowking|Slowking, M, shiny|100/100
|move|p1a: Heatran|Toxic|p2a: Slowking
|-status|p2a: Slowking|tox
|
|-damage|p2a: Slowking|94/100 tox|[from] psn
|upkeep
|turn|11
|
|t:|1656186845
|switch|p1a: Zapdos|Zapdos|100/100
|move|p2a: Slowking|Teleport|p2a: Slowking
|
|t:|1656186847
|switch|p2a: Nihilego|Nihilego|100/100|[from]move: Teleport
|-damage|p2a: Nihilego|88/100|[from] Stealth Rock
|
|upkeep
|turn|12
|
|t:|1656186852
|switch|p1a: Krookodile|Krookodile, M|100/100
|-damage|p1a: Krookodile|94/100|[from] Stealth Rock
|-ability|p1a: Krookodile|Intimidate|boost
|-unboost|p2a: Nihilego|atk|1
|move|p2a: Nihilego|Power Gem|p1a: Krookodile
|-resisted|p1a: Krookodile
|-damage|p1a: Krookodile|56/100
|
|upkeep
|turn|13
|
|t:|1656186862
|switch|p2a: Tornadus|Tornadus-Therian, M, shiny|65/100
|-damage|p2a: Tornadus|40/100|[from] Stealth Rock
|move|p1a: Krookodile|Knock Off|p2a: Tornadus
|-damage|p2a: Tornadus|0 fnt
|faint|p2a: Tornadus
|
|upkeep
|
|t:|1656186868
|switch|p2a: Kartana|Kartana|100/100
|-damage|p2a: Kartana|94/100|[from] Stealth Rock
|turn|14
|
|t:|1656186872
|switch|p2a: Nihilego|Nihilego|88/100
|-damage|p2a: Nihilego|76/100|[from] Stealth Rock
|switch|p1a: Zapdos|Zapdos|100/100
|
|upkeep
|turn|15
|c|☆Dragonyte|STOP!
|
|t:|1656186934
|switch|p1a: Heatran|Heatran, F|78/100
|-damage|p1a: Heatran|66/100|[from] Stealth Rock
|move|p2a: Nihilego|Power Gem|p1a: Heatran
|-damage|p1a: Heatran|30/100
|
|upkeep
|turn|16
|
|t:|1656186938
|move|p2a: Nihilego|Power Gem|p1a: Heatran
|-damage|p1a: Heatran|0 fnt
|faint|p1a: Heatran
|-ability|p2a: Nihilego|Beast Boost|boost
|-boost|p2a: Nihilego|spa|1
|
|upkeep
|inactive|Battle timer is ON: inactive players will automatically lose when time's up. (requested by cump2)
|
|t:|1656187025
|switch|p1a: Rillaboom|Rillaboom, F|96/100
|-damage|p1a: Rillaboom|83/100|[from] Stealth Rock
|-fieldstart|move: Grassy Terrain|[from] ability: Grassy Surge|[of] p1a: Rillaboom
|turn|17
|inactive|cump2 has 120 seconds left.
|
|t:|1656187058
|move|p1a: Rillaboom|Grassy Glide|p2a: Nihilego
|-damage|p2a: Nihilego|0 fnt
|faint|p2a: Nihilego
|
|-heal|p1a: Rillaboom|89/100|[from] Grassy Terrain
|-heal|p1a: Rillaboom|96/100|[from] item: Leftovers
|upkeep
|
|t:|1656187062
|switch|p2a: Kartana|Kartana|94/100
|-damage|p2a: Kartana|88/100|[from] Stealth Rock
|turn|18
|
|t:|1656187067
|switch|p1a: Zapdos|Zapdos|100/100
|move|p2a: Kartana|Knock Off|p1a: Zapdos
|-damage|p1a: Zapdos|71/100
|-enditem|p1a: Zapdos|Heavy-Duty Boots|[from] move: Knock Off|[of] p2a: Kartana
|
|-heal|p2a: Kartana|94/100|[from] Grassy Terrain
|upkeep
|turn|19
|
|t:|1656187076
|switch|p2a: Slowking|Slowking, M, shiny|100/100 tox
|move|p1a: Zapdos|Roost|p1a: Zapdos
|-heal|p1a: Zapdos|100/100
|-singleturn|p1a: Zapdos|move: Roost
|
|-damage|p2a: Slowking|94/100 tox|[from] psn
|upkeep
|turn|20
|inactive|cump2 has 120 seconds left.
|
|t:|1656187116
|move|p1a: Zapdos|Volt Switch|p2a: Slowking
|-supereffective|p2a: Slowking
|-damage|p2a: Slowking|56/100 tox
|-message|cump2 forfeited.
|
|win|Dragonyte
|raw|Dragonyte's rating: 1508 &rarr; <strong>1529</strong><br />(+21 for winning)
|raw|cump2's rating: 1524 &rarr; <strong>1503</strong><br />(-21 for losing)
|l|☆cump2
||Ladder isn't responding, score probably updated but might not have (Request timeout).
