|j|☆BeastyJ157
|j|☆Bisharp Forever
|t:|1633736458
|gametype|singles
|player|p1|BeastyJ157|red|1627
|player|p2|Bisharp Forever|liza|1620
|teamsize|p1|6
|teamsize|p2|6
|gen|8
|tier|[Gen 8] OU
|rated|
|rule|Sleep Clause Mod: Limit one foe put to sleep
|rule|Species Clause: Limit one of each Pokémon
|rule|OHKO Clause: OHKO moves are banned
|rule|Evasion Moves Clause: Evasion moves are banned
|rule|Endless Battle Clause: Forcing endless battles is banned
|rule|HP Percentage Mod: HP is shown in percentages
|rule|Dynamax Clause: You cannot dynamax
|clearpoke
|poke|p1|Weavile, F|
|poke|p1|Dragapult, F|
|poke|p1|Landorus-Therian, M|
|poke|p1|Heatran, F|
|poke|p1|Ferrothorn, M|
|poke|p1|Zapdos|
|poke|p2|Regirock|
|poke|p2|Zapdos|
|poke|p2|Golisopod, M|
|poke|p2|Melmetal|
|poke|p2|Blissey, F|
|poke|p2|Dragonite, F|
|teampreview
|j| SubmergedWater
|
|t:|1633736470
|start
|switch|p1a: Ferro|Ferrothorn, M|100/100
|switch|p2a: Golisopod|Golisopod, M|100/100
|turn|1
|
|t:|1633736476
|move|p2a: Golisopod|Knock Off|p1a: Ferro
|-damage|p1a: Ferro|80/100
|-damage|p2a: Golisopod|88/100|[from] ability: Iron Barbs|[of] p1a: Ferro
|-enditem|p1a: Ferro|Leftovers|[from] move: Knock Off|[of] p2a: Golisopod
|move|p1a: Ferro|Spikes|p2a: Golisopod
|-sidestart|p2: Bisharp Forever|Spikes
|
|upkeep
|turn|2
|
|t:|1633736480
|move|p2a: Golisopod|Spikes|p1a: Ferro
|-sidestart|p1: BeastyJ157|Spikes
|move|p1a: Ferro|Leech Seed|p2a: Golisopod|[miss]
|-miss|p1a: Ferro|p2a: Golisopod
|
|upkeep
|turn|3
|
|t:|1633736487
|switch|p2a: Regirock|Regirock|100/100
|-damage|p2a: Regirock|88/100|[from] Spikes
|move|p1a: Ferro|Leech Seed|p2a: Regirock
|-start|p2a: Regirock|move: Leech Seed
|
|-heal|p2a: Regirock|94/100|[from] item: Leftovers
|-damage|p2a: Regirock|82/100|[from] Leech Seed|[of] p1a: Ferro
|-heal|p1a: Ferro|93/100|[silent]
|upkeep
|turn|4
|
|t:|1633736493
|move|p2a: Regirock|Body Press|p1a: Ferro
|-supereffective|p1a: Ferro
|-damage|p1a: Ferro|43/100
|-damage|p2a: Regirock|69/100|[from] ability: Iron Barbs|[of] p1a: Ferro
|move|p1a: Ferro|Knock Off|p2a: Regirock
|-damage|p2a: Regirock|61/100
|-enditem|p2a: Regirock|Leftovers|[from] move: Knock Off|[of] p1a: Ferro
|
|-damage|p2a: Regirock|49/100|[from] Leech Seed|[of] p1a: Ferro
|-heal|p1a: Ferro|56/100|[silent]
|upkeep
|turn|5
|
|t:|1633736502
|switch|p2a: Melmetal|Melmetal|100/100
|-damage|p2a: Melmetal|88/100|[from] Spikes
|move|p1a: Ferro|Power Whip|p2a: Melmetal|[miss]
|-miss|p1a: Ferro|p2a: Melmetal
|
|upkeep
|turn|6
|
|t:|1633736518
|move|p2a: Melmetal|Superpower|p1a: Ferro
|-supereffective|p1a: Ferro
|-damage|p1a: Ferro|0 fnt
|-unboost|p2a: Melmetal|atk|1
|-unboost|p2a: Melmetal|def|1
|-damage|p2a: Melmetal|76/100|[from] ability: Iron Barbs|[of] p1a: Ferro
|faint|p1a: Ferro
|
|upkeep
|
|t:|1633736524
|switch|p1a: Lando|Landorus-Therian, M|100/100
|-ability|p1a: Lando|Intimidate|boost
|-unboost|p2a: Melmetal|atk|1
|turn|7
|j| imantipoetic
|
|t:|1633736527
|switch|p2a: Zapdos|Zapdos|100/100
|move|p1a: Lando|Stealth Rock|p2a: Zapdos
|-sidestart|p2: Bisharp Forever|move: Stealth Rock
|
|upkeep
|turn|8
|
|t:|1633736530
|move|p2a: Zapdos|Defog|p1a: Lando
|-unboost|p1a: Lando|evasion|1
|-sideend|p1: BeastyJ157|Spikes|[from] move: Defog|[of] p2a: Zapdos
|-sideend|p2: Bisharp Forever|Spikes|[from] move: Defog|[of] p2a: Zapdos
|-sideend|p2: Bisharp Forever|Stealth Rock|[from] move: Defog|[of] p2a: Zapdos
|move|p1a: Lando|Toxic|p2a: Zapdos
|-status|p2a: Zapdos|tox
|
|-damage|p2a: Zapdos|94/100 tox|[from] psn
|upkeep
|turn|9
|
|t:|1633736535
|move|p2a: Zapdos|U-turn|p1a: Lando
|-resisted|p1a: Lando
|-damage|p1a: Lando|94/100
|
|t:|1633736548
|switch|p2a: Golisopod|Golisopod, M|88/100|[from]move: U-turn
|move|p1a: Lando|Stealth Rock|p2a: Golisopod
|-sidestart|p2: Bisharp Forever|move: Stealth Rock
|
|-heal|p1a: Lando|99/100|[from] item: Leftovers
|upkeep
|turn|10
|
|t:|1633736557
|move|p1a: Lando|U-turn|p2a: Golisopod
|-damage|p2a: Golisopod|73/100
|j| safetyscizors4
|
|t:|1633736561
|switch|p1a: Zappy|Zapdos|100/100|[from]move: U-turn
|move|p2a: Golisopod|Knock Off|p1a: Zappy
|-damage|p1a: Zappy|73/100
|-enditem|p1a: Zappy|Heavy-Duty Boots|[from] move: Knock Off|[of] p2a: Golisopod
|
|upkeep
|turn|11
|l| imantipoetic
|
|t:|1633736586
|switch|p1a: Calamity|Weavile, F|100/100
|-ability|p1a: Calamity|Pressure
|switch|p2a: Blissey|Blissey, F|100/100
|
|upkeep
|turn|12
|
|t:|1633736592
|move|p1a: Calamity|Swords Dance|p1a: Calamity
|-boost|p1a: Calamity|atk|2
|move|p2a: Blissey|Seismic Toss|p1a: Calamity
|-damage|p1a: Calamity|65/100
|
|upkeep
|turn|13
|
|t:|1633736595
|switch|p2a: Zapdos|Zapdos|94/100 tox
|move|p1a: Calamity|Triple Axel|p2a: Zapdos
|-supereffective|p2a: Zapdos
|-damage|p2a: Zapdos|62/100 tox
|-supereffective|p2a: Zapdos
|-damage|p2a: Zapdos|0 fnt
|-status|p1a: Calamity|par|[from] ability: Static|[of] p2a: Zapdos
|faint|p2a: Zapdos
|-hitcount|p2: Zapdos|2
|
|upkeep
|
|t:|1633736602
|switch|p2a: Golisopod|Golisopod, M|73/100
|turn|14
|c|☆BeastyJ157|Sad
|
|t:|1633736613
|switch|p1a: Zappy|Zapdos|73/100
|move|p2a: Golisopod|Liquidation|p1a: Zappy
|-damage|p1a: Zappy|35/100
|
|upkeep
|turn|15
|
|t:|1633736625
|switch|p2a: Blissey|Blissey, F|100/100
|move|p1a: Zappy|Roost|p1a: Zappy
|-heal|p1a: Zappy|85/100
|-singleturn|p1a: Zappy|move: Roost
|
|upkeep
|turn|16
|
|t:|1633736633
|switch|p1a: Calamity|Weavile, F|65/100 par
|-ability|p1a: Calamity|Pressure
|move|p2a: Blissey|Wish|p2a: Blissey
|
|upkeep
|turn|17
|
|t:|1633736640
|switch|p2a: Regirock|Regirock|49/100
|-damage|p2a: Regirock|36/100|[from] Stealth Rock
|move|p1a: Calamity|Swords Dance|p1a: Calamity
|-boost|p1a: Calamity|atk|2
|
|-heal|p2a: Regirock|100/100|[from] move: Wish|[wisher] Blissey
|upkeep
|turn|18
|
|t:|1633736654
|move|p1a: Calamity|Triple Axel|p2a: Regirock
|-damage|p2a: Regirock|91/100
|-damage|p2a: Regirock|75/100
|-damage|p2a: Regirock|50/100
|-hitcount|p2a: Regirock|3
|move|p2a: Regirock|Body Press|p1a: Calamity
|-supereffective|p1a: Calamity
|-damage|p1a: Calamity|0 fnt
|faint|p1a: Calamity
|
|upkeep
|
|t:|1633736668
|switch|p1a: Lando|Landorus-Therian, M|99/100
|-ability|p1a: Lando|Intimidate|boost
|-unboost|p2a: Regirock|atk|1
|turn|19
|inactive|Battle timer is ON: inactive players will automatically lose when time's up. (requested by BeastyJ157)
|
|t:|1633736716
|move|p1a: Lando|Earthquake|p2a: Regirock
|-supereffective|p2a: Regirock
|-damage|p2a: Regirock|14/100
|move|p2a: Regirock|Counter|p1a: Lando
|-damage|p1a: Lando|31/100
|
|-heal|p1a: Lando|37/100|[from] item: Leftovers
|upkeep
|turn|20
|
|t:|1633736724
|move|p1a: Lando|U-turn|p2a: Regirock
|-damage|p2a: Regirock|4/100
|
|t:|1633736727
|switch|p1a: Dpult|Dragapult, F|100/100|[from]move: U-turn
|move|p2a: Regirock|Body Press|p1a: Dpult
|-immune|p1a: Dpult
|
|upkeep
|turn|21
|
|t:|1633736747
|move|p1a: Dpult|U-turn|p2a: Regirock
|-damage|p2a: Regirock|0 fnt
|faint|p2a: Regirock
|
|t:|1633736759
|switch|p1a: Zappy|Zapdos|85/100|[from]move: U-turn
|
|upkeep
|
|t:|1633736773
|switch|p2a: Melmetal|Melmetal|76/100
|-damage|p2a: Melmetal|69/100|[from] Stealth Rock
|turn|22
|
|t:|1633736780
|switch|p1a: Tran|Heatran, F|100/100
|move|p2a: Melmetal|Ice Punch|p1a: Tran
|-resisted|p1a: Tran
|-damage|p1a: Tran|92/100
|-status|p1a: Tran|frz
|
|-heal|p1a: Tran|98/100 frz|[from] item: Leftovers
|upkeep
|turn|23
|
|t:|1633736787
|switch|p2a: Golisopod|Golisopod, M|73/100
|cant|p1a: Tran|frz
|
|-heal|p1a: Tran|100/100 frz|[from] item: Leftovers
|upkeep
|turn|24
|
|t:|1633736797
|cant|p1a: Tran|frz
|move|p2a: Golisopod|Liquidation|p1a: Tran
|-supereffective|p1a: Tran
|-damage|p1a: Tran|23/100 frz
|
|-heal|p1a: Tran|29/100 frz|[from] item: Leftovers
|upkeep
|turn|25
|c|☆BeastyJ157|This game hates me
|c|☆BeastyJ157|gg
|inactive|Bisharp Forever has 120 seconds left.
|
|t:|1633736834
|cant|p1a: Tran|frz
|move|p2a: Golisopod|Liquidation|p1a: Tran
|-supereffective|p1a: Tran
|-damage|p1a: Tran|0 fnt
|faint|p1a: Tran
|
|upkeep
|
|t:|1633736842
|switch|p1a: Zappy|Zapdos|85/100
|turn|26
|inactive|Bisharp Forever has 120 seconds left.
|
|t:|1633736856
|move|p1a: Zappy|Discharge|p2a: Golisopod
|-supereffective|p2a: Golisopod
|-damage|p2a: Golisopod|5/100
|-status|p2a: Golisopod|par
|-activate|p2a: Golisopod|ability: Emergency Exit
|inactive|Bisharp Forever has 120 seconds left.
|
|t:|1633736862
|switch|p2a: Melmetal|Melmetal|69/100
|-damage|p2a: Melmetal|63/100|[from] Stealth Rock
|
|upkeep
|turn|27
|l| safetyscizors4
|
|t:|1633736867
|move|p1a: Zappy|Discharge|p2a: Melmetal
|-damage|p2a: Melmetal|41/100
|-status|p2a: Melmetal|par
|move|p2a: Melmetal|Ice Punch|p1a: Zappy
|-supereffective|p1a: Zappy
|-damage|p1a: Zappy|29/100
|
|upkeep
|turn|28
|inactive|Bisharp Forever has 120 seconds left.
|
|t:|1633736892
|move|p1a: Zappy|Roost|p1a: Zappy
|-heal|p1a: Zappy|80/100
|-singleturn|p1a: Zappy|move: Roost
|move|p2a: Melmetal|Ice Punch|p1a: Zappy
|-damage|p1a: Zappy|52/100
|
|upkeep
|turn|29
|
|t:|1633736896
|switch|p2a: Blissey|Blissey, F|100/100
|move|p1a: Zappy|Roost|p1a: Zappy
|-heal|p1a: Zappy|100/100
|-singleturn|p1a: Zappy|move: Roost
|
|upkeep
|turn|30
|
|t:|1633736899
|move|p1a: Zappy|Discharge|p2a: Blissey
|-damage|p2a: Blissey|88/100
|-status|p2a: Blissey|par
|move|p2a: Blissey|Heal Bell|p2a: Blissey
|-activate|p2a: Blissey|move: Heal Bell
|-curestatus|p2a: Blissey|par|[msg]
|-curestatus|p2: Golisopod|par|[msg]
|-curestatus|p2: Melmetal|par|[msg]
|
|upkeep
|turn|31
|
|t:|1633736905
|switch|p1a: Lando|Landorus-Therian, M|37/100
|-ability|p1a: Lando|Intimidate|boost
|-unboost|p2a: Blissey|atk|1
|move|p2a: Blissey|Wish|p2a: Blissey
|
|-heal|p1a: Lando|43/100|[from] item: Leftovers
|upkeep
|turn|32
|
|t:|1633736930
|move|p1a: Lando|Earthquake|p2a: Blissey
|-damage|p2a: Blissey|43/100
|move|p2a: Blissey|Seismic Toss|p1a: Lando
|-damage|p1a: Lando|17/100
|
|-heal|p2a: Blissey|93/100|[from] move: Wish|[wisher] Blissey
|-heal|p1a: Lando|23/100|[from] item: Leftovers
|upkeep
|turn|33
|
|t:|1633736942
|move|p1a: Lando|U-turn|p2a: Blissey
|-damage|p2a: Blissey|73/100
|
|t:|1633736945
|switch|p1a: Zappy|Zapdos|100/100|[from]move: U-turn
|move|p2a: Blissey|Seismic Toss|p1a: Zappy
|-damage|p1a: Zappy|74/100
|
|upkeep
|turn|34
|
|t:|1633736952
|move|p1a: Zappy|Hurricane|p2a: Blissey
|-damage|p2a: Blissey|55/100
|-start|p2a: Blissey|confusion
|-activate|p2a: Blissey|confusion
|move|p2a: Blissey|Wish|p2a: Blissey
|
|upkeep
|turn|35
|
|t:|1633736968
|switch|p2a: Melmetal|Melmetal|41/100
|-damage|p2a: Melmetal|35/100|[from] Stealth Rock
|move|p1a: Zappy|Discharge|p2a: Melmetal
|-damage|p2a: Melmetal|10/100
|
|-heal|p2a: Melmetal|86/100|[from] move: Wish|[wisher] Blissey
|upkeep
|turn|36
|
|t:|1633736975
|switch|p2a: Golisopod|Golisopod, M|5/100
|move|p1a: Zappy|Discharge|p2a: Golisopod
|-supereffective|p2a: Golisopod
|-damage|p2a: Golisopod|0 fnt
|faint|p2a: Golisopod
|
|upkeep
|
|t:|1633736996
|switch|p2a: Dragonite|Dragonite, F|100/100
|turn|37
|
|t:|1633736999
|move|p1a: Zappy|Discharge|p2a: Dragonite
|-damage|p2a: Dragonite|83/100
|-status|p2a: Dragonite|par
|move|p2a: Dragonite|Dragon Dance|p2a: Dragonite
|-boost|p2a: Dragonite|atk|1
|-boost|p2a: Dragonite|spe|1
|
|upkeep
|turn|38
|
|t:|1633737006
|move|p1a: Zappy|Hurricane|p2a: Dragonite
|-damage|p2a: Dragonite|38/100 par
|-start|p2a: Dragonite|confusion
|-activate|p2a: Dragonite|confusion
|cant|p2a: Dragonite|par
|
|upkeep
|turn|39
|c|☆BeastyJ157|Nvm im lucky
|
|t:|1633737027
|move|p1a: Zappy|Hurricane|p2a: Dragonite|[miss]
|-miss|p1a: Zappy|p2a: Dragonite
|-activate|p2a: Dragonite|confusion
|-damage|p2a: Dragonite|13/100 par|[from] confusion
|
|upkeep
|turn|40
|c|☆BeastyJ157|Very lucky
|
|t:|1633737036
|switch|p2a: Blissey|Blissey, F|55/100
|move|p1a: Zappy|Discharge|p2a: Blissey
|-damage|p2a: Blissey|42/100
|-status|p2a: Blissey|par
|
|upkeep
|turn|41
|
|t:|1633737045
|move|p1a: Zappy|Hurricane|p2a: Blissey
|-damage|p2a: Blissey|26/100 par
|move|p2a: Blissey|Wish|p2a: Blissey
|
|upkeep
|turn|42
|
|t:|1633737051
|move|p2a: Blissey|Protect|p2a: Blissey
|-singleturn|p2a: Blissey|Protect
|move|p1a: Zappy|Hurricane|p2a: Blissey
|-activate|p2a: Blissey|move: Protect
|
|-heal|p2a: Blissey|76/100 par|[from] move: Wish|[wisher] Blissey
|upkeep
|turn|43
|c|☆BeastyJ157|I see
|
|t:|1633737069
|switch|p1a: Dpult|Dragapult, F|100/100
|move|p2a: Blissey|Heal Bell|p2a: Blissey
|-activate|p2a: Blissey|move: Heal Bell
|-curestatus|p2a: Blissey|par|[msg]
|-curestatus|p2: Dragonite|par|[msg]
|
|upkeep
|turn|44
|c|☆BeastyJ157|U cant hit me
|
|t:|1633737091
|move|p1a: Dpult|Flamethrower|p2a: Blissey
|-damage|p2a: Blissey|61/100
|move|p2a: Blissey|Wish|p2a: Blissey
|
|upkeep
|turn|45
|
|t:|1633737098
|switch|p2a: Dragonite|Dragonite, F|13/100
|move|p1a: Dpult|Flamethrower|p2a: Dragonite
|-resisted|p2a: Dragonite
|-damage|p2a: Dragonite|0 fnt
|faint|p2a: Dragonite
|
|upkeep
|
|t:|1633737104
|switch|p2a: Melmetal|Melmetal|86/100
|-damage|p2a: Melmetal|80/100|[from] Stealth Rock
|turn|46
|
|t:|1633737107
|switch|p1a: Zappy|Zapdos|74/100
|move|p2a: Melmetal|Double Iron Bash|p1a: Zappy
|-resisted|p1a: Zappy
|-damage|p1a: Zappy|58/100
|-resisted|p1a: Zappy
|-damage|p1a: Zappy|39/100
|-hitcount|p1a: Zappy|2
|
|upkeep
|turn|47
|
|t:|1633737112
|move|p1a: Zappy|Roost|p1a: Zappy
|-heal|p1a: Zappy|89/100
|-singleturn|p1a: Zappy|move: Roost
|move|p2a: Melmetal|Ice Punch|p1a: Zappy
|-damage|p1a: Zappy|60/100
|-status|p2a: Melmetal|par|[from] ability: Static|[of] p1a: Zappy
|
|upkeep
|turn|48
|
|t:|1633737131
|switch|p1a: Lando|Landorus-Therian, M|23/100
|-ability|p1a: Lando|Intimidate|boost
|-unboost|p2a: Melmetal|atk|1
|switch|p2a: Blissey|Blissey, F|61/100
|
|-heal|p1a: Lando|29/100|[from] item: Leftovers
|upkeep
|turn|49
|
|t:|1633737137
|move|p1a: Lando|Earthquake|p2a: Blissey
|-damage|p2a: Blissey|19/100
|move|p2a: Blissey|Seismic Toss|p1a: Lando
|-damage|p1a: Lando|3/100
|
|-heal|p1a: Lando|9/100|[from] item: Leftovers
|upkeep
|turn|50
|
|t:|1633737141
|move|p1a: Lando|Earthquake|p2a: Blissey
|-damage|p2a: Blissey|0 fnt
|faint|p2a: Blissey
|
|-heal|p1a: Lando|15/100|[from] item: Leftovers
|upkeep
|-message|Bisharp Forever forfeited.
|
|win|BeastyJ157
|raw|BeastyJ157's rating: 1627 &rarr; <strong>1648</strong><br />(+21 for winning)
|raw|Bisharp Forever's rating: 1642 &rarr; <strong>1621</strong><br />(-21 for losing)
|l|☆Bisharp Forever
|c|☆BeastyJ157|How did i clutch
