|j|☆Ohhhhhhhhhhhh
|j|☆4funaccount
|player|p1|Ohhhhhhhhhhhh|hiker-gen4|1879
|player|p2|4funaccount|volkner|1850
|teamsize|p1|6
|teamsize|p2|6
|gametype|singles
|gen|8
|tier|[Gen 8] OU
|rated|
|clearpoke
|poke|p1|Clefable, M|
|poke|p1|Corviknight, M|
|poke|p1|Toxapex, M|
|poke|p1|Sirfetch'd, F|
|poke|p1|Jirachi|
|poke|p1|Seismitoad, F|
|poke|p2|Mandibuzz, F|
|poke|p2|Togekiss, F|
|poke|p2|Dugtrio, M|
|poke|p2|Clefable, M|
|poke|p2|Toxapex, M|
|poke|p2|Dragapult, F|
|rule|Sleep Clause Mod: Limit one foe put to sleep
|rule|Species Clause: Limit one of each Pokémon
|rule|OHKO Clause: OHKO moves are banned
|rule|Evasion Moves Clause: Evasion moves are banned
|rule|Endless Battle Clause: Forcing endless battles is banned
|rule|HP Percentage Mod: HP is shown in percentages
|rule|Dynamax Clause: You cannot dynamax
|teampreview
|
|start
|switch|p1a: Seismitoad|Seismitoad, F|100/100
|switch|p2a: Clefable|Clefable, M|100/100
|turn|1
|
|move|p1a: Seismitoad|Stealth Rock|p2a: Clefable
|-sidestart|p2: 4funaccount|move: Stealth Rock
|move|p2a: Clefable|Calm Mind|p2a: Clefable
|-boost|p2a: Clefable|spa|1
|-boost|p2a: Clefable|spd|1
|
|upkeep
|turn|2
|
|move|p1a: Seismitoad|Earthquake|p2a: Clefable
|-damage|p2a: Clefable|64/100
|move|p2a: Clefable|Thunder Wave|p1a: Seismitoad
|-immune|p1a: Seismitoad
|
|-heal|p2a: Clefable|70/100|[from] item: Leftovers
|upkeep
|turn|3
|
|move|p1a: Seismitoad|Earthquake|p2a: Clefable
|-damage|p2a: Clefable|35/100
|move|p2a: Clefable|Soft-Boiled|p2a: Clefable
|-heal|p2a: Clefable|85/100
|
|-heal|p2a: Clefable|91/100|[from] item: Leftovers
|upkeep
|turn|4
|
|move|p1a: Seismitoad|Earthquake|p2a: Clefable
|-damage|p2a: Clefable|54/100
|move|p2a: Clefable|Moonblast|p1a: Seismitoad
|-damage|p1a: Seismitoad|56/100
|
|-heal|p1a: Seismitoad|62/100|[from] item: Leftovers
|-heal|p2a: Clefable|60/100|[from] item: Leftovers
|upkeep
|turn|5
|
|switch|p1a: Jirachi|Jirachi|100/100
|move|p2a: Clefable|Soft-Boiled|p2a: Clefable
|-heal|p2a: Clefable|100/100
|
|upkeep
|turn|6
|
|switch|p2a: Toxapex|Toxapex, M|100/100
|-damage|p2a: Toxapex|88/100|[from] Stealth Rock
|move|p1a: Jirachi|Substitute|p1a: Jirachi
|-start|p1a: Jirachi|Substitute
|-damage|p1a: Jirachi|76/100
|
|-heal|p1a: Jirachi|82/100|[from] item: Leftovers
|-heal|p2a: Toxapex|94/100|[from] item: Black Sludge
|upkeep
|turn|7
|
|move|p1a: Jirachi|Calm Mind|p1a: Jirachi
|-boost|p1a: Jirachi|spa|1
|-boost|p1a: Jirachi|spd|1
|move|p2a: Toxapex|Knock Off|p1a: Jirachi
|-supereffective|p1a: Jirachi
|-activate|p1a: Jirachi|move: Substitute|[damage]
|
|-heal|p1a: Jirachi|88/100|[from] item: Leftovers
|-heal|p2a: Toxapex|100/100|[from] item: Black Sludge
|upkeep
|turn|8
|
|move|p1a: Jirachi|Psychic|p2a: Toxapex
|-supereffective|p2a: Toxapex
|-damage|p2a: Toxapex|33/100
|move|p2a: Toxapex|Haze|p2a: Toxapex
|-clearallboost
|
|-heal|p1a: Jirachi|94/100|[from] item: Leftovers
|-heal|p2a: Toxapex|40/100|[from] item: Black Sludge
|upkeep
|turn|9
|
|switch|p2a: Mandibuzz|Mandibuzz, F|100/100
|move|p1a: Jirachi|Calm Mind|p1a: Jirachi
|-boost|p1a: Jirachi|spa|1
|-boost|p1a: Jirachi|spd|1
|
|-heal|p1a: Jirachi|99/100|[from] item: Leftovers
|upkeep
|turn|10
|
|move|p1a: Jirachi|Thunderbolt|p2a: Mandibuzz
|-supereffective|p2a: Mandibuzz
|-damage|p2a: Mandibuzz|48/100
|move|p2a: Mandibuzz|U-turn|p1a: Jirachi
|-end|p1a: Jirachi|Substitute
|
|switch|p2a: Dragapult|Dragapult, F|100/100|[from]move: U-turn
|-damage|p2a: Dragapult|88/100|[from] Stealth Rock
|
|-heal|p1a: Jirachi|100/100|[from] item: Leftovers
|upkeep
|turn|11
|
|move|p2a: Dragapult|U-turn|p1a: Jirachi
|-damage|p1a: Jirachi|88/100
|
|switch|p2a: Clefable|Clefable, M|100/100|[from]move: U-turn
|move|p1a: Jirachi|Psychic|p2a: Clefable
|-damage|p2a: Clefable|70/100
|
|-heal|p1a: Jirachi|94/100|[from] item: Leftovers
|-heal|p2a: Clefable|76/100|[from] item: Leftovers
|upkeep
|turn|12
|j| MaliciousIntentt
|j| illuminati
|
|move|p1a: Jirachi|Psychic|p2a: Clefable
|-damage|p2a: Clefable|42/100
|move|p2a: Clefable|Calm Mind|p2a: Clefable
|-boost|p2a: Clefable|spa|1
|-boost|p2a: Clefable|spd|1
|
|-heal|p1a: Jirachi|99/100|[from] item: Leftovers
|-heal|p2a: Clefable|48/100|[from] item: Leftovers
|upkeep
|turn|13
|
|move|p1a: Jirachi|Substitute|p1a: Jirachi
|-start|p1a: Jirachi|Substitute
|-damage|p1a: Jirachi|75/100
|move|p2a: Clefable|Thunder Wave||[still]
|-fail|p2a: Clefable
|
|-heal|p1a: Jirachi|81/100|[from] item: Leftovers
|-heal|p2a: Clefable|54/100|[from] item: Leftovers
|upkeep
|turn|14
|
|move|p1a: Jirachi|Calm Mind|p1a: Jirachi
|-boost|p1a: Jirachi|spa|1
|-boost|p1a: Jirachi|spd|1
|move|p2a: Clefable|Calm Mind|p2a: Clefable
|-boost|p2a: Clefable|spa|1
|-boost|p2a: Clefable|spd|1
|
|-heal|p1a: Jirachi|88/100|[from] item: Leftovers
|-heal|p2a: Clefable|60/100|[from] item: Leftovers
|upkeep
|turn|15
|
|move|p1a: Jirachi|Calm Mind|p1a: Jirachi
|-boost|p1a: Jirachi|spa|1
|-boost|p1a: Jirachi|spd|1
|move|p2a: Clefable|Calm Mind|p2a: Clefable
|-boost|p2a: Clefable|spa|1
|-boost|p2a: Clefable|spd|1
|
|-heal|p1a: Jirachi|94/100|[from] item: Leftovers
|-heal|p2a: Clefable|66/100|[from] item: Leftovers
|upkeep
|turn|16
|
|move|p1a: Jirachi|Calm Mind|p1a: Jirachi
|-boost|p1a: Jirachi|spa|1
|-boost|p1a: Jirachi|spd|1
|move|p2a: Clefable|Calm Mind|p2a: Clefable
|-boost|p2a: Clefable|spa|1
|-boost|p2a: Clefable|spd|1
|
|-heal|p1a: Jirachi|99/100|[from] item: Leftovers
|-heal|p2a: Clefable|73/100|[from] item: Leftovers
|upkeep
|turn|17
|
|move|p1a: Jirachi|Calm Mind|p1a: Jirachi
|-boost|p1a: Jirachi|spa|1
|-boost|p1a: Jirachi|spd|1
|move|p2a: Clefable|Calm Mind|p2a: Clefable
|-boost|p2a: Clefable|spa|1
|-boost|p2a: Clefable|spd|1
|
|-heal|p1a: Jirachi|100/100|[from] item: Leftovers
|-heal|p2a: Clefable|79/100|[from] item: Leftovers
|upkeep
|turn|18
|
|move|p1a: Jirachi|Calm Mind|p1a: Jirachi
|-boost|p1a: Jirachi|spa|1
|-boost|p1a: Jirachi|spd|1
|move|p2a: Clefable|Calm Mind|p2a: Clefable
|-boost|p2a: Clefable|spa|1
|-boost|p2a: Clefable|spd|1
|
|-heal|p2a: Clefable|85/100|[from] item: Leftovers
|upkeep
|turn|19
|
|move|p1a: Jirachi|Thunderbolt|p2a: Clefable
|-damage|p2a: Clefable|71/100
|move|p2a: Clefable|Moonblast|p1a: Jirachi
|-resisted|p1a: Jirachi
|-activate|p1a: Jirachi|move: Substitute|[damage]
|
|-heal|p2a: Clefable|77/100|[from] item: Leftovers
|upkeep
|turn|20
|
|move|p1a: Jirachi|Thunderbolt|p2a: Clefable
|-damage|p2a: Clefable|63/100
|move|p2a: Clefable|Moonblast|p1a: Jirachi
|-resisted|p1a: Jirachi
|-end|p1a: Jirachi|Substitute
|
|-heal|p2a: Clefable|70/100|[from] item: Leftovers
|upkeep
|turn|21
|l|☆4funaccount
|player|p2|
|inactive|Battle timer is ON: inactive players will automatically lose when time's up. (requested by Ohhhhhhhhhhhh)
|j|☆4funaccount
|inactive|4funaccount reconnected and has 145 seconds left.
|player|p2|4funaccount|volkner
|
|move|p1a: Jirachi|Substitute|p1a: Jirachi
|-start|p1a: Jirachi|Substitute
|-damage|p1a: Jirachi|76/100
|move|p2a: Clefable|Calm Mind|p2a: Clefable
|-boost|p2a: Clefable|spa|0
|-boost|p2a: Clefable|spd|0
|
|-heal|p1a: Jirachi|82/100|[from] item: Leftovers
|-heal|p2a: Clefable|76/100|[from] item: Leftovers
|upkeep
|turn|22
|
|move|p1a: Jirachi|Psychic|p2a: Clefable
|-damage|p2a: Clefable|56/100
|move|p2a: Clefable|Calm Mind|p2a: Clefable
|-boost|p2a: Clefable|spa|0
|-boost|p2a: Clefable|spd|0
|
|-heal|p1a: Jirachi|88/100|[from] item: Leftovers
|-heal|p2a: Clefable|62/100|[from] item: Leftovers
|upkeep
|turn|23
|
|move|p1a: Jirachi|Psychic|p2a: Clefable
|-damage|p2a: Clefable|39/100
|move|p2a: Clefable|Calm Mind|p2a: Clefable
|-boost|p2a: Clefable|spa|0
|-boost|p2a: Clefable|spd|0
|
|-heal|p1a: Jirachi|94/100|[from] item: Leftovers
|-heal|p2a: Clefable|45/100|[from] item: Leftovers
|upkeep
|turn|24
|
|move|p1a: Jirachi|Psychic|p2a: Clefable
|-damage|p2a: Clefable|22/100
|move|p2a: Clefable|Soft-Boiled|p2a: Clefable
|-heal|p2a: Clefable|72/100
|
|-heal|p1a: Jirachi|99/100|[from] item: Leftovers
|-heal|p2a: Clefable|78/100|[from] item: Leftovers
|upkeep
|turn|25
|
|move|p1a: Jirachi|Thunderbolt|p2a: Clefable
|-damage|p2a: Clefable|64/100
|move|p2a: Clefable|Calm Mind|p2a: Clefable
|-boost|p2a: Clefable|spa|0
|-boost|p2a: Clefable|spd|0
|
|-heal|p1a: Jirachi|100/100|[from] item: Leftovers
|-heal|p2a: Clefable|71/100|[from] item: Leftovers
|upkeep
|turn|26
|j|‽mar1a i'm drunk
|
|move|p1a: Jirachi|Thunderbolt|p2a: Clefable
|-damage|p2a: Clefable|57/100
|move|p2a: Clefable|Calm Mind|p2a: Clefable
|-boost|p2a: Clefable|spa|0
|-boost|p2a: Clefable|spd|0
|
|-heal|p2a: Clefable|63/100|[from] item: Leftovers
|upkeep
|turn|27
|
|move|p1a: Jirachi|Thunderbolt|p2a: Clefable
|-damage|p2a: Clefable|50/100
|move|p2a: Clefable|Soft-Boiled|p2a: Clefable
|-heal|p2a: Clefable|99/100
|
|-heal|p2a: Clefable|100/100|[from] item: Leftovers
|upkeep
|turn|28
|
|move|p1a: Jirachi|Thunderbolt|p2a: Clefable
|-damage|p2a: Clefable|87/100
|move|p2a: Clefable|Moonblast|p1a: Jirachi
|-resisted|p1a: Jirachi
|-crit|p1a: Jirachi
|-end|p1a: Jirachi|Substitute
|
|-heal|p2a: Clefable|93/100|[from] item: Leftovers
|upkeep
|turn|29
|
|move|p1a: Jirachi|Substitute|p1a: Jirachi
|-start|p1a: Jirachi|Substitute
|-damage|p1a: Jirachi|76/100
|move|p2a: Clefable|Moonblast|p1a: Jirachi
|-resisted|p1a: Jirachi
|-activate|p1a: Jirachi|move: Substitute|[damage]
|
|-heal|p1a: Jirachi|82/100|[from] item: Leftovers
|-heal|p2a: Clefable|99/100|[from] item: Leftovers
|upkeep
|turn|30
|j| Lightchanseyy
|
|move|p1a: Jirachi|Thunderbolt|p2a: Clefable
|-damage|p2a: Clefable|86/100
|move|p2a: Clefable|Moonblast|p1a: Jirachi
|-resisted|p1a: Jirachi
|-end|p1a: Jirachi|Substitute
|
|-heal|p1a: Jirachi|88/100|[from] item: Leftovers
|-heal|p2a: Clefable|92/100|[from] item: Leftovers
|upkeep
|turn|31
|
|move|p1a: Jirachi|Substitute|p1a: Jirachi
|-start|p1a: Jirachi|Substitute
|-damage|p1a: Jirachi|63/100
|move|p2a: Clefable|Calm Mind|p2a: Clefable
|-boost|p2a: Clefable|spa|0
|-boost|p2a: Clefable|spd|0
|
|-heal|p1a: Jirachi|69/100|[from] item: Leftovers
|-heal|p2a: Clefable|98/100|[from] item: Leftovers
|upkeep
|turn|32
|j| meatybawls
|
|move|p1a: Jirachi|Thunderbolt|p2a: Clefable
|-damage|p2a: Clefable|85/100
|move|p2a: Clefable|Calm Mind|p2a: Clefable
|-boost|p2a: Clefable|spa|0
|-boost|p2a: Clefable|spd|0
|
|-heal|p1a: Jirachi|75/100|[from] item: Leftovers
|-heal|p2a: Clefable|91/100|[from] item: Leftovers
|upkeep
|turn|33
|l| Lightchanseyy
|
|move|p1a: Jirachi|Thunderbolt|p2a: Clefable
|-damage|p2a: Clefable|78/100
|-status|p2a: Clefable|par
|move|p2a: Clefable|Calm Mind|p2a: Clefable
|-boost|p2a: Clefable|spa|0
|-boost|p2a: Clefable|spd|0
|
|-heal|p1a: Jirachi|81/100|[from] item: Leftovers
|-heal|p2a: Clefable|84/100 par|[from] item: Leftovers
|upkeep
|turn|34
|
|move|p1a: Jirachi|Thunderbolt|p2a: Clefable
|-damage|p2a: Clefable|71/100 par
|move|p2a: Clefable|Calm Mind|p2a: Clefable
|-boost|p2a: Clefable|spa|0
|-boost|p2a: Clefable|spd|0
|
|-heal|p1a: Jirachi|87/100|[from] item: Leftovers
|-heal|p2a: Clefable|77/100 par|[from] item: Leftovers
|upkeep
|turn|35
|
|move|p1a: Jirachi|Psychic|p2a: Clefable
|-damage|p2a: Clefable|55/100 par
|move|p2a: Clefable|Calm Mind|p2a: Clefable
|-boost|p2a: Clefable|spa|0
|-boost|p2a: Clefable|spd|0
|
|-heal|p1a: Jirachi|93/100|[from] item: Leftovers
|-heal|p2a: Clefable|61/100 par|[from] item: Leftovers
|upkeep
|turn|36
|j| JKongh
|
|move|p1a: Jirachi|Thunderbolt|p2a: Clefable
|-damage|p2a: Clefable|46/100 par
|cant|p2a: Clefable|par
|
|-heal|p1a: Jirachi|99/100|[from] item: Leftovers
|-heal|p2a: Clefable|52/100 par|[from] item: Leftovers
|upkeep
|turn|37
|
|switch|p1a: Sir Savage|Sirfetch'd, F|100/100
|cant|p2a: Clefable|par
|
|-heal|p2a: Clefable|58/100 par|[from] item: Leftovers
|upkeep
|turn|38
|
|switch|p2a: Toxapex|Toxapex, M|73/100
|-damage|p2a: Toxapex|60/100|[from] Stealth Rock
|move|p1a: Sir Savage|Poison Jab|p2a: Toxapex
|-resisted|p2a: Toxapex
|-damage|p2a: Toxapex|42/100
|
|-heal|p2a: Toxapex|49/100|[from] item: Black Sludge
|upkeep
|turn|39
|j| VannAccessible
|
|switch|p1a: Seismitoad|Seismitoad, F|62/100
|switch|p2a: Mandibuzz|Mandibuzz, F|48/100
|
|-heal|p1a: Seismitoad|68/100|[from] item: Leftovers
|upkeep
|turn|40
|
|switch|p2a: Toxapex|Toxapex, M|82/100
|-damage|p2a: Toxapex|69/100|[from] Stealth Rock
|move|p1a: Seismitoad|Scald|p2a: Toxapex
|-resisted|p2a: Toxapex
|-damage|p2a: Toxapex|62/100
|
|-heal|p1a: Seismitoad|74/100|[from] item: Leftovers
|-heal|p2a: Toxapex|69/100|[from] item: Black Sludge
|upkeep
|turn|41
|
|move|p1a: Seismitoad|Earthquake|p2a: Toxapex
|-supereffective|p2a: Toxapex
|-damage|p2a: Toxapex|19/100
|move|p2a: Toxapex|Knock Off|p1a: Seismitoad
|-damage|p1a: Seismitoad|62/100
|-enditem|p1a: Seismitoad|Leftovers|[from] move: Knock Off|[of] p2a: Toxapex
|
|-heal|p2a: Toxapex|25/100|[from] item: Black Sludge
|upkeep
|turn|42
|
|switch|p2a: Mandibuzz|Mandibuzz, F|48/100
|move|p1a: Seismitoad|Scald|p2a: Mandibuzz
|-damage|p2a: Mandibuzz|28/100
|
|upkeep
|turn|43
|
|switch|p1a: Sir Savage|Sirfetch'd, F|100/100
|move|p2a: Mandibuzz|Roost|p2a: Mandibuzz
|-heal|p2a: Mandibuzz|78/100
|-singleturn|p2a: Mandibuzz|move: Roost
|
|upkeep
|turn|44
|
|switch|p2a: Toxapex|Toxapex, M|58/100
|-damage|p2a: Toxapex|46/100|[from] Stealth Rock
|move|p1a: Sir Savage|Close Combat|p2a: Toxapex
|-resisted|p2a: Toxapex
|-damage|p2a: Toxapex|7/100
|-unboost|p1a: Sir Savage|def|1
|-unboost|p1a: Sir Savage|spd|1
|
|-heal|p2a: Toxapex|13/100|[from] item: Black Sludge
|upkeep
|turn|45
|
|switch|p2a: Togekiss|Togekiss, F|100/100
|-damage|p2a: Togekiss|76/100|[from] Stealth Rock
|move|p1a: Sir Savage|Close Combat|p2a: Togekiss
|-resisted|p2a: Togekiss
|-damage|p2a: Togekiss|47/100
|-unboost|p1a: Sir Savage|def|1
|-unboost|p1a: Sir Savage|spd|1
|
|upkeep
|turn|46
|
|switch|p1a: Jirachi|Jirachi|99/100
|move|p2a: Togekiss|Trick|p1a: Jirachi
|-activate|p2a: Togekiss|move: Trick|[of] p1a: Jirachi
|-item|p1a: Jirachi|Choice Scarf|[from] move: Trick
|-item|p2a: Togekiss|Leftovers|[from] move: Trick
|
|-heal|p2a: Togekiss|53/100|[from] item: Leftovers
|upkeep
|turn|47
|
|switch|p1a: Sir Savage|Sirfetch'd, F|100/100
|switch|p2a: Clefable|Clefable, M|58/100 par
|
|-heal|p2a: Clefable|64/100 par|[from] item: Leftovers
|upkeep
|turn|48
|
|switch|p2a: Toxapex|Toxapex, M|46/100
|-damage|p2a: Toxapex|34/100|[from] Stealth Rock
|move|p1a: Sir Savage|Close Combat|p2a: Toxapex
|-resisted|p2a: Toxapex
|-damage|p2a: Toxapex|0 fnt
|-unboost|p1a: Sir Savage|def|1
|-unboost|p1a: Sir Savage|spd|1
|faint|p2a: Toxapex
|
|upkeep
|j| yesyesyesnonono
|
|switch|p2a: Clefable|Clefable, M|64/100 par
|turn|49
|l| yesyesyesnonono
|
|switch|p2a: Mandibuzz|Mandibuzz, F|78/100
|move|p1a: Sir Savage|Close Combat|p2a: Mandibuzz
|-damage|p2a: Mandibuzz|17/100
|-unboost|p1a: Sir Savage|def|1
|-unboost|p1a: Sir Savage|spd|1
|
|upkeep
|turn|50
|
|switch|p2a: Clefable|Clefable, M|64/100 par
|move|p1a: Sir Savage|Close Combat|p2a: Clefable
|-resisted|p2a: Clefable
|-damage|p2a: Clefable|10/100 par
|-unboost|p1a: Sir Savage|def|1
|-unboost|p1a: Sir Savage|spd|1
|
|-heal|p2a: Clefable|16/100 par|[from] item: Leftovers
|upkeep
|turn|51
|
|move|p1a: Sir Savage|Close Combat|p2a: Clefable
|-resisted|p2a: Clefable
|-damage|p2a: Clefable|0 fnt
|-unboost|p1a: Sir Savage|def|1
|-unboost|p1a: Sir Savage|spd|1
|faint|p2a: Clefable
|
|upkeep
|
|switch|p2a: Togekiss|Togekiss, F|53/100
|-damage|p2a: Togekiss|28/100|[from] Stealth Rock
|turn|52
|
|switch|p2a: Mandibuzz|Mandibuzz, F|17/100
|switch|p1a: Jirachi|Jirachi|99/100
|
|upkeep
|turn|53
|
|move|p1a: Jirachi|Thunderbolt|p2a: Mandibuzz
|-supereffective|p2a: Mandibuzz
|-damage|p2a: Mandibuzz|0 fnt
|faint|p2a: Mandibuzz
|
|upkeep
|-message|4funaccount forfeited.
|
|win|Ohhhhhhhhhhhh
|l|☆4funaccount
|raw|Ohhhhhhhhhhhh's rating: 1879 &rarr; <strong>1897</strong><br />(+18 for winning)
|raw|4funaccount's rating: 1850 &rarr; <strong>1832</strong><br />(-18 for losing)
|l|☆Ohhhhhhhhhhhh
|l| MaliciousIntentt
|l| meatybawls
|l| VannAccessible
|j| VannAccessible
