|j|☆HOF69
|j|☆Cubielubie
|t:|1654101705
|gametype|singles
|player|p1|HOF69|red|1816
|player|p2|Cubielubie|2|1706
|teamsize|p1|6
|teamsize|p2|6
|gen|8
|tier|[Gen 8] OU
|rated|
|rule|Sleep Clause Mod: Limit one foe put to sleep
|rule|Species Clause: Limit one of each Pokémon
|rule|OHKO Clause: OHKO moves are banned
|rule|Evasion Moves Clause: Evasion moves are banned
|rule|Endless Battle Clause: Forcing endless battles is banned
|rule|HP Percentage Mod: HP is shown in percentages
|rule|Dynamax Clause: You cannot dynamax
|clearpoke
|poke|p1|Gengar, M|
|poke|p1|Landorus-Therian, M|
|poke|p1|Krookodile, M|
|poke|p1|Tapu Lele|
|poke|p1|Kartana|
|poke|p1|Blacephalon|
|poke|p2|Pelipper, M|
|poke|p2|Barraskewda, M|
|poke|p2|Porygon-Z|
|poke|p2|Ferrothorn, M|
|poke|p2|Tapu Lele|
|poke|p2|Seismitoad, M|
|teampreview
|j| GROSS SAMPLE TEAM
|
|t:|1654101708
|start
|switch|p1a: Krookodile|Krookodile, M|100/100
|switch|p2a: Pelipper|Pelipper, M|100/100
|-ability|p1a: Krookodile|Intimidate|boost
|-unboost|p2a: Pelipper|atk|1
|-weather|RainDance|[from] ability: Drizzle|[of] p2a: Pelipper
|turn|1
|
|t:|1654101712
|move|p1a: Krookodile|Stealth Rock|p2a: Pelipper
|-sidestart|p2: Cubielubie|move: Stealth Rock
|move|p2a: Pelipper|Scald|p1a: Krookodile
|-supereffective|p1a: Krookodile
|-crit|p1a: Krookodile
|-enditem|p1a: Krookodile|Focus Sash
|-damage|p1a: Krookodile|1/100
|-status|p1a: Krookodile|brn
|
|-weather|RainDance|[upkeep]
|-damage|p1a: Krookodile|0 fnt|[from] brn
|faint|p1a: Krookodile
|upkeep
|
|t:|1654101729
|switch|p1a: Tapu Lele|Tapu Lele|100/100
|-fieldstart|move: Psychic Terrain|[from] ability: Psychic Surge|[of] p1a: Tapu Lele
|turn|2
|
|t:|1654101732
|switch|p2a: Ferrothorn|Ferrothorn, M|100/100
|-damage|p2a: Ferrothorn|95/100|[from] Stealth Rock
|move|p1a: Tapu Lele|Focus Blast|p2a: Ferrothorn
|-supereffective|p2a: Ferrothorn
|-damage|p2a: Ferrothorn|20/100
|
|-weather|RainDance|[upkeep]
|upkeep
|turn|3
|
|t:|1654101742
|move|p1a: Tapu Lele|Focus Blast|p2a: Ferrothorn
|-supereffective|p2a: Ferrothorn
|-damage|p2a: Ferrothorn|0 fnt
|faint|p2a: Ferrothorn
|
|-weather|RainDance|[upkeep]
|upkeep
|
|t:|1654101750
|switch|p2a: Pelipper|Pelipper, M|100/100
|-damage|p2a: Pelipper|76/100|[from] Stealth Rock
|turn|4
|
|t:|1654101754
|move|p1a: Tapu Lele|Moonblast|p2a: Pelipper
|-damage|p2a: Pelipper|31/100
|move|p2a: Pelipper|Defog|p1a: Tapu Lele
|-unboost|p1a: Tapu Lele|evasion|1
|-sideend|p2: Cubielubie|Stealth Rock|[from] move: Defog|[of] p2a: Pelipper
|-fieldend|move: Psychic Terrain
|
|-weather|RainDance|[upkeep]
|upkeep
|turn|5
|
|t:|1654101765
|switch|p2a: Tapu Lele|Tapu Lele|100/100
|-fieldstart|move: Psychic Terrain|[from] ability: Psychic Surge|[of] p2a: Tapu Lele
|move|p1a: Tapu Lele|Moonblast|p2a: Tapu Lele
|-damage|p2a: Tapu Lele|51/100
|-unboost|p2a: Tapu Lele|spa|1
|
|-weather|RainDance|[upkeep]
|upkeep
|turn|6
|
|t:|1654101770
|move|p2a: Tapu Lele|Moonblast|p1a: Tapu Lele
|-damage|p1a: Tapu Lele|60/100
|move|p1a: Tapu Lele|Moonblast|p2a: Tapu Lele
|-damage|p2a: Tapu Lele|0 fnt
|faint|p2a: Tapu Lele
|
|-weather|RainDance|[upkeep]
|upkeep
|
|t:|1654101778
|switch|p2a: Barraskewda|Barraskewda, M|100/100
|turn|7
|
|t:|1654101782
|move|p2a: Barraskewda|Flip Turn|p1a: Tapu Lele
|-damage|p1a: Tapu Lele|0 fnt
|faint|p1a: Tapu Lele
|j| IceGuysFinishLast
|
|t:|1654101785
|switch|p2a: Seismitoad|Seismitoad, M|100/100|[from]move: Flip Turn
|
|-weather|RainDance|[upkeep]
|upkeep
|
|t:|1654101789
|switch|p1a: Gengar|Gengar, M, shiny|100/100
|turn|8
|
|t:|1654101791
|move|p2a: Seismitoad|Weather Ball|p1a: Gengar
|-enditem|p1a: Gengar|Focus Sash
|-damage|p1a: Gengar|1/100
|move|p1a: Gengar|Shadow Ball|p2a: Seismitoad
|-damage|p2a: Seismitoad|51/100
|
|-weather|none
|upkeep
|turn|9
|
|t:|1654101801
|switch|p2a: Porygon-Z|Porygon-Z|100/100
|-ability|p2a: Porygon-Z|Download|boost
|-boost|p2a: Porygon-Z|atk|1
|move|p1a: Gengar|Shadow Ball|p2a: Porygon-Z
|-immune|p2a: Porygon-Z
|
|-fieldend|move: Psychic Terrain
|upkeep
|turn|10
|
|t:|1654101812
|move|p1a: Gengar|Sludge Wave|p2a: Porygon-Z
|-damage|p2a: Porygon-Z|28/100
|move|p2a: Porygon-Z|Ice Beam|p1a: Gengar
|-damage|p1a: Gengar|0 fnt
|faint|p1a: Gengar
|
|upkeep
|
|t:|1654101821
|switch|p1a: Kartana|Kartana|100/100
|turn|11
|
|t:|1654101831
|switch|p2a: Pelipper|Pelipper, M|31/100
|-weather|RainDance|[from] ability: Drizzle|[of] p2a: Pelipper
|move|p1a: Kartana|Knock Off|p2a: Pelipper
|-damage|p2a: Pelipper|0 fnt
|-enditem|p2a: Pelipper|Damp Rock|[from] move: Knock Off|[of] p1a: Kartana
|faint|p2a: Pelipper
|-ability|p1a: Kartana|Beast Boost|boost
|-boost|p1a: Kartana|atk|1
|
|-weather|RainDance|[upkeep]
|upkeep
|
|t:|1654101832
|switch|p2a: Seismitoad|Seismitoad, M|51/100
|turn|12
|j| amimec
|
|t:|1654101842
|switch|p1a: Landorus|Landorus-Therian, M|100/100
|-ability|p1a: Landorus|Intimidate|boost
|-unboost|p2a: Seismitoad|atk|1
|move|p2a: Seismitoad|Weather Ball|p1a: Landorus
|-supereffective|p1a: Landorus
|-damage|p1a: Landorus|2/100
|
|-weather|RainDance|[upkeep]
|upkeep
|turn|13
|
|t:|1654101846
|move|p2a: Seismitoad|Weather Ball|p1a: Landorus
|-supereffective|p1a: Landorus
|-damage|p1a: Landorus|0 fnt
|faint|p1a: Landorus
|
|-weather|RainDance|[upkeep]
|upkeep
|
|t:|1654101848
|switch|p1a: Blacephalon|Blacephalon|100/100
|turn|14
|
|t:|1654101863
|move|p2a: Seismitoad|Weather Ball|p1a: Blacephalon
|-supereffective|p1a: Blacephalon
|-damage|p1a: Blacephalon|0 fnt
|faint|p1a: Blacephalon
|
|-weather|RainDance|[upkeep]
|upkeep
|-message|HOF69 forfeited.
|
|win|Cubielubie
|raw|HOF69's rating: 1816 &rarr; <strong>1790</strong><br />(-26 for losing)
|raw|Cubielubie's rating: 1706 &rarr; <strong>1732</strong><br />(+26 for winning)
|l|☆HOF69
|j| BinleyUltraChippy
|l| IceGuysFinishLast
||Ladder isn't responding, score probably updated but might not have (Request timeout).
|l| GROSS SAMPLE TEAM
