|j|☆cump3
|j|☆BulletInMyHead ttv
|t:|1649517790
|gametype|singles
|player|p1|cump3|gentleman-gen4|1433
|player|p2|BulletInMyHead ttv|102|1463
|teamsize|p1|6
|teamsize|p2|6
|gen|8
|tier|[Gen 8] OU
|rated|
|rule|Sleep Clause Mod: Limit one foe put to sleep
|rule|Species Clause: Limit one of each Pokémon
|rule|OHKO Clause: OHKO moves are banned
|rule|Evasion Moves Clause: Evasion moves are banned
|rule|Endless Battle Clause: Forcing endless battles is banned
|rule|HP Percentage Mod: HP is shown in percentages
|rule|Dynamax Clause: You cannot dynamax
|clearpoke
|poke|p1|Ferrothorn, F|
|poke|p1|Slowking, M|
|poke|p1|Mandibuzz, F|
|poke|p1|Nidoking, M|
|poke|p1|Mienshao, M|
|poke|p1|Weavile, F|
|poke|p2|Tapu Lele|
|poke|p2|Heatran, M|
|poke|p2|Garchomp, F|
|poke|p2|Seismitoad, F|
|poke|p2|Kartana|
|poke|p2|Buzzwole|
|teampreview
|
|t:|1649517827
|start
|switch|p1a: Weavile|Weavile, F|100/100
|switch|p2a: Seismitoad|Seismitoad, F|100/100
|-ability|p1a: Weavile|Pressure
|turn|1
|
|t:|1649517839
|switch|p1a: Nidoking|Nidoking, M, shiny|100/100
|move|p2a: Seismitoad|Stealth Rock|p1a: Nidoking
|-sidestart|p1: cump3|move: Stealth Rock
|
|upkeep
|turn|2
|
|t:|1649517842
|switch|p1a: Ferrothorn|Ferrothorn, F|100/100
|-damage|p1a: Ferrothorn|94/100|[from] Stealth Rock
|move|p2a: Seismitoad|Earthquake|p1a: Ferrothorn
|-damage|p1a: Ferrothorn|76/100
|
|-heal|p1a: Ferrothorn|83/100|[from] item: Leftovers
|upkeep
|turn|3
|
|t:|1649517844
|switch|p2a: Heatran|Heatran, M|100/100
|move|p1a: Ferrothorn|Stealth Rock|p2a: Heatran
|-sidestart|p2: BulletInMyHead ttv|move: Stealth Rock
|
|-heal|p1a: Ferrothorn|89/100|[from] item: Leftovers
|upkeep
|turn|4
|
|t:|1649517847
|switch|p1a: Slowking|Slowking, M, shiny|100/100
|move|p2a: Heatran|Magma Storm|p1a: Slowking|[miss]
|-miss|p2a: Heatran|p1a: Slowking
|
|upkeep
|turn|5
|j| anneauxnime
|
|t:|1649517851
|switch|p2a: Seismitoad|Seismitoad, F|100/100
|-damage|p2a: Seismitoad|94/100|[from] Stealth Rock
|move|p1a: Slowking|Teleport|p1a: Slowking
|
|t:|1649517855
|switch|p1a: Mienshao|Mienshao, M|100/100|[from]move: Teleport
|-damage|p1a: Mienshao|95/100|[from] Stealth Rock
|
|-heal|p2a: Seismitoad|100/100|[from] item: Leftovers
|upkeep
|turn|6
|
|t:|1649517860
|switch|p2a: Buzzwole|Buzzwole|100/100
|-damage|p2a: Buzzwole|88/100|[from] Stealth Rock
|move|p1a: Mienshao|Knock Off|p2a: Buzzwole
|-resisted|p2a: Buzzwole
|-damage|p2a: Buzzwole|74/100
|-damage|p1a: Mienshao|78/100|[from] item: Rocky Helmet|[of] p2a: Buzzwole
|-enditem|p2a: Buzzwole|Rocky Helmet|[from] move: Knock Off|[of] p1a: Mienshao
|-damage|p1a: Mienshao|68/100|[from] item: Life Orb
|
|upkeep
|turn|7
|
|t:|1649517868
|move|p1a: Mienshao|U-turn|p2a: Buzzwole
|-resisted|p2a: Buzzwole
|-damage|p2a: Buzzwole|63/100
|-damage|p1a: Mienshao|58/100|[from] item: Life Orb
|
|t:|1649517870
|switch|p1a: Slowking|Slowking, M, shiny|100/100|[from]move: U-turn
|move|p2a: Buzzwole|Thunder Punch|p1a: Slowking
|-supereffective|p1a: Slowking
|-damage|p1a: Slowking|51/100
|
|upkeep
|turn|8
|
|t:|1649517877
|move|p2a: Buzzwole|Thunder Punch|p1a: Slowking
|-supereffective|p1a: Slowking
|-damage|p1a: Slowking|0 fnt
|faint|p1a: Slowking
|-ability|p2a: Buzzwole|Beast Boost|boost
|-boost|p2a: Buzzwole|atk|1
|
|upkeep
|
|t:|1649517880
|switch|p1a: Nidoking|Nidoking, M, shiny|100/100
|-damage|p1a: Nidoking|95/100|[from] Stealth Rock
|turn|9
|
|t:|1649517894
|switch|p2a: Garchomp|Garchomp, F|100/100
|-damage|p2a: Garchomp|94/100|[from] Stealth Rock
|move|p1a: Nidoking|Earth Power|p2a: Garchomp
|-damage|p2a: Garchomp|31/100
|
|upkeep
|turn|10
|
|t:|1649517900
|switch|p1a: Mandibuzz|Mandibuzz, F|100/100
|move|p2a: Garchomp|Swords Dance|p2a: Garchomp
|-boost|p2a: Garchomp|atk|2
|
|upkeep
|turn|11
|
|t:|1649517902
|move|p2a: Garchomp|Scale Shot|p1a: Mandibuzz
|-damage|p1a: Mandibuzz|83/100
|-damage|p1a: Mandibuzz|67/100
|-damage|p1a: Mandibuzz|50/100
|-damage|p1a: Mandibuzz|32/100
|-crit|p1a: Mandibuzz
|-damage|p1a: Mandibuzz|4/100
|-hitcount|p1a: Mandibuzz|5
|-unboost|p2a: Garchomp|def|1
|-boost|p2a: Garchomp|spe|1
|move|p1a: Mandibuzz|Foul Play|p2a: Garchomp
|-damage|p2a: Garchomp|0 fnt
|-damage|p1a: Mandibuzz|0 fnt|[from] ability: Rough Skin|[of] p2a: Garchomp
|faint|p2a: Garchomp
|faint|p1a: Mandibuzz
|
|upkeep
|
|t:|1649517914
|switch|p2a: Heatran|Heatran, M|100/100
|switch|p1a: Nidoking|Nidoking, M, shiny|95/100
|-damage|p1a: Nidoking|89/100|[from] Stealth Rock
|-damage|p2a: Heatran|88/100|[from] Stealth Rock
|turn|12
|
|t:|1649517921
|move|p1a: Nidoking|Earth Power|p2a: Heatran
|-supereffective|p2a: Heatran
|-damage|p2a: Heatran|0 fnt
|faint|p2a: Heatran
|
|upkeep
|
|t:|1649517923
|switch|p2a: Tapu Lele|Tapu Lele|100/100
|-damage|p2a: Tapu Lele|88/100|[from] Stealth Rock
|-fieldstart|move: Psychic Terrain|[from] ability: Psychic Surge|[of] p2a: Tapu Lele
|turn|13
|
|t:|1649517927
|switch|p1a: Ferrothorn|Ferrothorn, F|89/100
|-damage|p1a: Ferrothorn|83/100|[from] Stealth Rock
|move|p2a: Tapu Lele|Moonblast|p1a: Ferrothorn
|-resisted|p1a: Ferrothorn
|-damage|p1a: Ferrothorn|48/100
|
|-heal|p1a: Ferrothorn|54/100|[from] item: Leftovers
|upkeep
|turn|14
|
|t:|1649517931
|switch|p2a: Buzzwole|Buzzwole|63/100
|-damage|p2a: Buzzwole|50/100|[from] Stealth Rock
|move|p1a: Ferrothorn|Body Press|p2a: Buzzwole
|-resisted|p2a: Buzzwole
|-damage|p2a: Buzzwole|41/100
|
|-heal|p1a: Ferrothorn|61/100|[from] item: Leftovers
|upkeep
|turn|15
|
|t:|1649517935
|switch|p1a: Mienshao|Mienshao, M|91/100
|-damage|p1a: Mienshao|85/100|[from] Stealth Rock
|move|p2a: Buzzwole|Roost|p2a: Buzzwole
|-heal|p2a: Buzzwole|91/100
|-singleturn|p2a: Buzzwole|move: Roost
|
|upkeep
|turn|16
|
|t:|1649517938
|move|p1a: Mienshao|U-turn|p2a: Buzzwole
|-resisted|p2a: Buzzwole
|-damage|p2a: Buzzwole|80/100
|-damage|p1a: Mienshao|75/100|[from] item: Life Orb
|
|t:|1649517940
|switch|p1a: Nidoking|Nidoking, M, shiny|89/100|[from]move: U-turn
|-damage|p1a: Nidoking|83/100|[from] Stealth Rock
|move|p2a: Buzzwole|Close Combat|p1a: Nidoking
|-resisted|p1a: Nidoking
|-damage|p1a: Nidoking|40/100
|-unboost|p2a: Buzzwole|def|1
|-unboost|p2a: Buzzwole|spd|1
|
|upkeep
|turn|17
|
|t:|1649517949
|switch|p2a: Seismitoad|Seismitoad, F|100/100
|-damage|p2a: Seismitoad|94/100|[from] Stealth Rock
|move|p1a: Nidoking|Sludge Wave|p2a: Seismitoad
|-resisted|p2a: Seismitoad
|-damage|p2a: Seismitoad|59/100
|
|-heal|p2a: Seismitoad|65/100|[from] item: Leftovers
|-fieldend|move: Psychic Terrain
|upkeep
|turn|18
|
|t:|1649517966
|move|p1a: Nidoking|Earth Power|p2a: Seismitoad
|-damage|p2a: Seismitoad|0 fnt
|faint|p2a: Seismitoad
|
|upkeep
|
|t:|1649517969
|switch|p2a: Kartana|Kartana|100/100
|-damage|p2a: Kartana|94/100|[from] Stealth Rock
|turn|19
|
|t:|1649517976
|move|p2a: Kartana|Knock Off|p1a: Nidoking
|-damage|p1a: Nidoking|0 fnt
|-enditem|p1a: Nidoking|Life Orb|[from] move: Knock Off|[of] p2a: Kartana
|faint|p1a: Nidoking
|-ability|p2a: Kartana|Beast Boost|boost
|-boost|p2a: Kartana|atk|1
|
|upkeep
|
|t:|1649517980
|switch|p1a: Mienshao|Mienshao, M|100/100
|-damage|p1a: Mienshao|95/100|[from] Stealth Rock
|turn|20
|
|t:|1649517983
|switch|p2a: Buzzwole|Buzzwole|80/100
|-damage|p2a: Buzzwole|68/100|[from] Stealth Rock
|move|p1a: Mienshao|U-turn|p2a: Buzzwole
|-resisted|p2a: Buzzwole
|-damage|p2a: Buzzwole|58/100
|-damage|p1a: Mienshao|85/100|[from] item: Life Orb
|
|t:|1649517986
|switch|p1a: Weavile|Weavile, F|100/100|[from]move: U-turn
|-ability|p1a: Weavile|Pressure
|
|upkeep
|turn|21
|
|t:|1649517991
|move|p1a: Weavile|Swords Dance|p1a: Weavile
|-boost|p1a: Weavile|atk|2
|move|p2a: Buzzwole|Close Combat|p1a: Weavile
|-supereffective|p1a: Weavile
|-damage|p1a: Weavile|0 fnt
|-unboost|p2a: Buzzwole|def|1
|-unboost|p2a: Buzzwole|spd|1
|faint|p1a: Weavile
|-ability|p2a: Buzzwole|Beast Boost|boost
|-boost|p2a: Buzzwole|atk|1
|
|upkeep
|
|t:|1649517996
|switch|p1a: Mienshao|Mienshao, M|100/100
|-damage|p1a: Mienshao|95/100|[from] Stealth Rock
|turn|22
|
|t:|1649517999
|move|p1a: Mienshao|Poison Jab|p2a: Buzzwole
|-damage|p2a: Buzzwole|24/100
|-damage|p1a: Mienshao|85/100|[from] item: Life Orb
|move|p2a: Buzzwole|Close Combat|p1a: Mienshao
|-damage|p1a: Mienshao|0 fnt
|-unboost|p2a: Buzzwole|def|1
|-unboost|p2a: Buzzwole|spd|1
|faint|p1a: Mienshao
|-ability|p2a: Buzzwole|Beast Boost|boost
|-boost|p2a: Buzzwole|atk|1
|
|upkeep
|
|t:|1649518001
|switch|p1a: Ferrothorn|Ferrothorn, F|61/100
|-damage|p1a: Ferrothorn|54/100|[from] Stealth Rock
|turn|23
|
|t:|1649518005
|move|p2a: Buzzwole|Close Combat|p1a: Ferrothorn
|-supereffective|p1a: Ferrothorn
|-damage|p1a: Ferrothorn|0 fnt
|-unboost|p2a: Buzzwole|def|1
|-unboost|p2a: Buzzwole|spd|1
|-damage|p2a: Buzzwole|12/100|[from] ability: Iron Barbs|[of] p1a: Ferrothorn
|faint|p1a: Ferrothorn
|
|win|BulletInMyHead ttv
|raw|cump3's rating: 1433 &rarr; <strong>1415</strong><br />(-18 for losing)
|raw|BulletInMyHead ttv's rating: 1463 &rarr; <strong>1481</strong><br />(+18 for winning)
|l|☆cump3
