|j|☆playeraccount
|j|☆19-nCoV
|t:|1665400297
|gametype|singles
|player|p1|playeraccount|265|1502
|player|p2|19-nCoV|unknownf|1494
|teamsize|p1|6
|teamsize|p2|6
|gen|8
|tier|[Gen 8] OU
|rated|
|rule|Sleep Clause Mod: Limit one foe put to sleep
|rule|Species Clause: Limit one of each Pokémon
|rule|OHKO Clause: OHKO moves are banned
|rule|Evasion Items Clause: Evasion items are banned
|rule|Evasion Moves Clause: Evasion moves are banned
|rule|Endless Battle Clause: Forcing endless battles is banned
|rule|HP Percentage Mod: HP is shown in percentages
|rule|Dynamax Clause: You cannot dynamax
|clearpoke
|poke|p1|Kartana|
|poke|p1|Nidoqueen, F|
|poke|p1|Slowbro, F|
|poke|p1|Tyranitar, F|
|poke|p1|Zapdos|
|poke|p1|Tapu Fini|
|poke|p2|Volcanion|
|poke|p2|Ninetales-Alola, M|
|poke|p2|Corviknight, M|
|poke|p2|Arctozolt|
|poke|p2|Landorus-Therian, M|
|poke|p2|Tornadus-Therian, M|
|teampreview
|inactive|Battle timer is ON: inactive players will automatically lose when time's up. (requested by playeraccount)
|
|t:|1665400308
|start
|switch|p1a: Nidoqueen|Nidoqueen, F, shiny|100/100
|switch|p2a: Tornadus|Tornadus-Therian, M|100/100
|turn|1
|
|t:|1665400322
|move|p2a: Tornadus|Knock Off|p1a: Nidoqueen
|-damage|p1a: Nidoqueen|79/100
|-enditem|p1a: Nidoqueen|Life Orb|[from] move: Knock Off|[of] p2a: Tornadus
|move|p1a: Nidoqueen|Ice Beam|p2a: Tornadus
|-supereffective|p2a: Tornadus
|-damage|p2a: Tornadus|62/100
|
|upkeep
|turn|2
|
|t:|1665400335
|move|p2a: Tornadus|U-turn|p1a: Nidoqueen
|-resisted|p1a: Nidoqueen
|-damage|p1a: Nidoqueen|70/100
|
|t:|1665400339
|switch|p2a: Deniwi de Kiwi|Ninetales-Alola, M|100/100|[from]move: U-turn
|-weather|Hail|[from] ability: Snow Warning|[of] p2a: Deniwi de Kiwi
|move|p1a: Nidoqueen|Earth Power|p2a: Deniwi de Kiwi
|-damage|p2a: Deniwi de Kiwi|60/100
|
|-weather|Hail|[upkeep]
|-damage|p1a: Nidoqueen|64/100|[from] Hail
|upkeep
|turn|3
|
|t:|1665400352
|switch|p1a: Tyranitar|Tyranitar, F|100/100
|-weather|Sandstorm|[from] ability: Sand Stream|[of] p1a: Tyranitar
|move|p2a: Deniwi de Kiwi|Aurora Veil||[still]
|-fail|p2a: Deniwi de Kiwi
|
|-weather|Sandstorm|[upkeep]
|-damage|p2a: Deniwi de Kiwi|54/100|[from] Sandstorm
|upkeep
|turn|4
|
|t:|1665400362
|switch|p2a: Landorus|Landorus-Therian, M|100/100
|-ability|p2a: Landorus|Intimidate|boost
|-unboost|p1a: Tyranitar|atk|1
|move|p1a: Tyranitar|Stealth Rock|p2a: Landorus
|-sidestart|p2: 19-nCoV|move: Stealth Rock
|
|-weather|Sandstorm|[upkeep]
|upkeep
|turn|5
|
|t:|1665400369
|switch|p1a: Zapdos|Zapdos|100/100
|move|p2a: Landorus|Defog|p1a: Zapdos
|-unboost|p1a: Zapdos|evasion|1
|-sideend|p2: 19-nCoV|Stealth Rock|[from] move: Defog|[of] p2a: Landorus
|
|-weather|Sandstorm|[upkeep]
|-damage|p1a: Zapdos|94/100|[from] Sandstorm
|upkeep
|turn|6
|
|t:|1665400377
|move|p1a: Zapdos|Heat Wave|p2a: Landorus
|-damage|p2a: Landorus|77/100
|move|p2a: Landorus|Toxic|p1a: Zapdos
|-status|p1a: Zapdos|tox
|
|-weather|Sandstorm|[upkeep]
|-damage|p1a: Zapdos|88/100 tox|[from] Sandstorm
|-heal|p2a: Landorus|83/100|[from] item: Leftovers
|-damage|p1a: Zapdos|82/100 tox|[from] psn
|upkeep
|turn|7
|
|t:|1665400387
|switch|p2a: Volcanion|Volcanion|100/100
|move|p1a: Zapdos|Heat Wave|p2a: Volcanion
|-resisted|p2a: Volcanion
|-damage|p2a: Volcanion|92/100
|
|-weather|none
|-damage|p1a: Zapdos|70/100 tox|[from] psn
|upkeep
|turn|8
|
|t:|1665400395
|switch|p2a: Landorus|Landorus-Therian, M|83/100
|-ability|p2a: Landorus|Intimidate|boost
|-unboost|p1a: Zapdos|atk|1
|move|p1a: Zapdos|Volt Switch|p2a: Landorus
|-immune|p2a: Landorus
|
|-heal|p2a: Landorus|89/100|[from] item: Leftovers
|-damage|p1a: Zapdos|51/100 tox|[from] psn
|upkeep
|turn|9
|
|t:|1665400407
|switch|p1a: Tapu Fini|Tapu Fini|100/100
|-fieldstart|move: Misty Terrain|[from] ability: Misty Surge|[of] p1a: Tapu Fini
|move|p2a: Landorus|Earthquake|p1a: Tapu Fini
|-damage|p1a: Tapu Fini|50/100
|
|-heal|p2a: Landorus|95/100|[from] item: Leftovers
|upkeep
|turn|10
|
|t:|1665400415
|move|p1a: Tapu Fini|Ice Beam|p2a: Landorus
|-supereffective|p2a: Landorus
|-damage|p2a: Landorus|13/100
|-status|p2a: Landorus|frz
|cant|p2a: Landorus|frz
|
|-heal|p2a: Landorus|19/100 frz|[from] item: Leftovers
|upkeep
|turn|11
|
|t:|1665400423
|switch|p2a: Volcanion|Volcanion|92/100
|move|p1a: Tapu Fini|Ice Beam|p2a: Volcanion
|-resisted|p2a: Volcanion
|-crit|p2a: Volcanion
|-damage|p2a: Volcanion|80/100
|
|upkeep
|turn|12
|
|t:|1665400434
|switch|p1a: Zapdos|Zapdos|51/100 tox
|move|p2a: Volcanion|Earth Power|p1a: Zapdos
|-immune|p1a: Zapdos
|
|-damage|p1a: Zapdos|45/100 tox|[from] psn
|upkeep
|turn|13
|
|t:|1665400444
|switch|p2a: Landorus|Landorus-Therian, M|19/100 frz
|-ability|p2a: Landorus|Intimidate|boost
|-unboost|p1a: Zapdos|atk|1
|move|p1a: Zapdos|Volt Switch|p2a: Landorus
|-immune|p2a: Landorus
|
|-heal|p2a: Landorus|25/100 frz|[from] item: Leftovers
|-damage|p1a: Zapdos|33/100 tox|[from] psn
|-fieldend|Misty Terrain
|upkeep
|turn|14
|
|t:|1665400454
|switch|p2a: Volcanion|Volcanion|80/100
|move|p1a: Zapdos|Roost|p1a: Zapdos
|-heal|p1a: Zapdos|83/100 tox
|-singleturn|p1a: Zapdos|move: Roost
|
|-damage|p1a: Zapdos|64/100 tox|[from] psn
|upkeep
|turn|15
|
|t:|1665400464
|switch|p1a: Slowbro|Slowbro, F|100/100
|move|p2a: Volcanion|Sludge Wave|p1a: Slowbro
|-damage|p1a: Slowbro|47/100
|
|upkeep
|turn|16
|
|t:|1665400470
|move|p2a: Volcanion|Sludge Wave|p1a: Slowbro
|-damage|p1a: Slowbro|0 fnt
|faint|p1a: Slowbro
|
|upkeep
|
|t:|1665400475
|switch|p1a: Nidoqueen|Nidoqueen, F, shiny|64/100
|turn|17
|
|t:|1665400481
|switch|p2a: COVIDknight|Corviknight, M|100/100
|-ability|p2a: COVIDknight|Pressure
|move|p1a: Nidoqueen|Earth Power|p2a: COVIDknight
|-immune|p2a: COVIDknight
|
|upkeep
|turn|18
|
|t:|1665400488
|move|p1a: Nidoqueen|Flamethrower|p2a: COVIDknight
|-supereffective|p2a: COVIDknight
|-damage|p2a: COVIDknight|48/100
|move|p2a: COVIDknight|U-turn|p1a: Nidoqueen
|-resisted|p1a: Nidoqueen
|-damage|p1a: Nidoqueen|56/100
|
|t:|1665400495
|switch|p2a: Deniwi de Kiwi|Ninetales-Alola, M|54/100|[from]move: U-turn
|-weather|Hail|[from] ability: Snow Warning|[of] p2a: Deniwi de Kiwi
|
|-weather|Hail|[upkeep]
|-damage|p1a: Nidoqueen|50/100|[from] Hail
|upkeep
|turn|19
|
|t:|1665400503
|switch|p1a: Tyranitar|Tyranitar, F|100/100
|-weather|Sandstorm|[from] ability: Sand Stream|[of] p1a: Tyranitar
|move|p2a: Deniwi de Kiwi|Pain Split|p1a: Tyranitar
|-sethp|p1a: Tyranitar|74/100|[from] move: Pain Split|[silent]
|-sethp|p2a: Deniwi de Kiwi|85/100|[from] move: Pain Split
|
|-weather|Sandstorm|[upkeep]
|-damage|p2a: Deniwi de Kiwi|79/100|[from] Sandstorm
|-heal|p1a: Tyranitar|80/100|[from] item: Leftovers
|upkeep
|turn|20
|
|t:|1665400514
|switch|p2a: COVIDknight|Corviknight, M|48/100
|-ability|p2a: COVIDknight|Pressure
|move|p1a: Tyranitar|Stealth Rock|p2a: COVIDknight
|-sidestart|p2: 19-nCoV|move: Stealth Rock
|
|-weather|Sandstorm|[upkeep]
|-heal|p1a: Tyranitar|86/100|[from] item: Leftovers
|upkeep
|turn|21
|
|t:|1665400523
|switch|p1a: Zapdos|Zapdos|64/100 tox
|move|p2a: COVIDknight|Roost|p2a: COVIDknight
|-heal|p2a: COVIDknight|98/100
|-singleturn|p2a: COVIDknight|move: Roost
|
|-weather|Sandstorm|[upkeep]
|-damage|p1a: Zapdos|58/100 tox|[from] Sandstorm
|-damage|p1a: Zapdos|52/100 tox|[from] psn
|upkeep
|turn|22
|
|t:|1665400532
|move|p1a: Zapdos|Roost|p1a: Zapdos
|-heal|p1a: Zapdos|100/100 tox
|-singleturn|p1a: Zapdos|move: Roost
|move|p2a: COVIDknight|Defog|p1a: Zapdos
|-unboost|p1a: Zapdos|evasion|1
|-sideend|p2: 19-nCoV|Stealth Rock|[from] move: Defog|[of] p2a: COVIDknight
|
|-weather|Sandstorm|[upkeep]
|-damage|p1a: Zapdos|94/100 tox|[from] Sandstorm
|-damage|p1a: Zapdos|82/100 tox|[from] psn
|upkeep
|turn|23
|
|t:|1665400544
|switch|p2a: Landorus|Landorus-Therian, M|25/100 frz
|-ability|p2a: Landorus|Intimidate|boost
|-unboost|p1a: Zapdos|atk|1
|move|p1a: Zapdos|Heat Wave|p2a: Landorus|[miss]
|-miss|p1a: Zapdos|p2a: Landorus
|
|-weather|none
|-heal|p2a: Landorus|31/100 frz|[from] item: Leftovers
|-damage|p1a: Zapdos|64/100 tox|[from] psn
|upkeep
|turn|24
|
|t:|1665400557
|switch|p1a: Nidoqueen|Nidoqueen, F, shiny|50/100
|cant|p2a: Landorus|frz
|
|-heal|p2a: Landorus|37/100 frz|[from] item: Leftovers
|upkeep
|turn|25
|
|t:|1665400568
|switch|p2a: Tornadus|Tornadus-Therian, M|96/100
|move|p1a: Nidoqueen|Sludge Wave|p2a: Tornadus
|-damage|p2a: Tornadus|63/100
|
|upkeep
|turn|26
|
|t:|1665400575
|move|p2a: Tornadus|U-turn|p1a: Nidoqueen
|-resisted|p1a: Nidoqueen
|-damage|p1a: Nidoqueen|42/100
|
|t:|1665400579
|switch|p2a: Volcanion|Volcanion|80/100|[from]move: U-turn
|move|p1a: Nidoqueen|Ice Beam|p2a: Volcanion
|-resisted|p2a: Volcanion
|-damage|p2a: Volcanion|72/100
|
|upkeep
|turn|27
|
|t:|1665400588
|move|p2a: Volcanion|Flamethrower|p1a: Nidoqueen
|-damage|p1a: Nidoqueen|0 fnt
|faint|p1a: Nidoqueen
|
|upkeep
|
|t:|1665400596
|switch|p1a: Kartana|Kartana|100/100
|turn|28
|
|t:|1665400599
|move|p1a: Kartana|Leaf Blade|p2a: Volcanion
|-damage|p2a: Volcanion|0 fnt
|faint|p2a: Volcanion
|-ability|p1a: Kartana|Beast Boost|boost
|-boost|p1a: Kartana|atk|1
|
|upkeep
|
|t:|1665400605
|switch|p2a: Landorus|Landorus-Therian, M|37/100 frz
|-ability|p2a: Landorus|Intimidate|boost
|-unboost|p1a: Kartana|atk|1
|turn|29
|
|t:|1665400609
|switch|p2a: COVIDknight|Corviknight, M|98/100
|-ability|p2a: COVIDknight|Pressure
|move|p1a: Kartana|Leaf Blade|p2a: COVIDknight
|-resisted|p2a: COVIDknight
|-damage|p2a: COVIDknight|84/100
|-damage|p1a: Kartana|84/100|[from] item: Rocky Helmet|[of] p2a: COVIDknight
|
|upkeep
|turn|30
|
|t:|1665400619
|switch|p1a: Tapu Fini|Tapu Fini|50/100
|-fieldstart|move: Misty Terrain|[from] ability: Misty Surge|[of] p1a: Tapu Fini
|switch|p2a: Landorus|Landorus-Therian, M|37/100 frz
|-ability|p2a: Landorus|Intimidate|boost
|-unboost|p1a: Tapu Fini|atk|1
|
|-heal|p2a: Landorus|43/100 frz|[from] item: Leftovers
|upkeep
|turn|31
|
|t:|1665400631
|switch|p2a: Deniwi de Kiwi|Ninetales-Alola, M|79/100
|-weather|Hail|[from] ability: Snow Warning|[of] p2a: Deniwi de Kiwi
|move|p1a: Tapu Fini|Hydro Pump|p2a: Deniwi de Kiwi|[miss]
|-miss|p1a: Tapu Fini|p2a: Deniwi de Kiwi
|
|-weather|Hail|[upkeep]
|-damage|p1a: Tapu Fini|43/100|[from] Hail
|upkeep
|turn|32
|
|t:|1665400640
|switch|p1a: Tyranitar|Tyranitar, F|86/100
|-weather|Sandstorm|[from] ability: Sand Stream|[of] p1a: Tyranitar
|move|p2a: Deniwi de Kiwi|Freeze-Dry|p1a: Tyranitar
|-damage|p1a: Tyranitar|78/100
|
|-weather|Sandstorm|[upkeep]
|-damage|p2a: Deniwi de Kiwi|73/100|[from] Sandstorm
|-heal|p1a: Tyranitar|85/100|[from] item: Leftovers
|upkeep
|turn|33
|
|t:|1665400650
|switch|p2a: COVIDknight|Corviknight, M|84/100
|-ability|p2a: COVIDknight|Pressure
|move|p1a: Tyranitar|Rock Blast|p2a: COVIDknight
|-damage|p2a: COVIDknight|78/100
|-damage|p2a: COVIDknight|71/100
|-damage|p2a: COVIDknight|64/100
|-hitcount|p2a: COVIDknight|3
|
|-weather|Sandstorm|[upkeep]
|-heal|p1a: Tyranitar|91/100|[from] item: Leftovers
|upkeep
|turn|34
|
|t:|1665400662
|switch|p1a: Zapdos|Zapdos|64/100 tox
|move|p2a: COVIDknight|U-turn|p1a: Zapdos
|-resisted|p1a: Zapdos
|-damage|p1a: Zapdos|58/100 tox
|
|t:|1665400668
|switch|p2a: Deniwi de Kiwi|Ninetales-Alola, M|73/100|[from]move: U-turn
|-weather|Hail|[from] ability: Snow Warning|[of] p2a: Deniwi de Kiwi
|
|-weather|Hail|[upkeep]
|-damage|p1a: Zapdos|52/100 tox|[from] Hail
|-damage|p1a: Zapdos|45/100 tox|[from] psn
|-fieldend|Misty Terrain
|upkeep
|turn|35
|
|t:|1665400679
|switch|p2a: Gambriwis|Arctozolt|100/100
|switch|p1a: Tyranitar|Tyranitar, F|91/100
|-weather|Sandstorm|[from] ability: Sand Stream|[of] p1a: Tyranitar
|
|-weather|Sandstorm|[upkeep]
|-damage|p2a: Gambriwis|94/100|[from] Sandstorm
|-heal|p2a: Gambriwis|100/100|[from] item: Leftovers
|-heal|p1a: Tyranitar|97/100|[from] item: Leftovers
|upkeep
|turn|36
|
|t:|1665400689
|move|p2a: Gambriwis|Low Kick|p1a: Tyranitar
|-supereffective|p1a: Tyranitar
|-damage|p1a: Tyranitar|0 fnt
|faint|p1a: Tyranitar
|
|-weather|Sandstorm|[upkeep]
|-damage|p2a: Gambriwis|94/100|[from] Sandstorm
|-heal|p2a: Gambriwis|100/100|[from] item: Leftovers
|upkeep
|
|t:|1665400693
|switch|p1a: Kartana|Kartana|84/100
|turn|37
|
|t:|1665400698
|switch|p2a: COVIDknight|Corviknight, M|64/100
|-ability|p2a: COVIDknight|Pressure
|move|p1a: Kartana|Smart Strike|p2a: COVIDknight
|-resisted|p2a: COVIDknight
|-damage|p2a: COVIDknight|44/100
|-damage|p1a: Kartana|67/100|[from] item: Rocky Helmet|[of] p2a: COVIDknight
|
|-weather|Sandstorm|[upkeep]
|upkeep
|turn|38
|
|t:|1665400709
|switch|p1a: Zapdos|Zapdos|45/100 tox
|move|p2a: COVIDknight|Roost|p2a: COVIDknight
|-heal|p2a: COVIDknight|94/100
|-singleturn|p2a: COVIDknight|move: Roost
|
|-weather|Sandstorm|[upkeep]
|-damage|p1a: Zapdos|39/100 tox|[from] Sandstorm
|-damage|p1a: Zapdos|33/100 tox|[from] psn
|upkeep
|turn|39
|
|t:|1665400719
|switch|p2a: Deniwi de Kiwi|Ninetales-Alola, M|73/100
|-weather|Hail|[from] ability: Snow Warning|[of] p2a: Deniwi de Kiwi
|move|p1a: Zapdos|Roost|p1a: Zapdos
|-heal|p1a: Zapdos|83/100 tox
|-singleturn|p1a: Zapdos|move: Roost
|
|-weather|Hail|[upkeep]
|-damage|p1a: Zapdos|77/100 tox|[from] Hail
|-damage|p1a: Zapdos|65/100 tox|[from] psn
|upkeep
|turn|40
|
|t:|1665400729
|move|p2a: Deniwi de Kiwi|Aurora Veil|p2a: Deniwi de Kiwi
|-sidestart|p2: 19-nCoV|move: Aurora Veil
|move|p1a: Zapdos|Heat Wave|p2a: Deniwi de Kiwi
|-supereffective|p2a: Deniwi de Kiwi
|-damage|p2a: Deniwi de Kiwi|44/100
|
|-weather|Hail|[upkeep]
|-damage|p1a: Zapdos|59/100 tox|[from] Hail
|-damage|p1a: Zapdos|40/100 tox|[from] psn
|upkeep
|turn|41
|
|t:|1665400736
|move|p2a: Deniwi de Kiwi|Freeze-Dry|p1a: Zapdos
|-supereffective|p1a: Zapdos
|-damage|p1a: Zapdos|0 fnt
|faint|p1a: Zapdos
|
|-weather|Hail|[upkeep]
|upkeep
|
|t:|1665400739
|switch|p1a: Kartana|Kartana|67/100
|turn|42
|
|t:|1665400744
|switch|p2a: COVIDknight|Corviknight, M|94/100
|-ability|p2a: COVIDknight|Pressure
|move|p1a: Kartana|Leaf Blade|p2a: COVIDknight
|-resisted|p2a: COVIDknight
|-damage|p2a: COVIDknight|87/100
|-damage|p1a: Kartana|51/100|[from] item: Rocky Helmet|[of] p2a: COVIDknight
|
|-weather|Hail|[upkeep]
|-damage|p1a: Kartana|45/100|[from] Hail
|-damage|p2a: COVIDknight|81/100|[from] Hail
|upkeep
|turn|43
|-message|playeraccount forfeited.
|
|win|19-nCoV
|raw|playeraccount's rating: 1502 &rarr; <strong>1482</strong><br />(-20 for losing)
|raw|19-nCoV's rating: 1494 &rarr; <strong>1514</strong><br />(+20 for winning)
|l|☆playeraccount
|c|☆19-nCoV|GG
