|raw|<div class="broadcast-blue"><strong>This battle is required to be public due to a player having a name starting with 'LT73IU'.</div>
|j|☆ezwz
|j|☆LT73IU Cora
|t:|1598458869
|player|p1|ezwz|youngster-gen4|1916
|player|p2|LT73IU Cora|aromalady|1977
|teamsize|p1|6
|teamsize|p2|6
|gametype|singles
|gen|8
|tier|[Gen 8] OU
|rated|
|clearpoke
|poke|p1|Excadrill, M|
|poke|p1|Ferrothorn, M|
|poke|p1|Volcarona, F|
|poke|p1|Primarina, M|
|poke|p1|Clefable, M|
|poke|p1|Hydreigon, F|
|poke|p2|Rillaboom, F|
|poke|p2|Primarina, F|
|poke|p2|Rotom-Heat|
|poke|p2|Hippowdon, M|
|poke|p2|Clefable, F|
|poke|p2|Skarmory, M|
|rule|Sleep Clause Mod: Limit one foe put to sleep
|rule|Species Clause: Limit one of each Pokémon
|rule|OHKO Clause: OHKO moves are banned
|rule|Evasion Moves Clause: Evasion moves are banned
|rule|Endless Battle Clause: Forcing endless battles is banned
|rule|HP Percentage Mod: HP is shown in percentages
|rule|Dynamax Clause: You cannot dynamax
|teampreview
|j| Galbart Glover
|j| Dragonflo
|j| I'm at my LIMIT!
|j| LT73IU Maxance
|j| egalvanc
|j| smogon slaves
|
|t:|1598458886
|start
|switch|p1a: Excadrill|Excadrill, M|100/100
|switch|p2a: Clefable|Clefable, F|100/100
|-ability|p1a: Excadrill|Mold Breaker
|turn|1
|j| yannpkm
|j| LT73iucar
|j| climbing1
|
|t:|1598458893
|switch|p2a: Skarmory|Skarmory, M|100/100
|move|p1a: Excadrill|Stealth Rock|p2a: Skarmory
|-sidestart|p2: LT73IU Cora|move: Stealth Rock
|
|upkeep
|turn|2
|l| LT73IU Maxance
|j| Fourthstar
|
|t:|1598458899
|switch|p1a: Primarina|Primarina, M|100/100
|move|p2a: Skarmory|Spikes|p1a: Primarina
|-sidestart|p1: ezwz|Spikes
|
|upkeep
|turn|3
|
|t:|1598458902
|move|p1a: Primarina|Scald|p2a: Skarmory
|-damage|p2a: Skarmory|45/100
|-status|p2a: Skarmory|brn
|move|p2a: Skarmory|Whirlwind|p1a: Primarina
|drag|p1a: Volcarona|Volcarona, F|100/100
|
|-damage|p2a: Skarmory|39/100 brn|[from] brn
|upkeep
|turn|4
|j| LT73IU Lycan
|j| Bulk Mcgee
|
|t:|1598458907
|switch|p2a: Hippowdon|Hippowdon, M|100/100
|-damage|p2a: Hippowdon|94/100|[from] Stealth Rock
|-weather|Sandstorm|[from] ability: Sand Stream|[of] p2a: Hippowdon
|move|p1a: Volcarona|Flamethrower|p2a: Hippowdon
|-damage|p2a: Hippowdon|65/100
|
|-weather|Sandstorm|[upkeep]
|-damage|p1a: Volcarona|94/100|[from] Sandstorm
|upkeep
|turn|5
|
|t:|1598458913
|switch|p1a: Ferrothorn|Ferrothorn, M|100/100
|-damage|p1a: Ferrothorn|88/100|[from] Spikes
|move|p2a: Hippowdon|Slack Off|p2a: Hippowdon
|-heal|p2a: Hippowdon|100/100
|
|-weather|Sandstorm|[upkeep]
|-heal|p1a: Ferrothorn|94/100|[from] item: Leftovers
|upkeep
|turn|6
|j| allbendstomywill
|
|t:|1598458916
|move|p2a: Hippowdon|Stealth Rock|p1a: Ferrothorn
|-sidestart|p1: ezwz|move: Stealth Rock
|move|p1a: Ferrothorn|Knock Off|p2a: Hippowdon
|-damage|p2a: Hippowdon|84/100
|-damage|p1a: Ferrothorn|78/100|[from] item: Rocky Helmet|[of] p2a: Hippowdon
|-enditem|p2a: Hippowdon|Rocky Helmet|[from] move: Knock Off|[of] p1a: Ferrothorn
|
|-weather|Sandstorm|[upkeep]
|-heal|p1a: Ferrothorn|84/100|[from] item: Leftovers
|upkeep
|turn|7
|j| LT73IU ARAVEX
|j| roxiee ⚢
|j| Bunny girl mai
|
|t:|1598458921
|switch|p2a: Skarmory|Skarmory, M|39/100 brn
|-damage|p2a: Skarmory|27/100 brn|[from] Stealth Rock
|move|p1a: Ferrothorn|Spikes|p2a: Skarmory
|-sidestart|p2: LT73IU Cora|Spikes
|
|-weather|Sandstorm|[upkeep]
|-heal|p1a: Ferrothorn|90/100|[from] item: Leftovers
|-damage|p2a: Skarmory|21/100 brn|[from] brn
|upkeep
|turn|8
|l| Bunny girl mai
|
|t:|1598458924
|move|p2a: Skarmory|Roost|p2a: Skarmory
|-heal|p2a: Skarmory|71/100 brn
|-singleturn|p2a: Skarmory|move: Roost
|move|p1a: Ferrothorn|Leech Seed|p2a: Skarmory
|-start|p2a: Skarmory|move: Leech Seed
|
|-weather|none
|-heal|p1a: Ferrothorn|97/100|[from] item: Leftovers
|-damage|p2a: Skarmory|59/100 brn|[from] Leech Seed|[of] p1a: Ferrothorn
|-heal|p1a: Ferrothorn|100/100|[silent]
|-damage|p2a: Skarmory|53/100 brn|[from] brn
|upkeep
|turn|9
|
|t:|1598458930
|switch|p2a: Rotom|Rotom-Heat|100/100
|-damage|p2a: Rotom|76/100|[from] Stealth Rock
|move|p1a: Ferrothorn|Spikes|p2a: Rotom
|-sidestart|p2: LT73IU Cora|Spikes
|
|upkeep
|turn|10
|j| LT73IU Amir
|j|+Sacri'
|j| Yuipo
|
|t:|1598458937
|switch|p1a: Hydreigon|Hydreigon, F|100/100
|-damage|p1a: Hydreigon|88/100|[from] Stealth Rock
|move|p2a: Rotom|Trick|p1a: Hydreigon
|-activate|p2a: Rotom|move: Trick|[of] p1a: Hydreigon
|-item|p1a: Hydreigon|Choice Scarf|[from] move: Trick
|-item|p2a: Rotom|Life Orb|[from] move: Trick
|
|upkeep
|turn|11
|j| GTOsprey
|j| Ayante
|
|t:|1598458945
|move|p1a: Hydreigon|Flash Cannon|p2a: Rotom
|-resisted|p2a: Rotom
|-damage|p2a: Rotom|67/100
|move|p2a: Rotom|Volt Switch|p1a: Hydreigon
|-resisted|p1a: Hydreigon
|-damage|p1a: Hydreigon|64/100
|-damage|p2a: Rotom|57/100|[from] item: Life Orb
|
|t:|1598458957
|switch|p2a: Clefable|Clefable, F|100/100|[from]move: Volt Switch
|
|upkeep
|turn|12
|
|t:|1598458961
|switch|p1a: Excadrill|Excadrill, M|100/100
|-damage|p1a: Excadrill|97/100|[from] Stealth Rock
|-damage|p1a: Excadrill|85/100|[from] Spikes
|-ability|p1a: Excadrill|Mold Breaker
|move|p2a: Clefable|Flamethrower|p1a: Excadrill
|-supereffective|p1a: Excadrill
|-damage|p1a: Excadrill|33/100
|
|-heal|p1a: Excadrill|39/100|[from] item: Leftovers
|upkeep
|turn|13
|
|t:|1598458965
|move|p1a: Excadrill|Iron Head|p2a: Clefable
|-supereffective|p2a: Clefable
|-damage|p2a: Clefable|43/100
|move|p2a: Clefable|Flamethrower|p1a: Excadrill
|-supereffective|p1a: Excadrill
|-damage|p1a: Excadrill|0 fnt
|faint|p1a: Excadrill
|
|upkeep
|
|t:|1598458969
|switch|p1a: Volcarona|Volcarona, F|94/100
|turn|14
|n| cora the HEART|yuipo
|l| roxiee ⚢
|j| dapandanerd
|j| Livio ElTito
|j| nonante huit
|j| Sparalance
|j| IAmPupper
|inactive|Battle timer is ON: inactive players will automatically lose when time's up. (requested by ezwz)
|j| LT73IU Mannat1
|j| LT73IU Raiza
|l| yannpkm
|l| LT73iucar
|inactive|LT73IU Cora has 120 seconds left.
|l| I'm at my LIMIT!
|j| LT73IU HAXX
|
|t:|1598459087
|switch|p2a: Hippowdon|Hippowdon, M|84/100
|-damage|p2a: Hippowdon|78/100|[from] Stealth Rock
|-damage|p2a: Hippowdon|61/100|[from] Spikes
|-weather|Sandstorm|[from] ability: Sand Stream|[of] p2a: Hippowdon
|move|p1a: Volcarona|Flamethrower|p2a: Hippowdon
|-damage|p2a: Hippowdon|33/100
|
|-weather|Sandstorm|[upkeep]
|-damage|p1a: Volcarona|88/100|[from] Sandstorm
|upkeep
|turn|15
|
|t:|1598459094
|move|p1a: Volcarona|Flamethrower|p2a: Hippowdon
|-damage|p2a: Hippowdon|5/100
|move|p2a: Hippowdon|Slack Off|p2a: Hippowdon
|-heal|p2a: Hippowdon|55/100
|
|-weather|Sandstorm|[upkeep]
|-damage|p1a: Volcarona|82/100|[from] Sandstorm
|upkeep
|turn|16
|j| LT73IU LE FLEXMAN
|
|t:|1598459102
|switch|p1a: Clefable|Clefable, M|100/100
|move|p2a: Hippowdon|Slack Off|p2a: Hippowdon
|-heal|p2a: Hippowdon|100/100
|
|-weather|Sandstorm|[upkeep]
|upkeep
|turn|17
|inactive|LT73IU Cora has 120 seconds left.
|j| HLT1B TUCUNANA
|l| LT73IU HAXX
|
|t:|1598459158
|switch|p2a: Skarmory|Skarmory, M|53/100 brn
|-damage|p2a: Skarmory|41/100 brn|[from] Stealth Rock
|move|p1a: Clefable|Calm Mind|p1a: Clefable
|-boost|p1a: Clefable|spa|1
|-boost|p1a: Clefable|spd|1
|
|-weather|Sandstorm|[upkeep]
|-damage|p2a: Skarmory|35/100 brn|[from] brn
|upkeep
|turn|18
|j| LT73IU HAXX
|
|t:|1598459167
|move|p2a: Skarmory|Roost|p2a: Skarmory
|-heal|p2a: Skarmory|85/100 brn
|-singleturn|p2a: Skarmory|move: Roost
|move|p1a: Clefable|Trick|p2a: Skarmory
|-activate|p1a: Clefable|move: Trick|[of] p2a: Skarmory
|-item|p2a: Skarmory|Sticky Barb|[from] move: Trick
|-item|p1a: Clefable|Rocky Helmet|[from] move: Trick
|
|-weather|none
|-damage|p2a: Skarmory|79/100 brn|[from] brn
|-damage|p2a: Skarmory|66/100 brn|[from] item: Sticky Barb
|upkeep
|turn|19
|
|t:|1598459170
|move|p1a: Clefable|Moonblast|p2a: Skarmory
|-resisted|p2a: Skarmory
|-crit|p2a: Skarmory
|-damage|p2a: Skarmory|19/100 brn
|-unboost|p2a: Skarmory|spa|1
|move|p2a: Skarmory|Whirlwind|p1a: Clefable
|drag|p1a: Volcarona|Volcarona, F|82/100
|
|-damage|p2a: Skarmory|13/100 brn|[from] brn
|-damage|p2a: Skarmory|0 fnt|[from] item: Sticky Barb
|faint|p2a: Skarmory
|upkeep
|
|t:|1598459178
|switch|p2a: Primarina|Primarina, F|100/100
|-damage|p2a: Primarina|88/100|[from] Stealth Rock
|-damage|p2a: Primarina|72/100|[from] Spikes
|turn|20
|
|t:|1598459190
|switch|p1a: Primarina|Primarina, M|100/100
|-damage|p1a: Primarina|88/100|[from] Spikes
|-damage|p1a: Primarina|76/100|[from] Stealth Rock
|move|p2a: Primarina|Scald|p1a: Primarina
|-resisted|p1a: Primarina
|-damage|p1a: Primarina|58/100
|-status|p1a: Primarina|brn
|
|-heal|p2a: Primarina|78/100|[from] item: Leftovers
|-heal|p1a: Primarina|64/100 brn|[from] item: Leftovers
|-damage|p1a: Primarina|58/100 brn|[from] brn
|upkeep
|turn|21
|
|t:|1598459194
|move|p2a: Primarina|Substitute|p2a: Primarina
|-start|p2a: Primarina|Substitute
|-damage|p2a: Primarina|53/100
|move|p1a: Primarina|Calm Mind|p1a: Primarina
|-boost|p1a: Primarina|spa|1
|-boost|p1a: Primarina|spd|1
|
|-heal|p2a: Primarina|59/100|[from] item: Leftovers
|-heal|p1a: Primarina|64/100 brn|[from] item: Leftovers
|-damage|p1a: Primarina|58/100 brn|[from] brn
|upkeep
|turn|22
|
|t:|1598459197
|move|p2a: Primarina|Calm Mind|p2a: Primarina
|-boost|p2a: Primarina|spa|1
|-boost|p2a: Primarina|spd|1
|move|p1a: Primarina|Draining Kiss|p2a: Primarina
|-activate|p2a: Primarina|move: Substitute|[damage]
|-heal|p1a: Primarina|72/100 brn|[from] drain|[of] p2a: Primarina
|
|-heal|p2a: Primarina|65/100|[from] item: Leftovers
|-heal|p1a: Primarina|78/100 brn|[from] item: Leftovers
|-damage|p1a: Primarina|72/100 brn|[from] brn
|upkeep
|turn|23
|
|t:|1598459200
|move|p2a: Primarina|Calm Mind|p2a: Primarina
|-boost|p2a: Primarina|spa|1
|-boost|p2a: Primarina|spd|1
|move|p1a: Primarina|Scald|p2a: Primarina
|-resisted|p2a: Primarina
|-end|p2a: Primarina|Substitute
|
|-heal|p2a: Primarina|71/100|[from] item: Leftovers
|-heal|p1a: Primarina|78/100 brn|[from] item: Leftovers
|-damage|p1a: Primarina|72/100 brn|[from] brn
|upkeep
|turn|24
|-message|ezwz forfeited.
|
|win|LT73IU Cora
|l|☆ezwz
|l|☆LT73IU Cora
|l| LT73IU HAXX
|l| GTOsprey
|l| Livio ElTito
|l|+Sacri'
|l| Galbart Glover
|l| Dragonflo
|l| nonante huit
|j| lt73iu samqian
||Ladder (probably) updated, but score could not be retrieved (Request timeout).
|l| IAmPupper
|l| Ayante
|j| LT73IU HAXX
|l| Fourthstar
|l| LT73IU HAXX
|l| smogon slaves
|l| climbing1
|l| LT73IU Amir
|l| dapandanerd
|l| HLT1B TUCUNANA
|j| LT73IU Mich
|n| Yuipo|coratheheart
|l| LT73IU Mich
|l| LT73IU LE FLEXMAN
|l| Bulk Mcgee
|l| allbendstomywill
|l| Sparalance
|l| lt73iu samqian
|l| egalvanc
|j| thele
|l| thele
|l| LT73IU Lycan
|j| HLT1B TUCUNANA
|j| LT73IU KL
|l| LT73IU KL
|j| LT73IU jey2
|l| LT73IU jey2
|l| HLT1B TUCUNANA
