|j|☆toomuchwatermeta
|j|☆Pinkacross
|inactive|Battle timer is ON: inactive players will automatically lose when time's up.
|t:|1649725728
|gametype|singles
|player|p1|toomuchwatermeta|lance|
|player|p2|Pinkacross|artist|
|teamsize|p1|6
|teamsize|p2|6
|gen|8
|tier|[Gen 8] OU
|rated|Tournament battle
|rule|Sleep Clause Mod: Limit one foe put to sleep
|rule|Species Clause: Limit one of each Pokémon
|rule|OHKO Clause: OHKO moves are banned
|rule|Evasion Moves Clause: Evasion moves are banned
|rule|Endless Battle Clause: Forcing endless battles is banned
|rule|HP Percentage Mod: HP is shown in percentages
|rule|Dynamax Clause: You cannot dynamax
|clearpoke
|poke|p1|Landorus-Therian, M|
|poke|p1|Corviknight, M|
|poke|p1|Zapdos|
|poke|p1|Tornadus-Therian, M|
|poke|p1|Thundurus-Therian, M|
|poke|p1|Celesteela|
|poke|p2|Magnezone|
|poke|p2|Tapu Koko|
|poke|p2|Landorus-Therian, M|
|poke|p2|Toxapex, F|
|poke|p2|Tornadus-Therian, M|
|poke|p2|Tyranitar, M|
|teampreview
|c|☆Pinkacross|hf
|j| psychoshawk
|
|t:|1649725740
|start
|switch|p1a: Tornadus|Tornadus-Therian, M|100/100
|switch|p2a: Landorus|Landorus-Therian, M|100/100
|-ability|p2a: Landorus|Intimidate|boost
|-unboost|p1a: Tornadus|atk|1
|turn|1
|
|t:|1649725746
|switch|p1a: Corviknight|Corviknight, M|100/100
|-ability|p1a: Corviknight|Pressure
|switch|p2a: Tornadus|Tornadus-Therian, M|100/100
|
|upkeep
|turn|2
|
|t:|1649725755
|switch|p1a: Thundurus|Thundurus-Therian, M|100/100
|move|p2a: Tornadus|Heat Wave|p1a: Thundurus
|-damage|p1a: Thundurus|70/100
|
|upkeep
|turn|3
|j| Vampirism
|
|t:|1649725775
|move|p2a: Tornadus|Icy Wind|p1a: Thundurus
|-supereffective|p1a: Thundurus
|-damage|p1a: Thundurus|32/100
|-unboost|p1a: Thundurus|spe|1
|move|p1a: Thundurus|Focus Blast|p2a: Tornadus|[miss]
|-miss|p1a: Thundurus|p2a: Tornadus
|
|upkeep
|turn|4
|
|t:|1649725782
|switch|p1a: Tornadus|Tornadus-Therian, M|100/100
|move|p2a: Tornadus|Icy Wind|p1a: Tornadus
|-supereffective|p1a: Tornadus
|-damage|p1a: Tornadus|88/100
|-unboost|p1a: Tornadus|spe|1
|
|upkeep
|turn|5
|j| gewwge
|
|t:|1649725798
|move|p2a: Tornadus|U-turn|p1a: Tornadus
|-resisted|p1a: Tornadus
|-damage|p1a: Tornadus|80/100
|
|t:|1649725799
|switch|p2a: Toxapex|Toxapex, F|100/100|[from]move: U-turn
|move|p1a: Tornadus|Knock Off|p2a: Toxapex
|-damage|p2a: Toxapex|87/100
|-enditem|p2a: Toxapex|Eject Button|[from] move: Knock Off|[of] p1a: Tornadus
|
|upkeep
|turn|6
|j| yaboiAshK.
|
|t:|1649725808
|move|p1a: Tornadus|U-turn|p2a: Toxapex
|-resisted|p2a: Toxapex
|-damage|p2a: Toxapex|82/100
|j| Iceman8911
|
|t:|1649725823
|switch|p1a: Thundurus|Thundurus-Therian, M|32/100|[from]move: U-turn
|move|p2a: Toxapex|Scald|p1a: Thundurus
|-damage|p1a: Thundurus|7/100
|
|upkeep
|turn|7
|l| Iceman8911
|
|t:|1649725831
|switch|p2a: Landorus|Landorus-Therian, M|100/100
|-ability|p2a: Landorus|Intimidate|boost
|-unboost|p1a: Thundurus|atk|1
|move|p1a: Thundurus|Thunderbolt|p2a: Landorus
|-immune|p2a: Landorus
|
|upkeep
|turn|8
|
|t:|1649725835
|switch|p1a: Corviknight|Corviknight, M|100/100
|-ability|p1a: Corviknight|Pressure
|move|p2a: Landorus|Knock Off|p1a: Corviknight
|-damage|p1a: Corviknight|77/100
|-enditem|p1a: Corviknight|Leftovers|[from] move: Knock Off|[of] p2a: Landorus
|
|upkeep
|turn|9
|
|t:|1649725845
|switch|p1a: Tornadus|Tornadus-Therian, M|100/100
|move|p2a: Landorus|Substitute|p2a: Landorus
|-start|p2a: Landorus|Substitute
|-damage|p2a: Landorus|76/100
|
|-heal|p2a: Landorus|82/100|[from] item: Leftovers
|upkeep
|turn|10
|
|t:|1649725853
|move|p1a: Tornadus|U-turn|p2a: Landorus
|-resisted|p2a: Landorus
|-activate|p2a: Landorus|move: Substitute|[damage]
|j| worst game EVERRR
|
|t:|1649725857
|switch|p1a: Corviknight|Corviknight, M|77/100|[from]move: U-turn
|-ability|p1a: Corviknight|Pressure
|move|p2a: Landorus|Toxic|p1a: Corviknight
|-immune|p1a: Corviknight
|
|-heal|p2a: Landorus|88/100|[from] item: Leftovers
|upkeep
|turn|11
|
|t:|1649725861
|move|p2a: Landorus|Knock Off|p1a: Corviknight
|-damage|p1a: Corviknight|62/100
|move|p1a: Corviknight|Iron Defense|p1a: Corviknight
|-boost|p1a: Corviknight|def|2
|
|-heal|p2a: Landorus|94/100|[from] item: Leftovers
|upkeep
|turn|12
|j| AlZev2002
|j| Actutran
|
|t:|1649725868
|switch|p2a: Toxapex|Toxapex, F|100/100
|move|p1a: Corviknight|Body Press|p2a: Toxapex
|-resisted|p2a: Toxapex
|-damage|p2a: Toxapex|85/100
|
|upkeep
|turn|13
|c| Actutran|Burn
|
|t:|1649725877
|switch|p1a: Tornadus|Tornadus-Therian, M|100/100
|move|p2a: Toxapex|Scald|p1a: Tornadus
|-damage|p1a: Tornadus|92/100
|-status|p1a: Tornadus|brn
|
|-damage|p1a: Tornadus|86/100 brn|[from] brn
|upkeep
|turn|14
|
|t:|1649725885
|move|p1a: Tornadus|Hurricane|p2a: Toxapex
|-crit|p2a: Toxapex
|-damage|p2a: Toxapex|35/100
|move|p2a: Toxapex|Scald|p1a: Tornadus
|-damage|p1a: Tornadus|79/100 brn
|
|-damage|p1a: Tornadus|73/100 brn|[from] brn
|upkeep
|turn|15
|l| worst game EVERRR
|
|t:|1649725892
|switch|p2a: Tyranitar|Tyranitar, M|100/100
|-weather|Sandstorm|[from] ability: Sand Stream|[of] p2a: Tyranitar
|move|p1a: Tornadus|U-turn|p2a: Tyranitar
|-supereffective|p2a: Tyranitar
|-damage|p2a: Tyranitar|88/100
|c| Actutran|Common Pinkacross W
|
|t:|1649725898
|switch|p1a: Landorus|Landorus-Therian, M|100/100|[from]move: U-turn
|-ability|p1a: Landorus|Intimidate|boost
|-unboost|p2a: Tyranitar|atk|1
|
|-weather|Sandstorm|[upkeep]
|-heal|p2a: Tyranitar|94/100|[from] item: Leftovers
|upkeep
|turn|16
|
|t:|1649725901
|switch|p2a: Landorus|Landorus-Therian, M|94/100
|-ability|p2a: Landorus|Intimidate|boost
|-unboost|p1a: Landorus|atk|1
|move|p1a: Landorus|Stealth Rock|p2a: Landorus
|-sidestart|p2: Pinkacross|move: Stealth Rock
|
|-weather|Sandstorm|[upkeep]
|-heal|p2a: Landorus|99/100|[from] item: Leftovers
|upkeep
|turn|17
|
|t:|1649725907
|move|p2a: Landorus|Knock Off|p1a: Landorus
|-damage|p1a: Landorus|73/100
|-enditem|p1a: Landorus|Leftovers|[from] move: Knock Off|[of] p2a: Landorus
|move|p1a: Landorus|U-turn|p2a: Landorus
|-resisted|p2a: Landorus
|-damage|p2a: Landorus|93/100
|
|t:|1649725907
|switch|p1a: Corviknight|Corviknight, M|62/100|[from]move: U-turn
|-ability|p1a: Corviknight|Pressure
|
|-weather|Sandstorm|[upkeep]
|-heal|p2a: Landorus|99/100|[from] item: Leftovers
|upkeep
|turn|18
|
|t:|1649725919
|switch|p2a: Tornadus|Tornadus-Therian, M|100/100
|move|p1a: Corviknight|Iron Defense|p1a: Corviknight
|-boost|p1a: Corviknight|def|2
|
|-weather|Sandstorm|[upkeep]
|-damage|p2a: Tornadus|94/100|[from] Sandstorm
|upkeep
|turn|19
|
|t:|1649725924
|switch|p1a: Tornadus|Tornadus-Therian, M|100/100 brn
|move|p2a: Tornadus|Defog|p1a: Tornadus
|-unboost|p1a: Tornadus|evasion|1
|-sideend|p2: Pinkacross|Stealth Rock|[from] move: Defog|[of] p2a: Tornadus
|
|-weather|none
|-damage|p1a: Tornadus|94/100 brn|[from] brn
|upkeep
|turn|20
|
|t:|1649725931
|switch|p2a: Toxapex|Toxapex, F|68/100
|move|p1a: Tornadus|Hurricane|p2a: Toxapex
|-damage|p2a: Toxapex|34/100
|
|-damage|p1a: Tornadus|88/100 brn|[from] brn
|upkeep
|turn|21
|
|t:|1649725936
|switch|p2a: Tornadus|Tornadus-Therian, M|100/100
|move|p1a: Tornadus|Hurricane|p2a: Tornadus
|-damage|p2a: Tornadus|61/100
|
|-damage|p1a: Tornadus|82/100 brn|[from] brn
|upkeep
|turn|22
|
|t:|1649725944
|switch|p2a: Tyranitar|Tyranitar, M|94/100
|-weather|Sandstorm|[from] ability: Sand Stream|[of] p2a: Tyranitar
|move|p1a: Tornadus|Knock Off|p2a: Tyranitar
|-resisted|p2a: Tyranitar
|-damage|p2a: Tyranitar|90/100
|-enditem|p2a: Tyranitar|Leftovers|[from] move: Knock Off|[of] p1a: Tornadus
|
|-weather|Sandstorm|[upkeep]
|-damage|p1a: Tornadus|76/100 brn|[from] Sandstorm
|-damage|p1a: Tornadus|70/100 brn|[from] brn
|upkeep
|turn|23
|
|t:|1649725952
|move|p1a: Tornadus|U-turn|p2a: Tyranitar
|-supereffective|p2a: Tyranitar
|-crit|p2a: Tyranitar
|-damage|p2a: Tyranitar|73/100
|
|t:|1649725958
|switch|p1a: Landorus|Landorus-Therian, M|73/100|[from]move: U-turn
|-ability|p1a: Landorus|Intimidate|boost
|-unboost|p2a: Tyranitar|atk|1
|move|p2a: Tyranitar|Stealth Rock|p1a: Landorus
|-sidestart|p1: toomuchwatermeta|move: Stealth Rock
|
|-weather|Sandstorm|[upkeep]
|upkeep
|turn|24
|
|t:|1649725962
|switch|p2a: Tornadus|Tornadus-Therian, M|94/100
|move|p1a: Landorus|Stealth Rock|p2a: Tornadus
|-sidestart|p2: Pinkacross|move: Stealth Rock
|
|-weather|Sandstorm|[upkeep]
|-damage|p2a: Tornadus|88/100|[from] Sandstorm
|upkeep
|turn|25
|
|t:|1649725969
|switch|p1a: Zapdos|Zapdos|100/100
|-ability|p1a: Zapdos|Pressure
|move|p2a: Tornadus|Icy Wind|p1a: Zapdos
|-supereffective|p1a: Zapdos
|-damage|p1a: Zapdos|83/100
|-unboost|p1a: Zapdos|spe|1
|
|-weather|Sandstorm|[upkeep]
|-damage|p2a: Tornadus|82/100|[from] Sandstorm
|-damage|p1a: Zapdos|77/100|[from] Sandstorm
|upkeep
|turn|26
|
|t:|1649725976
|switch|p2a: Landorus|Landorus-Therian, M|99/100
|-damage|p2a: Landorus|87/100|[from] Stealth Rock
|-ability|p2a: Landorus|Intimidate|boost
|-unboost|p1a: Zapdos|atk|1
|move|p1a: Zapdos|Toxic|p2a: Landorus|[miss]
|-miss|p1a: Zapdos|p2a: Landorus
|
|-weather|none
|-heal|p2a: Landorus|93/100|[from] item: Leftovers
|upkeep
|turn|27
|
|t:|1649725983
|move|p2a: Landorus|Knock Off|p1a: Zapdos
|-damage|p1a: Zapdos|33/100
|-enditem|p1a: Zapdos|Heavy-Duty Boots|[from] move: Knock Off|[of] p2a: Landorus
|move|p1a: Zapdos|Toxic|p2a: Landorus
|-status|p2a: Landorus|tox
|
|-heal|p2a: Landorus|99/100 tox|[from] item: Leftovers
|-damage|p2a: Landorus|93/100 tox|[from] psn
|upkeep
|turn|28
|
|t:|1649725991
|switch|p1a: Corviknight|Corviknight, M|62/100
|-damage|p1a: Corviknight|49/100|[from] Stealth Rock
|-ability|p1a: Corviknight|Pressure
|move|p2a: Landorus|Toxic|p1a: Corviknight|[miss]
|-miss|p2a: Landorus|p1a: Corviknight
|
|-heal|p2a: Landorus|99/100 tox|[from] item: Leftovers
|-damage|p2a: Landorus|87/100 tox|[from] psn
|upkeep
|turn|29
|
|t:|1649725997
|switch|p2a: Magnezone|Magnezone|100/100
|-damage|p2a: Magnezone|94/100|[from] Stealth Rock
|move|p1a: Corviknight|Roost|p1a: Corviknight
|-heal|p1a: Corviknight|99/100
|-singleturn|p1a: Corviknight|move: Roost
|
|upkeep
|turn|30
|
|t:|1649726004
|move|p2a: Magnezone|Volt Switch|p1a: Corviknight
|-supereffective|p1a: Corviknight
|-damage|p1a: Corviknight|0 fnt
|faint|p1a: Corviknight
|
|t:|1649726016
|switch|p2a: Tornadus|Tornadus-Therian, M|100/100|[from]move: Volt Switch
|
|upkeep
|
|t:|1649726021
|switch|p1a: Zapdos|Zapdos|33/100
|-damage|p1a: Zapdos|8/100|[from] Stealth Rock
|-ability|p1a: Zapdos|Pressure
|turn|31
|
|t:|1649726024
|move|p2a: Tornadus|Icy Wind|p1a: Zapdos
|-supereffective|p1a: Zapdos
|-damage|p1a: Zapdos|0 fnt
|faint|p1a: Zapdos
|
|upkeep
|c|☆toomuchwatermeta|gg
|-message|toomuchwatermeta forfeited.
|
|win|Pinkacross
|n|☆toomuchwatermeta|toomuchwatermeta
|n|☆Pinkacross|pinkacross
|n| psychoshawk|psychoshawk
|n| Vampirism|vampirism
|n| gewwge|gewwge
|n| yaboiAshK.|yaboiashk
|n| AlZev2002|alzev2002
|n| Actutran|actutran
|l|☆toomuchwatermeta
|c|☆Pinkacross|gg
|l| Vampirism
