|j|☆Storm Zone
|j|☆big boss 447
|player|p1|Storm Zone|zinnia|1783
|player|p2|big boss 447|n|1739
|teamsize|p1|6
|teamsize|p2|6
|gametype|singles
|gen|8
|tier|[Gen 8] OU
|rated|
|clearpoke
|poke|p1|Seismitoad, M|
|poke|p1|Cinderace, M|
|poke|p1|Toxtricity, M|
|poke|p1|Sigilyph, M|
|poke|p1|Kommo-o, M|
|poke|p1|Ferrothorn, M|
|poke|p2|Runerigus, M|
|poke|p2|Cloyster, F|
|poke|p2|Aegislash, F|
|poke|p2|Toxtricity, M|
|poke|p2|Bisharp, F|
|poke|p2|Togekiss, M|
|rule|Sleep Clause Mod: Limit one foe put to sleep
|rule|Species Clause: Limit one of each Pokémon
|rule|OHKO Clause: OHKO moves are banned
|rule|Evasion Moves Clause: Evasion moves are banned
|rule|Endless Battle Clause: Forcing endless battles is banned
|rule|HP Percentage Mod: HP is shown in percentages
|rule|Dynamax Clause: You cannot dynamax
|teampreview
|j|‽Stormy Zone
|
|start
|switch|p1a: Globox|Seismitoad, M|100/100
|switch|p2a: Toxtricity|Toxtricity, M|100/100
|turn|1
|j| adssfsgddhdf
|
|switch|p1a: Freddie Mercury|Kommo-o, M|100/100
|move|p2a: Toxtricity|Boomburst|p1a: Freddie Mercury
|-immune|p1a: Freddie Mercury|[from] ability: Soundproof
|
|upkeep
|turn|2
|
|switch|p2a: Runerigus|Runerigus, M|100/100
|move|p1a: Freddie Mercury|Iron Head|p2a: Runerigus
|-damage|p2a: Runerigus|79/100
|-activate|p2a: Runerigus|ability: Wandering Spirit|Soundproof|Wandering Spirit|[of] p1a: Freddie Mercury
|-damage|p1a: Freddie Mercury|91/100|[from] item: Life Orb
|
|upkeep
|turn|3
|j| Storm Zones
|
|switch|p1a: Cyclops|Sigilyph, M|100/100
|move|p2a: Runerigus|Stealth Rock|p1a: Cyclops
|-sidestart|p1: Storm Zone|move: Stealth Rock
|
|upkeep
|turn|4
|
|switch|p2a: Togekiss|Togekiss, M|100/100
|move|p1a: Cyclops|Energy Ball|p2a: Togekiss
|-resisted|p2a: Togekiss
|-damage|p2a: Togekiss|82/100
|
|upkeep
|turn|5
|l|‽Stormy Zone
|j|‽Stormy Zone
|
|move|p2a: Togekiss|Air Slash|p1a: Cyclops
|-damage|p1a: Cyclops|51/100
|move|p1a: Cyclops|Psyshock|p2a: Togekiss
|-damage|p2a: Togekiss|29/100
|
|upkeep
|turn|6
|
|move|p2a: Togekiss|Air Slash|p1a: Cyclops
|-damage|p1a: Cyclops|0 fnt
|faint|p1a: Cyclops
|
|upkeep
|
|switch|p1a: Kurt Cobain|Toxtricity, M|100/100
|-damage|p1a: Kurt Cobain|88/100|[from] Stealth Rock
|turn|7
|c| Storm Zones|stormy zone
|c| Storm Zones|LMAO
|
|switch|p2a: Runerigus|Runerigus, M|79/100
|move|p1a: Kurt Cobain|Sludge Wave|p2a: Runerigus
|-resisted|p2a: Runerigus
|-damage|p2a: Runerigus|68/100
|
|upkeep
|turn|8
|c|☆Storm Zone|lmao
|
|switch|p1a: Temple|Ferrothorn, M|100/100
|-damage|p1a: Temple|94/100|[from] Stealth Rock
|move|p2a: Runerigus|Earthquake|p1a: Temple
|-damage|p1a: Temple|69/100
|
|-heal|p1a: Temple|75/100|[from] item: Leftovers
|upkeep
|turn|9
|
|move|p2a: Runerigus|Will-O-Wisp|p1a: Temple
|-status|p1a: Temple|brn
|move|p1a: Temple|Stealth Rock|p2a: Runerigus
|-sidestart|p2: big boss 447|move: Stealth Rock
|
|-heal|p1a: Temple|82/100 brn|[from] item: Leftovers
|-damage|p1a: Temple|75/100 brn|[from] brn
|upkeep
|turn|10
|n| budgetbumper|stormzones
|
|switch|p2a: Cloyster|Cloyster, F|100/100
|-damage|p2a: Cloyster|76/100|[from] Stealth Rock
|move|p1a: Temple|Leech Seed|p2a: Cloyster
|-start|p2a: Cloyster|move: Leech Seed
|
|-heal|p1a: Temple|82/100 brn|[from] item: Leftovers
|-damage|p2a: Cloyster|63/100|[from] Leech Seed|[of] p1a: Temple
|-heal|p1a: Temple|90/100 brn|[silent]
|-damage|p1a: Temple|84/100 brn|[from] brn
|upkeep
|turn|11
|
|move|p2a: Cloyster|Shell Smash|p2a: Cloyster
|-unboost|p2a: Cloyster|def|1
|-unboost|p2a: Cloyster|spd|1
|-boost|p2a: Cloyster|atk|2
|-boost|p2a: Cloyster|spa|2
|-boost|p2a: Cloyster|spe|2
|move|p1a: Temple|Knock Off|p2a: Cloyster
|-damage|p2a: Cloyster|49/100
|-enditem|p2a: Cloyster|King's Rock|[from] move: Knock Off|[of] p1a: Temple
|
|-heal|p1a: Temple|90/100 brn|[from] item: Leftovers
|-damage|p2a: Cloyster|37/100|[from] Leech Seed|[of] p1a: Temple
|-heal|p1a: Temple|99/100 brn|[silent]
|-damage|p1a: Temple|93/100 brn|[from] brn
|upkeep
|turn|12
|
|move|p2a: Cloyster|Icicle Spear|p1a: Temple
|-damage|p1a: Temple|74/100 brn
|-damage|p1a: Temple|57/100 brn
|-damage|p1a: Temple|40/100 brn
|-damage|p1a: Temple|21/100 brn
|-damage|p1a: Temple|3/100 brn
|-hitcount|p1a: Temple|5
|move|p1a: Temple|Gyro Ball|p2a: Cloyster
|-damage|p2a: Cloyster|7/100
|
|-heal|p1a: Temple|9/100 brn|[from] item: Leftovers
|-damage|p2a: Cloyster|0 fnt|[from] Leech Seed|[of] p1a: Temple
|-heal|p1a: Temple|14/100 brn|[silent]
|faint|p2a: Cloyster
|-damage|p1a: Temple|7/100 brn|[from] brn
|upkeep
|c| budgetbumper|no flinches
|c| budgetbumper|ez
|c|☆Storm Zone|i was scarf cinder
|
|switch|p2a: Runerigus|Runerigus, M|68/100
|-damage|p2a: Runerigus|62/100|[from] Stealth Rock
|turn|13
|
|move|p2a: Runerigus|Earthquake|p1a: Temple
|-damage|p1a: Temple|0 fnt
|faint|p1a: Temple
|
|upkeep
|
|switch|p1a: Globox|Seismitoad, M|100/100
|-damage|p1a: Globox|94/100|[from] Stealth Rock
|turn|14
|c| budgetbumper|ah didn't matter either way
|c|☆Storm Zone|ye
|c| budgetbumper|goat
|
|switch|p2a: Togekiss|Togekiss, M|29/100
|-damage|p2a: Togekiss|5/100|[from] Stealth Rock
|move|p1a: Globox|Liquidation|p2a: Togekiss
|-damage|p2a: Togekiss|0 fnt
|faint|p2a: Togekiss
|
|upkeep
|
|switch|p2a: Toxtricity|Toxtricity, M|100/100
|-damage|p2a: Toxtricity|88/100|[from] Stealth Rock
|turn|15
|
|move|p2a: Toxtricity|Sludge Wave|p1a: Globox
|-resisted|p1a: Globox
|-crit|p1a: Globox
|-damage|p1a: Globox|25/100
|move|p1a: Globox|Liquidation|p2a: Toxtricity
|-damage|p2a: Toxtricity|0 fnt
|faint|p2a: Toxtricity
|
|upkeep
|
|switch|p2a: Bisharp|Bisharp, F|100/100
|-damage|p2a: Bisharp|95/100|[from] Stealth Rock
|turn|16
|
|move|p1a: Globox|Liquidation|p2a: Bisharp
|-damage|p2a: Bisharp|21/100
|move|p2a: Bisharp|Knock Off|p1a: Globox
|-damage|p1a: Globox|0 fnt
|-enditem|p1a: Globox|Choice Band|[from] move: Knock Off|[of] p2a: Bisharp
|-damage|p2a: Bisharp|11/100|[from] item: Life Orb
|faint|p1a: Globox
|
|upkeep
|c| budgetbumper|heat
|
|switch|p1a: Freddie Mercury|Kommo-o, M|91/100
|-damage|p1a: Freddie Mercury|84/100|[from] Stealth Rock
|turn|17
|
|move|p1a: Freddie Mercury|Earthquake|p2a: Bisharp
|-supereffective|p2a: Bisharp
|-damage|p2a: Bisharp|0 fnt
|-damage|p1a: Freddie Mercury|74/100|[from] item: Life Orb
|faint|p2a: Bisharp
|
|upkeep
|
|switch|p2a: Aegislash|Aegislash, F|100/100
|-damage|p2a: Aegislash|94/100|[from] Stealth Rock
|turn|18
|
|move|p1a: Freddie Mercury|Earthquake|p2a: Aegislash
|-supereffective|p2a: Aegislash
|-damage|p2a: Aegislash|19/100
|-damage|p1a: Freddie Mercury|65/100|[from] item: Life Orb
|-formechange|p2a: Aegislash|Aegislash-Blade||[from] ability: Stance Change
|move|p2a: Aegislash|Shadow Claw|p1a: Freddie Mercury
|-crit|p1a: Freddie Mercury
|-damage|p1a: Freddie Mercury|4/100
|
|upkeep
|turn|19
|j| kikokik
|
|move|p2a: Aegislash|Shadow Sneak|p1a: Freddie Mercury
|-damage|p1a: Freddie Mercury|0 fnt
|faint|p1a: Freddie Mercury
|
|upkeep
|
|switch|p1a: Liberacy|Cinderace, M|100/100
|-damage|p1a: Liberacy|76/100|[from] Stealth Rock
|turn|20
|j| Nartey
|
|move|p2a: Aegislash|Shadow Sneak|p1a: Liberacy
|-damage|p1a: Liberacy|38/100
|move|p1a: Liberacy|Pyro Ball|p2a: Aegislash
|-supereffective|p2a: Aegislash
|-damage|p2a: Aegislash|0 fnt
|faint|p2a: Aegislash
|
|upkeep
|
|switch|p2a: Runerigus|Runerigus, M|62/100
|-damage|p2a: Runerigus|56/100|[from] Stealth Rock
|turn|21
|
|move|p1a: Liberacy|Pyro Ball|p2a: Runerigus
|-damage|p2a: Runerigus|21/100
|move|p2a: Runerigus|Earthquake|p1a: Liberacy
|-supereffective|p1a: Liberacy
|-damage|p1a: Liberacy|0 fnt
|faint|p1a: Liberacy
|
|upkeep
|
|switch|p1a: Kurt Cobain|Toxtricity, M|88/100
|-damage|p1a: Kurt Cobain|76/100|[from] Stealth Rock
|turn|22
|
|move|p1a: Kurt Cobain|Sludge Wave|p2a: Runerigus
|-resisted|p2a: Runerigus
|-damage|p2a: Runerigus|10/100
|move|p2a: Runerigus|Earthquake|p1a: Kurt Cobain
|-supereffective|p1a: Kurt Cobain
|-damage|p1a: Kurt Cobain|0 fnt
|faint|p1a: Kurt Cobain
|
|win|big boss 447
|l|☆Storm Zone
|j|‽zona de tempestade
|raw|Storm Zone's rating: 1783 &rarr; <strong>1761</strong><br />(-22 for losing)
|raw|big boss 447's rating: 1748 &rarr; <strong>1770</strong><br />(+22 for winning)
|l|☆big boss 447
|l| Nartey
|l|‽zona de tempestade
|l| adssfsgddhdf
