|raw|<div class="broadcast-blue"><strong>This battle is required to be public due to a player having a name prefixed by 'LT72MS'.</div>
|j|☆LT72MS Comfeyture
|j|☆relic stone
|t:|1597961227
|player|p1|LT72MS Comfeyture|unknown|1910
|player|p2|relic stone|lusamine-nihilego|1753
|teamsize|p1|6
|teamsize|p2|6
|gametype|singles
|gen|8
|tier|[Gen 8] OU
|rated|
|clearpoke
|poke|p1|Diggersby, F|
|poke|p1|Scizor, F|
|poke|p1|Conkeldurr, F|
|poke|p1|Corviknight, F|
|poke|p1|Kommo-o, M|
|poke|p1|Zeraora|
|poke|p2|Rillaboom, M|
|poke|p2|Dragapult, M|
|poke|p2|Rotom-Heat|
|poke|p2|Azumarill, M|
|poke|p2|Crawdaunt, M|
|poke|p2|Excadrill, M|
|rule|Sleep Clause Mod: Limit one foe put to sleep
|rule|Species Clause: Limit one of each Pokémon
|rule|OHKO Clause: OHKO moves are banned
|rule|Evasion Moves Clause: Evasion moves are banned
|rule|Endless Battle Clause: Forcing endless battles is banned
|rule|HP Percentage Mod: HP is shown in percentages
|rule|Dynamax Clause: You cannot dynamax
|teampreview
|
|t:|1597961236
|start
|switch|p1a: Diggersby|Diggersby, F|100/100
|switch|p2a: Serpentine|Dragapult, M|100/100
|turn|1
|inactive|Battle timer is ON: inactive players will automatically lose when time's up. (requested by LT72MS Comfeyture)
|
|t:|1597961242
|move|p2a: Serpentine|Draco Meteor|p1a: Diggersby
|-damage|p1a: Diggersby|0 fnt
|-unboost|p2a: Serpentine|spa|2
|faint|p1a: Diggersby
|
|upkeep
|
|t:|1597961249
|switch|p1a: Zeraora|Zeraora|100/100
|turn|2
|
|t:|1597961254
|switch|p2a: Harambe|Rillaboom, M|100/100
|-fieldstart|move: Grassy Terrain|[from] ability: Grassy Surge|[of] p2a: Harambe
|move|p1a: Zeraora|Volt Switch|p2a: Harambe
|-resisted|p2a: Harambe
|-damage|p2a: Harambe|85/100
|
|t:|1597961256
|switch|p1a: Corviknight|Corviknight, F|100/100|[from]move: Volt Switch
|-ability|p1a: Corviknight|Pressure
|
|-heal|p2a: Harambe|91/100|[from] Grassy Terrain
|upkeep
|turn|3
|
|t:|1597961259
|switch|p2a: Impaler|Excadrill, M, shiny|100/100
|-ability|p2a: Impaler|Mold Breaker
|move|p1a: Corviknight|U-turn|p2a: Impaler
|-resisted|p2a: Impaler
|-damage|p2a: Impaler|92/100
|
|t:|1597961264
|switch|p1a: Conkeldurr|Conkeldurr, F|100/100|[from]move: U-turn
|
|-heal|p2a: Impaler|98/100|[from] item: Leftovers
|-heal|p2a: Impaler|100/100|[from] Grassy Terrain
|-status|p1a: Conkeldurr|brn|[from] item: Flame Orb
|upkeep
|turn|4
|
|t:|1597961268
|move|p2a: Impaler|Stealth Rock|p1a: Conkeldurr
|-sidestart|p1: LT72MS Comfeyture|move: Stealth Rock
|move|p1a: Conkeldurr|Drain Punch|p2a: Impaler
|-supereffective|p2a: Impaler
|-damage|p2a: Impaler|0 fnt
|faint|p2a: Impaler
|
|-damage|p1a: Conkeldurr|95/100 brn|[from] brn
|upkeep
|
|t:|1597961273
|switch|p2a: Serpentine|Dragapult, M|100/100
|turn|5
|
|t:|1597961278
|move|p2a: Serpentine|Draco Meteor|p1a: Conkeldurr
|-damage|p1a: Conkeldurr|0 fnt
|-unboost|p2a: Serpentine|spa|2
|faint|p1a: Conkeldurr
|
|upkeep
|
|t:|1597961283
|switch|p1a: Corviknight|Corviknight, F|100/100
|-damage|p1a: Corviknight|88/100|[from] Stealth Rock
|-ability|p1a: Corviknight|Pressure
|turn|6
|
|t:|1597961287
|switch|p2a: Predator|Crawdaunt, M|100/100
|move|p1a: Corviknight|U-turn|p2a: Predator
|-supereffective|p2a: Predator
|-damage|p2a: Predator|58/100
|
|t:|1597961292
|switch|p1a: Kommo-o|Kommo-o, M|100/100|[from]move: U-turn
|-damage|p1a: Kommo-o|94/100|[from] Stealth Rock
|
|-heal|p1a: Kommo-o|100/100|[from] Grassy Terrain
|-heal|p2a: Predator|64/100|[from] Grassy Terrain
|-fieldend|move: Grassy Terrain
|upkeep
|turn|7
|
|t:|1597961295
|switch|p2a: Serpentine|Dragapult, M|100/100
|move|p1a: Kommo-o|Clangorous Soul|p1a: Kommo-o
|-boost|p1a: Kommo-o|atk|1
|-boost|p1a: Kommo-o|def|1
|-boost|p1a: Kommo-o|spa|1
|-boost|p1a: Kommo-o|spd|1
|-boost|p1a: Kommo-o|spe|1
|-damage|p1a: Kommo-o|68/100
|-enditem|p1a: Kommo-o|Throat Spray
|-boost|p1a: Kommo-o|spa|1|[from] item: Throat Spray
|
|upkeep
|turn|8
|
|t:|1597961299
|switch|p2a: Torrent|Azumarill, M|100/100
|move|p1a: Kommo-o|Clanging Scales|p2a: Torrent
|-immune|p2a: Torrent
|
|upkeep
|turn|9
|
|t:|1597961302
|move|p1a: Kommo-o|Boomburst|p2a: Torrent
|-damage|p2a: Torrent|16/100
|move|p2a: Torrent|Toxic|p1a: Kommo-o
|-status|p1a: Kommo-o|tox
|
|-heal|p2a: Torrent|22/100|[from] item: Leftovers
|-damage|p1a: Kommo-o|61/100 tox|[from] psn
|upkeep
|turn|10
|
|t:|1597961305
|move|p2a: Torrent|Protect|p2a: Torrent
|-singleturn|p2a: Torrent|Protect
|move|p1a: Kommo-o|Boomburst|p2a: Torrent
|-activate|p2a: Torrent|move: Protect
|
|-heal|p2a: Torrent|28/100|[from] item: Leftovers
|-damage|p1a: Kommo-o|49/100 tox|[from] psn
|upkeep
|turn|11
|
|t:|1597961309
|move|p2a: Torrent|Protect||[still]
|-fail|p2a: Torrent
|move|p1a: Kommo-o|Boomburst|p2a: Torrent
|-damage|p2a: Torrent|0 fnt
|faint|p2a: Torrent
|
|-damage|p1a: Kommo-o|30/100 tox|[from] psn
|upkeep
|
|t:|1597961317
|switch|p2a: Phantom|Rotom-Heat, shiny|100/100
|turn|12
|
|t:|1597961321
|move|p1a: Kommo-o|Clanging Scales|p2a: Phantom
|-damage|p2a: Phantom|26/100
|-unboost|p1a: Kommo-o|def|1
|move|p2a: Phantom|Overheat|p1a: Kommo-o
|-resisted|p1a: Kommo-o
|-damage|p1a: Kommo-o|12/100 tox
|-unboost|p2a: Phantom|spa|2
|
|-damage|p1a: Kommo-o|0 fnt|[from] psn
|faint|p1a: Kommo-o
|upkeep
|
|t:|1597961324
|switch|p1a: Zeraora|Zeraora|100/100
|turn|13
|
|t:|1597961330
|switch|p2a: Harambe|Rillaboom, M|91/100
|-fieldstart|move: Grassy Terrain|[from] ability: Grassy Surge|[of] p2a: Harambe
|move|p1a: Zeraora|Close Combat|p2a: Harambe
|-damage|p2a: Harambe|53/100
|-unboost|p1a: Zeraora|def|1
|-unboost|p1a: Zeraora|spd|1
|
|-heal|p2a: Harambe|59/100|[from] Grassy Terrain
|upkeep
|turn|14
|
|t:|1597961334
|switch|p1a: Corviknight|Corviknight, F|88/100
|-damage|p1a: Corviknight|76/100|[from] Stealth Rock
|-ability|p1a: Corviknight|Pressure
|move|p2a: Harambe|U-turn|p1a: Corviknight
|-resisted|p1a: Corviknight
|-damage|p1a: Corviknight|68/100
|-damage|p2a: Harambe|42/100|[from] item: Rocky Helmet|[of] p1a: Corviknight
|
|t:|1597961340
|switch|p2a: Serpentine|Dragapult, M|100/100|[from]move: U-turn
|
|upkeep
|turn|15
|
|t:|1597961343
|move|p2a: Serpentine|Flamethrower|p1a: Corviknight
|-supereffective|p1a: Corviknight
|-damage|p1a: Corviknight|12/100
|move|p1a: Corviknight|Defog|p2a: Serpentine
|-unboost|p2a: Serpentine|evasion|1
|-sideend|p1: LT72MS Comfeyture|Stealth Rock|[from] move: Defog|[of] p1a: Corviknight
|-fieldend|move: Grassy Terrain
|
|upkeep
|turn|16
|
|t:|1597961347
|move|p2a: Serpentine|Flamethrower|p1a: Corviknight
|-supereffective|p1a: Corviknight
|-damage|p1a: Corviknight|0 fnt
|faint|p1a: Corviknight
|
|upkeep
|
|t:|1597961349
|switch|p1a: Zeraora|Zeraora|100/100
|turn|17
|
|t:|1597961353
|move|p1a: Zeraora|Knock Off|p2a: Serpentine
|-supereffective|p2a: Serpentine
|-damage|p2a: Serpentine|5/100
|-enditem|p2a: Serpentine|Choice Specs|[from] move: Knock Off|[of] p1a: Zeraora
|move|p2a: Serpentine|Flamethrower|p1a: Zeraora
|-damage|p1a: Zeraora|69/100
|
|upkeep
|turn|18
|
|t:|1597961364
|move|p1a: Zeraora|Volt Switch|p2a: Serpentine
|-resisted|p2a: Serpentine
|-damage|p2a: Serpentine|0 fnt
|faint|p2a: Serpentine
|
|t:|1597961366
|switch|p1a: Scizor|Scizor, F|100/100|[from]move: Volt Switch
|
|upkeep
|
|t:|1597961371
|switch|p2a: Predator|Crawdaunt, M|64/100
|turn|19
|
|t:|1597961375
|move|p1a: Scizor|Swords Dance|p1a: Scizor
|-boost|p1a: Scizor|atk|2
|move|p2a: Predator|Knock Off|p1a: Scizor
|-damage|p1a: Scizor|0 fnt
|-enditem|p1a: Scizor|Life Orb|[from] move: Knock Off|[of] p2a: Predator
|-damage|p2a: Predator|54/100|[from] item: Life Orb
|faint|p1a: Scizor
|
|upkeep
|
|t:|1597961377
|switch|p1a: Zeraora|Zeraora|69/100
|turn|20
|
|t:|1597961381
|move|p2a: Predator|Aqua Jet|p1a: Zeraora
|-damage|p1a: Zeraora|13/100
|-damage|p2a: Predator|45/100|[from] item: Life Orb
|move|p1a: Zeraora|Volt Switch|p2a: Predator
|-supereffective|p2a: Predator
|-damage|p2a: Predator|0 fnt
|faint|p2a: Predator
|
|upkeep
|
|t:|1597961384
|switch|p2a: Harambe|Rillaboom, M|42/100
|-fieldstart|move: Grassy Terrain|[from] ability: Grassy Surge|[of] p2a: Harambe
|turn|21
|
|t:|1597961386
|move|p2a: Harambe|Grassy Glide|p1a: Zeraora
|-damage|p1a: Zeraora|0 fnt
|faint|p1a: Zeraora
|
|win|relic stone
|c|☆relic stone|gg
|l|☆LT72MS Comfeyture
