|j|☆Spectre Ace
|j|☆nananator
|t:|1664145055
|gametype|singles
|player|p1|Spectre Ace|juggler|1659
|player|p2|nananator|dahlia|1789
|teamsize|p1|6
|teamsize|p2|6
|gen|8
|tier|[Gen 8] OU
|rated|
|rule|Sleep Clause Mod: Limit one foe put to sleep
|rule|Species Clause: Limit one of each Pokémon
|rule|OHKO Clause: OHKO moves are banned
|rule|Evasion Items Clause: Evasion items are banned
|rule|Evasion Moves Clause: Evasion moves are banned
|rule|Endless Battle Clause: Forcing endless battles is banned
|rule|HP Percentage Mod: HP is shown in percentages
|rule|Dynamax Clause: You cannot dynamax
|clearpoke
|poke|p1|Garchomp, M|
|poke|p1|Mandibuzz, F|
|poke|p1|Ferrothorn, M|
|poke|p1|Volcanion|
|poke|p1|Raichu-Alola, F|
|poke|p1|Tapu Koko|
|poke|p2|Kartana|
|poke|p2|Heatran, M|
|poke|p2|Landorus-Therian, M|
|poke|p2|Slowbro, M|
|poke|p2|Umbreon, M|
|poke|p2|Tapu Koko|
|teampreview
|
|t:|1664145079
|start
|switch|p1a: Volcanion|Volcanion|100/100
|switch|p2a: Landorus|Landorus-Therian, M|100/100
|-ability|p2a: Landorus|Intimidate|boost
|-unboost|p1a: Volcanion|atk|1
|turn|1
|
|t:|1664145086
|switch|p2a: Slowbro|Slowbro, M|100/100
|move|p1a: Volcanion|Steam Eruption|p2a: Slowbro
|-resisted|p2a: Slowbro
|-damage|p2a: Slowbro|79/100
|-status|p2a: Slowbro|brn
|
|-damage|p2a: Slowbro|73/100 brn|[from] brn
|upkeep
|turn|2
|
|t:|1664145090
|switch|p1a: Booker|Tapu Koko|100/100
|-fieldstart|move: Electric Terrain|[from] ability: Electric Surge|[of] p1a: Booker
|move|p2a: Slowbro|Teleport|p2a: Slowbro
|
|t:|1664145092
|switch|p2a: Landorus|Landorus-Therian, M|100/100|[from]move: Teleport
|-ability|p2a: Landorus|Intimidate|boost
|-unboost|p1a: Booker|atk|1
|
|upkeep
|turn|3
|
|t:|1664145103
|move|p1a: Booker|U-turn|p2a: Landorus
|-resisted|p2a: Landorus
|-damage|p2a: Landorus|95/100
|
|t:|1664145105
|switch|p1a: Sundowner|Ferrothorn, M, shiny|100/100|[from]move: U-turn
|move|p2a: Landorus|Toxic|p1a: Sundowner
|-immune|p1a: Sundowner
|
|-heal|p2a: Landorus|100/100|[from] item: Leftovers
|upkeep
|turn|4
|
|t:|1664145111
|switch|p2a: Heatran|Heatran, M|100/100
|move|p1a: Sundowner|Knock Off|p2a: Heatran
|-damage|p2a: Heatran|88/100
|-enditem|p2a: Heatran|Leftovers|[from] move: Knock Off|[of] p1a: Sundowner
|
|upkeep
|turn|5
|
|t:|1664145116
|switch|p1a: Crane|Garchomp, M|100/100
|move|p2a: Heatran|Stealth Rock|p1a: Crane
|-sidestart|p1: Spectre Ace|move: Stealth Rock
|
|upkeep
|turn|6
|
|t:|1664145120
|switch|p2a: Landorus|Landorus-Therian, M|100/100
|-ability|p2a: Landorus|Intimidate|boost
|-unboost|p1a: Crane|atk|1
|move|p1a: Crane|Stealth Rock|p2a: Landorus
|-sidestart|p2: nananator|move: Stealth Rock
|
|upkeep
|turn|7
|
|t:|1664145130
|switch|p1a: Sundowner|Ferrothorn, M, shiny|100/100
|-damage|p1a: Sundowner|94/100|[from] Stealth Rock
|move|p2a: Landorus|Toxic|p1a: Sundowner|[miss]
|-miss|p2a: Landorus|p1a: Sundowner
|
|-heal|p1a: Sundowner|100/100|[from] item: Leftovers
|upkeep
|turn|8
|
|t:|1664145137
|switch|p2a: Heatran|Heatran, M|88/100
|-damage|p2a: Heatran|76/100|[from] Stealth Rock
|move|p1a: Sundowner|Body Press|p2a: Heatran
|-supereffective|p2a: Heatran
|-damage|p2a: Heatran|38/100
|
|upkeep
|turn|9
|
|t:|1664145146
|switch|p1a: Crane|Garchomp, M|100/100
|-damage|p1a: Crane|94/100|[from] Stealth Rock
|move|p2a: Heatran|Toxic|p1a: Crane
|-status|p1a: Crane|tox
|
|-damage|p1a: Crane|88/100 tox|[from] psn
|-fieldend|move: Electric Terrain
|upkeep
|turn|10
|
|t:|1664145156
|switch|p1a: Volcanion|Volcanion|100/100
|switch|p2a: Umbreon|Umbreon, M|100/100
|-damage|p2a: Umbreon|88/100|[from] Stealth Rock
|
|-heal|p2a: Umbreon|94/100|[from] item: Leftovers
|upkeep
|turn|11
|
|t:|1664145167
|switch|p1a: Sundowner|Ferrothorn, M, shiny|100/100
|-damage|p1a: Sundowner|94/100|[from] Stealth Rock
|move|p2a: Umbreon|Wish|p2a: Umbreon
|
|-heal|p2a: Umbreon|99/100|[from] item: Leftovers
|-heal|p1a: Sundowner|100/100|[from] item: Leftovers
|upkeep
|turn|12
|
|t:|1664145182
|switch|p2a: Slowbro|Slowbro, M|100/100 brn
|move|p1a: Sundowner|Body Press|p2a: Slowbro
|-resisted|p2a: Slowbro
|-damage|p2a: Slowbro|89/100 brn
|
|-heal|p2a: Slowbro|100/100 brn|[from] move: Wish|[wisher] Umbreon
|-damage|p2a: Slowbro|94/100 brn|[from] brn
|upkeep
|turn|13
|
|t:|1664145186
|move|p1a: Sundowner|Spikes|p2a: Slowbro
|-sidestart|p2: nananator|Spikes
|move|p2a: Slowbro|Scald|p1a: Sundowner
|-resisted|p1a: Sundowner
|-damage|p1a: Sundowner|89/100
|
|-heal|p1a: Sundowner|95/100|[from] item: Leftovers
|-damage|p2a: Slowbro|88/100 brn|[from] brn
|upkeep
|turn|14
|
|t:|1664145190
|move|p1a: Sundowner|Knock Off|p2a: Slowbro
|-supereffective|p2a: Slowbro
|-damage|p2a: Slowbro|55/100 brn
|-enditem|p2a: Slowbro|Heavy-Duty Boots|[from] move: Knock Off|[of] p1a: Sundowner
|move|p2a: Slowbro|Scald|p1a: Sundowner
|-resisted|p1a: Sundowner
|-damage|p1a: Sundowner|84/100
|
|-heal|p1a: Sundowner|90/100|[from] item: Leftovers
|-damage|p2a: Slowbro|49/100 brn|[from] brn
|upkeep
|turn|15
|
|t:|1664145197
|move|p1a: Sundowner|Spikes|p2a: Slowbro
|-sidestart|p2: nananator|Spikes
|move|p2a: Slowbro|Teleport|p2a: Slowbro
|
|t:|1664145201
|switch|p2a: Landorus|Landorus-Therian, M|100/100|[from]move: Teleport
|-damage|p2a: Landorus|88/100|[from] Stealth Rock
|-ability|p2a: Landorus|Intimidate|boost
|-unboost|p1a: Sundowner|atk|1
|
|-heal|p2a: Landorus|94/100|[from] item: Leftovers
|-heal|p1a: Sundowner|97/100|[from] item: Leftovers
|upkeep
|turn|16
|
|t:|1664145205
|move|p2a: Landorus|Defog|p1a: Sundowner
|-unboost|p1a: Sundowner|evasion|1
|-sideend|p1: Spectre Ace|Stealth Rock|[from] move: Defog|[of] p2a: Landorus
|-sideend|p2: nananator|Spikes|[from] move: Defog|[of] p2a: Landorus
|-sideend|p2: nananator|Stealth Rock|[from] move: Defog|[of] p2a: Landorus
|move|p1a: Sundowner|Leech Seed|p2a: Landorus
|-start|p2a: Landorus|move: Leech Seed
|
|-heal|p2a: Landorus|99/100|[from] item: Leftovers
|-heal|p1a: Sundowner|100/100|[from] item: Leftovers
|-damage|p2a: Landorus|88/100|[from] Leech Seed|[of] p1a: Sundowner
|upkeep
|turn|17
|
|t:|1664145210
|switch|p2a: Heatran|Heatran, M|38/100
|move|p1a: Sundowner|Spikes|p2a: Heatran
|-sidestart|p2: nananator|Spikes
|
|upkeep
|turn|18
|
|t:|1664145215
|switch|p1a: Crane|Garchomp, M|88/100 tox
|move|p2a: Heatran|Lava Plume|p1a: Crane
|-resisted|p1a: Crane
|-crit|p1a: Crane
|-damage|p1a: Crane|59/100 tox
|
|-damage|p1a: Crane|53/100 tox|[from] psn
|upkeep
|turn|19
|
|t:|1664145221
|switch|p1a: Volcanion|Volcanion|100/100
|switch|p2a: Landorus|Landorus-Therian, M|88/100
|-ability|p2a: Landorus|Intimidate|boost
|-unboost|p1a: Volcanion|atk|1
|
|-heal|p2a: Landorus|94/100|[from] item: Leftovers
|upkeep
|turn|20
|
|t:|1664145227
|switch|p2a: Slowbro|Slowbro, M|82/100 brn
|-damage|p2a: Slowbro|69/100 brn|[from] Spikes
|move|p1a: Volcanion|Steam Eruption|p2a: Slowbro
|-resisted|p2a: Slowbro
|-damage|p2a: Slowbro|48/100 brn
|
|-damage|p2a: Slowbro|42/100 brn|[from] brn
|upkeep
|turn|21
|
|t:|1664145234
|move|p1a: Volcanion|Sludge Wave|p2a: Slowbro
|-damage|p2a: Slowbro|17/100 brn
|move|p2a: Slowbro|Slack Off|p2a: Slowbro
|-heal|p2a: Slowbro|67/100 brn
|
|-damage|p2a: Slowbro|61/100 brn|[from] brn
|upkeep
|turn|22
|
|t:|1664145238
|switch|p1a: Booker|Tapu Koko|100/100
|-fieldstart|move: Electric Terrain|[from] ability: Electric Surge|[of] p1a: Booker
|move|p2a: Slowbro|Teleport|p2a: Slowbro
|
|t:|1664145239
|switch|p2a: Landorus|Landorus-Therian, M|94/100|[from]move: Teleport
|-ability|p2a: Landorus|Intimidate|boost
|-unboost|p1a: Booker|atk|1
|
|-heal|p2a: Landorus|99/100|[from] item: Leftovers
|upkeep
|turn|23
|
|t:|1664145243
|move|p1a: Booker|U-turn|p2a: Landorus
|-resisted|p2a: Landorus
|-damage|p2a: Landorus|94/100
|
|t:|1664145246
|switch|p1a: Sundowner|Ferrothorn, M, shiny|100/100|[from]move: U-turn
|move|p2a: Landorus|Defog|p1a: Sundowner
|-unboost|p1a: Sundowner|evasion|1
|-sideend|p2: nananator|Spikes|[from] move: Defog|[of] p2a: Landorus
|-fieldend|move: Electric Terrain
|
|-heal|p2a: Landorus|100/100|[from] item: Leftovers
|upkeep
|turn|24
|
|t:|1664145252
|switch|p2a: Slowbro|Slowbro, M|94/100 brn
|move|p1a: Sundowner|Body Press|p2a: Slowbro
|-resisted|p2a: Slowbro
|-damage|p2a: Slowbro|81/100 brn
|
|-damage|p2a: Slowbro|75/100 brn|[from] brn
|upkeep
|turn|25
|
|t:|1664145257
|switch|p1a: Booker|Tapu Koko|100/100
|-fieldstart|move: Electric Terrain|[from] ability: Electric Surge|[of] p1a: Booker
|move|p2a: Slowbro|Scald|p1a: Booker
|-damage|p1a: Booker|59/100
|
|-damage|p2a: Slowbro|69/100 brn|[from] brn
|upkeep
|turn|26
|
|t:|1664145262
|switch|p2a: Landorus|Landorus-Therian, M|100/100
|-ability|p2a: Landorus|Intimidate|boost
|-unboost|p1a: Booker|atk|1
|move|p1a: Booker|U-turn|p2a: Landorus
|-resisted|p2a: Landorus
|-damage|p2a: Landorus|96/100
|
|t:|1664145265
|switch|p1a: Volcanion|Volcanion|100/100|[from]move: U-turn
|
|-heal|p2a: Landorus|100/100|[from] item: Leftovers
|upkeep
|turn|27
|
|t:|1664145270
|switch|p1a: Valentine|Raichu-Alola, F, shiny|100/100
|switch|p2a: Slowbro|Slowbro, M|100/100 brn
|
|-damage|p2a: Slowbro|94/100 brn|[from] brn
|upkeep
|turn|28
|
|t:|1664145274
|switch|p2a: Landorus|Landorus-Therian, M|100/100
|-ability|p2a: Landorus|Intimidate|boost
|-unboost|p1a: Valentine|atk|1
|move|p1a: Valentine|Nasty Plot|p1a: Valentine
|-boost|p1a: Valentine|spa|2
|
|upkeep
|turn|29
|
|t:|1664145278
|move|p1a: Valentine|Surf|p2a: Landorus
|-supereffective|p2a: Landorus
|-damage|p2a: Landorus|0 fnt
|faint|p2a: Landorus
|-damage|p1a: Valentine|91/100|[from] item: Life Orb
|
|upkeep
|
|t:|1664145284
|switch|p2a: Umbreon|Umbreon, M|99/100
|turn|30
|
|t:|1664145286
|move|p1a: Valentine|Rising Voltage|p2a: Umbreon
|-hint|Rising Voltage's BP doubled on grounded target.
|-damage|p2a: Umbreon|0 fnt
|faint|p2a: Umbreon
|-damage|p1a: Valentine|81/100|[from] item: Life Orb
|
|upkeep
|-message|nananator forfeited.
|
|win|Spectre Ace
|raw|Spectre Ace's rating: 1659 &rarr; <strong>1686</strong><br />(+27 for winning)
|raw|nananator's rating: 1789 &rarr; <strong>1762</strong><br />(-27 for losing)
|l|☆nananator
|player|p1|Spectre Ace|juggler
||Ladder isn't responding, score probably updated but might not have (Request timeout).
