|j|☆SuceurdePoussiere
|j|☆winter lanterns
|t:|1668158795
|gametype|singles
|player|p1|SuceurdePoussiere|elesa-masters|1750
|player|p2|winter lanterns|101|1781
|teamsize|p1|6
|teamsize|p2|6
|gen|8
|tier|[Gen 8] OU
|rated|
|rule|Sleep Clause Mod: Limit one foe put to sleep
|rule|Species Clause: Limit one of each Pokémon
|rule|OHKO Clause: OHKO moves are banned
|rule|Evasion Items Clause: Evasion items are banned
|rule|Evasion Moves Clause: Evasion moves are banned
|rule|Endless Battle Clause: Forcing endless battles is banned
|rule|HP Percentage Mod: HP is shown in percentages
|rule|Dynamax Clause: You cannot dynamax
|clearpoke
|poke|p1|Moltres-Galar|
|poke|p1|Garchomp, M|
|poke|p1|Heatran, F|
|poke|p1|Dragapult, M|
|poke|p1|Tapu Bulu|
|poke|p1|Tapu Koko|
|poke|p2|Dragapult, M|
|poke|p2|Urshifu-*, M|
|poke|p2|Tapu Lele|
|poke|p2|Landorus-Therian, M|
|poke|p2|Zapdos|
|poke|p2|Melmetal|
|teampreview
|inactive|Battle timer is ON: inactive players will automatically lose when time's up. (requested by SuceurdePoussiere)
|j| broked on bricks
|
|t:|1668158811
|start
|switch|p1a: Tapu Koko|Tapu Koko|100/100
|switch|p2a: Landorus|Landorus-Therian, M|100/100
|-fieldstart|move: Electric Terrain|[from] ability: Electric Surge|[of] p1a: Tapu Koko
|-ability|p2a: Landorus|Intimidate|boost
|-unboost|p1a: Tapu Koko|atk|1
|turn|1
|
|t:|1668158817
|move|p1a: Tapu Koko|U-turn|p2a: Landorus
|-resisted|p2a: Landorus
|-damage|p2a: Landorus|95/100
|
|t:|1668158821
|switch|p1a: Tapu Bulu|Tapu Bulu|100/100|[from]move: U-turn
|-fieldstart|move: Grassy Terrain|[from] ability: Grassy Surge|[of] p1a: Tapu Bulu
|move|p2a: Landorus|Stealth Rock|p1a: Tapu Bulu
|-sidestart|p1: SuceurdePoussiere|move: Stealth Rock
|
|-heal|p2a: Landorus|100/100|[from] item: Leftovers
|upkeep
|turn|2
|
|t:|1668158832
|move|p2a: Landorus|Knock Off|p1a: Tapu Bulu
|-resisted|p1a: Tapu Bulu
|-damage|p1a: Tapu Bulu|86/100
|-enditem|p1a: Tapu Bulu|Choice Band|[from] move: Knock Off|[of] p2a: Landorus
|move|p1a: Tapu Bulu|Stone Edge|p2a: Landorus|[miss]
|-miss|p1a: Tapu Bulu|p2a: Landorus
|
|-heal|p1a: Tapu Bulu|92/100|[from] Grassy Terrain
|upkeep
|turn|3
|
|t:|1668158839
|move|p2a: Landorus|U-turn|p1a: Tapu Bulu
|-damage|p1a: Tapu Bulu|70/100
|
|t:|1668158841
|switch|p2a: Zapdos|Zapdos|100/100|[from]move: U-turn
|move|p1a: Tapu Bulu|Horn Leech|p2a: Zapdos
|-resisted|p2a: Zapdos
|-damage|p2a: Zapdos|66/100
|-heal|p1a: Tapu Bulu|88/100|[from] drain|[of] p2a: Zapdos
|
|-heal|p1a: Tapu Bulu|94/100|[from] Grassy Terrain
|upkeep
|turn|4
|
|t:|1668158845
|switch|p1a: Heatran|Heatran, F|100/100
|-damage|p1a: Heatran|88/100|[from] Stealth Rock
|move|p2a: Zapdos|Hurricane|p1a: Heatran|[miss]
|-miss|p2a: Zapdos|p1a: Heatran
|
|-heal|p1a: Heatran|94/100|[from] Grassy Terrain
|-heal|p1a: Heatran|100/100|[from] item: Leftovers
|upkeep
|turn|5
|
|t:|1668158850
|move|p2a: Zapdos|Volt Switch|p1a: Heatran
|-damage|p1a: Heatran|78/100
|
|t:|1668158854
|switch|p2a: Urshifu|Urshifu-Rapid-Strike, M|100/100|[from]move: Volt Switch
|move|p1a: Heatran|Toxic|p2a: Urshifu
|-status|p2a: Urshifu|tox
|
|-heal|p1a: Heatran|85/100|[from] Grassy Terrain
|-heal|p1a: Heatran|91/100|[from] item: Leftovers
|-damage|p2a: Urshifu|94/100 tox|[from] psn
|-fieldend|move: Grassy Terrain
|upkeep
|turn|6
|
|t:|1668158867
|switch|p1a: Dragapult|Dragapult, M|100/100
|-damage|p1a: Dragapult|88/100|[from] Stealth Rock
|move|p2a: Urshifu|U-turn|p1a: Dragapult
|-resisted|p1a: Dragapult
|-damage|p1a: Dragapult|65/100
|
|t:|1668158872
|switch|p2a: Landorus|Landorus-Therian, M|100/100|[from]move: U-turn
|-ability|p2a: Landorus|Intimidate|boost
|-unboost|p1a: Dragapult|atk|1
|
|upkeep
|turn|7
|
|t:|1668158878
|switch|p1a: Tapu Bulu|Tapu Bulu|94/100
|-damage|p1a: Tapu Bulu|81/100|[from] Stealth Rock
|-fieldstart|move: Grassy Terrain|[from] ability: Grassy Surge|[of] p1a: Tapu Bulu
|move|p2a: Landorus|Knock Off|p1a: Tapu Bulu
|-resisted|p1a: Tapu Bulu
|-damage|p1a: Tapu Bulu|71/100
|
|-heal|p1a: Tapu Bulu|77/100|[from] Grassy Terrain
|upkeep
|turn|8
|j| QiYu0
|
|t:|1668158887
|move|p2a: Landorus|U-turn|p1a: Tapu Bulu
|-damage|p1a: Tapu Bulu|56/100
|
|t:|1668158890
|switch|p2a: Zapdos|Zapdos|66/100|[from]move: U-turn
|move|p1a: Tapu Bulu|Horn Leech|p2a: Zapdos
|-resisted|p2a: Zapdos
|-damage|p2a: Zapdos|32/100
|-heal|p1a: Tapu Bulu|73/100|[from] drain|[of] p2a: Zapdos
|
|-heal|p1a: Tapu Bulu|79/100|[from] Grassy Terrain
|upkeep
|turn|9
|
|t:|1668158899
|switch|p1a: Heatran|Heatran, F|91/100
|-damage|p1a: Heatran|78/100|[from] Stealth Rock
|move|p2a: Zapdos|Hurricane|p1a: Heatran|[miss]
|-miss|p2a: Zapdos|p1a: Heatran
|
|-heal|p1a: Heatran|85/100|[from] Grassy Terrain
|-heal|p1a: Heatran|91/100|[from] item: Leftovers
|upkeep
|turn|10
|
|t:|1668158905
|move|p2a: Zapdos|Volt Switch|p1a: Heatran
|-damage|p1a: Heatran|68/100
|
|t:|1668158907
|switch|p2a: Urshifu|Urshifu-Rapid-Strike, M|94/100 tox|[from]move: Volt Switch
|move|p1a: Heatran|Stealth Rock|p2a: Urshifu
|-sidestart|p2: winter lanterns|move: Stealth Rock
|
|-heal|p2a: Urshifu|100/100 tox|[from] Grassy Terrain
|-heal|p1a: Heatran|74/100|[from] Grassy Terrain
|-heal|p1a: Heatran|80/100|[from] item: Leftovers
|-damage|p2a: Urshifu|94/100 tox|[from] psn
|upkeep
|turn|11
|
|t:|1668158927
|switch|p1a: Tapu Koko|Tapu Koko|100/100
|-fieldstart|move: Electric Terrain|[from] ability: Electric Surge|[of] p1a: Tapu Koko
|move|p2a: Urshifu|Surging Strikes|p1a: Tapu Koko
|-crit|p1a: Tapu Koko
|-damage|p1a: Tapu Koko|60/100
|-crit|p1a: Tapu Koko
|-damage|p1a: Tapu Koko|17/100
|-crit|p1a: Tapu Koko
|-damage|p1a: Tapu Koko|0 fnt
|faint|p1a: Tapu Koko
|-hitcount|p1: Tapu Koko|3
|
|-damage|p2a: Urshifu|82/100 tox|[from] psn
|upkeep
|
|t:|1668158934
|switch|p1a: Tapu Bulu|Tapu Bulu|79/100
|-damage|p1a: Tapu Bulu|67/100|[from] Stealth Rock
|-fieldstart|move: Grassy Terrain|[from] ability: Grassy Surge|[of] p1a: Tapu Bulu
|turn|12
|
|t:|1668158947
|switch|p2a: Landorus|Landorus-Therian, M|100/100
|-damage|p2a: Landorus|88/100|[from] Stealth Rock
|-ability|p2a: Landorus|Intimidate|boost
|-unboost|p1a: Tapu Bulu|atk|1
|move|p1a: Tapu Bulu|Horn Leech|p2a: Landorus
|-damage|p2a: Landorus|49/100
|-heal|p1a: Tapu Bulu|91/100|[from] drain|[of] p2a: Landorus
|
|-heal|p2a: Landorus|55/100|[from] item: Leftovers
|-heal|p1a: Tapu Bulu|97/100|[from] Grassy Terrain
|upkeep
|turn|13
|
|t:|1668158956
|move|p2a: Landorus|U-turn|p1a: Tapu Bulu
|-crit|p1a: Tapu Bulu
|-damage|p1a: Tapu Bulu|67/100
|
|t:|1668158962
|switch|p2a: Zapdos|Zapdos|32/100|[from]move: U-turn
|move|p1a: Tapu Bulu|Wood Hammer|p2a: Zapdos
|-resisted|p2a: Zapdos
|-damage|p2a: Zapdos|0 fnt
|faint|p2a: Zapdos
|-damage|p1a: Tapu Bulu|56/100|[from] Recoil
|
|-heal|p1a: Tapu Bulu|62/100|[from] Grassy Terrain
|upkeep
|
|t:|1668158965
|switch|p2a: Dragapult|Dragapult, M|100/100
|-damage|p2a: Dragapult|88/100|[from] Stealth Rock
|turn|14
|
|t:|1668158969
|switch|p1a: Moltres|Moltres-Galar|100/100
|move|p2a: Dragapult|Shadow Ball|p1a: Moltres
|-resisted|p1a: Moltres
|-damage|p1a: Moltres|75/100
|
|-heal|p2a: Dragapult|94/100|[from] Grassy Terrain
|upkeep
|turn|15
|
|t:|1668158973
|switch|p2a: Tapu Lele|Tapu Lele|100/100
|-damage|p2a: Tapu Lele|88/100|[from] Stealth Rock
|-fieldstart|move: Psychic Terrain|[from] ability: Psychic Surge|[of] p2a: Tapu Lele
|move|p1a: Moltres|Fiery Wrath|p2a: Tapu Lele
|-damage|p2a: Tapu Lele|43/100
|
|upkeep
|turn|16
|
|t:|1668158983
|switch|p2a: Urshifu|Urshifu-Rapid-Strike, M|82/100 tox
|-damage|p2a: Urshifu|76/100 tox|[from] Stealth Rock
|switch|p1a: Heatran|Heatran, F|80/100
|-damage|p1a: Heatran|68/100|[from] Stealth Rock
|
|-heal|p1a: Heatran|74/100|[from] item: Leftovers
|-damage|p2a: Urshifu|70/100 tox|[from] psn
|upkeep
|turn|17
|
|t:|1668158997
|switch|p1a: Tapu Bulu|Tapu Bulu|62/100
|-damage|p1a: Tapu Bulu|50/100|[from] Stealth Rock
|-fieldstart|move: Grassy Terrain|[from] ability: Grassy Surge|[of] p1a: Tapu Bulu
|move|p2a: Urshifu|Surging Strikes|p1a: Tapu Bulu
|-resisted|p1a: Tapu Bulu
|-crit|p1a: Tapu Bulu
|-damage|p1a: Tapu Bulu|35/100
|-resisted|p1a: Tapu Bulu
|-crit|p1a: Tapu Bulu
|-damage|p1a: Tapu Bulu|22/100
|-resisted|p1a: Tapu Bulu
|-crit|p1a: Tapu Bulu
|-damage|p1a: Tapu Bulu|7/100
|-hitcount|p1a: Tapu Bulu|3
|
|-heal|p2a: Urshifu|76/100 tox|[from] Grassy Terrain
|-heal|p1a: Tapu Bulu|13/100|[from] Grassy Terrain
|-damage|p2a: Urshifu|64/100 tox|[from] psn
|upkeep
|turn|18
|
|t:|1668159002
|move|p2a: Urshifu|Surging Strikes|p1a: Tapu Bulu
|-resisted|p1a: Tapu Bulu
|-crit|p1a: Tapu Bulu
|-damage|p1a: Tapu Bulu|0 fnt
|faint|p1a: Tapu Bulu
|-hitcount|p1: Tapu Bulu|1
|
|-heal|p2a: Urshifu|70/100 tox|[from] Grassy Terrain
|-damage|p2a: Urshifu|51/100 tox|[from] psn
|upkeep
|
|t:|1668159007
|switch|p1a: Dragapult|Dragapult, M|65/100
|-damage|p1a: Dragapult|53/100|[from] Stealth Rock
|turn|19
|
|t:|1668159012
|switch|p2a: Landorus|Landorus-Therian, M|55/100
|-damage|p2a: Landorus|42/100|[from] Stealth Rock
|-ability|p2a: Landorus|Intimidate|boost
|-unboost|p1a: Dragapult|atk|1
|move|p1a: Dragapult|Shadow Ball|p2a: Landorus
|-damage|p2a: Landorus|0 fnt
|faint|p2a: Landorus
|
|-heal|p1a: Dragapult|59/100|[from] Grassy Terrain
|upkeep
|
|t:|1668159017
|switch|p2a: Melmetal|Melmetal|100/100
|-damage|p2a: Melmetal|94/100|[from] Stealth Rock
|turn|20
|j| wdz999
|
|t:|1668159023
|switch|p1a: Heatran|Heatran, F|74/100
|-damage|p1a: Heatran|62/100|[from] Stealth Rock
|move|p2a: Melmetal|Double Iron Bash|p1a: Heatran
|-resisted|p1a: Heatran
|-damage|p1a: Heatran|54/100
|-resisted|p1a: Heatran
|-damage|p1a: Heatran|46/100
|-status|p2a: Melmetal|brn|[from] ability: Flame Body|[of] p1a: Heatran
|-hitcount|p1a: Heatran|2
|
|-heal|p1a: Heatran|52/100|[from] Grassy Terrain
|-heal|p1a: Heatran|58/100|[from] item: Leftovers
|-heal|p2a: Melmetal|100/100 brn|[from] Grassy Terrain
|-damage|p2a: Melmetal|94/100 brn|[from] brn
|upkeep
|turn|21
|
|t:|1668159026
|move|p1a: Heatran|Magma Storm|p2a: Melmetal
|-supereffective|p2a: Melmetal
|-damage|p2a: Melmetal|11/100 brn
|-activate|p2a: Melmetal|move: Magma Storm|[of] p1a: Heatran
|move|p2a: Melmetal|Earthquake|p1a: Heatran
|-supereffective|p1a: Heatran
|-damage|p1a: Heatran|26/100
|
|-heal|p1a: Heatran|33/100|[from] Grassy Terrain
|-heal|p1a: Heatran|39/100|[from] item: Leftovers
|-heal|p2a: Melmetal|17/100 brn|[from] Grassy Terrain
|-heal|p2a: Melmetal|23/100 brn|[from] item: Leftovers
|-damage|p2a: Melmetal|17/100 brn|[from] brn
|-damage|p2a: Melmetal|5/100 brn|[from] move: Magma Storm|[partiallytrapped]
|-fieldend|move: Grassy Terrain
|upkeep
|turn|22
|
|t:|1668159041
|move|p1a: Heatran|Earth Power|p2a: Melmetal
|-supereffective|p2a: Melmetal
|-damage|p2a: Melmetal|0 fnt
|faint|p2a: Melmetal
|
|-heal|p1a: Heatran|45/100|[from] item: Leftovers
|upkeep
|
|t:|1668159048
|switch|p2a: Urshifu|Urshifu-Rapid-Strike, M|51/100 tox
|-damage|p2a: Urshifu|45/100 tox|[from] Stealth Rock
|turn|23
|
|t:|1668159058
|switch|p1a: Garchomp|Garchomp, M|100/100
|-damage|p1a: Garchomp|94/100|[from] Stealth Rock
|move|p2a: Urshifu|Surging Strikes|p1a: Garchomp
|-crit|p1a: Garchomp
|-damage|p1a: Garchomp|66/100
|-damage|p2a: Urshifu|33/100 tox|[from] ability: Rough Skin|[of] p1a: Garchomp
|-crit|p1a: Garchomp
|-damage|p1a: Garchomp|38/100
|-damage|p2a: Urshifu|20/100 tox|[from] ability: Rough Skin|[of] p1a: Garchomp
|-crit|p1a: Garchomp
|-damage|p1a: Garchomp|10/100
|-damage|p2a: Urshifu|8/100 tox|[from] ability: Rough Skin|[of] p1a: Garchomp
|-hitcount|p1a: Garchomp|3
|
|-heal|p1a: Garchomp|16/100|[from] item: Leftovers
|-damage|p2a: Urshifu|2/100 tox|[from] psn
|upkeep
|turn|24
|
|t:|1668159073
|switch|p2a: Tapu Lele|Tapu Lele|43/100
|-damage|p2a: Tapu Lele|30/100|[from] Stealth Rock
|-fieldstart|move: Psychic Terrain|[from] ability: Psychic Surge|[of] p2a: Tapu Lele
|move|p1a: Garchomp|Scale Shot|p2a: Tapu Lele
|-immune|p2a: Tapu Lele
|
|-heal|p1a: Garchomp|23/100|[from] item: Leftovers
|upkeep
|turn|25
|
|t:|1668159080
|move|p2a: Tapu Lele|Moonblast|p1a: Garchomp
|-supereffective|p1a: Garchomp
|-damage|p1a: Garchomp|0 fnt
|faint|p1a: Garchomp
|
|upkeep
|
|t:|1668159083
|switch|p1a: Heatran|Heatran, F|45/100
|-damage|p1a: Heatran|33/100|[from] Stealth Rock
|turn|26
|
|t:|1668159090
|switch|p2a: Urshifu|Urshifu-Rapid-Strike, M|2/100 tox
|-damage|p2a: Urshifu|0 fnt|[from] Stealth Rock
|faint|p2a: Urshifu
|move|p1a: Heatran|Earth Power|p2: Urshifu|[notarget]
|-fail|p1a: Heatran
|
|-heal|p1a: Heatran|39/100|[from] item: Leftovers
|upkeep
|
|t:|1668159092
|switch|p2a: Dragapult|Dragapult, M|94/100
|-damage|p2a: Dragapult|82/100|[from] Stealth Rock
|turn|27
|
|t:|1668159097
|switch|p1a: Dragapult|Dragapult, M|59/100
|-damage|p1a: Dragapult|47/100|[from] Stealth Rock
|move|p2a: Dragapult|Draco Meteor|p1a: Dragapult
|-supereffective|p1a: Dragapult
|-damage|p1a: Dragapult|0 fnt
|-unboost|p2a: Dragapult|spa|2
|faint|p1a: Dragapult
|
|upkeep
|
|t:|1668159099
|switch|p1a: Moltres|Moltres-Galar|75/100
|turn|28
|
|t:|1668159104
|move|p2a: Dragapult|Draco Meteor|p1a: Moltres
|-damage|p1a: Moltres|36/100
|-unboost|p2a: Dragapult|spa|2
|-ability|p1a: Moltres|Berserk|boost
|-boost|p1a: Moltres|spa|1
|move|p1a: Moltres|Agility|p1a: Moltres
|-boost|p1a: Moltres|spe|2
|
|-fieldend|move: Psychic Terrain
|upkeep
|turn|29
|
|t:|1668159107
|move|p1a: Moltres|Fiery Wrath|p2a: Dragapult
|-supereffective|p2a: Dragapult
|-damage|p2a: Dragapult|0 fnt
|faint|p2a: Dragapult
|
|upkeep
|-message|winter lanterns forfeited.
|
|win|SuceurdePoussiere
|raw|SuceurdePoussiere's rating: 1750 &rarr; <strong>1772</strong><br />(+22 for winning)
|raw|winter lanterns's rating: 1781 &rarr; <strong>1759</strong><br />(-22 for losing)
|l|☆winter lanterns
|l| wdz999
|l| broked on bricks
||Ladder isn't responding, score probably updated but might not have (Request timeout).
|l| QiYu0
|l|☆SuceurdePoussiere
|j|☆SuceurdePoussiere
|player|p1|SuceurdePoussiere|elesa-masters
