|j|☆wsdfg
|j|☆mcp3
|inactive|Battle timer is ON: inactive players will automatically lose when time's up.
|t:|1614648532
|player|p1|wsdfg|burglar|
|player|p2|mcp3|acetrainersnowf|
|teamsize|p1|6
|teamsize|p2|6
|gametype|singles
|gen|8
|tier|[Gen 8] OU
|rated|Tournament battle
|clearpoke
|poke|p1|Dragapult, M|
|poke|p1|Reuniclus, M|
|poke|p1|Skarmory, F|
|poke|p1|Toxapex, M|
|poke|p1|Blissey, F|
|poke|p1|Landorus-Therian, M|
|poke|p2|Ferrothorn, M|
|poke|p2|Kyurem|
|poke|p2|Corviknight, M|
|poke|p2|Heatran, M|
|poke|p2|Slowking, F|
|poke|p2|Melmetal|
|rule|Sleep Clause Mod: Limit one foe put to sleep
|rule|Species Clause: Limit one of each Pokémon
|rule|OHKO Clause: OHKO moves are banned
|rule|Evasion Moves Clause: Evasion moves are banned
|rule|Endless Battle Clause: Forcing endless battles is banned
|rule|HP Percentage Mod: HP is shown in percentages
|rule|Dynamax Clause: You cannot dynamax
|teampreview
|c|☆mcp3|hf
|j|#Ox the Fox
|j| buteko
|c|☆wsdfg|u too
|inactive|wsdfg has 120 seconds left.
|inactive|mcp3 has 120 seconds left.
|
|t:|1614648563
|start
|switch|p1a: Landorus|Landorus-Therian, M|100/100
|switch|p2a: Slowking|Slowking, F|100/100
|-ability|p1a: Landorus|Intimidate|boost
|-unboost|p2a: Slowking|atk|1
|turn|1
|
|t:|1614648566
|move|p1a: Landorus|U-turn|p2a: Slowking
|-supereffective|p2a: Slowking
|-damage|p2a: Slowking|56/100
|
|t:|1614648569
|switch|p1a: Blissey|Blissey, F|100/100|[from]move: U-turn
|move|p2a: Slowking|Scald|p1a: Blissey
|-damage|p1a: Blissey|91/100
|
|upkeep
|turn|2
|
|t:|1614648572
|move|p2a: Slowking|Slack Off|p2a: Slowking
|-heal|p2a: Slowking|100/100
|move|p1a: Blissey|Teleport|p1a: Blissey
|
|t:|1614648577
|switch|p1a: Dragapult|Dragapult, M|100/100|[from]move: Teleport
|
|upkeep
|turn|3
|j| 30GXENOOB
|
|t:|1614648579
|move|p1a: Dragapult|Substitute|p1a: Dragapult
|-start|p1a: Dragapult|Substitute
|-damage|p1a: Dragapult|76/100
|move|p2a: Slowking|Future Sight|p1a: Dragapult
|-start|p2a: Slowking|move: Future Sight
|
|-heal|p1a: Dragapult|82/100|[from] item: Leftovers
|upkeep
|turn|4
|
|t:|1614648583
|move|p1a: Dragapult|Will-O-Wisp|p2a: Slowking
|-status|p2a: Slowking|brn
|move|p2a: Slowking|Teleport|p2a: Slowking
|
|t:|1614648586
|switch|p2a: Heatran|Heatran, M|100/100|[from]move: Teleport
|
|-heal|p1a: Dragapult|88/100|[from] item: Leftovers
|upkeep
|turn|5
|
|t:|1614648596
|move|p1a: Dragapult|Hex|p2a: Heatran
|-damage|p2a: Heatran|75/100
|move|p2a: Heatran|Magma Storm|p1a: Dragapult
|-resisted|p1a: Dragapult
|-crit|p1a: Dragapult
|-end|p1a: Dragapult|Substitute
|
|-end|p1a: Dragapult|move: Future Sight
|-damage|p1a: Dragapult|29/100
|-heal|p1a: Dragapult|35/100|[from] item: Leftovers
|-heal|p2a: Heatran|81/100|[from] item: Leftovers
|upkeep
|turn|6
|
|t:|1614648606
|switch|p1a: Toxapex|Toxapex, M|100/100
|move|p2a: Heatran|Magma Storm|p1a: Toxapex
|-resisted|p1a: Toxapex
|-damage|p1a: Toxapex|85/100
|-activate|p1a: Toxapex|move: Magma Storm|[of] p2a: Heatran
|
|-heal|p2a: Heatran|87/100|[from] item: Leftovers
|-damage|p1a: Toxapex|72/100|[from] move: Magma Storm|[partiallytrapped]
|upkeep
|turn|7
|
|t:|1614648613
|move|p2a: Heatran|Earth Power|p1a: Toxapex
|-supereffective|p1a: Toxapex
|-damage|p1a: Toxapex|33/100
|move|p1a: Toxapex|Knock Off|p2a: Heatran
|-damage|p2a: Heatran|74/100
|-enditem|p2a: Heatran|Leftovers|[from] move: Knock Off|[of] p1a: Toxapex
|
|-damage|p1a: Toxapex|20/100|[from] move: Magma Storm|[partiallytrapped]
|upkeep
|turn|8
|j| trollllordd
|
|t:|1614648619
|switch|p1a: Blissey|Blissey, F|91/100
|move|p2a: Heatran|Earth Power|p1a: Blissey
|-damage|p1a: Blissey|82/100
|
|upkeep
|turn|9
|
|t:|1614648625
|switch|p2a: Ferrothorn|Ferrothorn, M|100/100
|move|p1a: Blissey|Seismic Toss|p2a: Ferrothorn
|-damage|p2a: Ferrothorn|72/100
|-damage|p1a: Blissey|70/100|[from] ability: Iron Barbs|[of] p2a: Ferrothorn
|
|-heal|p2a: Ferrothorn|78/100|[from] item: Leftovers
|upkeep
|turn|10
|
|t:|1614648629
|switch|p1a: Skarmory|Skarmory, F|100/100
|move|p2a: Ferrothorn|Spikes|p1a: Skarmory
|-sidestart|p1: wsdfg|Spikes
|
|-heal|p2a: Ferrothorn|85/100|[from] item: Leftovers
|upkeep
|turn|11
|j| Delibird❤>Rayquaza
|
|t:|1614648634
|move|p1a: Skarmory|Spikes|p2a: Ferrothorn
|-sidestart|p2: mcp3|Spikes
|move|p2a: Ferrothorn|Leech Seed|p1a: Skarmory
|-start|p1a: Skarmory|move: Leech Seed
|
|-heal|p2a: Ferrothorn|91/100|[from] item: Leftovers
|-damage|p1a: Skarmory|88/100|[from] Leech Seed|[of] p2a: Ferrothorn
|-heal|p2a: Ferrothorn|100/100|[silent]
|upkeep
|turn|12
|
|t:|1614648641
|switch|p1a: Reuniclus|Reuniclus, M|100/100
|switch|p2a: Heatran|Heatran, M|74/100
|-damage|p2a: Heatran|62/100|[from] Spikes
|
|upkeep
|turn|13
|j| Lost again
|
|t:|1614648646
|switch|p2a: Slowking|Slowking, F|100/100 brn
|switch|p1a: Blissey|Blissey, F|70/100
|
|-damage|p2a: Slowking|94/100 brn|[from] brn
|upkeep
|turn|14
|j| Zombini62
|
|t:|1614648650
|move|p2a: Slowking|Future Sight|p1a: Blissey
|-start|p2a: Slowking|move: Future Sight
|move|p1a: Blissey|Teleport|p1a: Blissey
|
|t:|1614648661
|switch|p1a: Skarmory|Skarmory, F|88/100|[from]move: Teleport
|
|-heal|p1a: Skarmory|94/100|[from] item: Leftovers
|-damage|p2a: Slowking|88/100 brn|[from] brn
|upkeep
|turn|15
|
|t:|1614648664
|move|p1a: Skarmory|Spikes|p2a: Slowking
|-sidestart|p2: mcp3|Spikes
|move|p2a: Slowking|Scald|p1a: Skarmory
|-damage|p1a: Skarmory|54/100
|-status|p1a: Skarmory|brn
|
|-heal|p1a: Skarmory|60/100 brn|[from] item: Leftovers
|-damage|p1a: Skarmory|54/100 brn|[from] brn
|-damage|p2a: Slowking|82/100 brn|[from] brn
|upkeep
|turn|16
|j| i love#v#
|
|t:|1614648667
|move|p1a: Skarmory|Roost|p1a: Skarmory
|-heal|p1a: Skarmory|100/100 brn
|-singleturn|p1a: Skarmory|move: Roost
|move|p2a: Slowking|Teleport|p2a: Slowking
|l| i love#v#
|l| 30GXENOOB
|j| Luckpup
|
|t:|1614648678
|switch|p2a: Kyurem|Kyurem|100/100|[from]move: Teleport
|-ability|p2a: Kyurem|Pressure
|
|-end|p1a: Skarmory|move: Future Sight
|-resisted|p1a: Skarmory
|-damage|p1a: Skarmory|71/100 brn
|-heal|p1a: Skarmory|77/100 brn|[from] item: Leftovers
|-damage|p1a: Skarmory|71/100 brn|[from] brn
|upkeep
|turn|17
|
|t:|1614648684
|switch|p1a: Reuniclus|Reuniclus, M|100/100
|move|p2a: Kyurem|Substitute|p2a: Kyurem
|-start|p2a: Kyurem|Substitute
|-damage|p2a: Kyurem|76/100
|
|upkeep
|turn|18
|
|t:|1614648686
|move|p2a: Kyurem|Dragon Dance|p2a: Kyurem
|-boost|p2a: Kyurem|atk|1
|-boost|p2a: Kyurem|spe|1
|move|p1a: Reuniclus|Calm Mind|p1a: Reuniclus
|-boost|p1a: Reuniclus|spa|1
|-boost|p1a: Reuniclus|spd|1
|
|upkeep
|turn|19
|
|t:|1614648689
|move|p2a: Kyurem|Icicle Spear|p1a: Reuniclus
|-damage|p1a: Reuniclus|86/100
|-damage|p1a: Reuniclus|72/100
|-hitcount|p1a: Reuniclus|2
|move|p1a: Reuniclus|Iron Defense|p1a: Reuniclus
|-boost|p1a: Reuniclus|def|2
|
|-heal|p1a: Reuniclus|78/100|[from] item: Leftovers
|upkeep
|turn|20
|l| Luckpup
|c|☆mcp3|welp
|j| tivbu
|
|t:|1614648705
|move|p2a: Kyurem|Dragon Dance|p2a: Kyurem
|-boost|p2a: Kyurem|atk|1
|-boost|p2a: Kyurem|spe|1
|move|p1a: Reuniclus|Calm Mind|p1a: Reuniclus
|-boost|p1a: Reuniclus|spa|1
|-boost|p1a: Reuniclus|spd|1
|
|-heal|p1a: Reuniclus|84/100|[from] item: Leftovers
|upkeep
|turn|21
|
|t:|1614648708
|move|p2a: Kyurem|Icicle Spear|p1a: Reuniclus
|-damage|p1a: Reuniclus|75/100
|-damage|p1a: Reuniclus|65/100
|-hitcount|p1a: Reuniclus|2
|move|p1a: Reuniclus|Iron Defense|p1a: Reuniclus
|-boost|p1a: Reuniclus|def|2
|
|-heal|p1a: Reuniclus|71/100|[from] item: Leftovers
|upkeep
|turn|22
|c| tivbu|uwu
|
|t:|1614648725
|move|p2a: Kyurem|Icicle Spear|p1a: Reuniclus
|-damage|p1a: Reuniclus|64/100
|-damage|p1a: Reuniclus|58/100
|-hitcount|p1a: Reuniclus|2
|move|p1a: Reuniclus|Iron Defense|p1a: Reuniclus
|-boost|p1a: Reuniclus|def|2
|
|-heal|p1a: Reuniclus|64/100|[from] item: Leftovers
|upkeep
|turn|23
|
|t:|1614648727
|move|p2a: Kyurem|Icicle Spear|p1a: Reuniclus
|-damage|p1a: Reuniclus|59/100
|-damage|p1a: Reuniclus|54/100
|-hitcount|p1a: Reuniclus|2
|move|p1a: Reuniclus|Calm Mind|p1a: Reuniclus
|-boost|p1a: Reuniclus|spa|1
|-boost|p1a: Reuniclus|spd|1
|
|-heal|p1a: Reuniclus|60/100|[from] item: Leftovers
|upkeep
|turn|24
|
|t:|1614648729
|move|p2a: Kyurem|Icicle Spear|p1a: Reuniclus
|-damage|p1a: Reuniclus|55/100
|-damage|p1a: Reuniclus|50/100
|-damage|p1a: Reuniclus|45/100
|-damage|p1a: Reuniclus|39/100
|-damage|p1a: Reuniclus|35/100
|-hitcount|p1a: Reuniclus|5
|move|p1a: Reuniclus|Recover|p1a: Reuniclus
|-heal|p1a: Reuniclus|85/100
|
|-heal|p1a: Reuniclus|91/100|[from] item: Leftovers
|upkeep
|turn|25
|
|t:|1614648730
|move|p2a: Kyurem|Icicle Spear|p1a: Reuniclus
|-damage|p1a: Reuniclus|86/100
|-damage|p1a: Reuniclus|81/100
|-damage|p1a: Reuniclus|76/100
|-damage|p1a: Reuniclus|71/100
|-damage|p1a: Reuniclus|66/100
|-hitcount|p1a: Reuniclus|5
|move|p1a: Reuniclus|Calm Mind|p1a: Reuniclus
|-boost|p1a: Reuniclus|spa|1
|-boost|p1a: Reuniclus|spd|1
|
|-heal|p1a: Reuniclus|72/100|[from] item: Leftovers
|upkeep
|turn|26
|
|t:|1614648732
|move|p2a: Kyurem|Dragon Dance|p2a: Kyurem
|-boost|p2a: Kyurem|atk|1
|-boost|p2a: Kyurem|spe|1
|move|p1a: Reuniclus|Recover|p1a: Reuniclus
|-heal|p1a: Reuniclus|100/100
|
|upkeep
|turn|27
|
|t:|1614648735
|move|p2a: Kyurem|Icicle Spear|p1a: Reuniclus
|-damage|p1a: Reuniclus|95/100
|-damage|p1a: Reuniclus|89/100
|-hitcount|p1a: Reuniclus|2
|move|p1a: Reuniclus|Stored Power|p2a: Kyurem
|-end|p2a: Kyurem|Substitute
|
|-heal|p1a: Reuniclus|95/100|[from] item: Leftovers
|upkeep
|turn|28
|c| tivbu|gang
|
|t:|1614648738
|move|p2a: Kyurem|Substitute|p2a: Kyurem
|-start|p2a: Kyurem|Substitute
|-damage|p2a: Kyurem|51/100
|move|p1a: Reuniclus|Stored Power|p2a: Kyurem
|-end|p2a: Kyurem|Substitute
|
|-heal|p1a: Reuniclus|100/100|[from] item: Leftovers
|upkeep
|turn|29
|
|t:|1614648742
|move|p2a: Kyurem|Substitute|p2a: Kyurem
|-start|p2a: Kyurem|Substitute
|-damage|p2a: Kyurem|26/100
|move|p1a: Reuniclus|Stored Power|p2a: Kyurem
|-end|p2a: Kyurem|Substitute
|
|upkeep
|turn|30
|
|t:|1614648748
|move|p2a: Kyurem|Substitute|p2a: Kyurem
|-start|p2a: Kyurem|Substitute
|-damage|p2a: Kyurem|1/100
|move|p1a: Reuniclus|Stored Power|p2a: Kyurem
|-end|p2a: Kyurem|Substitute
|
|upkeep
|turn|31
|
|t:|1614648753
|switch|p2a: Slowking|Slowking, F|100/100 brn
|move|p1a: Reuniclus|Stored Power|p2a: Slowking
|-resisted|p2a: Slowking
|-damage|p2a: Slowking|0 fnt
|faint|p2a: Slowking
|
|upkeep
|
|t:|1614648757
|switch|p2a: Corviknight|Corviknight, M|100/100
|-ability|p2a: Corviknight|Pressure
|turn|32
|
|t:|1614648771
|move|p2a: Corviknight|Defog|p1a: Reuniclus
|-unboost|p1a: Reuniclus|evasion|1
|-sideend|p1: wsdfg|Spikes|[from] move: Defog|[of] p2a: Corviknight
|-sideend|p2: mcp3|Spikes|[from] move: Defog|[of] p2a: Corviknight
|move|p1a: Reuniclus|Stored Power|p2a: Corviknight
|-resisted|p2a: Corviknight
|-damage|p2a: Corviknight|0 fnt
|faint|p2a: Corviknight
|
|upkeep
|
|t:|1614648782
|switch|p2a: Melmetal|Melmetal|100/100
|turn|33
|
|t:|1614648785
|move|p1a: Reuniclus|Stored Power|p2a: Melmetal
|-resisted|p2a: Melmetal
|-damage|p2a: Melmetal|0 fnt
|faint|p2a: Melmetal
|
|upkeep
|
|t:|1614648795
|switch|p2a: Ferrothorn|Ferrothorn, M|100/100
|turn|34
|
|t:|1614648799
|move|p1a: Reuniclus|Stored Power|p2a: Ferrothorn
|-resisted|p2a: Ferrothorn
|-damage|p2a: Ferrothorn|0 fnt
|faint|p2a: Ferrothorn
|
|upkeep
|
|t:|1614648802
|switch|p2a: Heatran|Heatran, M|62/100
|turn|35
|
|t:|1614648804
|move|p2a: Heatran|Stealth Rock|p1a: Reuniclus
|-sidestart|p1: wsdfg|move: Stealth Rock
|move|p1a: Reuniclus|Stored Power|p2a: Heatran
|-resisted|p2a: Heatran
|-damage|p2a: Heatran|0 fnt
|faint|p2a: Heatran
|
|upkeep
|c|☆mcp3|gg
|
|t:|1614648807
|switch|p2a: Kyurem|Kyurem|1/100
|-ability|p2a: Kyurem|Pressure
|turn|36
|c|☆wsdfg|gg
|
|t:|1614648812
|move|p2a: Kyurem|Icicle Spear|p1a: Reuniclus
|-damage|p1a: Reuniclus|98/100
|-crit|p1a: Reuniclus
|-damage|p1a: Reuniclus|83/100
|-damage|p1a: Reuniclus|80/100
|-hitcount|p1a: Reuniclus|3
|move|p1a: Reuniclus|Stored Power|p2a: Kyurem
|-crit|p2a: Kyurem
|-damage|p2a: Kyurem|0 fnt
|faint|p2a: Kyurem
|
|win|wsdfg
|n|☆wsdfg|wsdfg
|n|☆mcp3|mcp3
|n|+Ox the Fox|oxthefox
|n| buteko|buteko
|n| trollllordd|trollllordd
|n| Delibird❤>Rayquaza|delibirdrayquaza
|n| Lost again|lostagain
|n| Zombini62|zombini62
|n| tivbu|tivbu
