|raw|<div class="broadcast-blue"><strong>This battle is required to be public due to a player having a name starting with 'lt81yl'.</div>
|j|☆LT81YL Crow
|j|☆Kanye is batman
|t:|1625505087
|gametype|singles
|player|p1|LT81YL Crow|guitarist-gen4|1641
|player|p2|Kanye is batman|silver|1697
|teamsize|p1|6
|teamsize|p2|6
|gen|8
|tier|[Gen 8] OU
|rated|
|rule|Sleep Clause Mod: Limit one foe put to sleep
|rule|Species Clause: Limit one of each Pokémon
|rule|OHKO Clause: OHKO moves are banned
|rule|Evasion Moves Clause: Evasion moves are banned
|rule|Endless Battle Clause: Forcing endless battles is banned
|rule|HP Percentage Mod: HP is shown in percentages
|rule|Dynamax Clause: You cannot dynamax
|clearpoke
|poke|p1|Tapu Fini|
|poke|p1|Kyurem|
|poke|p1|Hydreigon, M|
|poke|p1|Moltres-Galar|
|poke|p1|Corviknight, M|
|poke|p1|Marowak-Alola, M|
|poke|p2|Pelipper, M|
|poke|p2|Barraskewda, M|
|poke|p2|Ferrothorn, F|
|poke|p2|Seismitoad, M|
|poke|p2|Tapu Koko|
|poke|p2|Tornadus-Therian, M|
|teampreview
|j| Boanerges
|inactive|Battle timer is ON: inactive players will automatically lose when time's up. (requested by Kanye is batman)
|
|t:|1625505099
|start
|switch|p1a: Kyotaro|Kyurem, shiny|100/100
|switch|p2a: Speed Overdose|Tapu Koko|100/100
|-fieldstart|move: Electric Terrain|[from] ability: Electric Surge|[of] p2a: Speed Overdose
|-ability|p1a: Kyotaro|Pressure
|turn|1
|
|t:|1625505110
|move|p2a: Speed Overdose|Volt Switch|p1a: Kyotaro
|-resisted|p1a: Kyotaro
|-damage|p1a: Kyotaro|74/100
|
|t:|1625505114
|switch|p2a: Hates rain|Ferrothorn, F|100/100|[from]move: Volt Switch
|move|p1a: Kyotaro|Ice Beam|p2a: Hates rain
|-damage|p2a: Hates rain|34/100
|
|-heal|p2a: Hates rain|40/100|[from] item: Leftovers
|upkeep
|turn|2
|
|t:|1625505125
|switch|p2a: Tornadus|Tornadus-Therian, M|100/100
|move|p1a: Kyotaro|Ice Beam|p2a: Tornadus
|-supereffective|p2a: Tornadus
|-damage|p2a: Tornadus|0 fnt
|faint|p2a: Tornadus
|
|upkeep
|
|t:|1625505127
|switch|p2a: Speed Overdose|Tapu Koko|100/100
|turn|3
|
|t:|1625505132
|switch|p1a: Phantom|Marowak-Alola, M, shiny|100/100
|move|p2a: Speed Overdose|Dazzling Gleam|p1a: Phantom
|-resisted|p1a: Phantom
|-damage|p1a: Phantom|64/100
|
|upkeep
|turn|4
|
|t:|1625505140
|switch|p2a: Big Gulp sponsor|Pelipper, M|100/100
|-weather|RainDance|[from] ability: Drizzle|[of] p2a: Big Gulp sponsor
|move|p1a: Phantom|Poltergeist|p2a: Big Gulp sponsor
|-activate|p2a: Big Gulp sponsor|move: Poltergeist|Damp Rock
|-damage|p2a: Big Gulp sponsor|30/100
|
|-weather|RainDance|[upkeep]
|upkeep
|turn|5
|
|t:|1625505147
|move|p2a: Big Gulp sponsor|Scald|p1a: Phantom
|-supereffective|p1a: Phantom
|-damage|p1a: Phantom|0 fnt
|faint|p1a: Phantom
|
|-weather|RainDance|[upkeep]
|-fieldend|move: Electric Terrain
|upkeep
|
|t:|1625505151
|switch|p1a: Kyotaro|Kyurem, shiny|74/100
|-ability|p1a: Kyotaro|Pressure
|turn|6
|
|t:|1625505156
|switch|p2a: Hates rain|Ferrothorn, F|40/100
|move|p1a: Kyotaro|Ice Beam|p2a: Hates rain
|-damage|p2a: Hates rain|0 fnt
|faint|p2a: Hates rain
|
|-weather|RainDance|[upkeep]
|upkeep
|
|t:|1625505159
|switch|p2a: Speed Overdose|Tapu Koko|100/100
|-fieldstart|move: Electric Terrain|[from] ability: Electric Surge|[of] p2a: Speed Overdose
|turn|7
|
|t:|1625505173
|switch|p1a: Raven|Tapu Fini, shiny|100/100
|-fieldstart|move: Misty Terrain|[from] ability: Misty Surge|[of] p1a: Raven
|move|p2a: Speed Overdose|Volt Switch|p1a: Raven
|-supereffective|p1a: Raven
|-damage|p1a: Raven|15/100
|
|t:|1625505179
|switch|p2a: One fish two fish|Barraskewda, M|100/100|[from]move: Volt Switch
|
|-weather|RainDance|[upkeep]
|upkeep
|turn|8
|
|t:|1625505185
|move|p2a: One fish two fish|Flip Turn|p1a: Raven
|-resisted|p1a: Raven
|-damage|p1a: Raven|0 fnt
|faint|p1a: Raven
|
|t:|1625505189
|switch|p2a: Speed Overdose|Tapu Koko|100/100|[from]move: Flip Turn
|-fieldstart|move: Electric Terrain|[from] ability: Electric Surge|[of] p2a: Speed Overdose
|
|-weather|RainDance|[upkeep]
|upkeep
|
|t:|1625505205
|switch|p1a: Kyotaro|Kyurem, shiny|74/100
|-ability|p1a: Kyotaro|Pressure
|turn|9
|
|t:|1625505209
|move|p2a: Speed Overdose|Dazzling Gleam|p1a: Kyotaro
|-supereffective|p1a: Kyotaro
|-damage|p1a: Kyotaro|0 fnt
|faint|p1a: Kyotaro
|
|-weather|RainDance|[upkeep]
|upkeep
|
|t:|1625505215
|switch|p1a: Yami|Corviknight, M, shiny|100/100
|turn|10
|
|t:|1625505221
|switch|p2a: Agent ¥|Seismitoad, M|100/100
|move|p1a: Yami|Bulk Up|p1a: Yami
|-boost|p1a: Yami|atk|1
|-boost|p1a: Yami|def|1
|
|-weather|RainDance|[upkeep]
|upkeep
|turn|11
|
|t:|1625505226
|move|p2a: Agent ¥|Surf|p1a: Yami
|-damage|p1a: Yami|49/100
|-damage|p2a: Agent ¥|91/100|[from] item: Life Orb
|move|p1a: Yami|Agility|p1a: Yami
|-boost|p1a: Yami|spe|2
|
|-weather|none
|upkeep
|turn|12
|
|t:|1625505236
|switch|p2a: Speed Overdose|Tapu Koko|100/100
|move|p1a: Yami|Roost|p1a: Yami
|-heal|p1a: Yami|99/100
|-singleturn|p1a: Yami|move: Roost
|
|-fieldend|move: Electric Terrain
|upkeep
|turn|13
|
|t:|1625505241
|move|p2a: Speed Overdose|Volt Switch|p1a: Yami
|-supereffective|p1a: Yami
|-damage|p1a: Yami|43/100
|-enditem|p1a: Yami|Weakness Policy
|-boost|p1a: Yami|atk|2|[from] item: Weakness Policy
|-boost|p1a: Yami|spa|2|[from] item: Weakness Policy
|
|t:|1625505247
|switch|p2a: Big Gulp sponsor|Pelipper, M|30/100|[from]move: Volt Switch
|-weather|RainDance|[from] ability: Drizzle|[of] p2a: Big Gulp sponsor
|move|p1a: Yami|Agility|p1a: Yami
|-boost|p1a: Yami|spe|2
|
|-weather|RainDance|[upkeep]
|upkeep
|turn|14
|
|t:|1625505264
|move|p1a: Yami|Roost|p1a: Yami
|-heal|p1a: Yami|93/100
|-singleturn|p1a: Yami|move: Roost
|move|p2a: Big Gulp sponsor|U-turn|p1a: Yami
|-resisted|p1a: Yami
|-damage|p1a: Yami|90/100
|
|t:|1625505266
|switch|p2a: Speed Overdose|Tapu Koko|100/100|[from]move: U-turn
|-fieldstart|move: Electric Terrain|[from] ability: Electric Surge|[of] p2a: Speed Overdose
|
|-weather|RainDance|[upkeep]
|upkeep
|turn|15
|
|t:|1625505279
|move|p1a: Yami|Agility|p1a: Yami
|-boost|p1a: Yami|spe|2
|move|p2a: Speed Overdose|Thunder|p1a: Yami
|-supereffective|p1a: Yami
|-damage|p1a: Yami|0 fnt
|faint|p1a: Yami
|
|-weather|RainDance|[upkeep]
|upkeep
|
|t:|1625505283
|switch|p1a: Hybrid|Hydreigon, M, shiny|100/100
|turn|16
|
|t:|1625505294
|move|p1a: Hybrid|Earth Power|p2a: Speed Overdose
|-supereffective|p2a: Speed Overdose
|-damage|p2a: Speed Overdose|0 fnt
|faint|p2a: Speed Overdose
|
|-weather|RainDance|[upkeep]
|upkeep
|
|t:|1625505298
|switch|p2a: One fish two fish|Barraskewda, M|100/100
|turn|17
|
|t:|1625505302
|move|p2a: One fish two fish|Close Combat|p1a: Hybrid
|-supereffective|p1a: Hybrid
|-damage|p1a: Hybrid|0 fnt
|-unboost|p2a: One fish two fish|def|1
|-unboost|p2a: One fish two fish|spd|1
|faint|p1a: Hybrid
|
|-weather|RainDance|[upkeep]
|upkeep
|
|t:|1625505309
|switch|p1a: Dark Lugia|Moltres-Galar|100/100
|turn|18
|
|t:|1625505312
|switch|p2a: Agent ¥|Seismitoad, M|91/100
|move|p1a: Dark Lugia|Agility|p1a: Dark Lugia
|-boost|p1a: Dark Lugia|spe|2
|
|-weather|RainDance|[upkeep]
|-fieldend|move: Electric Terrain
|upkeep
|turn|19
|
|t:|1625505319
|move|p2a: Agent ¥|Surf|p1a: Dark Lugia
|-damage|p1a: Dark Lugia|43/100
|-ability|p1a: Dark Lugia|Berserk|boost
|-boost|p1a: Dark Lugia|spa|1
|-damage|p2a: Agent ¥|81/100|[from] item: Life Orb
|move|p1a: Dark Lugia|Agility|p1a: Dark Lugia
|-boost|p1a: Dark Lugia|spe|2
|
|-weather|RainDance|[upkeep]
|upkeep
|turn|20
|
|t:|1625505336
|move|p1a: Dark Lugia|Fiery Wrath|p2a: Agent ¥
|-damage|p2a: Agent ¥|3/100
|move|p2a: Agent ¥|Surf|p1a: Dark Lugia
|-damage|p1a: Dark Lugia|0 fnt
|faint|p1a: Dark Lugia
|-damage|p2a: Agent ¥|0 fnt|[from] item: Life Orb
|faint|p2a: Agent ¥
|
|win|Kanye is batman
|raw|LT81YL Crow's rating: 1641 &rarr; <strong>1624</strong><br />(-17 for losing)
|raw|Kanye is batman's rating: 1697 &rarr; <strong>1714</strong><br />(+17 for winning)
|c|☆Kanye is batman|gg
|l|☆LT81YL Crow
||Ladder isn't responding, score probably updated but might not have (Request timeout).
