|j|☆Q114
|j|☆Armandeoxys
|player|p1|Q114|102|1719
|player|p2|Armandeoxys|266|1759
|teamsize|p1|6
|teamsize|p2|6
|gametype|singles
|gen|8
|tier|[Gen 8] OU
|rated|
|clearpoke
|poke|p1|Toxapex, F|
|poke|p1|Ferrothorn, F|
|poke|p1|Seismitoad, F|
|poke|p1|Tyranitar, F|
|poke|p1|Clefable, F|
|poke|p1|Corviknight, M|
|poke|p2|Cinderace, M|
|poke|p2|Bisharp, F|
|poke|p2|Excadrill, M|
|poke|p2|Kyurem|
|poke|p2|Toxapex, M|
|poke|p2|Dragapult, F|
|rule|Sleep Clause Mod: Limit one foe put to sleep
|rule|Species Clause: Limit one of each Pokémon
|rule|OHKO Clause: OHKO moves are banned
|rule|Evasion Moves Clause: Evasion moves are banned
|rule|Endless Battle Clause: Forcing endless battles is banned
|rule|HP Percentage Mod: HP is shown in percentages
|rule|Dynamax Clause: You cannot dynamax
|teampreview
|
|start
|switch|p1a: Toxapex|Toxapex, F|100/100
|switch|p2a: Dragapult|Dragapult, F|100/100
|turn|1
|
|move|p2a: Dragapult|Substitute|p2a: Dragapult
|-start|p2a: Dragapult|Substitute
|-damage|p2a: Dragapult|76/100
|move|p1a: Toxapex|Knock Off|p2a: Dragapult
|-supereffective|p2a: Dragapult
|-end|p2a: Dragapult|Substitute
|
|-heal|p2a: Dragapult|82/100|[from] item: Leftovers
|upkeep
|turn|2
|
|move|p2a: Dragapult|Disable|p1a: Toxapex
|-start|p1a: Toxapex|Disable|Knock Off
|cant|p1a: Toxapex|Disable|Knock Off
|
|-heal|p2a: Dragapult|88/100|[from] item: Leftovers
|upkeep
|turn|3
|
|move|p2a: Dragapult|Substitute|p2a: Dragapult
|-start|p2a: Dragapult|Substitute
|-damage|p2a: Dragapult|63/100
|move|p1a: Toxapex|Poison Jab|p2a: Dragapult
|-resisted|p2a: Dragapult
|-activate|p2a: Dragapult|move: Substitute|[damage]
|
|-heal|p2a: Dragapult|69/100|[from] item: Leftovers
|upkeep
|turn|4
|inactive|Battle timer is ON: inactive players will automatically lose when time's up. (requested by Armandeoxys)
|
|move|p2a: Dragapult|Thunder Wave|p1a: Toxapex
|-status|p1a: Toxapex|par
|move|p1a: Toxapex|Scald|p2a: Dragapult
|-resisted|p2a: Dragapult
|-activate|p2a: Dragapult|move: Substitute|[damage]
|
|-heal|p2a: Dragapult|75/100|[from] item: Leftovers
|upkeep
|turn|5
|
|move|p2a: Dragapult|Hex|p1a: Toxapex
|-damage|p1a: Toxapex|63/100 par
|move|p1a: Toxapex|Scald|p2a: Dragapult
|-resisted|p2a: Dragapult
|-end|p2a: Dragapult|Substitute
|
|-heal|p2a: Dragapult|81/100|[from] item: Leftovers
|-heal|p1a: Toxapex|68/100 par|[from] item: Black Sludge
|-end|p1a: Toxapex|Disable
|upkeep
|turn|6
|
|move|p2a: Dragapult|Substitute|p2a: Dragapult
|-start|p2a: Dragapult|Substitute
|-damage|p2a: Dragapult|56/100
|move|p1a: Toxapex|Knock Off|p2a: Dragapult
|-supereffective|p2a: Dragapult
|-end|p2a: Dragapult|Substitute
|
|-heal|p2a: Dragapult|63/100|[from] item: Leftovers
|-heal|p1a: Toxapex|74/100 par|[from] item: Black Sludge
|upkeep
|turn|7
|
|switch|p1a: Ferrothorn|Ferrothorn, F|100/100
|move|p2a: Dragapult|Disable||[still]
|-fail|p2a: Dragapult
|
|-heal|p2a: Dragapult|69/100|[from] item: Leftovers
|upkeep
|turn|8
|
|move|p2a: Dragapult|Thunder Wave|p1a: Ferrothorn|[miss]
|-miss|p2a: Dragapult|p1a: Ferrothorn
|move|p1a: Ferrothorn|Knock Off|p2a: Dragapult
|-supereffective|p2a: Dragapult
|-damage|p2a: Dragapult|23/100
|-enditem|p2a: Dragapult|Leftovers|[from] move: Knock Off|[of] p1a: Ferrothorn
|
|upkeep
|turn|9
|
|switch|p1a: Tyranitar|Tyranitar, F|100/100
|-weather|Sandstorm|[from] ability: Sand Stream|[of] p1a: Tyranitar
|move|p2a: Dragapult|Thunder Wave|p1a: Tyranitar
|-status|p1a: Tyranitar|par
|
|-weather|Sandstorm|[upkeep]
|-damage|p2a: Dragapult|17/100|[from] Sandstorm
|upkeep
|turn|10
|
|switch|p1a: Corviknight|Corviknight, M|100/100
|-ability|p1a: Corviknight|Pressure
|move|p2a: Dragapult|Hex|p1a: Corviknight
|-damage|p1a: Corviknight|76/100
|
|-weather|Sandstorm|[upkeep]
|-damage|p2a: Dragapult|11/100|[from] Sandstorm
|upkeep
|turn|11
|j| soggy pigs
|
|move|p2a: Dragapult|Thunder Wave|p1a: Corviknight
|-status|p1a: Corviknight|par
|move|p1a: Corviknight|Roost|p1a: Corviknight
|-heal|p1a: Corviknight|100/100 par
|-singleturn|p1a: Corviknight|move: Roost
|
|-weather|Sandstorm|[upkeep]
|-damage|p2a: Dragapult|4/100|[from] Sandstorm
|upkeep
|turn|12
|
|switch|p1a: Seismitoad|Seismitoad, F|100/100
|move|p2a: Dragapult|Disable||[still]
|-fail|p2a: Dragapult
|
|-weather|Sandstorm|[upkeep]
|-damage|p2a: Dragapult|0 fnt|[from] Sandstorm
|faint|p2a: Dragapult
|upkeep
|
|switch|p2a: Kyurem|Kyurem|100/100
|-ability|p2a: Kyurem|Pressure
|turn|13
|
|switch|p1a: Ferrothorn|Ferrothorn, F|100/100
|move|p2a: Kyurem|Substitute|p2a: Kyurem
|-start|p2a: Kyurem|Substitute
|-damage|p2a: Kyurem|76/100
|
|-weather|none
|-heal|p2a: Kyurem|82/100|[from] item: Leftovers
|upkeep
|turn|14
|j| MaleShinyGardevoir
|j| Botez Fan Club
|
|move|p2a: Kyurem|Dragon Dance|p2a: Kyurem
|-boost|p2a: Kyurem|atk|1
|-boost|p2a: Kyurem|spe|1
|move|p1a: Ferrothorn|Knock Off|p2a: Kyurem
|-activate|p2a: Kyurem|move: Substitute|[damage]
|
|-heal|p2a: Kyurem|88/100|[from] item: Leftovers
|upkeep
|turn|15
|j| imaswagman
|
|move|p2a: Kyurem|Dragon Dance|p2a: Kyurem
|-boost|p2a: Kyurem|atk|1
|-boost|p2a: Kyurem|spe|1
|move|p1a: Ferrothorn|Spikes|p2a: Kyurem
|-sidestart|p2: Armandeoxys|Spikes
|
|-heal|p2a: Kyurem|94/100|[from] item: Leftovers
|upkeep
|turn|16
|j| Blop_Le_Slime
|
|switch|p1a: Clefable|Clefable, F|100/100
|move|p2a: Kyurem|Dragon Dance|p2a: Kyurem
|-boost|p2a: Kyurem|atk|1
|-boost|p2a: Kyurem|spe|1
|
|-heal|p2a: Kyurem|99/100|[from] item: Leftovers
|upkeep
|turn|17
|
|move|p2a: Kyurem|Icicle Spear|p1a: Clefable
|-damage|p1a: Clefable|89/100
|-damage|p1a: Clefable|78/100
|-damage|p1a: Clefable|67/100
|-hitcount|p1a: Clefable|3
|move|p1a: Clefable|Aromatherapy|p1a: Clefable
|-activate|p1a: Clefable|move: Aromatherapy
|-curestatus|p1: Toxapex|par|[msg]
|-curestatus|p1: Corviknight|par|[msg]
|-curestatus|p1: Tyranitar|par|[msg]
|
|-heal|p2a: Kyurem|100/100|[from] item: Leftovers
|-heal|p1a: Clefable|73/100|[from] item: Leftovers
|upkeep
|turn|18
|
|move|p2a: Kyurem|Icicle Spear|p1a: Clefable
|-damage|p1a: Clefable|62/100
|-damage|p1a: Clefable|50/100
|-hitcount|p1a: Clefable|2
|move|p1a: Clefable|Moonblast|p2a: Kyurem
|-supereffective|p2a: Kyurem
|-end|p2a: Kyurem|Substitute
|
|-heal|p1a: Clefable|56/100|[from] item: Leftovers
|upkeep
|turn|19
|
|move|p2a: Kyurem|Substitute|p2a: Kyurem
|-start|p2a: Kyurem|Substitute
|-damage|p2a: Kyurem|76/100
|move|p1a: Clefable|Wish|p1a: Clefable
|
|-heal|p2a: Kyurem|82/100|[from] item: Leftovers
|-heal|p1a: Clefable|63/100|[from] item: Leftovers
|upkeep
|turn|20
|
|move|p2a: Kyurem|Dragon Dance|p2a: Kyurem
|-boost|p2a: Kyurem|atk|1
|-boost|p2a: Kyurem|spe|1
|move|p1a: Clefable|Moonblast|p2a: Kyurem
|-supereffective|p2a: Kyurem
|-end|p2a: Kyurem|Substitute
|
|-heal|p1a: Clefable|100/100|[from] move: Wish|[wisher] Clefable
|-heal|p2a: Kyurem|88/100|[from] item: Leftovers
|upkeep
|turn|21
|j| Hajimi
|
|move|p2a: Kyurem|Substitute|p2a: Kyurem
|-start|p2a: Kyurem|Substitute
|-damage|p2a: Kyurem|63/100
|move|p1a: Clefable|Moonblast|p2a: Kyurem
|-supereffective|p2a: Kyurem
|-end|p2a: Kyurem|Substitute
|
|-heal|p2a: Kyurem|69/100|[from] item: Leftovers
|upkeep
|turn|22
|
|move|p2a: Kyurem|Substitute|p2a: Kyurem
|-start|p2a: Kyurem|Substitute
|-damage|p2a: Kyurem|44/100
|move|p1a: Clefable|Moonblast|p2a: Kyurem
|-supereffective|p2a: Kyurem
|-end|p2a: Kyurem|Substitute
|
|-heal|p2a: Kyurem|50/100|[from] item: Leftovers
|upkeep
|turn|23
|
|move|p2a: Kyurem|Roost|p2a: Kyurem
|-heal|p2a: Kyurem|100/100
|-singleturn|p2a: Kyurem|move: Roost
|move|p1a: Clefable|Moonblast|p2a: Kyurem
|-supereffective|p2a: Kyurem
|-damage|p2a: Kyurem|50/100
|
|-heal|p2a: Kyurem|56/100|[from] item: Leftovers
|upkeep
|turn|24
|
|move|p2a: Kyurem|Roost|p2a: Kyurem
|-heal|p2a: Kyurem|100/100
|-singleturn|p2a: Kyurem|move: Roost
|move|p1a: Clefable|Moonblast|p2a: Kyurem
|-supereffective|p2a: Kyurem
|-damage|p2a: Kyurem|46/100
|
|-heal|p2a: Kyurem|52/100|[from] item: Leftovers
|upkeep
|turn|25
|
|move|p2a: Kyurem|Roost|p2a: Kyurem
|-heal|p2a: Kyurem|100/100
|-singleturn|p2a: Kyurem|move: Roost
|move|p1a: Clefable|Moonblast|p2a: Kyurem
|-supereffective|p2a: Kyurem
|-crit|p2a: Kyurem
|-damage|p2a: Kyurem|29/100
|-unboost|p2a: Kyurem|spa|1
|
|-heal|p2a: Kyurem|35/100|[from] item: Leftovers
|upkeep
|turn|26
|
|move|p2a: Kyurem|Roost|p2a: Kyurem
|-heal|p2a: Kyurem|85/100
|-singleturn|p2a: Kyurem|move: Roost
|move|p1a: Clefable|Moonblast|p2a: Kyurem
|-supereffective|p2a: Kyurem
|-damage|p2a: Kyurem|36/100
|
|-heal|p2a: Kyurem|42/100|[from] item: Leftovers
|upkeep
|turn|27
|j| sofa king gay
|
|move|p2a: Kyurem|Roost|p2a: Kyurem
|-heal|p2a: Kyurem|92/100
|-singleturn|p2a: Kyurem|move: Roost
|move|p1a: Clefable|Moonblast|p2a: Kyurem
|-supereffective|p2a: Kyurem
|-damage|p2a: Kyurem|36/100
|-unboost|p2a: Kyurem|spa|1
|
|-heal|p2a: Kyurem|42/100|[from] item: Leftovers
|upkeep
|turn|28
|
|move|p2a: Kyurem|Roost|p2a: Kyurem
|-heal|p2a: Kyurem|92/100
|-singleturn|p2a: Kyurem|move: Roost
|move|p1a: Clefable|Moonblast|p2a: Kyurem
|-supereffective|p2a: Kyurem
|-damage|p2a: Kyurem|36/100
|-unboost|p2a: Kyurem|spa|1
|
|-heal|p2a: Kyurem|43/100|[from] item: Leftovers
|upkeep
|turn|29
|
|move|p2a: Kyurem|Roost|p2a: Kyurem
|-heal|p2a: Kyurem|93/100
|-singleturn|p2a: Kyurem|move: Roost
|move|p1a: Clefable|Moonblast|p2a: Kyurem
|-supereffective|p2a: Kyurem
|-damage|p2a: Kyurem|40/100
|
|-heal|p2a: Kyurem|46/100|[from] item: Leftovers
|upkeep
|turn|30
|
|move|p2a: Kyurem|Roost|p2a: Kyurem
|-heal|p2a: Kyurem|96/100
|-singleturn|p2a: Kyurem|move: Roost
|move|p1a: Clefable|Moonblast|p2a: Kyurem
|-supereffective|p2a: Kyurem
|-damage|p2a: Kyurem|47/100
|
|-heal|p2a: Kyurem|53/100|[from] item: Leftovers
|upkeep
|turn|31
|
|switch|p1a: Tyranitar|Tyranitar, F|100/100
|-weather|Sandstorm|[from] ability: Sand Stream|[of] p1a: Tyranitar
|move|p2a: Kyurem|Substitute|p2a: Kyurem
|-start|p2a: Kyurem|Substitute
|-damage|p2a: Kyurem|28/100
|
|-weather|Sandstorm|[upkeep]
|-damage|p2a: Kyurem|22/100|[from] Sandstorm
|-heal|p2a: Kyurem|28/100|[from] item: Leftovers
|upkeep
|turn|32
|
|move|p2a: Kyurem|Icicle Spear|p1a: Tyranitar
|-damage|p1a: Tyranitar|69/100
|-damage|p1a: Tyranitar|33/100
|-damage|p1a: Tyranitar|0 fnt
|-hitcount|p1a: Tyranitar|3
|faint|p1a: Tyranitar
|
|-weather|Sandstorm|[upkeep]
|-damage|p2a: Kyurem|22/100|[from] Sandstorm
|-heal|p2a: Kyurem|28/100|[from] item: Leftovers
|upkeep
|
|switch|p1a: Toxapex|Toxapex, F|100/100
|turn|33
|
|move|p2a: Kyurem|Icicle Spear|p1a: Toxapex
|-resisted|p1a: Toxapex
|-damage|p1a: Toxapex|88/100
|-resisted|p1a: Toxapex
|-damage|p1a: Toxapex|74/100
|-resisted|p1a: Toxapex
|-damage|p1a: Toxapex|61/100
|-resisted|p1a: Toxapex
|-damage|p1a: Toxapex|48/100
|-resisted|p1a: Toxapex
|-damage|p1a: Toxapex|35/100
|-hitcount|p1a: Toxapex|5
|move|p1a: Toxapex|Poison Jab|p2a: Kyurem
|-activate|p2a: Kyurem|move: Substitute|[damage]
|
|-weather|Sandstorm|[upkeep]
|-damage|p2a: Kyurem|22/100|[from] Sandstorm
|-damage|p1a: Toxapex|29/100|[from] Sandstorm
|-heal|p2a: Kyurem|28/100|[from] item: Leftovers
|-heal|p1a: Toxapex|35/100|[from] item: Black Sludge
|upkeep
|turn|34
|
|move|p2a: Kyurem|Icicle Spear|p1a: Toxapex
|-resisted|p1a: Toxapex
|-damage|p1a: Toxapex|23/100
|-resisted|p1a: Toxapex
|-damage|p1a: Toxapex|9/100
|-resisted|p1a: Toxapex
|-damage|p1a: Toxapex|0 fnt
|-hitcount|p1a: Toxapex|3
|faint|p1a: Toxapex
|
|-weather|Sandstorm|[upkeep]
|-damage|p2a: Kyurem|22/100|[from] Sandstorm
|-heal|p2a: Kyurem|28/100|[from] item: Leftovers
|upkeep
|
|switch|p1a: Seismitoad|Seismitoad, F|100/100
|turn|35
|
|move|p2a: Kyurem|Icicle Spear|p1a: Seismitoad
|-damage|p1a: Seismitoad|70/100
|-damage|p1a: Seismitoad|39/100
|-damage|p1a: Seismitoad|11/100
|-hitcount|p1a: Seismitoad|3
|move|p1a: Seismitoad|Knock Off|p2a: Kyurem
|-end|p2a: Kyurem|Substitute
|
|-weather|none
|-heal|p2a: Kyurem|34/100|[from] item: Leftovers
|-heal|p1a: Seismitoad|17/100|[from] item: Leftovers
|upkeep
|turn|36
|
|move|p2a: Kyurem|Icicle Spear|p1a: Seismitoad
|-damage|p1a: Seismitoad|0 fnt
|-hitcount|p1a: Seismitoad|1
|faint|p1a: Seismitoad
|
|-heal|p2a: Kyurem|41/100|[from] item: Leftovers
|upkeep
|inactive|Q114 has 120 seconds left.
|j| Alkagen101
|j| HeavenStar
|inactive|Q114 has 90 seconds left.
|l| Hajimi
|inactive|Q114 has 60 seconds left.
|j| CrooksOnMyFeet
|j| Arnaud senju vgc
|inactive|Q114 has 30 seconds left.
|j| 75 sb
|inactive|Q114 has 20 seconds left.
|l| 75 sb
|inactive|Q114 has 15 seconds left.
|j| DOUM5 IDK
|c| CrooksOnMyFeet|Pull
|inactive|Q114 has 10 seconds left.
|l| CrooksOnMyFeet
|inactive|Q114 has 5 seconds left.
|j| angrrry
|-message|Q114 lost due to inactivity.
|
|win|Armandeoxys
|raw|Q114's rating: 1719 &rarr; <strong>1702</strong><br />(-17 for losing)
|raw|Armandeoxys's rating: 1759 &rarr; <strong>1777</strong><br />(+18 for winning)
|l| sofa king gay
|l| Blop_Le_Slime
|l|☆Armandeoxys
