|j|☆elo_submarine_112
|j|☆SuperTheoryBros
|t:|1606688722
|player|p1|elo_submarine_112|lenora|1686
|player|p2|SuperTheoryBros|169|1740
|teamsize|p1|6
|teamsize|p2|6
|gametype|singles
|gen|8
|tier|[Gen 8] OU
|rated|
|clearpoke
|poke|p1|Dragapult, M|
|poke|p1|Lycanroc-Dusk, M|
|poke|p1|Garchomp, F|
|poke|p1|Skarmory, M|
|poke|p1|Zapdos-Galar|
|poke|p1|Rillaboom, M|
|poke|p2|Tyranitar, M|
|poke|p2|Excadrill, M|
|poke|p2|Tornadus-Therian, M|
|poke|p2|Buzzwole|
|poke|p2|Slowking, M|
|poke|p2|Dracozolt|
|rule|Sleep Clause Mod: Limit one foe put to sleep
|rule|Species Clause: Limit one of each Pokémon
|rule|OHKO Clause: OHKO moves are banned
|rule|Evasion Moves Clause: Evasion moves are banned
|rule|Endless Battle Clause: Forcing endless battles is banned
|rule|HP Percentage Mod: HP is shown in percentages
|rule|Dynamax Clause: You cannot dynamax
|teampreview
|inactive|Battle timer is ON: inactive players will automatically lose when time's up. (requested by elo_submarine_112)
|inactive|SuperTheoryBros also wants the timer to be on.
|
|t:|1606688746
|start
|switch|p1a: Skarmory|Skarmory, M|100/100
|switch|p2a: Slowking|Slowking, M|100/100
|turn|1
|
|t:|1606688755
|move|p1a: Skarmory|Stealth Rock|p2a: Slowking
|-sidestart|p2: SuperTheoryBros|move: Stealth Rock
|move|p2a: Slowking|Scald|p1a: Skarmory
|-damage|p1a: Skarmory|52/100
|-enditem|p1a: Skarmory|Red Card|[of] p2a: Slowking
|drag|p2a: Tornadus|Tornadus-Therian, M|100/100
|
|upkeep
|turn|2
|
|t:|1606688770
|move|p2a: Tornadus|Defog|p1a: Skarmory
|-unboost|p1a: Skarmory|evasion|1
|-sideend|p2: SuperTheoryBros|Stealth Rock|[from] move: Defog|[of] p2a: Tornadus
|move|p1a: Skarmory|Spikes|p2a: Tornadus
|-sidestart|p2: SuperTheoryBros|Spikes
|
|upkeep
|turn|3
|
|t:|1606688785
|switch|p2a: Dracozolt|Dracozolt|100/100
|-damage|p2a: Dracozolt|88/100|[from] Spikes
|move|p1a: Skarmory|Stealth Rock|p2a: Dracozolt
|-sidestart|p2: SuperTheoryBros|move: Stealth Rock
|
|upkeep
|turn|4
|
|t:|1606688796
|move|p2a: Dracozolt|Bolt Beak|p1a: Skarmory
|-supereffective|p1a: Skarmory
|-damage|p1a: Skarmory|0 fnt
|-damage|p2a: Dracozolt|78/100|[from] item: Life Orb
|faint|p1a: Skarmory
|
|upkeep
|
|t:|1606688803
|switch|p1a: Lycanroc|Lycanroc-Dusk, M|100/100
|turn|5
|j| andrethagiiant
|inactive|SuperTheoryBros has 120 seconds left.
|
|t:|1606688846
|switch|p2a: Buzzwole|Buzzwole|100/100
|-damage|p2a: Buzzwole|88/100|[from] Stealth Rock
|-damage|p2a: Buzzwole|76/100|[from] Spikes
|move|p1a: Lycanroc|Swords Dance|p1a: Lycanroc
|-boost|p1a: Lycanroc|atk|2
|
|upkeep
|turn|6
|
|t:|1606688858
|move|p1a: Lycanroc|Stone Edge|p2a: Buzzwole
|-damage|p2a: Buzzwole|0 fnt
|-damage|p1a: Lycanroc|91/100|[from] item: Life Orb
|faint|p2a: Buzzwole
|
|upkeep
|j| prorick
|inactive|SuperTheoryBros has 90 seconds left.
|c|☆elo_submarine_112|whoa re u people
|
|t:|1606688888
|switch|p2a: Slowking|Slowking, M|100/100
|-damage|p2a: Slowking|88/100|[from] Stealth Rock
|-damage|p2a: Slowking|76/100|[from] Spikes
|turn|7
|c|☆elo_submarine_112|let me lose in peace
|
|t:|1606688897
|move|p1a: Lycanroc|Stone Edge|p2a: Slowking
|-damage|p2a: Slowking|0 fnt
|-damage|p1a: Lycanroc|81/100|[from] item: Life Orb
|faint|p2a: Slowking
|
|upkeep
|j| tjrye7ijujy
|c| prorick|lol
|-message|SuperTheoryBros forfeited.
|
|win|elo_submarine_112
|l|☆SuperTheoryBros
|c|☆elo_submarine_112|oh j
|c|☆elo_submarine_112|k
|l| tjrye7ijujy
|raw|elo_submarine_112's rating: 1687 &rarr; <strong>1710</strong><br />(+23 for winning)
|raw|SuperTheoryBros's rating: 1741 &rarr; <strong>1717</strong><br />(-24 for losing)
