|j|☆brettfavreinnocent
|j|☆minimax_ai
|t:|1665178707
|gametype|singles
|player|p1|brettfavreinnocent|aromalady|1615
|player|p2|minimax_ai|lusamine-nihilego|1583
|teamsize|p1|6
|teamsize|p2|6
|gen|8
|tier|[Gen 8] OU
|rated|
|rule|Sleep Clause Mod: Limit one foe put to sleep
|rule|Species Clause: Limit one of each Pokémon
|rule|OHKO Clause: OHKO moves are banned
|rule|Evasion Items Clause: Evasion items are banned
|rule|Evasion Moves Clause: Evasion moves are banned
|rule|Endless Battle Clause: Forcing endless battles is banned
|rule|HP Percentage Mod: HP is shown in percentages
|rule|Dynamax Clause: You cannot dynamax
|clearpoke
|poke|p1|Weavile, F|
|poke|p1|Silvally-*|
|poke|p1|Magnezone|
|poke|p1|Rillaboom, F|
|poke|p1|Landorus-Therian, M|
|poke|p1|Swampert, F|
|poke|p2|Rotom-Wash|
|poke|p2|Weavile, M|
|poke|p2|Landorus-Therian, M|
|poke|p2|Heatran, M|
|poke|p2|Tangrowth, F|
|poke|p2|Melmetal|
|teampreview
|inactive|Battle timer is ON: inactive players will automatically lose when time's up. (requested by brettfavreinnocent)
|c|☆minimax_ai|hf
|inactive|minimax_ai also wants the timer to be on.
|
|t:|1665178720
|start
|switch|p1a: Swampert|Swampert, F|100/100
|switch|p2a: landorustherian|Landorus-Therian, M|100/100
|-ability|p2a: landorustherian|Intimidate|boost
|-unboost|p1a: Swampert|atk|1
|turn|1
|
|t:|1665178723
|move|p2a: landorustherian|U-turn|p1a: Swampert
|-damage|p1a: Swampert|82/100
|-damage|p2a: landorustherian|84/100|[from] item: Rocky Helmet|[of] p1a: Swampert
|
|t:|1665178723
|switch|p2a: Tangrowth|Tangrowth, F|100/100|[from]move: U-turn
|move|p1a: Swampert|Stealth Rock|p2a: Tangrowth
|-sidestart|p2: minimax_ai|move: Stealth Rock
|
|upkeep
|turn|2
|
|t:|1665178732
|move|p1a: Swampert|Protect|p1a: Swampert
|-singleturn|p1a: Swampert|Protect
|move|p2a: Tangrowth|Sleep Powder|p1a: Swampert
|-activate|p1a: Swampert|move: Protect
|
|upkeep
|turn|3
|
|t:|1665178735
|move|p1a: Swampert|Flip Turn|p2a: Tangrowth
|-resisted|p2a: Tangrowth
|-damage|p2a: Tangrowth|97/100
|-damage|p1a: Swampert|66/100|[from] item: Rocky Helmet|[of] p2a: Tangrowth
|
|t:|1665178740
|switch|p1a: Rillaboom|Rillaboom, F|100/100|[from]move: Flip Turn
|-fieldstart|move: Grassy Terrain|[from] ability: Grassy Surge|[of] p1a: Rillaboom
|move|p2a: Tangrowth|Focus Blast|p1a: Rillaboom|[miss]
|-miss|p2a: Tangrowth|p1a: Rillaboom
|
|-heal|p2a: Tangrowth|100/100|[from] Grassy Terrain
|upkeep
|turn|4
|
|t:|1665178746
|move|p1a: Rillaboom|Knock Off|p2a: Tangrowth
|-crit|p2a: Tangrowth
|-damage|p2a: Tangrowth|65/100
|-damage|p1a: Rillaboom|84/100|[from] item: Rocky Helmet|[of] p2a: Tangrowth
|-enditem|p2a: Tangrowth|Rocky Helmet|[from] move: Knock Off|[of] p1a: Rillaboom
|-damage|p1a: Rillaboom|74/100|[from] item: Life Orb
|move|p2a: Tangrowth|Focus Blast|p1a: Rillaboom
|-damage|p1a: Rillaboom|40/100
|
|-heal|p1a: Rillaboom|47/100|[from] Grassy Terrain
|-heal|p2a: Tangrowth|71/100|[from] Grassy Terrain
|upkeep
|turn|5
|
|t:|1665178756
|switch|p1a: Landorus|Landorus-Therian, M|100/100
|-ability|p1a: Landorus|Intimidate|boost
|-unboost|p2a: Tangrowth|atk|1
|move|p2a: Tangrowth|Giga Drain|p1a: Landorus
|-damage|p1a: Landorus|53/100
|-heal|p2a: Tangrowth|90/100|[from] drain|[of] p1a: Landorus
|
|-heal|p2a: Tangrowth|96/100|[from] Grassy Terrain
|upkeep
|turn|6
|
|t:|1665178763
|switch|p2a: Melmetal|Melmetal|100/100
|-damage|p2a: Melmetal|94/100|[from] Stealth Rock
|move|p1a: Landorus|Fly||[still]
|-prepare|p1a: Landorus|Fly
|-enditem|p1a: Landorus|Power Herb
|-anim|p1a: Landorus|Fly|p2a: Melmetal
|-resisted|p2a: Melmetal
|-damage|p2a: Melmetal|80/100
|
|-heal|p2a: Melmetal|86/100|[from] Grassy Terrain
|upkeep
|turn|7
|
|t:|1665178768
|switch|p1a: Magnezone|Magnezone|100/100
|move|p2a: Melmetal|Double Iron Bash|p1a: Magnezone
|-resisted|p1a: Magnezone
|-damage|p1a: Magnezone|93/100
|-damage|p2a: Melmetal|69/100|[from] item: Rocky Helmet|[of] p1a: Magnezone
|-resisted|p1a: Magnezone
|-damage|p1a: Magnezone|86/100
|-damage|p2a: Melmetal|53/100|[from] item: Rocky Helmet|[of] p1a: Magnezone
|-hitcount|p1a: Magnezone|2
|
|-heal|p1a: Magnezone|92/100|[from] Grassy Terrain
|-heal|p2a: Melmetal|59/100|[from] Grassy Terrain
|-fieldend|move: Grassy Terrain
|upkeep
|turn|8
|
|t:|1665178774
|move|p1a: Magnezone|Iron Defense|p1a: Magnezone
|-boost|p1a: Magnezone|def|2
|move|p2a: Melmetal|Earthquake|p1a: Magnezone
|-supereffective|p1a: Magnezone
|-damage|p1a: Magnezone|37/100
|
|upkeep
|turn|9
|
|t:|1665178776
|move|p1a: Magnezone|Magnet Rise|p1a: Magnezone
|-start|p1a: Magnezone|Magnet Rise
|move|p2a: Melmetal|Earthquake|p1a: Magnezone
|-immune|p1a: Magnezone
|
|upkeep
|turn|10
|
|t:|1665178780
|move|p1a: Magnezone|Iron Defense|p1a: Magnezone
|-boost|p1a: Magnezone|def|2
|move|p2a: Melmetal|Ice Punch|p1a: Magnezone
|-resisted|p1a: Magnezone
|-damage|p1a: Magnezone|32/100
|-damage|p2a: Melmetal|42/100|[from] item: Rocky Helmet|[of] p1a: Magnezone
|
|upkeep
|turn|11
|
|t:|1665178782
|move|p1a: Magnezone|Body Press|p2a: Melmetal
|-supereffective|p2a: Melmetal
|-damage|p2a: Melmetal|0 fnt
|faint|p2a: Melmetal
|
|upkeep
|
|t:|1665178782
|switch|p2a: rotomwash|Rotom-Wash|100/100
|-damage|p2a: rotomwash|88/100|[from] Stealth Rock
|turn|12
|
|t:|1665178787
|move|p2a: rotomwash|Hydro Pump|p1a: Magnezone
|-crit|p1a: Magnezone
|-damage|p1a: Magnezone|0 fnt
|faint|p1a: Magnezone
|
|-heal|p2a: rotomwash|94/100|[from] item: Leftovers
|upkeep
|
|t:|1665178793
|switch|p1a: Weavile|Weavile, F|100/100
|-ability|p1a: Weavile|Pressure
|turn|13
|
|t:|1665178795
|move|p1a: Weavile|Knock Off|p2a: rotomwash
|-damage|p2a: rotomwash|17/100
|-enditem|p2a: rotomwash|Leftovers|[from] move: Knock Off|[of] p1a: Weavile
|move|p2a: rotomwash|Thunderbolt|p1a: Weavile
|-damage|p1a: Weavile|51/100
|
|upkeep
|turn|14
|
|t:|1665178797
|switch|p2a: Tangrowth|Tangrowth, F|100/100
|-damage|p2a: Tangrowth|88/100|[from] Stealth Rock
|move|p1a: Weavile|Knock Off|p2a: Tangrowth
|-damage|p2a: Tangrowth|60/100
|
|upkeep
|turn|15
|
|t:|1665178815
|switch|p1a: Landorus|Landorus-Therian, M|53/100
|-ability|p1a: Landorus|Intimidate|boost
|-unboost|p2a: Tangrowth|atk|1
|move|p2a: Tangrowth|Giga Drain|p1a: Landorus
|-damage|p1a: Landorus|17/100
|-heal|p2a: Tangrowth|74/100|[from] drain|[of] p1a: Landorus
|
|upkeep
|turn|16
|
|t:|1665178822
|move|p1a: Landorus|Fly||[still]
|-prepare|p1a: Landorus|Fly
|move|p2a: Tangrowth|Giga Drain|p1a: Landorus|[miss]
|-miss|p2a: Tangrowth|p1a: Landorus
|
|upkeep
|turn|17
|
|t:|1665178826
|move|p1a: Landorus|Fly|p2a: Tangrowth|[from]lockedmove
|-supereffective|p2a: Tangrowth
|-damage|p2a: Tangrowth|25/100
|move|p2a: Tangrowth|Giga Drain|p1a: Landorus
|-damage|p1a: Landorus|0 fnt
|-heal|p2a: Tangrowth|31/100|[from] drain|[of] p1a: Landorus
|faint|p1a: Landorus
|
|upkeep
|
|t:|1665178833
|switch|p1a: Weavile|Weavile, F|51/100
|-ability|p1a: Weavile|Pressure
|turn|18
|
|t:|1665178838
|switch|p2a: rotomwash|Rotom-Wash|17/100
|-damage|p2a: rotomwash|4/100|[from] Stealth Rock
|move|p1a: Weavile|Knock Off|p2a: rotomwash
|-damage|p2a: rotomwash|0 fnt
|faint|p2a: rotomwash
|
|upkeep
|
|t:|1665178838
|switch|p2a: Tangrowth|Tangrowth, F|65/100
|-damage|p2a: Tangrowth|52/100|[from] Stealth Rock
|turn|19
|
|t:|1665178856
|move|p1a: Weavile|Knock Off|p2a: Tangrowth
|-damage|p2a: Tangrowth|23/100
|move|p2a: Tangrowth|Giga Drain|p1a: Weavile
|-damage|p1a: Weavile|11/100
|-heal|p2a: Tangrowth|37/100|[from] drain|[of] p1a: Weavile
|
|upkeep
|turn|20
|
|t:|1665178861
|move|p1a: Weavile|Knock Off|p2a: Tangrowth
|-damage|p2a: Tangrowth|8/100
|move|p2a: Tangrowth|Giga Drain|p1a: Weavile
|-damage|p1a: Weavile|0 fnt
|-heal|p2a: Tangrowth|12/100|[from] drain|[of] p1a: Weavile
|faint|p1a: Weavile
|
|upkeep
|
|t:|1665178862
|switch|p1a: Silvally|Silvally-Fairy|100/100
|turn|21
|
|t:|1665178864
|switch|p2a: landorustherian|Landorus-Therian, M|84/100
|-damage|p2a: landorustherian|72/100|[from] Stealth Rock
|-ability|p2a: landorustherian|Intimidate|boost
|-unboost|p1a: Silvally|atk|1
|move|p1a: Silvally|Swords Dance|p1a: Silvally
|-boost|p1a: Silvally|atk|2
|
|-heal|p2a: landorustherian|78/100|[from] item: Leftovers
|upkeep
|turn|22
|
|t:|1665178879
|switch|p2a: Heatran|Heatran, M|100/100
|-damage|p2a: Heatran|88/100|[from] Stealth Rock
|-item|p2a: Heatran|Air Balloon
|move|p1a: Silvally|Swords Dance|p1a: Silvally
|-boost|p1a: Silvally|atk|2
|
|upkeep
|turn|23
|
|t:|1665178886
|move|p1a: Silvally|Rock Slide|p2a: Heatran
|-damage|p2a: Heatran|35/100
|-enditem|p2a: Heatran|Air Balloon
|cant|p2a: Heatran|flinch
|
|upkeep
|turn|24
|
|t:|1665178891
|move|p1a: Silvally|Rock Slide|p2a: Heatran
|-damage|p2a: Heatran|0 fnt
|faint|p2a: Heatran
|
|upkeep
|
|t:|1665178891
|switch|p2a: landorustherian|Landorus-Therian, M|78/100
|-damage|p2a: landorustherian|65/100|[from] Stealth Rock
|-ability|p2a: landorustherian|Intimidate|boost
|-unboost|p1a: Silvally|atk|1
|turn|25
|
|t:|1665178897
|move|p1a: Silvally|Flame Charge|p2a: landorustherian
|-damage|p2a: landorustherian|35/100
|-boost|p1a: Silvally|spe|1
|move|p2a: landorustherian|Defog|p1a: Silvally
|-unboost|p1a: Silvally|evasion|1
|-sideend|p2: minimax_ai|Stealth Rock|[from] move: Defog|[of] p2a: landorustherian
|
|-heal|p2a: landorustherian|41/100|[from] item: Leftovers
|upkeep
|turn|26
|
|t:|1665178900
|move|p1a: Silvally|Multi-Attack|p2a: landorustherian
|-damage|p2a: landorustherian|0 fnt
|faint|p2a: landorustherian
|
|upkeep
|
|t:|1665178900
|switch|p2a: Weavile|Weavile, M|100/100
|-ability|p2a: Weavile|Pressure
|turn|27
|
|t:|1665178903
|move|p2a: Weavile|Ice Shard|p1a: Silvally
|-damage|p1a: Silvally|71/100
|move|p1a: Silvally|Multi-Attack|p2a: Weavile
|-supereffective|p2a: Weavile
|-damage|p2a: Weavile|0 fnt
|faint|p2a: Weavile
|
|upkeep
|
|t:|1665178903
|switch|p2a: Tangrowth|Tangrowth, F|45/100
|turn|28
|j| Raigeki0
|
|t:|1665178905
|move|p1a: Silvally|Multi-Attack|p2a: Tangrowth
|-damage|p2a: Tangrowth|0 fnt
|faint|p2a: Tangrowth
|
|win|brettfavreinnocent
|raw|brettfavreinnocent's rating: 1615 &rarr; <strong>1633</strong><br />(+18 for winning)
|raw|minimax_ai's rating: 1583 &rarr; <strong>1565</strong><br />(-18 for losing)
|c|☆minimax_ai|gg
|l|☆minimax_ai
|l| Raigeki0
||Ladder isn't responding, score probably updated but might not have (Request timeout).
