|j|☆stopthreat
|j|☆JeffS69
|t:|1664300135
|gametype|singles
|player|p1|stopthreat|gentleman-gen4|1640
|player|p2|JeffS69|elesa|1648
|teamsize|p1|6
|teamsize|p2|6
|gen|8
|tier|[Gen 8] OU
|rated|
|rule|Sleep Clause Mod: Limit one foe put to sleep
|rule|Species Clause: Limit one of each Pokémon
|rule|OHKO Clause: OHKO moves are banned
|rule|Evasion Items Clause: Evasion items are banned
|rule|Evasion Moves Clause: Evasion moves are banned
|rule|Endless Battle Clause: Forcing endless battles is banned
|rule|HP Percentage Mod: HP is shown in percentages
|rule|Dynamax Clause: You cannot dynamax
|clearpoke
|poke|p1|Regidrago|
|poke|p1|Slowking-Galar, M|
|poke|p1|Tornadus-Therian, M|
|poke|p1|Buzzwole|
|poke|p1|Rillaboom, M|
|poke|p1|Hippowdon, M|
|poke|p2|Landorus-Therian, M|
|poke|p2|Heatran, F|
|poke|p2|Dragapult, M|
|poke|p2|Urshifu-*, F|
|poke|p2|Slowbro, M|
|poke|p2|Nidoking, M|
|teampreview
|inactive|Battle timer is ON: inactive players will automatically lose when time's up. (requested by stopthreat)
|j| Kapu sleepy
|
|t:|1664300152
|start
|switch|p1a: Regidrago|Regidrago|100/100
|switch|p2a: Slowbro|Slowbro, M|100/100
|turn|1
|l| Kapu sleepy
|
|t:|1664300173
|move|p1a: Regidrago|Dragon Energy|p2a: Slowbro
|-damage|p2a: Slowbro|0 fnt
|faint|p2a: Slowbro
|
|upkeep
|
|t:|1664300176
|switch|p2a: Heatran|Heatran, F|100/100
|turn|2
|
|t:|1664300182
|switch|p1a: Hippowdon|Hippowdon, M|100/100
|-weather|Sandstorm|[from] ability: Sand Stream|[of] p1a: Hippowdon
|move|p2a: Heatran|Stealth Rock|p1a: Hippowdon
|-sidestart|p1: stopthreat|move: Stealth Rock
|
|-weather|Sandstorm|[upkeep]
|upkeep
|turn|3
|
|t:|1664300189
|move|p2a: Heatran|Taunt|p1a: Hippowdon
|-start|p1a: Hippowdon|move: Taunt
|cant|p1a: Hippowdon|move: Taunt|Stealth Rock
|
|-weather|Sandstorm|[upkeep]
|upkeep
|turn|4
|
|t:|1664300195
|switch|p2a: Landorus|Landorus-Therian, M|100/100
|-ability|p2a: Landorus|Intimidate|boost
|-unboost|p1a: Hippowdon|atk|1
|switch|p1a: Tornadus|Tornadus-Therian, M|100/100
|
|-weather|Sandstorm|[upkeep]
|-damage|p1a: Tornadus|94/100|[from] Sandstorm
|upkeep
|turn|5
|
|t:|1664300198
|move|p1a: Tornadus|Defog|p2a: Landorus
|-unboost|p2a: Landorus|evasion|1
|-sideend|p1: stopthreat|Stealth Rock|[from] move: Defog|[of] p1a: Tornadus
|move|p2a: Landorus|Knock Off|p1a: Tornadus
|-damage|p1a: Tornadus|57/100
|-enditem|p1a: Tornadus|Heavy-Duty Boots|[from] move: Knock Off|[of] p2a: Landorus
|
|-weather|Sandstorm|[upkeep]
|-damage|p1a: Tornadus|50/100|[from] Sandstorm
|upkeep
|turn|6
|
|t:|1664300202
|move|p1a: Tornadus|Hurricane|p2a: Landorus
|-damage|p2a: Landorus|71/100
|move|p2a: Landorus|U-turn|p1a: Tornadus
|-resisted|p1a: Tornadus
|-damage|p1a: Tornadus|38/100
|
|t:|1664300204
|switch|p2a: Heatran|Heatran, F|100/100|[from]move: U-turn
|
|-weather|none
|upkeep
|turn|7
|
|t:|1664300208
|move|p1a: Tornadus|U-turn|p2a: Heatran
|-resisted|p2a: Heatran
|-damage|p2a: Heatran|97/100
|
|t:|1664300209
|switch|p1a: Slowking|Slowking-Galar, M|100/100|[from]move: U-turn
|move|p2a: Heatran|Stealth Rock|p1a: Slowking
|-sidestart|p1: stopthreat|move: Stealth Rock
|
|-heal|p2a: Heatran|100/100|[from] item: Leftovers
|upkeep
|turn|8
|
|t:|1664300214
|move|p2a: Heatran|Earth Power|p1a: Slowking
|-supereffective|p1a: Slowking
|-damage|p1a: Slowking|75/100
|move|p1a: Slowking|Future Sight|p2a: Heatran
|-start|p1a: Slowking|move: Future Sight
|
|upkeep
|turn|9
|
|t:|1664300219
|move|p2a: Heatran|Earth Power|p1a: Slowking
|-supereffective|p1a: Slowking
|-damage|p1a: Slowking|45/100
|move|p1a: Slowking|Hydro Pump|p2a: Heatran|[miss]
|-miss|p1a: Slowking|p2a: Heatran
|
|upkeep
|turn|10
|
|t:|1664300226
|move|p2a: Heatran|Magma Storm|p1a: Slowking
|-damage|p1a: Slowking|23/100
|-activate|p1a: Slowking|move: Magma Storm|[of] p2a: Heatran
|move|p1a: Slowking|Hydro Pump|p2a: Heatran
|-supereffective|p2a: Heatran
|-damage|p2a: Heatran|55/100
|
|-end|p2a: Heatran|move: Future Sight
|-resisted|p2a: Heatran
|-damage|p2a: Heatran|37/100
|-heal|p2a: Heatran|43/100|[from] item: Leftovers
|-damage|p1a: Slowking|11/100|[from] move: Magma Storm|[partiallytrapped]
|upkeep
|turn|11
|
|t:|1664300232
|move|p2a: Heatran|Earth Power|p1a: Slowking
|-supereffective|p1a: Slowking
|-damage|p1a: Slowking|0 fnt
|faint|p1a: Slowking
|
|-heal|p2a: Heatran|49/100|[from] item: Leftovers
|upkeep
|
|t:|1664300239
|switch|p1a: Rillaboom|Rillaboom, M|100/100
|-damage|p1a: Rillaboom|88/100|[from] Stealth Rock
|-fieldstart|move: Grassy Terrain|[from] ability: Grassy Surge|[of] p1a: Rillaboom
|turn|12
|
|t:|1664300245
|switch|p2a: Landorus|Landorus-Therian, M|71/100
|-ability|p2a: Landorus|Intimidate|boost
|-unboost|p1a: Rillaboom|atk|1
|move|p1a: Rillaboom|U-turn|p2a: Landorus
|-resisted|p2a: Landorus
|-damage|p2a: Landorus|60/100
|j| LT94JE starmind
|
|t:|1664300247
|switch|p1a: Tornadus|Tornadus-Therian, M|71/100|[from]move: U-turn
|-damage|p1a: Tornadus|46/100|[from] Stealth Rock
|
|-heal|p2a: Landorus|66/100|[from] item: Leftovers
|upkeep
|turn|13
|
|t:|1664300253
|move|p1a: Tornadus|Defog|p2a: Landorus
|-unboost|p2a: Landorus|evasion|1
|-sideend|p1: stopthreat|Stealth Rock|[from] move: Defog|[of] p1a: Tornadus
|-fieldend|move: Grassy Terrain
|move|p2a: Landorus|U-turn|p1a: Tornadus
|-resisted|p1a: Tornadus
|-damage|p1a: Tornadus|33/100
|
|t:|1664300262
|switch|p2a: Dragapult|Dragapult, M|100/100|[from]move: U-turn
|
|upkeep
|turn|14
|
|t:|1664300265
|switch|p1a: Hippowdon|Hippowdon, M|100/100
|-weather|Sandstorm|[from] ability: Sand Stream|[of] p1a: Hippowdon
|move|p2a: Dragapult|Shadow Ball|p1a: Hippowdon
|-damage|p1a: Hippowdon|64/100
|
|-weather|Sandstorm|[upkeep]
|-damage|p2a: Dragapult|95/100|[from] Sandstorm
|-heal|p1a: Hippowdon|70/100|[from] item: Leftovers
|upkeep
|turn|15
|
|t:|1664300270
|move|p2a: Dragapult|Shadow Ball|p1a: Hippowdon
|-damage|p1a: Hippowdon|30/100
|move|p1a: Hippowdon|Stealth Rock|p2a: Dragapult
|-sidestart|p2: JeffS69|move: Stealth Rock
|
|-weather|Sandstorm|[upkeep]
|-damage|p2a: Dragapult|89/100|[from] Sandstorm
|-heal|p1a: Hippowdon|37/100|[from] item: Leftovers
|upkeep
|turn|16
|
|t:|1664300274
|move|p2a: Dragapult|Shadow Ball|p1a: Hippowdon
|-damage|p1a: Hippowdon|0 fnt
|faint|p1a: Hippowdon
|
|-weather|Sandstorm|[upkeep]
|-damage|p2a: Dragapult|83/100|[from] Sandstorm
|upkeep
|
|t:|1664300280
|switch|p1a: Tornadus|Tornadus-Therian, M|66/100
|turn|17
|
|t:|1664300284
|move|p2a: Dragapult|Shadow Ball|p1a: Tornadus
|-damage|p1a: Tornadus|10/100
|move|p1a: Tornadus|Knock Off|p2a: Dragapult
|-supereffective|p2a: Dragapult
|-damage|p2a: Dragapult|29/100
|-enditem|p2a: Dragapult|Choice Specs|[from] move: Knock Off|[of] p1a: Tornadus
|
|-weather|Sandstorm|[upkeep]
|-damage|p2a: Dragapult|23/100|[from] Sandstorm
|-damage|p1a: Tornadus|4/100|[from] Sandstorm
|upkeep
|turn|18
|
|t:|1664300290
|switch|p1a: Rillaboom|Rillaboom, M|88/100
|-fieldstart|move: Grassy Terrain|[from] ability: Grassy Surge|[of] p1a: Rillaboom
|move|p2a: Dragapult|U-turn|p1a: Rillaboom
|-supereffective|p1a: Rillaboom
|-damage|p1a: Rillaboom|53/100
|
|t:|1664300296
|switch|p2a: Nidoking|Nidoking, M|100/100|[from]move: U-turn
|-damage|p2a: Nidoking|95/100|[from] Stealth Rock
|
|-weather|none
|-heal|p1a: Rillaboom|59/100|[from] Grassy Terrain
|-heal|p2a: Nidoking|100/100|[from] Grassy Terrain
|upkeep
|turn|19
|
|t:|1664300299
|move|p1a: Rillaboom|Grassy Glide|p2a: Nidoking
|-damage|p2a: Nidoking|0 fnt
|faint|p2a: Nidoking
|
|-heal|p1a: Rillaboom|65/100|[from] Grassy Terrain
|upkeep
|
|t:|1664300303
|switch|p2a: Heatran|Heatran, F|49/100
|-damage|p2a: Heatran|37/100|[from] Stealth Rock
|turn|20
|
|t:|1664300319
|switch|p1a: Tornadus|Tornadus-Therian, M|37/100
|move|p2a: Heatran|Magma Storm|p1a: Tornadus
|-damage|p1a: Tornadus|0 fnt
|faint|p1a: Tornadus
|
|-heal|p2a: Heatran|43/100|[from] Grassy Terrain
|-heal|p2a: Heatran|49/100|[from] item: Leftovers
|upkeep
|
|t:|1664300323
|switch|p1a: Regidrago|Regidrago|100/100
|turn|21
|
|t:|1664300329
|switch|p2a: Urshifu|Urshifu-Rapid-Strike, F|100/100
|-damage|p2a: Urshifu|94/100|[from] Stealth Rock
|move|p1a: Regidrago|Dragon Energy|p2a: Urshifu
|-damage|p2a: Urshifu|0 fnt
|faint|p2a: Urshifu
|
|upkeep
|
|t:|1664300332
|switch|p2a: Dragapult|Dragapult, M|23/100
|-damage|p2a: Dragapult|11/100|[from] Stealth Rock
|turn|22
|
|t:|1664300337
|switch|p1a: Buzzwole|Buzzwole|100/100
|move|p2a: Dragapult|Draco Meteor|p1a: Buzzwole
|-damage|p1a: Buzzwole|23/100
|-unboost|p2a: Dragapult|spa|2
|
|-heal|p2a: Dragapult|17/100|[from] Grassy Terrain
|-heal|p1a: Buzzwole|29/100|[from] Grassy Terrain
|-fieldend|move: Grassy Terrain
|upkeep
|turn|23
|
|t:|1664300342
|move|p2a: Dragapult|Flamethrower|p1a: Buzzwole
|-supereffective|p1a: Buzzwole
|-damage|p1a: Buzzwole|0 fnt
|faint|p1a: Buzzwole
|
|upkeep
|
|t:|1664300344
|switch|p1a: Rillaboom|Rillaboom, M|65/100
|-fieldstart|move: Grassy Terrain|[from] ability: Grassy Surge|[of] p1a: Rillaboom
|turn|24
|
|t:|1664300348
|move|p2a: Dragapult|Flamethrower|p1a: Rillaboom
|-supereffective|p1a: Rillaboom
|-crit|p1a: Rillaboom
|-damage|p1a: Rillaboom|0 fnt
|faint|p1a: Rillaboom
|
|-heal|p2a: Dragapult|23/100|[from] Grassy Terrain
|upkeep
|c|☆stopthreat|bruh
|
|t:|1664300357
|switch|p1a: Regidrago|Regidrago|100/100
|turn|25
|
|t:|1664300362
|switch|p2a: Landorus|Landorus-Therian, M|66/100
|-damage|p2a: Landorus|54/100|[from] Stealth Rock
|-ability|p2a: Landorus|Intimidate|boost
|-unboost|p1a: Regidrago|atk|1
|move|p1a: Regidrago|Dragon Pulse|p2a: Landorus
|-damage|p2a: Landorus|0 fnt
|faint|p2a: Landorus
|
|upkeep
|
|t:|1664300365
|switch|p2a: Dragapult|Dragapult, M|23/100
|-damage|p2a: Dragapult|10/100|[from] Stealth Rock
|turn|26
|
|t:|1664300372
|move|p2a: Dragapult|Draco Meteor|p1a: Regidrago
|-supereffective|p1a: Regidrago
|-damage|p1a: Regidrago|0 fnt
|-unboost|p2a: Dragapult|spa|2
|faint|p1a: Regidrago
|
|win|JeffS69
|raw|stopthreat's rating: 1640 &rarr; <strong>1620</strong><br />(-20 for losing)
|raw|JeffS69's rating: 1648 &rarr; <strong>1668</strong><br />(+20 for winning)
|l|☆stopthreat
