|raw|<div class="broadcast-blue"><strong>This battle is required to be public due to a player having a name starting with 'lt93oq'.</div>
|j|☆LT93OQ #savetf2
|j|☆yhdrslb
|t:|1660801237
|gametype|singles
|player|p1|LT93OQ #savetf2|maid-gen4|1707
|player|p2|yhdrslb|170|1798
|teamsize|p1|6
|teamsize|p2|6
|gen|8
|tier|[Gen 8] OU
|rated|
|rule|Sleep Clause Mod: Limit one foe put to sleep
|rule|Species Clause: Limit one of each Pokémon
|rule|OHKO Clause: OHKO moves are banned
|rule|Evasion Items Clause: Evasion items are banned
|rule|Evasion Moves Clause: Evasion moves are banned
|rule|Endless Battle Clause: Forcing endless battles is banned
|rule|HP Percentage Mod: HP is shown in percentages
|rule|Dynamax Clause: You cannot dynamax
|clearpoke
|poke|p1|Hippowdon, M|
|poke|p1|Toxapex, F|
|poke|p1|Skarmory, M|
|poke|p1|Clefable, M|
|poke|p1|Blacephalon|
|poke|p1|Excadrill, F|
|poke|p2|Tapu Koko|
|poke|p2|Hawlucha, M|
|poke|p2|Garchomp, M|
|poke|p2|Ferrothorn, F|
|poke|p2|Victini|
|poke|p2|Regieleki|
|teampreview
|inactive|Battle timer is ON: inactive players will automatically lose when time's up. (requested by yhdrslb)
|inactive|LT93OQ #savetf2 has 120 seconds left.
|inactive|LT93OQ #savetf2 has 90 seconds left.
|
|t:|1660801319
|start
|switch|p1a: Hippowdon|Hippowdon, M|100/100
|switch|p2a: Victini|Victini|100/100
|-weather|Sandstorm|[from] ability: Sand Stream|[of] p1a: Hippowdon
|turn|1
|
|t:|1660801342
|move|p2a: Victini|Trick|p1a: Hippowdon
|-activate|p2a: Victini|move: Trick|[of] p1a: Hippowdon
|-item|p1a: Hippowdon|Ring Target|[from] move: Trick
|-item|p2a: Victini|Smooth Rock|[from] move: Trick
|move|p1a: Hippowdon|Earthquake|p2a: Victini
|-supereffective|p2a: Victini
|-damage|p2a: Victini|27/100
|
|-weather|Sandstorm|[upkeep]
|-damage|p2a: Victini|21/100|[from] Sandstorm
|upkeep
|turn|2
|
|t:|1660801352
|switch|p2a: Ferrothorn|Ferrothorn, F|100/100
|move|p1a: Hippowdon|Earthquake|p2a: Ferrothorn
|-damage|p2a: Ferrothorn|70/100
|
|-weather|Sandstorm|[upkeep]
|-heal|p2a: Ferrothorn|76/100|[from] item: Leftovers
|upkeep
|turn|3
|
|t:|1660801370
|switch|p1a: Skarmory|Skarmory, M|100/100
|move|p2a: Ferrothorn|Spikes|p1a: Skarmory
|-sidestart|p1: LT93OQ #savetf2|Spikes
|
|-weather|Sandstorm|[upkeep]
|-heal|p2a: Ferrothorn|82/100|[from] item: Leftovers
|upkeep
|turn|4
|
|t:|1660801374
|move|p1a: Skarmory|Spikes|p2a: Ferrothorn
|-sidestart|p2: yhdrslb|Spikes
|move|p2a: Ferrothorn|Knock Off|p1a: Skarmory
|-damage|p1a: Skarmory|88/100
|-damage|p2a: Ferrothorn|66/100|[from] item: Rocky Helmet|[of] p1a: Skarmory
|-enditem|p1a: Skarmory|Rocky Helmet|[from] move: Knock Off|[of] p2a: Ferrothorn
|
|-weather|Sandstorm|[upkeep]
|-heal|p2a: Ferrothorn|72/100|[from] item: Leftovers
|upkeep
|turn|5
|
|t:|1660801376
|move|p1a: Skarmory|Body Press|p2a: Ferrothorn
|-supereffective|p2a: Ferrothorn
|-damage|p2a: Ferrothorn|23/100
|-damage|p1a: Skarmory|75/100|[from] ability: Iron Barbs|[of] p2a: Ferrothorn
|move|p2a: Ferrothorn|Leech Seed|p1a: Skarmory
|-start|p1a: Skarmory|move: Leech Seed
|
|-weather|Sandstorm|[upkeep]
|-heal|p2a: Ferrothorn|29/100|[from] item: Leftovers
|-damage|p1a: Skarmory|63/100|[from] Leech Seed|[of] p2a: Ferrothorn
|-heal|p2a: Ferrothorn|41/100|[silent]
|upkeep
|turn|6
|
|t:|1660801382
|switch|p1a: Hippowdon|Hippowdon, M|100/100
|-damage|p1a: Hippowdon|88/100|[from] Spikes
|switch|p2a: Garchomp|Garchomp, M|100/100
|-damage|p2a: Garchomp|88/100|[from] Spikes
|
|-weather|Sandstorm|[upkeep]
|-heal|p2a: Garchomp|94/100|[from] item: Leftovers
|upkeep
|turn|7
|
|t:|1660801385
|move|p2a: Garchomp|Toxic|p1a: Hippowdon
|-status|p1a: Hippowdon|tox
|move|p1a: Hippowdon|Stealth Rock|p2a: Garchomp
|-sidestart|p2: yhdrslb|move: Stealth Rock
|
|-weather|Sandstorm|[upkeep]
|-heal|p2a: Garchomp|100/100|[from] item: Leftovers
|-damage|p1a: Hippowdon|82/100 tox|[from] psn
|upkeep
|turn|8
|
|t:|1660801388
|switch|p1a: Clefable|Clefable, M|100/100
|move|p2a: Garchomp|Stealth Rock|p1a: Clefable
|-sidestart|p1: LT93OQ #savetf2|move: Stealth Rock
|
|-weather|none
|upkeep
|turn|9
|
|t:|1660801393
|switch|p2a: Tapu Koko|Tapu Koko|100/100
|-damage|p2a: Tapu Koko|88/100|[from] Spikes
|-damage|p2a: Tapu Koko|76/100|[from] Stealth Rock
|-fieldstart|move: Electric Terrain|[from] ability: Electric Surge|[of] p2a: Tapu Koko
|move|p1a: Clefable|Moonblast|p2a: Tapu Koko
|-damage|p2a: Tapu Koko|9/100
|
|upkeep
|turn|10
|
|t:|1660801400
|switch|p1a: Hippowdon|Hippowdon, M|82/100 tox
|-damage|p1a: Hippowdon|70/100 tox|[from] Spikes
|-damage|p1a: Hippowdon|63/100 tox|[from] Stealth Rock
|-weather|Sandstorm|[from] ability: Sand Stream|[of] p1a: Hippowdon
|move|p2a: Tapu Koko|Taunt|p1a: Hippowdon
|-start|p1a: Hippowdon|move: Taunt
|
|-weather|Sandstorm|[upkeep]
|-damage|p2a: Tapu Koko|3/100|[from] Sandstorm
|-damage|p1a: Hippowdon|57/100 tox|[from] psn
|upkeep
|turn|11
|
|t:|1660801403
|move|p2a: Tapu Koko|U-turn|p1a: Hippowdon
|-damage|p1a: Hippowdon|45/100 tox
|
|t:|1660801406
|switch|p2a: Hawlucha|Hawlucha, M|100/100|[from]move: U-turn
|-damage|p2a: Hawlucha|88/100|[from] Stealth Rock
|-enditem|p2a: Hawlucha|Electric Seed
|-boost|p2a: Hawlucha|def|1|[from] item: Electric Seed
|move|p1a: Hippowdon|Earthquake|p2a: Hawlucha
|-immune|p2a: Hawlucha
|
|-weather|Sandstorm|[upkeep]
|-damage|p2a: Hawlucha|82/100|[from] Sandstorm
|-damage|p1a: Hippowdon|33/100 tox|[from] psn
|upkeep
|turn|12
|
|t:|1660801409
|switch|p1a: Clefable|Clefable, M|100/100
|move|p2a: Hawlucha|Substitute|p2a: Hawlucha
|-start|p2a: Hawlucha|Substitute
|-damage|p2a: Hawlucha|57/100
|
|-weather|Sandstorm|[upkeep]
|-damage|p2a: Hawlucha|51/100|[from] Sandstorm
|upkeep
|turn|13
|
|t:|1660801410
|move|p2a: Hawlucha|Swords Dance|p2a: Hawlucha
|-boost|p2a: Hawlucha|atk|2
|move|p1a: Clefable|Moonblast|p2a: Hawlucha
|-supereffective|p2a: Hawlucha
|-end|p2a: Hawlucha|Substitute
|
|-weather|Sandstorm|[upkeep]
|-damage|p2a: Hawlucha|45/100|[from] Sandstorm
|upkeep
|turn|14
|
|t:|1660801412
|move|p2a: Hawlucha|Acrobatics|p1a: Clefable
|-damage|p1a: Clefable|27/100
|move|p1a: Clefable|Moonblast|p2a: Hawlucha
|-supereffective|p2a: Hawlucha
|-damage|p2a: Hawlucha|0 fnt
|faint|p2a: Hawlucha
|
|-weather|none
|upkeep
|
|t:|1660801415
|switch|p2a: Regieleki|Regieleki|100/100
|-damage|p2a: Regieleki|88/100|[from] Spikes
|-damage|p2a: Regieleki|76/100|[from] Stealth Rock
|turn|15
|
|t:|1660801417
|switch|p1a: Hippowdon|Hippowdon, M|33/100 tox
|-damage|p1a: Hippowdon|20/100 tox|[from] Spikes
|-damage|p1a: Hippowdon|14/100 tox|[from] Stealth Rock
|-weather|Sandstorm|[from] ability: Sand Stream|[of] p1a: Hippowdon
|move|p2a: Regieleki|Rapid Spin|p1a: Hippowdon
|-damage|p1a: Hippowdon|6/100 tox
|-boost|p2a: Regieleki|spe|1
|-sideend|p2: yhdrslb|Spikes|[from] move: Rapid Spin|[of] p2a: Regieleki
|-sideend|p2: yhdrslb|Stealth Rock|[from] move: Rapid Spin|[of] p2a: Regieleki
|
|-weather|Sandstorm|[upkeep]
|-damage|p2a: Regieleki|70/100|[from] Sandstorm
|-damage|p1a: Hippowdon|0 fnt|[from] psn
|faint|p1a: Hippowdon
|upkeep
|
|t:|1660801419
|switch|p1a: Excadrill|Excadrill, F|100/100
|-damage|p1a: Excadrill|88/100|[from] Spikes
|-damage|p1a: Excadrill|85/100|[from] Stealth Rock
|turn|16
|
|t:|1660801424
|switch|p2a: Victini|Victini|21/100
|move|p1a: Excadrill|Rapid Spin|p2a: Victini
|-damage|p2a: Victini|2/100
|-boost|p1a: Excadrill|spe|1
|-sideend|p1: LT93OQ #savetf2|Spikes|[from] move: Rapid Spin|[of] p1a: Excadrill
|-sideend|p1: LT93OQ #savetf2|Stealth Rock|[from] move: Rapid Spin|[of] p1a: Excadrill
|
|-weather|Sandstorm|[upkeep]
|-damage|p2a: Victini|0 fnt|[from] Sandstorm
|faint|p2a: Victini
|-heal|p1a: Excadrill|91/100|[from] item: Leftovers
|-fieldend|move: Electric Terrain
|upkeep
|
|t:|1660801426
|switch|p2a: Garchomp|Garchomp, M|100/100
|turn|17
|
|t:|1660801430
|switch|p1a: Skarmory|Skarmory, M|63/100
|move|p2a: Garchomp|Fire Blast|p1a: Skarmory
|-supereffective|p1a: Skarmory
|-damage|p1a: Skarmory|6/100
|
|-weather|Sandstorm|[upkeep]
|upkeep
|turn|18
|
|t:|1660801434
|move|p2a: Garchomp|Stealth Rock|p1a: Skarmory
|-sidestart|p1: LT93OQ #savetf2|move: Stealth Rock
|move|p1a: Skarmory|Spikes|p2a: Garchomp
|-sidestart|p2: yhdrslb|Spikes
|
|-weather|Sandstorm|[upkeep]
|upkeep
|turn|19
|
|t:|1660801440
|move|p2a: Garchomp|Fire Blast|p1a: Skarmory|[miss]
|-miss|p2a: Garchomp|p1a: Skarmory
|move|p1a: Skarmory|Whirlwind|p2a: Garchomp
|drag|p2a: Tapu Koko|Tapu Koko|3/100
|-damage|p2a: Tapu Koko|0 fnt|[from] Spikes
|faint|p2a: Tapu Koko
|
|-weather|none
|upkeep
|
|t:|1660801445
|switch|p2a: Regieleki|Regieleki|70/100
|-damage|p2a: Regieleki|58/100|[from] Spikes
|turn|20
|
|t:|1660801452
|move|p2a: Regieleki|Ancient Power|p1a: Skarmory
|-damage|p1a: Skarmory|0 fnt
|faint|p1a: Skarmory
|
|upkeep
|
|t:|1660801454
|switch|p1a: Excadrill|Excadrill, F|91/100
|-damage|p1a: Excadrill|88/100|[from] Stealth Rock
|turn|21
|
|t:|1660801458
|switch|p2a: Garchomp|Garchomp, M|100/100
|-damage|p2a: Garchomp|88/100|[from] Spikes
|move|p1a: Excadrill|Swords Dance|p1a: Excadrill
|-boost|p1a: Excadrill|atk|2
|
|-heal|p1a: Excadrill|94/100|[from] item: Leftovers
|-heal|p2a: Garchomp|94/100|[from] item: Leftovers
|upkeep
|turn|22
|
|t:|1660801464
|switch|p1a: Toxapex|Toxapex, F|100/100
|-damage|p1a: Toxapex|88/100|[from] Stealth Rock
|move|p2a: Garchomp|Earthquake|p1a: Toxapex
|-supereffective|p1a: Toxapex
|-damage|p1a: Toxapex|28/100
|
|-heal|p2a: Garchomp|100/100|[from] item: Leftovers
|upkeep
|turn|23
|
|t:|1660801467
|move|p2a: Garchomp|Earthquake|p1a: Toxapex
|-supereffective|p1a: Toxapex
|-damage|p1a: Toxapex|0 fnt
|faint|p1a: Toxapex
|
|upkeep
|
|t:|1660801468
|switch|p1a: Blacephalon|Blacephalon|100/100
|turn|24
|
|t:|1660801470
|move|p1a: Blacephalon|Shadow Ball|p2a: Garchomp
|-damage|p2a: Garchomp|56/100
|-unboost|p2a: Garchomp|spd|1
|move|p2a: Garchomp|Earthquake|p1a: Blacephalon
|-supereffective|p1a: Blacephalon
|-damage|p1a: Blacephalon|0 fnt
|faint|p1a: Blacephalon
|
|-heal|p2a: Garchomp|62/100|[from] item: Leftovers
|upkeep
|
|t:|1660801475
|switch|p1a: Clefable|Clefable, M|27/100
|turn|25
|
|t:|1660801484
|move|p2a: Garchomp|Earthquake|p1a: Clefable
|-damage|p1a: Clefable|0 fnt
|faint|p1a: Clefable
|
|-heal|p2a: Garchomp|68/100|[from] item: Leftovers
|upkeep
|
|t:|1660801486
|switch|p1a: Excadrill|Excadrill, F|94/100
|-damage|p1a: Excadrill|91/100|[from] Stealth Rock
|turn|26
|
|t:|1660801488
|move|p1a: Excadrill|Iron Head|p2a: Garchomp
|-damage|p2a: Garchomp|41/100
|-damage|p1a: Excadrill|79/100|[from] ability: Rough Skin|[of] p2a: Garchomp
|cant|p2a: Garchomp|flinch
|
|-heal|p1a: Excadrill|85/100|[from] item: Leftovers
|-heal|p2a: Garchomp|47/100|[from] item: Leftovers
|upkeep
|turn|27
|
|t:|1660801490
|move|p1a: Excadrill|Earthquake|p2a: Garchomp
|-damage|p2a: Garchomp|10/100
|move|p2a: Garchomp|Earthquake|p1a: Excadrill
|-supereffective|p1a: Excadrill
|-damage|p1a: Excadrill|0 fnt
|faint|p1a: Excadrill
|
|win|yhdrslb
|raw|LT93OQ #savetf2's rating: 1707 &rarr; <strong>1692</strong><br />(-15 for losing)
|raw|yhdrslb's rating: 1798 &rarr; <strong>1813</strong><br />(+15 for winning)
|l|☆LT93OQ #savetf2
