|j|☆LeaderMissingNo
|j|☆beastyj157
|inactive|Battle timer is ON: inactive players will automatically lose when time's up.
|t:|1648316722
|gametype|singles
|player|p1|LeaderMissingNo|veteran|
|player|p2|beastyj157|skierf|
|teamsize|p1|6
|teamsize|p2|6
|gen|8
|tier|[Gen 8] OU
|rated|Tournament battle
|rule|Sleep Clause Mod: Limit one foe put to sleep
|rule|Species Clause: Limit one of each Pokémon
|rule|OHKO Clause: OHKO moves are banned
|rule|Evasion Moves Clause: Evasion moves are banned
|rule|Endless Battle Clause: Forcing endless battles is banned
|rule|HP Percentage Mod: HP is shown in percentages
|rule|Dynamax Clause: You cannot dynamax
|clearpoke
|poke|p1|Corsola-Galar, M|
|poke|p1|Toxapex, F|
|poke|p1|Ditto|
|poke|p1|Ferrothorn, M|
|poke|p1|Weezing-Galar, F|
|poke|p1|Blissey, F|
|poke|p2|Clefable, F|
|poke|p2|Weavile, M|
|poke|p2|Heatran, F|
|poke|p2|Landorus-Therian, M|
|poke|p2|Tapu Koko|
|poke|p2|Slowbro, F|
|teampreview
|inactive|beastyj157 also wants the timer to be on.
|j| SKIP THE DRIP
|j| vvbvcb
|c|☆beastyj157|well
|
|t:|1648316751
|start
|switch|p1a: Ditto|Ditto|100/100
|switch|p2a: Clefable|Clefable, F|100/100
|-transform|p1a: Ditto|p2a: Clefable|[from] ability: Imposter
|turn|1
|
|t:|1648316760
|switch|p1a: Blissey|Blissey, F|100/100
|move|p2a: Clefable|Calm Mind|p2a: Clefable
|-boost|p2a: Clefable|spa|1
|-boost|p2a: Clefable|spd|1
|
|upkeep
|turn|2
|c|☆beastyj157|ima have to set up and win
|
|t:|1648316774
|move|p2a: Clefable|Calm Mind|p2a: Clefable
|-boost|p2a: Clefable|spa|1
|-boost|p2a: Clefable|spd|1
|move|p1a: Blissey|Toxic|p2a: Clefable
|-status|p2a: Clefable|tox
|
|upkeep
|turn|3
|
|t:|1648316776
|move|p2a: Clefable|Calm Mind|p2a: Clefable
|-boost|p2a: Clefable|spa|1
|-boost|p2a: Clefable|spd|1
|move|p1a: Blissey|Teleport|p1a: Blissey
|j| Bayb The 2nd
|
|t:|1648316785
|switch|p1a: Ferrothorn|Ferrothorn, M, shiny|100/100|[from]move: Teleport
|
|upkeep
|turn|4
|
|t:|1648316789
|move|p2a: Clefable|Thunderbolt|p1a: Ferrothorn
|-resisted|p1a: Ferrothorn
|-damage|p1a: Ferrothorn|81/100
|move|p1a: Ferrothorn|Knock Off|p2a: Clefable
|-resisted|p2a: Clefable
|-damage|p2a: Clefable|92/100 tox
|-enditem|p2a: Clefable|Life Orb|[from] move: Knock Off|[of] p1a: Ferrothorn
|
|-heal|p1a: Ferrothorn|87/100|[from] item: Leftovers
|upkeep
|turn|5
|
|t:|1648316794
|move|p2a: Clefable|Moonblast|p1a: Ferrothorn
|-resisted|p1a: Ferrothorn
|-damage|p1a: Ferrothorn|62/100
|move|p1a: Ferrothorn|Stealth Rock|p2a: Clefable
|-sidestart|p2: beastyj157|move: Stealth Rock
|
|-heal|p1a: Ferrothorn|68/100|[from] item: Leftovers
|upkeep
|turn|6
|
|t:|1648316798
|switch|p1a: Blissey|Blissey, F|100/100
|move|p2a: Clefable|Moonblast|p1a: Blissey
|-damage|p1a: Blissey|74/100
|
|-heal|p1a: Blissey|80/100|[from] item: Leftovers
|upkeep
|turn|7
|
|t:|1648316801
|move|p2a: Clefable|Moonblast|p1a: Blissey
|-crit|p1a: Blissey
|-damage|p1a: Blissey|43/100
|-unboost|p1a: Blissey|spa|1
|move|p1a: Blissey|Seismic Toss|p2a: Clefable
|-damage|p2a: Clefable|67/100 tox
|
|-heal|p1a: Blissey|49/100|[from] item: Leftovers
|upkeep
|turn|8
|
|t:|1648316806
|move|p1a: Blissey|Protect|p1a: Blissey
|-singleturn|p1a: Blissey|Protect
|move|p2a: Clefable|Calm Mind|p2a: Clefable
|-boost|p2a: Clefable|spa|1
|-boost|p2a: Clefable|spd|1
|
|-heal|p1a: Blissey|56/100|[from] item: Leftovers
|upkeep
|turn|9
|
|t:|1648316813
|switch|p1a: Ferrothorn|Ferrothorn, M, shiny|68/100
|move|p2a: Clefable|Thunderbolt|p1a: Ferrothorn
|-resisted|p1a: Ferrothorn
|-crit|p1a: Ferrothorn
|-damage|p1a: Ferrothorn|40/100
|
|-heal|p1a: Ferrothorn|47/100|[from] item: Leftovers
|upkeep
|turn|10
|j| notmontay
|l| notmontay
|
|t:|1648316828
|move|p2a: Clefable|Moonblast|p1a: Ferrothorn
|-resisted|p1a: Ferrothorn
|-damage|p1a: Ferrothorn|18/100
|move|p1a: Ferrothorn|Knock Off|p2a: Clefable
|-resisted|p2a: Clefable
|-damage|p2a: Clefable|61/100 tox
|
|-heal|p1a: Ferrothorn|25/100|[from] item: Leftovers
|upkeep
|turn|11
|
|t:|1648316833
|switch|p1a: Blissey|Blissey, F|56/100
|move|p2a: Clefable|Soft-Boiled|p2a: Clefable
|-heal|p2a: Clefable|100/100 tox
|
|-heal|p1a: Blissey|62/100|[from] item: Leftovers
|upkeep
|turn|12
|
|t:|1648316839
|move|p2a: Clefable|Calm Mind|p2a: Clefable
|-boost|p2a: Clefable|spa|1
|-boost|p2a: Clefable|spd|1
|move|p1a: Blissey|Teleport|p1a: Blissey
|
|t:|1648316842
|switch|p1a: Corsola|Corsola-Galar, M|100/100|[from]move: Teleport
|
|upkeep
|turn|13
|
|t:|1648316845
|move|p2a: Clefable|Moonblast|p1a: Corsola
|-damage|p1a: Corsola|27/100
|move|p1a: Corsola|Mirror Coat|p2a: Clefable
|-damage|p2a: Clefable|0 fnt
|faint|p2a: Clefable
|
|upkeep
|c|☆beastyj157|oh
|inactive|beastyj157 has 120 seconds left.
|
|t:|1648316875
|switch|p2a: Weavile|Weavile, M|100/100
|-ability|p2a: Weavile|Pressure
|turn|14
|
|t:|1648316882
|switch|p1a: Toxapex|Toxapex, F|100/100
|move|p2a: Weavile|Knock Off|p1a: Toxapex
|-damage|p1a: Toxapex|65/100
|-enditem|p1a: Toxapex|Black Sludge|[from] move: Knock Off|[of] p2a: Weavile
|
|upkeep
|turn|15
|
|t:|1648316892
|move|p2a: Weavile|Swords Dance|p2a: Weavile
|-boost|p2a: Weavile|atk|2
|move|p1a: Toxapex|Scald|p2a: Weavile
|-crit|p2a: Weavile
|-damage|p2a: Weavile|64/100
|
|upkeep
|turn|16
|
|t:|1648316901
|move|p1a: Toxapex|Baneful Bunker|p1a: Toxapex
|-singleturn|p1a: Toxapex|move: Protect
|move|p2a: Weavile|Swords Dance|p2a: Weavile
|-boost|p2a: Weavile|atk|2
|
|upkeep
|turn|17
|c|☆beastyj157|no burns for u
|j| Greg Coupet
|inactive|beastyj157 has 120 seconds left.
|
|t:|1648316953
|switch|p1a: Corsola|Corsola-Galar, M|27/100
|move|p2a: Weavile|Knock Off|p1a: Corsola
|-supereffective|p1a: Corsola
|-damage|p1a: Corsola|0 fnt
|-enditem|p1a: Corsola|Eviolite|[from] move: Knock Off|[of] p2a: Weavile
|faint|p1a: Corsola
|
|upkeep
|
|t:|1648316958
|switch|p1a: Ditto|Ditto|100/100
|-transform|p1a: Ditto|p2a: Weavile|[from] ability: Imposter
|-ability|p1a: Ditto|Pressure
|turn|18
|
|t:|1648316976
|switch|p2a: Tapu Koko|Tapu Koko|100/100
|-fieldstart|move: Electric Terrain|[from] ability: Electric Surge|[of] p2a: Tapu Koko
|move|p1a: Ditto|Knock Off|p2a: Tapu Koko
|-resisted|p2a: Tapu Koko
|-damage|p2a: Tapu Koko|3/100
|-enditem|p2a: Tapu Koko|Heavy-Duty Boots|[from] move: Knock Off|[of] p1a: Ditto
|
|upkeep
|turn|19
|
|t:|1648316985
|move|p1a: Ditto|Knock Off|p2a: Tapu Koko
|-resisted|p2a: Tapu Koko
|-damage|p2a: Tapu Koko|0 fnt
|faint|p2a: Tapu Koko
|
|upkeep
|c|☆beastyj157|im in danger
|
|t:|1648316997
|switch|p2a: Landorus|Landorus-Therian, M|100/100
|-damage|p2a: Landorus|88/100|[from] Stealth Rock
|-ability|p2a: Landorus|Intimidate|boost
|-unboost|p1a: Ditto|atk|1
|turn|20
|
|t:|1648317003
|switch|p1a: Weezing|Weezing-Galar, F|100/100
|move|p2a: Landorus|Earthquake|p1a: Weezing
|-immune|p1a: Weezing|[from] ability: Levitate
|
|-heal|p2a: Landorus|94/100|[from] item: Leftovers
|upkeep
|turn|21
|j| Pansage 2006
|j| gewwge
|
|t:|1648317027
|move|p2a: Landorus|Stealth Rock|p1a: Weezing
|-sidestart|p1: LeaderMissingNo|move: Stealth Rock
|move|p1a: Weezing|Pain Split|p2a: Landorus
|-sethp|p2a: Landorus|91/100|[from] move: Pain Split|[silent]
|-sethp|p1a: Weezing|100/100|[from] move: Pain Split
|
|-heal|p2a: Landorus|97/100|[from] item: Leftovers
|upkeep
|turn|22
|inactive|beastyj157 has 120 seconds left.
|
|t:|1648317058
|move|p2a: Landorus|U-turn|p1a: Weezing
|-resisted|p1a: Weezing
|-damage|p1a: Weezing|97/100
|
|t:|1648317060
|switch|p2a: Heatran|Heatran, F|100/100|[from]move: U-turn
|-damage|p2a: Heatran|88/100|[from] Stealth Rock
|move|p1a: Weezing|Defog|p2a: Heatran
|-unboost|p2a: Heatran|evasion|1
|-sideend|p2: beastyj157|Stealth Rock|[from] move: Defog|[of] p1a: Weezing
|-sideend|p1: LeaderMissingNo|Stealth Rock|[from] move: Defog|[of] p1a: Weezing
|-fieldend|move: Electric Terrain
|
|-heal|p2a: Heatran|94/100|[from] item: Leftovers
|upkeep
|turn|23
|
|t:|1648317068
|switch|p1a: Blissey|Blissey, F|62/100
|move|p2a: Heatran|Magma Storm|p1a: Blissey|[miss]
|-miss|p2a: Heatran|p1a: Blissey
|
|-heal|p2a: Heatran|100/100|[from] item: Leftovers
|-heal|p1a: Blissey|68/100|[from] item: Leftovers
|upkeep
|turn|24
|
|t:|1648317074
|move|p1a: Blissey|Protect|p1a: Blissey
|-singleturn|p1a: Blissey|Protect
|move|p2a: Heatran|Magma Storm|p1a: Blissey
|-activate|p1a: Blissey|move: Protect
|
|-heal|p1a: Blissey|74/100|[from] item: Leftovers
|upkeep
|turn|25
|
|t:|1648317080
|move|p2a: Heatran|Magma Storm|p1a: Blissey
|-damage|p1a: Blissey|59/100
|-activate|p1a: Blissey|move: Magma Storm|[of] p2a: Heatran
|move|p1a: Blissey|Seismic Toss|p2a: Heatran
|-damage|p2a: Heatran|75/100
|-status|p1a: Blissey|brn|[from] ability: Flame Body|[of] p2a: Heatran
|
|-heal|p2a: Heatran|81/100|[from] item: Leftovers
|-heal|p1a: Blissey|66/100 brn|[from] item: Leftovers
|-damage|p1a: Blissey|59/100 brn|[from] brn
|-damage|p1a: Blissey|47/100 brn|[from] move: Magma Storm|[partiallytrapped]
|upkeep
|turn|26
|c|☆LeaderMissingNo|lol
|
|t:|1648317093
|move|p2a: Heatran|Earth Power|p1a: Blissey
|-damage|p1a: Blissey|38/100 brn
|-unboost|p1a: Blissey|spd|1
|move|p1a: Blissey|Seismic Toss|p2a: Heatran
|-damage|p2a: Heatran|55/100
|
|-heal|p2a: Heatran|61/100|[from] item: Leftovers
|-heal|p1a: Blissey|44/100 brn|[from] item: Leftovers
|-damage|p1a: Blissey|38/100 brn|[from] brn
|-damage|p1a: Blissey|26/100 brn|[from] move: Magma Storm|[partiallytrapped]
|upkeep
|turn|27
|c|☆LeaderMissingNo|king of lucky
|j| SaberSeven
|
|t:|1648317109
|move|p2a: Heatran|Taunt|p1a: Blissey
|-start|p1a: Blissey|move: Taunt
|move|p1a: Blissey|Seismic Toss|p2a: Heatran
|-damage|p2a: Heatran|35/100
|
|-heal|p2a: Heatran|41/100|[from] item: Leftovers
|-heal|p1a: Blissey|32/100 brn|[from] item: Leftovers
|-damage|p1a: Blissey|26/100 brn|[from] brn
|-damage|p1a: Blissey|13/100 brn|[from] move: Magma Storm|[partiallytrapped]
|upkeep
|turn|28
|c|☆beastyj157|who is?
|c|☆beastyj157|me?
|
|t:|1648317119
|move|p2a: Heatran|Earth Power|p1a: Blissey
|-damage|p1a: Blissey|1/100 brn
|move|p1a: Blissey|Seismic Toss|p2a: Heatran
|-damage|p2a: Heatran|16/100
|
|-heal|p2a: Heatran|22/100|[from] item: Leftovers
|-heal|p1a: Blissey|7/100 brn|[from] item: Leftovers
|-damage|p1a: Blissey|1/100 brn|[from] brn
|-damage|p1a: Blissey|0 fnt|[from] move: Magma Storm|[partiallytrapped]
|faint|p1a: Blissey
|upkeep
|c|☆LeaderMissingNo|just you yes
|
|t:|1648317135
|switch|p1a: Toxapex|Toxapex, F|98/100
|turn|29
|c|☆beastyj157|that actually went in ur favour lol
|c|☆beastyj157|and its 30 percent
|inactive|beastyj157 has 120 seconds left.
|c|☆beastyj157|and i couldnt toxic bc of that
|c|☆beastyj157|so ye
|j| imverybigbigbig
|
|t:|1648317178
|switch|p2a: Slowbro|Slowbro, F|100/100
|move|p1a: Toxapex|Knock Off|p2a: Slowbro
|-supereffective|p2a: Slowbro
|-damage|p2a: Slowbro|81/100
|-damage|p1a: Toxapex|81/100|[from] item: Rocky Helmet|[of] p2a: Slowbro
|-enditem|p2a: Slowbro|Rocky Helmet|[from] move: Knock Off|[of] p1a: Toxapex
|
|upkeep
|turn|30
|c|☆LeaderMissingNo|you are just lucky
|
|t:|1648317186
|switch|p1a: Ferrothorn|Ferrothorn, M, shiny|25/100
|move|p2a: Slowbro|Future Sight|p1a: Ferrothorn
|-start|p2a: Slowbro|move: Future Sight
|
|-heal|p1a: Ferrothorn|31/100|[from] item: Leftovers
|upkeep
|turn|31
|c|☆beastyj157|jesus u play stall and accuse of luck
|c|☆beastyj157|dang
|
|t:|1648317195
|move|p1a: Ferrothorn|Stealth Rock|p2a: Slowbro
|-sidestart|p2: beastyj157|move: Stealth Rock
|move|p2a: Slowbro|Teleport|p2a: Slowbro
|inactive|beastyj157 has 120 seconds left.
|c|☆LeaderMissingNo|if you play stall you lose
|c|☆beastyj157|!dt flame body
|raw|<ul class="utilichart"><li class="result"><span class="col namecol"><a href="https://dex.pokemonshowdown.com/abilities/flamebody">Flame Body</a></span> <span class="col abilitydesccol">30% chance a Pokemon making contact with this Pokemon will be burned.</span> </li><li style="clear:both"></li></ul>
|raw|<font size="1"><font color="#686868">Gen:</font> 3</font>

|c|☆beastyj157|thats luck ig
|c| SaberSeven|If you play stall, you're bound to get haxed eventually.
|c|☆LeaderMissingNo|magma
|
|t:|1648317227
|switch|p2a: Heatran|Heatran, F|22/100|[from]move: Teleport
|-damage|p2a: Heatran|9/100|[from] Stealth Rock
|
|-heal|p2a: Heatran|16/100|[from] item: Leftovers
|-heal|p1a: Ferrothorn|37/100|[from] item: Leftovers
|upkeep
|turn|32
|
|t:|1648317234
|switch|p1a: Toxapex|Toxapex, F|100/100
|move|p2a: Heatran|Magma Storm|p1a: Toxapex
|-resisted|p1a: Toxapex
|-damage|p1a: Toxapex|86/100
|-activate|p1a: Toxapex|move: Magma Storm|[of] p2a: Heatran
|
|-end|p1a: Toxapex|move: Future Sight
|-supereffective|p1a: Toxapex
|-damage|p1a: Toxapex|34/100
|-heal|p2a: Heatran|22/100|[from] item: Leftovers
|-damage|p1a: Toxapex|22/100|[from] move: Magma Storm|[partiallytrapped]
|upkeep
|turn|33
|c| vvbvcb|shit be told
|c| Bayb The 2nd|you use stall you just get to be quiet
|c|☆beastyj157|bruh
|c|☆beastyj157|that was luck to
|
|t:|1648317250
|move|p2a: Heatran|Earth Power|p1a: Toxapex
|-supereffective|p1a: Toxapex
|-damage|p1a: Toxapex|0 fnt
|faint|p1a: Toxapex
|
|-heal|p2a: Heatran|28/100|[from] item: Leftovers
|upkeep
|
|t:|1648317255
|switch|p1a: Ditto|Ditto|100/100
|-transform|p1a: Ditto|p2a: Heatran|[from] ability: Imposter
|turn|34
|
|t:|1648317269
|switch|p2a: Landorus|Landorus-Therian, M|97/100
|-damage|p2a: Landorus|85/100|[from] Stealth Rock
|-ability|p2a: Landorus|Intimidate|boost
|-unboost|p1a: Ditto|atk|1
|move|p1a: Ditto|Magma Storm|p2a: Landorus
|-damage|p2a: Landorus|51/100
|-activate|p2a: Landorus|move: Magma Storm|[of] p1a: Ditto
|
|-heal|p2a: Landorus|57/100|[from] item: Leftovers
|-damage|p2a: Landorus|45/100|[from] move: Magma Storm|[partiallytrapped]
|upkeep
|turn|35
|c| vvbvcb|stall teams are always about luck
|inactive|beastyj157 has 120 seconds left.
|c|☆beastyj157|like whenever i face stall i have yt in the back ground thats how boring it can get
|c| vvbvcb|it is uncompetitive
|
|t:|1648317296
|switch|p1a: Weezing|Weezing-Galar, F|97/100
|move|p2a: Landorus|U-turn|p1a: Weezing
|-resisted|p1a: Weezing
|-damage|p1a: Weezing|94/100
|
|t:|1648317299
|switch|p2a: Heatran|Heatran, F|28/100|[from]move: U-turn
|-damage|p2a: Heatran|16/100|[from] Stealth Rock
|
|-heal|p2a: Heatran|22/100|[from] item: Leftovers
|upkeep
|turn|36
|
|t:|1648317316
|switch|p1a: Ditto|Ditto|100/100
|-transform|p1a: Ditto|p2a: Heatran|[from] ability: Imposter
|move|p2a: Heatran|Magma Storm|p1a: Ditto|[miss]
|-miss|p2a: Heatran|p1a: Ditto
|
|-heal|p2a: Heatran|28/100|[from] item: Leftovers
|upkeep
|turn|37
|j| sdgdgsadgs
|inactive|beastyj157 has 120 seconds left.
|c| Greg Coupet|just go slowbro
|c|☆beastyj157|ye ur just lucky bc i missed that
|c| Greg Coupet|and tp
|c|☆beastyj157|oh ye its scarf
|c|☆LeaderMissingNo|no you are lucky
|c| Greg Coupet|he can't taunt you
|c|☆beastyj157|lol
|
|t:|1648317344
|switch|p2a: Slowbro|Slowbro, F|100/100
|-damage|p2a: Slowbro|88/100|[from] Stealth Rock
|move|p1a: Ditto|Earth Power|p2a: Slowbro
|-damage|p2a: Slowbro|61/100
|
|upkeep
|turn|38
|
|t:|1648317349
|switch|p1a: Ferrothorn|Ferrothorn, M, shiny|37/100
|move|p2a: Slowbro|Future Sight|p1a: Ferrothorn
|-start|p2a: Slowbro|move: Future Sight
|
|-heal|p1a: Ferrothorn|43/100|[from] item: Leftovers
|upkeep
|turn|39
|
|t:|1648317356
|move|p1a: Ferrothorn|Knock Off|p2a: Slowbro
|-supereffective|p2a: Slowbro
|-damage|p2a: Slowbro|43/100
|move|p2a: Slowbro|Teleport|p2a: Slowbro
|
|t:|1648317361
|switch|p2a: Heatran|Heatran, F|28/100|[from]move: Teleport
|-damage|p2a: Heatran|16/100|[from] Stealth Rock
|
|-heal|p2a: Heatran|22/100|[from] item: Leftovers
|-heal|p1a: Ferrothorn|50/100|[from] item: Leftovers
|upkeep
|turn|40
|
|t:|1648317375
|move|p2a: Heatran|Magma Storm|p1a: Ferrothorn
|-supereffective|p1a: Ferrothorn
|-damage|p1a: Ferrothorn|0 fnt
|faint|p1a: Ferrothorn
|
|-hint|Future Sight did not hit because the target is fainted.
|-heal|p2a: Heatran|28/100|[from] item: Leftovers
|upkeep
|c|☆beastyj157|thx greg ig
|
|t:|1648317379
|switch|p1a: Ditto|Ditto|100/100
|-transform|p1a: Ditto|p2a: Heatran|[from] ability: Imposter
|turn|41
|c| Greg Coupet|np
|
|t:|1648317388
|switch|p2a: Slowbro|Slowbro, F|76/100
|-damage|p2a: Slowbro|64/100|[from] Stealth Rock
|move|p1a: Ditto|Magma Storm|p2a: Slowbro|[miss]
|-miss|p1a: Ditto|p2a: Slowbro
|
|upkeep
|turn|42
|c| Greg Coupet|i don't want to face stall next lmao
|c| imverybigbigbig|I disagree stall can be competitive but it's like backdooring in a MOBA
|c| imverybigbigbig|frowned upon
|c| SaberSeven|I think Beasty was up in the first place
|c| imverybigbigbig|you'll be hated for it
|c|☆LeaderMissingNo|win for lucky boy , good luck for the next time
|-message|LeaderMissingNo forfeited.
|
|win|beastyj157
|n|☆LeaderMissingNo|leadermissingno
|n|☆beastyj157|beastyj157
|n| SKIP THE DRIP|skipthedrip
|n| vvbvcb|vvbvcb
|n| Bayb The 2nd|baybthe2nd
|n| Greg Coupet|gregcoupet
|n| Pansage 2006|pansage2006
|n| gewwge|gewwge
|n| SaberSeven|saberseven
|n| imverybigbigbig|imverybigbigbig
|n| sdgdgsadgs|sdgdgsadgs
|l|☆LeaderMissingNo
|c|☆beastyj157|._.
|c| SaberSeven|G_G
|l| imverybigbigbig
|c| Greg Coupet|gg
|c| vvbvcb|gg
|c|☆beastyj157|gg
|l|☆beastyj157
|l| SaberSeven
|l| vvbvcb
|l| SKIP THE DRIP
|j| SKIP THE DRIP
|l| SKIP THE DRIP
|l| Bayb The 2nd
|l| sdgdgsadgs
|l| Greg Coupet
|j| Bayb The 2nd
