|j|‽balenciiaga
|j|☆stopthreat
|t:|1647453914
|gametype|singles
|player|p1|balenciiaga|elesa|1544
|player|p2|stopthreat|boarder|1489
|teamsize|p1|6
|teamsize|p2|6
|gen|8
|tier|[Gen 8] OU
|rated|
|rule|Sleep Clause Mod: Limit one foe put to sleep
|rule|Species Clause: Limit one of each Pokémon
|rule|OHKO Clause: OHKO moves are banned
|rule|Evasion Moves Clause: Evasion moves are banned
|rule|Endless Battle Clause: Forcing endless battles is banned
|rule|HP Percentage Mod: HP is shown in percentages
|rule|Dynamax Clause: You cannot dynamax
|clearpoke
|poke|p1|Victini|
|poke|p1|Swampert, F|
|poke|p1|Cobalion|
|poke|p1|Tapu Koko|
|poke|p1|Landorus-Therian, M|
|poke|p1|Tornadus-Therian, M|
|poke|p2|Corviknight, M|
|poke|p2|Tapu Fini|
|poke|p2|Dragapult, F|
|poke|p2|Garchomp, F|
|poke|p2|Clefable, F|
|poke|p2|Crawdaunt, M|
|teampreview
|
|t:|1647453919
|start
|switch|p1a: Landorus|Landorus-Therian, M|100/100
|switch|p2a: Clefable|Clefable, F|100/100
|-ability|p1a: Landorus|Intimidate|boost
|-unboost|p2a: Clefable|atk|1
|turn|1
|inactive|Battle timer is ON: inactive players will automatically lose when time's up. (requested by stopthreat)
|
|t:|1647453931
|move|p2a: Clefable|Moonblast|p1a: Landorus
|-damage|p1a: Landorus|59/100
|move|p1a: Landorus|Earthquake|p2a: Clefable
|-damage|p2a: Clefable|42/100
|
|-heal|p1a: Landorus|65/100|[from] item: Leftovers
|upkeep
|turn|2
|
|t:|1647453938
|switch|p2a: Corviknight|Corviknight, M|100/100
|-ability|p2a: Corviknight|Pressure
|move|p1a: Landorus|U-turn|p2a: Corviknight
|-resisted|p2a: Corviknight
|-damage|p2a: Corviknight|96/100
|
|t:|1647453951
|switch|p1a: Tapu Koko|Tapu Koko|100/100|[from]move: U-turn
|-fieldstart|move: Electric Terrain|[from] ability: Electric Surge|[of] p1a: Tapu Koko
|
|upkeep
|turn|3
|
|t:|1647453956
|switch|p2a: Garchomp|Garchomp, F|100/100
|move|p1a: Tapu Koko|Dazzling Gleam|p2a: Garchomp
|-supereffective|p2a: Garchomp
|-damage|p2a: Garchomp|32/100
|
|-heal|p2a: Garchomp|38/100|[from] item: Leftovers
|upkeep
|turn|4
|
|t:|1647453969
|switch|p1a: Victini|Victini|100/100
|switch|p2a: Corviknight|Corviknight, M|96/100
|-ability|p2a: Corviknight|Pressure
|
|upkeep
|turn|5
|
|t:|1647453974
|switch|p2a: Tapu Fini|Tapu Fini|100/100
|-fieldstart|move: Misty Terrain|[from] ability: Misty Surge|[of] p2a: Tapu Fini
|move|p1a: Victini|V-create|p2a: Tapu Fini
|-resisted|p2a: Tapu Fini
|-damage|p2a: Tapu Fini|60/100
|-unboost|p1a: Victini|spe|1
|-unboost|p1a: Victini|def|1
|-unboost|p1a: Victini|spd|1
|
|-heal|p2a: Tapu Fini|66/100|[from] item: Leftovers
|upkeep
|turn|6
|
|t:|1647453981
|switch|p1a: Tornadus|Tornadus-Therian, M|100/100
|move|p2a: Tapu Fini|Surf|p1a: Tornadus
|-damage|p1a: Tornadus|69/100
|
|-heal|p2a: Tapu Fini|72/100|[from] item: Leftovers
|upkeep
|turn|7
|
|t:|1647453984
|switch|p2a: Garchomp|Garchomp, F|38/100
|move|p1a: Tornadus|Knock Off|p2a: Garchomp
|-damage|p2a: Garchomp|22/100
|-damage|p1a: Tornadus|57/100|[from] ability: Rough Skin|[of] p2a: Garchomp
|-enditem|p2a: Garchomp|Leftovers|[from] move: Knock Off|[of] p1a: Tornadus
|
|upkeep
|turn|8
|
|t:|1647453988
|move|p1a: Tornadus|Hurricane|p2a: Garchomp|[miss]
|-miss|p1a: Tornadus|p2a: Garchomp
|move|p2a: Garchomp|Stealth Rock|p1a: Tornadus
|-sidestart|p1: balenciiaga|move: Stealth Rock
|
|upkeep
|turn|9
|
|t:|1647453991
|move|p1a: Tornadus|Defog|p2a: Garchomp
|-unboost|p2a: Garchomp|evasion|1
|-sideend|p1: balenciiaga|Stealth Rock|[from] move: Defog|[of] p1a: Tornadus
|-fieldend|Misty Terrain
|move|p2a: Garchomp|Toxic|p1a: Tornadus
|-status|p1a: Tornadus|tox
|
|-damage|p1a: Tornadus|50/100 tox|[from] psn
|upkeep
|turn|10
|
|t:|1647453993
|move|p1a: Tornadus|Hurricane|p2a: Garchomp
|-damage|p2a: Garchomp|0 fnt
|faint|p2a: Garchomp
|
|-damage|p1a: Tornadus|38/100 tox|[from] psn
|upkeep
|
|t:|1647453999
|switch|p2a: Dragapult|Dragapult, F|100/100
|turn|11
|
|t:|1647454001
|move|p2a: Dragapult|Shadow Ball|p1a: Tornadus
|-damage|p1a: Tornadus|0 fnt
|faint|p1a: Tornadus
|
|upkeep
|
|t:|1647454018
|switch|p1a: Swampert|Swampert, F|100/100
|turn|12
|
|t:|1647454025
|switch|p2a: Clefable|Clefable, F|42/100
|move|p1a: Swampert|Yawn|p2a: Clefable
|-start|p2a: Clefable|move: Yawn|[of] p1a: Swampert
|
|upkeep
|turn|13
|
|t:|1647454027
|move|p2a: Clefable|Soft-Boiled|p2a: Clefable
|-heal|p2a: Clefable|92/100
|move|p1a: Swampert|Stealth Rock|p2a: Clefable
|-sidestart|p2: stopthreat|move: Stealth Rock
|
|-end|p2a: Clefable|move: Yawn|[silent]
|-status|p2a: Clefable|slp
|upkeep
|turn|14
|
|t:|1647454031
|cant|p2a: Clefable|slp
|move|p1a: Swampert|Flip Turn|p2a: Clefable
|-damage|p2a: Clefable|63/100 slp
|
|t:|1647454034
|switch|p1a: Victini|Victini|100/100|[from]move: Flip Turn
|
|upkeep
|turn|15
|
|t:|1647454060
|move|p1a: Victini|V-create|p2a: Clefable
|-damage|p2a: Clefable|0 fnt
|-unboost|p1a: Victini|spe|1
|-unboost|p1a: Victini|def|1
|-unboost|p1a: Victini|spd|1
|faint|p2a: Clefable
|
|upkeep
|
|t:|1647454063
|switch|p2a: Dragapult|Dragapult, F|100/100
|-damage|p2a: Dragapult|88/100|[from] Stealth Rock
|turn|16
|
|t:|1647454070
|switch|p1a: Landorus|Landorus-Therian, M|65/100
|-ability|p1a: Landorus|Intimidate|boost
|-unboost|p2a: Dragapult|atk|1
|move|p2a: Dragapult|Shadow Ball|p1a: Landorus
|-damage|p1a: Landorus|27/100
|
|-heal|p1a: Landorus|33/100|[from] item: Leftovers
|upkeep
|turn|17
|
|t:|1647454095
|move|p2a: Dragapult|Shadow Ball|p1a: Landorus
|-crit|p1a: Landorus
|-damage|p1a: Landorus|0 fnt
|faint|p1a: Landorus
|
|upkeep
|
|t:|1647454104
|switch|p1a: Swampert|Swampert, F|100/100
|turn|18
|
|t:|1647454112
|switch|p2a: Corviknight|Corviknight, M|96/100
|-damage|p2a: Corviknight|84/100|[from] Stealth Rock
|-ability|p2a: Corviknight|Pressure
|move|p1a: Swampert|Flip Turn|p2a: Corviknight
|-damage|p2a: Corviknight|66/100
|
|t:|1647454115
|switch|p1a: Tapu Koko|Tapu Koko|100/100|[from]move: Flip Turn
|-fieldstart|move: Electric Terrain|[from] ability: Electric Surge|[of] p1a: Tapu Koko
|
|upkeep
|turn|19
|
|t:|1647454127
|move|p1a: Tapu Koko|Volt Switch|p2a: Corviknight
|-supereffective|p2a: Corviknight
|-damage|p2a: Corviknight|0 fnt
|faint|p2a: Corviknight
|
|t:|1647454136
|switch|p1a: Cobalion|Cobalion|100/100|[from]move: Volt Switch
|
|upkeep
|
|t:|1647454144
|switch|p2a: Tapu Fini|Tapu Fini|72/100
|-damage|p2a: Tapu Fini|60/100|[from] Stealth Rock
|-fieldstart|move: Misty Terrain|[from] ability: Misty Surge|[of] p2a: Tapu Fini
|turn|20
|
|t:|1647454165
|move|p1a: Cobalion|Swords Dance|p1a: Cobalion
|-boost|p1a: Cobalion|atk|2
|move|p2a: Tapu Fini|Calm Mind|p2a: Tapu Fini
|-boost|p2a: Tapu Fini|spa|1
|-boost|p2a: Tapu Fini|spd|1
|
|-heal|p2a: Tapu Fini|66/100|[from] item: Leftovers
|upkeep
|turn|21
|
|t:|1647454168
|move|p1a: Cobalion|Iron Head|p2a: Tapu Fini
|-damage|p2a: Tapu Fini|24/100
|move|p2a: Tapu Fini|Draining Kiss|p1a: Cobalion
|-crit|p1a: Cobalion
|-damage|p1a: Cobalion|46/100
|-heal|p2a: Tapu Fini|62/100|[from] drain|[of] p1a: Cobalion
|-damage|p2a: Tapu Fini|46/100|[from] item: Rocky Helmet|[of] p1a: Cobalion
|
|-heal|p2a: Tapu Fini|52/100|[from] item: Leftovers
|upkeep
|turn|22
|
|t:|1647454176
|switch|p2a: Crawdaunt|Crawdaunt, M|100/100
|-damage|p2a: Crawdaunt|88/100|[from] Stealth Rock
|move|p1a: Cobalion|Iron Head|p2a: Crawdaunt
|-resisted|p2a: Crawdaunt
|-damage|p2a: Crawdaunt|41/100
|
|upkeep
|turn|23
|
|t:|1647454181
|move|p2a: Crawdaunt|Aqua Jet|p1a: Cobalion
|-damage|p1a: Cobalion|8/100
|-damage|p2a: Crawdaunt|25/100|[from] item: Rocky Helmet|[of] p1a: Cobalion
|move|p1a: Cobalion|Iron Head|p2a: Crawdaunt
|-resisted|p2a: Crawdaunt
|-damage|p2a: Crawdaunt|0 fnt
|faint|p2a: Crawdaunt
|
|upkeep
|
|t:|1647454183
|switch|p2a: Dragapult|Dragapult, F|88/100
|-damage|p2a: Dragapult|76/100|[from] Stealth Rock
|turn|24
|
|t:|1647454187
|move|p2a: Dragapult|Shadow Ball|p1a: Cobalion
|-damage|p1a: Cobalion|0 fnt
|faint|p1a: Cobalion
|
|-fieldend|Misty Terrain
|upkeep
|
|t:|1647454193
|switch|p1a: Swampert|Swampert, F|100/100
|turn|25
|
|t:|1647454208
|move|p2a: Dragapult|Shadow Ball|p1a: Swampert
|-damage|p1a: Swampert|67/100
|-unboost|p1a: Swampert|spd|1
|move|p1a: Swampert|Earthquake|p2a: Dragapult
|-damage|p2a: Dragapult|29/100
|
|-heal|p1a: Swampert|73/100|[from] item: Leftovers
|upkeep
|turn|26
|
|t:|1647454215
|move|p2a: Dragapult|Shadow Ball|p1a: Swampert
|-damage|p1a: Swampert|20/100
|move|p1a: Swampert|Earthquake|p2a: Dragapult
|-damage|p2a: Dragapult|0 fnt
|faint|p2a: Dragapult
|
|-heal|p1a: Swampert|26/100|[from] item: Leftovers
|upkeep
|
|t:|1647454223
|switch|p2a: Tapu Fini|Tapu Fini|52/100
|-damage|p2a: Tapu Fini|39/100|[from] Stealth Rock
|-fieldstart|move: Misty Terrain|[from] ability: Misty Surge|[of] p2a: Tapu Fini
|turn|27
|
|t:|1647454226
|move|p2a: Tapu Fini|Calm Mind|p2a: Tapu Fini
|-boost|p2a: Tapu Fini|spa|1
|-boost|p2a: Tapu Fini|spd|1
|move|p1a: Swampert|Flip Turn|p2a: Tapu Fini
|-resisted|p2a: Tapu Fini
|-crit|p2a: Tapu Fini
|-damage|p2a: Tapu Fini|29/100
|
|t:|1647454228
|switch|p1a: Tapu Koko|Tapu Koko|100/100|[from]move: Flip Turn
|-fieldstart|move: Electric Terrain|[from] ability: Electric Surge|[of] p1a: Tapu Koko
|
|-heal|p2a: Tapu Fini|35/100|[from] item: Leftovers
|upkeep
|turn|28
|
|t:|1647454231
|move|p1a: Tapu Koko|Thunderbolt|p2a: Tapu Fini
|-supereffective|p2a: Tapu Fini
|-damage|p2a: Tapu Fini|0 fnt
|faint|p2a: Tapu Fini
|
|win|balenciiaga
|raw|balenciiaga's rating: 1544 &rarr; <strong>1560</strong><br />(+16 for winning)
|raw|stopthreat's rating: 1471 &rarr; <strong>1455</strong><br />(-16 for losing)
|l|☆stopthreat
||Ladder isn't responding, score probably updated but might not have (Request timeout).
