|html|<div class="broadcast-blue"><strong>[Gen 8] OU is currently suspecting Melmetal! For information on how to participate check out the <a href="https://www.smogon.com/forums/threads/np-ss-ou-suspect-process-round-12-monster-mash.3709234/">suspect thread</a>.</strong></div>
|j|☆Mel2345
|j|☆IIIodyne
|inactive|Battle timer is ON: inactive players will automatically lose when time's up.
|t:|1666515299
|gametype|singles
|player|p1|Mel2345|cheren-gen5bw2|
|player|p2|IIIodyne|265|
|teamsize|p1|6
|teamsize|p2|6
|gen|8
|tier|[Gen 8] OU
|rated|Tournament battle
|rule|Sleep Clause Mod: Limit one foe put to sleep
|rule|Species Clause: Limit one of each Pokémon
|rule|OHKO Clause: OHKO moves are banned
|rule|Evasion Items Clause: Evasion items are banned
|rule|Evasion Moves Clause: Evasion moves are banned
|rule|Endless Battle Clause: Forcing endless battles is banned
|rule|HP Percentage Mod: HP is shown in percentages
|rule|Dynamax Clause: You cannot dynamax
|clearpoke
|poke|p1|Weavile, F|
|poke|p1|Tapu Koko|
|poke|p1|Victini|
|poke|p1|Landorus-Therian, M|
|poke|p1|Tapu Fini|
|poke|p1|Corviknight, M|
|poke|p2|Snorlax, M|
|poke|p2|Suicune|
|poke|p2|Melmetal|
|poke|p2|Victini|
|poke|p2|Landorus-Therian, M|
|poke|p2|Zapdos|
|teampreview
|j| SatorinKomeiji
|c|☆IIIodyne|hf
|j| cypherstest
|j|%moondazing
|
|t:|1666515307
|start
|switch|p1a: Tapu Fini|Tapu Fini|100/100
|switch|p2a: Landorus|Landorus-Therian, M|100/100
|-ability|p2a: Landorus|Intimidate|boost
|-unboost|p1a: Tapu Fini|atk|1
|-fieldstart|move: Misty Terrain|[from] ability: Misty Surge|[of] p1a: Tapu Fini
|turn|1
|
|t:|1666515312
|switch|p2a: Melmetal|Melmetal|100/100
|move|p1a: Tapu Fini|Whirlpool|p2a: Melmetal
|-damage|p2a: Melmetal|92/100
|-activate|p2a: Melmetal|move: Whirlpool|[of] p1a: Tapu Fini
|
|-damage|p2a: Melmetal|80/100|[from] move: Whirlpool|[partiallytrapped]
|upkeep
|turn|2
|
|t:|1666515318
|move|p1a: Tapu Fini|Nature's Madness|p2a: Melmetal
|-damage|p2a: Melmetal|40/100
|move|p2a: Melmetal|Thunder Punch|p1a: Tapu Fini
|-supereffective|p1a: Tapu Fini
|-damage|p1a: Tapu Fini|48/100
|
|-heal|p1a: Tapu Fini|54/100|[from] item: Leftovers
|-damage|p2a: Melmetal|28/100|[from] move: Whirlpool|[partiallytrapped]
|upkeep
|turn|3
|
|t:|1666515324
|switch|p1a: Landorus|Landorus-Therian, M|100/100
|-ability|p1a: Landorus|Intimidate|boost
|-unboost|p2a: Melmetal|atk|1
|move|p2a: Melmetal|Double Iron Bash|p1a: Landorus
|-damage|p1a: Landorus|80/100
|-damage|p1a: Landorus|60/100
|-hitcount|p1a: Landorus|2
|
|-heal|p1a: Landorus|66/100|[from] item: Leftovers
|-end|p2a: Melmetal|Whirlpool|[partiallytrapped]|[silent]
|upkeep
|turn|4
|
|t:|1666515329
|move|p1a: Landorus|Stealth Rock|p2a: Melmetal
|-sidestart|p2: IIIodyne|move: Stealth Rock
|move|p2a: Melmetal|Ice Punch|p1a: Landorus
|-supereffective|p1a: Landorus
|-damage|p1a: Landorus|0 fnt
|faint|p1a: Landorus
|
|upkeep
|
|t:|1666515334
|switch|p1a: Tapu Koko|Tapu Koko|100/100
|-fieldstart|move: Electric Terrain|[from] ability: Electric Surge|[of] p1a: Tapu Koko
|turn|5
|
|t:|1666515339
|move|p1a: Tapu Koko|U-turn|p2a: Melmetal
|-resisted|p2a: Melmetal
|-damage|p2a: Melmetal|23/100
|
|t:|1666515341
|switch|p1a: Corviknight|Corviknight, M|100/100|[from]move: U-turn
|-ability|p1a: Corviknight|Pressure
|move|p2a: Melmetal|Earthquake|p1a: Corviknight
|-immune|p1a: Corviknight
|
|upkeep
|turn|6
|
|t:|1666515344
|move|p1a: Corviknight|Body Press|p2a: Melmetal
|-supereffective|p2a: Melmetal
|-damage|p2a: Melmetal|0 fnt
|faint|p2a: Melmetal
|
|upkeep
|
|t:|1666515347
|switch|p2a: Zapdos|Zapdos|100/100
|turn|7
|
|t:|1666515352
|move|p2a: Zapdos|Defog|p1a: Corviknight
|-unboost|p1a: Corviknight|evasion|1
|-sideend|p2: IIIodyne|Stealth Rock|[from] move: Defog|[of] p2a: Zapdos
|-fieldend|move: Electric Terrain
|move|p1a: Corviknight|Roost||[still]
|-fail|p1a: Corviknight|heal
|
|upkeep
|turn|8
|
|t:|1666515357
|move|p2a: Zapdos|Heat Wave|p1a: Corviknight
|-supereffective|p1a: Corviknight
|-crit|p1a: Corviknight
|-damage|p1a: Corviknight|11/100
|move|p1a: Corviknight|Roost|p1a: Corviknight
|-heal|p1a: Corviknight|61/100
|-singleturn|p1a: Corviknight|move: Roost
|
|upkeep
|turn|9
|
|t:|1666515364
|switch|p1a: Victini|Victini|100/100
|move|p2a: Zapdos|Volt Switch|p1a: Victini
|-damage|p1a: Victini|65/100
|
|t:|1666515366
|switch|p2a: Landorus|Landorus-Therian, M|100/100|[from]move: Volt Switch
|-ability|p2a: Landorus|Intimidate|boost
|-unboost|p1a: Victini|atk|1
|
|upkeep
|turn|10
|
|t:|1666515368
|move|p2a: Landorus|Knock Off|p1a: Victini
|-supereffective|p1a: Victini
|-damage|p1a: Victini|0 fnt
|-enditem|p1a: Victini|Heavy-Duty Boots|[from] move: Knock Off|[of] p2a: Landorus
|faint|p1a: Victini
|
|upkeep
|
|t:|1666515373
|switch|p1a: Weavile|Weavile, F|100/100
|-ability|p1a: Weavile|Pressure
|turn|11
|
|t:|1666515377
|switch|p2a: Suicune|Suicune|100/100
|-ability|p2a: Suicune|Pressure
|move|p1a: Weavile|Swords Dance|p1a: Weavile
|-boost|p1a: Weavile|atk|2
|
|upkeep
|turn|12
|
|t:|1666515382
|move|p1a: Weavile|Knock Off|p2a: Suicune
|-damage|p2a: Suicune|43/100
|-enditem|p2a: Suicune|Leftovers|[from] move: Knock Off|[of] p1a: Weavile
|move|p2a: Suicune|Scald|p1a: Weavile
|-damage|p1a: Weavile|63/100
|-status|p1a: Weavile|brn
|
|-damage|p1a: Weavile|57/100 brn|[from] brn
|upkeep
|turn|13
|
|t:|1666515385
|move|p1a: Weavile|Knock Off|p2a: Suicune
|-damage|p2a: Suicune|25/100
|move|p2a: Suicune|Scald|p1a: Weavile
|-damage|p1a: Weavile|20/100 brn
|
|-damage|p1a: Weavile|14/100 brn|[from] brn
|upkeep
|turn|14
|
|t:|1666515390
|move|p1a: Weavile|Knock Off|p2a: Suicune
|-damage|p2a: Suicune|7/100
|move|p2a: Suicune|Rest|p2a: Suicune
|-status|p2a: Suicune|slp|[from] move: Rest
|-heal|p2a: Suicune|100/100 slp|[silent]
|
|-damage|p1a: Weavile|8/100 brn|[from] brn
|upkeep
|turn|15
|
|t:|1666515395
|switch|p1a: Tapu Koko|Tapu Koko|100/100
|-fieldstart|move: Electric Terrain|[from] ability: Electric Surge|[of] p1a: Tapu Koko
|cant|p2a: Suicune|slp
|
|upkeep
|turn|16
|
|t:|1666515400
|switch|p2a: Snorlax|Snorlax, M|100/100
|move|p1a: Tapu Koko|Dazzling Gleam|p2a: Snorlax
|-damage|p2a: Snorlax|86/100
|
|-heal|p2a: Snorlax|92/100|[from] item: Leftovers
|upkeep
|turn|17
|
|t:|1666515408
|switch|p2a: Landorus|Landorus-Therian, M|100/100
|-ability|p2a: Landorus|Intimidate|boost
|-unboost|p1a: Tapu Koko|atk|1
|move|p1a: Tapu Koko|U-turn|p2a: Landorus
|-resisted|p2a: Landorus
|-damage|p2a: Landorus|95/100
|
|t:|1666515411
|switch|p1a: Weavile|Weavile, F|8/100 brn|[from]move: U-turn
|-ability|p1a: Weavile|Pressure
|
|-damage|p1a: Weavile|2/100 brn|[from] brn
|upkeep
|turn|18
|
|t:|1666515417
|switch|p2a: Suicune|Suicune|100/100 slp
|-ability|p2a: Suicune|Pressure
|move|p1a: Weavile|Triple Axel|p2a: Suicune|[miss]
|-miss|p1a: Weavile|p2a: Suicune
|
|-damage|p1a: Weavile|0 fnt|[from] brn
|faint|p1a: Weavile
|upkeep
|
|t:|1666515424
|switch|p1a: Tapu Fini|Tapu Fini|54/100
|-fieldstart|move: Misty Terrain|[from] ability: Misty Surge|[of] p1a: Tapu Fini
|turn|19
|
|t:|1666515429
|switch|p2a: Zapdos|Zapdos|100/100
|move|p1a: Tapu Fini|Whirlpool|p2a: Zapdos|[miss]
|-miss|p1a: Tapu Fini|p2a: Zapdos
|
|-heal|p1a: Tapu Fini|60/100|[from] item: Leftovers
|upkeep
|turn|20
|
|t:|1666515433
|switch|p1a: Tapu Koko|Tapu Koko|100/100
|-fieldstart|move: Electric Terrain|[from] ability: Electric Surge|[of] p1a: Tapu Koko
|move|p2a: Zapdos|Volt Switch|p1a: Tapu Koko
|-resisted|p1a: Tapu Koko
|-damage|p1a: Tapu Koko|72/100
|
|t:|1666515435
|switch|p2a: Victini|Victini|100/100|[from]move: Volt Switch
|
|upkeep
|turn|21
|
|t:|1666515439
|move|p1a: Tapu Koko|U-turn|p2a: Victini
|-damage|p2a: Victini|86/100
|
|t:|1666515443
|switch|p1a: Tapu Fini|Tapu Fini|60/100|[from]move: U-turn
|-fieldstart|move: Misty Terrain|[from] ability: Misty Surge|[of] p1a: Tapu Fini
|move|p2a: Victini|Bolt Strike|p1a: Tapu Fini
|-supereffective|p1a: Tapu Fini
|-crit|p1a: Tapu Fini
|-damage|p1a: Tapu Fini|0 fnt
|faint|p1a: Tapu Fini
|
|upkeep
|
|t:|1666515446
|switch|p1a: Corviknight|Corviknight, M|61/100
|-ability|p1a: Corviknight|Pressure
|turn|22
|
|t:|1666515450
|move|p2a: Victini|Bolt Strike|p1a: Corviknight
|-supereffective|p1a: Corviknight
|-damage|p1a: Corviknight|0 fnt
|-damage|p2a: Victini|69/100|[from] item: Rocky Helmet|[of] p1a: Corviknight
|faint|p1a: Corviknight
|
|upkeep
|
|t:|1666515453
|switch|p1a: Tapu Koko|Tapu Koko|72/100
|-fieldstart|move: Electric Terrain|[from] ability: Electric Surge|[of] p1a: Tapu Koko
|turn|23
|c|☆IIIodyne|gg
|
|t:|1666515457
|switch|p2a: Landorus|Landorus-Therian, M|95/100
|-ability|p2a: Landorus|Intimidate|boost
|-unboost|p1a: Tapu Koko|atk|1
|move|p1a: Tapu Koko|Thunderbolt|p2a: Landorus
|-immune|p2a: Landorus
|
|upkeep
|turn|24
|
|t:|1666515462
|move|p2a: Landorus|Earthquake|p1a: Tapu Koko
|-supereffective|p1a: Tapu Koko
|-crit|p1a: Tapu Koko
|-damage|p1a: Tapu Koko|0 fnt
|faint|p1a: Tapu Koko
|
|win|IIIodyne
|n|☆Mel2345|mel2345
|n|☆IIIodyne|iiiodyne
|n| SatorinKomeiji|satorinkomeiji
|n| cypherstest|cypherstest
|n|+moondazing|moondazing
|c|☆Mel2345|gg
|l|☆Mel2345
|l|+moondazing
|l| SatorinKomeiji
