|j|☆minimax_ai
|j|☆Steez Ibanez
|t:|1667514851
|gametype|singles
|player|p1|minimax_ai|lusamine-nihilego|1644
|player|p2|Steez Ibanez|acetrainer-gen7|1760
|teamsize|p1|6
|teamsize|p2|6
|gen|8
|tier|[Gen 8] OU
|rated|
|rule|Sleep Clause Mod: Limit one foe put to sleep
|rule|Species Clause: Limit one of each Pokémon
|rule|OHKO Clause: OHKO moves are banned
|rule|Evasion Items Clause: Evasion items are banned
|rule|Evasion Moves Clause: Evasion moves are banned
|rule|Endless Battle Clause: Forcing endless battles is banned
|rule|HP Percentage Mod: HP is shown in percentages
|rule|Dynamax Clause: You cannot dynamax
|clearpoke
|poke|p1|Rotom-Wash|
|poke|p1|Weavile, F|
|poke|p1|Landorus-Therian, M|
|poke|p1|Heatran, M|
|poke|p1|Tangrowth, M|
|poke|p1|Melmetal|
|poke|p2|Weavile, M|
|poke|p2|Ferrothorn, M|
|poke|p2|Zapdos|
|poke|p2|Landorus-Therian, M|
|poke|p2|Urshifu-*, M|
|poke|p2|Garchomp, M|
|teampreview
|inactive|Battle timer is ON: inactive players will automatically lose when time's up. (requested by Steez Ibanez)
|c|☆minimax_ai|hf
|inactive|minimax_ai also wants the timer to be on.
|
|t:|1667514861
|start
|switch|p1a: Tangrowth|Tangrowth, M|100/100
|switch|p2a: Bolt|Zapdos|100/100
|turn|1
|
|t:|1667514865
|switch|p1a: landorustherian|Landorus-Therian, M|100/100
|-ability|p1a: landorustherian|Intimidate|boost
|-unboost|p2a: Bolt|atk|1
|move|p2a: Bolt|Toxic|p1a: landorustherian
|-status|p1a: landorustherian|tox
|
|-damage|p1a: landorustherian|94/100 tox|[from] psn
|upkeep
|turn|2
|
|t:|1667514871
|switch|p2a: Abomination|Ferrothorn, M|100/100
|switch|p1a: Melmetal|Melmetal|100/100
|
|upkeep
|turn|3
|
|t:|1667514874
|switch|p1a: Heatran|Heatran, M|100/100
|-item|p1a: Heatran|Air Balloon
|move|p2a: Abomination|Spikes|p1a: Heatran
|-sidestart|p1: minimax_ai|Spikes
|
|upkeep
|turn|4
|
|t:|1667514876
|switch|p2a: Tanjiro Kun|Urshifu-Rapid-Strike, M|100/100
|move|p1a: Heatran|Eruption|p2a: Tanjiro Kun
|-resisted|p2a: Tanjiro Kun
|-damage|p2a: Tanjiro Kun|37/100
|
|upkeep
|turn|5
|
|t:|1667514878
|switch|p1a: Tangrowth|Tangrowth, M|100/100
|-damage|p1a: Tangrowth|88/100|[from] Spikes
|move|p2a: Tanjiro Kun|U-turn|p1a: Tangrowth
|-supereffective|p1a: Tangrowth
|-damage|p1a: Tangrowth|63/100
|
|t:|1667514880
|switch|p2a: Bolt|Zapdos|100/100|[from]move: U-turn
|
|upkeep
|turn|6
|
|t:|1667514883
|switch|p1a: landorustherian|Landorus-Therian, M|94/100 tox
|-ability|p1a: landorustherian|Intimidate|boost
|-unboost|p2a: Bolt|atk|1
|move|p2a: Bolt|Volt Switch|p1a: landorustherian
|-immune|p1a: landorustherian
|
|-heal|p1a: landorustherian|100/100 tox|[from] item: Leftovers
|-damage|p1a: landorustherian|94/100 tox|[from] psn
|upkeep
|turn|7
|
|t:|1667514886
|switch|p2a: Abomination|Ferrothorn, M|100/100
|move|p1a: landorustherian|Defog|p2a: Abomination
|-unboost|p2a: Abomination|evasion|1
|-sideend|p1: minimax_ai|Spikes|[from] move: Defog|[of] p1a: landorustherian
|
|-heal|p1a: landorustherian|100/100 tox|[from] item: Leftovers
|-damage|p1a: landorustherian|88/100 tox|[from] psn
|upkeep
|turn|8
|
|t:|1667514889
|move|p1a: landorustherian|U-turn|p2a: Abomination
|-damage|p2a: Abomination|87/100
|-damage|p1a: landorustherian|76/100 tox|[from] ability: Iron Barbs|[of] p2a: Abomination
|-damage|p1a: landorustherian|60/100 tox|[from] item: Rocky Helmet|[of] p2a: Abomination
|
|t:|1667514890
|switch|p1a: Tangrowth|Tangrowth, M|96/100|[from]move: U-turn
|move|p2a: Abomination|Knock Off|p1a: Tangrowth
|-damage|p1a: Tangrowth|84/100
|-damage|p2a: Abomination|70/100|[from] item: Rocky Helmet|[of] p1a: Tangrowth
|-enditem|p1a: Tangrowth|Rocky Helmet|[from] move: Knock Off|[of] p2a: Abomination
|
|upkeep
|turn|9
|
|t:|1667514892
|move|p1a: Tangrowth|Focus Blast|p2a: Abomination
|-supereffective|p2a: Abomination
|-damage|p2a: Abomination|18/100
|move|p2a: Abomination|Spikes|p1a: Tangrowth
|-sidestart|p1: minimax_ai|Spikes
|
|upkeep
|turn|10
|
|t:|1667514895
|move|p1a: Tangrowth|Focus Blast|p2a: Abomination
|-supereffective|p2a: Abomination
|-damage|p2a: Abomination|0 fnt
|faint|p2a: Abomination
|
|upkeep
|
|t:|1667514897
|switch|p2a: Bolt|Zapdos|100/100
|turn|11
|
|t:|1667514899
|switch|p1a: landorustherian|Landorus-Therian, M|60/100 tox
|-ability|p1a: landorustherian|Intimidate|boost
|-unboost|p2a: Bolt|atk|1
|move|p2a: Bolt|Heat Wave|p1a: landorustherian
|-damage|p1a: landorustherian|39/100 tox
|
|-heal|p1a: landorustherian|45/100 tox|[from] item: Leftovers
|-damage|p1a: landorustherian|39/100 tox|[from] psn
|upkeep
|turn|12
|
|t:|1667514901
|move|p2a: Bolt|Heat Wave|p1a: landorustherian
|-damage|p1a: landorustherian|21/100 tox
|move|p1a: landorustherian|Toxic|p2a: Bolt
|-status|p2a: Bolt|tox
|
|-heal|p1a: landorustherian|27/100 tox|[from] item: Leftovers
|-damage|p2a: Bolt|94/100 tox|[from] psn
|-damage|p1a: landorustherian|15/100 tox|[from] psn
|upkeep
|turn|13
|
|t:|1667514904
|switch|p1a: Melmetal|Melmetal|100/100
|-damage|p1a: Melmetal|88/100|[from] Spikes
|move|p2a: Bolt|Heat Wave|p1a: Melmetal
|-supereffective|p1a: Melmetal
|-damage|p1a: Melmetal|61/100
|
|-damage|p2a: Bolt|82/100 tox|[from] psn
|upkeep
|turn|14
|
|t:|1667514907
|move|p2a: Bolt|Volt Switch|p1a: Melmetal
|-damage|p1a: Melmetal|45/100
|
|t:|1667514910
|switch|p2a: Tanjiro Kun|Urshifu-Rapid-Strike, M|37/100|[from]move: Volt Switch
|move|p1a: Melmetal|Double Iron Bash|p2a: Tanjiro Kun
|-resisted|p2a: Tanjiro Kun
|-damage|p2a: Tanjiro Kun|15/100
|-resisted|p2a: Tanjiro Kun
|-damage|p2a: Tanjiro Kun|0 fnt
|faint|p2a: Tanjiro Kun
|-hitcount|p2: Tanjiro Kun|2
|
|upkeep
|
|t:|1667514912
|switch|p2a: Samehada|Garchomp, M|100/100
|turn|15
|
|t:|1667514914
|switch|p1a: Heatran|Heatran, M|100/100
|-item|p1a: Heatran|Air Balloon
|move|p2a: Samehada|Earthquake|p1a: Heatran
|-immune|p1a: Heatran
|
|upkeep
|turn|16
|
|t:|1667514916
|move|p2a: Samehada|Stealth Rock|p1a: Heatran
|-sidestart|p1: minimax_ai|move: Stealth Rock
|move|p1a: Heatran|Eruption|p2a: Samehada
|-resisted|p2a: Samehada
|-damage|p2a: Samehada|65/100
|
|-heal|p2a: Samehada|71/100|[from] item: Leftovers
|upkeep
|turn|17
|
|t:|1667514919
|move|p2a: Samehada|Protect|p2a: Samehada
|-singleturn|p2a: Samehada|Protect
|move|p1a: Heatran|Magma Storm|p2a: Samehada
|-activate|p2a: Samehada|move: Protect
|
|-heal|p2a: Samehada|77/100|[from] item: Leftovers
|upkeep
|turn|18
|
|t:|1667514921
|switch|p2a: Bolt|Zapdos|82/100 tox
|move|p1a: Heatran|Eruption|p2a: Bolt
|-damage|p2a: Bolt|3/100 tox
|
|-damage|p2a: Bolt|0 fnt|[from] psn
|faint|p2a: Bolt
|upkeep
|
|t:|1667514923
|switch|p2a: Simba|Landorus-Therian, M|100/100
|-ability|p2a: Simba|Intimidate|boost
|-unboost|p1a: Heatran|atk|1
|turn|19
|
|t:|1667514925
|move|p2a: Simba|U-turn|p1a: Heatran
|-resisted|p1a: Heatran
|-damage|p1a: Heatran|94/100
|-enditem|p1a: Heatran|Air Balloon
|
|t:|1667514927
|switch|p2a: Samehada|Garchomp, M|77/100|[from]move: U-turn
|move|p1a: Heatran|Eruption|p2a: Samehada
|-resisted|p2a: Samehada
|-crit|p2a: Samehada
|-damage|p2a: Samehada|31/100
|
|-heal|p2a: Samehada|37/100|[from] item: Leftovers
|upkeep
|turn|20
|
|t:|1667514931
|switch|p1a: rotomwash|Rotom-Wash|100/100
|-damage|p1a: rotomwash|88/100|[from] Stealth Rock
|move|p2a: Samehada|Toxic|p1a: rotomwash
|-status|p1a: rotomwash|tox
|
|-heal|p2a: Samehada|43/100|[from] item: Leftovers
|-heal|p1a: rotomwash|94/100 tox|[from] item: Leftovers
|-damage|p1a: rotomwash|88/100 tox|[from] psn
|upkeep
|turn|21
|
|t:|1667514934
|move|p2a: Samehada|Protect|p2a: Samehada
|-singleturn|p2a: Samehada|Protect
|move|p1a: rotomwash|Nasty Plot|p1a: rotomwash
|-boost|p1a: rotomwash|spa|2
|
|-heal|p2a: Samehada|49/100|[from] item: Leftovers
|-heal|p1a: rotomwash|94/100 tox|[from] item: Leftovers
|-damage|p1a: rotomwash|82/100 tox|[from] psn
|upkeep
|turn|22
|
|t:|1667514937
|move|p2a: Samehada|Protect|p2a: Samehada
|-singleturn|p2a: Samehada|Protect
|move|p1a: rotomwash|Hydro Pump|p2a: Samehada
|-activate|p2a: Samehada|move: Protect
|
|-heal|p2a: Samehada|56/100|[from] item: Leftovers
|-heal|p1a: rotomwash|88/100 tox|[from] item: Leftovers
|-damage|p1a: rotomwash|69/100 tox|[from] psn
|upkeep
|turn|23
|
|t:|1667514941
|move|p2a: Samehada|Stealth Rock||[still]
|-fail|p2a: Samehada
|move|p1a: rotomwash|Hydro Pump|p2a: Samehada
|-damage|p2a: Samehada|0 fnt
|faint|p2a: Samehada
|
|-heal|p1a: rotomwash|75/100 tox|[from] item: Leftovers
|-damage|p1a: rotomwash|50/100 tox|[from] psn
|upkeep
|
|t:|1667514944
|switch|p2a: Simba|Landorus-Therian, M|100/100
|-ability|p2a: Simba|Intimidate|boost
|-unboost|p1a: rotomwash|atk|1
|turn|24
|
|t:|1667514948
|move|p2a: Simba|Knock Off|p1a: rotomwash
|-damage|p1a: rotomwash|10/100 tox
|-enditem|p1a: rotomwash|Leftovers|[from] move: Knock Off|[of] p2a: Simba
|move|p1a: rotomwash|Hydro Pump|p2a: Simba
|-supereffective|p2a: Simba
|-damage|p2a: Simba|0 fnt
|faint|p2a: Simba
|
|-damage|p1a: rotomwash|0 fnt|[from] psn
|faint|p1a: rotomwash
|upkeep
|
|t:|1667514950
|switch|p2a: Logan|Weavile, M|100/100
|switch|p1a: Tangrowth|Tangrowth, M|100/100
|-ability|p2a: Logan|Pressure
|-damage|p1a: Tangrowth|88/100|[from] Spikes
|-damage|p1a: Tangrowth|76/100|[from] Stealth Rock
|turn|25
|
|t:|1667514953
|switch|p1a: landorustherian|Landorus-Therian, M|15/100 tox
|-damage|p1a: landorustherian|3/100 tox|[from] Stealth Rock
|-ability|p1a: landorustherian|Intimidate|boost
|-unboost|p2a: Logan|atk|1
|move|p2a: Logan|Icicle Crash|p1a: landorustherian
|-supereffective|p1a: landorustherian
|-damage|p1a: landorustherian|0 fnt
|faint|p1a: landorustherian
|
|upkeep
|
|t:|1667514953
|switch|p1a: Melmetal|Melmetal|45/100
|-damage|p1a: Melmetal|32/100|[from] Spikes
|-damage|p1a: Melmetal|26/100|[from] Stealth Rock
|turn|26
|
|t:|1667514955
|move|p2a: Logan|Knock Off|p1a: Melmetal
|-damage|p1a: Melmetal|8/100
|-enditem|p1a: Melmetal|Assault Vest|[from] move: Knock Off|[of] p2a: Logan
|move|p1a: Melmetal|Double Iron Bash|p2a: Logan
|-supereffective|p2a: Logan
|-damage|p2a: Logan|0 fnt
|faint|p2a: Logan
|-hitcount|p2: Logan|1
|
|win|minimax_ai
|raw|minimax_ai's rating: 1644 &rarr; <strong>1670</strong><br />(+26 for winning)
|raw|Steez Ibanez's rating: 1760 &rarr; <strong>1734</strong><br />(-26 for losing)
|c|☆minimax_ai|gg
