|raw|<div class="broadcast-blue"><strong>This battle is required to be public due to a player having a name starting with 'lt83aq'.</div>
|j|☆bleudeon
|j|☆LT83AQ 1oo
|t:|1627020220
|gametype|singles
|player|p1|bleudeon|beauty-gen5bw2|1756
|player|p2|LT83AQ 1oo|baker|1829
|teamsize|p1|6
|teamsize|p2|6
|gen|8
|tier|[Gen 8] OU
|rated|
|rule|Sleep Clause Mod: Limit one foe put to sleep
|rule|Species Clause: Limit one of each Pokémon
|rule|OHKO Clause: OHKO moves are banned
|rule|Evasion Moves Clause: Evasion moves are banned
|rule|Endless Battle Clause: Forcing endless battles is banned
|rule|HP Percentage Mod: HP is shown in percentages
|rule|Dynamax Clause: You cannot dynamax
|clearpoke
|poke|p1|Landorus-Therian, M|
|poke|p1|Dragapult, M|
|poke|p1|Tapu Lele|
|poke|p1|Tapu Koko|
|poke|p1|Victini|
|poke|p1|Volcarona, M|
|poke|p2|Tornadus-Therian, M|
|poke|p2|Landorus-Therian, M|
|poke|p2|Clefable, F|
|poke|p2|Zarude|
|poke|p2|Heatran, M|
|poke|p2|Tapu Fini|
|teampreview
|j| LT83AQ zr
|
|t:|1627020226
|start
|switch|p1a: Tapu Koko|Tapu Koko|100/100
|switch|p2a: Clefable|Clefable, F|100/100
|-fieldstart|move: Electric Terrain|[from] ability: Electric Surge|[of] p1a: Tapu Koko
|turn|1
|
|t:|1627020251
|move|p1a: Tapu Koko|Thunderbolt|p2a: Clefable
|-damage|p2a: Clefable|57/100
|move|p2a: Clefable|Stealth Rock|p1a: Tapu Koko
|-sidestart|p1: bleudeon|move: Stealth Rock
|
|upkeep
|turn|2
|
|t:|1627020258
|move|p1a: Tapu Koko|U-turn|p2a: Clefable
|-resisted|p2a: Clefable
|-damage|p2a: Clefable|50/100
|-damage|p1a: Tapu Koko|84/100|[from] item: Rocky Helmet|[of] p2a: Clefable
|
|t:|1627020263
|switch|p1a: Landorus|Landorus-Therian, M|100/100|[from]move: U-turn
|-damage|p1a: Landorus|88/100|[from] Stealth Rock
|-ability|p1a: Landorus|Intimidate|boost
|-unboost|p2a: Clefable|atk|1
|move|p2a: Clefable|Soft-Boiled|p2a: Clefable
|-heal|p2a: Clefable|99/100
|
|-heal|p1a: Landorus|94/100|[from] item: Leftovers
|upkeep
|turn|3
|
|t:|1627020275
|move|p1a: Landorus|Stealth Rock|p2a: Clefable
|-sidestart|p2: LT83AQ 1oo|move: Stealth Rock
|move|p2a: Clefable|Moonblast|p1a: Landorus
|-damage|p1a: Landorus|61/100
|
|-heal|p1a: Landorus|67/100|[from] item: Leftovers
|upkeep
|turn|4
|
|t:|1627020285
|move|p1a: Landorus|Earthquake|p2a: Clefable
|-damage|p2a: Clefable|60/100
|move|p2a: Clefable|Moonblast|p1a: Landorus
|-crit|p1a: Landorus
|-damage|p1a: Landorus|13/100
|
|-heal|p1a: Landorus|19/100|[from] item: Leftovers
|upkeep
|turn|5
|
|t:|1627020295
|move|p1a: Landorus|Earthquake|p2a: Clefable
|-damage|p2a: Clefable|23/100
|move|p2a: Clefable|Soft-Boiled|p2a: Clefable
|-heal|p2a: Clefable|73/100
|
|-heal|p1a: Landorus|25/100|[from] item: Leftovers
|-fieldend|move: Electric Terrain
|upkeep
|turn|6
|
|t:|1627020347
|move|p1a: Landorus|Earthquake|p2a: Clefable
|-damage|p2a: Clefable|37/100
|move|p2a: Clefable|Soft-Boiled|p2a: Clefable
|-heal|p2a: Clefable|87/100
|
|-heal|p1a: Landorus|31/100|[from] item: Leftovers
|upkeep
|turn|7
|
|t:|1627020356
|move|p1a: Landorus|Defog|p2a: Clefable
|-unboost|p2a: Clefable|evasion|1
|-sideend|p2: LT83AQ 1oo|Stealth Rock|[from] move: Defog|[of] p1a: Landorus
|-sideend|p1: bleudeon|Stealth Rock|[from] move: Defog|[of] p1a: Landorus
|move|p2a: Clefable|Moonblast|p1a: Landorus
|-damage|p1a: Landorus|0 fnt
|faint|p1a: Landorus
|
|upkeep
|
|t:|1627020364
|switch|p1a: Victini|Victini|100/100
|turn|8
|
|t:|1627020375
|move|p1a: Victini|Blue Flare|p2a: Clefable
|-damage|p2a: Clefable|37/100
|move|p2a: Clefable|Soft-Boiled|p2a: Clefable
|-heal|p2a: Clefable|87/100
|
|upkeep
|turn|9
|
|t:|1627020383
|move|p1a: Victini|Focus Blast|p2a: Clefable
|-resisted|p2a: Clefable
|-damage|p2a: Clefable|70/100
|move|p2a: Clefable|Soft-Boiled|p2a: Clefable
|-heal|p2a: Clefable|100/100
|
|upkeep
|turn|10
|
|t:|1627020390
|move|p1a: Victini|Blue Flare|p2a: Clefable
|-damage|p2a: Clefable|54/100
|move|p2a: Clefable|Stealth Rock|p1a: Victini
|-sidestart|p1: bleudeon|move: Stealth Rock
|
|upkeep
|turn|11
|
|t:|1627020396
|move|p1a: Victini|Blue Flare|p2a: Clefable
|-damage|p2a: Clefable|0 fnt
|faint|p2a: Clefable
|
|upkeep
|
|t:|1627020421
|switch|p2a: Landorus|Landorus-Therian, M|100/100
|-ability|p2a: Landorus|Intimidate|boost
|-unboost|p1a: Victini|atk|1
|turn|12
|
|t:|1627020427
|move|p1a: Victini|Blue Flare|p2a: Landorus
|-damage|p2a: Landorus|43/100
|move|p2a: Landorus|Earthquake|p1a: Victini
|-supereffective|p1a: Victini
|-damage|p1a: Victini|4/100
|
|-heal|p2a: Landorus|49/100|[from] item: Leftovers
|upkeep
|turn|13
|
|t:|1627020436
|switch|p2a: Heatran|Heatran, M|100/100
|move|p1a: Victini|Blue Flare|p2a: Heatran
|-start|p2a: Heatran|ability: Flash Fire
|
|upkeep
|turn|14
|
|t:|1627020445
|-end|p2a: Heatran|ability: Flash Fire|[silent]
|switch|p2a: Tornadus|Tornadus-Therian, M|100/100
|move|p1a: Victini|Focus Blast|p2a: Tornadus|[miss]
|-miss|p1a: Victini|p2a: Tornadus
|
|upkeep
|turn|15
|
|t:|1627020452
|move|p2a: Tornadus|Heat Wave|p1a: Victini
|-resisted|p1a: Victini
|-damage|p1a: Victini|0 fnt
|faint|p1a: Victini
|
|upkeep
|
|t:|1627020458
|switch|p1a: Tapu Koko|Tapu Koko|84/100
|-fieldstart|move: Electric Terrain|[from] ability: Electric Surge|[of] p1a: Tapu Koko
|turn|16
|
|t:|1627020486
|switch|p2a: Landorus|Landorus-Therian, M|49/100
|-ability|p2a: Landorus|Intimidate|boost
|-unboost|p1a: Tapu Koko|atk|1
|move|p1a: Tapu Koko|Nature's Madness|p2a: Landorus|[miss]
|-miss|p1a: Tapu Koko|p2a: Landorus
|
|-heal|p2a: Landorus|55/100|[from] item: Leftovers
|upkeep
|turn|17
|
|t:|1627020501
|move|p1a: Tapu Koko|Nature's Madness|p2a: Landorus
|-damage|p2a: Landorus|28/100
|move|p2a: Landorus|Earthquake|p1a: Tapu Koko
|-supereffective|p1a: Tapu Koko
|-damage|p1a: Tapu Koko|0 fnt
|faint|p1a: Tapu Koko
|
|-heal|p2a: Landorus|34/100|[from] item: Leftovers
|upkeep
|
|t:|1627020511
|switch|p1a: Tapu Lele|Tapu Lele|100/100
|-damage|p1a: Tapu Lele|88/100|[from] Stealth Rock
|-fieldstart|move: Psychic Terrain|[from] ability: Psychic Surge|[of] p1a: Tapu Lele
|turn|18
|
|t:|1627020527
|move|p1a: Tapu Lele|Psyshock|p2a: Landorus
|-damage|p2a: Landorus|0 fnt
|faint|p2a: Landorus
|
|upkeep
|
|t:|1627020537
|switch|p2a: Heatran|Heatran, M|100/100
|turn|19
|
|t:|1627020540
|move|p1a: Tapu Lele|Focus Blast|p2a: Heatran
|-supereffective|p2a: Heatran
|-damage|p2a: Heatran|44/100
|move|p2a: Heatran|Heavy Slam|p1a: Tapu Lele
|-supereffective|p1a: Tapu Lele
|-damage|p1a: Tapu Lele|0 fnt
|faint|p1a: Tapu Lele
|
|-heal|p2a: Heatran|50/100|[from] item: Leftovers
|upkeep
|
|t:|1627020551
|switch|p1a: Volcarona|Volcarona, M|100/100
|turn|20
|
|t:|1627020568
|move|p1a: Volcarona|Quiver Dance|p1a: Volcarona
|-boost|p1a: Volcarona|spa|1
|-boost|p1a: Volcarona|spd|1
|-boost|p1a: Volcarona|spe|1
|move|p2a: Heatran|Magma Storm|p1a: Volcarona
|-damage|p1a: Volcarona|67/100
|-activate|p1a: Volcarona|move: Magma Storm|[of] p2a: Heatran
|
|-heal|p2a: Heatran|56/100|[from] item: Leftovers
|-damage|p1a: Volcarona|55/100|[from] move: Magma Storm|[partiallytrapped]
|upkeep
|turn|21
|
|t:|1627020580
|move|p1a: Volcarona|Psychic|p2a: Heatran
|-resisted|p2a: Heatran
|-damage|p2a: Heatran|35/100
|move|p2a: Heatran|Earth Power|p1a: Volcarona
|-damage|p1a: Volcarona|37/100
|
|-heal|p2a: Heatran|41/100|[from] item: Leftovers
|-damage|p1a: Volcarona|25/100|[from] move: Magma Storm|[partiallytrapped]
|upkeep
|turn|22
|
|t:|1627020590
|move|p1a: Volcarona|Psychic|p2a: Heatran
|-resisted|p2a: Heatran
|-damage|p2a: Heatran|18/100
|move|p2a: Heatran|Earth Power|p1a: Volcarona
|-damage|p1a: Volcarona|6/100
|
|-heal|p2a: Heatran|24/100|[from] item: Leftovers
|-damage|p1a: Volcarona|0 fnt|[from] move: Magma Storm|[partiallytrapped]
|faint|p1a: Volcarona
|-fieldend|move: Psychic Terrain
|upkeep
|-message|bleudeon forfeited.
|
|win|LT83AQ 1oo
|raw|bleudeon's rating: 1756 &rarr; <strong>1739</strong><br />(-17 for losing)
|raw|LT83AQ 1oo's rating: 1806 &rarr; <strong>1823</strong><br />(+17 for winning)
|l|☆bleudeon
