|j|☆cfm250
|j|☆cold.exe
|player|p1|cfm250|acetrainer|1385
|player|p2|cold.exe|flannery|1407
|teamsize|p1|6
|teamsize|p2|6
|gametype|singles
|gen|8
|tier|[Gen 8] OU
|rated|
|clearpoke
|poke|p1|Pelipper, F|
|poke|p1|Ferrothorn, F|
|poke|p1|Barraskewda, M|
|poke|p1|Kingdra, M|
|poke|p1|Seismitoad, F|
|poke|p1|Magearna|
|poke|p2|Diggersby, F|
|poke|p2|Azumarill, F|
|poke|p2|Mandibuzz, F|
|poke|p2|Rotom-Heat|
|poke|p2|Rillaboom, M|
|poke|p2|Cinderace, M|
|rule|Sleep Clause Mod: Limit one foe put to sleep
|rule|Species Clause: Limit one of each Pokémon
|rule|OHKO Clause: OHKO moves are banned
|rule|Evasion Moves Clause: Evasion moves are banned
|rule|Endless Battle Clause: Forcing endless battles is banned
|rule|HP Percentage Mod: HP is shown in percentages
|rule|Dynamax Clause: You cannot dynamax
|teampreview
|inactive|Battle timer is ON: inactive players will automatically lose when time's up. (requested by cfm250)
|
|start
|switch|p1a: Kingdra|Kingdra, M, shiny|100/100
|switch|p2a: Bruh|Cinderace, M|100/100
|turn|1
|
|switch|p2a: Rillaboom|Rillaboom, M|100/100
|-fieldstart|move: Grassy Terrain|[from] ability: Grassy Surge|[of] p2a: Rillaboom
|move|p1a: Kingdra|Hydro Pump|p2a: Rillaboom
|-resisted|p2a: Rillaboom
|-damage|p2a: Rillaboom|55/100
|-damage|p1a: Kingdra|91/100|[from] item: Life Orb
|
|-heal|p1a: Kingdra|97/100|[from] Grassy Terrain
|-heal|p2a: Rillaboom|61/100|[from] Grassy Terrain
|upkeep
|turn|2
|
|switch|p2a: Bruh|Cinderace, M|100/100
|move|p1a: Kingdra|Ice Beam|p2a: Bruh
|-resisted|p2a: Bruh
|-damage|p2a: Bruh|75/100
|-damage|p1a: Kingdra|87/100|[from] item: Life Orb
|
|-heal|p2a: Bruh|81/100|[from] Grassy Terrain
|-heal|p1a: Kingdra|93/100|[from] Grassy Terrain
|upkeep
|turn|3
|
|switch|p1a: Pelipper|Pelipper, F|100/100
|-weather|RainDance|[from] ability: Drizzle|[of] p1a: Pelipper
|move|p2a: Bruh|Focus Blast|p1a: Pelipper|[miss]
|-start|p2a: Bruh|typechange|Fighting|[from] ability: Libero
|-miss|p2a: Bruh|p1a: Pelipper
|
|-weather|RainDance|[upkeep]
|-heal|p2a: Bruh|87/100|[from] Grassy Terrain
|upkeep
|turn|4
|
|move|p2a: Bruh|Electro Ball|p1a: Pelipper
|-start|p2a: Bruh|typechange|Electric|[from] ability: Libero
|-supereffective|p1a: Pelipper
|-damage|p1a: Pelipper|0 fnt
|-damage|p2a: Bruh|77/100|[from] item: Life Orb
|faint|p1a: Pelipper
|
|-weather|RainDance|[upkeep]
|-heal|p2a: Bruh|83/100|[from] Grassy Terrain
|upkeep
|
|switch|p1a: Kingdra|Kingdra, M, shiny|93/100
|turn|5
|
|switch|p2a: Rotom|Rotom-Heat|100/100
|move|p1a: Kingdra|Hydro Pump|p2a: Rotom
|-supereffective|p2a: Rotom
|-damage|p2a: Rotom|0 fnt
|-damage|p1a: Kingdra|83/100|[from] item: Life Orb
|faint|p2a: Rotom
|
|-weather|RainDance|[upkeep]
|-heal|p1a: Kingdra|89/100|[from] Grassy Terrain
|-fieldend|move: Grassy Terrain
|upkeep
|
|switch|p2a: Rillaboom|Rillaboom, M|61/100
|-fieldstart|move: Grassy Terrain|[from] ability: Grassy Surge|[of] p2a: Rillaboom
|turn|6
|
|move|p2a: Rillaboom|Grassy Glide|p1a: Kingdra
|-damage|p1a: Kingdra|3/100
|-damage|p2a: Rillaboom|51/100|[from] item: Life Orb
|move|p1a: Kingdra|Ice Beam|p2a: Rillaboom
|-supereffective|p2a: Rillaboom
|-damage|p2a: Rillaboom|0 fnt
|-damage|p1a: Kingdra|0 fnt|[from] item: Life Orb
|faint|p2a: Rillaboom
|faint|p1a: Kingdra
|
|-weather|RainDance|[upkeep]
|upkeep
|
|switch|p2a: Mandibuzz|Mandibuzz, F|100/100
|switch|p1a: Magearna|Magearna|100/100
|turn|7
|
|switch|p2a: Diggersby|Diggersby, F|100/100
|move|p1a: Magearna|Volt Switch|p2a: Diggersby
|-immune|p2a: Diggersby
|
|-weather|RainDance|[upkeep]
|upkeep
|turn|8
|
|switch|p1a: Ferrothorn|Ferrothorn, F|100/100
|move|p2a: Diggersby|Earthquake|p1a: Ferrothorn
|-damage|p1a: Ferrothorn|72/100
|
|-weather|RainDance|[upkeep]
|-heal|p1a: Ferrothorn|78/100|[from] item: Leftovers
|-heal|p1a: Ferrothorn|85/100|[from] Grassy Terrain
|upkeep
|turn|9
|
|switch|p2a: Bruh|Cinderace, M|83/100
|move|p1a: Ferrothorn|Leech Seed|p2a: Bruh
|-start|p2a: Bruh|move: Leech Seed
|
|-weather|RainDance|[upkeep]
|-heal|p2a: Bruh|89/100|[from] Grassy Terrain
|-heal|p1a: Ferrothorn|91/100|[from] item: Leftovers
|-heal|p1a: Ferrothorn|97/100|[from] Grassy Terrain
|-damage|p2a: Bruh|77/100|[from] Leech Seed|[of] p1a: Ferrothorn
|-heal|p1a: Ferrothorn|100/100|[silent]
|upkeep
|turn|10
|
|switch|p1a: Seismitoad|Seismitoad, F|100/100
|move|p2a: Bruh|Focus Blast|p1a: Seismitoad|[miss]
|-start|p2a: Bruh|typechange|Fighting|[from] ability: Libero
|-miss|p2a: Bruh|p1a: Seismitoad
|
|-weather|none
|-heal|p2a: Bruh|83/100|[from] Grassy Terrain
|-fieldend|move: Grassy Terrain
|-damage|p2a: Bruh|70/100|[from] Leech Seed|[of] p1a: Seismitoad
|upkeep
|turn|11
|
|switch|p2a: Mandibuzz|Mandibuzz, F|100/100
|move|p1a: Seismitoad|Hydro Pump|p2a: Mandibuzz
|-damage|p2a: Mandibuzz|51/100
|-damage|p1a: Seismitoad|91/100|[from] item: Life Orb
|
|upkeep
|turn|12
|
|move|p1a: Seismitoad|Stealth Rock|p2a: Mandibuzz
|-sidestart|p2: cold.exe|move: Stealth Rock
|move|p2a: Mandibuzz|Roost|p2a: Mandibuzz
|-heal|p2a: Mandibuzz|100/100
|-singleturn|p2a: Mandibuzz|move: Roost
|
|upkeep
|turn|13
|
|move|p1a: Seismitoad|Hydro Pump|p2a: Mandibuzz
|-damage|p2a: Mandibuzz|51/100
|-damage|p1a: Seismitoad|81/100|[from] item: Life Orb
|move|p2a: Mandibuzz|Defog|p1a: Seismitoad
|-unboost|p1a: Seismitoad|evasion|1
|-sideend|p2: cold.exe|Stealth Rock|[from] move: Defog|[of] p2a: Mandibuzz
|
|upkeep
|turn|14
|
|move|p1a: Seismitoad|Hydro Pump|p2a: Mandibuzz
|-damage|p2a: Mandibuzz|1/100
|-damage|p1a: Seismitoad|71/100|[from] item: Life Orb
|move|p2a: Mandibuzz|Roost|p2a: Mandibuzz
|-heal|p2a: Mandibuzz|51/100
|-singleturn|p2a: Mandibuzz|move: Roost
|
|upkeep
|turn|15
|
|move|p1a: Seismitoad|Hydro Pump|p2a: Mandibuzz
|-damage|p2a: Mandibuzz|0 fnt
|-damage|p1a: Seismitoad|61/100|[from] item: Life Orb
|faint|p2a: Mandibuzz
|
|upkeep
|
|switch|p2a: Bruh|Cinderace, M|70/100
|turn|16
|
|move|p2a: Bruh|Focus Blast|p1a: Seismitoad
|-start|p2a: Bruh|typechange|Fighting|[from] ability: Libero
|-damage|p1a: Seismitoad|0 fnt
|-damage|p2a: Bruh|60/100|[from] item: Life Orb
|faint|p1a: Seismitoad
|
|upkeep
|
|switch|p1a: Barraskewda|Barraskewda, M, shiny|100/100
|turn|17
|
|switch|p2a: Azumarill|Azumarill, F|100/100
|move|p1a: Barraskewda|Waterfall|p2a: Azumarill
|-resisted|p2a: Azumarill
|-damage|p2a: Azumarill|63/100
|
|upkeep
|turn|18
|
|switch|p2a: Diggersby|Diggersby, F|100/100
|move|p1a: Barraskewda|Waterfall|p2a: Diggersby
|-supereffective|p2a: Diggersby
|-damage|p2a: Diggersby|0 fnt
|faint|p2a: Diggersby
|
|upkeep
|-message|cold.exe forfeited.
|
|win|cfm250
|l|☆cold.exe
|raw|cfm250's rating: 1385 &rarr; <strong>1405</strong><br />(+20 for winning)
|raw|cold.exe's rating: 1390 &rarr; <strong>1370</strong><br />(-20 for losing)
