|raw|<div class="broadcast-blue"><strong>This battle is required to be public due to a player having a name starting with 'lt92pf'.</div>
|j|☆Lenape
|j|☆LT92PF xavgb
|t:|1660309465
|gametype|singles
|player|p1|Lenape|169|1826
|player|p2|LT92PF xavgb|170|1842
|teamsize|p1|6
|teamsize|p2|6
|gen|8
|tier|[Gen 8] OU
|rated|
|rule|Sleep Clause Mod: Limit one foe put to sleep
|rule|Species Clause: Limit one of each Pokémon
|rule|OHKO Clause: OHKO moves are banned
|rule|Evasion Items Clause: Evasion items are banned
|rule|Evasion Moves Clause: Evasion moves are banned
|rule|Endless Battle Clause: Forcing endless battles is banned
|rule|HP Percentage Mod: HP is shown in percentages
|rule|Dynamax Clause: You cannot dynamax
|clearpoke
|poke|p1|Rhyperior, F|
|poke|p1|Toxapex, M|
|poke|p1|Corviknight, M|
|poke|p1|Umbreon, F|
|poke|p1|Sylveon, M|
|poke|p1|Rotom-Heat|
|poke|p2|Rillaboom, F|
|poke|p2|Tornadus-Therian, M|
|poke|p2|Blaziken, M|
|poke|p2|Melmetal|
|poke|p2|Garchomp, F|
|poke|p2|Slowbro, M|
|teampreview
|inactive|Battle timer is ON: inactive players will automatically lose when time's up. (requested by Lenape)
|
|t:|1660309491
|start
|switch|p1a: Rotom|Rotom-Heat|100/100
|switch|p2a: Slowbro|Slowbro, M|100/100
|turn|1
|
|t:|1660309500
|switch|p1a: Umbreon|Umbreon, F|100/100
|switch|p2a: Garchomp|Garchomp, F|100/100
|
|upkeep
|turn|2
|
|t:|1660309505
|switch|p1a: Rotom|Rotom-Heat|100/100
|move|p2a: Garchomp|Stealth Rock|p1a: Rotom
|-sidestart|p1: Lenape|move: Stealth Rock
|
|upkeep
|turn|3
|
|t:|1660309510
|move|p1a: Rotom|Trick|p2a: Garchomp
|-activate|p1a: Rotom|move: Trick|[of] p2a: Garchomp
|-item|p2a: Garchomp|Choice Scarf|[from] move: Trick
|-item|p1a: Rotom|Leftovers|[from] move: Trick
|move|p2a: Garchomp|Toxic|p1a: Rotom
|-status|p1a: Rotom|tox
|
|-damage|p1a: Rotom|94/100 tox|[from] psn
|upkeep
|turn|4
|
|t:|1660309516
|move|p2a: Garchomp|Toxic|p1a: Rotom
|-fail|p1a: Rotom|tox
|move|p1a: Rotom|Defog|p2a: Garchomp
|-unboost|p2a: Garchomp|evasion|1
|-sideend|p1: Lenape|Stealth Rock|[from] move: Defog|[of] p1a: Rotom
|
|-heal|p1a: Rotom|100/100 tox|[from] item: Leftovers
|-damage|p1a: Rotom|88/100 tox|[from] psn
|upkeep
|turn|5
|
|t:|1660309522
|switch|p1a: Umbreon|Umbreon, F|100/100
|move|p2a: Garchomp|Toxic|p1a: Umbreon
|-status|p1a: Umbreon|tox
|
|-damage|p1a: Umbreon|94/100 tox|[from] psn
|upkeep
|turn|6
|j| LT92PF Raizen
|
|t:|1660309532
|switch|p2a: Tornadus|Tornadus-Therian, M|100/100
|move|p1a: Umbreon|Heal Bell|p1a: Umbreon
|-activate|p1a: Umbreon|move: Heal Bell
|-curestatus|p1a: Umbreon|tox|[msg]
|-curestatus|p1: Rotom|tox|[msg]
|
|-heal|p1a: Umbreon|100/100|[from] item: Leftovers
|upkeep
|turn|7
|
|t:|1660309537
|switch|p1a: Rhyperior|Rhyperior, F|100/100
|move|p2a: Tornadus|U-turn|p1a: Rhyperior
|-damage|p1a: Rhyperior|91/100
|
|t:|1660309540
|switch|p2a: Slowbro|Slowbro, M|100/100|[from]move: U-turn
|
|-heal|p1a: Rhyperior|97/100|[from] item: Leftovers
|upkeep
|turn|8
|
|t:|1660309544
|switch|p1a: Umbreon|Umbreon, F|100/100
|move|p2a: Slowbro|Scald|p1a: Umbreon
|-damage|p1a: Umbreon|82/100
|-status|p1a: Umbreon|brn
|
|-heal|p1a: Umbreon|88/100 brn|[from] item: Leftovers
|-damage|p1a: Umbreon|82/100 brn|[from] brn
|upkeep
|turn|9
|
|t:|1660309549
|move|p1a: Umbreon|Heal Bell|p1a: Umbreon
|-activate|p1a: Umbreon|move: Heal Bell
|-curestatus|p1a: Umbreon|brn|[msg]
|move|p2a: Slowbro|Future Sight|p1a: Umbreon
|-start|p2a: Slowbro|move: Future Sight
|
|-heal|p1a: Umbreon|88/100|[from] item: Leftovers
|upkeep
|turn|10
|
|t:|1660309558
|move|p1a: Umbreon|Foul Play|p2a: Slowbro
|-supereffective|p2a: Slowbro
|-damage|p2a: Slowbro|73/100
|-damage|p1a: Umbreon|72/100|[from] item: Rocky Helmet|[of] p2a: Slowbro
|move|p2a: Slowbro|Teleport|p2a: Slowbro
|
|t:|1660309561
|switch|p2a: Blaziken|Blaziken, M|100/100|[from]move: Teleport
|
|-heal|p1a: Umbreon|78/100|[from] item: Leftovers
|upkeep
|turn|11
|
|t:|1660309564
|move|p2a: Blaziken|Swords Dance|p2a: Blaziken
|-boost|p2a: Blaziken|atk|2
|move|p1a: Umbreon|Foul Play|p2a: Blaziken
|-resisted|p2a: Blaziken
|-damage|p2a: Blaziken|36/100
|
|-end|p1a: Umbreon|move: Future Sight
|-immune|p1a: Umbreon
|-heal|p2a: Blaziken|42/100|[from] item: Leftovers
|-heal|p1a: Umbreon|84/100|[from] item: Leftovers
|-ability|p2a: Blaziken|Speed Boost|boost
|-boost|p2a: Blaziken|spe|1
|upkeep
|turn|12
|
|t:|1660309571
|switch|p1a: Toxapex|Toxapex, M|100/100
|move|p2a: Blaziken|Close Combat|p1a: Toxapex
|-resisted|p1a: Toxapex
|-damage|p1a: Toxapex|61/100
|-unboost|p2a: Blaziken|def|1
|-unboost|p2a: Blaziken|spd|1
|
|-heal|p2a: Blaziken|48/100|[from] item: Leftovers
|-heal|p1a: Toxapex|67/100|[from] item: Black Sludge
|-ability|p2a: Blaziken|Speed Boost|boost
|-boost|p2a: Blaziken|spe|1
|upkeep
|turn|13
|
|t:|1660309582
|switch|p2a: Slowbro|Slowbro, M|100/100
|move|p1a: Toxapex|Toxic|p2a: Slowbro
|-status|p2a: Slowbro|tox
|
|-heal|p1a: Toxapex|74/100|[from] item: Black Sludge
|-damage|p2a: Slowbro|94/100 tox|[from] psn
|upkeep
|turn|14
|
|t:|1660309586
|switch|p1a: Umbreon|Umbreon, F|84/100
|move|p2a: Slowbro|Future Sight|p1a: Umbreon
|-start|p2a: Slowbro|move: Future Sight
|
|-heal|p1a: Umbreon|90/100|[from] item: Leftovers
|-damage|p2a: Slowbro|82/100 tox|[from] psn
|upkeep
|turn|15
|
|t:|1660309589
|move|p1a: Umbreon|Foul Play|p2a: Slowbro
|-supereffective|p2a: Slowbro
|-damage|p2a: Slowbro|54/100 tox
|-damage|p1a: Umbreon|73/100|[from] item: Rocky Helmet|[of] p2a: Slowbro
|move|p2a: Slowbro|Teleport|p2a: Slowbro
|
|t:|1660309592
|switch|p2a: Blaziken|Blaziken, M|48/100|[from]move: Teleport
|
|-heal|p2a: Blaziken|55/100|[from] item: Leftovers
|-heal|p1a: Umbreon|79/100|[from] item: Leftovers
|upkeep
|turn|16
|
|t:|1660309604
|switch|p1a: Toxapex|Toxapex, M|100/100
|move|p2a: Blaziken|Close Combat|p1a: Toxapex
|-resisted|p1a: Toxapex
|-damage|p1a: Toxapex|82/100
|-unboost|p2a: Blaziken|def|1
|-unboost|p2a: Blaziken|spd|1
|
|-end|p1a: Toxapex|move: Future Sight
|-supereffective|p1a: Toxapex
|-damage|p1a: Toxapex|18/100
|-heal|p2a: Blaziken|61/100|[from] item: Leftovers
|-heal|p1a: Toxapex|24/100|[from] item: Black Sludge
|-ability|p2a: Blaziken|Speed Boost|boost
|-boost|p2a: Blaziken|spe|1
|upkeep
|turn|17
|
|t:|1660309612
|switch|p2a: Slowbro|Slowbro, M|88/100 tox
|move|p1a: Toxapex|Baneful Bunker||[still]
|-fail|p1a: Toxapex
|
|-heal|p1a: Toxapex|30/100|[from] item: Black Sludge
|-damage|p2a: Slowbro|81/100 tox|[from] psn
|upkeep
|turn|18
|
|t:|1660309616
|switch|p1a: Corviknight|Corviknight, M|100/100
|-ability|p1a: Corviknight|Pressure
|move|p2a: Slowbro|Future Sight|p1a: Corviknight
|-start|p2a: Slowbro|move: Future Sight
|
|-damage|p2a: Slowbro|69/100 tox|[from] psn
|upkeep
|turn|19
|
|t:|1660309620
|move|p1a: Corviknight|Substitute|p1a: Corviknight
|-start|p1a: Corviknight|Substitute
|-damage|p1a: Corviknight|75/100
|move|p2a: Slowbro|Teleport|p2a: Slowbro
|
|t:|1660309629
|switch|p2a: Tornadus|Tornadus-Therian, M|100/100|[from]move: Teleport
|
|-heal|p1a: Corviknight|82/100|[from] item: Leftovers
|upkeep
|turn|20
|
|t:|1660309635
|move|p2a: Tornadus|Knock Off|p1a: Corviknight
|-activate|p1a: Corviknight|move: Substitute|[damage]
|move|p1a: Corviknight|Brave Bird|p2a: Tornadus
|-damage|p2a: Tornadus|48/100
|-damage|p1a: Corviknight|66/100|[from] Recoil
|
|-end|p1a: Corviknight|move: Future Sight
|-resisted|p1a: Corviknight
|-end|p1a: Corviknight|Substitute
|-heal|p1a: Corviknight|72/100|[from] item: Leftovers
|upkeep
|turn|21
|
|t:|1660309645
|switch|p1a: Toxapex|Toxapex, M|64/100
|move|p2a: Tornadus|U-turn|p1a: Toxapex
|-resisted|p1a: Toxapex
|-damage|p1a: Toxapex|59/100
|
|t:|1660309650
|switch|p2a: Slowbro|Slowbro, M|100/100 tox|[from]move: U-turn
|
|-heal|p1a: Toxapex|66/100|[from] item: Black Sludge
|-damage|p2a: Slowbro|94/100 tox|[from] psn
|upkeep
|turn|22
|
|t:|1660309655
|switch|p1a: Corviknight|Corviknight, M|72/100
|-ability|p1a: Corviknight|Pressure
|move|p2a: Slowbro|Scald|p1a: Corviknight
|-crit|p1a: Corviknight
|-damage|p1a: Corviknight|35/100
|
|-heal|p1a: Corviknight|42/100|[from] item: Leftovers
|-damage|p2a: Slowbro|82/100 tox|[from] psn
|upkeep
|turn|23
|
|t:|1660309658
|move|p1a: Corviknight|Roost|p1a: Corviknight
|-heal|p1a: Corviknight|92/100
|-singleturn|p1a: Corviknight|move: Roost
|move|p2a: Slowbro|Scald|p1a: Corviknight
|-damage|p1a: Corviknight|65/100
|
|-heal|p1a: Corviknight|71/100|[from] item: Leftovers
|-damage|p2a: Slowbro|64/100 tox|[from] psn
|upkeep
|turn|24
|
|t:|1660309662
|move|p1a: Corviknight|Substitute|p1a: Corviknight
|-start|p1a: Corviknight|Substitute
|-damage|p1a: Corviknight|46/100
|move|p2a: Slowbro|Teleport|p2a: Slowbro
|
|t:|1660309669
|switch|p2a: Tornadus|Tornadus-Therian, M|81/100|[from]move: Teleport
|
|-heal|p1a: Corviknight|53/100|[from] item: Leftovers
|upkeep
|turn|25
|
|t:|1660309671
|move|p2a: Tornadus|Heat Wave|p1a: Corviknight
|-supereffective|p1a: Corviknight
|-end|p1a: Corviknight|Substitute
|move|p1a: Corviknight|Roost|p1a: Corviknight
|-heal|p1a: Corviknight|100/100
|-singleturn|p1a: Corviknight|move: Roost
|
|upkeep
|turn|26
|
|t:|1660309673
|switch|p1a: Toxapex|Toxapex, M|99/100
|move|p2a: Tornadus|Knock Off|p1a: Toxapex
|-crit|p1a: Toxapex
|-damage|p1a: Toxapex|80/100
|-enditem|p1a: Toxapex|Black Sludge|[from] move: Knock Off|[of] p2a: Tornadus
|
|upkeep
|turn|27
|
|t:|1660309681
|switch|p2a: Slowbro|Slowbro, M|97/100 tox
|move|p1a: Toxapex|Baneful Bunker||[still]
|-fail|p1a: Toxapex
|
|-damage|p2a: Slowbro|91/100 tox|[from] psn
|upkeep
|turn|28
|
|t:|1660309689
|switch|p1a: Corviknight|Corviknight, M|100/100
|-ability|p1a: Corviknight|Pressure
|move|p2a: Slowbro|Scald|p1a: Corviknight
|-damage|p1a: Corviknight|76/100
|
|-heal|p1a: Corviknight|83/100|[from] item: Leftovers
|-damage|p2a: Slowbro|79/100 tox|[from] psn
|upkeep
|turn|29
|
|t:|1660309693
|move|p1a: Corviknight|Substitute|p1a: Corviknight
|-start|p1a: Corviknight|Substitute
|-damage|p1a: Corviknight|58/100
|move|p2a: Slowbro|Scald|p1a: Corviknight
|-activate|p1a: Corviknight|move: Substitute|[damage]
|
|-heal|p1a: Corviknight|64/100|[from] item: Leftovers
|-damage|p2a: Slowbro|61/100 tox|[from] psn
|upkeep
|turn|30
|
|t:|1660309704
|move|p1a: Corviknight|Bulk Up|p1a: Corviknight
|-boost|p1a: Corviknight|atk|1
|-boost|p1a: Corviknight|def|1
|move|p2a: Slowbro|Teleport|p2a: Slowbro
|
|t:|1660309706
|switch|p2a: Tornadus|Tornadus-Therian, M|100/100|[from]move: Teleport
|
|-heal|p1a: Corviknight|70/100|[from] item: Leftovers
|upkeep
|turn|31
|
|t:|1660309711
|move|p2a: Tornadus|Knock Off|p1a: Corviknight
|-end|p1a: Corviknight|Substitute
|move|p1a: Corviknight|Brave Bird|p2a: Tornadus
|-damage|p2a: Tornadus|20/100
|-damage|p1a: Corviknight|46/100|[from] Recoil
|
|-heal|p1a: Corviknight|52/100|[from] item: Leftovers
|upkeep
|turn|32
|
|t:|1660309717
|switch|p1a: Toxapex|Toxapex, M|100/100
|move|p2a: Tornadus|Heat Wave|p1a: Toxapex
|-resisted|p1a: Toxapex
|-damage|p1a: Toxapex|90/100
|
|upkeep
|turn|33
|
|t:|1660309722
|switch|p2a: Slowbro|Slowbro, M|94/100 tox
|switch|p1a: Corviknight|Corviknight, M|52/100
|-ability|p1a: Corviknight|Pressure
|
|-heal|p1a: Corviknight|59/100|[from] item: Leftovers
|-damage|p2a: Slowbro|88/100 tox|[from] psn
|upkeep
|turn|34
|
|t:|1660309726
|move|p1a: Corviknight|Substitute|p1a: Corviknight
|-start|p1a: Corviknight|Substitute
|-damage|p1a: Corviknight|34/100
|move|p2a: Slowbro|Scald|p1a: Corviknight
|-end|p1a: Corviknight|Substitute
|
|-heal|p1a: Corviknight|40/100|[from] item: Leftovers
|-damage|p2a: Slowbro|76/100 tox|[from] psn
|upkeep
|turn|35
|
|t:|1660309730
|move|p1a: Corviknight|Roost|p1a: Corviknight
|-heal|p1a: Corviknight|90/100
|-singleturn|p1a: Corviknight|move: Roost
|move|p2a: Slowbro|Scald|p1a: Corviknight
|-damage|p1a: Corviknight|66/100
|
|-heal|p1a: Corviknight|72/100|[from] item: Leftovers
|-damage|p2a: Slowbro|57/100 tox|[from] psn
|upkeep
|turn|36
|
|t:|1660309738
|move|p1a: Corviknight|Substitute|p1a: Corviknight
|-start|p1a: Corviknight|Substitute
|-damage|p1a: Corviknight|47/100
|move|p2a: Slowbro|Teleport|p2a: Slowbro
|
|t:|1660309749
|switch|p2a: Tornadus|Tornadus-Therian, M|53/100|[from]move: Teleport
|
|-heal|p1a: Corviknight|53/100|[from] item: Leftovers
|upkeep
|turn|37
|
|t:|1660309779
|move|p2a: Tornadus|U-turn|p1a: Corviknight
|-resisted|p1a: Corviknight
|-activate|p1a: Corviknight|move: Substitute|[damage]
|j| emo705
|l|☆LT92PF xavgb
|inactive|LT92PF xavgb disconnected and has a minute to reconnect!
|player|p2|
|inactive|LT92PF xavgb has 30 seconds to reconnect!
|j|☆LT92PF xavgb
|inactive|LT92PF xavgb reconnected and has 95 seconds left.
|player|p2|LT92PF xavgb|170
|inactive|LT92PF xavgb has 90 seconds left.
|inactive|LT92PF xavgb has 60 seconds left.
|l|☆LT92PF xavgb
|inactive|LT92PF xavgb disconnected and has a minute to reconnect!
|player|p2|
|j|☆LT92PF xavgb
|inactive|LT92PF xavgb reconnected and has 45 seconds left.
|player|p2|LT92PF xavgb|170
|inactive|LT92PF xavgb has 30 seconds left.
|
|t:|1660309894
|switch|p2a: Slowbro|Slowbro, M|91/100 tox|[from]move: U-turn
|move|p1a: Corviknight|Roost|p1a: Corviknight
|-heal|p1a: Corviknight|100/100
|-singleturn|p1a: Corviknight|move: Roost
|
|-damage|p2a: Slowbro|85/100 tox|[from] psn
|upkeep
|turn|38
|
|t:|1660309900
|move|p1a: Corviknight|Bulk Up|p1a: Corviknight
|-boost|p1a: Corviknight|atk|1
|-boost|p1a: Corviknight|def|1
|move|p2a: Slowbro|Scald|p1a: Corviknight
|-end|p1a: Corviknight|Substitute
|
|-damage|p2a: Slowbro|72/100 tox|[from] psn
|upkeep
|turn|39
|
|t:|1660309911
|move|p1a: Corviknight|Substitute|p1a: Corviknight
|-start|p1a: Corviknight|Substitute
|-damage|p1a: Corviknight|75/100
|move|p2a: Slowbro|Scald|p1a: Corviknight
|-activate|p1a: Corviknight|move: Substitute|[damage]
|
|-heal|p1a: Corviknight|82/100|[from] item: Leftovers
|-damage|p2a: Slowbro|54/100 tox|[from] psn
|upkeep
|turn|40
|
|t:|1660309924
|switch|p2a: Tornadus|Tornadus-Therian, M|86/100
|move|p1a: Corviknight|Bulk Up|p1a: Corviknight
|-boost|p1a: Corviknight|atk|1
|-boost|p1a: Corviknight|def|1
|
|-heal|p1a: Corviknight|88/100|[from] item: Leftovers
|upkeep
|turn|41
|
|t:|1660309929
|move|p2a: Tornadus|U-turn|p1a: Corviknight
|-resisted|p1a: Corviknight
|-end|p1a: Corviknight|Substitute
|
|t:|1660309941
|switch|p2a: Garchomp|Garchomp, F|100/100|[from]move: U-turn
|move|p1a: Corviknight|Brave Bird|p2a: Garchomp
|-damage|p2a: Garchomp|11/100
|-damage|p1a: Corviknight|75/100|[from] ability: Rough Skin|[of] p2a: Garchomp
|-damage|p1a: Corviknight|44/100|[from] Recoil
|
|-heal|p1a: Corviknight|51/100|[from] item: Leftovers
|upkeep
|turn|42
|
|t:|1660309955
|switch|p2a: Tornadus|Tornadus-Therian, M|100/100
|move|p1a: Corviknight|Roost|p1a: Corviknight
|-heal|p1a: Corviknight|100/100
|-singleturn|p1a: Corviknight|move: Roost
|
|upkeep
|turn|43
|
|t:|1660309961
|move|p2a: Tornadus|Heat Wave|p1a: Corviknight
|-supereffective|p1a: Corviknight
|-damage|p1a: Corviknight|56/100
|move|p1a: Corviknight|Brave Bird|p2a: Tornadus
|-damage|p2a: Tornadus|2/100
|-damage|p1a: Corviknight|26/100|[from] Recoil
|
|-heal|p1a: Corviknight|32/100|[from] item: Leftovers
|upkeep
|turn|44
|
|t:|1660309968
|switch|p1a: Toxapex|Toxapex, M|100/100
|move|p2a: Tornadus|Heat Wave|p1a: Toxapex
|-resisted|p1a: Toxapex
|-damage|p1a: Toxapex|91/100
|
|upkeep
|turn|45
|
|t:|1660309975
|switch|p2a: Melmetal|Melmetal|100/100
|move|p1a: Toxapex|Toxic|p2a: Melmetal
|-immune|p2a: Melmetal
|
|upkeep
|turn|46
|inactive|LT92PF xavgb has 60 seconds left.
|
|t:|1660309984
|move|p2a: Melmetal|Double Iron Bash|p1a: Toxapex
|-resisted|p1a: Toxapex
|-crit|p1a: Toxapex
|-damage|p1a: Toxapex|70/100
|-resisted|p1a: Toxapex
|-damage|p1a: Toxapex|57/100
|-hitcount|p1a: Toxapex|2
|cant|p1a: Toxapex|flinch
|
|upkeep
|turn|47
|
|t:|1660309990
|move|p2a: Melmetal|Thunder Punch|p1a: Toxapex
|-supereffective|p1a: Toxapex
|-damage|p1a: Toxapex|10/100
|move|p1a: Toxapex|Scald|p2a: Melmetal
|-damage|p2a: Melmetal|87/100
|
|-heal|p2a: Melmetal|93/100|[from] item: Leftovers
|upkeep
|turn|48
|inactive|LT92PF xavgb has 60 seconds left.
|l|☆LT92PF xavgb
|inactive|LT92PF xavgb disconnected and has a minute to reconnect!
|player|p2|
|inactive|LT92PF xavgb has 30 seconds left.
|inactive|LT92PF xavgb has 20 seconds left.
|inactive|LT92PF xavgb has 15 seconds left.
|inactive|LT92PF xavgb has 10 seconds left.
|j| irgendwasmitmeeem
|inactive|LT92PF xavgb has 5 seconds left.
|j|☆LT92PF xavgb
|inactive|LT92PF xavgb reconnected and has 5 seconds left.
|player|p2|LT92PF xavgb|170
|-message|LT92PF xavgb lost due to inactivity.
|
|win|Lenape
|raw|Lenape's rating: 1826 &rarr; <strong>1847</strong><br />(+21 for winning)
|raw|LT92PF xavgb's rating: 1842 &rarr; <strong>1821</strong><br />(-21 for losing)
|l|☆Lenape
