|raw|<div class="broadcast-blue"><strong>This battle is required to be public due to a player having a name starting with 'lt93oq'.</div>
|j|☆LKJHGFDSAPOI
|j|☆LT93OQ Templario
|t:|1660476322
|gametype|singles
|player|p1|LKJHGFDSAPOI|rocketgrunt|1801
|player|p2|LT93OQ Templario|2|1785
|teamsize|p1|6
|teamsize|p2|6
|gen|8
|tier|[Gen 8] OU
|rated|
|rule|Sleep Clause Mod: Limit one foe put to sleep
|rule|Species Clause: Limit one of each Pokémon
|rule|OHKO Clause: OHKO moves are banned
|rule|Evasion Items Clause: Evasion items are banned
|rule|Evasion Moves Clause: Evasion moves are banned
|rule|Endless Battle Clause: Forcing endless battles is banned
|rule|HP Percentage Mod: HP is shown in percentages
|rule|Dynamax Clause: You cannot dynamax
|clearpoke
|poke|p1|Maractus, F|
|poke|p1|Seismitoad, F|
|poke|p1|Heatran, M|
|poke|p1|Obstagoon, F|
|poke|p1|Latios, M|
|poke|p1|Weezing-Galar, M|
|poke|p2|Bisharp, F|
|poke|p2|Garchomp, F|
|poke|p2|Tapu Fini|
|poke|p2|Hawlucha, M|
|poke|p2|Zeraora|
|poke|p2|Melmetal|
|teampreview
|inactive|Battle timer is ON: inactive players will automatically lose when time's up. (requested by LT93OQ Templario)
|inactive|LKJHGFDSAPOI also wants the timer to be on.
|inactive|LKJHGFDSAPOI has 120 seconds left.
|j| Alexlch
|
|t:|1660476362
|start
|switch|p1a: Seismitoad|Seismitoad, F|100/100
|switch|p2a: Bisharp|Bisharp, F|100/100
|turn|1
|
|t:|1660476366
|move|p2a: Bisharp|Knock Off|p1a: Seismitoad
|-damage|p1a: Seismitoad|63/100
|-enditem|p1a: Seismitoad|Leftovers|[from] move: Knock Off|[of] p2a: Bisharp
|move|p1a: Seismitoad|Earth Power|p2a: Bisharp
|-supereffective|p2a: Bisharp
|-damage|p2a: Bisharp|13/100
|
|upkeep
|turn|2
|
|t:|1660476370
|move|p2a: Bisharp|Stealth Rock|p1a: Seismitoad
|-sidestart|p1: LKJHGFDSAPOI|move: Stealth Rock
|move|p1a: Seismitoad|Stealth Rock|p2a: Bisharp
|-sidestart|p2: LT93OQ Templario|move: Stealth Rock
|
|upkeep
|turn|3
|
|t:|1660476375
|move|p2a: Bisharp|Sucker Punch|p1a: Seismitoad
|-damage|p1a: Seismitoad|33/100
|move|p1a: Seismitoad|Scald|p2a: Bisharp
|-damage|p2a: Bisharp|0 fnt
|faint|p2a: Bisharp
|
|upkeep
|
|t:|1660476381
|switch|p2a: Garchomp|Garchomp, F|100/100
|-damage|p2a: Garchomp|94/100|[from] Stealth Rock
|turn|4
|j| justice wen
|j| machicoulis
|inactive|LKJHGFDSAPOI has 120 seconds left.
|
|t:|1660476417
|switch|p1a: Weezing|Weezing-Galar, M|100/100
|-damage|p1a: Weezing|88/100|[from] Stealth Rock
|move|p2a: Garchomp|Earthquake|p1a: Weezing
|-immune|p1a: Weezing|[from] ability: Levitate
|
|-heal|p2a: Garchomp|100/100|[from] item: Leftovers
|upkeep
|turn|5
|
|t:|1660476421
|switch|p2a: Tapu Fini|Tapu Fini|100/100
|-damage|p2a: Tapu Fini|88/100|[from] Stealth Rock
|-fieldstart|move: Misty Terrain|[from] ability: Misty Surge|[of] p2a: Tapu Fini
|move|p1a: Weezing|Toxic Spikes|p2a: Tapu Fini
|-sidestart|p2: LT93OQ Templario|move: Toxic Spikes
|
|-heal|p2a: Tapu Fini|94/100|[from] item: Leftovers
|upkeep
|turn|6
|
|t:|1660476427
|switch|p1a: Maractus|Maractus, F|100/100
|move|p2a: Tapu Fini|Calm Mind|p2a: Tapu Fini
|-boost|p2a: Tapu Fini|spa|1
|-boost|p2a: Tapu Fini|spd|1
|
|-heal|p2a: Tapu Fini|99/100|[from] item: Leftovers
|upkeep
|turn|7
|
|t:|1660476454
|switch|p2a: Melmetal|Melmetal|100/100
|-damage|p2a: Melmetal|94/100|[from] Stealth Rock
|move|p1a: Maractus|Wood Hammer|p2a: Melmetal
|-resisted|p2a: Melmetal
|-damage|p2a: Melmetal|85/100
|-damage|p1a: Maractus|97/100|[from] Recoil
|
|upkeep
|turn|8
|
|t:|1660476467
|switch|p1a: Seismitoad|Seismitoad, F|33/100
|-damage|p1a: Seismitoad|27/100|[from] Stealth Rock
|move|p2a: Melmetal|Double Iron Bash|p1a: Seismitoad
|-resisted|p1a: Seismitoad
|-damage|p1a: Seismitoad|11/100
|-resisted|p1a: Seismitoad
|-damage|p1a: Seismitoad|0 fnt
|faint|p1a: Seismitoad
|-hitcount|p1: Seismitoad|2
|
|upkeep
|
|t:|1660476469
|switch|p1a: Heatran|Heatran, M|100/100
|-damage|p1a: Heatran|88/100|[from] Stealth Rock
|turn|9
|
|t:|1660476471
|move|p1a: Heatran|Eruption|p2a: Melmetal
|-supereffective|p2a: Melmetal
|-damage|p2a: Melmetal|0 fnt
|faint|p2a: Melmetal
|
|-fieldend|Misty Terrain
|upkeep
|
|t:|1660476480
|switch|p2a: Tapu Fini|Tapu Fini|99/100
|-damage|p2a: Tapu Fini|88/100|[from] Stealth Rock
|-status|p2a: Tapu Fini|psn
|-fieldstart|move: Misty Terrain|[from] ability: Misty Surge|[of] p2a: Tapu Fini
|turn|10
|
|t:|1660476489
|move|p2a: Tapu Fini|Scald|p1a: Heatran
|-supereffective|p1a: Heatran
|-damage|p1a: Heatran|38/100
|move|p1a: Heatran|Eruption|p2a: Tapu Fini
|-resisted|p2a: Tapu Fini
|-damage|p2a: Tapu Fini|70/100 psn
|
|-heal|p2a: Tapu Fini|76/100 psn|[from] item: Leftovers
|-damage|p2a: Tapu Fini|64/100 psn|[from] psn
|upkeep
|turn|11
|
|t:|1660476493
|switch|p2a: Hawlucha|Hawlucha, M|100/100
|-damage|p2a: Hawlucha|88/100|[from] Stealth Rock
|-enditem|p2a: Hawlucha|Misty Seed
|-boost|p2a: Hawlucha|spd|1|[from] item: Misty Seed
|switch|p1a: Maractus|Maractus, F|97/100
|
|upkeep
|turn|12
|
|t:|1660476505
|switch|p1a: Weezing|Weezing-Galar, M|88/100
|-damage|p1a: Weezing|76/100|[from] Stealth Rock
|move|p2a: Hawlucha|Swords Dance|p2a: Hawlucha
|-boost|p2a: Hawlucha|atk|2
|
|upkeep
|turn|13
|
|t:|1660476525
|move|p2a: Hawlucha|Acrobatics|p1a: Weezing
|-damage|p1a: Weezing|6/100
|-damage|p2a: Hawlucha|72/100|[from] item: Rocky Helmet|[of] p1a: Weezing
|move|p1a: Weezing|Will-O-Wisp|p2a: Hawlucha
|-status|p2a: Hawlucha|brn
|
|-damage|p2a: Hawlucha|65/100 brn|[from] brn
|upkeep
|turn|14
|
|t:|1660476534
|move|p2a: Hawlucha|Acrobatics|p1a: Weezing
|-damage|p1a: Weezing|0 fnt
|-damage|p2a: Hawlucha|49/100 brn|[from] item: Rocky Helmet|[of] p1a: Weezing
|faint|p1a: Weezing
|
|-damage|p2a: Hawlucha|43/100 brn|[from] brn
|-fieldend|Misty Terrain
|upkeep
|
|t:|1660476538
|switch|p1a: Latios|Latios, M|100/100
|-damage|p1a: Latios|88/100|[from] Stealth Rock
|turn|15
|
|t:|1660476540
|move|p2a: Hawlucha|Acrobatics|p1a: Latios
|-damage|p1a: Latios|21/100
|move|p1a: Latios|Psychic|p2a: Hawlucha
|-supereffective|p2a: Hawlucha
|-damage|p2a: Hawlucha|0 fnt
|faint|p2a: Hawlucha
|
|upkeep
|
|t:|1660476550
|switch|p2a: Zeraora|Zeraora|100/100
|turn|16
|
|t:|1660476569
|switch|p1a: Heatran|Heatran, M|38/100
|-damage|p1a: Heatran|26/100|[from] Stealth Rock
|move|p2a: Zeraora|Knock Off|p1a: Heatran
|-damage|p1a: Heatran|0 fnt
|-enditem|p1a: Heatran|Choice Specs|[from] move: Knock Off|[of] p2a: Zeraora
|faint|p1a: Heatran
|
|upkeep
|l| justice wen
|inactive|LKJHGFDSAPOI has 120 seconds left.
|j| cypherstest
|inactive|LKJHGFDSAPOI has 90 seconds left.
|
|t:|1660476630
|switch|p1a: Latios|Latios, M|21/100
|-damage|p1a: Latios|9/100|[from] Stealth Rock
|turn|17
|
|t:|1660476635
|switch|p2a: Tapu Fini|Tapu Fini|64/100 psn
|-damage|p2a: Tapu Fini|51/100 psn|[from] Stealth Rock
|-fieldstart|move: Misty Terrain|[from] ability: Misty Surge|[of] p2a: Tapu Fini
|move|p1a: Latios|Draco Meteor|p2a: Tapu Fini
|-immune|p2a: Tapu Fini
|
|-heal|p2a: Tapu Fini|57/100 psn|[from] item: Leftovers
|-damage|p2a: Tapu Fini|45/100 psn|[from] psn
|upkeep
|turn|18
|
|t:|1660476651
|move|p1a: Latios|Draco Meteor|p2a: Tapu Fini
|-immune|p2a: Tapu Fini
|move|p2a: Tapu Fini|Draining Kiss|p1a: Latios
|-supereffective|p1a: Latios
|-damage|p1a: Latios|0 fnt
|-heal|p2a: Tapu Fini|50/100 psn|[from] drain|[of] p1a: Latios
|faint|p1a: Latios
|
|-heal|p2a: Tapu Fini|57/100 psn|[from] item: Leftovers
|-damage|p2a: Tapu Fini|44/100 psn|[from] psn
|upkeep
|
|t:|1660476656
|switch|p1a: Maractus|Maractus, F|97/100
|turn|19
|
|t:|1660476657
|move|p2a: Tapu Fini|Taunt|p1a: Maractus
|-start|p1a: Maractus|move: Taunt
|cant|p1a: Maractus|move: Taunt|Spikes
|
|-heal|p2a: Tapu Fini|50/100 psn|[from] item: Leftovers
|-damage|p2a: Tapu Fini|38/100 psn|[from] psn
|upkeep
|turn|20
|
|t:|1660476660
|move|p2a: Tapu Fini|Draining Kiss|p1a: Maractus
|-damage|p1a: Maractus|82/100
|-heal|p2a: Tapu Fini|49/100 psn|[from] drain|[of] p1a: Maractus
|move|p1a: Maractus|Wood Hammer|p2a: Tapu Fini
|-supereffective|p2a: Tapu Fini
|-damage|p2a: Tapu Fini|0 fnt
|faint|p2a: Tapu Fini
|-damage|p1a: Maractus|66/100|[from] Recoil
|
|upkeep
|
|t:|1660476662
|switch|p2a: Garchomp|Garchomp, F|100/100
|-damage|p2a: Garchomp|94/100|[from] Stealth Rock
|turn|21
|
|t:|1660476667
|move|p2a: Garchomp|Swords Dance|p2a: Garchomp
|-boost|p2a: Garchomp|atk|2
|move|p1a: Maractus|Wood Hammer|p2a: Garchomp
|-damage|p2a: Garchomp|57/100
|-damage|p1a: Maractus|54/100|[from] ability: Rough Skin|[of] p2a: Garchomp
|-damage|p1a: Maractus|41/100|[from] Recoil
|
|-heal|p2a: Garchomp|63/100|[from] item: Leftovers
|-end|p1a: Maractus|move: Taunt
|-fieldend|Misty Terrain
|upkeep
|turn|22
|-message|LKJHGFDSAPOI forfeited.
|
|win|LT93OQ Templario
|raw|LKJHGFDSAPOI's rating: 1776 &rarr; <strong>1757</strong><br />(-19 for losing)
|raw|LT93OQ Templario's rating: 1785 &rarr; <strong>1804</strong><br />(+19 for winning)
|l|☆LKJHGFDSAPOI
