|j|☆mentalsoft
|j|☆GuyguyLaMenace
|t:|1621952937
|gametype|singles
|player|p1|mentalsoft|nate|1578
|player|p2|GuyguyLaMenace|volkner|1530
|teamsize|p1|6
|teamsize|p2|6
|gen|8
|tier|[Gen 8] OU
|rated|
|rule|Sleep Clause Mod: Limit one foe put to sleep
|rule|Species Clause: Limit one of each Pokémon
|rule|OHKO Clause: OHKO moves are banned
|rule|Evasion Moves Clause: Evasion moves are banned
|rule|Endless Battle Clause: Forcing endless battles is banned
|rule|HP Percentage Mod: HP is shown in percentages
|rule|Dynamax Clause: You cannot dynamax
|clearpoke
|poke|p1|Dragapult, F|
|poke|p1|Bisharp, M|
|poke|p1|Landorus-Therian, M|
|poke|p1|Ferrothorn, F|
|poke|p1|Blissey, F|
|poke|p1|Urshifu-*, M|
|poke|p2|Tapu Koko|
|poke|p2|Slowking, M|
|poke|p2|Weavile, F|
|poke|p2|Magnezone|
|poke|p2|Dragonite, F|
|poke|p2|Clefable, F|
|teampreview
|j| NoobPlayer145
|
|t:|1621952954
|start
|switch|p1a: Urshifu|Urshifu-Rapid-Strike, M|100/100
|switch|p2a: Slowking|Slowking, M|100/100
|turn|1
|l| NoobPlayer145
|j| isa200bela
|
|t:|1621952964
|move|p1a: Urshifu|U-turn|p2a: Slowking
|-supereffective|p2a: Slowking
|-damage|p2a: Slowking|40/100
|
|t:|1621952996
|switch|p1a: Bisharp|Bisharp, M|100/100|[from]move: U-turn
|move|p2a: Slowking|Teleport|p2a: Slowking
|inactive|Battle timer is ON: inactive players will automatically lose when time's up. (requested by GuyguyLaMenace)
|
|t:|1621953000
|switch|p2a: Magnezone|Magnezone|100/100|[from]move: Teleport
|
|upkeep
|turn|2
|
|t:|1621953008
|move|p1a: Bisharp|Knock Off|p2a: Magnezone
|-damage|p2a: Magnezone|29/100
|-enditem|p2a: Magnezone|Choice Specs|[from] move: Knock Off|[of] p1a: Bisharp
|move|p2a: Magnezone|Volt Switch|p1a: Bisharp
|-damage|p1a: Bisharp|27/100
|
|t:|1621953022
|switch|p2a: Tapu Koko|Tapu Koko|100/100|[from]move: Volt Switch
|-fieldstart|move: Electric Terrain|[from] ability: Electric Surge|[of] p2a: Tapu Koko
|
|upkeep
|turn|3
|
|t:|1621953034
|switch|p1a: Ferrothorn|Ferrothorn, F|100/100
|move|p2a: Tapu Koko|Volt Switch|p1a: Ferrothorn
|-resisted|p1a: Ferrothorn
|-damage|p1a: Ferrothorn|81/100
|-damage|p2a: Tapu Koko|91/100|[from] item: Life Orb
|
|t:|1621953039
|switch|p2a: Weavile|Weavile, F|100/100|[from]move: Volt Switch
|
|-heal|p1a: Ferrothorn|87/100|[from] item: Leftovers
|upkeep
|turn|4
|
|t:|1621953045
|move|p2a: Weavile|Knock Off|p1a: Ferrothorn
|-damage|p1a: Ferrothorn|47/100
|-damage|p2a: Weavile|88/100|[from] ability: Iron Barbs|[of] p1a: Ferrothorn
|-enditem|p1a: Ferrothorn|Leftovers|[from] move: Knock Off|[of] p2a: Weavile
|move|p1a: Ferrothorn|Body Press|p2a: Weavile
|-supereffective|p2a: Weavile
|-damage|p2a: Weavile|0 fnt
|faint|p2a: Weavile
|
|upkeep
|
|t:|1621953053
|switch|p2a: Magnezone|Magnezone|29/100
|turn|5
|
|t:|1621953059
|move|p2a: Magnezone|Rising Voltage|p1a: Ferrothorn
|-resisted|p1a: Ferrothorn
|-damage|p1a: Ferrothorn|6/100
|move|p1a: Ferrothorn|Body Press|p2a: Magnezone
|-supereffective|p2a: Magnezone
|-damage|p2a: Magnezone|0 fnt
|faint|p2a: Magnezone
|
|upkeep
|
|t:|1621953068
|switch|p2a: Dragonite|Dragonite, F|100/100
|turn|6
|
|t:|1621953073
|move|p2a: Dragonite|Ice Beam|p1a: Ferrothorn
|-damage|p1a: Ferrothorn|0 fnt
|faint|p1a: Ferrothorn
|
|-fieldend|move: Electric Terrain
|upkeep
|
|t:|1621953082
|switch|p1a: Dragapult|Dragapult, F|100/100
|turn|7
|
|t:|1621953086
|move|p1a: Dragapult|U-turn|p2a: Dragonite
|-resisted|p2a: Dragonite
|-damage|p2a: Dragonite|96/100
|
|t:|1621953093
|switch|p1a: Blissey|Blissey, F|100/100|[from]move: U-turn
|move|p2a: Dragonite|Roost|p2a: Dragonite
|-heal|p2a: Dragonite|100/100
|-singleturn|p2a: Dragonite|move: Roost
|
|upkeep
|turn|8
|
|t:|1621953099
|switch|p2a: Clefable|Clefable, F|100/100
|move|p1a: Blissey|Toxic|p2a: Clefable
|-status|p2a: Clefable|tox
|
|upkeep
|turn|9
|
|t:|1621953105
|move|p2a: Clefable|Stealth Rock|p1a: Blissey
|-sidestart|p1: mentalsoft|move: Stealth Rock
|move|p1a: Blissey|Teleport|p1a: Blissey
|
|t:|1621953115
|switch|p1a: Bisharp|Bisharp, M|27/100|[from]move: Teleport
|-damage|p1a: Bisharp|22/100|[from] Stealth Rock
|
|upkeep
|turn|10
|
|t:|1621953120
|switch|p2a: Dragonite|Dragonite, F|100/100
|move|p1a: Bisharp|Iron Head|p2a: Dragonite
|-damage|p2a: Dragonite|82/100
|
|upkeep
|turn|11
|
|t:|1621953128
|move|p1a: Bisharp|Knock Off|p2a: Dragonite
|-damage|p2a: Dragonite|18/100
|-enditem|p2a: Dragonite|Heavy-Duty Boots|[from] move: Knock Off|[of] p1a: Bisharp
|move|p2a: Dragonite|Earthquake|p1a: Bisharp
|-supereffective|p1a: Bisharp
|-damage|p1a: Bisharp|0 fnt
|faint|p1a: Bisharp
|
|upkeep
|
|t:|1621953149
|switch|p1a: Urshifu|Urshifu-Rapid-Strike, M|100/100
|-damage|p1a: Urshifu|94/100|[from] Stealth Rock
|turn|12
|
|t:|1621953155
|switch|p2a: Slowking|Slowking, M|73/100
|move|p1a: Urshifu|Surging Strikes|p2a: Slowking
|-resisted|p2a: Slowking
|-crit|p2a: Slowking
|-damage|p2a: Slowking|60/100
|-resisted|p2a: Slowking
|-crit|p2a: Slowking
|-damage|p2a: Slowking|48/100
|-resisted|p2a: Slowking
|-crit|p2a: Slowking
|-damage|p2a: Slowking|37/100
|-hitcount|p2a: Slowking|3
|
|upkeep
|turn|13
|
|t:|1621953168
|move|p1a: Urshifu|Surging Strikes|p2a: Slowking
|-resisted|p2a: Slowking
|-crit|p2a: Slowking
|-damage|p2a: Slowking|25/100
|-resisted|p2a: Slowking
|-crit|p2a: Slowking
|-damage|p2a: Slowking|14/100
|-resisted|p2a: Slowking
|-crit|p2a: Slowking
|-damage|p2a: Slowking|2/100
|-hitcount|p2a: Slowking|3
|move|p2a: Slowking|Slack Off|p2a: Slowking
|-heal|p2a: Slowking|52/100
|
|upkeep
|turn|14
|
|t:|1621953181
|switch|p1a: Blissey|Blissey, F|100/100
|move|p2a: Slowking|Teleport|p2a: Slowking
|
|t:|1621953183
|switch|p2a: Dragonite|Dragonite, F|18/100|[from]move: Teleport
|
|upkeep
|turn|15
|
|t:|1621953187
|move|p2a: Dragonite|Roost|p2a: Dragonite
|-heal|p2a: Dragonite|68/100
|-singleturn|p2a: Dragonite|move: Roost
|move|p1a: Blissey|Toxic|p2a: Dragonite
|-status|p2a: Dragonite|tox
|
|-damage|p2a: Dragonite|62/100 tox|[from] psn
|upkeep
|turn|16
|
|t:|1621953198
|move|p2a: Dragonite|Heal Bell|p2a: Dragonite
|-activate|p2a: Dragonite|move: Heal Bell
|-curestatus|p2a: Dragonite|tox|[msg]
|-curestatus|p2: Clefable|tox|[msg]
|move|p1a: Blissey|Seismic Toss|p2a: Dragonite
|-damage|p2a: Dragonite|36/100
|
|upkeep
|turn|17
|
|t:|1621953204
|move|p2a: Dragonite|Roost|p2a: Dragonite
|-heal|p2a: Dragonite|86/100
|-singleturn|p2a: Dragonite|move: Roost
|move|p1a: Blissey|Toxic|p2a: Dragonite
|-status|p2a: Dragonite|tox
|
|-damage|p2a: Dragonite|80/100 tox|[from] psn
|upkeep
|turn|18
|
|t:|1621953211
|switch|p2a: Clefable|Clefable, F|100/100
|move|p1a: Blissey|Seismic Toss|p2a: Clefable
|-damage|p2a: Clefable|75/100
|
|-heal|p2a: Clefable|81/100|[from] item: Leftovers
|upkeep
|turn|19
|
|t:|1621953217
|move|p2a: Clefable|Moonblast|p1a: Blissey
|-damage|p1a: Blissey|89/100
|move|p1a: Blissey|Teleport|p1a: Blissey
|
|t:|1621953226
|switch|p1a: Landorus|Landorus-Therian, M|100/100|[from]move: Teleport
|-damage|p1a: Landorus|88/100|[from] Stealth Rock
|-ability|p1a: Landorus|Intimidate|boost
|-unboost|p2a: Clefable|atk|1
|
|-heal|p2a: Clefable|87/100|[from] item: Leftovers
|upkeep
|turn|20
|
|t:|1621953232
|move|p1a: Landorus|Stealth Rock|p2a: Clefable
|-sidestart|p2: GuyguyLaMenace|move: Stealth Rock
|move|p2a: Clefable|Moonblast|p1a: Landorus
|-damage|p1a: Landorus|54/100
|-unboost|p1a: Landorus|spa|1
|
|-heal|p2a: Clefable|93/100|[from] item: Leftovers
|upkeep
|turn|21
|
|t:|1621953237
|move|p1a: Landorus|Earthquake|p2a: Clefable
|-damage|p2a: Clefable|35/100
|move|p2a: Clefable|Moonblast|p1a: Landorus
|-crit|p1a: Landorus
|-damage|p1a: Landorus|0 fnt
|faint|p1a: Landorus
|
|-heal|p2a: Clefable|41/100|[from] item: Leftovers
|upkeep
|
|t:|1621953257
|switch|p1a: Urshifu|Urshifu-Rapid-Strike, M|94/100
|-damage|p1a: Urshifu|88/100|[from] Stealth Rock
|turn|22
|
|t:|1621953262
|switch|p2a: Dragonite|Dragonite, F|80/100 tox
|-damage|p2a: Dragonite|55/100 tox|[from] Stealth Rock
|move|p1a: Urshifu|Surging Strikes|p2a: Dragonite
|-resisted|p2a: Dragonite
|-crit|p2a: Dragonite
|-damage|p2a: Dragonite|40/100 tox
|-resisted|p2a: Dragonite
|-crit|p2a: Dragonite
|-damage|p2a: Dragonite|27/100 tox
|-resisted|p2a: Dragonite
|-crit|p2a: Dragonite
|-damage|p2a: Dragonite|14/100 tox
|-hitcount|p2a: Dragonite|3
|
|-damage|p2a: Dragonite|8/100 tox|[from] psn
|upkeep
|turn|23
|
|t:|1621953274
|switch|p2a: Slowking|Slowking, M|85/100
|move|p1a: Urshifu|Surging Strikes|p2a: Slowking
|-resisted|p2a: Slowking
|-crit|p2a: Slowking
|-damage|p2a: Slowking|73/100
|-resisted|p2a: Slowking
|-crit|p2a: Slowking
|-damage|p2a: Slowking|60/100
|-resisted|p2a: Slowking
|-crit|p2a: Slowking
|-damage|p2a: Slowking|49/100
|-hitcount|p2a: Slowking|3
|
|upkeep
|turn|24
|
|t:|1621953304
|switch|p1a: Dragapult|Dragapult, F|100/100
|-damage|p1a: Dragapult|88/100|[from] Stealth Rock
|move|p2a: Slowking|Slack Off|p2a: Slowking
|-heal|p2a: Slowking|99/100
|
|upkeep
|turn|25
|
|t:|1621953320
|move|p1a: Dragapult|Shadow Ball|p2a: Slowking
|-supereffective|p2a: Slowking
|-damage|p2a: Slowking|22/100
|move|p2a: Slowking|Scald|p1a: Dragapult
|-resisted|p1a: Dragapult
|-damage|p1a: Dragapult|71/100
|
|upkeep
|turn|26
|
|t:|1621953326
|switch|p2a: Dragonite|Dragonite, F|8/100 tox
|-damage|p2a: Dragonite|0 fnt|[from] Stealth Rock
|faint|p2a: Dragonite
|move|p1a: Dragapult|Shadow Ball|p2: Dragonite|[notarget]
|-fail|p1a: Dragapult
|
|upkeep
|
|t:|1621953328
|switch|p2a: Tapu Koko|Tapu Koko|91/100
|-damage|p2a: Tapu Koko|78/100|[from] Stealth Rock
|-fieldstart|move: Electric Terrain|[from] ability: Electric Surge|[of] p2a: Tapu Koko
|turn|27
|
|t:|1621953336
|switch|p1a: Blissey|Blissey, F|89/100
|move|p2a: Tapu Koko|Volt Switch|p1a: Blissey
|-damage|p1a: Blissey|71/100
|-damage|p2a: Tapu Koko|68/100|[from] item: Life Orb
|
|t:|1621953339
|switch|p2a: Clefable|Clefable, F|41/100|[from]move: Volt Switch
|
|-heal|p2a: Clefable|47/100|[from] item: Leftovers
|upkeep
|turn|28
|
|t:|1621953345
|move|p2a: Clefable|Soft-Boiled|p2a: Clefable
|-heal|p2a: Clefable|97/100
|move|p1a: Blissey|Seismic Toss|p2a: Clefable
|-damage|p2a: Clefable|71/100
|
|-heal|p2a: Clefable|77/100|[from] item: Leftovers
|upkeep
|turn|29
|
|t:|1621953351
|switch|p2a: Slowking|Slowking, M|56/100
|move|p1a: Blissey|Soft-Boiled|p1a: Blissey
|-heal|p1a: Blissey|100/100
|
|upkeep
|turn|30
|
|t:|1621953356
|move|p1a: Blissey|Toxic|p2a: Slowking
|-status|p2a: Slowking|tox
|move|p2a: Slowking|Future Sight|p1a: Blissey
|-start|p2a: Slowking|move: Future Sight
|
|-damage|p2a: Slowking|49/100 tox|[from] psn
|upkeep
|turn|31
|
|t:|1621953361
|move|p1a: Blissey|Seismic Toss|p2a: Slowking
|-damage|p2a: Slowking|24/100 tox
|move|p2a: Slowking|Teleport|p2a: Slowking
|
|t:|1621953365
|switch|p2a: Clefable|Clefable, F|77/100|[from]move: Teleport
|
|-heal|p2a: Clefable|83/100|[from] item: Leftovers
|-fieldend|move: Electric Terrain
|upkeep
|turn|32
|
|t:|1621953372
|move|p2a: Clefable|Moonblast|p1a: Blissey
|-damage|p1a: Blissey|89/100
|move|p1a: Blissey|Seismic Toss|p2a: Clefable
|-damage|p2a: Clefable|58/100
|
|-end|p1a: Blissey|move: Future Sight
|-damage|p1a: Blissey|73/100
|-heal|p2a: Clefable|64/100|[from] item: Leftovers
|upkeep
|turn|33
|
|t:|1621953377
|move|p2a: Clefable|Moonblast|p1a: Blissey
|-damage|p1a: Blissey|61/100
|move|p1a: Blissey|Seismic Toss|p2a: Clefable
|-damage|p2a: Clefable|39/100
|
|-heal|p2a: Clefable|45/100|[from] item: Leftovers
|upkeep
|turn|34
|
|t:|1621953381
|move|p2a: Clefable|Soft-Boiled|p2a: Clefable
|-heal|p2a: Clefable|95/100
|move|p1a: Blissey|Soft-Boiled|p1a: Blissey
|-heal|p1a: Blissey|100/100
|
|-heal|p2a: Clefable|100/100|[from] item: Leftovers
|upkeep
|turn|35
|
|t:|1621953386
|switch|p2a: Tapu Koko|Tapu Koko|68/100
|-damage|p2a: Tapu Koko|56/100|[from] Stealth Rock
|-fieldstart|move: Electric Terrain|[from] ability: Electric Surge|[of] p2a: Tapu Koko
|move|p1a: Blissey|Seismic Toss|p2a: Tapu Koko
|-damage|p2a: Tapu Koko|20/100
|
|upkeep
|turn|36
|
|t:|1621953396
|move|p2a: Tapu Koko|Roost|p2a: Tapu Koko
|-heal|p2a: Tapu Koko|70/100
|-singleturn|p2a: Tapu Koko|move: Roost
|move|p1a: Blissey|Toxic|p2a: Tapu Koko
|-status|p2a: Tapu Koko|tox
|
|-damage|p2a: Tapu Koko|64/100 tox|[from] psn
|upkeep
|turn|37
|
|t:|1621953403
|move|p2a: Tapu Koko|Roost|p2a: Tapu Koko
|-heal|p2a: Tapu Koko|100/100 tox
|-singleturn|p2a: Tapu Koko|move: Roost
|move|p1a: Blissey|Seismic Toss|p2a: Tapu Koko
|-damage|p2a: Tapu Koko|65/100 tox
|
|-damage|p2a: Tapu Koko|53/100 tox|[from] psn
|upkeep
|turn|38
|
|t:|1621953409
|switch|p2a: Clefable|Clefable, F|100/100
|move|p1a: Blissey|Seismic Toss|p2a: Clefable
|-damage|p2a: Clefable|75/100
|
|-heal|p2a: Clefable|81/100|[from] item: Leftovers
|upkeep
|turn|39
|
|t:|1621953417
|move|p2a: Clefable|Moonblast|p1a: Blissey
|-damage|p1a: Blissey|90/100
|move|p1a: Blissey|Seismic Toss|p2a: Clefable
|-damage|p2a: Clefable|56/100
|
|-heal|p2a: Clefable|62/100|[from] item: Leftovers
|-fieldend|move: Electric Terrain
|upkeep
|turn|40
|
|t:|1621953422
|move|p2a: Clefable|Moonblast|p1a: Blissey
|-damage|p1a: Blissey|79/100
|move|p1a: Blissey|Seismic Toss|p2a: Clefable
|-damage|p2a: Clefable|37/100
|
|-heal|p2a: Clefable|43/100|[from] item: Leftovers
|upkeep
|turn|41
|
|t:|1621953427
|move|p2a: Clefable|Soft-Boiled|p2a: Clefable
|-heal|p2a: Clefable|93/100
|move|p1a: Blissey|Seismic Toss|p2a: Clefable
|-damage|p2a: Clefable|67/100
|
|-heal|p2a: Clefable|73/100|[from] item: Leftovers
|upkeep
|turn|42
|
|t:|1621953433
|move|p2a: Clefable|Moonblast|p1a: Blissey
|-damage|p1a: Blissey|68/100
|-unboost|p1a: Blissey|spa|1
|move|p1a: Blissey|Seismic Toss|p2a: Clefable
|-damage|p2a: Clefable|48/100
|
|-heal|p2a: Clefable|54/100|[from] item: Leftovers
|upkeep
|turn|43
|
|t:|1621953438
|move|p2a: Clefable|Soft-Boiled|p2a: Clefable
|-heal|p2a: Clefable|100/100
|move|p1a: Blissey|Seismic Toss|p2a: Clefable
|-damage|p2a: Clefable|75/100
|
|-heal|p2a: Clefable|81/100|[from] item: Leftovers
|upkeep
|turn|44
|
|t:|1621953442
|switch|p2a: Slowking|Slowking, M|57/100 tox
|move|p1a: Blissey|Seismic Toss|p2a: Slowking
|-damage|p2a: Slowking|32/100 tox
|
|-damage|p2a: Slowking|26/100 tox|[from] psn
|upkeep
|turn|45
|
|t:|1621953450
|switch|p1a: Dragapult|Dragapult, F|71/100
|-damage|p1a: Dragapult|58/100|[from] Stealth Rock
|switch|p2a: Clefable|Clefable, F|81/100
|
|-heal|p2a: Clefable|87/100|[from] item: Leftovers
|upkeep
|turn|46
|
|t:|1621953456
|move|p1a: Dragapult|U-turn|p2a: Clefable
|-resisted|p2a: Clefable
|-damage|p2a: Clefable|81/100
|j| lalawee
|
|t:|1621953461
|switch|p1a: Blissey|Blissey, F|68/100|[from]move: U-turn
|move|p2a: Clefable|Thunder Wave|p1a: Blissey
|-status|p1a: Blissey|par
|
|-heal|p2a: Clefable|87/100|[from] item: Leftovers
|upkeep
|turn|47
|
|t:|1621953468
|switch|p2a: Slowking|Slowking, M|59/100 tox
|move|p1a: Blissey|Seismic Toss|p2a: Slowking
|-damage|p2a: Slowking|34/100 tox
|
|-damage|p2a: Slowking|28/100 tox|[from] psn
|upkeep
|turn|48
|
|t:|1621953486
|switch|p2a: Clefable|Clefable, F|87/100
|move|p1a: Blissey|Seismic Toss|p2a: Clefable
|-damage|p2a: Clefable|62/100
|
|-heal|p2a: Clefable|68/100|[from] item: Leftovers
|upkeep
|turn|49
|
|t:|1621953494
|move|p2a: Clefable|Soft-Boiled|p2a: Clefable
|-heal|p2a: Clefable|100/100
|move|p1a: Blissey|Seismic Toss|p2a: Clefable
|-damage|p2a: Clefable|75/100
|
|-heal|p2a: Clefable|81/100|[from] item: Leftovers
|upkeep
|turn|50
|
|t:|1621953502
|switch|p2a: Slowking|Slowking, M|61/100 tox
|move|p1a: Blissey|Teleport|p1a: Blissey
|
|t:|1621953512
|switch|p1a: Dragapult|Dragapult, F|58/100|[from]move: Teleport
|-damage|p1a: Dragapult|46/100|[from] Stealth Rock
|
|-damage|p2a: Slowking|55/100 tox|[from] psn
|upkeep
|turn|51
|
|t:|1621953521
|switch|p2a: Tapu Koko|Tapu Koko|53/100 tox
|-damage|p2a: Tapu Koko|41/100 tox|[from] Stealth Rock
|-fieldstart|move: Electric Terrain|[from] ability: Electric Surge|[of] p2a: Tapu Koko
|move|p1a: Dragapult|Shadow Ball|p2a: Tapu Koko
|-damage|p2a: Tapu Koko|0 fnt
|faint|p2a: Tapu Koko
|
|upkeep
|
|t:|1621953523
|switch|p2a: Clefable|Clefable, F|81/100
|turn|52
|l| isa200bela
|
|t:|1621953536
|switch|p1a: Blissey|Blissey, F|68/100
|move|p2a: Clefable|Thunder Wave|p1a: Blissey
|-status|p1a: Blissey|par
|
|-heal|p2a: Clefable|87/100|[from] item: Leftovers
|upkeep
|turn|53
|
|t:|1621953540
|switch|p2a: Slowking|Slowking, M|88/100 tox
|move|p1a: Blissey|Soft-Boiled|p1a: Blissey
|-heal|p1a: Blissey|100/100 par
|
|-damage|p2a: Slowking|82/100 tox|[from] psn
|upkeep
|turn|54
|
|t:|1621953549
|move|p1a: Blissey|Seismic Toss|p2a: Slowking
|-damage|p2a: Slowking|57/100 tox
|move|p2a: Slowking|Teleport|p2a: Slowking
|
|t:|1621953553
|switch|p2a: Clefable|Clefable, F|87/100|[from]move: Teleport
|
|-heal|p2a: Clefable|93/100|[from] item: Leftovers
|upkeep
|turn|55
|
|t:|1621953558
|move|p2a: Clefable|Moonblast|p1a: Blissey
|-damage|p1a: Blissey|90/100 par
|move|p1a: Blissey|Seismic Toss|p2a: Clefable
|-damage|p2a: Clefable|68/100
|
|-heal|p2a: Clefable|74/100|[from] item: Leftovers
|-fieldend|move: Electric Terrain
|upkeep
|turn|56
|
|t:|1621953564
|move|p2a: Clefable|Moonblast|p1a: Blissey
|-damage|p1a: Blissey|78/100 par
|move|p1a: Blissey|Teleport|p1a: Blissey
|
|t:|1621953571
|-curestatus|p1a: Blissey|par|[from] ability: Natural Cure
|switch|p1a: Urshifu|Urshifu-Rapid-Strike, M|88/100|[from]move: Teleport
|-damage|p1a: Urshifu|82/100|[from] Stealth Rock
|
|-heal|p2a: Clefable|80/100|[from] item: Leftovers
|upkeep
|turn|57
|
|t:|1621953577
|move|p1a: Urshifu|Surging Strikes|p2a: Clefable
|-crit|p2a: Clefable
|-damage|p2a: Clefable|57/100
|-crit|p2a: Clefable
|-damage|p2a: Clefable|35/100
|-crit|p2a: Clefable
|-damage|p2a: Clefable|10/100
|-hitcount|p2a: Clefable|3
|move|p2a: Clefable|Soft-Boiled|p2a: Clefable
|-heal|p2a: Clefable|60/100
|
|-heal|p2a: Clefable|66/100|[from] item: Leftovers
|upkeep
|turn|58
|
|t:|1621953590
|switch|p2a: Slowking|Slowking, M|90/100 tox
|move|p1a: Urshifu|Surging Strikes|p2a: Slowking
|-resisted|p2a: Slowking
|-crit|p2a: Slowking
|-damage|p2a: Slowking|78/100 tox
|-resisted|p2a: Slowking
|-crit|p2a: Slowking
|-damage|p2a: Slowking|65/100 tox
|-resisted|p2a: Slowking
|-crit|p2a: Slowking
|-damage|p2a: Slowking|54/100 tox
|-hitcount|p2a: Slowking|3
|
|-damage|p2a: Slowking|47/100 tox|[from] psn
|upkeep
|turn|59
|
|t:|1621953602
|switch|p1a: Dragapult|Dragapult, F|46/100
|-damage|p1a: Dragapult|34/100|[from] Stealth Rock
|move|p2a: Slowking|Teleport|p2a: Slowking
|
|t:|1621953604
|switch|p2a: Clefable|Clefable, F|66/100|[from]move: Teleport
|
|-heal|p2a: Clefable|72/100|[from] item: Leftovers
|upkeep
|turn|60
|
|t:|1621953612
|move|p1a: Dragapult|U-turn|p2a: Clefable
|-resisted|p2a: Clefable
|-damage|p2a: Clefable|66/100
|
|t:|1621953616
|switch|p1a: Blissey|Blissey, F|78/100|[from]move: U-turn
|move|p2a: Clefable|Soft-Boiled|p2a: Clefable
|-heal|p2a: Clefable|100/100
|
|upkeep
|turn|61
|
|t:|1621953625
|switch|p2a: Slowking|Slowking, M|81/100 tox
|move|p1a: Blissey|Seismic Toss|p2a: Slowking
|-damage|p2a: Slowking|55/100 tox
|
|-damage|p2a: Slowking|49/100 tox|[from] psn
|upkeep
|turn|62
|
|t:|1621953641
|switch|p2a: Clefable|Clefable, F|100/100
|move|p1a: Blissey|Teleport|p1a: Blissey
|
|t:|1621953648
|switch|p1a: Urshifu|Urshifu-Rapid-Strike, M|82/100|[from]move: Teleport
|-damage|p1a: Urshifu|76/100|[from] Stealth Rock
|
|upkeep
|turn|63
|
|t:|1621953656
|move|p1a: Urshifu|U-turn|p2a: Clefable
|-resisted|p2a: Clefable
|-damage|p2a: Clefable|87/100
|
|t:|1621953659
|switch|p1a: Blissey|Blissey, F|78/100|[from]move: U-turn
|move|p2a: Clefable|Thunder Wave|p1a: Blissey
|-status|p1a: Blissey|par
|
|-heal|p2a: Clefable|93/100|[from] item: Leftovers
|upkeep
|turn|64
|
|t:|1621953674
|move|p2a: Clefable|Stealth Rock||[still]
|-fail|p2a: Clefable
|cant|p1a: Blissey|par
|
|-heal|p2a: Clefable|99/100|[from] item: Leftovers
|upkeep
|turn|65
|
|t:|1621953682
|move|p2a: Clefable|Stealth Rock||[still]
|-fail|p2a: Clefable
|move|p1a: Blissey|Seismic Toss|p2a: Clefable
|-damage|p2a: Clefable|73/100
|
|-heal|p2a: Clefable|79/100|[from] item: Leftovers
|upkeep
|turn|66
|
|t:|1621953694
|move|p2a: Clefable|Stealth Rock||[still]
|-fail|p2a: Clefable
|move|p1a: Blissey|Toxic|p2a: Clefable
|-status|p2a: Clefable|tox
|
|-heal|p2a: Clefable|86/100 tox|[from] item: Leftovers
|upkeep
|turn|67
|
|t:|1621953701
|switch|p2a: Slowking|Slowking, M|82/100 tox
|cant|p1a: Blissey|par
|
|-damage|p2a: Slowking|76/100 tox|[from] psn
|upkeep
|turn|68
|
|t:|1621953707
|cant|p1a: Blissey|par
|move|p2a: Slowking|Teleport|p2a: Slowking
|
|t:|1621953710
|switch|p2a: Clefable|Clefable, F|86/100 tox|[from]move: Teleport
|
|-heal|p2a: Clefable|92/100 tox|[from] item: Leftovers
|upkeep
|turn|69
|
|t:|1621953726
|move|p2a: Clefable|Stealth Rock||[still]
|-fail|p2a: Clefable
|move|p1a: Blissey|Seismic Toss|p2a: Clefable
|-damage|p2a: Clefable|66/100 tox
|
|-heal|p2a: Clefable|72/100 tox|[from] item: Leftovers
|upkeep
|turn|70
|
|t:|1621953733
|move|p2a: Clefable|Moonblast|p1a: Blissey
|-damage|p1a: Blissey|67/100 par
|move|p1a: Blissey|Teleport|p1a: Blissey
|
|t:|1621953738
|-curestatus|p1a: Blissey|par|[from] ability: Natural Cure
|switch|p1a: Urshifu|Urshifu-Rapid-Strike, M|76/100|[from]move: Teleport
|-damage|p1a: Urshifu|70/100|[from] Stealth Rock
|
|-heal|p2a: Clefable|78/100 tox|[from] item: Leftovers
|upkeep
|turn|71
|
|t:|1621953743
|move|p1a: Urshifu|Surging Strikes|p2a: Clefable
|-crit|p2a: Clefable
|-damage|p2a: Clefable|55/100 tox
|-crit|p2a: Clefable
|-damage|p2a: Clefable|32/100 tox
|-crit|p2a: Clefable
|-damage|p2a: Clefable|9/100 tox
|-hitcount|p2a: Clefable|3
|move|p2a: Clefable|Soft-Boiled|p2a: Clefable
|-heal|p2a: Clefable|59/100 tox
|
|-heal|p2a: Clefable|65/100 tox|[from] item: Leftovers
|upkeep
|turn|72
|
|t:|1621953759
|switch|p1a: Dragapult|Dragapult, F|34/100
|-damage|p1a: Dragapult|21/100|[from] Stealth Rock
|move|p2a: Clefable|Soft-Boiled|p2a: Clefable
|-heal|p2a: Clefable|100/100 tox
|
|upkeep
|turn|73
|
|t:|1621953766
|move|p1a: Dragapult|U-turn|p2a: Clefable
|-resisted|p2a: Clefable
|-damage|p2a: Clefable|94/100 tox
|
|t:|1621953771
|switch|p1a: Blissey|Blissey, F|67/100|[from]move: U-turn
|move|p2a: Clefable|Moonblast|p1a: Blissey
|-damage|p1a: Blissey|55/100
|-unboost|p1a: Blissey|spa|1
|
|-heal|p2a: Clefable|99/100 tox|[from] item: Leftovers
|upkeep
|turn|74
|
|t:|1621953778
|switch|p2a: Slowking|Slowking, M|100/100 tox
|move|p1a: Blissey|Soft-Boiled|p1a: Blissey
|-heal|p1a: Blissey|100/100
|
|-damage|p2a: Slowking|94/100 tox|[from] psn
|upkeep
|turn|75
|
|t:|1621953791
|move|p1a: Blissey|Teleport|p1a: Blissey
|
|t:|1621953795
|switch|p1a: Urshifu|Urshifu-Rapid-Strike, M|70/100|[from]move: Teleport
|-damage|p1a: Urshifu|64/100|[from] Stealth Rock
|move|p2a: Slowking|Teleport|p2a: Slowking
|
|t:|1621953799
|switch|p2a: Clefable|Clefable, F|99/100 tox|[from]move: Teleport
|
|-heal|p2a: Clefable|100/100 tox|[from] item: Leftovers
|upkeep
|turn|76
|
|t:|1621953810
|move|p1a: Urshifu|Surging Strikes|p2a: Clefable
|-crit|p2a: Clefable
|-damage|p2a: Clefable|78/100 tox
|-crit|p2a: Clefable
|-damage|p2a: Clefable|53/100 tox
|-crit|p2a: Clefable
|-damage|p2a: Clefable|29/100 tox
|-hitcount|p2a: Clefable|3
|move|p2a: Clefable|Thunder Wave|p1a: Urshifu
|-status|p1a: Urshifu|par
|
|-heal|p2a: Clefable|35/100 tox|[from] item: Leftovers
|upkeep
|turn|77
|
|t:|1621953823
|-activate|p1a: Urshifu|move: Struggle
|move|p1a: Urshifu|Struggle|p2a: Clefable
|-damage|p2a: Clefable|14/100 tox
|-damage|p1a: Urshifu|39/100 par|[from] recoil
|move|p2a: Clefable|Soft-Boiled|p2a: Clefable
|-heal|p2a: Clefable|64/100 tox
|
|-heal|p2a: Clefable|70/100 tox|[from] item: Leftovers
|upkeep
|turn|78
|
|t:|1621953836
|-activate|p1a: Urshifu|move: Struggle
|move|p1a: Urshifu|Struggle|p2a: Clefable
|-damage|p2a: Clefable|52/100 tox
|-damage|p1a: Urshifu|14/100 par|[from] recoil
|move|p2a: Clefable|Moonblast|p1a: Urshifu
|-supereffective|p1a: Urshifu
|-damage|p1a: Urshifu|0 fnt
|faint|p1a: Urshifu
|
|-heal|p2a: Clefable|58/100 tox|[from] item: Leftovers
|upkeep
|inactive|mentalsoft has 120 seconds left.
|
|t:|1621953871
|switch|p1a: Dragapult|Dragapult, F|21/100
|-damage|p1a: Dragapult|9/100|[from] Stealth Rock
|turn|79
|
|t:|1621953884
|move|p1a: Dragapult|Shadow Ball|p2a: Clefable
|-damage|p2a: Clefable|5/100 tox
|move|p2a: Clefable|Soft-Boiled|p2a: Clefable
|-heal|p2a: Clefable|55/100 tox
|
|-heal|p2a: Clefable|61/100 tox|[from] item: Leftovers
|upkeep
|turn|80
|
|t:|1621953890
|move|p1a: Dragapult|Shadow Ball|p2a: Clefable
|-damage|p2a: Clefable|13/100 tox
|move|p2a: Clefable|Moonblast|p1a: Dragapult
|-supereffective|p1a: Dragapult
|-damage|p1a: Dragapult|0 fnt
|faint|p1a: Dragapult
|
|-heal|p2a: Clefable|20/100 tox|[from] item: Leftovers
|upkeep
|
|t:|1621953897
|switch|p1a: Blissey|Blissey, F|100/100
|turn|81
|
|t:|1621953903
|switch|p2a: Slowking|Slowking, M|100/100 tox
|move|p1a: Blissey|Seismic Toss|p2a: Slowking
|-damage|p2a: Slowking|75/100 tox
|
|-damage|p2a: Slowking|69/100 tox|[from] psn
|upkeep
|turn|82
|
|t:|1621953915
|move|p1a: Blissey|Teleport||[still]
|-fail|p1a: Blissey
|move|p2a: Slowking|Teleport|p2a: Slowking
|
|t:|1621953919
|switch|p2a: Clefable|Clefable, F|20/100 tox|[from]move: Teleport
|
|-heal|p2a: Clefable|26/100 tox|[from] item: Leftovers
|upkeep
|turn|83
|j| Simple Spectator
|
|t:|1621953924
|move|p2a: Clefable|Soft-Boiled|p2a: Clefable
|-heal|p2a: Clefable|76/100 tox
|move|p1a: Blissey|Seismic Toss|p2a: Clefable
|-damage|p2a: Clefable|50/100 tox
|
|-heal|p2a: Clefable|56/100 tox|[from] item: Leftovers
|upkeep
|turn|84
|
|t:|1621953931
|switch|p2a: Slowking|Slowking, M|100/100 tox
|move|p1a: Blissey|Seismic Toss|p2a: Slowking
|-damage|p2a: Slowking|75/100 tox
|
|-damage|p2a: Slowking|69/100 tox|[from] psn
|upkeep
|turn|85
|
|t:|1621953936
|move|p1a: Blissey|Teleport||[still]
|-fail|p1a: Blissey
|move|p2a: Slowking|Teleport|p2a: Slowking
|
|t:|1621953940
|switch|p2a: Clefable|Clefable, F|56/100 tox|[from]move: Teleport
|
|-heal|p2a: Clefable|62/100 tox|[from] item: Leftovers
|upkeep
|turn|86
|
|t:|1621953947
|move|p2a: Clefable|Stealth Rock||[still]
|-fail|p2a: Clefable
|move|p1a: Blissey|Seismic Toss|p2a: Clefable
|-damage|p2a: Clefable|37/100 tox
|
|-heal|p2a: Clefable|43/100 tox|[from] item: Leftovers
|upkeep
|turn|87
|inactive|mentalsoft has 120 seconds left.
|
|t:|1621953979
|switch|p2a: Slowking|Slowking, M|100/100 tox
|move|p1a: Blissey|Seismic Toss|p2a: Slowking
|-damage|p2a: Slowking|75/100 tox
|
|-damage|p2a: Slowking|69/100 tox|[from] psn
|upkeep
|turn|88
|
|t:|1621953985
|move|p1a: Blissey|Teleport||[still]
|-fail|p1a: Blissey
|move|p2a: Slowking|Teleport|p2a: Slowking
|
|t:|1621953987
|switch|p2a: Clefable|Clefable, F|43/100 tox|[from]move: Teleport
|
|-heal|p2a: Clefable|49/100 tox|[from] item: Leftovers
|upkeep
|turn|89
|-message|mentalsoft forfeited.
|
|win|GuyguyLaMenace
|raw|mentalsoft's rating: 1578 &rarr; <strong>1555</strong><br />(-23 for losing)
|raw|GuyguyLaMenace's rating: 1530 &rarr; <strong>1553</strong><br />(+23 for winning)
|c|☆GuyguyLaMenace|Gg
