|j|☆Percy_Gekkouga77
|j|☆Forwards
|t:|1658937276
|gametype|singles
|player|p1|Percy_Gekkouga77|leon-tower|1376
|player|p2|Forwards|diantha-masters|1329
|teamsize|p1|6
|teamsize|p2|6
|gen|8
|tier|[Gen 8] OU
|rated|
|rule|Sleep Clause Mod: Limit one foe put to sleep
|rule|Species Clause: Limit one of each Pokémon
|rule|OHKO Clause: OHKO moves are banned
|rule|Evasion Moves Clause: Evasion moves are banned
|rule|Endless Battle Clause: Forcing endless battles is banned
|rule|HP Percentage Mod: HP is shown in percentages
|rule|Dynamax Clause: You cannot dynamax
|clearpoke
|poke|p1|Slowbro, F|
|poke|p1|Amoonguss, M|
|poke|p1|Mienshao, M|
|poke|p1|Tornadus-Therian, M|
|poke|p1|Blissey, F|
|poke|p1|Cobalion|
|poke|p2|Runerigus, M|
|poke|p2|Dragapult, F|
|poke|p2|Gengar, M|
|poke|p2|Aegislash, M|
|poke|p2|Blacephalon|
|poke|p2|Bisharp, F|
|teampreview
|inactive|Battle timer is ON: inactive players will automatically lose when time's up. (requested by Percy_Gekkouga77)
|
|t:|1658937283
|start
|switch|p1a: Tornadus|Tornadus-Therian, M, shiny|100/100
|switch|p2a: Runerigus|Runerigus, M|100/100
|turn|1
|
|t:|1658937299
|move|p1a: Tornadus|Knock Off|p2a: Runerigus
|-supereffective|p2a: Runerigus
|-damage|p2a: Runerigus|72/100
|-activate|p2a: Runerigus|ability: Wandering Spirit|Regenerator|Wandering Spirit|[of] p1a: Tornadus
|-enditem|p2a: Runerigus|Mental Herb|[from] move: Knock Off|[of] p1a: Tornadus
|move|p2a: Runerigus|Stealth Rock|p1a: Tornadus
|-sidestart|p1: Percy_Gekkouga77|move: Stealth Rock
|
|upkeep
|turn|2
|
|t:|1658937318
|move|p1a: Tornadus|Defog|p2a: Runerigus
|-unboost|p2a: Runerigus|evasion|1
|-sideend|p1: Percy_Gekkouga77|Stealth Rock|[from] move: Defog|[of] p1a: Tornadus
|move|p2a: Runerigus|Toxic Spikes|p1a: Tornadus
|-sidestart|p1: Percy_Gekkouga77|move: Toxic Spikes
|
|upkeep
|turn|3
|
|t:|1658937324
|move|p1a: Tornadus|Hurricane|p2a: Runerigus
|-damage|p2a: Runerigus|40/100
|-start|p2a: Runerigus|confusion
|-activate|p2a: Runerigus|confusion
|move|p2a: Runerigus|Stealth Rock|p1a: Tornadus
|-sidestart|p1: Percy_Gekkouga77|move: Stealth Rock
|
|upkeep
|turn|4
|
|t:|1658937329
|switch|p2a: Bisharp|Bisharp, F|100/100
|move|p1a: Tornadus|Hurricane|p2a: Bisharp
|-resisted|p2a: Bisharp
|-damage|p2a: Bisharp|64/100
|-start|p2a: Bisharp|confusion
|
|upkeep
|turn|5
|
|t:|1658937335
|switch|p2a: Runerigus|Runerigus, M|73/100
|move|p1a: Tornadus|Hurricane|p2a: Runerigus
|-damage|p2a: Runerigus|41/100
|-start|p2a: Runerigus|confusion
|
|upkeep
|turn|6
|c|☆Percy_Gekkouga77|What
|
|t:|1658937348
|move|p1a: Tornadus|Hurricane|p2a: Runerigus
|-damage|p2a: Runerigus|13/100
|-activate|p2a: Runerigus|confusion
|move|p2a: Runerigus|Taunt|p1a: Tornadus
|-start|p1a: Tornadus|move: Taunt
|
|upkeep
|turn|7
|
|t:|1658937356
|move|p1a: Tornadus|Hurricane|p2a: Runerigus
|-damage|p2a: Runerigus|0 fnt
|faint|p2a: Runerigus
|
|upkeep
|
|t:|1658937365
|switch|p2a: Blacephalon|Blacephalon|100/100
|turn|8
|
|t:|1658937369
|move|p2a: Blacephalon|Trick|p1a: Tornadus
|-activate|p2a: Blacephalon|move: Trick|[of] p1a: Tornadus
|-item|p1a: Tornadus|Choice Scarf|[from] move: Trick
|-item|p2a: Blacephalon|Heavy-Duty Boots|[from] move: Trick
|move|p1a: Tornadus|Knock Off|p2a: Blacephalon
|-supereffective|p2a: Blacephalon
|-damage|p2a: Blacephalon|4/100
|-enditem|p2a: Blacephalon|Heavy-Duty Boots|[from] move: Knock Off|[of] p1a: Tornadus
|
|upkeep
|turn|9
|
|t:|1658937375
|move|p1a: Tornadus|Knock Off|p2a: Blacephalon
|-supereffective|p2a: Blacephalon
|-damage|p2a: Blacephalon|0 fnt
|faint|p2a: Blacephalon
|
|-end|p1a: Tornadus|move: Taunt
|upkeep
|
|t:|1658937376
|switch|p2a: Bisharp|Bisharp, F|64/100
|turn|10
|
|t:|1658937388
|switch|p1a: Cobalion|Cobalion, shiny|100/100
|-damage|p1a: Cobalion|97/100|[from] Stealth Rock
|move|p2a: Bisharp|Knock Off|p1a: Cobalion
|-resisted|p1a: Cobalion
|-damage|p1a: Cobalion|74/100
|-ability|p1a: Cobalion|Justified|boost
|-boost|p1a: Cobalion|atk|1
|-enditem|p1a: Cobalion|Leftovers|[from] move: Knock Off|[of] p2a: Bisharp
|
|upkeep
|turn|11
|l|☆Forwards
|inactive|Forwards disconnected and has a minute to reconnect!
|player|p2|
|j|☆Forwards
|inactive|Forwards reconnected and has 140 seconds left.
|player|p2|Forwards|diantha-masters
|
|t:|1658937404
|move|p1a: Cobalion|Thunder Wave|p2a: Bisharp
|-status|p2a: Bisharp|par
|cant|p2a: Bisharp|par
|
|upkeep
|turn|12
|
|t:|1658937411
|move|p1a: Cobalion|Volt Switch|p2a: Bisharp
|-damage|p2a: Bisharp|42/100 par
|-message|Forwards forfeited.
|
|win|Percy_Gekkouga77
|raw|Percy_Gekkouga77's rating: 1376 &rarr; <strong>1393</strong><br />(+17 for winning)
|raw|Forwards's rating: 1329 &rarr; <strong>1312</strong><br />(-17 for losing)
|l|☆Forwards
