|j|☆Kobiisbetterthanu
|j|☆POLYKlNG
|t:|1613595179
|player|p1|Kobiisbetterthanu|265|
|player|p2|POLYKlNG|hilbert-dueldisk|
|teamsize|p1|6
|teamsize|p2|6
|gametype|singles
|gen|8
|tier|[Gen 8] OU
|clearpoke
|poke|p1|Alakazam, M|
|poke|p1|Rotom-Wash|
|poke|p1|Grimmsnarl, M|
|poke|p1|Dusclops, M|
|poke|p1|Blaziken, F|
|poke|p1|Togekiss, F|
|poke|p2|Blacephalon|
|poke|p2|Tapu Lele|
|poke|p2|Landorus-Therian, M|
|poke|p2|Tapu Fini|
|poke|p2|Slowking-Galar, M|
|poke|p2|Zapdos-Galar|
|rule|Sleep Clause Mod: Limit one foe put to sleep
|rule|Species Clause: Limit one of each Pokémon
|rule|OHKO Clause: OHKO moves are banned
|rule|Evasion Moves Clause: Evasion moves are banned
|rule|Endless Battle Clause: Forcing endless battles is banned
|rule|HP Percentage Mod: HP is shown in percentages
|rule|Dynamax Clause: You cannot dynamax
|teampreview
|inactive|Battle timer is ON: inactive players will automatically lose when time's up. (requested by Kobiisbetterthanu)
|
|t:|1613595198
|start
|switch|p1a: Togekiss|Togekiss, F|100/100
|switch|p2a: Tapu Lele|Tapu Lele|100/100
|-fieldstart|move: Psychic Terrain|[from] ability: Psychic Surge|[of] p2a: Tapu Lele
|turn|1
|inactive|POLYKlNG has 270 seconds left.
|
|t:|1613595230
|move|p2a: Tapu Lele|Psyshock|p1a: Togekiss
|-damage|p1a: Togekiss|16/100
|move|p1a: Togekiss|Air Slash|p2a: Tapu Lele
|-damage|p2a: Tapu Lele|61/100
|
|upkeep
|turn|2
|
|t:|1613595251
|move|p2a: Tapu Lele|Psyshock|p1a: Togekiss
|-damage|p1a: Togekiss|0 fnt
|faint|p1a: Togekiss
|
|upkeep
|
|t:|1613595262
|switch|p1a: Alakazam|Alakazam, M|100/100
|turn|3
|
|t:|1613595281
|switch|p2a: Slowking|Slowking-Galar, M|100/100
|move|p1a: Alakazam|Future Sight|p2a: Slowking
|-start|p1a: Alakazam|move: Future Sight
|
|upkeep
|turn|4
|
|t:|1613595291
|switch|p1a: Blaziken|Blaziken, F|100/100
|move|p2a: Slowking|Sludge Bomb|p1a: Blaziken
|-damage|p1a: Blaziken|49/100
|
|upkeep
|turn|5
|
|t:|1613595295
|switch|p2a: Landorus|Landorus-Therian, M|100/100
|-ability|p2a: Landorus|Intimidate|boost
|-unboost|p1a: Blaziken|atk|1
|move|p1a: Blaziken|Flare Blitz|p2a: Landorus
|-damage|p2a: Landorus|63/100
|-damage|p1a: Blaziken|33/100|[from] Recoil
|-damage|p1a: Blaziken|23/100|[from] item: Life Orb
|
|-end|p2a: Landorus|move: Future Sight
|-damage|p2a: Landorus|0 fnt
|-fieldend|move: Psychic Terrain
|-ability|p1a: Blaziken|Speed Boost|boost
|-boost|p1a: Blaziken|spe|1
|faint|p2a: Landorus
|upkeep
|
|t:|1613595307
|switch|p2a: Blacephalon|Blacephalon|100/100
|turn|6
|
|t:|1613595313
|move|p1a: Blaziken|Protect|p1a: Blaziken
|-singleturn|p1a: Blaziken|Protect
|move|p2a: Blacephalon|Expanding Force|p1a: Blaziken
|-activate|p1a: Blaziken|move: Protect
|
|-ability|p1a: Blaziken|Speed Boost|boost
|-boost|p1a: Blaziken|spe|1
|upkeep
|turn|7
|
|t:|1613595319
|move|p1a: Blaziken|Knock Off|p2a: Blacephalon
|-supereffective|p2a: Blacephalon
|-damage|p2a: Blacephalon|0 fnt
|-enditem|p2a: Blacephalon|Choice Scarf|[from] move: Knock Off|[of] p1a: Blaziken
|-damage|p1a: Blaziken|13/100|[from] item: Life Orb
|faint|p2a: Blacephalon
|
|-ability|p1a: Blaziken|Speed Boost|boost
|-boost|p1a: Blaziken|spe|1
|upkeep
|
|t:|1613595325
|switch|p2a: Tapu Fini|Tapu Fini|100/100
|-fieldstart|move: Misty Terrain|[from] ability: Misty Surge|[of] p2a: Tapu Fini
|turn|8
|
|t:|1613595331
|move|p1a: Blaziken|High Jump Kick|p2a: Tapu Fini
|-resisted|p2a: Tapu Fini
|-damage|p2a: Tapu Fini|80/100
|-damage|p1a: Blaziken|3/100|[from] item: Life Orb
|move|p2a: Tapu Fini|Draining Kiss|p1a: Blaziken
|-damage|p1a: Blaziken|0 fnt
|-heal|p2a: Tapu Fini|82/100|[from] drain|[of] p1a: Blaziken
|faint|p1a: Blaziken
|
|-heal|p2a: Tapu Fini|88/100|[from] item: Leftovers
|upkeep
|
|t:|1613595338
|switch|p1a: Alakazam|Alakazam, M|100/100
|turn|9
|
|t:|1613595341
|switch|p2a: Slowking|Slowking-Galar, M|100/100
|move|p1a: Alakazam|Future Sight|p2a: Slowking
|-start|p1a: Alakazam|move: Future Sight
|
|upkeep
|turn|10
|
|t:|1613595345
|switch|p1a: Grimmsnarl|Grimmsnarl, M|100/100
|move|p2a: Slowking|Future Sight|p1a: Grimmsnarl
|-start|p2a: Slowking|move: Future Sight
|
|upkeep
|turn|11
|
|t:|1613595349
|switch|p2a: Tapu Fini|Tapu Fini|88/100
|move|p1a: Grimmsnarl|Light Screen|p1a: Grimmsnarl
|-sidestart|p1: Kobiisbetterthanu|move: Light Screen
|
|-end|p2a: Tapu Fini|move: Future Sight
|-damage|p2a: Tapu Fini|40/100
|-heal|p2a: Tapu Fini|46/100|[from] item: Leftovers
|upkeep
|turn|12
|
|t:|1613595355
|move|p2a: Tapu Fini|Draining Kiss|p1a: Grimmsnarl
|-supereffective|p1a: Grimmsnarl
|-damage|p1a: Grimmsnarl|80/100
|-heal|p2a: Tapu Fini|63/100|[from] drain|[of] p1a: Grimmsnarl
|move|p1a: Grimmsnarl|Spirit Break|p2a: Tapu Fini
|-damage|p2a: Tapu Fini|39/100
|-unboost|p2a: Tapu Fini|spa|1
|
|-end|p1a: Grimmsnarl|move: Future Sight
|-immune|p1a: Grimmsnarl
|-heal|p2a: Tapu Fini|45/100|[from] item: Leftovers
|-fieldend|Misty Terrain
|upkeep
|turn|13
|
|t:|1613595362
|move|p2a: Tapu Fini|Draining Kiss|p1a: Grimmsnarl
|-supereffective|p1a: Grimmsnarl
|-damage|p1a: Grimmsnarl|69/100
|-heal|p2a: Tapu Fini|55/100|[from] drain|[of] p1a: Grimmsnarl
|move|p1a: Grimmsnarl|Spirit Break|p2a: Tapu Fini
|-damage|p2a: Tapu Fini|27/100
|-unboost|p2a: Tapu Fini|spa|1
|
|-heal|p2a: Tapu Fini|33/100|[from] item: Leftovers
|upkeep
|turn|14
|
|t:|1613595367
|switch|p2a: Zapdos|Zapdos-Galar|100/100
|move|p1a: Grimmsnarl|Spirit Break|p2a: Zapdos
|-supereffective|p2a: Zapdos
|-damage|p2a: Zapdos|1/100
|-unboost|p2a: Zapdos|spa|1
|-ability|p2a: Zapdos|Defiant
|-boost|p2a: Zapdos|atk|2
|
|upkeep
|turn|15
|
|t:|1613595386
|move|p1a: Grimmsnarl|Reflect|p1a: Grimmsnarl
|-sidestart|p1: Kobiisbetterthanu|Reflect
|move|p2a: Zapdos|U-turn|p1a: Grimmsnarl
|-damage|p1a: Grimmsnarl|27/100
|
|t:|1613595397
|switch|p2a: Tapu Lele|Tapu Lele|61/100|[from]move: U-turn
|-fieldstart|move: Psychic Terrain|[from] ability: Psychic Surge|[of] p2a: Tapu Lele
|
|upkeep
|turn|16
|
|t:|1613595406
|move|p2a: Tapu Lele|Moonblast|p1a: Grimmsnarl
|-supereffective|p1a: Grimmsnarl
|-damage|p1a: Grimmsnarl|0 fnt
|faint|p1a: Grimmsnarl
|
|upkeep
|
|t:|1613595412
|switch|p1a: Alakazam|Alakazam, M|100/100
|turn|17
|
|t:|1613595430
|switch|p2a: Slowking|Slowking-Galar, M|100/100
|move|p1a: Alakazam|Future Sight|p2a: Slowking
|-start|p1a: Alakazam|move: Future Sight
|
|upkeep
|turn|18
|
|t:|1613595437
|move|p1a: Alakazam|Thunder Wave|p2a: Slowking
|-status|p2a: Slowking|par
|cant|p2a: Slowking|par
|
|-sideend|p1: Kobiisbetterthanu|move: Light Screen
|upkeep
|turn|19
|
|t:|1613595443
|switch|p1a: Dusclops|Dusclops, M|100/100
|-item|p2a: Slowking|Assault Vest|[from] ability: Frisk|[of] p1a: Dusclops|[identify]
|move|p2a: Slowking|Sludge Bomb|p1a: Dusclops
|-resisted|p1a: Dusclops
|-damage|p1a: Dusclops|90/100
|
|-end|p2a: Slowking|move: Future Sight
|-damage|p2a: Slowking|70/100 par
|-fieldend|move: Psychic Terrain
|upkeep
|turn|20
|
|t:|1613595446
|cant|p2a: Slowking|par
|move|p1a: Dusclops|Trick Room|p1a: Dusclops
|-fieldstart|move: Trick Room|[of] p1a: Dusclops
|
|upkeep
|turn|21
|
|t:|1613595458
|move|p2a: Slowking|Future Sight|p1a: Dusclops
|-start|p2a: Slowking|move: Future Sight
|move|p1a: Dusclops|Poltergeist|p2a: Slowking
|-activate|p2a: Slowking|move: Poltergeist|Assault Vest
|-supereffective|p2a: Slowking
|-damage|p2a: Slowking|0 fnt
|faint|p2a: Slowking
|
|upkeep
|
|t:|1613595463
|switch|p2a: Tapu Fini|Tapu Fini|33/100
|-fieldstart|move: Misty Terrain|[from] ability: Misty Surge|[of] p2a: Tapu Fini
|turn|22
|
|t:|1613595467
|move|p1a: Dusclops|Poltergeist|p2a: Tapu Fini
|-activate|p2a: Tapu Fini|move: Poltergeist|Leftovers
|-damage|p2a: Tapu Fini|5/100
|move|p2a: Tapu Fini|Calm Mind|p2a: Tapu Fini
|-boost|p2a: Tapu Fini|spa|1
|-boost|p2a: Tapu Fini|spd|1
|
|-heal|p2a: Tapu Fini|11/100|[from] item: Leftovers
|-sideend|p1: Kobiisbetterthanu|Reflect
|upkeep
|turn|23
|
|t:|1613595472
|move|p1a: Dusclops|Poltergeist|p2a: Tapu Fini
|-activate|p2a: Tapu Fini|move: Poltergeist|Leftovers
|-damage|p2a: Tapu Fini|0 fnt
|faint|p2a: Tapu Fini
|
|-end|p1a: Dusclops|move: Future Sight
|-damage|p1a: Dusclops|59/100
|upkeep
|
|t:|1613595476
|switch|p2a: Tapu Lele|Tapu Lele|61/100
|-fieldstart|move: Psychic Terrain|[from] ability: Psychic Surge|[of] p2a: Tapu Lele
|turn|24
|
|t:|1613595480
|move|p1a: Dusclops|Poltergeist|p2a: Tapu Lele
|-activate|p2a: Tapu Lele|move: Poltergeist|Choice Specs
|-supereffective|p2a: Tapu Lele
|-damage|p2a: Tapu Lele|0 fnt
|faint|p2a: Tapu Lele
|
|-fieldend|move: Trick Room
|upkeep
|
|t:|1613595481
|switch|p2a: Zapdos|Zapdos-Galar|1/100
|turn|25
|
|t:|1613595484
|move|p2a: Zapdos|Brave Bird|p1a: Dusclops
|-damage|p1a: Dusclops|4/100
|-damage|p2a: Zapdos|0 fnt|[from] Recoil
|faint|p2a: Zapdos
|
|win|Kobiisbetterthanu
|l|☆POLYKlNG
