|j|☆PlayForDreams
|j|☆Mutako Z
|t:|1634428133
|gametype|singles
|player|p1|PlayForDreams|roxie|1692
|player|p2|Mutako Z|28|1663
|teamsize|p1|6
|teamsize|p2|6
|gen|8
|tier|[Gen 8] OU
|rated|
|rule|Sleep Clause Mod: Limit one foe put to sleep
|rule|Species Clause: Limit one of each Pokémon
|rule|OHKO Clause: OHKO moves are banned
|rule|Evasion Moves Clause: Evasion moves are banned
|rule|Endless Battle Clause: Forcing endless battles is banned
|rule|HP Percentage Mod: HP is shown in percentages
|rule|Dynamax Clause: You cannot dynamax
|clearpoke
|poke|p1|Zapdos|
|poke|p1|Thundurus-Therian, M|
|poke|p1|Corviknight, M|
|poke|p1|Landorus-Therian, M|
|poke|p1|Mantine, F|
|poke|p1|Skarmory, M|
|poke|p2|Hippowdon, F|
|poke|p2|Tyranitar, F|
|poke|p2|Excadrill, M|
|poke|p2|Dracozolt|
|poke|p2|Zapdos|
|poke|p2|Scizor, F|
|teampreview
|
|t:|1634428142
|start
|switch|p1a: Landorus|Landorus-Therian, M, shiny|100/100
|switch|p2a: Tyranitar|Tyranitar, F|100/100
|-weather|Sandstorm|[from] ability: Sand Stream|[of] p2a: Tyranitar
|-ability|p1a: Landorus|Intimidate|boost
|-unboost|p2a: Tyranitar|atk|1
|turn|1
|
|t:|1634428157
|move|p2a: Tyranitar|Dragon Dance|p2a: Tyranitar
|-boost|p2a: Tyranitar|atk|1
|-boost|p2a: Tyranitar|spe|1
|move|p1a: Landorus|Earthquake|p2a: Tyranitar
|-supereffective|p2a: Tyranitar
|-enditem|p2a: Tyranitar|Shuca Berry|[eat]
|-enditem|p2a: Tyranitar|Shuca Berry|[weaken]
|-damage|p2a: Tyranitar|56/100
|
|-weather|Sandstorm|[upkeep]
|upkeep
|turn|2
|
|t:|1634428165
|switch|p1a: Skarmory|Skarmory, M, shiny|100/100
|move|p2a: Tyranitar|Ice Punch|p1a: Skarmory
|-damage|p1a: Skarmory|85/100
|-damage|p2a: Tyranitar|39/100|[from] item: Rocky Helmet|[of] p1a: Skarmory
|
|-weather|Sandstorm|[upkeep]
|upkeep
|turn|3
|
|t:|1634428177
|switch|p2a: Scizor|Scizor, F|100/100
|move|p1a: Skarmory|Body Press|p2a: Scizor
|-damage|p2a: Scizor|77/100
|-damage|p1a: Skarmory|68/100|[from] item: Rocky Helmet|[of] p2a: Scizor
|
|-weather|Sandstorm|[upkeep]
|upkeep
|turn|4
|
|t:|1634428185
|move|p2a: Scizor|Knock Off|p1a: Skarmory
|-damage|p1a: Skarmory|50/100
|-damage|p2a: Scizor|60/100|[from] item: Rocky Helmet|[of] p1a: Skarmory
|-enditem|p1a: Skarmory|Rocky Helmet|[from] move: Knock Off|[of] p2a: Scizor
|move|p1a: Skarmory|Spikes|p2a: Scizor
|-sidestart|p2: Mutako Z|Spikes
|
|-weather|Sandstorm|[upkeep]
|upkeep
|turn|5
|
|t:|1634428193
|move|p2a: Scizor|Swords Dance|p2a: Scizor
|-boost|p2a: Scizor|atk|2
|move|p1a: Skarmory|Roost|p1a: Skarmory
|-heal|p1a: Skarmory|100/100
|-singleturn|p1a: Skarmory|move: Roost
|
|-weather|none
|upkeep
|turn|6
|
|t:|1634428202
|move|p2a: Scizor|Roost|p2a: Scizor
|-heal|p2a: Scizor|100/100
|-singleturn|p2a: Scizor|move: Roost
|move|p1a: Skarmory|Iron Defense|p1a: Skarmory
|-boost|p1a: Skarmory|def|2
|
|upkeep
|turn|7
|
|t:|1634428209
|switch|p2a: Zapdos|Zapdos|100/100
|move|p1a: Skarmory|Spikes|p2a: Zapdos
|-sidestart|p2: Mutako Z|Spikes
|
|upkeep
|turn|8
|
|t:|1634428218
|switch|p1a: Thundurus|Thundurus-Therian, M|100/100
|move|p2a: Zapdos|Defog|p1a: Thundurus
|-unboost|p1a: Thundurus|evasion|1
|-sideend|p2: Mutako Z|Spikes|[from] move: Defog|[of] p2a: Zapdos
|
|upkeep
|turn|9
|
|t:|1634428225
|switch|p2a: Hippowdon|Hippowdon, F|100/100
|-weather|Sandstorm|[from] ability: Sand Stream|[of] p2a: Hippowdon
|move|p1a: Thundurus|Nasty Plot|p1a: Thundurus
|-boost|p1a: Thundurus|spa|2
|
|-weather|Sandstorm|[upkeep]
|-damage|p1a: Thundurus|95/100|[from] Sandstorm
|upkeep
|turn|10
|
|t:|1634428234
|move|p1a: Thundurus|Grass Knot|p2a: Hippowdon
|-supereffective|p2a: Hippowdon
|-damage|p2a: Hippowdon|0 fnt
|faint|p2a: Hippowdon
|
|-weather|Sandstorm|[upkeep]
|-damage|p1a: Thundurus|89/100|[from] Sandstorm
|upkeep
|
|t:|1634428240
|switch|p2a: Excadrill|Excadrill, M|100/100
|turn|11
|
|t:|1634428244
|switch|p1a: Skarmory|Skarmory, M, shiny|100/100
|move|p2a: Excadrill|Swords Dance|p2a: Excadrill
|-boost|p2a: Excadrill|atk|2
|
|-weather|Sandstorm|[upkeep]
|upkeep
|turn|12
|
|t:|1634428252
|switch|p2a: Dracozolt|Dracozolt|100/100
|move|p1a: Skarmory|Iron Defense|p1a: Skarmory
|-boost|p1a: Skarmory|def|2
|
|-weather|Sandstorm|[upkeep]
|upkeep
|turn|13
|
|t:|1634428260
|switch|p1a: Landorus|Landorus-Therian, M, shiny|100/100
|-ability|p1a: Landorus|Intimidate|boost
|-unboost|p2a: Dracozolt|atk|1
|move|p2a: Dracozolt|Bolt Beak|p1a: Landorus
|-immune|p1a: Landorus
|
|-weather|Sandstorm|[upkeep]
|upkeep
|turn|14
|
|t:|1634428271
|move|p2a: Dracozolt|Draco Meteor|p1a: Landorus
|-damage|p1a: Landorus|61/100
|-unboost|p2a: Dracozolt|spa|2
|-damage|p2a: Dracozolt|91/100|[from] item: Life Orb
|move|p1a: Landorus|Toxic|p2a: Dracozolt
|-status|p2a: Dracozolt|tox
|
|-weather|Sandstorm|[upkeep]
|-heal|p1a: Landorus|68/100|[from] item: Leftovers
|-damage|p2a: Dracozolt|84/100 tox|[from] psn
|upkeep
|turn|15
|
|t:|1634428281
|switch|p2a: Zapdos|Zapdos|100/100
|move|p1a: Landorus|Stealth Rock|p2a: Zapdos
|-sidestart|p2: Mutako Z|move: Stealth Rock
|
|-weather|Sandstorm|[upkeep]
|-damage|p2a: Zapdos|94/100|[from] Sandstorm
|-heal|p1a: Landorus|74/100|[from] item: Leftovers
|upkeep
|turn|16
|
|t:|1634428289
|move|p2a: Zapdos|Hurricane|p1a: Landorus
|-damage|p1a: Landorus|40/100
|move|p1a: Landorus|Toxic|p2a: Zapdos
|-status|p2a: Zapdos|tox
|
|-weather|none
|-heal|p1a: Landorus|46/100|[from] item: Leftovers
|-damage|p2a: Zapdos|88/100 tox|[from] psn
|upkeep
|turn|17
|
|t:|1634428299
|switch|p1a: Zapdos|Zapdos, shiny|100/100
|-ability|p1a: Zapdos|Pressure
|move|p2a: Zapdos|Defog|p1a: Zapdos
|-unboost|p1a: Zapdos|evasion|1
|-sideend|p2: Mutako Z|Stealth Rock|[from] move: Defog|[of] p2a: Zapdos
|
|-damage|p2a: Zapdos|76/100 tox|[from] psn
|upkeep
|turn|18
|
|t:|1634428308
|move|p2a: Zapdos|Volt Switch|p1a: Zapdos
|-damage|p1a: Zapdos|78/100
|
|t:|1634428312
|switch|p2a: Tyranitar|Tyranitar, F|39/100|[from]move: Volt Switch
|-weather|Sandstorm|[from] ability: Sand Stream|[of] p2a: Tyranitar
|move|p1a: Zapdos|Volt Switch|p2a: Tyranitar
|-damage|p2a: Tyranitar|20/100
|
|t:|1634428327
|switch|p1a: Thundurus|Thundurus-Therian, M|89/100|[from]move: Volt Switch
|
|-weather|Sandstorm|[upkeep]
|-damage|p1a: Thundurus|83/100|[from] Sandstorm
|upkeep
|turn|19
|
|t:|1634428335
|switch|p2a: Excadrill|Excadrill, M|100/100
|move|p1a: Thundurus|Grass Knot|p2a: Excadrill
|-damage|p2a: Excadrill|69/100
|
|-weather|Sandstorm|[upkeep]
|-damage|p1a: Thundurus|77/100|[from] Sandstorm
|upkeep
|turn|20
|
|t:|1634428343
|switch|p1a: Skarmory|Skarmory, M, shiny|100/100
|move|p2a: Excadrill|Swords Dance|p2a: Excadrill
|-boost|p2a: Excadrill|atk|2
|
|-weather|Sandstorm|[upkeep]
|upkeep
|turn|21
|
|t:|1634428349
|move|p2a: Excadrill|Rock Slide|p1a: Skarmory
|-damage|p1a: Skarmory|56/100
|-damage|p2a: Excadrill|59/100|[from] item: Life Orb
|move|p1a: Skarmory|Body Press|p2a: Excadrill
|-supereffective|p2a: Excadrill
|-damage|p2a: Excadrill|0 fnt
|faint|p2a: Excadrill
|
|-weather|Sandstorm|[upkeep]
|upkeep
|j| Ava<3
|
|t:|1634428358
|switch|p2a: Dracozolt|Dracozolt|84/100 tox
|turn|22
|
|t:|1634428375
|switch|p1a: Zapdos|Zapdos, shiny|78/100
|-ability|p1a: Zapdos|Pressure
|move|p2a: Dracozolt|Fire Blast|p1a: Zapdos
|-damage|p1a: Zapdos|55/100
|-damage|p2a: Dracozolt|74/100 tox|[from] item: Life Orb
|
|-weather|none
|-damage|p2a: Dracozolt|68/100 tox|[from] psn
|upkeep
|turn|23
|
|t:|1634428389
|move|p1a: Zapdos|Volt Switch|p2a: Dracozolt
|-resisted|p2a: Dracozolt
|-damage|p2a: Dracozolt|57/100 tox
|
|t:|1634428393
|switch|p1a: Landorus|Landorus-Therian, M, shiny|46/100|[from]move: Volt Switch
|-ability|p1a: Landorus|Intimidate|boost
|-unboost|p2a: Dracozolt|atk|1
|move|p2a: Dracozolt|Bolt Beak|p1a: Landorus
|-immune|p1a: Landorus
|
|-heal|p1a: Landorus|52/100|[from] item: Leftovers
|-damage|p2a: Dracozolt|44/100 tox|[from] psn
|upkeep
|turn|24
|j| Endeavorment
|
|t:|1634428411
|switch|p2a: Scizor|Scizor, F|100/100
|move|p1a: Landorus|Earthquake|p2a: Scizor
|-damage|p2a: Scizor|62/100
|
|-heal|p1a: Landorus|59/100|[from] item: Leftovers
|upkeep
|turn|25
|
|t:|1634428421
|switch|p1a: Skarmory|Skarmory, M, shiny|56/100
|move|p2a: Scizor|Swords Dance|p2a: Scizor
|-boost|p2a: Scizor|atk|2
|
|upkeep
|turn|26
|
|t:|1634428433
|switch|p2a: Dracozolt|Dracozolt|44/100 tox
|move|p1a: Skarmory|Roost|p1a: Skarmory
|-heal|p1a: Skarmory|100/100
|-singleturn|p1a: Skarmory|move: Roost
|
|-damage|p2a: Dracozolt|38/100 tox|[from] psn
|upkeep
|turn|27
|
|t:|1634428446
|switch|p1a: Zapdos|Zapdos, shiny|55/100
|-ability|p1a: Zapdos|Pressure
|move|p2a: Dracozolt|Fire Blast|p1a: Zapdos
|-damage|p1a: Zapdos|33/100
|-damage|p2a: Dracozolt|28/100 tox|[from] item: Life Orb
|
|-damage|p2a: Dracozolt|15/100 tox|[from] psn
|upkeep
|turn|28
|
|t:|1634428457
|switch|p2a: Tyranitar|Tyranitar, F|20/100
|-weather|Sandstorm|[from] ability: Sand Stream|[of] p2a: Tyranitar
|move|p1a: Zapdos|Volt Switch|p2a: Tyranitar
|-damage|p2a: Tyranitar|0 fnt
|faint|p2a: Tyranitar
|
|t:|1634428465
|switch|p1a: Landorus|Landorus-Therian, M, shiny|59/100|[from]move: Volt Switch
|
|-weather|Sandstorm|[upkeep]
|-heal|p1a: Landorus|65/100|[from] item: Leftovers
|upkeep
|
|t:|1634428470
|switch|p2a: Scizor|Scizor, F|62/100
|turn|29
|
|t:|1634428474
|switch|p1a: Skarmory|Skarmory, M, shiny|100/100
|move|p2a: Scizor|Roost|p2a: Scizor
|-heal|p2a: Scizor|100/100
|-singleturn|p2a: Scizor|move: Roost
|
|-weather|Sandstorm|[upkeep]
|upkeep
|turn|30
|
|t:|1634428482
|move|p2a: Scizor|Swords Dance|p2a: Scizor
|-boost|p2a: Scizor|atk|2
|move|p1a: Skarmory|Iron Defense|p1a: Skarmory
|-boost|p1a: Skarmory|def|2
|
|-weather|Sandstorm|[upkeep]
|upkeep
|turn|31
|
|t:|1634428492
|move|p2a: Scizor|Swords Dance|p2a: Scizor
|-boost|p2a: Scizor|atk|2
|move|p1a: Skarmory|Iron Defense|p1a: Skarmory
|-boost|p1a: Skarmory|def|2
|
|-weather|Sandstorm|[upkeep]
|upkeep
|turn|32
|
|t:|1634428498
|move|p2a: Scizor|Swords Dance|p2a: Scizor
|-boost|p2a: Scizor|atk|2
|move|p1a: Skarmory|Body Press|p2a: Scizor
|-damage|p2a: Scizor|31/100
|-damage|p1a: Skarmory|84/100|[from] item: Rocky Helmet|[of] p2a: Scizor
|
|-weather|none
|upkeep
|turn|33
|
|t:|1634428506
|move|p2a: Scizor|Roost|p2a: Scizor
|-heal|p2a: Scizor|82/100
|-singleturn|p2a: Scizor|move: Roost
|move|p1a: Skarmory|Body Press|p2a: Scizor
|-damage|p2a: Scizor|5/100
|-damage|p1a: Skarmory|67/100|[from] item: Rocky Helmet|[of] p2a: Scizor
|
|upkeep
|turn|34
|
|t:|1634428514
|move|p2a: Scizor|Knock Off|p1a: Skarmory
|-damage|p1a: Skarmory|52/100
|move|p1a: Skarmory|Roost|p1a: Skarmory
|-heal|p1a: Skarmory|100/100
|-singleturn|p1a: Skarmory|move: Roost
|
|upkeep
|turn|35
|
|t:|1634428529
|move|p2a: Scizor|Knock Off|p1a: Skarmory
|-damage|p1a: Skarmory|85/100
|move|p1a: Skarmory|Body Press|p2a: Scizor
|-damage|p2a: Scizor|0 fnt
|-damage|p1a: Skarmory|68/100|[from] item: Rocky Helmet|[of] p2a: Scizor
|faint|p2a: Scizor
|
|upkeep
|
|t:|1634428536
|switch|p2a: Zapdos|Zapdos|76/100 tox
|turn|36
|
|t:|1634428547
|switch|p1a: Landorus|Landorus-Therian, M, shiny|65/100
|-ability|p1a: Landorus|Intimidate|boost
|-unboost|p2a: Zapdos|atk|1
|move|p2a: Zapdos|Hurricane|p1a: Landorus
|-damage|p1a: Landorus|29/100
|-start|p1a: Landorus|confusion
|
|-heal|p1a: Landorus|35/100|[from] item: Leftovers
|-damage|p2a: Zapdos|70/100 tox|[from] psn
|upkeep
|turn|37
|
|t:|1634428559
|switch|p1a: Zapdos|Zapdos, shiny|33/100
|-ability|p1a: Zapdos|Pressure
|move|p2a: Zapdos|Volt Switch|p1a: Zapdos
|-damage|p1a: Zapdos|11/100
|
|t:|1634428565
|switch|p2a: Dracozolt|Dracozolt|15/100 tox|[from]move: Volt Switch
|
|-damage|p2a: Dracozolt|9/100 tox|[from] psn
|upkeep
|turn|38
|
|t:|1634428571
|move|p1a: Zapdos|Volt Switch|p2a: Dracozolt
|-resisted|p2a: Dracozolt
|-damage|p2a: Dracozolt|0 fnt
|faint|p2a: Dracozolt
|-message|Mutako Z forfeited.
|
|win|PlayForDreams
|raw|PlayForDreams's rating: 1692 &rarr; <strong>1710</strong><br />(+18 for winning)
|raw|Mutako Z's rating: 1663 &rarr; <strong>1645</strong><br />(-18 for losing)
|l|☆Mutako Z
|c|☆PlayForDreams|gg
