|j|☆FENDINI
|j|☆Sww-Suwa
|inactive|Battle timer is ON: inactive players will automatically lose when time's up.
|t:|1666969754
|gametype|singles
|player|p1|FENDINI|ethan-masters|
|player|p2|Sww-Suwa|lass-gen6|
|teamsize|p1|6
|teamsize|p2|6
|gen|8
|tier|[Gen 8] OU
|rated|Tournament battle
|rule|Sleep Clause Mod: Limit one foe put to sleep
|rule|Species Clause: Limit one of each Pokémon
|rule|OHKO Clause: OHKO moves are banned
|rule|Evasion Items Clause: Evasion items are banned
|rule|Evasion Moves Clause: Evasion moves are banned
|rule|Endless Battle Clause: Forcing endless battles is banned
|rule|HP Percentage Mod: HP is shown in percentages
|rule|Dynamax Clause: You cannot dynamax
|clearpoke
|poke|p1|Gastly, M|
|poke|p1|Wailmer, F|
|poke|p1|Pincurchin, F|
|poke|p1|Tangela, F|
|poke|p1|Swinub, M|
|poke|p1|Koffing, F|
|poke|p2|Pincurchin, F|
|poke|p2|Poliwag, F|
|poke|p2|Gastly, F|
|poke|p2|Solosis, F|
|poke|p2|Wailmer, F|
|poke|p2|Voltorb|
|teampreview
|c|☆Sww-Suwa|hf
|c|☆FENDINI|hf
|j| smoolicalt
|inactive|FENDINI has 120 seconds left.
|
|t:|1666969808
|start
|switch|p1a: Swinub|Swinub, M|100/100
|switch|p2a: Pincurchin|Pincurchin, F, shiny|100/100
|turn|1
|
|t:|1666969814
|move|p1a: Swinub|Earthquake|p2a: Pincurchin
|-supereffective|p2a: Pincurchin
|-damage|p2a: Pincurchin|46/100
|move|p2a: Pincurchin|Spikes|p1a: Swinub
|-sidestart|p1: FENDINI|Spikes
|
|upkeep
|turn|2
|
|t:|1666969820
|move|p1a: Swinub|Earthquake|p2a: Pincurchin
|-supereffective|p2a: Pincurchin
|-damage|p2a: Pincurchin|0 fnt
|faint|p2a: Pincurchin
|
|upkeep
|
|t:|1666969823
|switch|p2a: Wailmer|Wailmer, F|100/100
|turn|3
|
|t:|1666969830
|move|p2a: Wailmer|Water Spout|p1a: Swinub
|-supereffective|p1a: Swinub
|-enditem|p1a: Swinub|Focus Sash
|-damage|p1a: Swinub|1/100
|move|p1a: Swinub|Earthquake|p2a: Wailmer
|-damage|p2a: Wailmer|48/100
|
|upkeep
|turn|4
|
|t:|1666969841
|switch|p1a: Tangela|Tangela, F|100/100
|-damage|p1a: Tangela|88/100|[from] Spikes
|move|p2a: Wailmer|Water Spout|p1a: Tangela
|-resisted|p1a: Tangela
|-damage|p1a: Tangela|71/100
|
|-heal|p1a: Tangela|77/100|[from] item: Leftovers
|upkeep
|turn|5
|
|t:|1666969854
|move|p2a: Wailmer|Water Spout|p1a: Tangela
|-resisted|p1a: Tangela
|-damage|p1a: Tangela|60/100
|move|p1a: Tangela|Sleep Powder|p2a: Wailmer|[miss]
|-miss|p1a: Tangela|p2a: Wailmer
|
|-heal|p1a: Tangela|66/100|[from] item: Leftovers
|upkeep
|turn|6
|
|t:|1666969858
|move|p2a: Wailmer|Water Spout|p1a: Tangela
|-resisted|p1a: Tangela
|-damage|p1a: Tangela|50/100
|move|p1a: Tangela|Giga Drain|p2a: Wailmer
|-supereffective|p2a: Wailmer
|-damage|p2a: Wailmer|0 fnt
|-heal|p1a: Tangela|79/100|[from] drain|[of] p2a: Wailmer
|faint|p2a: Wailmer
|
|-heal|p1a: Tangela|85/100|[from] item: Leftovers
|upkeep
|
|t:|1666969861
|switch|p2a: Gastly|Gastly, F, shiny|100/100
|turn|7
|
|t:|1666969867
|switch|p1a: Swinub|Swinub, M|1/100
|-damage|p1a: Swinub|0 fnt|[from] Spikes
|faint|p1a: Swinub
|move|p2a: Gastly|Substitute|p2a: Gastly
|-start|p2a: Gastly|Substitute
|-damage|p2a: Gastly|75/100
|
|upkeep
|
|t:|1666969886
|switch|p1a: Wailmer|Wailmer, F|100/100
|-damage|p1a: Wailmer|88/100|[from] Spikes
|turn|8
|
|t:|1666969891
|move|p1a: Wailmer|Surf|p2a: Gastly
|-end|p2a: Gastly|Substitute
|move|p2a: Gastly|Sludge Bomb|p1a: Wailmer
|-damage|p1a: Wailmer|20/100
|
|upkeep
|turn|9
|j| trxgic★
|
|t:|1666969896
|switch|p2a: Poliwag|Poliwag, F|100/100
|move|p1a: Wailmer|Surf|p2a: Poliwag
|-immune|p2a: Poliwag|[from] ability: Water Absorb
|
|upkeep
|turn|10
|c| trxgic★|setsu why are you unironically running poliwag
|c| trxgic★|besides as a kyogre switchin
|j| yomaalt
|j| Holy Peperoni
|c|☆Sww-Suwa|watch
|l| Holy Peperoni
|j| A-sepower
|c| smoolicalt|its about to sweep
|c|☆FENDINI|i thought of tympole negl
|inactive|FENDINI has 120 seconds left.
|
|t:|1666969933
|switch|p1a: Tangela|Tangela, F|100/100
|-damage|p1a: Tangela|88/100|[from] Spikes
|move|p2a: Poliwag|Substitute|p2a: Poliwag
|-start|p2a: Poliwag|Substitute
|-damage|p2a: Poliwag|75/100
|
|-heal|p1a: Tangela|94/100|[from] item: Leftovers
|upkeep
|turn|11
|c| yomaalt|belly drum poliwag fr?
|
|t:|1666969938
|move|p2a: Poliwag|Belly Drum|p2a: Poliwag
|-damage|p2a: Poliwag|25/100
|-setboost|p2a: Poliwag|atk|6|[from] move: Belly Drum
|-enditem|p2a: Poliwag|Salac Berry|[eat]
|-boost|p2a: Poliwag|spe|1|[from] item: Salac Berry
|move|p1a: Tangela|Giga Drain|p2a: Poliwag
|-supereffective|p2a: Poliwag
|-end|p2a: Poliwag|Substitute
|-heal|p1a: Tangela|100/100|[from] drain|[of] p2a: Poliwag
|
|upkeep
|turn|12
|j| lebla28
|c| yomaalt|poliwag sweep
|c|☆FENDINI|oh it gets that LOL
|inactive|FENDINI has 120 seconds left.
|c|☆Sww-Suwa|this is gonna do like
|c|☆Sww-Suwa|60
|
|t:|1666969960
|move|p2a: Poliwag|Body Slam|p1a: Tangela
|-damage|p1a: Tangela|41/100
|-status|p1a: Tangela|par
|cant|p1a: Tangela|par
|
|-heal|p1a: Tangela|47/100 par|[from] item: Leftovers
|upkeep
|turn|13
|c| smoolicalt|srsly?
|inactive|FENDINI has 120 seconds left.
|c|☆FENDINI|beaten
|c|☆Sww-Suwa|yo
|c| trxgic★|bro calced it perfectly
|c| trxgic★|insane
|c| A-sepower|lmao
|c| smoolicalt|poliwag has the swag
|
|t:|1666969976
|move|p2a: Poliwag|Body Slam|p1a: Tangela
|-crit|p1a: Tangela
|-damage|p1a: Tangela|0 fnt
|faint|p1a: Tangela
|
|upkeep
|c| trxgic★|poliswag
|
|t:|1666969977
|switch|p1a: Koffing|Koffing, F|100/100
|turn|14
|
|t:|1666969981
|move|p2a: Poliwag|Waterfall|p1a: Koffing
|-damage|p1a: Koffing|16/100
|move|p1a: Koffing|Sludge Bomb|p2a: Poliwag
|-damage|p2a: Poliwag|0 fnt
|faint|p2a: Poliwag
|
|-heal|p1a: Koffing|22/100|[from] item: Black Sludge
|upkeep
|c| A-sepower|rng momenr
|c| A-sepower|moment*
|c| yomaalt|momen
|
|t:|1666969990
|switch|p2a: Voltorb|Voltorb, shiny|100/100
|turn|15
|c| smoolicalt|imagine if it flinched
|c| trxgic★|that's why poliwag is eh
|c| yomaalt|fr
|c| trxgic★|it's too weak
|c| trxgic★|even after drum
|c| trxgic★|i'm guessing it's ada?
|c|☆FENDINI|was fearing the flinch negl LOL
|j| ChiefGreenLeaf3
|c| smoolicalt|it can clean up
|inactive|FENDINI has 120 seconds left.
|
|t:|1666970012
|move|p2a: Voltorb|Light Screen|p2a: Voltorb
|-sidestart|p2: Sww-Suwa|move: Light Screen
|move|p1a: Koffing|Toxic Spikes|p2a: Voltorb
|-sidestart|p2: Sww-Suwa|move: Toxic Spikes
|
|-heal|p1a: Koffing|28/100|[from] item: Black Sludge
|upkeep
|turn|16
|n| Animemer|trxgic
|j| Ftaochaphet
|c| smoolicalt|and mess up offensive teams
|
|t:|1666970020
|move|p2a: Voltorb|Reflect|p2a: Voltorb
|-sidestart|p2: Sww-Suwa|Reflect
|move|p1a: Koffing|Pain Split|p2a: Voltorb
|-sethp|p2a: Voltorb|64/100|[from] move: Pain Split|[silent]
|-sethp|p1a: Koffing|64/100|[from] move: Pain Split
|
|-heal|p1a: Koffing|70/100|[from] item: Black Sludge
|upkeep
|turn|17
|
|t:|1666970026
|switch|p1a: Gastly|Gastly, M|100/100
|move|p2a: Voltorb|Explosion|p1a: Gastly
|-immune|p1a: Gastly
|faint|p2a: Voltorb
|
|upkeep
|c| Animemer|yea 10 billion fendini cleans up with specs gastly
|
|t:|1666970030
|switch|p2a: Gastly|Gastly, F, shiny|75/100
|turn|18
|c| Ftaochaphet|Dang
|c| smoolicalt|it all comes down to the speed tie
|c|☆FENDINI|no i think i lose to opposing
|inactive|FENDINI has 120 seconds left.
|c|☆FENDINI|this is black sludge
|c| ChiefGreenLeaf3|setsu can still win
|c|☆FENDINI|unless it kills thru screens
|
|t:|1666970071
|move|p2a: Gastly|Substitute|p2a: Gastly
|-start|p2a: Gastly|Substitute
|-damage|p2a: Gastly|50/100
|move|p1a: Gastly|Shadow Ball|p2a: Gastly
|-supereffective|p2a: Gastly
|-end|p2a: Gastly|Substitute
|
|upkeep
|turn|19
|c| Animemer|specs gastly goes hard
|c| Animemer|trust
|c| Animemer|oh it's sub
|c| smoolicalt|he can if he wins this speed tie, subs down to salac
|c| Ftaochaphet|It will kills
|c| smoolicalt|and sweeps
|c|☆FENDINI|neither of us r specs
|
|t:|1666970091
|move|p1a: Gastly|Shadow Ball|p2a: Gastly
|-supereffective|p2a: Gastly
|-damage|p2a: Gastly|0 fnt
|faint|p2a: Gastly
|
|upkeep
|
|t:|1666970094
|switch|p2a: Solosis|Solosis, F, shiny|100/100
|-status|p2a: Solosis|psn
|turn|20
|c| Ftaochaphet|Danggg
|j| JasperM
|
|t:|1666970097
|move|p1a: Gastly|Taunt|p2a: Solosis
|-start|p2a: Solosis|move: Taunt
|cant|p2a: Solosis|move: Taunt|Calm Mind
|
|upkeep
|turn|21
|c| ChiefGreenLeaf3|gg
|inactive|FENDINI has 120 seconds left.
|l| ChiefGreenLeaf3
|c|☆FENDINI|gg
|c|☆Sww-Suwa|ah damn
|c| Animemer|but woldn't specs be the desired set
|c| smoolicalt|why cm?
|c| Animemer|459 spattk
|c|☆FENDINI|i thought of specs
|c|☆Sww-Suwa|maybe
|c|☆Sww-Suwa|i can still win
|c|☆FENDINI|but i rlly like the idea of taunt
|c| smoolicalt|what am i missing?
|c|☆Sww-Suwa|lets see
|
|t:|1666970126
|move|p1a: Gastly|Shadow Ball|p2a: Solosis
|-supereffective|p2a: Solosis
|-damage|p2a: Solosis|37/100 psn
|-enditem|p2a: Solosis|Maranga Berry|[eat]
|-boost|p2a: Solosis|spd|1|[from] item: Maranga Berry
|move|p2a: Solosis|Stored Power|p1a: Gastly
|-supereffective|p1a: Gastly
|-damage|p1a: Gastly|0 fnt
|faint|p1a: Gastly
|
|upkeep
|c| Ftaochaphet|Suwa didn't shadow ball but used sub, why tho
|
|t:|1666970128
|switch|p1a: Pincurchin|Pincurchin, F|100/100
|-damage|p1a: Pincurchin|88/100|[from] Spikes
|-fieldstart|move: Electric Terrain|[from] ability: Electric Surge|[of] p1a: Pincurchin
|turn|22
|c| Animemer|maranga stored power is crazy
|
|t:|1666970140
|move|p2a: Solosis|Stored Power|p1a: Pincurchin
|-damage|p1a: Pincurchin|69/100
|move|p1a: Pincurchin|Hex|p2a: Solosis
|-supereffective|p2a: Solosis
|-damage|p2a: Solosis|0 fnt
|faint|p2a: Solosis
|
|win|FENDINI
|n|☆FENDINI|fendini
|n|☆Sww-Suwa|swwsuwa
|n| smoolicalt|smoolicalt
|n| yomaalt|yomaalt
|n| A-sepower|asepower
|n| lebla28|lebla28
|n| Animemer|animemer
|n| Ftaochaphet|ftaochaphet
|n| JasperM|jasperm
|c|☆Sww-Suwa|ggs
|c| Animemer|but not enough
|l| JasperM
|c|☆FENDINI|ggs
|l| A-sepower
|l| Animemer
