|j|☆Ground t
|j|☆outm tonytriceps
|player|p1|Ground t|285|1550
|player|p2|outm tonytriceps|riley|1505
|teamsize|p1|6
|teamsize|p2|6
|gametype|singles
|gen|8
|tier|[Gen 8] OU
|rated|
|rule|Sleep Clause Mod: Limit one foe put to sleep
|rule|Species Clause: Limit one of each Pokémon
|rule|OHKO Clause: OHKO moves are banned
|rule|Evasion Moves Clause: Evasion moves are banned
|rule|Endless Battle Clause: Forcing endless battles is banned
|rule|HP Percentage Mod: HP is shown in percentages
|clearpoke
|poke|p1|Bronzong|
|poke|p1|Hatterene, F|
|poke|p1|Vikavolt, F|
|poke|p1|Musharna, M|
|poke|p1|Toxtricity-Low-Key, F|
|poke|p1|Rhyperior, F|
|poke|p2|Mew|
|poke|p2|Bisharp, F|
|poke|p2|Ditto|
|poke|p2|Hatterene, F|
|poke|p2|Darmanitan-Galar, M|
|poke|p2|Dragapult, M|
|teampreview
|inactive|Battle timer is ON: inactive players will automatically lose when time's up. (requested by Ground t)
|
|start
|switch|p1a: Bronzong|Bronzong|100/100
|switch|p2a: Mew|Mew|100/100
|turn|1
|
|switch|p1a: Hatterene|Hatterene, F|100/100
|move|p2a: Mew|Taunt|p1a: Hatterene
|move|p1a: Hatterene|Taunt|p2a: Mew|[from]Magic Bounce
|-start|p2a: Mew|move: Taunt
|
|upkeep
|turn|2
|
|move|p2a: Mew|Self-Destruct|p1a: Hatterene
|-damage|p1a: Hatterene|53/100
|faint|p2a: Mew
|move|p1a: Hatterene|Trick Room|p1a: Hatterene
|-fieldstart|move: Trick Room|[of] p1a: Hatterene
|
|-heal|p1a: Hatterene|59/100|[from] item: Leftovers
|upkeep
|
|switch|p2a: Hatterene|Hatterene, F|100/100
|turn|3
|
|move|p1a: Hatterene|Mystical Fire|p2a: Hatterene
|-damage|p2a: Hatterene|70/100
|-unboost|p2a: Hatterene|spa|1
|move|p2a: Hatterene|Mystical Fire|p1a: Hatterene
|-damage|p1a: Hatterene|33/100
|-unboost|p1a: Hatterene|spa|1
|-damage|p2a: Hatterene|61/100|[from] item: Life Orb
|
|-heal|p1a: Hatterene|39/100|[from] item: Leftovers
|upkeep
|turn|4
|
|switch|p1a: Bronzong|Bronzong|100/100
|move|p2a: Hatterene|Dazzling Gleam|p1a: Bronzong
|-resisted|p1a: Bronzong
|-damage|p1a: Bronzong|83/100
|-damage|p2a: Hatterene|51/100|[from] item: Life Orb
|
|upkeep
|turn|5
|j| another eternity
|j| schl3epy
|
|switch|p2a: Bisharp|Bisharp, F|100/100
|move|p1a: Bronzong|Steel Beam|p2a: Bisharp|[miss]
|-miss|p1a: Bronzong|p2a: Bisharp
|-damage|p1a: Bronzong|33/100|[from] steelbeam
|
|upkeep
|turn|6
|
|move|p1a: Bronzong|Stealth Rock|p2a: Bisharp
|-sidestart|p2: outm tonytriceps|move: Stealth Rock
|move|p2a: Bisharp|Throat Chop|p1a: Bronzong
|-supereffective|p1a: Bronzong
|-damage|p1a: Bronzong|0 fnt
|faint|p1a: Bronzong
|
|-fieldend|move: Trick Room
|upkeep
|
|switch|p1a: Toxtricity|Toxtricity-Low-Key, F|100/100
|turn|7
|j| liyunlongwithpao
|inactive|outm tonytriceps has 120 seconds left.
|
|switch|p2a: Hatterene|Hatterene, F|51/100
|-damage|p2a: Hatterene|39/100|[from] Stealth Rock
|move|p1a: Toxtricity|Overdrive|p2a: Hatterene
|-damage|p2a: Hatterene|0 fnt
|faint|p2a: Hatterene
|
|upkeep
|inactive|outm tonytriceps has 120 seconds left.
|c| liyunlongwithpao|go groundt
|
|switch|p2a: Darmanitan|Darmanitan-Galar, M|100/100
|-damage|p2a: Darmanitan|76/100|[from] Stealth Rock
|turn|8
|inactive|Ground t has 120 seconds left.
|j| tentaicruel
|inactive|Ground t has 90 seconds left.
|l| schl3epy
|
|switch|p1a: Hatterene|Hatterene, F|39/100
|move|p2a: Darmanitan|Icicle Crash|p1a: Hatterene
|-damage|p1a: Hatterene|0 fnt
|faint|p1a: Hatterene
|
|upkeep
|
|switch|p1a: Musharna|Musharna, M|100/100
|-activate|p1a: Musharna|ability: Forewarn|Flare Blitz|[of] p2a: Darmanitan
|turn|9
|
|move|p2a: Darmanitan|Icicle Crash|p1a: Musharna
|-damage|p1a: Musharna|36/100
|move|p1a: Musharna|Trick Room|p1a: Musharna
|-fieldstart|move: Trick Room|[of] p1a: Musharna
|
|upkeep
|turn|10
|
|switch|p2a: Bisharp|Bisharp, F|100/100
|-damage|p2a: Bisharp|95/100|[from] Stealth Rock
|move|p1a: Musharna|Reflect|p1a: Musharna
|-sidestart|p1: Ground t|Reflect
|
|upkeep
|turn|11
|inactive|outm tonytriceps has 90 seconds left.
|j| Chlodovechus
|
|move|p1a: Musharna|Healing Wish|p1a: Musharna
|faint|p1a: Musharna
|move|p2a: Bisharp|Swords Dance|p2a: Bisharp
|-boost|p2a: Bisharp|atk|2
|
|upkeep
|inactive|Ground t has 90 seconds left.
|
|switch|p1a: Rhyperior|Rhyperior, F|100/100
|-heal|p1a: Rhyperior|100/100|[from] move: Healing Wish
|turn|12
|l| Chlodovechus
|inactive|outm tonytriceps has 90 seconds left.
|inactive|Ground t has 60 seconds left.
|
|-start|p2a: Bisharp|Dynamax
|-heal|p2a: Bisharp|95/100|[silent]
|move|p1a: Rhyperior|Earthquake|p2a: Bisharp
|-supereffective|p2a: Bisharp
|-damage|p2a: Bisharp|22/100
|move|p2a: Bisharp|Max Steelspike|p1a: Rhyperior
|-supereffective|p1a: Rhyperior
|-damage|p1a: Rhyperior|26/100
|-enditem|p1a: Rhyperior|Weakness Policy
|-boost|p1a: Rhyperior|atk|2
|-boost|p1a: Rhyperior|spa|2
|-boost|p2a: Bisharp|def|1
|
|upkeep
|turn|13
|
|move|p1a: Rhyperior|Earthquake|p2a: Bisharp
|-supereffective|p2a: Bisharp
|-damage|p2a: Bisharp|0 fnt
|faint|p2a: Bisharp
|
|-fieldend|move: Trick Room
|upkeep
|inactive|outm tonytriceps has 60 seconds left.
|
|switch|p2a: Dragapult|Dragapult, M|100/100
|-damage|p2a: Dragapult|88/100|[from] Stealth Rock
|turn|14
|
|move|p2a: Dragapult|Shadow Ball|p1a: Rhyperior
|-damage|p1a: Rhyperior|0 fnt
|faint|p1a: Rhyperior
|
|upkeep
|
|switch|p1a: Vikavolt|Vikavolt, F|100/100
|turn|15
|
|-start|p1a: Vikavolt|Dynamax
|-heal|p1a: Vikavolt|100/100|[silent]
|move|p2a: Dragapult|Shadow Ball|p1a: Vikavolt
|-damage|p1a: Vikavolt|80/100
|move|p1a: Vikavolt|Max Flutterby|p2a: Dragapult
|-resisted|p2a: Dragapult
|-damage|p2a: Dragapult|36/100
|-unboost|p2a: Dragapult|spa|1
|
|upkeep
|turn|16
|inactive|outm tonytriceps has 90 seconds left.
|
|switch|p2a: Ditto|Ditto|100/100
|-damage|p2a: Ditto|88/100|[from] Stealth Rock
|-transform|p2a: Ditto|p1a: Vikavolt|[from] ability: Imposter
|move|p1a: Vikavolt|Max Steelspike|p2a: Ditto
|-resisted|p2a: Ditto
|-damage|p2a: Ditto|52/100
|-boost|p1a: Vikavolt|def|1
|
|upkeep
|turn|17
|
|move|p2a: Ditto|Bug Buzz|p1a: Vikavolt
|-damage|p1a: Vikavolt|49/100
|-unboost|p1a: Vikavolt|spd|1
|move|p1a: Vikavolt|Max Flutterby|p2a: Ditto
|-damage|p2a: Ditto|0 fnt
|faint|p2a: Ditto
|
|-sideend|p1: Ground t|Reflect
|-end|p1a: Vikavolt|Dynamax
|-heal|p1a: Vikavolt|49/100|[silent]
|upkeep
|
|switch|p2a: Dragapult|Dragapult, M|36/100
|-damage|p2a: Dragapult|24/100|[from] Stealth Rock
|turn|18
|
|move|p2a: Dragapult|Shadow Ball|p1a: Vikavolt
|-damage|p1a: Vikavolt|0 fnt
|faint|p1a: Vikavolt
|
|upkeep
|
|switch|p1a: Toxtricity|Toxtricity-Low-Key, F|100/100
|turn|19
|
|move|p2a: Dragapult|Shadow Ball|p1a: Toxtricity
|-damage|p1a: Toxtricity|47/100
|-unboost|p1a: Toxtricity|spd|1
|move|p1a: Toxtricity|Overdrive|p2a: Dragapult
|-resisted|p2a: Dragapult
|-damage|p2a: Dragapult|0 fnt
|faint|p2a: Dragapult
|
|upkeep
|
|switch|p2a: Darmanitan|Darmanitan-Galar, M|76/100
|-damage|p2a: Darmanitan|51/100|[from] Stealth Rock
|turn|20
|
|move|p1a: Toxtricity|Overdrive|p2a: Darmanitan
|-damage|p2a: Darmanitan|0 fnt
|faint|p2a: Darmanitan
|
|win|Ground t
|l| tentaicruel
|l|☆outm tonytriceps
|raw|Ground t's rating: 1546 &rarr; <strong>1565</strong><br />(+19 for winning)
|raw|outm tonytriceps's rating: 1524 &rarr; <strong>1506</strong><br />(-18 for losing)
|l| liyunlongwithpao
|l| another eternity
|j| liyunlongwithpao
