|j|☆Justin UA
|j|☆MonkeKING69
|t:|1660370047
|gametype|singles
|player|p1|Justin UA|ethan|1636
|player|p2|MonkeKING69|170|1737
|teamsize|p1|6
|teamsize|p2|6
|gen|8
|tier|[Gen 8] OU
|rated|
|rule|Sleep Clause Mod: Limit one foe put to sleep
|rule|Species Clause: Limit one of each Pokémon
|rule|OHKO Clause: OHKO moves are banned
|rule|Evasion Items Clause: Evasion items are banned
|rule|Evasion Moves Clause: Evasion moves are banned
|rule|Endless Battle Clause: Forcing endless battles is banned
|rule|HP Percentage Mod: HP is shown in percentages
|rule|Dynamax Clause: You cannot dynamax
|clearpoke
|poke|p1|Garchomp, F|
|poke|p1|Tapu Lele|
|poke|p1|Corviknight, F|
|poke|p1|Blissey, F|
|poke|p1|Heatran, M|
|poke|p1|Dragapult, M|
|poke|p2|Victini|
|poke|p2|Slowking, M|
|poke|p2|Tornadus-Therian, M|
|poke|p2|Landorus-Therian, M|
|poke|p2|Buzzwole|
|poke|p2|Dragapult, M|
|teampreview
|inactive|Battle timer is ON: inactive players will automatically lose when time's up. (requested by Justin UA)
|inactive|MonkeKING69 has 120 seconds left.
|
|t:|1660370083
|start
|switch|p1a: Garchomp|Garchomp, F|100/100
|switch|p2a: Landorus|Landorus-Therian, M|100/100
|-ability|p2a: Landorus|Intimidate|boost
|-unboost|p1a: Garchomp|atk|1
|turn|1
|
|t:|1660370087
|move|p1a: Garchomp|Toxic|p2a: Landorus
|-status|p2a: Landorus|tox
|move|p2a: Landorus|Toxic|p1a: Garchomp
|-status|p1a: Garchomp|tox
|
|-damage|p1a: Garchomp|94/100 tox|[from] psn
|-damage|p2a: Landorus|94/100 tox|[from] psn
|upkeep
|turn|2
|
|t:|1660370091
|move|p1a: Garchomp|Stealth Rock|p2a: Landorus
|-sidestart|p2: MonkeKING69|move: Stealth Rock
|move|p2a: Landorus|Defog|p1a: Garchomp
|-unboost|p1a: Garchomp|evasion|1
|-sideend|p2: MonkeKING69|Stealth Rock|[from] move: Defog|[of] p2a: Landorus
|
|-heal|p2a: Landorus|100/100 tox|[from] item: Leftovers
|-damage|p1a: Garchomp|82/100 tox|[from] psn
|-damage|p2a: Landorus|88/100 tox|[from] psn
|upkeep
|turn|3
|
|t:|1660370094
|move|p1a: Garchomp|Stealth Rock|p2a: Landorus
|-sidestart|p2: MonkeKING69|move: Stealth Rock
|move|p2a: Landorus|Defog|p1a: Garchomp
|-unboost|p1a: Garchomp|evasion|1
|-sideend|p2: MonkeKING69|Stealth Rock|[from] move: Defog|[of] p2a: Landorus
|
|-heal|p2a: Landorus|94/100 tox|[from] item: Leftovers
|-damage|p1a: Garchomp|63/100 tox|[from] psn
|-damage|p2a: Landorus|76/100 tox|[from] psn
|upkeep
|turn|4
|
|t:|1660370098
|move|p1a: Garchomp|Stealth Rock|p2a: Landorus
|-sidestart|p2: MonkeKING69|move: Stealth Rock
|move|p2a: Landorus|Defog|p1a: Garchomp
|-unboost|p1a: Garchomp|evasion|1
|-sideend|p2: MonkeKING69|Stealth Rock|[from] move: Defog|[of] p2a: Landorus
|
|-heal|p2a: Landorus|82/100 tox|[from] item: Leftovers
|-damage|p1a: Garchomp|38/100 tox|[from] psn
|-damage|p2a: Landorus|58/100 tox|[from] psn
|upkeep
|turn|5
|
|t:|1660370101
|move|p1a: Garchomp|Rest|p1a: Garchomp
|-status|p1a: Garchomp|slp|[from] move: Rest
|-heal|p1a: Garchomp|100/100 slp|[silent]
|move|p2a: Landorus|Defog|p1a: Garchomp
|-unboost|p1a: Garchomp|evasion|1
|
|-heal|p2a: Landorus|64/100 tox|[from] item: Leftovers
|-damage|p2a: Landorus|34/100 tox|[from] psn
|upkeep
|turn|6
|
|t:|1660370103
|cant|p1a: Garchomp|slp
|move|p2a: Landorus|U-turn|p1a: Garchomp
|-damage|p1a: Garchomp|85/100 slp
|-damage|p2a: Landorus|22/100 tox|[from] ability: Rough Skin|[of] p1a: Garchomp
|-damage|p2a: Landorus|5/100 tox|[from] item: Rocky Helmet|[of] p1a: Garchomp
|
|t:|1660370107
|switch|p2a: Dragapult|Dragapult, M|100/100|[from]move: U-turn
|
|upkeep
|turn|7
|
|t:|1660370111
|switch|p1a: Blissey|Blissey, F|100/100
|move|p2a: Dragapult|U-turn|p1a: Blissey
|-damage|p1a: Blissey|86/100
|
|t:|1660370117
|switch|p2a: Buzzwole|Buzzwole|100/100|[from]move: U-turn
|
|upkeep
|turn|8
|
|t:|1660370120
|switch|p1a: Corviknight|Corviknight, F|100/100
|-ability|p1a: Corviknight|Pressure
|move|p2a: Buzzwole|Close Combat|p1a: Corviknight
|-damage|p1a: Corviknight|59/100
|-unboost|p2a: Buzzwole|def|1
|-unboost|p2a: Buzzwole|spd|1
|-damage|p2a: Buzzwole|84/100|[from] item: Rocky Helmet|[of] p1a: Corviknight
|
|upkeep
|turn|9
|
|t:|1660370124
|switch|p2a: Victini|Victini|100/100
|move|p1a: Corviknight|Roost|p1a: Corviknight
|-heal|p1a: Corviknight|100/100
|-singleturn|p1a: Corviknight|move: Roost
|
|upkeep
|turn|10
|
|t:|1660370127
|switch|p1a: Heatran|Heatran, M|100/100
|move|p2a: Victini|Scorching Sands|p1a: Heatran
|-supereffective|p1a: Heatran
|-damage|p1a: Heatran|49/100
|
|-heal|p1a: Heatran|55/100|[from] item: Leftovers
|upkeep
|turn|11
|
|t:|1660370135
|switch|p2a: Buzzwole|Buzzwole|84/100
|move|p1a: Heatran|Earth Power|p2a: Buzzwole
|-resisted|p2a: Buzzwole
|-damage|p2a: Buzzwole|61/100
|
|-heal|p1a: Heatran|61/100|[from] item: Leftovers
|upkeep
|turn|12
|
|t:|1660370143
|switch|p1a: Corviknight|Corviknight, F|100/100
|-ability|p1a: Corviknight|Pressure
|move|p2a: Buzzwole|Close Combat|p1a: Corviknight
|-damage|p1a: Corviknight|55/100
|-unboost|p2a: Buzzwole|def|1
|-unboost|p2a: Buzzwole|spd|1
|-damage|p2a: Buzzwole|45/100|[from] item: Rocky Helmet|[of] p1a: Corviknight
|
|upkeep
|turn|13
|
|t:|1660370149
|move|p2a: Buzzwole|Roost|p2a: Buzzwole
|-heal|p2a: Buzzwole|95/100
|-singleturn|p2a: Buzzwole|move: Roost
|move|p1a: Corviknight|Roost|p1a: Corviknight
|-heal|p1a: Corviknight|100/100
|-singleturn|p1a: Corviknight|move: Roost
|
|upkeep
|turn|14
|
|t:|1660370154
|switch|p2a: Tornadus|Tornadus-Therian, M|100/100
|move|p1a: Corviknight|U-turn|p2a: Tornadus
|-resisted|p2a: Tornadus
|-damage|p2a: Tornadus|92/100
|
|t:|1660370159
|switch|p1a: Heatran|Heatran, M|61/100|[from]move: U-turn
|
|-heal|p1a: Heatran|67/100|[from] item: Leftovers
|upkeep
|turn|15
|
|t:|1660370163
|move|p2a: Tornadus|Knock Off|p1a: Heatran
|-damage|p1a: Heatran|53/100
|-enditem|p1a: Heatran|Leftovers|[from] move: Knock Off|[of] p2a: Tornadus
|move|p1a: Heatran|Magma Storm|p2a: Tornadus
|-damage|p2a: Tornadus|59/100
|-activate|p2a: Tornadus|move: Magma Storm|[of] p1a: Heatran
|
|-damage|p2a: Tornadus|47/100|[from] move: Magma Storm|[partiallytrapped]
|upkeep
|turn|16
|
|t:|1660370168
|move|p2a: Tornadus|Superpower|p1a: Heatran
|-supereffective|p1a: Heatran
|-damage|p1a: Heatran|13/100
|-unboost|p2a: Tornadus|atk|1
|-unboost|p2a: Tornadus|def|1
|move|p1a: Heatran|Magma Storm|p2a: Tornadus|[miss]
|-miss|p1a: Heatran|p2a: Tornadus
|
|-damage|p2a: Tornadus|34/100|[from] move: Magma Storm|[partiallytrapped]
|upkeep
|turn|17
|
|t:|1660370173
|switch|p1a: Dragapult|Dragapult, M, shiny|100/100
|move|p2a: Tornadus|Superpower|p1a: Dragapult
|-immune|p1a: Dragapult
|
|-end|p2a: Tornadus|Magma Storm|[partiallytrapped]|[silent]
|upkeep
|turn|18
|
|t:|1660370179
|switch|p2a: Slowking|Slowking, M|100/100
|move|p1a: Dragapult|Shadow Ball|p2a: Slowking
|-supereffective|p2a: Slowking
|-damage|p2a: Slowking|29/100
|
|upkeep
|turn|19
|
|t:|1660370184
|switch|p2a: Landorus|Landorus-Therian, M|5/100 tox
|-ability|p2a: Landorus|Intimidate|boost
|-unboost|p1a: Dragapult|atk|1
|move|p1a: Dragapult|Shadow Ball|p2a: Landorus
|-damage|p2a: Landorus|0 fnt
|faint|p2a: Landorus
|
|upkeep
|
|t:|1660370186
|switch|p2a: Tornadus|Tornadus-Therian, M|67/100
|turn|20
|
|t:|1660370196
|switch|p1a: Corviknight|Corviknight, F|100/100
|-ability|p1a: Corviknight|Pressure
|move|p2a: Tornadus|Knock Off|p1a: Corviknight
|-damage|p1a: Corviknight|88/100
|-damage|p2a: Tornadus|51/100|[from] item: Rocky Helmet|[of] p1a: Corviknight
|-enditem|p1a: Corviknight|Rocky Helmet|[from] move: Knock Off|[of] p2a: Tornadus
|
|upkeep
|turn|21
|
|t:|1660370200
|move|p2a: Tornadus|Hurricane|p1a: Corviknight
|-resisted|p1a: Corviknight
|-damage|p1a: Corviknight|69/100
|-start|p1a: Corviknight|confusion
|-activate|p1a: Corviknight|confusion
|move|p1a: Corviknight|U-turn|p2a: Tornadus
|-resisted|p2a: Tornadus
|-damage|p2a: Tornadus|42/100
|
|t:|1660370203
|switch|p1a: Dragapult|Dragapult, M, shiny|100/100|[from]move: U-turn
|
|upkeep
|turn|22
|
|t:|1660370208
|move|p1a: Dragapult|Shadow Ball|p2a: Tornadus
|-damage|p2a: Tornadus|7/100
|move|p2a: Tornadus|Knock Off|p1a: Dragapult
|-supereffective|p1a: Dragapult
|-damage|p1a: Dragapult|42/100
|-enditem|p1a: Dragapult|Choice Specs|[from] move: Knock Off|[of] p2a: Tornadus
|
|upkeep
|turn|23
|
|t:|1660370214
|switch|p2a: Slowking|Slowking, M|62/100
|move|p1a: Dragapult|Shadow Ball|p2a: Slowking
|-supereffective|p2a: Slowking
|-damage|p2a: Slowking|20/100
|
|upkeep
|turn|24
|
|t:|1660370221
|move|p1a: Dragapult|Shadow Ball|p2a: Slowking
|-supereffective|p2a: Slowking
|-damage|p2a: Slowking|0 fnt
|faint|p2a: Slowking
|
|upkeep
|
|t:|1660370224
|switch|p2a: Dragapult|Dragapult, M|100/100
|turn|25
|
|t:|1660370229
|switch|p1a: Blissey|Blissey, F|86/100
|move|p2a: Dragapult|Draco Meteor|p1a: Blissey
|-damage|p1a: Blissey|56/100
|-unboost|p2a: Dragapult|spa|2
|
|upkeep
|turn|26
|
|t:|1660370234
|switch|p2a: Buzzwole|Buzzwole|95/100
|move|p1a: Blissey|Teleport|p1a: Blissey
|
|t:|1660370239
|switch|p1a: Tapu Lele|Tapu Lele|100/100|[from]move: Teleport
|-fieldstart|move: Psychic Terrain|[from] ability: Psychic Surge|[of] p1a: Tapu Lele
|
|upkeep
|turn|27
|
|t:|1660370243
|switch|p2a: Victini|Victini|100/100
|move|p1a: Tapu Lele|Psychic|p2a: Victini
|-resisted|p2a: Victini
|-damage|p2a: Victini|53/100
|
|upkeep
|turn|28
|j| Celtis
|
|t:|1660370250
|switch|p1a: Garchomp|Garchomp, F|85/100 slp
|move|p2a: Victini|U-turn|p1a: Garchomp
|-damage|p1a: Garchomp|66/100 slp
|-damage|p2a: Victini|41/100|[from] ability: Rough Skin|[of] p1a: Garchomp
|-damage|p2a: Victini|24/100|[from] item: Rocky Helmet|[of] p1a: Garchomp
|
|t:|1660370253
|switch|p2a: Buzzwole|Buzzwole|95/100|[from]move: U-turn
|
|upkeep
|turn|29
|
|t:|1660370259
|switch|p1a: Dragapult|Dragapult, M, shiny|42/100
|move|p2a: Buzzwole|Ice Punch|p1a: Dragapult
|-supereffective|p1a: Dragapult
|-damage|p1a: Dragapult|0 fnt
|faint|p1a: Dragapult
|-ability|p2a: Buzzwole|Beast Boost|boost
|-boost|p2a: Buzzwole|atk|1
|
|upkeep
|
|t:|1660370262
|switch|p1a: Tapu Lele|Tapu Lele|100/100
|turn|30
|
|t:|1660370266
|switch|p2a: Tornadus|Tornadus-Therian, M|40/100
|move|p1a: Tapu Lele|Psychic|p2a: Tornadus
|-damage|p2a: Tornadus|0 fnt
|faint|p2a: Tornadus
|
|-fieldend|move: Psychic Terrain
|upkeep
|
|t:|1660370276
|switch|p2a: Victini|Victini|24/100
|turn|31
|
|t:|1660370282
|switch|p1a: Garchomp|Garchomp, F|66/100 slp
|move|p2a: Victini|V-create|p1a: Garchomp
|-resisted|p1a: Garchomp
|-damage|p1a: Garchomp|28/100 slp
|-unboost|p2a: Victini|spe|1
|-unboost|p2a: Victini|def|1
|-unboost|p2a: Victini|spd|1
|-damage|p2a: Victini|12/100|[from] ability: Rough Skin|[of] p1a: Garchomp
|-damage|p2a: Victini|0 fnt|[from] item: Rocky Helmet|[of] p1a: Garchomp
|faint|p2a: Victini
|
|upkeep
|
|t:|1660370286
|switch|p2a: Buzzwole|Buzzwole|95/100
|turn|32
|
|t:|1660370291
|cant|p1a: Garchomp|slp
|move|p2a: Buzzwole|Earthquake|p1a: Garchomp
|-damage|p1a: Garchomp|0 fnt
|faint|p1a: Garchomp
|-ability|p2a: Buzzwole|Beast Boost|boost
|-boost|p2a: Buzzwole|atk|1
|
|upkeep
|
|t:|1660370293
|switch|p1a: Tapu Lele|Tapu Lele|100/100
|-fieldstart|move: Psychic Terrain|[from] ability: Psychic Surge|[of] p1a: Tapu Lele
|turn|33
|
|t:|1660370298
|move|p1a: Tapu Lele|Psychic|p2a: Buzzwole
|-supereffective|p2a: Buzzwole
|-damage|p2a: Buzzwole|0 fnt
|faint|p2a: Buzzwole
|
|upkeep
|-message|MonkeKING69 forfeited.
|
|win|Justin UA
|raw|Justin UA's rating: 1636 &rarr; <strong>1662</strong><br />(+26 for winning)
|raw|MonkeKING69's rating: 1737 &rarr; <strong>1711</strong><br />(-26 for losing)
|l|☆MonkeKING69
|l|☆Justin UA
|j|☆MonkeKING69
|player|p2|MonkeKING69|170
