|j|‽dmt dreams
|j|☆Gubolumpkinz
|inactive|Battle timer is ON: inactive players will automatically lose when time's up.
|t:|1663252846
|gametype|singles
|player|p1|dmt dreams|cynthia-gen4|
|player|p2|Gubolumpkinz|xerosic|
|teamsize|p1|6
|teamsize|p2|6
|gen|8
|tier|[Gen 8] OU
|rated|Tournament battle
|rule|Sleep Clause Mod: Limit one foe put to sleep
|rule|Species Clause: Limit one of each Pokémon
|rule|OHKO Clause: OHKO moves are banned
|rule|Evasion Items Clause: Evasion items are banned
|rule|Evasion Moves Clause: Evasion moves are banned
|rule|Endless Battle Clause: Forcing endless battles is banned
|rule|HP Percentage Mod: HP is shown in percentages
|rule|Dynamax Clause: You cannot dynamax
|clearpoke
|poke|p1|Kartana|
|poke|p1|Magnezone|
|poke|p1|Tornadus-Therian, M|
|poke|p1|Weavile, M|
|poke|p1|Toxapex, M|
|poke|p1|Garchomp, F|
|poke|p2|Tornadus-Therian, M|
|poke|p2|Bisharp, F|
|poke|p2|Rillaboom, M|
|poke|p2|Victini|
|poke|p2|Swampert, M|
|poke|p2|Kartana|
|teampreview
|
|t:|1663252862
|start
|switch|p1a: Kartana|Kartana|100/100
|switch|p2a: Swampert|Swampert, M|100/100
|turn|1
|
|t:|1663252867
|switch|p2a: Victini|Victini|100/100
|move|p1a: Kartana|Knock Off|p2a: Victini
|-supereffective|p2a: Victini
|-damage|p2a: Victini|21/100
|-enditem|p2a: Victini|Heavy-Duty Boots|[from] move: Knock Off|[of] p1a: Kartana
|
|upkeep
|turn|2
|
|t:|1663252875
|switch|p2a: Bisharp|Bisharp, F|100/100
|move|p1a: Kartana|Knock Off|p2a: Bisharp
|-resisted|p2a: Bisharp
|-damage|p2a: Bisharp|75/100
|-enditem|p2a: Bisharp|Choice Band|[from] move: Knock Off|[of] p1a: Kartana
|
|upkeep
|turn|3
|
|t:|1663252880
|move|p1a: Kartana|Sacred Sword|p2a: Bisharp
|-supereffective|p2a: Bisharp
|-damage|p2a: Bisharp|0 fnt
|faint|p2a: Bisharp
|-ability|p1a: Kartana|Beast Boost|boost
|-boost|p1a: Kartana|atk|1
|
|upkeep
|
|t:|1663252888
|switch|p2a: Tornadus|Tornadus-Therian, M|100/100
|turn|4
|
|t:|1663252891
|switch|p1a: Toxapex|Toxapex, M|100/100
|move|p2a: Tornadus|Heat Wave|p1a: Toxapex
|-resisted|p1a: Toxapex
|-damage|p1a: Toxapex|91/100
|
|-heal|p1a: Toxapex|97/100|[from] item: Black Sludge
|upkeep
|turn|5
|
|t:|1663252894
|switch|p2a: Swampert|Swampert, M|100/100
|move|p1a: Toxapex|Baneful Bunker||[still]
|-fail|p1a: Toxapex
|
|-heal|p1a: Toxapex|100/100|[from] item: Black Sludge
|upkeep
|turn|6
|j| The art of
|
|t:|1663252899
|move|p1a: Toxapex|Knock Off|p2a: Swampert
|-damage|p2a: Swampert|87/100
|-enditem|p2a: Swampert|Leftovers|[from] move: Knock Off|[of] p1a: Toxapex
|move|p2a: Swampert|Stealth Rock|p1a: Toxapex
|-sidestart|p1: dmt dreams|move: Stealth Rock
|
|upkeep
|turn|7
|
|t:|1663252902
|move|p1a: Toxapex|Scald|p2a: Swampert
|-damage|p2a: Swampert|75/100
|-status|p2a: Swampert|brn
|move|p2a: Swampert|High Horsepower|p1a: Toxapex
|-supereffective|p1a: Toxapex
|-damage|p1a: Toxapex|76/100
|
|-heal|p1a: Toxapex|83/100|[from] item: Black Sludge
|-damage|p2a: Swampert|69/100 brn|[from] brn
|upkeep
|turn|8
|
|t:|1663252907
|move|p1a: Toxapex|Scald|p2a: Swampert
|-damage|p2a: Swampert|58/100 brn
|move|p2a: Swampert|Yawn|p1a: Toxapex
|-start|p1a: Toxapex|move: Yawn|[of] p2a: Swampert
|
|-heal|p1a: Toxapex|89/100|[from] item: Black Sludge
|-damage|p2a: Swampert|52/100 brn|[from] brn
|upkeep
|turn|9
|
|t:|1663252909
|switch|p1a: Tornadus|Tornadus-Therian, M|100/100
|move|p2a: Swampert|Flip Turn|p1a: Tornadus
|-damage|p1a: Tornadus|89/100
|
|t:|1663252918
|switch|p2a: Kartana|Kartana|100/100|[from]move: Flip Turn
|
|upkeep
|turn|10
|
|t:|1663252924
|switch|p1a: Magnezone|Magnezone|100/100
|-damage|p1a: Magnezone|94/100|[from] Stealth Rock
|move|p2a: Kartana|Smart Strike|p1a: Magnezone
|-resisted|p1a: Magnezone
|-damage|p1a: Magnezone|83/100
|
|-heal|p1a: Magnezone|89/100|[from] item: Leftovers
|upkeep
|turn|11
|-message|Gubolumpkinz forfeited.
|
|win|dmt dreams
|n|‽dmt dreams|dmtdreams
|n|☆Gubolumpkinz|gubolumpkinz
|n| The art of|theartof
