|j|☆Jan Jakkusu
|j|☆Colonel Rivai
|t:|1650202819
|gametype|singles
|player|p1|Jan Jakkusu|chuck|1577
|player|p2|Colonel Rivai|265|1624
|teamsize|p1|6
|teamsize|p2|6
|gen|8
|tier|[Gen 8] OU
|rated|
|rule|Sleep Clause Mod: Limit one foe put to sleep
|rule|Species Clause: Limit one of each Pokémon
|rule|OHKO Clause: OHKO moves are banned
|rule|Evasion Moves Clause: Evasion moves are banned
|rule|Endless Battle Clause: Forcing endless battles is banned
|rule|HP Percentage Mod: HP is shown in percentages
|rule|Dynamax Clause: You cannot dynamax
|clearpoke
|poke|p1|Blacephalon|
|poke|p1|Melmetal|
|poke|p1|Landorus-Therian, M|
|poke|p1|Ferrothorn, M|
|poke|p1|Tapu Fini|
|poke|p1|Torkoal, F|
|poke|p2|Glastrier|
|poke|p2|Tapu Fini|
|poke|p2|Ferrothorn, F|
|poke|p2|Krookodile, M|
|poke|p2|Zapdos|
|poke|p2|Victini|
|teampreview
|
|t:|1650202827
|start
|switch|p1a: Landorus|Landorus-Therian, M|100/100
|switch|p2a: Panamera|Glastrier|100/100
|-ability|p1a: Landorus|Intimidate|boost
|-unboost|p2a: Panamera|atk|1
|turn|1
|
|t:|1650202834
|move|p1a: Landorus|U-turn|p2a: Panamera
|-damage|p2a: Panamera|84/100
|
|t:|1650202836
|switch|p1a: Torkoal|Torkoal, F|100/100|[from]move: U-turn
|-weather|SunnyDay|[from] ability: Drought|[of] p1a: Torkoal
|move|p2a: Panamera|Icicle Crash|p1a: Torkoal
|-resisted|p1a: Torkoal
|-damage|p1a: Torkoal|86/100
|
|-weather|SunnyDay|[upkeep]
|upkeep
|turn|2
|inactive|Battle timer is ON: inactive players will automatically lose when time's up. (requested by Colonel Rivai)
|
|t:|1650202848
|switch|p2a: Shelby|Tapu Fini|100/100
|-fieldstart|move: Misty Terrain|[from] ability: Misty Surge|[of] p2a: Shelby
|move|p1a: Torkoal|Toxic|p2a: Shelby
|-activate|p2a: Shelby|move: Misty Terrain
|
|-weather|SunnyDay|[upkeep]
|upkeep
|turn|3
|
|t:|1650202854
|switch|p2a: Hellcat|Victini|100/100
|move|p1a: Torkoal|Stealth Rock|p2a: Hellcat
|-sidestart|p2: Colonel Rivai|move: Stealth Rock
|
|-weather|SunnyDay|[upkeep]
|upkeep
|turn|4
|
|t:|1650202865
|move|p2a: Hellcat|Encore|p1a: Torkoal
|-start|p1a: Torkoal|Encore
|move|p1a: Torkoal|Stealth Rock||[still]
|-fail|p1a: Torkoal
|
|-weather|SunnyDay|[upkeep]
|upkeep
|turn|5
|
|t:|1650202870
|switch|p1a: Landorus|Landorus-Therian, M|100/100
|-ability|p1a: Landorus|Intimidate|boost
|-unboost|p2a: Hellcat|atk|1
|move|p2a: Hellcat|V-create|p1a: Landorus
|-damage|p1a: Landorus|48/100
|-unboost|p2a: Hellcat|spe|1
|-unboost|p2a: Hellcat|def|1
|-unboost|p2a: Hellcat|spd|1
|-damage|p2a: Hellcat|84/100|[from] item: Rocky Helmet|[of] p1a: Landorus
|
|-weather|SunnyDay|[upkeep]
|upkeep
|turn|6
|
|t:|1650202881
|switch|p2a: Tesla|Zapdos|100/100
|switch|p1a: Torkoal|Torkoal, F|86/100
|
|-weather|SunnyDay|[upkeep]
|-fieldend|Misty Terrain
|upkeep
|turn|7
|
|t:|1650202887
|move|p2a: Tesla|Volt Switch|p1a: Torkoal
|-damage|p1a: Torkoal|50/100
|
|t:|1650202890
|switch|p2a: Shelby|Tapu Fini|100/100|[from]move: Volt Switch
|-damage|p2a: Shelby|88/100|[from] Stealth Rock
|-fieldstart|move: Misty Terrain|[from] ability: Misty Surge|[of] p2a: Shelby
|move|p1a: Torkoal|Toxic|p2a: Shelby
|-activate|p2a: Shelby|move: Misty Terrain
|
|-weather|SunnyDay|[upkeep]
|-heal|p2a: Shelby|94/100|[from] item: Leftovers
|upkeep
|turn|8
|
|t:|1650202900
|switch|p2a: Tesla|Zapdos|100/100
|switch|p1a: Ferrothorn|Ferrothorn, M|100/100
|
|-weather|none
|upkeep
|turn|9
|
|t:|1650202906
|move|p2a: Tesla|Defog|p1a: Ferrothorn
|-unboost|p1a: Ferrothorn|evasion|1
|-sideend|p2: Colonel Rivai|Stealth Rock|[from] move: Defog|[of] p2a: Tesla
|-fieldend|Misty Terrain
|move|p1a: Ferrothorn|Knock Off|p2a: Tesla
|-damage|p2a: Tesla|85/100
|-enditem|p2a: Tesla|Heavy-Duty Boots|[from] move: Knock Off|[of] p1a: Ferrothorn
|
|upkeep
|turn|10
|
|t:|1650202914
|move|p2a: Tesla|Hurricane|p1a: Ferrothorn
|-crit|p1a: Ferrothorn
|-damage|p1a: Ferrothorn|52/100
|move|p1a: Ferrothorn|Leech Seed|p2a: Tesla
|-start|p2a: Tesla|move: Leech Seed
|
|-heal|p1a: Ferrothorn|59/100|[from] item: Leftovers
|-damage|p2a: Tesla|73/100|[from] Leech Seed|[of] p1a: Ferrothorn
|-heal|p1a: Ferrothorn|72/100|[silent]
|upkeep
|turn|11
|
|t:|1650202923
|move|p2a: Tesla|Hurricane|p1a: Ferrothorn
|-damage|p1a: Ferrothorn|44/100
|move|p1a: Ferrothorn|Spikes|p2a: Tesla
|-sidestart|p2: Colonel Rivai|Spikes
|
|-heal|p1a: Ferrothorn|50/100|[from] item: Leftovers
|-damage|p2a: Tesla|61/100|[from] Leech Seed|[of] p1a: Ferrothorn
|-heal|p1a: Ferrothorn|63/100|[silent]
|upkeep
|turn|12
|
|t:|1650202932
|switch|p1a: Blacephalon|Blacephalon|100/100
|move|p2a: Tesla|Defog|p1a: Blacephalon
|-unboost|p1a: Blacephalon|evasion|1
|-sideend|p2: Colonel Rivai|Spikes|[from] move: Defog|[of] p2a: Tesla
|
|-damage|p2a: Tesla|49/100|[from] Leech Seed|[of] p1a: Blacephalon
|upkeep
|turn|13
|
|t:|1650202939
|switch|p2a: Shelby|Tapu Fini|94/100
|-fieldstart|move: Misty Terrain|[from] ability: Misty Surge|[of] p2a: Shelby
|move|p1a: Blacephalon|Shadow Ball|p2a: Shelby
|-damage|p2a: Shelby|57/100
|
|-heal|p2a: Shelby|63/100|[from] item: Leftovers
|upkeep
|turn|14
|
|t:|1650202948
|move|p1a: Blacephalon|Shadow Ball|p2a: Shelby
|-damage|p2a: Shelby|26/100
|move|p2a: Shelby|Scald|p1a: Blacephalon
|-supereffective|p1a: Blacephalon
|-damage|p1a: Blacephalon|17/100
|
|-heal|p2a: Shelby|32/100|[from] item: Leftovers
|upkeep
|turn|15
|
|t:|1650202955
|switch|p2a: Charger|Krookodile, M|100/100
|move|p1a: Blacephalon|Shadow Ball|p2a: Charger
|-resisted|p2a: Charger
|-damage|p2a: Charger|66/100
|
|upkeep
|turn|16
|
|t:|1650202963
|switch|p1a: Landorus|Landorus-Therian, M|48/100
|-ability|p1a: Landorus|Intimidate|boost
|-unboost|p2a: Charger|atk|1
|move|p2a: Charger|Knock Off|p1a: Landorus
|-damage|p1a: Landorus|25/100
|-damage|p2a: Charger|49/100|[from] item: Rocky Helmet|[of] p1a: Landorus
|-enditem|p1a: Landorus|Rocky Helmet|[from] move: Knock Off|[of] p2a: Charger
|
|upkeep
|turn|17
|
|t:|1650202971
|switch|p2a: Tesla|Zapdos|49/100
|move|p1a: Landorus|U-turn|p2a: Tesla
|-resisted|p2a: Tesla
|-damage|p2a: Tesla|40/100
|-status|p1a: Landorus|par|[from] ability: Static|[of] p2a: Tesla
|
|t:|1650202978
|switch|p1a: Blacephalon|Blacephalon|17/100|[from]move: U-turn
|
|-fieldend|Misty Terrain
|upkeep
|turn|18
|
|t:|1650202982
|move|p1a: Blacephalon|Shadow Ball|p2a: Tesla
|-damage|p2a: Tesla|0 fnt
|faint|p2a: Tesla
|-ability|p1a: Blacephalon|Beast Boost|boost
|-boost|p1a: Blacephalon|spa|1
|
|upkeep
|
|t:|1650202985
|switch|p2a: Charger|Krookodile, M|49/100
|turn|19
|
|t:|1650202994
|switch|p1a: Landorus|Landorus-Therian, M|25/100 par
|-ability|p1a: Landorus|Intimidate|boost
|-unboost|p2a: Charger|atk|1
|move|p2a: Charger|Knock Off|p1a: Landorus
|-damage|p1a: Landorus|10/100 par
|
|upkeep
|turn|20
|
|t:|1650203001
|switch|p2a: F-150|Ferrothorn, F|100/100
|move|p1a: Landorus|Earthquake|p2a: F-150
|-damage|p2a: F-150|74/100
|
|upkeep
|turn|21
|
|t:|1650203007
|cant|p1a: Landorus|par
|move|p2a: F-150|Spikes|p1a: Landorus
|-sidestart|p1: Jan Jakkusu|Spikes
|
|upkeep
|turn|22
|
|t:|1650203013
|cant|p1a: Landorus|par
|move|p2a: F-150|Spikes|p1a: Landorus
|-sidestart|p1: Jan Jakkusu|Spikes
|
|upkeep
|turn|23
|
|t:|1650203017
|move|p1a: Landorus|Defog|p2a: F-150
|-unboost|p2a: F-150|evasion|1
|-sideend|p1: Jan Jakkusu|Spikes|[from] move: Defog|[of] p1a: Landorus
|move|p2a: F-150|Spikes|p1a: Landorus
|-sidestart|p1: Jan Jakkusu|Spikes
|
|upkeep
|turn|24
|
|t:|1650203025
|switch|p1a: Torkoal|Torkoal, F|50/100
|-damage|p1a: Torkoal|37/100|[from] Spikes
|-weather|SunnyDay|[from] ability: Drought|[of] p1a: Torkoal
|move|p2a: F-150|Spikes|p1a: Torkoal
|-sidestart|p1: Jan Jakkusu|Spikes
|
|-weather|SunnyDay|[upkeep]
|upkeep
|turn|25
|
|t:|1650203033
|move|p2a: F-150|Spikes|p1a: Torkoal
|-sidestart|p1: Jan Jakkusu|Spikes
|move|p1a: Torkoal|Stealth Rock|p2a: F-150
|-sidestart|p2: Colonel Rivai|move: Stealth Rock
|
|-weather|SunnyDay|[upkeep]
|upkeep
|turn|26
|
|t:|1650203038
|switch|p2a: Hellcat|Victini|84/100
|move|p1a: Torkoal|Rapid Spin|p2a: Hellcat
|-damage|p2a: Hellcat|74/100
|-boost|p1a: Torkoal|spe|1
|-sideend|p1: Jan Jakkusu|Spikes|[from] move: Rapid Spin|[of] p1a: Torkoal
|
|-weather|SunnyDay|[upkeep]
|upkeep
|turn|27
|
|t:|1650203048
|move|p2a: Hellcat|U-turn|p1a: Torkoal
|-resisted|p1a: Torkoal
|-damage|p1a: Torkoal|32/100
|
|t:|1650203050
|switch|p2a: Shelby|Tapu Fini|32/100|[from]move: U-turn
|-damage|p2a: Shelby|20/100|[from] Stealth Rock
|-fieldstart|move: Misty Terrain|[from] ability: Misty Surge|[of] p2a: Shelby
|move|p1a: Torkoal|Toxic|p2a: Shelby
|-activate|p2a: Shelby|move: Misty Terrain
|
|-weather|SunnyDay|[upkeep]
|-heal|p2a: Shelby|26/100|[from] item: Leftovers
|upkeep
|turn|28
|
|t:|1650203059
|switch|p1a: Tapu Fini|Tapu Fini|100/100
|move|p2a: Shelby|Calm Mind|p2a: Shelby
|-boost|p2a: Shelby|spa|1
|-boost|p2a: Shelby|spd|1
|
|-weather|SunnyDay|[upkeep]
|-heal|p2a: Shelby|32/100|[from] item: Leftovers
|upkeep
|turn|29
|
|t:|1650203066
|switch|p2a: F-150|Ferrothorn, F|74/100
|-damage|p2a: F-150|68/100|[from] Stealth Rock
|move|p1a: Tapu Fini|Taunt|p2a: F-150
|-start|p2a: F-150|move: Taunt
|
|-weather|SunnyDay|[upkeep]
|upkeep
|turn|30
|
|t:|1650203074
|switch|p1a: Ferrothorn|Ferrothorn, M|63/100
|switch|p2a: Charger|Krookodile, M|49/100
|-damage|p2a: Charger|43/100|[from] Stealth Rock
|
|-weather|SunnyDay|[upkeep]
|-heal|p1a: Ferrothorn|70/100|[from] item: Leftovers
|upkeep
|turn|31
|
|t:|1650203082
|move|p2a: Charger|Stealth Rock|p1a: Ferrothorn
|-sidestart|p1: Jan Jakkusu|move: Stealth Rock
|move|p1a: Ferrothorn|Knock Off|p2a: Charger
|-resisted|p2a: Charger
|-damage|p2a: Charger|30/100
|-enditem|p2a: Charger|Choice Scarf|[from] move: Knock Off|[of] p1a: Ferrothorn
|
|-weather|none
|-heal|p1a: Ferrothorn|76/100|[from] item: Leftovers
|-fieldend|Misty Terrain
|upkeep
|turn|32
|
|t:|1650203090
|switch|p2a: F-150|Ferrothorn, F|68/100
|-damage|p2a: F-150|61/100|[from] Stealth Rock
|move|p1a: Ferrothorn|Knock Off|p2a: F-150
|-damage|p2a: F-150|49/100
|-damage|p1a: Ferrothorn|63/100|[from] ability: Iron Barbs|[of] p2a: F-150
|-damage|p1a: Ferrothorn|47/100|[from] item: Rocky Helmet|[of] p2a: F-150
|-enditem|p2a: F-150|Rocky Helmet|[from] move: Knock Off|[of] p1a: Ferrothorn
|
|-heal|p1a: Ferrothorn|53/100|[from] item: Leftovers
|upkeep
|turn|33
|
|t:|1650203100
|move|p2a: F-150|Knock Off|p1a: Ferrothorn
|-damage|p1a: Ferrothorn|37/100
|-damage|p2a: F-150|37/100|[from] ability: Iron Barbs|[of] p1a: Ferrothorn
|-enditem|p1a: Ferrothorn|Leftovers|[from] move: Knock Off|[of] p2a: F-150
|move|p1a: Ferrothorn|Spikes|p2a: F-150
|-sidestart|p2: Colonel Rivai|Spikes
|
|upkeep
|turn|34
|
|t:|1650203107
|move|p2a: F-150|Spikes|p1a: Ferrothorn
|-sidestart|p1: Jan Jakkusu|Spikes
|move|p1a: Ferrothorn|Spikes|p2a: F-150
|-sidestart|p2: Colonel Rivai|Spikes
|
|upkeep
|turn|35
|
|t:|1650203109
|move|p2a: F-150|Spikes|p1a: Ferrothorn
|-sidestart|p1: Jan Jakkusu|Spikes
|move|p1a: Ferrothorn|Spikes|p2a: F-150
|-sidestart|p2: Colonel Rivai|Spikes
|
|upkeep
|turn|36
|
|t:|1650203111
|move|p2a: F-150|Body Press|p1a: Ferrothorn
|-supereffective|p1a: Ferrothorn
|-damage|p1a: Ferrothorn|0 fnt
|-damage|p2a: F-150|24/100|[from] ability: Iron Barbs|[of] p1a: Ferrothorn
|faint|p1a: Ferrothorn
|
|upkeep
|
|t:|1650203120
|switch|p1a: Melmetal|Melmetal|100/100
|-damage|p1a: Melmetal|94/100|[from] Stealth Rock
|-damage|p1a: Melmetal|78/100|[from] Spikes
|turn|37
|
|t:|1650203132
|move|p1a: Melmetal|Earthquake|p2a: F-150
|-damage|p2a: F-150|0 fnt
|faint|p2a: F-150
|
|upkeep
|
|t:|1650203134
|switch|p2a: Hellcat|Victini|74/100
|turn|38
|
|t:|1650203138
|move|p2a: Hellcat|V-create|p1a: Melmetal
|-supereffective|p1a: Melmetal
|-damage|p1a: Melmetal|0 fnt
|-unboost|p2a: Hellcat|spe|1
|-unboost|p2a: Hellcat|def|1
|-unboost|p2a: Hellcat|spd|1
|faint|p1a: Melmetal
|
|upkeep
|
|t:|1650203146
|switch|p1a: Tapu Fini|Tapu Fini|100/100
|-damage|p1a: Tapu Fini|84/100|[from] Spikes
|-damage|p1a: Tapu Fini|71/100|[from] Stealth Rock
|-fieldstart|move: Misty Terrain|[from] ability: Misty Surge|[of] p1a: Tapu Fini
|turn|39
|
|t:|1650203154
|switch|p2a: Shelby|Tapu Fini|32/100
|-damage|p2a: Shelby|7/100|[from] Spikes
|-damage|p2a: Shelby|0 fnt|[from] Stealth Rock
|faint|p2a: Shelby
|move|p1a: Tapu Fini|Calm Mind|p1a: Tapu Fini
|-boost|p1a: Tapu Fini|spa|1
|-boost|p1a: Tapu Fini|spd|1
|
|-heal|p1a: Tapu Fini|78/100|[from] item: Leftovers
|upkeep
|
|t:|1650203157
|switch|p2a: Hellcat|Victini|74/100
|turn|40
|
|t:|1650203168
|move|p2a: Hellcat|Encore|p1a: Tapu Fini
|-start|p1a: Tapu Fini|Encore
|move|p1a: Tapu Fini|Calm Mind|p1a: Tapu Fini
|-boost|p1a: Tapu Fini|spa|1
|-boost|p1a: Tapu Fini|spd|1
|
|-heal|p1a: Tapu Fini|84/100|[from] item: Leftovers
|upkeep
|turn|41
|
|t:|1650203174
|switch|p1a: Landorus|Landorus-Therian, M|10/100 par
|-damage|p1a: Landorus|0 fnt|[from] Stealth Rock
|faint|p1a: Landorus
|move|p2a: Hellcat|Bolt Strike|p1: Landorus|[notarget]
|-fail|p2a: Hellcat
|
|upkeep
|
|t:|1650203182
|switch|p1a: Tapu Fini|Tapu Fini|84/100
|-damage|p1a: Tapu Fini|71/100|[from] Stealth Rock
|-damage|p1a: Tapu Fini|55/100|[from] Spikes
|turn|42
|
|t:|1650203187
|move|p2a: Hellcat|Bolt Strike|p1a: Tapu Fini
|-supereffective|p1a: Tapu Fini
|-damage|p1a: Tapu Fini|0 fnt
|faint|p1a: Tapu Fini
|
|upkeep
|-message|Jan Jakkusu forfeited.
|
|win|Colonel Rivai
|raw|Jan Jakkusu's rating: 1577 &rarr; <strong>1560</strong><br />(-17 for losing)
|raw|Colonel Rivai's rating: 1624 &rarr; <strong>1641</strong><br />(+17 for winning)
|l|☆Jan Jakkusu
|c|☆Colonel Rivai|gg
