|j|☆jhcardinals
|j|☆yung_iznamakin
|t:|1647630072
|gametype|singles
|player|p1|jhcardinals|cynthia-gen4|1541
|player|p2|yung_iznamakin|ninjaboy|1520
|teamsize|p1|6
|teamsize|p2|6
|gen|8
|tier|[Gen 8] OU
|rated|
|rule|Sleep Clause Mod: Limit one foe put to sleep
|rule|Species Clause: Limit one of each Pokémon
|rule|OHKO Clause: OHKO moves are banned
|rule|Evasion Moves Clause: Evasion moves are banned
|rule|Endless Battle Clause: Forcing endless battles is banned
|rule|HP Percentage Mod: HP is shown in percentages
|rule|Dynamax Clause: You cannot dynamax
|clearpoke
|poke|p1|Corviknight, F|
|poke|p1|Umbreon, F|
|poke|p1|Slowking-Galar, M|
|poke|p1|Dragapult, F|
|poke|p1|Landorus-Therian, M|
|poke|p1|Urshifu-*, M|
|poke|p2|Tapu Lele|
|poke|p2|Pelipper, M|
|poke|p2|Urshifu-*, F|
|poke|p2|Seismitoad, M|
|poke|p2|Ferrothorn, F|
|poke|p2|Zapdos|
|teampreview
|inactive|Battle timer is ON: inactive players will automatically lose when time's up. (requested by yung_iznamakin)
|
|t:|1647630084
|start
|switch|p1a: Dragapult|Dragapult, F|100/100
|switch|p2a: Zapdos|Zapdos|100/100
|turn|1
|
|t:|1647630097
|switch|p1a: Landorus|Landorus-Therian, M|100/100
|-ability|p1a: Landorus|Intimidate|boost
|-unboost|p2a: Zapdos|atk|1
|switch|p2a: Ferrothorn|Ferrothorn, F|100/100
|
|upkeep
|turn|2
|
|t:|1647630105
|move|p1a: Landorus|Stealth Rock|p2a: Ferrothorn
|-sidestart|p2: yung_iznamakin|move: Stealth Rock
|move|p2a: Ferrothorn|Stealth Rock|p1a: Landorus
|-sidestart|p1: jhcardinals|move: Stealth Rock
|
|upkeep
|turn|3
|
|t:|1647630120
|switch|p1a: Slowking|Slowking-Galar, M|100/100
|-damage|p1a: Slowking|88/100|[from] Stealth Rock
|move|p2a: Ferrothorn|Spikes|p1a: Slowking
|-sidestart|p1: jhcardinals|Spikes
|
|upkeep
|turn|4
|
|t:|1647630127
|move|p2a: Ferrothorn|Protect|p2a: Ferrothorn
|-singleturn|p2a: Ferrothorn|Protect
|move|p1a: Slowking|Future Sight|p2a: Ferrothorn
|-start|p1a: Slowking|move: Future Sight
|
|upkeep
|turn|5
|
|t:|1647630131
|switch|p2a: Urshifu|Urshifu-Rapid-Strike, F|100/100
|-damage|p2a: Urshifu|94/100|[from] Stealth Rock
|move|p1a: Slowking|Flamethrower|p2a: Urshifu
|-resisted|p2a: Urshifu
|-damage|p2a: Urshifu|75/100
|
|upkeep
|turn|6
|
|t:|1647630150
|move|p2a: Urshifu|U-turn|p1a: Slowking
|-damage|p1a: Slowking|52/100
|
|t:|1647630157
|switch|p2a: Ferrothorn|Ferrothorn, F|100/100|[from]move: U-turn
|-damage|p2a: Ferrothorn|94/100|[from] Stealth Rock
|move|p1a: Slowking|Flamethrower|p2a: Ferrothorn
|-supereffective|p2a: Ferrothorn
|-damage|p2a: Ferrothorn|22/100
|
|-end|p2a: Ferrothorn|move: Future Sight
|-resisted|p2a: Ferrothorn
|-damage|p2a: Ferrothorn|6/100
|upkeep
|turn|7
|
|t:|1647630168
|move|p1a: Slowking|Flamethrower|p2a: Ferrothorn
|-supereffective|p2a: Ferrothorn
|-damage|p2a: Ferrothorn|0 fnt
|faint|p2a: Ferrothorn
|
|upkeep
|
|t:|1647630176
|switch|p2a: Urshifu|Urshifu-Rapid-Strike, F|75/100
|-damage|p2a: Urshifu|69/100|[from] Stealth Rock
|turn|8
|
|t:|1647630184
|switch|p2a: Zapdos|Zapdos|100/100
|-damage|p2a: Zapdos|76/100|[from] Stealth Rock
|switch|p1a: Urshifu|Urshifu-Rapid-Strike, M|100/100
|-damage|p1a: Urshifu|94/100|[from] Stealth Rock
|-damage|p1a: Urshifu|82/100|[from] Spikes
|
|upkeep
|turn|9
|
|t:|1647630200
|move|p2a: Zapdos|Hurricane|p1a: Urshifu
|-supereffective|p1a: Urshifu
|-damage|p1a: Urshifu|0 fnt
|faint|p1a: Urshifu
|
|upkeep
|
|t:|1647630213
|switch|p1a: Corviknight|Corviknight, F|100/100
|-damage|p1a: Corviknight|88/100|[from] Stealth Rock
|-ability|p1a: Corviknight|Pressure
|turn|10
|
|t:|1647630218
|move|p2a: Zapdos|Hurricane|p1a: Corviknight
|-resisted|p1a: Corviknight
|-damage|p1a: Corviknight|49/100
|move|p1a: Corviknight|Defog|p2a: Zapdos
|-unboost|p2a: Zapdos|evasion|1
|-sideend|p2: yung_iznamakin|Stealth Rock|[from] move: Defog|[of] p1a: Corviknight
|-sideend|p1: jhcardinals|Spikes|[from] move: Defog|[of] p1a: Corviknight
|-sideend|p1: jhcardinals|Stealth Rock|[from] move: Defog|[of] p1a: Corviknight
|
|-heal|p1a: Corviknight|56/100|[from] item: Leftovers
|upkeep
|turn|11
|
|t:|1647630226
|move|p2a: Zapdos|Hurricane|p1a: Corviknight
|-resisted|p1a: Corviknight
|-damage|p1a: Corviknight|17/100
|move|p1a: Corviknight|Roost|p1a: Corviknight
|-heal|p1a: Corviknight|67/100
|-singleturn|p1a: Corviknight|move: Roost
|
|-heal|p1a: Corviknight|74/100|[from] item: Leftovers
|upkeep
|turn|12
|
|t:|1647630235
|switch|p1a: Slowking|Slowking-Galar, M|85/100
|move|p2a: Zapdos|Hurricane|p1a: Slowking
|-damage|p1a: Slowking|50/100
|-start|p1a: Slowking|confusion
|
|upkeep
|turn|13
|
|t:|1647630241
|switch|p1a: Corviknight|Corviknight, F|74/100
|-ability|p1a: Corviknight|Pressure
|move|p2a: Zapdos|Hurricane|p1a: Corviknight
|-resisted|p1a: Corviknight
|-damage|p1a: Corviknight|36/100
|
|-heal|p1a: Corviknight|42/100|[from] item: Leftovers
|upkeep
|turn|14
|
|t:|1647630248
|move|p2a: Zapdos|Hurricane|p1a: Corviknight
|-resisted|p1a: Corviknight
|-damage|p1a: Corviknight|5/100
|move|p1a: Corviknight|Roost|p1a: Corviknight
|-heal|p1a: Corviknight|55/100
|-singleturn|p1a: Corviknight|move: Roost
|
|-heal|p1a: Corviknight|61/100|[from] item: Leftovers
|upkeep
|turn|15
|
|t:|1647630256
|move|p2a: Zapdos|Hurricane|p1a: Corviknight
|-resisted|p1a: Corviknight
|-damage|p1a: Corviknight|22/100
|move|p1a: Corviknight|Roost|p1a: Corviknight
|-heal|p1a: Corviknight|72/100
|-singleturn|p1a: Corviknight|move: Roost
|
|-heal|p1a: Corviknight|78/100|[from] item: Leftovers
|upkeep
|turn|16
|c|☆jhcardinals|this zapdos is cracked
|
|t:|1647630267
|switch|p1a: Slowking|Slowking-Galar, M|83/100
|move|p2a: Zapdos|Hurricane|p1a: Slowking
|-damage|p1a: Slowking|47/100
|
|upkeep
|turn|17
|
|t:|1647630272
|switch|p1a: Corviknight|Corviknight, F|78/100
|-ability|p1a: Corviknight|Pressure
|move|p2a: Zapdos|Hurricane|p1a: Corviknight
|-resisted|p1a: Corviknight
|-damage|p1a: Corviknight|40/100
|
|-heal|p1a: Corviknight|46/100|[from] item: Leftovers
|upkeep
|turn|18
|c|☆jhcardinals|dude
|c|☆jhcardinals|dude
|
|t:|1647630281
|switch|p2a: Pelipper|Pelipper, M|100/100
|-weather|RainDance|[from] ability: Drizzle|[of] p2a: Pelipper
|move|p1a: Corviknight|Roost|p1a: Corviknight
|-heal|p1a: Corviknight|96/100
|-singleturn|p1a: Corviknight|move: Roost
|
|-weather|RainDance|[upkeep]
|-heal|p1a: Corviknight|100/100|[from] item: Leftovers
|upkeep
|turn|19
|n|!jhcardinals|jhcardinals
|
|t:|1647630302
|switch|p1a: Umbreon|Umbreon, F|100/100
|move|p2a: Pelipper|U-turn|p1a: Umbreon
|-supereffective|p1a: Umbreon
|-damage|p1a: Umbreon|88/100
|
|t:|1647630309
|switch|p2a: Urshifu|Urshifu-Rapid-Strike, F|69/100|[from]move: U-turn
|
|-weather|RainDance|[upkeep]
|-heal|p1a: Umbreon|94/100|[from] item: Leftovers
|upkeep
|turn|20
|
|t:|1647630318
|move|p2a: Urshifu|Surging Strikes|p1a: Umbreon
|-crit|p1a: Umbreon
|-damage|p1a: Umbreon|58/100
|-crit|p1a: Umbreon
|-damage|p1a: Umbreon|26/100
|-crit|p1a: Umbreon
|-damage|p1a: Umbreon|0 fnt
|faint|p1a: Umbreon
|-hitcount|p1: Umbreon|3
|
|-weather|RainDance|[upkeep]
|upkeep
|
|t:|1647630327
|switch|p1a: Dragapult|Dragapult, F|100/100
|turn|21
|
|t:|1647630330
|switch|p2a: Zapdos|Zapdos|76/100
|move|p1a: Dragapult|Shadow Ball|p2a: Zapdos
|-damage|p2a: Zapdos|15/100
|
|-weather|RainDance|[upkeep]
|upkeep
|turn|22
|
|t:|1647630336
|move|p1a: Dragapult|Shadow Ball|p2a: Zapdos
|-damage|p2a: Zapdos|0 fnt
|faint|p2a: Zapdos
|
|-weather|RainDance|[upkeep]
|upkeep
|
|t:|1647630341
|switch|p2a: Tapu Lele|Tapu Lele, shiny|100/100
|-fieldstart|move: Psychic Terrain|[from] ability: Psychic Surge|[of] p2a: Tapu Lele
|turn|23
|
|t:|1647630346
|switch|p2a: Seismitoad|Seismitoad, M, shiny|100/100
|switch|p1a: Corviknight|Corviknight, F|100/100
|-ability|p1a: Corviknight|Pressure
|
|-weather|RainDance|[upkeep]
|upkeep
|turn|24
|
|t:|1647630352
|switch|p1a: Slowking|Slowking-Galar, M|80/100
|move|p2a: Seismitoad|Weather Ball|p1a: Slowking
|-damage|p1a: Slowking|40/100
|-damage|p2a: Seismitoad|91/100|[from] item: Life Orb
|
|-weather|RainDance|[upkeep]
|upkeep
|turn|25
|
|t:|1647630371
|move|p2a: Seismitoad|Earth Power|p1a: Slowking
|-supereffective|p1a: Slowking
|-crit|p1a: Slowking
|-damage|p1a: Slowking|0 fnt
|faint|p1a: Slowking
|-damage|p2a: Seismitoad|81/100|[from] item: Life Orb
|
|-weather|none
|upkeep
|
|t:|1647630380
|switch|p1a: Dragapult|Dragapult, F|100/100
|turn|26
|inactive|jhcardinals has 120 seconds left.
|inactive|jhcardinals has 90 seconds left.
|
|t:|1647630452
|switch|p2a: Pelipper|Pelipper, M|100/100
|-weather|RainDance|[from] ability: Drizzle|[of] p2a: Pelipper
|move|p1a: Dragapult|Draco Meteor|p2a: Pelipper
|-damage|p2a: Pelipper|0 fnt
|-unboost|p1a: Dragapult|spa|2
|faint|p2a: Pelipper
|
|-weather|RainDance|[upkeep]
|upkeep
|
|t:|1647630461
|switch|p2a: Seismitoad|Seismitoad, M, shiny|81/100
|turn|27
|
|t:|1647630474
|switch|p1a: Landorus|Landorus-Therian, M|100/100
|-ability|p1a: Landorus|Intimidate|boost
|-unboost|p2a: Seismitoad|atk|1
|move|p2a: Seismitoad|Weather Ball|p1a: Landorus
|-supereffective|p1a: Landorus
|-damage|p1a: Landorus|0 fnt
|faint|p1a: Landorus
|-damage|p2a: Seismitoad|71/100|[from] item: Life Orb
|
|-weather|RainDance|[upkeep]
|-fieldend|move: Psychic Terrain
|upkeep
|inactive|jhcardinals has 60 seconds left.
|
|t:|1647630502
|switch|p1a: Dragapult|Dragapult, F|100/100
|turn|28
|
|t:|1647630511
|move|p2a: Seismitoad|Earth Power|p1a: Dragapult
|-damage|p1a: Dragapult|30/100
|-damage|p2a: Seismitoad|61/100|[from] item: Life Orb
|move|p1a: Dragapult|Shadow Ball|p2a: Seismitoad
|-damage|p2a: Seismitoad|0 fnt
|faint|p2a: Seismitoad
|
|-weather|RainDance|[upkeep]
|upkeep
|
|t:|1647630522
|switch|p2a: Tapu Lele|Tapu Lele, shiny|100/100
|-fieldstart|move: Psychic Terrain|[from] ability: Psychic Surge|[of] p2a: Tapu Lele
|turn|29
|
|t:|1647630525
|switch|p2a: Urshifu|Urshifu-Rapid-Strike, F|69/100
|switch|p1a: Corviknight|Corviknight, F|100/100
|-ability|p1a: Corviknight|Pressure
|
|-weather|RainDance|[upkeep]
|upkeep
|turn|30
|inactive|jhcardinals has 90 seconds left.
|
|t:|1647630533
|move|p2a: Urshifu|Surging Strikes|p1a: Corviknight
|-crit|p1a: Corviknight
|-damage|p1a: Corviknight|72/100
|-crit|p1a: Corviknight
|-damage|p1a: Corviknight|45/100
|-crit|p1a: Corviknight
|-damage|p1a: Corviknight|16/100
|-hitcount|p1a: Corviknight|3
|move|p1a: Corviknight|Brave Bird|p2a: Urshifu
|-supereffective|p2a: Urshifu
|-damage|p2a: Urshifu|0 fnt
|faint|p2a: Urshifu
|-damage|p1a: Corviknight|0 fnt|[from] Recoil
|faint|p1a: Corviknight
|
|-weather|RainDance|[upkeep]
|upkeep
|
|t:|1647630545
|switch|p2a: Tapu Lele|Tapu Lele, shiny|100/100
|switch|p1a: Dragapult|Dragapult, F|30/100
|turn|31
|
|t:|1647630548
|move|p2a: Tapu Lele|Moonblast|p1a: Dragapult
|-supereffective|p1a: Dragapult
|-damage|p1a: Dragapult|0 fnt
|faint|p1a: Dragapult
|
|win|yung_iznamakin
|raw|jhcardinals's rating: 1541 &rarr; <strong>1520</strong><br />(-21 for losing)
|raw|yung_iznamakin's rating: 1520 &rarr; <strong>1541</strong><br />(+21 for winning)
|l|!jhcardinals
||Ladder isn't responding, score probably updated but might not have (Request timeout).
