|j|‽Steelix Fusion
|j|☆Unending Depths
|t:|1654324895
|gametype|singles
|player|p1|Steelix Fusion|marshal|1662
|player|p2|Unending Depths|gentleman|1764
|teamsize|p1|6
|teamsize|p2|6
|gen|8
|tier|[Gen 8] OU
|rated|
|rule|Sleep Clause Mod: Limit one foe put to sleep
|rule|Species Clause: Limit one of each Pokémon
|rule|OHKO Clause: OHKO moves are banned
|rule|Evasion Moves Clause: Evasion moves are banned
|rule|Endless Battle Clause: Forcing endless battles is banned
|rule|HP Percentage Mod: HP is shown in percentages
|rule|Dynamax Clause: You cannot dynamax
|clearpoke
|poke|p1|Ninetales-Alola, F|
|poke|p1|Klefki, M|
|poke|p1|Volcarona, F|
|poke|p1|Scolipede, M|
|poke|p1|Gyarados, F|
|poke|p1|Landorus-Therian, M|
|poke|p2|Dragapult, M|
|poke|p2|Kommo-o, M|
|poke|p2|Conkeldurr, F|
|poke|p2|Seismitoad, F|
|poke|p2|Ferrothorn, F|
|poke|p2|Sylveon, F|
|teampreview
|j| iWatchU⊙_⊙
|j| David Ojabo
|
|t:|1654324906
|start
|switch|p1a: Ninetales|Ninetales-Alola, F|100/100
|switch|p2a: Ferrothorn|Ferrothorn, F|100/100
|-weather|Hail|[from] ability: Snow Warning|[of] p1a: Ninetales
|turn|1
|inactive|Battle timer is ON: inactive players will automatically lose when time's up. (requested by Steelix Fusion)
|
|t:|1654324915
|move|p1a: Ninetales|Aurora Veil|p1a: Ninetales
|-sidestart|p1: Steelix Fusion|move: Aurora Veil
|move|p2a: Ferrothorn|Knock Off|p1a: Ninetales
|-resisted|p1a: Ninetales
|-damage|p1a: Ninetales|94/100
|-enditem|p1a: Ninetales|Light Clay|[from] move: Knock Off|[of] p2a: Ferrothorn
|
|-weather|Hail|[upkeep]
|-damage|p2a: Ferrothorn|94/100|[from] Hail
|-heal|p2a: Ferrothorn|100/100|[from] item: Leftovers
|upkeep
|turn|2
|j| NOslowly
|
|t:|1654324923
|move|p1a: Ninetales|Encore|p2a: Ferrothorn
|-start|p2a: Ferrothorn|Encore
|move|p2a: Ferrothorn|Knock Off|p1a: Ninetales
|-resisted|p1a: Ninetales
|-damage|p1a: Ninetales|90/100
|
|-weather|Hail|[upkeep]
|-damage|p2a: Ferrothorn|94/100|[from] Hail
|-heal|p2a: Ferrothorn|100/100|[from] item: Leftovers
|upkeep
|turn|3
|
|t:|1654324931
|switch|p1a: Volcarona|Volcarona, F|100/100
|move|p2a: Ferrothorn|Knock Off|p1a: Volcarona
|-damage|p1a: Volcarona|86/100
|-enditem|p1a: Volcarona|Heavy-Duty Boots|[from] move: Knock Off|[of] p2a: Ferrothorn
|
|-weather|Hail|[upkeep]
|-damage|p1a: Volcarona|80/100|[from] Hail
|-damage|p2a: Ferrothorn|94/100|[from] Hail
|-heal|p2a: Ferrothorn|100/100|[from] item: Leftovers
|upkeep
|turn|4
|
|t:|1654324943
|switch|p2a: Dragapult|Dragapult, M|100/100
|move|p1a: Volcarona|Quiver Dance|p1a: Volcarona
|-boost|p1a: Volcarona|spa|1
|-boost|p1a: Volcarona|spd|1
|-boost|p1a: Volcarona|spe|1
|
|-weather|Hail|[upkeep]
|-damage|p1a: Volcarona|74/100|[from] Hail
|-damage|p2a: Dragapult|95/100|[from] Hail
|upkeep
|turn|5
|
|t:|1654324951
|move|p1a: Volcarona|Quiver Dance|p1a: Volcarona
|-boost|p1a: Volcarona|spa|1
|-boost|p1a: Volcarona|spd|1
|-boost|p1a: Volcarona|spe|1
|move|p2a: Dragapult|Draco Meteor|p1a: Volcarona
|-damage|p1a: Volcarona|28/100
|-unboost|p2a: Dragapult|spa|2
|
|-weather|none
|upkeep
|turn|6
|
|t:|1654324959
|move|p1a: Volcarona|Giga Drain|p2a: Dragapult
|-resisted|p2a: Dragapult
|-damage|p2a: Dragapult|56/100
|-heal|p1a: Volcarona|47/100|[from] drain|[of] p2a: Dragapult
|move|p2a: Dragapult|Draco Meteor|p1a: Volcarona
|-damage|p1a: Volcarona|22/100
|-unboost|p2a: Dragapult|spa|2
|
|upkeep
|turn|7
|
|t:|1654324967
|switch|p2a: Ferrothorn|Ferrothorn, F|100/100
|move|p1a: Volcarona|Giga Drain|p2a: Ferrothorn
|-resisted|p2a: Ferrothorn
|-damage|p2a: Ferrothorn|91/100
|-heal|p1a: Volcarona|28/100|[from] drain|[of] p2a: Ferrothorn
|
|-heal|p2a: Ferrothorn|98/100|[from] item: Leftovers
|upkeep
|turn|8
|c| David Ojabo|why's that draco so juiced
|
|t:|1654324996
|switch|p2a: Sylveon|Sylveon, F|100/100
|move|p1a: Volcarona|Fiery Dance|p2a: Sylveon
|-damage|p2a: Sylveon|53/100
|
|-heal|p2a: Sylveon|59/100|[from] item: Leftovers
|-sideend|p1: Steelix Fusion|move: Aurora Veil
|upkeep
|turn|9
|
|t:|1654325005
|move|p1a: Volcarona|Giga Drain|p2a: Sylveon
|-damage|p2a: Sylveon|28/100
|-heal|p1a: Volcarona|47/100|[from] drain|[of] p2a: Sylveon
|move|p2a: Sylveon|Moonblast|p1a: Volcarona
|-resisted|p1a: Volcarona
|-damage|p1a: Volcarona|38/100
|
|-heal|p2a: Sylveon|34/100|[from] item: Leftovers
|upkeep
|turn|10
|
|t:|1654325013
|move|p1a: Volcarona|Fiery Dance|p2a: Sylveon
|-damage|p2a: Sylveon|0 fnt
|-boost|p1a: Volcarona|spa|1
|faint|p2a: Sylveon
|
|upkeep
|
|t:|1654325015
|switch|p2a: Kommo-o|Kommo-o, M|100/100
|turn|11
|
|t:|1654325019
|move|p1a: Volcarona|Psychic|p2a: Kommo-o
|-supereffective|p2a: Kommo-o
|-damage|p2a: Kommo-o|0 fnt
|faint|p2a: Kommo-o
|
|upkeep
|l| iWatchU⊙_⊙
|
|t:|1654325025
|switch|p2a: Conkeldurr|Conkeldurr, F|100/100
|turn|12
|-message|Unending Depths forfeited.
|
|win|Steelix Fusion
|raw|Steelix Fusion's rating: 1662 &rarr; <strong>1688</strong><br />(+26 for winning)
|raw|Unending Depths's rating: 1764 &rarr; <strong>1738</strong><br />(-26 for losing)
|l|☆Unending Depths
|c| David Ojabo|lmao
|c| David Ojabo|gg
|l| NOslowly
