|j|☆Power-trip7blitz
|j|☆Stads
|t:|1665087963
|gametype|singles
|player|p1|Power-trip7blitz|2|1766
|player|p2|Stads|2|1742
|teamsize|p1|6
|teamsize|p2|6
|gen|8
|tier|[Gen 8] OU
|rated|
|rule|Sleep Clause Mod: Limit one foe put to sleep
|rule|Species Clause: Limit one of each Pokémon
|rule|OHKO Clause: OHKO moves are banned
|rule|Evasion Items Clause: Evasion items are banned
|rule|Evasion Moves Clause: Evasion moves are banned
|rule|Endless Battle Clause: Forcing endless battles is banned
|rule|HP Percentage Mod: HP is shown in percentages
|rule|Dynamax Clause: You cannot dynamax
|clearpoke
|poke|p1|Cursola, M|
|poke|p1|Blaziken, F|
|poke|p1|Polteageist-Antique|
|poke|p1|Hatterene, F|
|poke|p1|Stakataka|
|poke|p1|Gastrodon, F|
|poke|p2|Tornadus-Therian, M|
|poke|p2|Corviknight, F|
|poke|p2|Kartana|
|poke|p2|Toxapex, F|
|poke|p2|Hippowdon, F|
|poke|p2|Heatran, M|
|teampreview
|j| BigGilus
|inactive|Battle timer is ON: inactive players will automatically lose when time's up. (requested by Power-trip7blitz)
|
|t:|1665087977
|start
|switch|p1a: Cursola|Cursola, M|100/100
|switch|p2a: Tornadus|Tornadus-Therian, M|100/100
|turn|1
|
|t:|1665087981
|move|p2a: Tornadus|Knock Off|p1a: Cursola
|-supereffective|p1a: Cursola
|-damage|p1a: Cursola|15/100
|-ability|p1a: Cursola|Weak Armor|boost
|-unboost|p1a: Cursola|def|1
|-boost|p1a: Cursola|spe|2
|-enditem|p1a: Cursola|Focus Sash|[from] move: Knock Off|[of] p2a: Tornadus
|move|p1a: Cursola|Stealth Rock|p2a: Tornadus
|-sidestart|p2: Stads|move: Stealth Rock
|
|upkeep
|turn|2
|
|t:|1665087984
|move|p2a: Tornadus|Knock Off|p1a: Cursola
|-supereffective|p1a: Cursola
|-damage|p1a: Cursola|0 fnt
|faint|p1a: Cursola
|
|upkeep
|
|t:|1665087989
|switch|p1a: Polteageist|Polteageist-Antique|100/100
|turn|3
|
|t:|1665087993
|move|p2a: Tornadus|U-turn|p1a: Polteageist
|-resisted|p1a: Polteageist
|-damage|p1a: Polteageist|86/100
|-ability|p1a: Polteageist|Weak Armor|boost
|-unboost|p1a: Polteageist|def|1
|-boost|p1a: Polteageist|spe|2
|
|t:|1665087995
|switch|p2a: Heatran|Heatran, M|100/100|[from]move: U-turn
|-damage|p2a: Heatran|88/100|[from] Stealth Rock
|move|p1a: Polteageist|Shell Smash|p1a: Polteageist
|-unboost|p1a: Polteageist|def|1
|-unboost|p1a: Polteageist|spd|1
|-boost|p1a: Polteageist|atk|2
|-boost|p1a: Polteageist|spa|2
|-boost|p1a: Polteageist|spe|2
|
|-heal|p2a: Heatran|94/100|[from] item: Leftovers
|upkeep
|turn|4
|
|t:|1665088003
|move|p1a: Polteageist|Shadow Ball|p2a: Heatran
|-damage|p2a: Heatran|37/100
|move|p2a: Heatran|Toxic|p1a: Polteageist
|-status|p1a: Polteageist|tox
|
|-heal|p2a: Heatran|44/100|[from] item: Leftovers
|-damage|p1a: Polteageist|80/100 tox|[from] psn
|upkeep
|turn|5
|
|t:|1665088007
|move|p2a: Heatran|Protect|p2a: Heatran
|-singleturn|p2a: Heatran|Protect
|move|p1a: Polteageist|Shadow Ball|p2a: Heatran
|-activate|p2a: Heatran|move: Protect
|
|-heal|p2a: Heatran|50/100|[from] item: Leftovers
|-damage|p1a: Polteageist|68/100 tox|[from] psn
|upkeep
|turn|6
|
|t:|1665088016
|switch|p2a: Hippowdon|Hippowdon, F|100/100
|-damage|p2a: Hippowdon|94/100|[from] Stealth Rock
|-weather|Sandstorm|[from] ability: Sand Stream|[of] p2a: Hippowdon
|move|p1a: Polteageist|Shadow Ball|p2a: Hippowdon
|-damage|p2a: Hippowdon|23/100
|-unboost|p2a: Hippowdon|spd|1
|
|-weather|Sandstorm|[upkeep]
|-damage|p1a: Polteageist|62/100 tox|[from] Sandstorm
|-heal|p2a: Hippowdon|29/100|[from] item: Leftovers
|-damage|p1a: Polteageist|43/100 tox|[from] psn
|upkeep
|turn|7
|
|t:|1665088020
|move|p1a: Polteageist|Shadow Ball|p2a: Hippowdon
|-damage|p2a: Hippowdon|0 fnt
|faint|p2a: Hippowdon
|
|-weather|Sandstorm|[upkeep]
|-damage|p1a: Polteageist|37/100 tox|[from] Sandstorm
|-damage|p1a: Polteageist|13/100 tox|[from] psn
|upkeep
|j| Rookie55
|
|t:|1665088023
|switch|p2a: Heatran|Heatran, M|50/100
|-damage|p2a: Heatran|37/100|[from] Stealth Rock
|turn|8
|
|t:|1665088028
|move|p2a: Heatran|Protect|p2a: Heatran
|-singleturn|p2a: Heatran|Protect
|move|p1a: Polteageist|Shadow Ball|p2a: Heatran
|-activate|p2a: Heatran|move: Protect
|
|-weather|Sandstorm|[upkeep]
|-damage|p1a: Polteageist|7/100 tox|[from] Sandstorm
|-heal|p2a: Heatran|44/100|[from] item: Leftovers
|-damage|p1a: Polteageist|0 fnt|[from] psn
|faint|p1a: Polteageist
|upkeep
|
|t:|1665088029
|switch|p1a: Blaziken|Blaziken, F|100/100
|turn|9
|
|t:|1665088031
|move|p1a: Blaziken|Swords Dance|p1a: Blaziken
|-boost|p1a: Blaziken|atk|2
|move|p2a: Heatran|Toxic|p1a: Blaziken
|-status|p1a: Blaziken|tox
|
|-weather|Sandstorm|[upkeep]
|-damage|p1a: Blaziken|95/100 tox|[from] Sandstorm
|-heal|p2a: Heatran|50/100|[from] item: Leftovers
|-damage|p1a: Blaziken|89/100 tox|[from] psn
|-ability|p1a: Blaziken|Speed Boost|boost
|-boost|p1a: Blaziken|spe|1
|upkeep
|turn|10
|
|t:|1665088034
|move|p1a: Blaziken|Swords Dance|p1a: Blaziken
|-boost|p1a: Blaziken|atk|2
|move|p2a: Heatran|Magma Storm|p1a: Blaziken
|-resisted|p1a: Blaziken
|-damage|p1a: Blaziken|57/100 tox
|-activate|p1a: Blaziken|move: Magma Storm|[of] p2a: Heatran
|
|-weather|none
|-heal|p2a: Heatran|56/100|[from] item: Leftovers
|-damage|p1a: Blaziken|45/100 tox|[from] psn
|-damage|p1a: Blaziken|32/100 tox|[from] move: Magma Storm|[partiallytrapped]
|-ability|p1a: Blaziken|Speed Boost|boost
|-boost|p1a: Blaziken|spe|1
|upkeep
|turn|11
|
|t:|1665088036
|move|p2a: Heatran|Protect|p2a: Heatran
|-singleturn|p2a: Heatran|Protect
|move|p1a: Blaziken|Close Combat|p2a: Heatran
|-activate|p2a: Heatran|move: Protect
|
|-heal|p2a: Heatran|62/100|[from] item: Leftovers
|-damage|p1a: Blaziken|14/100 tox|[from] psn
|-damage|p1a: Blaziken|2/100 tox|[from] move: Magma Storm|[partiallytrapped]
|-ability|p1a: Blaziken|Speed Boost|boost
|-boost|p1a: Blaziken|spe|1
|upkeep
|turn|12
|j| Shehejebeh
|
|t:|1665088038
|move|p2a: Heatran|Protect||[still]
|-fail|p2a: Heatran
|move|p1a: Blaziken|Thunder Punch|p2a: Heatran
|-damage|p2a: Heatran|0 fnt
|faint|p2a: Heatran
|-damage|p1a: Blaziken|0 fnt|[from] item: Life Orb
|faint|p1a: Blaziken
|
|upkeep
|l| BigGilus
|
|t:|1665088060
|switch|p1a: Hatterene|Hatterene, F|100/100
|switch|p2a: Corviknight|Corviknight, F|100/100
|-damage|p2a: Corviknight|88/100|[from] Stealth Rock
|-ability|p2a: Corviknight|Pressure
|turn|13
|
|t:|1665088062
|move|p2a: Corviknight|Defog|p1a: Hatterene
|move|p1a: Hatterene|Defog|p2a: Corviknight|[from]ability: Magic Bounce
|-unboost|p2a: Corviknight|evasion|1
|-sideend|p2: Stads|Stealth Rock|[from] move: Defog|[of] p1a: Hatterene
|move|p1a: Hatterene|Mystical Fire|p2a: Corviknight
|-supereffective|p2a: Corviknight
|-damage|p2a: Corviknight|23/100
|-unboost|p2a: Corviknight|spa|1
|-damage|p1a: Hatterene|91/100|[from] item: Life Orb
|
|-heal|p2a: Corviknight|29/100|[from] item: Leftovers
|upkeep
|turn|14
|
|t:|1665088065
|move|p2a: Corviknight|Roost|p2a: Corviknight
|-heal|p2a: Corviknight|79/100
|-singleturn|p2a: Corviknight|move: Roost
|move|p1a: Hatterene|Trick Room|p1a: Hatterene
|-fieldstart|move: Trick Room|[of] p1a: Hatterene
|
|-heal|p2a: Corviknight|85/100|[from] item: Leftovers
|upkeep
|turn|15
|
|t:|1665088069
|move|p1a: Hatterene|Mystical Fire|p2a: Corviknight
|-supereffective|p2a: Corviknight
|-damage|p2a: Corviknight|18/100
|-unboost|p2a: Corviknight|spa|1
|-damage|p1a: Hatterene|81/100|[from] item: Life Orb
|move|p2a: Corviknight|U-turn|p1a: Hatterene
|-crit|p1a: Hatterene
|-damage|p1a: Hatterene|58/100
|
|t:|1665088070
|switch|p2a: Tornadus|Tornadus-Therian, M|100/100|[from]move: U-turn
|
|upkeep
|turn|16
|
|t:|1665088072
|move|p1a: Hatterene|Psyshock|p2a: Tornadus
|-damage|p2a: Tornadus|16/100
|-damage|p1a: Hatterene|49/100|[from] item: Life Orb
|move|p2a: Tornadus|Knock Off|p1a: Hatterene
|-damage|p1a: Hatterene|27/100
|-enditem|p1a: Hatterene|Life Orb|[from] move: Knock Off|[of] p2a: Tornadus
|
|upkeep
|turn|17
|
|t:|1665088077
|switch|p2a: Corviknight|Corviknight, F|18/100
|-ability|p2a: Corviknight|Pressure
|move|p1a: Hatterene|Mystical Fire|p2a: Corviknight
|-supereffective|p2a: Corviknight
|-damage|p2a: Corviknight|0 fnt
|faint|p2a: Corviknight
|
|upkeep
|
|t:|1665088085
|switch|p2a: Tornadus|Tornadus-Therian, M|50/100
|turn|18
|
|t:|1665088087
|switch|p2a: Toxapex|Toxapex, F|100/100
|move|p1a: Hatterene|Psyshock|p2a: Toxapex
|-supereffective|p2a: Toxapex
|-damage|p2a: Toxapex|49/100
|
|-fieldend|move: Trick Room
|upkeep
|turn|19
|
|t:|1665088091
|move|p2a: Toxapex|Recover|p2a: Toxapex
|-heal|p2a: Toxapex|99/100
|move|p1a: Hatterene|Trick Room|p1a: Hatterene
|-fieldstart|move: Trick Room|[of] p1a: Hatterene
|
|upkeep
|turn|20
|
|t:|1665088095
|move|p1a: Hatterene|Psyshock|p2a: Toxapex
|-supereffective|p2a: Toxapex
|-damage|p2a: Toxapex|37/100
|move|p2a: Toxapex|Recover|p2a: Toxapex
|-heal|p2a: Toxapex|87/100
|
|upkeep
|turn|21
|
|t:|1665088098
|move|p1a: Hatterene|Psyshock|p2a: Toxapex
|-supereffective|p2a: Toxapex
|-damage|p2a: Toxapex|27/100
|move|p2a: Toxapex|Recover|p2a: Toxapex
|-heal|p2a: Toxapex|77/100
|
|upkeep
|turn|22
|
|t:|1665088102
|move|p1a: Hatterene|Psyshock|p2a: Toxapex
|-supereffective|p2a: Toxapex
|-damage|p2a: Toxapex|24/100
|move|p2a: Toxapex|Recover|p2a: Toxapex
|-heal|p2a: Toxapex|74/100
|
|upkeep
|turn|23
|
|t:|1665088106
|move|p1a: Hatterene|Mystical Fire|p2a: Toxapex
|-resisted|p2a: Toxapex
|-damage|p2a: Toxapex|60/100
|-unboost|p2a: Toxapex|spa|1
|move|p2a: Toxapex|Scald|p1a: Hatterene
|-damage|p1a: Hatterene|16/100
|-status|p1a: Hatterene|brn
|
|-damage|p1a: Hatterene|10/100 brn|[from] brn
|-fieldend|move: Trick Room
|upkeep
|turn|24
|
|t:|1665088109
|move|p2a: Toxapex|Recover|p2a: Toxapex
|-heal|p2a: Toxapex|100/100
|move|p1a: Hatterene|Trick Room|p1a: Hatterene
|-fieldstart|move: Trick Room|[of] p1a: Hatterene
|
|-damage|p1a: Hatterene|4/100 brn|[from] brn
|upkeep
|turn|25
|
|t:|1665088115
|move|p1a: Hatterene|Psyshock|p2a: Toxapex
|-supereffective|p2a: Toxapex
|-damage|p2a: Toxapex|45/100
|move|p2a: Toxapex|Recover|p2a: Toxapex
|-heal|p2a: Toxapex|95/100
|
|-damage|p1a: Hatterene|0 fnt|[from] brn
|faint|p1a: Hatterene
|upkeep
|
|t:|1665088117
|switch|p1a: Gastrodon|Gastrodon, F|100/100
|turn|26
|
|t:|1665088120
|switch|p2a: Tornadus|Tornadus-Therian, M|83/100
|move|p1a: Gastrodon|Earth Power|p2a: Tornadus
|-immune|p2a: Tornadus
|
|upkeep
|turn|27
|
|t:|1665088123
|switch|p1a: Stakataka|Stakataka|100/100
|-item|p1a: Stakataka|Air Balloon
|move|p2a: Tornadus|Knock Off|p1a: Stakataka
|-damage|p1a: Stakataka|88/100
|-enditem|p1a: Stakataka|Air Balloon
|
|upkeep
|turn|28
|
|t:|1665088127
|move|p2a: Tornadus|U-turn|p1a: Stakataka
|-resisted|p1a: Stakataka
|-damage|p1a: Stakataka|83/100
|
|t:|1665088129
|switch|p2a: Toxapex|Toxapex, F|100/100|[from]move: U-turn
|move|p1a: Stakataka|Trick Room|p1a: Stakataka
|-fieldend|move: Trick Room
|
|upkeep
|turn|29
|
|t:|1665088133
|switch|p1a: Gastrodon|Gastrodon, F|100/100
|move|p2a: Toxapex|Scald|p1a: Gastrodon
|-ability|p1a: Gastrodon|Storm Drain|boost
|-boost|p1a: Gastrodon|spa|1
|
|upkeep
|turn|30
|
|t:|1665088138
|move|p1a: Gastrodon|Surf|p2a: Toxapex
|-resisted|p2a: Toxapex
|-damage|p2a: Toxapex|60/100
|move|p2a: Toxapex|Haze|p2a: Toxapex
|-clearallboost
|
|upkeep
|turn|31
|
|t:|1665088141
|switch|p1a: Stakataka|Stakataka|83/100
|move|p2a: Toxapex|Recover|p2a: Toxapex
|-heal|p2a: Toxapex|100/100
|
|upkeep
|turn|32
|
|t:|1665088143
|switch|p1a: Gastrodon|Gastrodon, F|100/100
|move|p2a: Toxapex|Scald|p1a: Gastrodon
|-ability|p1a: Gastrodon|Storm Drain|boost
|-boost|p1a: Gastrodon|spa|1
|
|upkeep
|turn|33
|
|t:|1665088146
|switch|p2a: Tornadus|Tornadus-Therian, M|100/100
|move|p1a: Gastrodon|Surf|p2a: Tornadus
|-damage|p2a: Tornadus|20/100
|
|upkeep
|turn|34
|
|t:|1665088148
|move|p2a: Tornadus|U-turn|p1a: Gastrodon
|-damage|p1a: Gastrodon|86/100
|
|t:|1665088150
|switch|p2a: Toxapex|Toxapex, F|100/100|[from]move: U-turn
|move|p1a: Gastrodon|Surf|p2a: Toxapex
|-resisted|p2a: Toxapex
|-damage|p2a: Toxapex|61/100
|
|upkeep
|turn|35
|
|t:|1665088152
|move|p1a: Gastrodon|Surf|p2a: Toxapex
|-resisted|p2a: Toxapex
|-damage|p2a: Toxapex|24/100
|move|p2a: Toxapex|Recover|p2a: Toxapex
|-heal|p2a: Toxapex|74/100
|
|upkeep
|turn|36
|
|t:|1665088155
|move|p1a: Gastrodon|Surf|p2a: Toxapex
|-resisted|p2a: Toxapex
|-damage|p2a: Toxapex|37/100
|move|p2a: Toxapex|Recover|p2a: Toxapex
|-heal|p2a: Toxapex|87/100
|
|upkeep
|turn|37
|
|t:|1665088157
|move|p1a: Gastrodon|Surf|p2a: Toxapex
|-resisted|p2a: Toxapex
|-damage|p2a: Toxapex|49/100
|move|p2a: Toxapex|Recover|p2a: Toxapex
|-heal|p2a: Toxapex|99/100
|
|upkeep
|turn|38
|
|t:|1665088160
|move|p1a: Gastrodon|Surf|p2a: Toxapex
|-resisted|p2a: Toxapex
|-damage|p2a: Toxapex|63/100
|move|p2a: Toxapex|Haze|p2a: Toxapex
|-clearallboost
|
|upkeep
|turn|39
|
|t:|1665088169
|switch|p1a: Stakataka|Stakataka|83/100
|move|p2a: Toxapex|Recover|p2a: Toxapex
|-heal|p2a: Toxapex|100/100
|
|upkeep
|turn|40
|
|t:|1665088172
|switch|p1a: Gastrodon|Gastrodon, F|86/100
|move|p2a: Toxapex|Knock Off|p1a: Gastrodon
|-damage|p1a: Gastrodon|71/100
|-enditem|p1a: Gastrodon|Choice Specs|[from] move: Knock Off|[of] p2a: Toxapex
|
|upkeep
|turn|41
|l| Shehejebeh
|
|t:|1665088176
|switch|p2a: Tornadus|Tornadus-Therian, M|53/100
|move|p1a: Gastrodon|Surf|p2a: Tornadus
|-damage|p2a: Tornadus|22/100
|
|upkeep
|turn|42
|
|t:|1665088179
|move|p2a: Tornadus|U-turn|p1a: Gastrodon
|-damage|p1a: Gastrodon|56/100
|
|t:|1665088181
|switch|p2a: Toxapex|Toxapex, F|100/100|[from]move: U-turn
|move|p1a: Gastrodon|Earth Power|p2a: Toxapex
|-supereffective|p2a: Toxapex
|-damage|p2a: Toxapex|35/100
|
|upkeep
|turn|43
|
|t:|1665088184
|move|p1a: Gastrodon|Earth Power|p2a: Toxapex
|-supereffective|p2a: Toxapex
|-damage|p2a: Toxapex|0 fnt
|faint|p2a: Toxapex
|
|upkeep
|
|t:|1665088186
|switch|p2a: Kartana|Kartana|100/100
|turn|44
|
|t:|1665088190
|move|p2a: Kartana|Leaf Blade|p1a: Gastrodon
|-supereffective|p1a: Gastrodon
|-crit|p1a: Gastrodon
|-damage|p1a: Gastrodon|0 fnt
|faint|p1a: Gastrodon
|-ability|p2a: Kartana|Beast Boost|boost
|-boost|p2a: Kartana|atk|1
|
|upkeep
|
|t:|1665088191
|switch|p1a: Stakataka|Stakataka|83/100
|turn|45
|
|t:|1665088193
|move|p2a: Kartana|Leaf Blade|p1a: Stakataka
|-damage|p1a: Stakataka|25/100
|move|p1a: Stakataka|Trick Room|p1a: Stakataka
|-fieldstart|move: Trick Room|[of] p1a: Stakataka
|
|upkeep
|turn|46
|
|t:|1665088196
|move|p1a: Stakataka|Heat Crash|p2a: Kartana
|-supereffective|p2a: Kartana
|-damage|p2a: Kartana|0 fnt
|faint|p2a: Kartana
|-ability|p1a: Stakataka|Beast Boost|boost
|-boost|p1a: Stakataka|atk|1
|
|upkeep
|
|t:|1665088198
|switch|p2a: Tornadus|Tornadus-Therian, M|55/100
|turn|47
|
|t:|1665088199
|move|p1a: Stakataka|Gyro Ball|p2a: Tornadus
|-damage|p2a: Tornadus|0 fnt
|faint|p2a: Tornadus
|
|win|Power-trip7blitz
|raw|Power-trip7blitz's rating: 1766 &rarr; <strong>1785</strong><br />(+19 for winning)
|raw|Stads's rating: 1742 &rarr; <strong>1723</strong><br />(-19 for losing)
|l|☆Stads
