|j|☆booby#jelly
|j|☆Steve Omelette
|t:|1656096689
|gametype|singles
|player|p1|booby#jelly|mira|1797
|player|p2|Steve Omelette|265|1881
|teamsize|p1|6
|teamsize|p2|6
|gen|8
|tier|[Gen 8] OU
|rated|
|rule|Sleep Clause Mod: Limit one foe put to sleep
|rule|Species Clause: Limit one of each Pokémon
|rule|OHKO Clause: OHKO moves are banned
|rule|Evasion Moves Clause: Evasion moves are banned
|rule|Endless Battle Clause: Forcing endless battles is banned
|rule|HP Percentage Mod: HP is shown in percentages
|rule|Dynamax Clause: You cannot dynamax
|clearpoke
|poke|p1|Hawlucha, M|
|poke|p1|Kommo-o, F|
|poke|p1|Tapu Lele|
|poke|p1|Kartana|
|poke|p1|Bisharp, M|
|poke|p1|Volcarona, F|
|poke|p2|Tapu Fini|
|poke|p2|Weavile, M|
|poke|p2|Landorus-Therian, M|
|poke|p2|Zapdos|
|poke|p2|Melmetal|
|poke|p2|Buzzwole|
|teampreview
|inactive|Battle timer is ON: inactive players will automatically lose when time's up. (requested by booby#jelly)
|
|t:|1656096713
|start
|switch|p1a: 300|Bisharp, M, shiny|100/100
|switch|p2a: Buzzwole|Buzzwole|100/100
|turn|1
|j| clflucker
|
|t:|1656096724
|switch|p1a: UwU|Tapu Lele|100/100
|-fieldstart|move: Psychic Terrain|[from] ability: Psychic Surge|[of] p1a: UwU
|move|p2a: Buzzwole|Close Combat|p1a: UwU
|-resisted|p1a: UwU
|-damage|p1a: UwU|60/100
|-unboost|p2a: Buzzwole|def|1
|-unboost|p2a: Buzzwole|spd|1
|
|upkeep
|turn|2
|
|t:|1656096735
|move|p1a: UwU|Moonblast|p2a: Buzzwole
|-supereffective|p2a: Buzzwole
|-damage|p2a: Buzzwole|0 fnt
|faint|p2a: Buzzwole
|
|upkeep
|
|t:|1656096739
|switch|p2a: Melmetal|Melmetal|100/100
|turn|3
|
|t:|1656096745
|switch|p1a: 300|Bisharp, M, shiny|100/100
|move|p2a: Melmetal|Earthquake|p1a: 300
|-supereffective|p1a: 300
|-damage|p1a: 300|18/100
|
|upkeep
|turn|4
|
|t:|1656096751
|move|p1a: 300|Knock Off|p2a: Melmetal
|-damage|p2a: Melmetal|68/100
|-enditem|p2a: Melmetal|Leftovers|[from] move: Knock Off|[of] p1a: 300
|move|p2a: Melmetal|Earthquake|p1a: 300
|-supereffective|p1a: 300
|-damage|p1a: 300|0 fnt
|faint|p1a: 300
|
|upkeep
|
|t:|1656096765
|switch|p1a: oh-fifou|Kommo-o, F, shiny|100/100
|turn|5
|
|t:|1656096770
|switch|p2a: Tapu Fini|Tapu Fini|100/100
|-fieldstart|move: Misty Terrain|[from] ability: Misty Surge|[of] p2a: Tapu Fini
|move|p1a: oh-fifou|Clangorous Soul|p1a: oh-fifou
|-boost|p1a: oh-fifou|atk|1
|-boost|p1a: oh-fifou|def|1
|-boost|p1a: oh-fifou|spa|1
|-boost|p1a: oh-fifou|spd|1
|-boost|p1a: oh-fifou|spe|1
|-damage|p1a: oh-fifou|68/100
|-enditem|p1a: oh-fifou|Throat Spray
|-boost|p1a: oh-fifou|spa|1|[from] item: Throat Spray
|
|upkeep
|turn|6
|
|t:|1656096783
|move|p1a: oh-fifou|Boomburst|p2a: Tapu Fini
|-damage|p2a: Tapu Fini|44/100
|move|p2a: Tapu Fini|Moonblast|p1a: oh-fifou
|-supereffective|p1a: oh-fifou
|-damage|p1a: oh-fifou|0 fnt
|faint|p1a: oh-fifou
|
|-heal|p2a: Tapu Fini|50/100|[from] item: Leftovers
|upkeep
|j| pokeaimfan96
|
|t:|1656096792
|switch|p1a: PITOU|Kartana|100/100
|turn|7
|
|t:|1656096796
|switch|p2a: Melmetal|Melmetal|68/100
|move|p1a: PITOU|Leaf Blade|p2a: Melmetal
|-resisted|p2a: Melmetal
|-damage|p2a: Melmetal|48/100
|-damage|p1a: PITOU|90/100|[from] item: Life Orb
|
|upkeep
|turn|8
|j| Not_Taken_Name637
|
|t:|1656096803
|move|p1a: PITOU|Swords Dance|p1a: PITOU
|-boost|p1a: PITOU|atk|2
|move|p2a: Melmetal|Earthquake|p1a: PITOU
|-damage|p1a: PITOU|51/100
|
|upkeep
|turn|9
|
|t:|1656096813
|switch|p2a: Tapu Fini|Tapu Fini|50/100
|move|p1a: PITOU|Swords Dance|p1a: PITOU
|-boost|p1a: PITOU|atk|2
|
|-heal|p2a: Tapu Fini|57/100|[from] item: Leftovers
|-fieldend|Misty Terrain
|upkeep
|turn|10
|
|t:|1656096820
|move|p1a: PITOU|Leaf Blade|p2a: Tapu Fini
|-supereffective|p2a: Tapu Fini
|-damage|p2a: Tapu Fini|0 fnt
|faint|p2a: Tapu Fini
|-ability|p1a: PITOU|Beast Boost|boost
|-boost|p1a: PITOU|atk|1
|-damage|p1a: PITOU|41/100|[from] item: Life Orb
|
|upkeep
|
|t:|1656096821
|switch|p2a: Weavile|Weavile, M|100/100
|-ability|p2a: Weavile|Pressure
|turn|11
|j| Razayforce
|
|t:|1656096832
|switch|p1a: UwU|Tapu Lele|60/100
|-fieldstart|move: Psychic Terrain|[from] ability: Psychic Surge|[of] p1a: UwU
|move|p2a: Weavile|Knock Off|p1a: UwU
|-damage|p1a: UwU|0 fnt
|-enditem|p1a: UwU|Choice Specs|[from] move: Knock Off|[of] p2a: Weavile
|faint|p1a: UwU
|
|upkeep
|
|t:|1656096840
|switch|p1a: Metroïd|Hawlucha, M|100/100
|-enditem|p1a: Metroïd|Psychic Seed
|-boost|p1a: Metroïd|spd|1|[from] item: Psychic Seed
|turn|12
|
|t:|1656096851
|switch|p2a: Zapdos|Zapdos|100/100
|move|p1a: Metroïd|Swords Dance|p1a: Metroïd
|-boost|p1a: Metroïd|atk|2
|
|upkeep
|turn|13
|
|t:|1656096856
|move|p1a: Metroïd|Stone Edge|p2a: Zapdos
|-supereffective|p2a: Zapdos
|-damage|p2a: Zapdos|0 fnt
|faint|p2a: Zapdos
|
|upkeep
|j| GohannBestPerso
|
|t:|1656096861
|switch|p2a: Landorus|Landorus-Therian, M|100/100
|-ability|p2a: Landorus|Intimidate|boost
|-unboost|p1a: Metroïd|atk|1
|turn|14
|
|t:|1656096865
|switch|p2a: Melmetal|Melmetal|48/100
|move|p1a: Metroïd|Acrobatics|p2a: Melmetal
|-resisted|p2a: Melmetal
|-damage|p2a: Melmetal|26/100
|
|upkeep
|turn|15
|
|t:|1656096874
|move|p1a: Metroïd|Close Combat|p2a: Melmetal
|-supereffective|p2a: Melmetal
|-damage|p2a: Melmetal|0 fnt
|-unboost|p1a: Metroïd|def|1
|-unboost|p1a: Metroïd|spd|1
|faint|p2a: Melmetal
|
|-fieldend|move: Psychic Terrain
|upkeep
|
|t:|1656096875
|switch|p2a: Weavile|Weavile, M|100/100
|-ability|p2a: Weavile|Pressure
|turn|16
|
|t:|1656096883
|move|p2a: Weavile|Ice Shard|p1a: Metroïd
|-supereffective|p1a: Metroïd
|-damage|p1a: Metroïd|0 fnt
|faint|p1a: Metroïd
|
|upkeep
|
|t:|1656096890
|switch|p1a: VTT de COURSE|Volcarona, F, shiny|100/100
|turn|17
|
|t:|1656096896
|switch|p2a: Landorus|Landorus-Therian, M|100/100
|-ability|p2a: Landorus|Intimidate|boost
|-unboost|p1a: VTT de COURSE|atk|1
|move|p1a: VTT de COURSE|Quiver Dance|p1a: VTT de COURSE
|-boost|p1a: VTT de COURSE|spa|1
|-boost|p1a: VTT de COURSE|spd|1
|-boost|p1a: VTT de COURSE|spe|1
|
|upkeep
|turn|18
|
|t:|1656096905
|move|p1a: VTT de COURSE|Flamethrower|p2a: Landorus
|-damage|p2a: Landorus|49/100
|move|p2a: Landorus|Earthquake|p1a: VTT de COURSE
|-damage|p1a: VTT de COURSE|24/100
|
|-heal|p2a: Landorus|55/100|[from] item: Leftovers
|upkeep
|turn|19
|
|t:|1656096916
|move|p1a: VTT de COURSE|Flamethrower|p2a: Landorus
|-damage|p2a: Landorus|3/100
|move|p2a: Landorus|Earthquake|p1a: VTT de COURSE
|-damage|p1a: VTT de COURSE|0 fnt
|faint|p1a: VTT de COURSE
|
|-heal|p2a: Landorus|9/100|[from] item: Leftovers
|upkeep
|c|☆booby#jelly|gg
|c|☆Steve Omelette|gg
|-message|booby#jelly forfeited.
|
|win|Steve Omelette
|raw|booby#jelly's rating: 1797 &rarr; <strong>1782</strong><br />(-15 for losing)
|raw|Steve Omelette's rating: 1881 &rarr; <strong>1896</strong><br />(+15 for winning)
|l|☆booby#jelly
|l|☆Steve Omelette
|l| GohannBestPerso
