|j|☆Batsumi
|j|☆lando expando
|t:|1608930274
|player|p1|Batsumi|skier|1747
|player|p2|lando expando|rocketgrunt|1763
|teamsize|p1|6
|teamsize|p2|6
|gametype|singles
|gen|8
|tier|[Gen 8] OU
|rated|
|clearpoke
|poke|p1|Ferrothorn, M|
|poke|p1|Zapdos|
|poke|p1|Blacephalon|
|poke|p1|Clefable, M|
|poke|p1|Urshifu-*, M|
|poke|p1|Landorus-Therian, M|
|poke|p2|Diggersby, M|
|poke|p2|Tapu Koko|
|poke|p2|Hydreigon, M|
|poke|p2|Heatran, F|
|poke|p2|Slowbro, F|
|poke|p2|Tornadus-Therian, M|
|rule|Sleep Clause Mod: Limit one foe put to sleep
|rule|Species Clause: Limit one of each Pokémon
|rule|OHKO Clause: OHKO moves are banned
|rule|Evasion Moves Clause: Evasion moves are banned
|rule|Endless Battle Clause: Forcing endless battles is banned
|rule|HP Percentage Mod: HP is shown in percentages
|rule|Dynamax Clause: You cannot dynamax
|teampreview
|
|t:|1608930288
|start
|switch|p1a: Ferrothorn|Ferrothorn, M|100/100
|switch|p2a: Tapu Koko|Tapu Koko|100/100
|-fieldstart|move: Electric Terrain|[from] ability: Electric Surge|[of] p2a: Tapu Koko
|turn|1
|j| maluigi3
|
|t:|1608930297
|move|p2a: Tapu Koko|Volt Switch|p1a: Ferrothorn
|-resisted|p1a: Ferrothorn
|-damage|p1a: Ferrothorn|75/100
|
|t:|1608930301
|switch|p2a: Slowbro|Slowbro, F|100/100|[from]move: Volt Switch
|move|p1a: Ferrothorn|Knock Off|p2a: Slowbro
|-supereffective|p2a: Slowbro
|-damage|p2a: Slowbro|76/100
|-damage|p1a: Ferrothorn|59/100|[from] item: Rocky Helmet|[of] p2a: Slowbro
|-enditem|p2a: Slowbro|Rocky Helmet|[from] move: Knock Off|[of] p1a: Ferrothorn
|
|-heal|p1a: Ferrothorn|65/100|[from] item: Leftovers
|upkeep
|turn|2
|j| heatrangoat
|j| Vessev
|
|t:|1608930318
|move|p1a: Ferrothorn|Stealth Rock|p2a: Slowbro
|-sidestart|p2: lando expando|move: Stealth Rock
|move|p2a: Slowbro|Teleport|p2a: Slowbro
|
|t:|1608930321
|switch|p2a: Heatran|Heatran, F|100/100|[from]move: Teleport
|-damage|p2a: Heatran|88/100|[from] Stealth Rock
|
|-heal|p2a: Heatran|94/100|[from] item: Leftovers
|-heal|p1a: Ferrothorn|71/100|[from] item: Leftovers
|upkeep
|turn|3
|j| spacescap
|
|t:|1608930337
|switch|p1a: Urshifu|Urshifu-Rapid-Strike, M|100/100
|move|p2a: Heatran|Magma Storm|p1a: Urshifu
|-resisted|p1a: Urshifu
|-damage|p1a: Urshifu|69/100
|-activate|p1a: Urshifu|move: Magma Storm|[of] p2a: Heatran
|
|-heal|p2a: Heatran|100/100|[from] item: Leftovers
|-damage|p1a: Urshifu|57/100|[from] move: Magma Storm|[partiallytrapped]
|upkeep
|turn|4
|
|t:|1608930346
|switch|p2a: Slowbro|Slowbro, F|100/100
|-damage|p2a: Slowbro|88/100|[from] Stealth Rock
|move|p1a: Urshifu|U-turn|p2a: Slowbro
|-supereffective|p2a: Slowbro
|-damage|p2a: Slowbro|45/100
|
|t:|1608930360
|switch|p1a: Zapdos|Zapdos|100/100|[from]move: U-turn
|
|upkeep
|turn|5
|
|t:|1608930366
|switch|p2a: Hydreigon|Hydreigon, M|100/100
|-damage|p2a: Hydreigon|88/100|[from] Stealth Rock
|move|p1a: Zapdos|Toxic|p2a: Hydreigon
|-status|p2a: Hydreigon|tox
|
|-damage|p2a: Hydreigon|82/100 tox|[from] psn
|-fieldend|move: Electric Terrain
|upkeep
|turn|6
|
|t:|1608930375
|switch|p2a: Tapu Koko|Tapu Koko|100/100
|-damage|p2a: Tapu Koko|88/100|[from] Stealth Rock
|-fieldstart|move: Electric Terrain|[from] ability: Electric Surge|[of] p2a: Tapu Koko
|switch|p1a: Clefable|Clefable, M|100/100
|
|upkeep
|turn|7
|
|t:|1608930387
|move|p2a: Tapu Koko|Thunderbolt|p1a: Clefable
|-crit|p1a: Clefable
|-damage|p1a: Clefable|27/100
|move|p1a: Clefable|Wish|p1a: Clefable
|
|-heal|p1a: Clefable|33/100|[from] item: Leftovers
|upkeep
|turn|8
|
|t:|1608930396
|switch|p2a: Heatran|Heatran, F|100/100
|-damage|p2a: Heatran|88/100|[from] Stealth Rock
|move|p1a: Clefable|Protect||[still]
|-fail|p1a: Clefable
|
|-heal|p1a: Clefable|83/100|[from] move: Wish|[wisher] Clefable
|-heal|p2a: Heatran|94/100|[from] item: Leftovers
|-heal|p1a: Clefable|90/100|[from] item: Leftovers
|upkeep
|turn|9
|
|t:|1608930409
|move|p2a: Heatran|Stealth Rock|p1a: Clefable
|-sidestart|p1: Batsumi|move: Stealth Rock
|move|p1a: Clefable|Wish|p1a: Clefable
|
|-heal|p2a: Heatran|100/100|[from] item: Leftovers
|-heal|p1a: Clefable|96/100|[from] item: Leftovers
|upkeep
|turn|10
|
|t:|1608930416
|move|p2a: Heatran|Taunt|p1a: Clefable
|-start|p1a: Clefable|move: Taunt
|cant|p1a: Clefable|move: Taunt|Teleport
|
|-heal|p1a: Clefable|100/100|[from] move: Wish|[wisher] Clefable
|-fieldend|move: Electric Terrain
|upkeep
|turn|11
|
|t:|1608930422
|move|p2a: Heatran|Magma Storm|p1a: Clefable
|-damage|p1a: Clefable|74/100
|-activate|p1a: Clefable|move: Magma Storm|[of] p2a: Heatran
|move|p1a: Clefable|Moonblast|p2a: Heatran
|-resisted|p2a: Heatran
|-damage|p2a: Heatran|95/100
|
|-heal|p2a: Heatran|100/100|[from] item: Leftovers
|-heal|p1a: Clefable|80/100|[from] item: Leftovers
|upkeep
|turn|12
|
|t:|1608930431
|move|p2a: Heatran|Earth Power|p1a: Clefable
|-damage|p1a: Clefable|62/100
|move|p1a: Clefable|Moonblast|p2a: Heatran
|-resisted|p2a: Heatran
|-damage|p2a: Heatran|95/100
|
|-heal|p2a: Heatran|100/100|[from] item: Leftovers
|-heal|p1a: Clefable|68/100|[from] item: Leftovers
|-end|p1a: Clefable|move: Taunt
|upkeep
|turn|13
|
|t:|1608930440
|move|p1a: Clefable|Protect|p1a: Clefable
|-singleturn|p1a: Clefable|Protect
|move|p2a: Heatran|Taunt|p1a: Clefable
|-activate|p1a: Clefable|move: Protect
|
|-heal|p1a: Clefable|74/100|[from] item: Leftovers
|upkeep
|turn|14
|
|t:|1608930447
|move|p2a: Heatran|Earth Power|p1a: Clefable
|-damage|p1a: Clefable|58/100
|move|p1a: Clefable|Moonblast|p2a: Heatran
|-resisted|p2a: Heatran
|-damage|p2a: Heatran|96/100
|
|-heal|p2a: Heatran|100/100|[from] item: Leftovers
|-heal|p1a: Clefable|64/100|[from] item: Leftovers
|upkeep
|turn|15
|
|t:|1608930456
|move|p1a: Clefable|Protect|p1a: Clefable
|-singleturn|p1a: Clefable|Protect
|move|p2a: Heatran|Taunt|p1a: Clefable
|-activate|p1a: Clefable|move: Protect
|
|-heal|p1a: Clefable|70/100|[from] item: Leftovers
|-end|p1a: Clefable|Magma Storm|[partiallytrapped]
|upkeep
|turn|16
|
|t:|1608930463
|move|p2a: Heatran|Magma Storm|p1a: Clefable
|-damage|p1a: Clefable|43/100
|-activate|p1a: Clefable|move: Magma Storm|[of] p2a: Heatran
|move|p1a: Clefable|Wish|p1a: Clefable
|
|-heal|p1a: Clefable|49/100|[from] item: Leftovers
|upkeep
|turn|17
|
|t:|1608930469
|move|p2a: Heatran|Earth Power|p1a: Clefable
|-damage|p1a: Clefable|30/100
|move|p1a: Clefable|Moonblast|p2a: Heatran
|-resisted|p2a: Heatran
|-damage|p2a: Heatran|95/100
|
|-heal|p1a: Clefable|80/100|[from] move: Wish|[wisher] Clefable
|-heal|p2a: Heatran|100/100|[from] item: Leftovers
|-heal|p1a: Clefable|86/100|[from] item: Leftovers
|upkeep
|turn|18
|
|t:|1608930480
|move|p1a: Clefable|Protect|p1a: Clefable
|-singleturn|p1a: Clefable|Protect
|move|p2a: Heatran|Earth Power|p1a: Clefable
|-activate|p1a: Clefable|move: Protect
|
|-heal|p1a: Clefable|92/100|[from] item: Leftovers
|upkeep
|turn|19
|
|t:|1608930486
|move|p2a: Heatran|Taunt|p1a: Clefable
|-start|p1a: Clefable|move: Taunt
|move|p1a: Clefable|Moonblast|p2a: Heatran
|-resisted|p2a: Heatran
|-damage|p2a: Heatran|95/100
|
|-heal|p2a: Heatran|100/100|[from] item: Leftovers
|-heal|p1a: Clefable|98/100|[from] item: Leftovers
|upkeep
|turn|20
|
|t:|1608930495
|move|p2a: Heatran|Earth Power|p1a: Clefable
|-damage|p1a: Clefable|79/100
|-unboost|p1a: Clefable|spd|1
|move|p1a: Clefable|Moonblast|p2a: Heatran
|-resisted|p2a: Heatran
|-crit|p2a: Heatran
|-damage|p2a: Heatran|92/100
|
|-heal|p2a: Heatran|98/100|[from] item: Leftovers
|-heal|p1a: Clefable|86/100|[from] item: Leftovers
|upkeep
|turn|21
|
|t:|1608930504
|move|p2a: Heatran|Magma Storm|p1a: Clefable
|-damage|p1a: Clefable|41/100
|move|p1a: Clefable|Moonblast|p2a: Heatran
|-resisted|p2a: Heatran
|-damage|p2a: Heatran|93/100
|
|-heal|p2a: Heatran|99/100|[from] item: Leftovers
|-heal|p1a: Clefable|47/100|[from] item: Leftovers
|-end|p1a: Clefable|Magma Storm|[partiallytrapped]
|-end|p1a: Clefable|move: Taunt
|upkeep
|turn|22
|
|t:|1608930514
|move|p1a: Clefable|Protect|p1a: Clefable
|-singleturn|p1a: Clefable|Protect
|move|p2a: Heatran|Taunt|p1a: Clefable
|-activate|p1a: Clefable|move: Protect
|
|-heal|p2a: Heatran|100/100|[from] item: Leftovers
|-heal|p1a: Clefable|54/100|[from] item: Leftovers
|upkeep
|turn|23
|
|t:|1608930522
|move|p2a: Heatran|Magma Storm|p1a: Clefable|[miss]
|-miss|p2a: Heatran|p1a: Clefable
|move|p1a: Clefable|Wish|p1a: Clefable
|
|-heal|p1a: Clefable|60/100|[from] item: Leftovers
|upkeep
|turn|24
|
|t:|1608930528
|switch|p2a: Diggersby|Diggersby, M|100/100
|-damage|p2a: Diggersby|94/100|[from] Stealth Rock
|move|p1a: Clefable|Moonblast|p2a: Diggersby
|-damage|p2a: Diggersby|55/100
|
|-heal|p1a: Clefable|100/100|[from] move: Wish|[wisher] Clefable
|upkeep
|turn|25
|
|t:|1608930538
|switch|p1a: Landorus|Landorus-Therian, M|100/100
|-damage|p1a: Landorus|88/100|[from] Stealth Rock
|-ability|p1a: Landorus|Intimidate|boost
|-unboost|p2a: Diggersby|atk|1
|move|p2a: Diggersby|Mega Kick|p1a: Landorus
|-damage|p1a: Landorus|27/100
|
|-heal|p1a: Landorus|33/100|[from] item: Leftovers
|upkeep
|turn|26
|
|t:|1608930548
|switch|p2a: Tornadus|Tornadus-Therian, M|100/100
|move|p1a: Landorus|Knock Off|p2a: Tornadus
|-damage|p2a: Tornadus|59/100
|-enditem|p2a: Tornadus|Heavy-Duty Boots|[from] move: Knock Off|[of] p1a: Landorus
|
|-heal|p1a: Landorus|39/100|[from] item: Leftovers
|upkeep
|turn|27
|
|t:|1608930558
|switch|p1a: Zapdos|Zapdos|100/100
|move|p2a: Tornadus|Knock Off|p1a: Zapdos
|-damage|p1a: Zapdos|80/100
|-enditem|p1a: Zapdos|Heavy-Duty Boots|[from] move: Knock Off|[of] p2a: Tornadus
|
|upkeep
|turn|28
|
|t:|1608930573
|switch|p2a: Heatran|Heatran, F|100/100
|-damage|p2a: Heatran|88/100|[from] Stealth Rock
|move|p1a: Zapdos|Thunderbolt|p2a: Heatran
|-damage|p2a: Heatran|55/100
|
|-heal|p2a: Heatran|61/100|[from] item: Leftovers
|upkeep
|turn|29
|
|t:|1608930583
|switch|p1a: Clefable|Clefable, M|100/100
|move|p2a: Heatran|Magma Storm|p1a: Clefable
|-damage|p1a: Clefable|72/100
|-activate|p1a: Clefable|move: Magma Storm|[of] p2a: Heatran
|
|-heal|p2a: Heatran|67/100|[from] item: Leftovers
|-heal|p1a: Clefable|78/100|[from] item: Leftovers
|upkeep
|turn|30
|
|t:|1608930595
|switch|p2a: Diggersby|Diggersby, M|55/100
|-damage|p2a: Diggersby|48/100|[from] Stealth Rock
|move|p1a: Clefable|Protect||[still]
|-fail|p1a: Clefable
|
|-heal|p1a: Clefable|84/100|[from] item: Leftovers
|-end|p1a: Clefable|Magma Storm|[partiallytrapped]|[silent]
|upkeep
|turn|31
|
|t:|1608930602
|move|p1a: Clefable|Protect|p1a: Clefable
|-singleturn|p1a: Clefable|Protect
|move|p2a: Diggersby|Mega Kick|p1a: Clefable
|-activate|p1a: Clefable|move: Protect
|
|-heal|p1a: Clefable|90/100|[from] item: Leftovers
|upkeep
|turn|32
|
|t:|1608930634
|switch|p1a: Blacephalon|Blacephalon, shiny|100/100
|-damage|p1a: Blacephalon|76/100|[from] Stealth Rock
|move|p2a: Diggersby|Mega Kick|p1a: Blacephalon
|-immune|p1a: Blacephalon
|
|upkeep
|turn|33
|
|t:|1608930648
|switch|p1a: Clefable|Clefable, M|90/100
|switch|p2a: Heatran|Heatran, F|67/100
|-damage|p2a: Heatran|55/100|[from] Stealth Rock
|
|-heal|p2a: Heatran|61/100|[from] item: Leftovers
|-heal|p1a: Clefable|96/100|[from] item: Leftovers
|upkeep
|turn|34
|
|t:|1608930657
|move|p2a: Heatran|Taunt|p1a: Clefable
|-start|p1a: Clefable|move: Taunt
|cant|p1a: Clefable|move: Taunt|Wish
|
|-heal|p2a: Heatran|67/100|[from] item: Leftovers
|-heal|p1a: Clefable|100/100|[from] item: Leftovers
|upkeep
|turn|35
|
|t:|1608930663
|move|p2a: Heatran|Earth Power|p1a: Clefable
|-damage|p1a: Clefable|82/100
|move|p1a: Clefable|Moonblast|p2a: Heatran
|-resisted|p2a: Heatran
|-damage|p2a: Heatran|62/100
|
|-heal|p2a: Heatran|68/100|[from] item: Leftovers
|-heal|p1a: Clefable|88/100|[from] item: Leftovers
|upkeep
|turn|36
|
|t:|1608930672
|move|p2a: Heatran|Earth Power|p1a: Clefable
|-damage|p1a: Clefable|70/100
|-unboost|p1a: Clefable|spd|1
|move|p1a: Clefable|Moonblast|p2a: Heatran
|-resisted|p2a: Heatran
|-damage|p2a: Heatran|63/100
|-unboost|p2a: Heatran|spa|1
|
|-heal|p2a: Heatran|69/100|[from] item: Leftovers
|-heal|p1a: Clefable|76/100|[from] item: Leftovers
|-end|p1a: Clefable|move: Taunt
|upkeep
|turn|37
|l| maluigi3
|
|t:|1608930685
|move|p1a: Clefable|Protect|p1a: Clefable
|-singleturn|p1a: Clefable|Protect
|move|p2a: Heatran|Taunt|p1a: Clefable
|-activate|p1a: Clefable|move: Protect
|
|-heal|p2a: Heatran|75/100|[from] item: Leftovers
|-heal|p1a: Clefable|82/100|[from] item: Leftovers
|upkeep
|turn|38
|
|t:|1608930699
|move|p2a: Heatran|Earth Power|p1a: Clefable
|-damage|p1a: Clefable|66/100
|move|p1a: Clefable|Wish|p1a: Clefable
|
|-heal|p2a: Heatran|81/100|[from] item: Leftovers
|-heal|p1a: Clefable|72/100|[from] item: Leftovers
|upkeep
|turn|39
|
|t:|1608930706
|switch|p2a: Tapu Koko|Tapu Koko|88/100
|-damage|p2a: Tapu Koko|76/100|[from] Stealth Rock
|-fieldstart|move: Electric Terrain|[from] ability: Electric Surge|[of] p2a: Tapu Koko
|move|p1a: Clefable|Moonblast|p2a: Tapu Koko
|-damage|p2a: Tapu Koko|26/100
|
|-heal|p1a: Clefable|100/100|[from] move: Wish|[wisher] Clefable
|upkeep
|turn|40
|
|t:|1608930717
|move|p1a: Clefable|Protect|p1a: Clefable
|-singleturn|p1a: Clefable|Protect
|move|p2a: Tapu Koko|Volt Switch|p1a: Clefable
|-activate|p1a: Clefable|move: Protect
|
|upkeep
|turn|41
|
|t:|1608930723
|switch|p1a: Landorus|Landorus-Therian, M|39/100
|-damage|p1a: Landorus|27/100|[from] Stealth Rock
|-ability|p1a: Landorus|Intimidate|boost
|-unboost|p2a: Tapu Koko|atk|1
|move|p2a: Tapu Koko|Volt Switch|p1a: Landorus
|-immune|p1a: Landorus
|
|-heal|p1a: Landorus|33/100|[from] item: Leftovers
|upkeep
|turn|42
|
|t:|1608930739
|switch|p2a: Tornadus|Tornadus-Therian, M|92/100
|-damage|p2a: Tornadus|67/100|[from] Stealth Rock
|move|p1a: Landorus|U-turn|p2a: Tornadus
|-resisted|p2a: Tornadus
|-damage|p2a: Tornadus|54/100
|
|t:|1608930749
|switch|p1a: Zapdos|Zapdos|80/100|[from]move: U-turn
|-damage|p1a: Zapdos|55/100|[from] Stealth Rock
|
|upkeep
|turn|43
|
|t:|1608930757
|switch|p2a: Heatran|Heatran, F|81/100
|-damage|p2a: Heatran|69/100|[from] Stealth Rock
|move|p1a: Zapdos|Roost|p1a: Zapdos
|-heal|p1a: Zapdos|100/100
|-singleturn|p1a: Zapdos|move: Roost
|
|-heal|p2a: Heatran|75/100|[from] item: Leftovers
|-fieldend|move: Electric Terrain
|upkeep
|turn|44
|
|t:|1608930767
|switch|p1a: Clefable|Clefable, M|100/100
|move|p2a: Heatran|Magma Storm|p1a: Clefable
|-damage|p1a: Clefable|69/100
|-activate|p1a: Clefable|move: Magma Storm|[of] p2a: Heatran
|
|-heal|p2a: Heatran|81/100|[from] item: Leftovers
|-heal|p1a: Clefable|75/100|[from] item: Leftovers
|upkeep
|turn|45
|
|t:|1608930775
|move|p1a: Clefable|Protect|p1a: Clefable
|-singleturn|p1a: Clefable|Protect
|move|p2a: Heatran|Taunt|p1a: Clefable
|-activate|p1a: Clefable|move: Protect
|
|-heal|p2a: Heatran|88/100|[from] item: Leftovers
|-heal|p1a: Clefable|81/100|[from] item: Leftovers
|upkeep
|turn|46
|
|t:|1608930785
|move|p2a: Heatran|Taunt|p1a: Clefable
|-start|p1a: Clefable|move: Taunt
|cant|p1a: Clefable|move: Taunt|Wish
|
|-heal|p2a: Heatran|94/100|[from] item: Leftovers
|-heal|p1a: Clefable|88/100|[from] item: Leftovers
|upkeep
|turn|47
|
|t:|1608930791
|move|p2a: Heatran|Earth Power|p1a: Clefable
|-damage|p1a: Clefable|71/100
|move|p1a: Clefable|Moonblast|p2a: Heatran
|-resisted|p2a: Heatran
|-damage|p2a: Heatran|88/100
|
|-heal|p2a: Heatran|95/100|[from] item: Leftovers
|-heal|p1a: Clefable|77/100|[from] item: Leftovers
|upkeep
|turn|48
|
|t:|1608930800
|move|p2a: Heatran|Earth Power|p1a: Clefable
|-damage|p1a: Clefable|61/100
|-unboost|p1a: Clefable|spd|1
|move|p1a: Clefable|Moonblast|p2a: Heatran
|-resisted|p2a: Heatran
|-damage|p2a: Heatran|89/100
|
|-heal|p2a: Heatran|95/100|[from] item: Leftovers
|-heal|p1a: Clefable|67/100|[from] item: Leftovers
|-end|p1a: Clefable|Magma Storm|[partiallytrapped]
|-end|p1a: Clefable|move: Taunt
|upkeep
|turn|49
|
|t:|1608930812
|move|p2a: Heatran|Taunt|p1a: Clefable
|-start|p1a: Clefable|move: Taunt
|cant|p1a: Clefable|move: Taunt|Wish
|
|-heal|p2a: Heatran|100/100|[from] item: Leftovers
|-heal|p1a: Clefable|73/100|[from] item: Leftovers
|upkeep
|turn|50
|
|t:|1608930819
|move|p2a: Heatran|Earth Power|p1a: Clefable
|-damage|p1a: Clefable|46/100
|move|p1a: Clefable|Moonblast|p2a: Heatran
|-resisted|p2a: Heatran
|-damage|p2a: Heatran|95/100
|
|-heal|p2a: Heatran|100/100|[from] item: Leftovers
|-heal|p1a: Clefable|52/100|[from] item: Leftovers
|upkeep
|turn|51
|
|t:|1608930829
|move|p2a: Heatran|Earth Power|p1a: Clefable
|-damage|p1a: Clefable|27/100
|-unboost|p1a: Clefable|spd|1
|move|p1a: Clefable|Moonblast|p2a: Heatran
|-resisted|p2a: Heatran
|-damage|p2a: Heatran|95/100
|
|-heal|p2a: Heatran|100/100|[from] item: Leftovers
|-heal|p1a: Clefable|33/100|[from] item: Leftovers
|-end|p1a: Clefable|move: Taunt
|upkeep
|turn|52
|
|t:|1608930840
|move|p1a: Clefable|Protect|p1a: Clefable
|-singleturn|p1a: Clefable|Protect
|move|p2a: Heatran|Earth Power|p1a: Clefable
|-activate|p1a: Clefable|move: Protect
|
|-heal|p1a: Clefable|39/100|[from] item: Leftovers
|upkeep
|turn|53
|
|t:|1608930850
|switch|p1a: Landorus|Landorus-Therian, M|33/100
|-damage|p1a: Landorus|20/100|[from] Stealth Rock
|-ability|p1a: Landorus|Intimidate|boost
|-unboost|p2a: Heatran|atk|1
|move|p2a: Heatran|Magma Storm|p1a: Landorus
|-damage|p1a: Landorus|0 fnt
|faint|p1a: Landorus
|
|upkeep
|
|t:|1608930858
|switch|p1a: Ferrothorn|Ferrothorn, M|71/100
|-damage|p1a: Ferrothorn|65/100|[from] Stealth Rock
|turn|54
|
|t:|1608930865
|move|p2a: Heatran|Earth Power|p1a: Ferrothorn
|-damage|p1a: Ferrothorn|41/100
|move|p1a: Ferrothorn|Knock Off|p2a: Heatran
|-damage|p2a: Heatran|83/100
|-enditem|p2a: Heatran|Leftovers|[from] move: Knock Off|[of] p1a: Ferrothorn
|
|-heal|p1a: Ferrothorn|47/100|[from] item: Leftovers
|upkeep
|turn|55
|
|t:|1608930873
|move|p2a: Heatran|Earth Power|p1a: Ferrothorn
|-damage|p1a: Ferrothorn|26/100
|move|p1a: Ferrothorn|Leech Seed|p2a: Heatran
|-start|p2a: Heatran|move: Leech Seed
|
|-heal|p1a: Ferrothorn|32/100|[from] item: Leftovers
|-damage|p2a: Heatran|71/100|[from] Leech Seed|[of] p1a: Ferrothorn
|-heal|p1a: Ferrothorn|47/100|[silent]
|upkeep
|turn|56
|
|t:|1608930882
|switch|p2a: Slowbro|Slowbro, F|78/100
|-damage|p2a: Slowbro|66/100|[from] Stealth Rock
|move|p1a: Ferrothorn|Leech Seed|p2a: Slowbro
|-start|p2a: Slowbro|move: Leech Seed
|
|-heal|p1a: Ferrothorn|53/100|[from] item: Leftovers
|-damage|p2a: Slowbro|53/100|[from] Leech Seed|[of] p1a: Ferrothorn
|-heal|p1a: Ferrothorn|69/100|[silent]
|upkeep
|turn|57
|j| AttackonSamurott
|
|t:|1608930899
|move|p1a: Ferrothorn|Protect|p1a: Ferrothorn
|-singleturn|p1a: Ferrothorn|Protect
|move|p2a: Slowbro|Teleport|p2a: Slowbro
|
|t:|1608930904
|switch|p2a: Tornadus|Tornadus-Therian, M|88/100|[from]move: Teleport
|-damage|p2a: Tornadus|63/100|[from] Stealth Rock
|
|-heal|p1a: Ferrothorn|75/100|[from] item: Leftovers
|upkeep
|turn|58
|
|t:|1608930910
|switch|p1a: Zapdos|Zapdos|100/100
|-damage|p1a: Zapdos|76/100|[from] Stealth Rock
|move|p2a: Tornadus|Knock Off|p1a: Zapdos
|-damage|p1a: Zapdos|62/100
|-status|p2a: Tornadus|par|[from] ability: Static|[of] p1a: Zapdos
|
|upkeep
|turn|59
|j| Splitfoow
|
|t:|1608930918
|switch|p2a: Hydreigon|Hydreigon, M|82/100 tox
|-damage|p2a: Hydreigon|70/100 tox|[from] Stealth Rock
|move|p1a: Zapdos|Roost|p1a: Zapdos
|-heal|p1a: Zapdos|100/100
|-singleturn|p1a: Zapdos|move: Roost
|
|-damage|p2a: Hydreigon|64/100 tox|[from] psn
|upkeep
|turn|60
|
|t:|1608930932
|switch|p1a: Clefable|Clefable, M|39/100
|move|p2a: Hydreigon|Nasty Plot|p2a: Hydreigon
|-boost|p2a: Hydreigon|spa|2
|
|-heal|p1a: Clefable|45/100|[from] item: Leftovers
|-damage|p2a: Hydreigon|51/100 tox|[from] psn
|upkeep
|turn|61
|
|t:|1608930941
|move|p1a: Clefable|Protect|p1a: Clefable
|-singleturn|p1a: Clefable|Protect
|move|p2a: Hydreigon|Roost|p2a: Hydreigon
|-heal|p2a: Hydreigon|100/100 tox
|-singleturn|p2a: Hydreigon|move: Roost
|
|-heal|p1a: Clefable|52/100|[from] item: Leftovers
|-damage|p2a: Hydreigon|82/100 tox|[from] psn
|upkeep
|turn|62
|
|t:|1608930957
|switch|p1a: Ferrothorn|Ferrothorn, M|75/100
|-damage|p1a: Ferrothorn|69/100|[from] Stealth Rock
|move|p2a: Hydreigon|Earth Power|p1a: Ferrothorn
|-damage|p1a: Ferrothorn|0 fnt
|-damage|p2a: Hydreigon|72/100 tox|[from] item: Life Orb
|faint|p1a: Ferrothorn
|
|-damage|p2a: Hydreigon|48/100 tox|[from] psn
|upkeep
|
|t:|1608930969
|switch|p1a: Clefable|Clefable, M|52/100
|turn|63
|
|t:|1608930974
|move|p2a: Hydreigon|Earth Power|p1a: Clefable
|-damage|p1a: Clefable|1/100
|-damage|p2a: Hydreigon|38/100 tox|[from] item: Life Orb
|move|p1a: Clefable|Wish|p1a: Clefable
|
|-heal|p1a: Clefable|7/100|[from] item: Leftovers
|-damage|p2a: Hydreigon|7/100 tox|[from] psn
|upkeep
|turn|64
|
|t:|1608930984
|switch|p2a: Diggersby|Diggersby, M|48/100
|-damage|p2a: Diggersby|42/100|[from] Stealth Rock
|move|p1a: Clefable|Protect||[still]
|-fail|p1a: Clefable
|
|-heal|p1a: Clefable|57/100|[from] move: Wish|[wisher] Clefable
|-heal|p1a: Clefable|63/100|[from] item: Leftovers
|upkeep
|turn|65
|
|t:|1608930995
|move|p1a: Clefable|Protect|p1a: Clefable
|-singleturn|p1a: Clefable|Protect
|move|p2a: Diggersby|Mega Kick|p1a: Clefable
|-activate|p1a: Clefable|move: Protect
|
|-heal|p1a: Clefable|69/100|[from] item: Leftovers
|upkeep
|turn|66
|
|t:|1608931005
|switch|p1a: Blacephalon|Blacephalon, shiny|76/100
|-damage|p1a: Blacephalon|51/100|[from] Stealth Rock
|move|p2a: Diggersby|Mega Kick|p1a: Blacephalon
|-immune|p1a: Blacephalon
|
|upkeep
|turn|67
|
|t:|1608931023
|switch|p1a: Urshifu|Urshifu-Rapid-Strike, M|57/100
|-damage|p1a: Urshifu|50/100|[from] Stealth Rock
|switch|p2a: Heatran|Heatran, F|71/100
|-damage|p2a: Heatran|59/100|[from] Stealth Rock
|
|upkeep
|turn|68
|j| Galacman
|
|t:|1608931031
|switch|p2a: Slowbro|Slowbro, F|87/100
|-damage|p2a: Slowbro|74/100|[from] Stealth Rock
|move|p1a: Urshifu|Surging Strikes|p2a: Slowbro
|-resisted|p2a: Slowbro
|-crit|p2a: Slowbro
|-damage|p2a: Slowbro|65/100
|-resisted|p2a: Slowbro
|-crit|p2a: Slowbro
|-damage|p2a: Slowbro|55/100
|-resisted|p2a: Slowbro
|-crit|p2a: Slowbro
|-damage|p2a: Slowbro|46/100
|-hitcount|p2a: Slowbro|3
|
|upkeep
|turn|69
|l| Galacman
|
|t:|1608931047
|switch|p1a: Clefable|Clefable, M|69/100
|move|p2a: Slowbro|Future Sight|p1a: Clefable
|-start|p2a: Slowbro|move: Future Sight
|
|-heal|p1a: Clefable|75/100|[from] item: Leftovers
|upkeep
|turn|70
|
|t:|1608931053
|move|p1a: Clefable|Wish|p1a: Clefable
|move|p2a: Slowbro|Teleport|p2a: Slowbro
|
|t:|1608931070
|switch|p2a: Diggersby|Diggersby, M|42/100|[from]move: Teleport
|-damage|p2a: Diggersby|36/100|[from] Stealth Rock
|
|-heal|p1a: Clefable|81/100|[from] item: Leftovers
|upkeep
|turn|71
|
|t:|1608931082
|move|p1a: Clefable|Protect|p1a: Clefable
|-singleturn|p1a: Clefable|Protect
|move|p2a: Diggersby|Mega Kick|p1a: Clefable
|-activate|p1a: Clefable|move: Protect
|
|-end|p1a: Clefable|move: Future Sight
|-damage|p1a: Clefable|52/100
|-heal|p1a: Clefable|100/100|[from] move: Wish|[wisher] Clefable
|upkeep
|turn|72
|
|t:|1608931095
|switch|p2a: Heatran|Heatran, F|59/100
|-damage|p2a: Heatran|46/100|[from] Stealth Rock
|move|p1a: Clefable|Wish|p1a: Clefable
|
|upkeep
|turn|73
|
|t:|1608931102
|move|p2a: Heatran|Earth Power|p1a: Clefable
|-damage|p1a: Clefable|84/100
|move|p1a: Clefable|Teleport|p1a: Clefable
|
|t:|1608931106
|switch|p1a: Urshifu|Urshifu-Rapid-Strike, M|50/100|[from]move: Teleport
|-damage|p1a: Urshifu|44/100|[from] Stealth Rock
|
|-heal|p1a: Urshifu|100/100|[from] move: Wish|[wisher] Clefable
|upkeep
|turn|74
|
|t:|1608931116
|move|p1a: Urshifu|U-turn|p2a: Heatran
|-resisted|p2a: Heatran
|-damage|p2a: Heatran|39/100
|
|t:|1608931122
|switch|p1a: Clefable|Clefable, M|84/100|[from]move: U-turn
|move|p2a: Heatran|Stealth Rock||[still]
|-fail|p2a: Heatran
|
|-heal|p1a: Clefable|90/100|[from] item: Leftovers
|upkeep
|turn|75
|
|t:|1608931130
|move|p2a: Heatran|Taunt|p1a: Clefable
|-start|p1a: Clefable|move: Taunt
|cant|p1a: Clefable|move: Taunt|Wish
|
|-heal|p1a: Clefable|96/100|[from] item: Leftovers
|upkeep
|turn|76
|
|t:|1608931137
|switch|p2a: Slowbro|Slowbro, F|80/100
|-damage|p2a: Slowbro|67/100|[from] Stealth Rock
|switch|p1a: Urshifu|Urshifu-Rapid-Strike, M|100/100
|-damage|p1a: Urshifu|94/100|[from] Stealth Rock
|
|upkeep
|turn|77
|
|t:|1608931144
|move|p1a: Urshifu|U-turn|p2a: Slowbro
|-supereffective|p2a: Slowbro
|-damage|p2a: Slowbro|21/100
|
|t:|1608931148
|switch|p1a: Zapdos|Zapdos|100/100|[from]move: U-turn
|-damage|p1a: Zapdos|76/100|[from] Stealth Rock
|move|p2a: Slowbro|Teleport|p2a: Slowbro
|
|t:|1608931159
|switch|p2a: Tapu Koko|Tapu Koko|26/100|[from]move: Teleport
|-damage|p2a: Tapu Koko|14/100|[from] Stealth Rock
|-fieldstart|move: Electric Terrain|[from] ability: Electric Surge|[of] p2a: Tapu Koko
|
|upkeep
|turn|78
|
|t:|1608931169
|move|p2a: Tapu Koko|Thunderbolt|p1a: Zapdos
|-damage|p1a: Zapdos|6/100
|move|p1a: Zapdos|Roost|p1a: Zapdos
|-heal|p1a: Zapdos|56/100
|-singleturn|p1a: Zapdos|move: Roost
|
|upkeep
|turn|79
|l| AttackonSamurott
|
|t:|1608931194
|move|p2a: Tapu Koko|Thunderbolt|p1a: Zapdos
|-damage|p1a: Zapdos|0 fnt
|faint|p1a: Zapdos
|
|upkeep
|
|t:|1608931198
|switch|p1a: Clefable|Clefable, M|96/100
|turn|80
|
|t:|1608931206
|switch|p2a: Tornadus|Tornadus-Therian, M|96/100 par
|-damage|p2a: Tornadus|71/100 par|[from] Stealth Rock
|move|p1a: Clefable|Moonblast|p2a: Tornadus
|-damage|p2a: Tornadus|40/100 par
|
|-heal|p1a: Clefable|100/100|[from] item: Leftovers
|upkeep
|turn|81
|
|t:|1608931214
|move|p2a: Tornadus|Knock Off|p1a: Clefable
|-resisted|p1a: Clefable
|-damage|p1a: Clefable|89/100
|-enditem|p1a: Clefable|Leftovers|[from] move: Knock Off|[of] p2a: Tornadus
|move|p1a: Clefable|Wish|p1a: Clefable
|
|-fieldend|move: Electric Terrain
|upkeep
|turn|82
|
|t:|1608931223
|move|p2a: Tornadus|Defog|p1a: Clefable
|-unboost|p1a: Clefable|evasion|1
|-sideend|p1: Batsumi|Stealth Rock|[from] move: Defog|[of] p2a: Tornadus
|-sideend|p2: lando expando|Stealth Rock|[from] move: Defog|[of] p2a: Tornadus
|move|p1a: Clefable|Teleport|p1a: Clefable
|
|t:|1608931227
|switch|p1a: Blacephalon|Blacephalon, shiny|51/100|[from]move: Teleport
|
|-heal|p1a: Blacephalon|100/100|[from] move: Wish|[wisher] Clefable
|upkeep
|turn|83
|j| Dialkia89
|l| heatrangoat
|
|t:|1608931252
|switch|p2a: Hydreigon|Hydreigon, M|7/100 tox
|move|p1a: Blacephalon|Shadow Ball|p2a: Hydreigon
|-resisted|p2a: Hydreigon
|-damage|p2a: Hydreigon|0 fnt
|faint|p2a: Hydreigon
|-ability|p1a: Blacephalon|Beast Boost|boost
|-boost|p1a: Blacephalon|spa|1
|
|upkeep
|
|t:|1608931256
|switch|p2a: Diggersby|Diggersby, M|36/100
|turn|84
|
|t:|1608931261
|switch|p1a: Clefable|Clefable, M|89/100
|move|p2a: Diggersby|Earthquake|p1a: Clefable
|-crit|p1a: Clefable
|-damage|p1a: Clefable|0 fnt
|faint|p1a: Clefable
|
|upkeep
|
|t:|1608931268
|switch|p1a: Urshifu|Urshifu-Rapid-Strike, M|94/100
|turn|85
|
|t:|1608931277
|switch|p2a: Tornadus|Tornadus-Therian, M|73/100 par
|move|p1a: Urshifu|Surging Strikes|p2a: Tornadus
|-crit|p2a: Tornadus
|-damage|p2a: Tornadus|38/100 par
|-crit|p2a: Tornadus
|-damage|p2a: Tornadus|4/100 par
|-crit|p2a: Tornadus
|-damage|p2a: Tornadus|0 fnt
|-hitcount|p2a: Tornadus|3
|faint|p2a: Tornadus
|
|upkeep
|
|t:|1608931283
|switch|p2a: Tapu Koko|Tapu Koko|14/100
|-fieldstart|move: Electric Terrain|[from] ability: Electric Surge|[of] p2a: Tapu Koko
|turn|86
|
|t:|1608931297
|switch|p1a: Blacephalon|Blacephalon, shiny|100/100
|move|p2a: Tapu Koko|Thunderbolt|p1a: Blacephalon
|-damage|p1a: Blacephalon|0 fnt
|faint|p1a: Blacephalon
|
|upkeep
|
|t:|1608931303
|switch|p1a: Urshifu|Urshifu-Rapid-Strike, M|94/100
|turn|87
|c|☆lando expando|finally that clef was annoying :/
|c|☆lando expando|ggs
|
|t:|1608931315
|switch|p2a: Heatran|Heatran, F|39/100
|move|p1a: Urshifu|Aqua Jet|p2a: Heatran
|-supereffective|p2a: Heatran
|-damage|p2a: Heatran|0 fnt
|faint|p2a: Heatran
|
|upkeep
|
|t:|1608931320
|switch|p2a: Slowbro|Slowbro, F|54/100
|turn|88
|
|t:|1608931322
|move|p1a: Urshifu|Aqua Jet|p2a: Slowbro
|-resisted|p2a: Slowbro
|-damage|p2a: Slowbro|45/100
|move|p2a: Slowbro|Slack Off|p2a: Slowbro
|-heal|p2a: Slowbro|95/100
|
|upkeep
|turn|89
|-message|Batsumi forfeited.
|
|win|lando expando
|l|☆Batsumi
|l|☆lando expando
|raw|Batsumi's rating: 1747 &rarr; <strong>1728</strong><br />(-19 for losing)
|raw|lando expando's rating: 1763 &rarr; <strong>1782</strong><br />(+19 for winning)
|j|☆lando expando
|player|p2|lando expando|rocketgrunt
|l|☆lando expando
|player|p2|
