|j|☆jnjlkmol
|j|☆PQPP214
|t:|1645506150
|gametype|singles
|player|p1|jnjlkmol|hiker-gen4|1419
|player|p2|PQPP214|266|1449
|teamsize|p1|6
|teamsize|p2|6
|gen|8
|tier|[Gen 8] OU
|rated|
|rule|Sleep Clause Mod: Limit one foe put to sleep
|rule|Species Clause: Limit one of each Pokémon
|rule|OHKO Clause: OHKO moves are banned
|rule|Evasion Moves Clause: Evasion moves are banned
|rule|Endless Battle Clause: Forcing endless battles is banned
|rule|HP Percentage Mod: HP is shown in percentages
|rule|Dynamax Clause: You cannot dynamax
|clearpoke
|poke|p1|Weavile, M|
|poke|p1|Buzzwole|
|poke|p1|Blissey, F|
|poke|p1|Corviknight, F|
|poke|p1|Nidoking, M|
|poke|p1|Slowbro, M|
|poke|p2|Landorus-Therian, M|
|poke|p2|Tornadus-Therian, M|
|poke|p2|Zeraora|
|poke|p2|Zapdos-Galar|
|poke|p2|Jirachi|
|poke|p2|Toxapex, M|
|teampreview
|inactive|Battle timer is ON: inactive players will automatically lose when time's up. (requested by PQPP214)
|
|t:|1645506177
|start
|switch|p1a: Weavile|Weavile, M|100/100
|switch|p2a: Tornadus|Tornadus-Therian, M, shiny|100/100
|-ability|p1a: Weavile|Pressure
|turn|1
|
|t:|1645506184
|switch|p2a: Toxapex|Toxapex, M, shiny|100/100
|move|p1a: Weavile|Knock Off|p2a: Toxapex
|-damage|p2a: Toxapex|55/100
|-damage|p1a: Weavile|84/100|[from] item: Rocky Helmet|[of] p2a: Toxapex
|-enditem|p2a: Toxapex|Rocky Helmet|[from] move: Knock Off|[of] p1a: Weavile
|
|upkeep
|turn|2
|
|t:|1645506194
|switch|p1a: Slowbro|Slowbro, M|100/100
|move|p2a: Toxapex|Scald|p1a: Slowbro
|-resisted|p1a: Slowbro
|-damage|p1a: Slowbro|92/100
|
|upkeep
|turn|3
|
|t:|1645506199
|switch|p2a: Jirachi|Jirachi, shiny|100/100
|move|p1a: Slowbro|Future Sight|p2a: Jirachi
|-start|p1a: Slowbro|move: Future Sight
|
|upkeep
|turn|4
|
|t:|1645506205
|move|p2a: Jirachi|Stealth Rock|p1a: Slowbro
|-sidestart|p1: jnjlkmol|move: Stealth Rock
|move|p1a: Slowbro|Teleport|p1a: Slowbro
|
|t:|1645506216
|switch|p1a: Corviknight|Corviknight, F|100/100|[from]move: Teleport
|-damage|p1a: Corviknight|88/100|[from] Stealth Rock
|-ability|p1a: Corviknight|Pressure
|
|-heal|p1a: Corviknight|94/100|[from] item: Leftovers
|upkeep
|turn|5
|
|t:|1645506227
|move|p2a: Jirachi|Iron Head|p1a: Corviknight
|-resisted|p1a: Corviknight
|-damage|p1a: Corviknight|84/100
|move|p1a: Corviknight|Defog|p2a: Jirachi
|-unboost|p2a: Jirachi|evasion|1
|-sideend|p1: jnjlkmol|Stealth Rock|[from] move: Defog|[of] p1a: Corviknight
|
|-end|p2a: Jirachi|move: Future Sight
|-resisted|p2a: Jirachi
|-damage|p2a: Jirachi|94/100
|-heal|p2a: Jirachi|100/100|[from] item: Leftovers
|-heal|p1a: Corviknight|90/100|[from] item: Leftovers
|upkeep
|turn|6
|
|t:|1645506239
|move|p2a: Jirachi|Stealth Rock|p1a: Corviknight
|-sidestart|p1: jnjlkmol|move: Stealth Rock
|move|p1a: Corviknight|Brave Bird|p2a: Jirachi
|-resisted|p2a: Jirachi
|-damage|p2a: Jirachi|85/100
|-damage|p1a: Corviknight|85/100|[from] Recoil
|
|-heal|p2a: Jirachi|92/100|[from] item: Leftovers
|-heal|p1a: Corviknight|91/100|[from] item: Leftovers
|upkeep
|turn|7
|
|t:|1645506249
|move|p2a: Jirachi|U-turn|p1a: Corviknight
|-resisted|p1a: Corviknight
|-damage|p1a: Corviknight|88/100
|
|t:|1645506252
|switch|p2a: Zeraora|Zeraora, shiny|100/100|[from]move: U-turn
|move|p1a: Corviknight|Defog|p2a: Zeraora
|-unboost|p2a: Zeraora|evasion|1
|-sideend|p1: jnjlkmol|Stealth Rock|[from] move: Defog|[of] p1a: Corviknight
|
|-heal|p1a: Corviknight|94/100|[from] item: Leftovers
|upkeep
|turn|8
|
|t:|1645506258
|switch|p1a: Buzzwole|Buzzwole|100/100
|move|p2a: Zeraora|Knock Off|p1a: Buzzwole
|-resisted|p1a: Buzzwole
|-damage|p1a: Buzzwole|93/100
|-damage|p2a: Zeraora|84/100|[from] item: Rocky Helmet|[of] p1a: Buzzwole
|-enditem|p1a: Buzzwole|Rocky Helmet|[from] move: Knock Off|[of] p2a: Zeraora
|
|upkeep
|turn|9
|
|t:|1645506266
|switch|p2a: Tornadus|Tornadus-Therian, M, shiny|100/100
|move|p1a: Buzzwole|Ice Punch|p2a: Tornadus
|-supereffective|p2a: Tornadus
|-damage|p2a: Tornadus|56/100
|
|upkeep
|turn|10
|
|t:|1645506274
|switch|p1a: Blissey|Blissey, F|100/100
|move|p2a: Tornadus|Knock Off|p1a: Blissey
|-damage|p1a: Blissey|82/100
|-enditem|p1a: Blissey|Heavy-Duty Boots|[from] move: Knock Off|[of] p2a: Tornadus
|
|upkeep
|turn|11
|
|t:|1645506279
|move|p2a: Tornadus|U-turn|p1a: Blissey
|-damage|p1a: Blissey|70/100
|
|t:|1645506287
|switch|p2a: Toxapex|Toxapex, M, shiny|88/100|[from]move: U-turn
|move|p1a: Blissey|Toxic|p2a: Toxapex
|-immune|p2a: Toxapex
|
|upkeep
|turn|12
|
|t:|1645506297
|switch|p1a: Slowbro|Slowbro, M|100/100
|switch|p2a: Tornadus|Tornadus-Therian, M, shiny|89/100
|
|upkeep
|turn|13
|
|t:|1645506300
|move|p2a: Tornadus|Knock Off|p1a: Slowbro
|-supereffective|p1a: Slowbro
|-damage|p1a: Slowbro|78/100
|-damage|p2a: Tornadus|72/100|[from] item: Rocky Helmet|[of] p1a: Slowbro
|-enditem|p1a: Slowbro|Rocky Helmet|[from] move: Knock Off|[of] p2a: Tornadus
|move|p1a: Slowbro|Teleport|p1a: Slowbro
|
|t:|1645506306
|switch|p1a: Weavile|Weavile, M|84/100|[from]move: Teleport
|-ability|p1a: Weavile|Pressure
|
|upkeep
|turn|14
|
|t:|1645506311
|switch|p1a: Slowbro|Slowbro, M|100/100
|switch|p2a: Toxapex|Toxapex, M, shiny|100/100
|
|upkeep
|turn|15
|
|t:|1645506316
|switch|p2a: Jirachi|Jirachi, shiny|92/100
|move|p1a: Slowbro|Future Sight|p2a: Jirachi
|-start|p1a: Slowbro|move: Future Sight
|
|-heal|p2a: Jirachi|98/100|[from] item: Leftovers
|upkeep
|turn|16
|
|t:|1645506323
|move|p2a: Jirachi|Stealth Rock|p1a: Slowbro
|-sidestart|p1: jnjlkmol|move: Stealth Rock
|move|p1a: Slowbro|Teleport|p1a: Slowbro
|
|t:|1645506326
|switch|p1a: Corviknight|Corviknight, F|94/100|[from]move: Teleport
|-damage|p1a: Corviknight|82/100|[from] Stealth Rock
|-ability|p1a: Corviknight|Pressure
|
|-heal|p2a: Jirachi|100/100|[from] item: Leftovers
|-heal|p1a: Corviknight|88/100|[from] item: Leftovers
|upkeep
|turn|17
|
|t:|1645506331
|move|p2a: Jirachi|Iron Head|p1a: Corviknight
|-resisted|p1a: Corviknight
|-damage|p1a: Corviknight|77/100
|cant|p1a: Corviknight|flinch
|
|-end|p2a: Jirachi|move: Future Sight
|-resisted|p2a: Jirachi
|-damage|p2a: Jirachi|94/100
|-heal|p2a: Jirachi|99/100|[from] item: Leftovers
|-heal|p1a: Corviknight|84/100|[from] item: Leftovers
|upkeep
|turn|18
|
|t:|1645506343
|switch|p2a: Zapdos|Zapdos-Galar|100/100
|move|p1a: Corviknight|Defog|p2a: Zapdos
|-unboost|p2a: Zapdos|evasion|1
|-ability|p2a: Zapdos|Defiant
|-boost|p2a: Zapdos|atk|2
|-sideend|p1: jnjlkmol|Stealth Rock|[from] move: Defog|[of] p1a: Corviknight
|
|-heal|p1a: Corviknight|90/100|[from] item: Leftovers
|upkeep
|turn|19
|
|t:|1645506352
|switch|p1a: Slowbro|Slowbro, M|100/100
|move|p2a: Zapdos|Close Combat|p1a: Slowbro
|-resisted|p1a: Slowbro
|-damage|p1a: Slowbro|51/100
|-unboost|p2a: Zapdos|def|1
|-unboost|p2a: Zapdos|spd|1
|
|upkeep
|turn|20
|
|t:|1645506364
|move|p2a: Zapdos|Close Combat|p1a: Slowbro
|-resisted|p1a: Slowbro
|-damage|p1a: Slowbro|0 fnt
|-unboost|p2a: Zapdos|def|1
|-unboost|p2a: Zapdos|spd|1
|faint|p1a: Slowbro
|
|upkeep
|l|☆jnjlkmol
|inactive|jnjlkmol disconnected and has a minute to reconnect!
|player|p1|
|inactive|jnjlkmol has 30 seconds to reconnect!
|inactive|jnjlkmol has 20 seconds to reconnect!
|inactive|jnjlkmol has 15 seconds to reconnect!
|inactive|jnjlkmol has 10 seconds to reconnect!
|inactive|jnjlkmol has 5 seconds to reconnect!
|-message|jnjlkmol lost due to inactivity.
|
|win|PQPP214
|raw|jnjlkmol's rating: 1419 &rarr; <strong>1401</strong><br />(-18 for losing)
|raw|PQPP214's rating: 1449 &rarr; <strong>1467</strong><br />(+18 for winning)
