|j|☆minimax_ai
|j|☆Bloody Busybody
|t:|1665061158
|gametype|singles
|player|p1|minimax_ai|lusamine-nihilego|1543
|player|p2|Bloody Busybody|bugcatcher|1596
|teamsize|p1|6
|teamsize|p2|6
|gen|8
|tier|[Gen 8] OU
|rated|
|rule|Sleep Clause Mod: Limit one foe put to sleep
|rule|Species Clause: Limit one of each Pokémon
|rule|OHKO Clause: OHKO moves are banned
|rule|Evasion Items Clause: Evasion items are banned
|rule|Evasion Moves Clause: Evasion moves are banned
|rule|Endless Battle Clause: Forcing endless battles is banned
|rule|HP Percentage Mod: HP is shown in percentages
|rule|Dynamax Clause: You cannot dynamax
|clearpoke
|poke|p1|Rotom-Wash|
|poke|p1|Weavile, F|
|poke|p1|Landorus-Therian, M|
|poke|p1|Heatran, M|
|poke|p1|Tangrowth, F|
|poke|p1|Melmetal|
|poke|p2|Volcanion|
|poke|p2|Corviknight, F|
|poke|p2|Mamoswine, M|
|poke|p2|Blissey, F|
|poke|p2|Rillaboom, M|
|poke|p2|Hydreigon, M|
|teampreview
|c|☆minimax_ai|hf
|inactive|Battle timer is ON: inactive players will automatically lose when time's up. (requested by minimax_ai)
|
|t:|1665061176
|start
|switch|p1a: Melmetal|Melmetal|100/100
|switch|p2a: Volcanion|Volcanion|100/100
|turn|1
|
|t:|1665061183
|switch|p1a: rotomwash|Rotom-Wash|100/100
|move|p2a: Volcanion|Fire Blast|p1a: rotomwash
|-resisted|p1a: rotomwash
|-damage|p1a: rotomwash|53/100
|
|-heal|p1a: rotomwash|59/100|[from] item: Leftovers
|upkeep
|turn|2
|
|t:|1665061185
|switch|p2a: Blissey|Blissey, F|100/100
|move|p1a: rotomwash|Pain Split|p2a: Blissey
|-sethp|p2a: Blissey|63/100|[from] move: Pain Split|[silent]
|-sethp|p1a: rotomwash|100/100|[from] move: Pain Split
|
|upkeep
|turn|3
|
|t:|1665061188
|move|p1a: rotomwash|Pain Split|p2a: Blissey
|-sethp|p2a: Blissey|53/100|[from] move: Pain Split|[silent]
|-sethp|p1a: rotomwash|100/100|[from] move: Pain Split
|move|p2a: Blissey|Toxic|p1a: rotomwash
|-status|p1a: rotomwash|tox
|
|-damage|p1a: rotomwash|94/100 tox|[from] psn
|upkeep
|turn|4
|
|t:|1665061189
|move|p1a: rotomwash|Thunderbolt|p2a: Blissey
|-damage|p2a: Blissey|39/100
|move|p2a: Blissey|Soft-Boiled|p2a: Blissey
|-heal|p2a: Blissey|89/100
|
|-heal|p1a: rotomwash|100/100 tox|[from] item: Leftovers
|-damage|p1a: rotomwash|88/100 tox|[from] psn
|upkeep
|turn|5
|
|t:|1665061191
|move|p1a: rotomwash|Pain Split|p2a: Blissey
|-sethp|p2a: Blissey|63/100|[from] move: Pain Split|[silent]
|-sethp|p1a: rotomwash|100/100 tox|[from] move: Pain Split
|move|p2a: Blissey|Seismic Toss|p1a: rotomwash
|-damage|p1a: rotomwash|68/100 tox
|
|-heal|p1a: rotomwash|74/100 tox|[from] item: Leftovers
|-damage|p1a: rotomwash|55/100 tox|[from] psn
|upkeep
|turn|6
|
|t:|1665061193
|move|p1a: rotomwash|Pain Split|p2a: Blissey
|-sethp|p2a: Blissey|43/100|[from] move: Pain Split|[silent]
|-sethp|p1a: rotomwash|100/100 tox|[from] move: Pain Split
|move|p2a: Blissey|Seismic Toss|p1a: rotomwash
|-damage|p1a: rotomwash|68/100 tox
|
|-heal|p1a: rotomwash|74/100 tox|[from] item: Leftovers
|-damage|p1a: rotomwash|49/100 tox|[from] psn
|upkeep
|turn|7
|
|t:|1665061195
|move|p1a: rotomwash|Pain Split|p2a: Blissey
|-sethp|p2a: Blissey|32/100|[from] move: Pain Split|[silent]
|-sethp|p1a: rotomwash|75/100 tox|[from] move: Pain Split
|move|p2a: Blissey|Soft-Boiled|p2a: Blissey
|-heal|p2a: Blissey|82/100
|
|-heal|p1a: rotomwash|81/100 tox|[from] item: Leftovers
|-damage|p1a: rotomwash|50/100 tox|[from] psn
|upkeep
|turn|8
|
|t:|1665061200
|move|p1a: rotomwash|Pain Split|p2a: Blissey
|-sethp|p2a: Blissey|52/100|[from] move: Pain Split|[silent]
|-sethp|p1a: rotomwash|100/100 tox|[from] move: Pain Split
|move|p2a: Blissey|Seismic Toss|p1a: rotomwash
|-damage|p1a: rotomwash|68/100 tox
|
|-heal|p1a: rotomwash|74/100 tox|[from] item: Leftovers
|-damage|p1a: rotomwash|36/100 tox|[from] psn
|upkeep
|turn|9
|
|t:|1665061203
|move|p1a: rotomwash|Pain Split|p2a: Blissey
|-sethp|p2a: Blissey|34/100|[from] move: Pain Split|[silent]
|-sethp|p1a: rotomwash|79/100 tox|[from] move: Pain Split
|move|p2a: Blissey|Soft-Boiled|p2a: Blissey
|-heal|p2a: Blissey|84/100
|
|-heal|p1a: rotomwash|85/100 tox|[from] item: Leftovers
|-damage|p1a: rotomwash|41/100 tox|[from] psn
|upkeep
|turn|10
|
|t:|1665061205
|move|p1a: rotomwash|Pain Split|p2a: Blissey
|-sethp|p2a: Blissey|51/100|[from] move: Pain Split|[silent]
|-sethp|p1a: rotomwash|100/100 tox|[from] move: Pain Split
|move|p2a: Blissey|Seismic Toss|p1a: rotomwash
|-damage|p1a: rotomwash|68/100 tox
|
|-heal|p1a: rotomwash|74/100 tox|[from] item: Leftovers
|-damage|p1a: rotomwash|24/100 tox|[from] psn
|upkeep
|turn|11
|
|t:|1665061208
|move|p1a: rotomwash|Pain Split|p2a: Blissey
|-sethp|p2a: Blissey|31/100|[from] move: Pain Split|[silent]
|-sethp|p1a: rotomwash|71/100 tox|[from] move: Pain Split
|move|p2a: Blissey|Soft-Boiled|p2a: Blissey
|-heal|p2a: Blissey|81/100
|
|-heal|p1a: rotomwash|77/100 tox|[from] item: Leftovers
|-damage|p1a: rotomwash|21/100 tox|[from] psn
|upkeep
|turn|12
|
|t:|1665061210
|move|p1a: rotomwash|Pain Split|p2a: Blissey
|-sethp|p2a: Blissey|45/100|[from] move: Pain Split|[silent]
|-sethp|p1a: rotomwash|100/100 tox|[from] move: Pain Split
|move|p2a: Blissey|Soft-Boiled|p2a: Blissey
|-heal|p2a: Blissey|95/100
|
|-damage|p1a: rotomwash|38/100 tox|[from] psn
|upkeep
|turn|13
|
|t:|1665061213
|move|p1a: rotomwash|Pain Split|p2a: Blissey
|-sethp|p2a: Blissey|56/100|[from] move: Pain Split|[silent]
|-sethp|p1a: rotomwash|100/100 tox|[from] move: Pain Split
|move|p2a: Blissey|Soft-Boiled|p2a: Blissey
|-heal|p2a: Blissey|100/100
|
|-damage|p1a: rotomwash|32/100 tox|[from] psn
|upkeep
|turn|14
|
|t:|1665061216
|move|p1a: rotomwash|Pain Split|p2a: Blissey
|-sethp|p2a: Blissey|57/100|[from] move: Pain Split|[silent]
|-sethp|p1a: rotomwash|100/100 tox|[from] move: Pain Split
|move|p2a: Blissey|Soft-Boiled|p2a: Blissey
|-heal|p2a: Blissey|100/100
|
|-damage|p1a: rotomwash|25/100 tox|[from] psn
|upkeep
|turn|15
|
|t:|1665061219
|move|p1a: rotomwash|Pain Split|p2a: Blissey
|-sethp|p2a: Blissey|56/100|[from] move: Pain Split|[silent]
|-sethp|p1a: rotomwash|100/100 tox|[from] move: Pain Split
|move|p2a: Blissey|Soft-Boiled|p2a: Blissey
|-heal|p2a: Blissey|100/100
|
|-damage|p1a: rotomwash|19/100 tox|[from] psn
|upkeep
|turn|16
|
|t:|1665061223
|move|p1a: rotomwash|Pain Split|p2a: Blissey
|-sethp|p2a: Blissey|54/100|[from] move: Pain Split|[silent]
|-sethp|p1a: rotomwash|100/100 tox|[from] move: Pain Split
|move|p2a: Blissey|Soft-Boiled|p2a: Blissey
|-heal|p2a: Blissey|100/100
|
|-damage|p1a: rotomwash|13/100 tox|[from] psn
|upkeep
|turn|17
|
|t:|1665061226
|move|p1a: rotomwash|Pain Split|p2a: Blissey
|-sethp|p2a: Blissey|53/100|[from] move: Pain Split|[silent]
|-sethp|p1a: rotomwash|100/100 tox|[from] move: Pain Split
|move|p2a: Blissey|Soft-Boiled|p2a: Blissey
|-heal|p2a: Blissey|100/100
|
|-damage|p1a: rotomwash|7/100 tox|[from] psn
|upkeep
|turn|18
|
|t:|1665061230
|move|p1a: rotomwash|Pain Split|p2a: Blissey
|-sethp|p2a: Blissey|52/100|[from] move: Pain Split|[silent]
|-sethp|p1a: rotomwash|100/100 tox|[from] move: Pain Split
|move|p2a: Blissey|Soft-Boiled|p2a: Blissey
|-heal|p2a: Blissey|100/100
|
|-damage|p1a: rotomwash|7/100 tox|[from] psn
|upkeep
|turn|19
|
|t:|1665061238
|move|p1a: rotomwash|Pain Split|p2a: Blissey
|-sethp|p2a: Blissey|52/100|[from] move: Pain Split|[silent]
|-sethp|p1a: rotomwash|100/100 tox|[from] move: Pain Split
|move|p2a: Blissey|Seismic Toss|p1a: rotomwash
|-damage|p1a: rotomwash|68/100 tox
|
|-heal|p1a: rotomwash|74/100 tox|[from] item: Leftovers
|-damage|p1a: rotomwash|0 fnt|[from] psn
|faint|p1a: rotomwash
|upkeep
|
|t:|1665061238
|switch|p1a: Weavile|Weavile, F|100/100
|-ability|p1a: Weavile|Pressure
|turn|20
|
|t:|1665061241
|switch|p2a: Corviknight|Corviknight, F|100/100
|-ability|p2a: Corviknight|Pressure
|move|p1a: Weavile|Knock Off|p2a: Corviknight
|-damage|p2a: Corviknight|57/100
|-damage|p1a: Weavile|84/100|[from] item: Rocky Helmet|[of] p2a: Corviknight
|-enditem|p2a: Corviknight|Rocky Helmet|[from] move: Knock Off|[of] p1a: Weavile
|
|upkeep
|turn|21
|
|t:|1665061244
|switch|p1a: Melmetal|Melmetal|100/100
|move|p2a: Corviknight|Roost|p2a: Corviknight
|-heal|p2a: Corviknight|100/100
|-singleturn|p2a: Corviknight|move: Roost
|
|upkeep
|turn|22
|
|t:|1665061246
|move|p2a: Corviknight|Body Press|p1a: Melmetal
|-supereffective|p1a: Melmetal
|-damage|p1a: Melmetal|71/100
|move|p1a: Melmetal|Thunder Punch|p2a: Corviknight
|-supereffective|p2a: Corviknight
|-damage|p2a: Corviknight|62/100
|
|upkeep
|turn|23
|
|t:|1665061249
|move|p2a: Corviknight|Body Press|p1a: Melmetal
|-supereffective|p1a: Melmetal
|-damage|p1a: Melmetal|41/100
|move|p1a: Melmetal|Earthquake|p2a: Corviknight
|-immune|p2a: Corviknight
|
|upkeep
|turn|24
|
|t:|1665061253
|move|p2a: Corviknight|Body Press|p1a: Melmetal
|-supereffective|p1a: Melmetal
|-damage|p1a: Melmetal|12/100
|move|p1a: Melmetal|Thunder Punch|p2a: Corviknight
|-supereffective|p2a: Corviknight
|-damage|p2a: Corviknight|25/100
|
|upkeep
|turn|25
|
|t:|1665061255
|move|p2a: Corviknight|Roost|p2a: Corviknight
|-heal|p2a: Corviknight|75/100
|-singleturn|p2a: Corviknight|move: Roost
|move|p1a: Melmetal|Earthquake|p2a: Corviknight
|-supereffective|p2a: Corviknight
|-damage|p2a: Corviknight|30/100
|
|upkeep
|turn|26
|
|t:|1665061259
|move|p2a: Corviknight|Roost|p2a: Corviknight
|-heal|p2a: Corviknight|80/100
|-singleturn|p2a: Corviknight|move: Roost
|move|p1a: Melmetal|Earthquake|p2a: Corviknight
|-supereffective|p2a: Corviknight
|-crit|p2a: Corviknight
|-damage|p2a: Corviknight|10/100
|
|upkeep
|turn|27
|
|t:|1665061262
|move|p2a: Corviknight|Roost|p2a: Corviknight
|-heal|p2a: Corviknight|60/100
|-singleturn|p2a: Corviknight|move: Roost
|move|p1a: Melmetal|Earthquake|p2a: Corviknight
|-supereffective|p2a: Corviknight
|-damage|p2a: Corviknight|15/100
|
|upkeep
|turn|28
|
|t:|1665061267
|move|p2a: Corviknight|Roost|p2a: Corviknight
|-heal|p2a: Corviknight|65/100
|-singleturn|p2a: Corviknight|move: Roost
|move|p1a: Melmetal|Thunder Punch|p2a: Corviknight
|-damage|p2a: Corviknight|45/100
|-status|p2a: Corviknight|par
|
|upkeep
|turn|29
|
|t:|1665061274
|move|p1a: Melmetal|Thunder Punch|p2a: Corviknight
|-supereffective|p2a: Corviknight
|-crit|p2a: Corviknight
|-damage|p2a: Corviknight|0 fnt
|faint|p2a: Corviknight
|
|upkeep
|
|t:|1665061284
|switch|p2a: Mamoswine|Mamoswine, M|100/100
|turn|30
|j| lolka8971
|
|t:|1665061290
|move|p2a: Mamoswine|High Horsepower|p1a: Melmetal|[miss]
|-miss|p2a: Mamoswine|p1a: Melmetal
|move|p1a: Melmetal|Double Iron Bash|p2a: Mamoswine
|-supereffective|p2a: Mamoswine
|-damage|p2a: Mamoswine|11/100
|-supereffective|p2a: Mamoswine
|-damage|p2a: Mamoswine|0 fnt
|faint|p2a: Mamoswine
|-hitcount|p2: Mamoswine|2
|
|upkeep
|
|t:|1665061295
|switch|p2a: Hydreigon|Hydreigon, M|100/100
|turn|31
|
|t:|1665061297
|move|p2a: Hydreigon|Dark Pulse|p1a: Melmetal
|-damage|p1a: Melmetal|0 fnt
|faint|p1a: Melmetal
|-damage|p2a: Hydreigon|91/100|[from] item: Life Orb
|
|upkeep
|
|t:|1665061297
|switch|p1a: Weavile|Weavile, F|84/100
|-ability|p1a: Weavile|Pressure
|turn|32
|
|t:|1665061299
|move|p1a: Weavile|Low Kick|p2a: Hydreigon
|-supereffective|p2a: Hydreigon
|-damage|p2a: Hydreigon|0 fnt
|faint|p2a: Hydreigon
|
|upkeep
|
|t:|1665061302
|switch|p2a: Volcanion|Volcanion|100/100
|turn|33
|
|t:|1665061305
|move|p1a: Weavile|Low Kick|p2a: Volcanion
|-damage|p2a: Volcanion|63/100
|move|p2a: Volcanion|Steam Eruption|p1a: Weavile
|-damage|p1a: Weavile|0 fnt
|faint|p1a: Weavile
|
|upkeep
|
|t:|1665061305
|switch|p1a: Heatran|Heatran, M|100/100
|-item|p1a: Heatran|Air Balloon
|turn|34
|
|t:|1665061309
|move|p1a: Heatran|Earth Power|p2a: Volcanion
|-supereffective|p2a: Volcanion
|-damage|p2a: Volcanion|0 fnt
|faint|p2a: Volcanion
|
|upkeep
|
|t:|1665061312
|switch|p2a: Blissey|Blissey, F|52/100
|turn|35
|
|t:|1665061315
|move|p1a: Heatran|Eruption|p2a: Blissey
|-damage|p2a: Blissey|21/100
|move|p2a: Blissey|Soft-Boiled|p2a: Blissey
|-heal|p2a: Blissey|71/100
|
|upkeep
|turn|36
|
|t:|1665061320
|move|p1a: Heatran|Magma Storm|p2a: Blissey
|-damage|p2a: Blissey|53/100
|-activate|p2a: Blissey|move: Magma Storm|[of] p1a: Heatran
|move|p2a: Blissey|Toxic|p1a: Heatran
|-immune|p1a: Heatran
|
|-damage|p2a: Blissey|41/100|[from] move: Magma Storm|[partiallytrapped]
|upkeep
|turn|37
|
|t:|1665061322
|move|p1a: Heatran|Magma Storm|p2a: Blissey
|-damage|p2a: Blissey|20/100
|move|p2a: Blissey|Soft-Boiled|p2a: Blissey
|-heal|p2a: Blissey|70/100
|
|-damage|p2a: Blissey|58/100|[from] move: Magma Storm|[partiallytrapped]
|upkeep
|turn|38
|
|t:|1665061324
|move|p1a: Heatran|Eruption|p2a: Blissey
|-damage|p2a: Blissey|30/100
|move|p2a: Blissey|Soft-Boiled|p2a: Blissey
|-heal|p2a: Blissey|80/100
|
|-damage|p2a: Blissey|68/100|[from] move: Magma Storm|[partiallytrapped]
|upkeep
|turn|39
|
|t:|1665061327
|move|p1a: Heatran|Magma Storm|p2a: Blissey|[miss]
|-miss|p1a: Heatran|p2a: Blissey
|move|p2a: Blissey|Seismic Toss|p1a: Heatran
|-damage|p1a: Heatran|70/100
|-enditem|p1a: Heatran|Air Balloon
|
|-damage|p2a: Blissey|55/100|[from] move: Magma Storm|[partiallytrapped]
|upkeep
|turn|40
|
|t:|1665061335
|move|p1a: Heatran|Magma Storm|p2a: Blissey
|-damage|p2a: Blissey|36/100
|move|p2a: Blissey|Soft-Boiled|p2a: Blissey
|-heal|p2a: Blissey|86/100
|
|-end|p2a: Blissey|Magma Storm|[partiallytrapped]
|upkeep
|turn|41
|
|t:|1665061338
|move|p1a: Heatran|Magma Storm|p2a: Blissey
|-damage|p2a: Blissey|67/100
|-activate|p2a: Blissey|move: Magma Storm|[of] p1a: Heatran
|move|p2a: Blissey|Teleport|p2a: Blissey
|
|t:|1665061340
|switch|p2a: Rillaboom|Rillaboom, M|100/100|[from]move: Teleport
|-fieldstart|move: Grassy Terrain|[from] ability: Grassy Surge|[of] p2a: Rillaboom
|
|-heal|p1a: Heatran|76/100|[from] Grassy Terrain
|upkeep
|turn|42
|
|t:|1665061341
|switch|p1a: Tangrowth|Tangrowth, F|100/100
|move|p2a: Rillaboom|High Horsepower|p1a: Tangrowth
|-resisted|p1a: Tangrowth
|-damage|p1a: Tangrowth|87/100
|-damage|p2a: Rillaboom|84/100|[from] item: Rocky Helmet|[of] p1a: Tangrowth
|
|-heal|p2a: Rillaboom|90/100|[from] Grassy Terrain
|-heal|p1a: Tangrowth|93/100|[from] Grassy Terrain
|upkeep
|turn|43
|
|t:|1665061343
|switch|p2a: Blissey|Blissey, F|67/100
|move|p1a: Tangrowth|Sleep Powder|p2a: Blissey
|-status|p2a: Blissey|slp|[from] move: Sleep Powder
|
|-heal|p2a: Blissey|73/100 slp|[from] Grassy Terrain
|-heal|p1a: Tangrowth|99/100|[from] Grassy Terrain
|upkeep
|turn|44
|
|t:|1665061346
|cant|p2a: Blissey|slp
|move|p1a: Tangrowth|Focus Blast|p2a: Blissey|[miss]
|-miss|p1a: Tangrowth|p2a: Blissey
|
|-heal|p2a: Blissey|80/100 slp|[from] Grassy Terrain
|-heal|p1a: Tangrowth|100/100|[from] Grassy Terrain
|upkeep
|turn|45
|
|t:|1665061348
|cant|p2a: Blissey|slp
|move|p1a: Tangrowth|Knock Off|p2a: Blissey
|-damage|p2a: Blissey|62/100 slp
|-enditem|p2a: Blissey|Heavy-Duty Boots|[from] move: Knock Off|[of] p1a: Tangrowth
|
|-heal|p2a: Blissey|68/100 slp|[from] Grassy Terrain
|-fieldend|move: Grassy Terrain
|upkeep
|turn|46
|
|t:|1665061349
|cant|p2a: Blissey|slp
|move|p1a: Tangrowth|Focus Blast|p2a: Blissey
|-supereffective|p2a: Blissey
|-damage|p2a: Blissey|46/100 slp
|
|upkeep
|turn|47
|
|t:|1665061352
|-curestatus|p2a: Blissey|slp|[msg]
|move|p2a: Blissey|Toxic|p1a: Tangrowth
|-status|p1a: Tangrowth|tox
|move|p1a: Tangrowth|Focus Blast|p2a: Blissey
|-supereffective|p2a: Blissey
|-damage|p2a: Blissey|24/100
|
|-damage|p1a: Tangrowth|94/100 tox|[from] psn
|upkeep
|turn|48
|
|t:|1665061355
|switch|p1a: landorustherian|Landorus-Therian, M|100/100
|-ability|p1a: landorustherian|Intimidate|boost
|-unboost|p2a: Blissey|atk|1
|move|p2a: Blissey|Soft-Boiled|p2a: Blissey
|-heal|p2a: Blissey|74/100
|
|upkeep
|turn|49
|
|t:|1665061356
|move|p1a: landorustherian|Earthquake|p2a: Blissey
|-damage|p2a: Blissey|29/100
|move|p2a: Blissey|Toxic|p1a: landorustherian
|-status|p1a: landorustherian|tox
|
|-damage|p1a: landorustherian|94/100 tox|[from] psn
|upkeep
|turn|50
|
|t:|1665061361
|move|p1a: landorustherian|Earthquake|p2a: Blissey
|-damage|p2a: Blissey|0 fnt
|faint|p2a: Blissey
|
|-heal|p1a: landorustherian|100/100 tox|[from] item: Leftovers
|-damage|p1a: landorustherian|88/100 tox|[from] psn
|upkeep
|
|t:|1665061364
|switch|p2a: Rillaboom|Rillaboom, M|90/100
|-fieldstart|move: Grassy Terrain|[from] ability: Grassy Surge|[of] p2a: Rillaboom
|turn|51
|
|t:|1665061367
|move|p2a: Rillaboom|High Horsepower|p1a: landorustherian
|-immune|p1a: landorustherian
|move|p1a: landorustherian|U-turn|p2a: Rillaboom
|-supereffective|p2a: Rillaboom
|-damage|p2a: Rillaboom|41/100
|
|t:|1665061367
|switch|p1a: Heatran|Heatran, M|76/100|[from]move: U-turn
|
|-heal|p1a: Heatran|82/100|[from] Grassy Terrain
|-heal|p2a: Rillaboom|47/100|[from] Grassy Terrain
|upkeep
|turn|52
|
|t:|1665061368
|move|p1a: Heatran|Eruption|p2a: Rillaboom
|-supereffective|p2a: Rillaboom
|-damage|p2a: Rillaboom|0 fnt
|faint|p2a: Rillaboom
|
|win|minimax_ai
|raw|minimax_ai's rating: 1543 &rarr; <strong>1566</strong><br />(+23 for winning)
|raw|Bloody Busybody's rating: 1596 &rarr; <strong>1573</strong><br />(-23 for losing)
|c|☆minimax_ai|gg
