|raw|<div class="broadcast-blue"><strong>This battle is required to be public due to a player having a name starting with 'lt91bb'.</div>
|j|☆LT91BB Mimi
|j|☆Plasmeek
|t:|1659377528
|gametype|singles
|player|p1|LT91BB Mimi|#mimikyustardust|1872
|player|p2|Plasmeek|265|1826
|teamsize|p1|6
|teamsize|p2|6
|gen|8
|tier|[Gen 8] OU
|rated|
|rule|Sleep Clause Mod: Limit one foe put to sleep
|rule|Species Clause: Limit one of each Pokémon
|rule|OHKO Clause: OHKO moves are banned
|rule|Evasion Moves Clause: Evasion moves are banned
|rule|Endless Battle Clause: Forcing endless battles is banned
|rule|HP Percentage Mod: HP is shown in percentages
|rule|Dynamax Clause: You cannot dynamax
|clearpoke
|poke|p1|Mew|
|poke|p1|Weavile, M|
|poke|p1|Celesteela|
|poke|p1|Garchomp, M|
|poke|p1|Blacephalon|
|poke|p1|Crawdaunt, M|
|poke|p2|Rillaboom, M|
|poke|p2|Kartana|
|poke|p2|Clefable, F|
|poke|p2|Garchomp, M|
|poke|p2|Heatran, M|
|poke|p2|Tornadus-Therian, M|
|teampreview
|c|☆Plasmeek|hf
|
|t:|1659377537
|start
|switch|p1a: Mew|Mew, shiny|100/100
|switch|p2a: Tornadus|Tornadus-Therian, M|100/100
|turn|1
|j| isabela000◥▶_◀◤
|
|t:|1659377542
|move|p2a: Tornadus|U-turn|p1a: Mew
|-supereffective|p1a: Mew
|-damage|p1a: Mew|76/100
|
|t:|1659377545
|switch|p2a: Garchomp|Garchomp, M|100/100|[from]move: U-turn
|move|p1a: Mew|Thunder Wave|p2a: Garchomp
|-immune|p2a: Garchomp
|
|upkeep
|turn|2
|
|t:|1659377552
|move|p2a: Garchomp|Swords Dance|p2a: Garchomp
|-boost|p2a: Garchomp|atk|2
|move|p1a: Mew|Stealth Rock|p2a: Garchomp
|-sidestart|p2: Plasmeek|move: Stealth Rock
|
|upkeep
|turn|3
|
|t:|1659377557
|move|p2a: Garchomp|Earthquake|p1a: Mew
|-damage|p1a: Mew|0 fnt
|faint|p1a: Mew
|
|upkeep
|
|t:|1659377559
|switch|p1a: Weavile|Weavile, M, shiny|100/100
|-ability|p1a: Weavile|Pressure
|turn|4
|
|t:|1659377568
|move|p1a: Weavile|Triple Axel|p2a: Garchomp
|-supereffective|p2a: Garchomp
|-damage|p2a: Garchomp|44/100
|-damage|p1a: Weavile|88/100|[from] ability: Rough Skin|[of] p2a: Garchomp
|-supereffective|p2a: Garchomp
|-damage|p2a: Garchomp|0 fnt
|-damage|p1a: Weavile|76/100|[from] ability: Rough Skin|[of] p2a: Garchomp
|faint|p2a: Garchomp
|-hitcount|p2: Garchomp|2
|-damage|p1a: Weavile|66/100|[from] item: Life Orb
|
|upkeep
|l|☆LT91BB Mimi
|player|p1|
|
|t:|1659377576
|switch|p2a: Kartana|Kartana|100/100
|-damage|p2a: Kartana|94/100|[from] Stealth Rock
|turn|5
|j|☆LT91BB Mimi
|player|p1|LT91BB Mimi|#mimikyustardust
|inactive|Battle timer is ON: inactive players will automatically lose when time's up. (requested by Plasmeek)
|
|t:|1659377597
|switch|p1a: Blacephalon|Blacephalon, shiny|100/100
|move|p2a: Kartana|Leaf Blade|p1a: Blacephalon
|-resisted|p1a: Blacephalon
|-crit|p1a: Blacephalon
|-damage|p1a: Blacephalon|0 fnt
|faint|p1a: Blacephalon
|-ability|p2a: Kartana|Beast Boost|boost
|-boost|p2a: Kartana|atk|1
|
|upkeep
|
|t:|1659377604
|switch|p1a: Celesteela|Celesteela, shiny|100/100
|turn|6
|
|t:|1659377616
|switch|p2a: Clefable|Clefable, F|100/100
|move|p1a: Celesteela|Autotomize|p1a: Celesteela
|-boost|p1a: Celesteela|spe|2
|-start|p1a: Celesteela|Autotomize
|
|upkeep
|turn|7
|
|t:|1659377622
|switch|p2a: Heatran|Heatran, M|100/100
|-damage|p2a: Heatran|88/100|[from] Stealth Rock
|move|p1a: Celesteela|Meteor Beam||[still]
|-prepare|p1a: Celesteela|Meteor Beam
|-boost|p1a: Celesteela|spa|1
|-enditem|p1a: Celesteela|Power Herb
|-anim|p1a: Celesteela|Meteor Beam|p2a: Heatran
|-damage|p2a: Heatran|50/100
|
|-heal|p2a: Heatran|57/100|[from] item: Leftovers
|upkeep
|turn|8
|
|t:|1659377626
|move|p1a: Celesteela|Air Slash|p2a: Heatran
|-resisted|p2a: Heatran
|-damage|p2a: Heatran|39/100
|cant|p2a: Heatran|flinch
|
|-heal|p2a: Heatran|45/100|[from] item: Leftovers
|upkeep
|turn|9
|
|t:|1659377629
|move|p1a: Celesteela|Air Slash|p2a: Heatran
|-resisted|p2a: Heatran
|-crit|p2a: Heatran
|-damage|p2a: Heatran|19/100
|cant|p2a: Heatran|flinch
|
|-heal|p2a: Heatran|25/100|[from] item: Leftovers
|upkeep
|turn|10
|
|t:|1659377632
|move|p2a: Heatran|Protect|p2a: Heatran
|-singleturn|p2a: Heatran|Protect
|move|p1a: Celesteela|Air Slash|p2a: Heatran
|-activate|p2a: Heatran|move: Protect
|
|-heal|p2a: Heatran|31/100|[from] item: Leftovers
|upkeep
|turn|11
|
|t:|1659377635
|move|p1a: Celesteela|Air Slash|p2a: Heatran
|-resisted|p2a: Heatran
|-damage|p2a: Heatran|13/100
|cant|p2a: Heatran|flinch
|
|-heal|p2a: Heatran|19/100|[from] item: Leftovers
|upkeep
|turn|12
|
|t:|1659377642
|move|p1a: Celesteela|Meteor Beam||[still]
|-prepare|p1a: Celesteela|Meteor Beam
|-boost|p1a: Celesteela|spa|1
|move|p2a: Heatran|Magma Storm|p1a: Celesteela|[miss]
|-miss|p2a: Heatran|p1a: Celesteela
|
|-heal|p2a: Heatran|26/100|[from] item: Leftovers
|upkeep
|turn|13
|
|t:|1659377648
|move|p2a: Heatran|Protect|p2a: Heatran
|-singleturn|p2a: Heatran|Protect
|move|p1a: Celesteela|Meteor Beam|p2a: Heatran|[from]lockedmove
|-activate|p2a: Heatran|move: Protect
|
|-heal|p2a: Heatran|32/100|[from] item: Leftovers
|upkeep
|turn|14
|
|t:|1659377650
|move|p1a: Celesteela|Air Slash|p2a: Heatran
|-resisted|p2a: Heatran
|-damage|p2a: Heatran|7/100
|move|p2a: Heatran|Magma Storm|p1a: Celesteela
|-supereffective|p1a: Celesteela
|-damage|p1a: Celesteela|12/100
|-activate|p1a: Celesteela|move: Magma Storm|[of] p2a: Heatran
|
|-heal|p2a: Heatran|13/100|[from] item: Leftovers
|-damage|p1a: Celesteela|0 fnt|[from] move: Magma Storm|[partiallytrapped]
|faint|p1a: Celesteela
|upkeep
|
|t:|1659377658
|switch|p1a: Weavile|Weavile, M, shiny|66/100
|-ability|p1a: Weavile|Pressure
|turn|15
|
|t:|1659377663
|move|p1a: Weavile|Swords Dance|p1a: Weavile
|-boost|p1a: Weavile|atk|2
|move|p2a: Heatran|Magma Storm|p1a: Weavile|[miss]
|-miss|p2a: Heatran|p1a: Weavile
|
|-heal|p2a: Heatran|20/100|[from] item: Leftovers
|upkeep
|turn|16
|
|t:|1659377678
|move|p1a: Weavile|Swords Dance|p1a: Weavile
|-boost|p1a: Weavile|atk|2
|move|p2a: Heatran|Magma Storm|p1a: Weavile
|-supereffective|p1a: Weavile
|-damage|p1a: Weavile|0 fnt
|faint|p1a: Weavile
|
|-heal|p2a: Heatran|26/100|[from] item: Leftovers
|upkeep
|-message|LT91BB Mimi forfeited.
|
|win|Plasmeek
|raw|LT91BB Mimi's rating: 1872 &rarr; <strong>1849</strong><br />(-23 for losing)
|raw|Plasmeek's rating: 1826 &rarr; <strong>1849</strong><br />(+23 for winning)
|l|☆LT91BB Mimi
|c|☆Plasmeek|gg
|l| isabela000◥▶_◀◤
|j| keilan2007
|l| keilan2007
||Ladder isn't responding, score probably updated but might not have (Request timeout).
