|j|☆Shark tale is best
|j|☆Awesome Person III
|inactive|Battle timer is ON: inactive players will automatically lose when time's up.
|t:|1660321234
|gametype|singles
|player|p1|Shark tale is best|nate|
|player|p2|Awesome Person III|flannery|
|teamsize|p1|6
|teamsize|p2|6
|gen|8
|tier|[Gen 8] OU
|rated|Tournament battle
|rule|Sleep Clause Mod: Limit one foe put to sleep
|rule|Species Clause: Limit one of each Pokémon
|rule|OHKO Clause: OHKO moves are banned
|rule|Evasion Items Clause: Evasion items are banned
|rule|Evasion Moves Clause: Evasion moves are banned
|rule|Endless Battle Clause: Forcing endless battles is banned
|rule|HP Percentage Mod: HP is shown in percentages
|rule|Dynamax Clause: You cannot dynamax
|clearpoke
|poke|p1|Dragapult, M|
|poke|p1|Heatran, M|
|poke|p1|Rillaboom, M|
|poke|p1|Hawlucha, F|
|poke|p1|Clefable, M|
|poke|p1|Swampert, M|
|poke|p2|Tyranitar, M|
|poke|p2|Hippowdon, M|
|poke|p2|Skarmory, M|
|poke|p2|Clefable, F|
|poke|p2|Toxapex, M|
|poke|p2|Aegislash, M|
|teampreview
|inactive|Awesome Person III also wants the timer to be on.
|
|t:|1660321248
|start
|switch|p1a: Swampert|Swampert, M|100/100
|switch|p2a: Hippowdon|Hippowdon, M|100/100
|-weather|Sandstorm|[from] ability: Sand Stream|[of] p2a: Hippowdon
|turn|1
|j| yaoding09
|
|t:|1660321253
|move|p2a: Hippowdon|Toxic|p1a: Swampert
|-status|p1a: Swampert|tox
|move|p1a: Swampert|Flip Turn|p2a: Hippowdon
|-supereffective|p2a: Hippowdon
|-damage|p2a: Hippowdon|70/100
|
|t:|1660321257
|switch|p1a: Rillaboom|Rillaboom, M|100/100|[from]move: Flip Turn
|-fieldstart|move: Grassy Terrain|[from] ability: Grassy Surge|[of] p1a: Rillaboom
|
|-weather|Sandstorm|[upkeep]
|-damage|p1a: Rillaboom|94/100|[from] Sandstorm
|-heal|p1a: Rillaboom|100/100|[from] Grassy Terrain
|-heal|p2a: Hippowdon|77/100|[from] Grassy Terrain
|-heal|p2a: Hippowdon|83/100|[from] item: Leftovers
|upkeep
|turn|2
|
|t:|1660321260
|switch|p2a: Skarmory|Skarmory, M|100/100
|move|p1a: Rillaboom|Knock Off|p2a: Skarmory
|-damage|p2a: Skarmory|67/100
|-damage|p1a: Rillaboom|84/100|[from] item: Rocky Helmet|[of] p2a: Skarmory
|-enditem|p2a: Skarmory|Rocky Helmet|[from] move: Knock Off|[of] p1a: Rillaboom
|
|-weather|Sandstorm|[upkeep]
|-damage|p1a: Rillaboom|78/100|[from] Sandstorm
|-heal|p1a: Rillaboom|84/100|[from] Grassy Terrain
|upkeep
|turn|3
|
|t:|1660321267
|switch|p1a: Heatran|Heatran, M|100/100
|move|p2a: Skarmory|Toxic|p1a: Heatran
|-immune|p1a: Heatran
|
|-weather|Sandstorm|[upkeep]
|upkeep
|turn|4
|
|t:|1660321269
|switch|p2a: Hippowdon|Hippowdon, M|83/100
|move|p1a: Heatran|Eruption|p2a: Hippowdon
|-damage|p2a: Hippowdon|29/100
|
|-weather|Sandstorm|[upkeep]
|-heal|p2a: Hippowdon|35/100|[from] Grassy Terrain
|-heal|p2a: Hippowdon|41/100|[from] item: Leftovers
|upkeep
|turn|5
|
|t:|1660321276
|switch|p2a: Toxapex|Toxapex, M|100/100
|move|p1a: Heatran|Eruption|p2a: Toxapex
|-resisted|p2a: Toxapex
|-damage|p2a: Toxapex|71/100
|
|-weather|none
|-heal|p2a: Toxapex|77/100|[from] Grassy Terrain
|-fieldend|move: Grassy Terrain
|upkeep
|turn|6
|
|t:|1660321281
|move|p1a: Heatran|Earth Power|p2a: Toxapex
|-supereffective|p2a: Toxapex
|-damage|p2a: Toxapex|32/100
|move|p2a: Toxapex|Knock Off|p1a: Heatran
|-damage|p1a: Heatran|87/100
|-enditem|p1a: Heatran|Leftovers|[from] move: Knock Off|[of] p2a: Toxapex
|
|upkeep
|turn|7
|
|t:|1660321289
|switch|p2a: Tyranitar|Tyranitar, M|100/100
|-weather|Sandstorm|[from] ability: Sand Stream|[of] p2a: Tyranitar
|move|p1a: Heatran|Earth Power|p2a: Tyranitar
|-supereffective|p2a: Tyranitar
|-crit|p2a: Tyranitar
|-damage|p2a: Tyranitar|33/100
|
|-weather|Sandstorm|[upkeep]
|upkeep
|turn|8
|
|t:|1660321306
|move|p1a: Heatran|Flash Cannon|p2a: Tyranitar
|-supereffective|p2a: Tyranitar
|-damage|p2a: Tyranitar|0 fnt
|faint|p2a: Tyranitar
|
|-weather|Sandstorm|[upkeep]
|upkeep
|
|t:|1660321308
|switch|p2a: Hippowdon|Hippowdon, M|41/100
|turn|9
|
|t:|1660321310
|move|p1a: Heatran|Eruption|p2a: Hippowdon
|-damage|p2a: Hippowdon|0 fnt
|faint|p2a: Hippowdon
|
|-weather|Sandstorm|[upkeep]
|upkeep
|-message|Awesome Person III forfeited.
|
|win|Shark tale is best
|n|☆Shark tale is best|sharktaleisbest
|n|☆Awesome Person III|awesomepersoniii
|n| yaoding09|yaoding09
|l|☆Awesome Person III
|c|☆Shark tale is best|gg
