|j|☆JoJo Reference #10
|j|☆VirginJimmy99
|t:|1660714169
|gametype|singles
|player|p1|JoJo Reference #10|1|1629
|player|p2|VirginJimmy99|lucas|1662
|teamsize|p1|6
|teamsize|p2|6
|gen|8
|tier|[Gen 8] OU
|rated|
|rule|Sleep Clause Mod: Limit one foe put to sleep
|rule|Species Clause: Limit one of each Pokémon
|rule|OHKO Clause: OHKO moves are banned
|rule|Evasion Items Clause: Evasion items are banned
|rule|Evasion Moves Clause: Evasion moves are banned
|rule|Endless Battle Clause: Forcing endless battles is banned
|rule|HP Percentage Mod: HP is shown in percentages
|rule|Dynamax Clause: You cannot dynamax
|clearpoke
|poke|p1|Abomasnow, F|
|poke|p1|Arctozolt|
|poke|p1|Cresselia, F|
|poke|p1|Zapdos|
|poke|p1|Heatran, F|
|poke|p1|Landorus-Therian, M|
|poke|p2|Articuno-Galar|
|poke|p2|Zapdos-Galar|
|poke|p2|Moltres-Galar|
|poke|p2|Excadrill, F|
|poke|p2|Weavile, M|
|poke|p2|Regieleki|
|teampreview
|j| LT93OQ Skip
|
|t:|1660714198
|start
|switch|p1a: Zapdos|Zapdos|100/100
|switch|p2a: Excadrill|Excadrill, F|100/100
|-ability|p2a: Excadrill|Mold Breaker
|turn|1
|
|t:|1660714202
|move|p2a: Excadrill|Stealth Rock|p1a: Zapdos
|-sidestart|p1: JoJo Reference #10|move: Stealth Rock
|move|p1a: Zapdos|Heat Wave|p2a: Excadrill
|-supereffective|p2a: Excadrill
|-damage|p2a: Excadrill|12/100
|
|upkeep
|turn|2
|
|t:|1660714208
|switch|p2a: Articuno|Articuno-Galar|100/100
|move|p1a: Zapdos|Volt Switch|p2a: Articuno
|-supereffective|p2a: Articuno
|-damage|p2a: Articuno|28/100
|
|t:|1660714217
|switch|p1a: Landorus|Landorus-Therian, M|100/100|[from]move: Volt Switch
|-damage|p1a: Landorus|88/100|[from] Stealth Rock
|-ability|p1a: Landorus|Intimidate|boost
|-unboost|p2a: Articuno|atk|1
|-ability|p2a: Articuno|Competitive
|-boost|p2a: Articuno|spa|2
|
|upkeep
|turn|3
|j| Starfire Scarlet
|
|t:|1660714241
|switch|p2a: Zapdos|Zapdos-Galar|100/100
|switch|p1a: Heatran|Heatran, F|100/100
|-damage|p1a: Heatran|88/100|[from] Stealth Rock
|-item|p1a: Heatran|Air Balloon
|
|upkeep
|turn|4
|
|t:|1660714246
|switch|p1a: Zapdos|Zapdos|100/100
|move|p2a: Zapdos|U-turn|p1a: Zapdos
|-resisted|p1a: Zapdos
|-damage|p1a: Zapdos|78/100
|-status|p2a: Zapdos|par|[from] ability: Static|[of] p1a: Zapdos
|
|t:|1660714253
|switch|p2a: Articuno|Articuno-Galar|28/100|[from]move: U-turn
|
|upkeep
|turn|5
|
|t:|1660714257
|move|p1a: Zapdos|Volt Switch|p2a: Articuno
|-supereffective|p2a: Articuno
|-damage|p2a: Articuno|0 fnt
|faint|p2a: Articuno
|
|t:|1660714263
|switch|p1a: Abomasnow|Abomasnow, F|100/100|[from]move: Volt Switch
|-damage|p1a: Abomasnow|76/100|[from] Stealth Rock
|-weather|Hail|[from] ability: Snow Warning|[of] p1a: Abomasnow
|
|-weather|Hail|[upkeep]
|upkeep
|
|t:|1660714269
|switch|p2a: Weavile|Weavile, M|100/100
|-ability|p2a: Weavile|Pressure
|turn|6
|
|t:|1660714276
|switch|p1a: Cresselia|Cresselia, F|100/100
|-damage|p1a: Cresselia|88/100|[from] Stealth Rock
|move|p2a: Weavile|Swords Dance|p2a: Weavile
|-boost|p2a: Weavile|atk|2
|
|-weather|Hail|[upkeep]
|-damage|p1a: Cresselia|82/100|[from] Hail
|upkeep
|turn|7
|
|t:|1660714283
|move|p1a: Cresselia|Moonblast|p2a: Weavile
|-supereffective|p2a: Weavile
|-damage|p2a: Weavile|40/100
|-unboost|p2a: Weavile|spa|1
|move|p2a: Weavile|Knock Off|p1a: Cresselia
|-supereffective|p1a: Cresselia
|-damage|p1a: Cresselia|0 fnt
|-enditem|p1a: Cresselia|Choice Scarf|[from] move: Knock Off|[of] p2a: Weavile
|faint|p1a: Cresselia
|
|-weather|Hail|[upkeep]
|upkeep
|
|t:|1660714286
|switch|p1a: Arctozolt|Arctozolt|100/100
|-damage|p1a: Arctozolt|76/100|[from] Stealth Rock
|turn|8
|
|t:|1660714293
|move|p2a: Weavile|Ice Shard|p1a: Arctozolt
|-resisted|p1a: Arctozolt
|-damage|p1a: Arctozolt|54/100
|move|p1a: Arctozolt|Bolt Beak|p2a: Weavile
|-damage|p2a: Weavile|0 fnt
|faint|p2a: Weavile
|-damage|p1a: Arctozolt|44/100|[from] item: Life Orb
|
|-weather|Hail|[upkeep]
|upkeep
|
|t:|1660714303
|switch|p2a: Regieleki|Regieleki|100/100
|turn|9
|
|t:|1660714306
|move|p2a: Regieleki|Volt Switch|p1a: Arctozolt
|-resisted|p1a: Arctozolt
|-damage|p1a: Arctozolt|13/100
|
|t:|1660714308
|switch|p2a: Zapdos|Zapdos-Galar|100/100 par|[from]move: Volt Switch
|move|p1a: Arctozolt|Stomping Tantrum|p2a: Zapdos
|-immune|p2a: Zapdos
|
|-weather|Hail|[upkeep]
|-damage|p2a: Zapdos|94/100 par|[from] Hail
|upkeep
|turn|10
|
|t:|1660714311
|move|p1a: Arctozolt|Bolt Beak|p2a: Zapdos
|-supereffective|p2a: Zapdos
|-damage|p2a: Zapdos|0 fnt
|faint|p2a: Zapdos
|-damage|p1a: Arctozolt|3/100|[from] item: Life Orb
|
|-weather|Hail|[upkeep]
|upkeep
|
|t:|1660714314
|switch|p2a: Regieleki|Regieleki|100/100
|turn|11
|
|t:|1660714319
|move|p2a: Regieleki|Ancient Power|p1a: Arctozolt
|-supereffective|p1a: Arctozolt
|-damage|p1a: Arctozolt|0 fnt
|faint|p1a: Arctozolt
|
|-weather|Hail|[upkeep]
|-damage|p2a: Regieleki|95/100|[from] Hail
|upkeep
|
|t:|1660714324
|switch|p1a: Landorus|Landorus-Therian, M|88/100
|-damage|p1a: Landorus|76/100|[from] Stealth Rock
|-ability|p1a: Landorus|Intimidate|boost
|-unboost|p2a: Regieleki|atk|1
|turn|12
|
|t:|1660714328
|move|p2a: Regieleki|Ancient Power|p1a: Landorus
|-damage|p1a: Landorus|53/100
|move|p1a: Landorus|Stone Edge|p2a: Regieleki
|-damage|p2a: Regieleki|0 fnt
|faint|p2a: Regieleki
|
|-weather|none
|upkeep
|
|t:|1660714335
|switch|p2a: Moltres|Moltres-Galar|100/100
|turn|13
|
|t:|1660714338
|move|p1a: Landorus|Stone Edge|p2a: Moltres
|-supereffective|p2a: Moltres
|-damage|p2a: Moltres|0 fnt
|faint|p2a: Moltres
|
|upkeep
|
|t:|1660714352
|switch|p2a: Excadrill|Excadrill, F|12/100
|-ability|p2a: Excadrill|Mold Breaker
|turn|14
|c|☆VirginJimmy99|gg
|-message|VirginJimmy99 forfeited.
|
|win|JoJo Reference #10
|raw|JoJo Reference #10's rating: 1629 &rarr; <strong>1651</strong><br />(+22 for winning)
|raw|VirginJimmy99's rating: 1662 &rarr; <strong>1640</strong><br />(-22 for losing)
|l|☆VirginJimmy99
|c|☆JoJo Reference #10|gg
