|j|☆KFC Chizza
|j|☆stareal
|inactive|Battle timer is ON: inactive players will automatically lose when time's up.
|t:|1635365640
|gametype|singles
|player|p1|KFC Chizza|unknown|
|player|p2|stareal|#stareal|
|teamsize|p1|6
|teamsize|p2|6
|gen|8
|tier|[Gen 8] OU
|rated|Tournament battle
|rule|Sleep Clause Mod: Limit one foe put to sleep
|rule|Species Clause: Limit one of each Pokémon
|rule|OHKO Clause: OHKO moves are banned
|rule|Evasion Moves Clause: Evasion moves are banned
|rule|Endless Battle Clause: Forcing endless battles is banned
|rule|HP Percentage Mod: HP is shown in percentages
|rule|Dynamax Clause: You cannot dynamax
|clearpoke
|poke|p1|Tangrowth, F|
|poke|p1|Dunsparce, M|
|poke|p1|Suicune|
|poke|p1|Landorus-Therian, M|
|poke|p1|Umbreon, F|
|poke|p1|Aegislash, F|
|poke|p2|Ferrothorn, M|
|poke|p2|Landorus-Therian, M|
|poke|p2|Blacephalon|
|poke|p2|Tapu Fini|
|poke|p2|Tapu Lele|
|poke|p2|Weavile, M|
|teampreview
|j|*Lady Monita ☽
|inactive|stareal also wants the timer to be on.
|c|☆KFC Chizza|HF
|inactive|KFC Chizza has 120 seconds left.
|
|t:|1635365671
|start
|switch|p1a: Dunsparce|Dunsparce, M|100/100
|switch|p2a: Ferrothorn|Ferrothorn, M|100/100
|turn|1
|
|t:|1635365679
|move|p1a: Dunsparce|Glare|p2a: Ferrothorn
|-status|p2a: Ferrothorn|par
|move|p2a: Ferrothorn|Stealth Rock|p1a: Dunsparce
|-sidestart|p1: KFC Chizza|move: Stealth Rock
|
|upkeep
|turn|2
|
|t:|1635365686
|move|p1a: Dunsparce|Flamethrower|p2a: Ferrothorn
|-supereffective|p2a: Ferrothorn
|-damage|p2a: Ferrothorn|54/100 par
|move|p2a: Ferrothorn|Leech Seed|p1a: Dunsparce
|-start|p1a: Dunsparce|move: Leech Seed
|
|-heal|p2a: Ferrothorn|60/100 par|[from] item: Leftovers
|-damage|p1a: Dunsparce|88/100|[from] Leech Seed|[of] p2a: Ferrothorn
|-heal|p2a: Ferrothorn|74/100 par|[silent]
|upkeep
|turn|3
|
|t:|1635365694
|switch|p1a: Tangrowth|Tangrowth, F|100/100
|-damage|p1a: Tangrowth|88/100|[from] Stealth Rock
|move|p2a: Ferrothorn|Body Press|p1a: Tangrowth
|-damage|p1a: Tangrowth|73/100
|-damage|p2a: Ferrothorn|58/100 par|[from] item: Rocky Helmet|[of] p1a: Tangrowth
|
|-heal|p2a: Ferrothorn|64/100 par|[from] item: Leftovers
|upkeep
|turn|4
|
|t:|1635365701
|switch|p2a: Landorus|Landorus-Therian, M|100/100
|-ability|p2a: Landorus|Intimidate|boost
|-unboost|p1a: Tangrowth|atk|1
|move|p1a: Tangrowth|Sleep Powder|p2a: Landorus
|-status|p2a: Landorus|slp|[from] move: Sleep Powder
|
|upkeep
|turn|5
|
|t:|1635365706
|switch|p1a: Landorus|Landorus-Therian, M|100/100
|-damage|p1a: Landorus|88/100|[from] Stealth Rock
|-ability|p1a: Landorus|Intimidate|boost
|-unboost|p2a: Landorus|atk|1
|cant|p2a: Landorus|slp
|
|-heal|p1a: Landorus|94/100|[from] item: Leftovers
|upkeep
|turn|6
|
|t:|1635365709
|switch|p2a: Weavile|Weavile, M|100/100
|-ability|p2a: Weavile|Pressure
|move|p1a: Landorus|Defog|p2a: Weavile
|-unboost|p2a: Weavile|evasion|1
|-sideend|p1: KFC Chizza|Stealth Rock|[from] move: Defog|[of] p1a: Landorus
|
|-heal|p1a: Landorus|99/100|[from] item: Leftovers
|upkeep
|turn|7
|
|t:|1635365727
|switch|p2a: Ferrothorn|Ferrothorn, M|64/100 par
|switch|p1a: Suicune|Suicune|100/100
|-ability|p1a: Suicune|Pressure
|
|-heal|p2a: Ferrothorn|70/100 par|[from] item: Leftovers
|upkeep
|turn|8
|j| venson04
|
|t:|1635365734
|switch|p1a: Tangrowth|Tangrowth, F|100/100
|cant|p2a: Ferrothorn|par
|
|-heal|p2a: Ferrothorn|77/100 par|[from] item: Leftovers
|upkeep
|turn|9
|
|t:|1635365736
|move|p1a: Tangrowth|Infestation|p2a: Ferrothorn
|-damage|p2a: Ferrothorn|73/100 par
|-activate|p2a: Ferrothorn|move: Infestation|[of] p1a: Tangrowth
|-damage|p1a: Tangrowth|88/100|[from] ability: Iron Barbs|[of] p2a: Ferrothorn
|move|p2a: Ferrothorn|Stealth Rock|p1a: Tangrowth
|-sidestart|p1: KFC Chizza|move: Stealth Rock
|
|-heal|p2a: Ferrothorn|79/100 par|[from] item: Leftovers
|-damage|p2a: Ferrothorn|66/100 par|[from] move: Infestation|[partiallytrapped]
|upkeep
|turn|10
|
|t:|1635365740
|move|p1a: Tangrowth|Focus Blast|p2a: Ferrothorn
|-supereffective|p2a: Ferrothorn
|-damage|p2a: Ferrothorn|21/100 par
|move|p2a: Ferrothorn|Power Whip|p1a: Tangrowth
|-resisted|p1a: Tangrowth
|-damage|p1a: Tangrowth|78/100
|-damage|p2a: Ferrothorn|4/100 par|[from] item: Rocky Helmet|[of] p1a: Tangrowth
|
|-heal|p2a: Ferrothorn|11/100 par|[from] item: Leftovers
|-damage|p2a: Ferrothorn|0 fnt|[from] move: Infestation|[partiallytrapped]
|faint|p2a: Ferrothorn
|upkeep
|
|t:|1635365748
|switch|p2a: Blacephalon|Blacephalon|100/100
|turn|11
|
|t:|1635365755
|switch|p1a: Suicune|Suicune|100/100
|-damage|p1a: Suicune|88/100|[from] Stealth Rock
|-ability|p1a: Suicune|Pressure
|move|p2a: Blacephalon|Flamethrower|p1a: Suicune
|-resisted|p1a: Suicune
|-crit|p1a: Suicune
|-damage|p1a: Suicune|58/100
|
|-heal|p1a: Suicune|64/100|[from] item: Leftovers
|upkeep
|turn|12
|
|t:|1635365765
|move|p2a: Blacephalon|Shadow Ball|p1a: Suicune
|-damage|p1a: Suicune|31/100
|move|p1a: Suicune|Scald|p2a: Blacephalon
|-supereffective|p2a: Blacephalon
|-damage|p2a: Blacephalon|20/100
|
|-heal|p1a: Suicune|37/100|[from] item: Leftovers
|upkeep
|turn|13
|
|t:|1635365774
|move|p2a: Blacephalon|Flamethrower|p1a: Suicune
|-resisted|p1a: Suicune
|-damage|p1a: Suicune|18/100
|move|p1a: Suicune|Rest|p1a: Suicune
|-status|p1a: Suicune|slp|[from] move: Rest
|-heal|p1a: Suicune|100/100 slp|[silent]
|
|upkeep
|turn|14
|
|t:|1635365781
|switch|p2a: Weavile|Weavile, M|100/100
|-ability|p2a: Weavile|Pressure
|cant|p1a: Suicune|slp
|move|p1a: Suicune|Sleep Talk|p1a: Suicune
|move|p1a: Suicune|Rest||[from]move: Sleep Talk|[still]
|-fail|p1a: Suicune
|
|upkeep
|turn|15
|
|t:|1635365788
|move|p2a: Weavile|Swords Dance|p2a: Weavile
|-boost|p2a: Weavile|atk|2
|cant|p1a: Suicune|slp
|move|p1a: Suicune|Sleep Talk|p1a: Suicune
|move|p1a: Suicune|Scald|p2a: Weavile|[from]move: Sleep Talk
|-damage|p2a: Weavile|64/100
|-status|p2a: Weavile|brn
|
|-damage|p2a: Weavile|58/100 brn|[from] brn
|upkeep
|turn|16
|inactive|KFC Chizza has 120 seconds left.
|l| venson04
|
|t:|1635365831
|move|p2a: Weavile|Knock Off|p1a: Suicune
|-damage|p1a: Suicune|74/100 slp
|-enditem|p1a: Suicune|Leftovers|[from] move: Knock Off|[of] p2a: Weavile
|-curestatus|p1a: Suicune|slp|[msg]
|move|p1a: Suicune|Scald|p2a: Weavile
|-damage|p2a: Weavile|23/100 brn
|
|-damage|p2a: Weavile|17/100 brn|[from] brn
|upkeep
|turn|17
|
|t:|1635365836
|move|p2a: Weavile|Triple Axel|p1a: Suicune
|-resisted|p1a: Suicune
|-damage|p1a: Suicune|71/100
|-resisted|p1a: Suicune
|-damage|p1a: Suicune|65/100
|-resisted|p1a: Suicune
|-damage|p1a: Suicune|58/100
|-hitcount|p1a: Suicune|3
|move|p1a: Suicune|Scald|p2a: Weavile
|-damage|p2a: Weavile|0 fnt
|faint|p2a: Weavile
|
|upkeep
|
|t:|1635365844
|switch|p2a: Tapu Lele|Tapu Lele|100/100
|-fieldstart|move: Psychic Terrain|[from] ability: Psychic Surge|[of] p2a: Tapu Lele
|turn|18
|
|t:|1635365850
|move|p2a: Tapu Lele|Calm Mind|p2a: Tapu Lele
|-boost|p2a: Tapu Lele|spa|1
|-boost|p2a: Tapu Lele|spd|1
|move|p1a: Suicune|Scald|p2a: Tapu Lele
|-damage|p2a: Tapu Lele|83/100
|
|upkeep
|turn|19
|
|t:|1635365863
|switch|p1a: Aegislash|Aegislash, F|100/100
|-damage|p1a: Aegislash|94/100|[from] Stealth Rock
|move|p2a: Tapu Lele|Calm Mind|p2a: Tapu Lele
|-boost|p2a: Tapu Lele|spa|1
|-boost|p2a: Tapu Lele|spd|1
|
|-heal|p1a: Aegislash|100/100|[from] item: Leftovers
|upkeep
|turn|20
|
|t:|1635365868
|move|p2a: Tapu Lele|Psyshock|p1a: Aegislash
|-resisted|p1a: Aegislash
|-damage|p1a: Aegislash|42/100
|-damage|p2a: Tapu Lele|73/100|[from] item: Life Orb
|move|p1a: Aegislash|Metal Sound|p2a: Tapu Lele
|-unboost|p2a: Tapu Lele|spd|2
|
|-heal|p1a: Aegislash|49/100|[from] item: Leftovers
|upkeep
|turn|21
|
|t:|1635365884
|move|p1a: Aegislash|King's Shield|p1a: Aegislash
|-singleturn|p1a: Aegislash|Protect
|move|p2a: Tapu Lele|Psyshock|p1a: Aegislash
|-activate|p1a: Aegislash|move: Protect
|
|-heal|p1a: Aegislash|55/100|[from] item: Leftovers
|upkeep
|turn|22
|
|t:|1635365894
|switch|p1a: Dunsparce|Dunsparce, M|88/100
|-damage|p1a: Dunsparce|76/100|[from] Stealth Rock
|move|p2a: Tapu Lele|Psyshock|p1a: Dunsparce
|-damage|p1a: Dunsparce|0 fnt
|faint|p1a: Dunsparce
|-damage|p2a: Tapu Lele|63/100|[from] item: Life Orb
|
|-fieldend|move: Psychic Terrain
|upkeep
|
|t:|1635365897
|switch|p1a: Aegislash|Aegislash, F|55/100
|-damage|p1a: Aegislash|49/100|[from] Stealth Rock
|turn|23
|
|t:|1635365902
|switch|p2a: Tapu Fini|Tapu Fini|100/100
|-fieldstart|move: Misty Terrain|[from] ability: Misty Surge|[of] p2a: Tapu Fini
|-formechange|p1a: Aegislash|Aegislash-Blade||[from] ability: Stance Change
|move|p1a: Aegislash|Shadow Ball|p2a: Tapu Fini
|-damage|p2a: Tapu Fini|75/100
|
|-heal|p2a: Tapu Fini|81/100|[from] item: Leftovers
|-heal|p1a: Aegislash|55/100|[from] item: Leftovers
|upkeep
|turn|24
|
|t:|1635365915
|switch|p1a: Tangrowth|Tangrowth, F|100/100
|-damage|p1a: Tangrowth|88/100|[from] Stealth Rock
|move|p2a: Tapu Fini|Moonblast|p1a: Tangrowth
|-damage|p1a: Tangrowth|44/100
|
|-heal|p2a: Tapu Fini|87/100|[from] item: Leftovers
|upkeep
|turn|25
|
|t:|1635365925
|switch|p1a: Landorus|Landorus-Therian, M|99/100
|-damage|p1a: Landorus|88/100|[from] Stealth Rock
|-ability|p1a: Landorus|Intimidate|boost
|-unboost|p2a: Tapu Fini|atk|1
|move|p2a: Tapu Fini|Surf|p1a: Landorus
|-supereffective|p1a: Landorus
|-damage|p1a: Landorus|39/100
|
|-heal|p1a: Landorus|45/100|[from] item: Leftovers
|-heal|p2a: Tapu Fini|93/100|[from] item: Leftovers
|upkeep
|turn|26
|
|t:|1635365933
|move|p1a: Landorus|Knock Off|p2a: Tapu Fini
|-resisted|p2a: Tapu Fini
|-damage|p2a: Tapu Fini|82/100
|-enditem|p2a: Tapu Fini|Leftovers|[from] move: Knock Off|[of] p1a: Landorus
|move|p2a: Tapu Fini|Surf|p1a: Landorus
|-supereffective|p1a: Landorus
|-damage|p1a: Landorus|0 fnt
|faint|p1a: Landorus
|
|upkeep
|
|t:|1635365940
|switch|p1a: Tangrowth|Tangrowth, F|77/100
|-damage|p1a: Tangrowth|65/100|[from] Stealth Rock
|turn|27
|
|t:|1635365949
|move|p2a: Tapu Fini|Moonblast|p1a: Tangrowth
|-damage|p1a: Tangrowth|20/100
|move|p1a: Tangrowth|Power Whip|p2a: Tapu Fini
|-supereffective|p2a: Tapu Fini
|-damage|p2a: Tapu Fini|23/100
|
|-fieldend|Misty Terrain
|upkeep
|turn|28
|
|t:|1635365968
|switch|p1a: Suicune|Suicune|58/100
|-damage|p1a: Suicune|46/100|[from] Stealth Rock
|-ability|p1a: Suicune|Pressure
|move|p2a: Tapu Fini|Moonblast|p1a: Suicune
|-damage|p1a: Suicune|22/100
|
|upkeep
|turn|29
|
|t:|1635365973
|move|p1a: Suicune|Rest|p1a: Suicune
|-status|p1a: Suicune|slp|[from] move: Rest
|-heal|p1a: Suicune|100/100 slp|[silent]
|move|p2a: Tapu Fini|Moonblast|p1a: Suicune
|-damage|p1a: Suicune|75/100 slp
|
|upkeep
|turn|30
|
|t:|1635365976
|cant|p1a: Suicune|slp
|move|p1a: Suicune|Sleep Talk|p1a: Suicune
|move|p1a: Suicune|Scald|p2a: Tapu Fini|[from]move: Sleep Talk
|-resisted|p2a: Tapu Fini
|-damage|p2a: Tapu Fini|14/100
|move|p2a: Tapu Fini|Taunt|p1a: Suicune
|-start|p1a: Suicune|move: Taunt
|
|upkeep
|turn|31
|
|t:|1635365983
|cant|p1a: Suicune|slp
|move|p2a: Tapu Fini|Surf|p1a: Suicune
|-resisted|p1a: Suicune
|-damage|p1a: Suicune|63/100 slp
|
|upkeep
|turn|32
|
|t:|1635365987
|-curestatus|p1a: Suicune|slp|[msg]
|move|p1a: Suicune|Scald|p2a: Tapu Fini
|-resisted|p2a: Tapu Fini
|-damage|p2a: Tapu Fini|6/100
|move|p2a: Tapu Fini|Nature's Madness|p1a: Suicune
|-damage|p1a: Suicune|32/100
|
|upkeep
|turn|33
|
|t:|1635366007
|move|p1a: Suicune|Scald|p2a: Tapu Fini
|-resisted|p2a: Tapu Fini
|-damage|p2a: Tapu Fini|0 fnt
|faint|p2a: Tapu Fini
|
|-end|p1a: Suicune|move: Taunt
|upkeep
|
|t:|1635366008
|switch|p2a: Tapu Lele|Tapu Lele|63/100
|-fieldstart|move: Psychic Terrain|[from] ability: Psychic Surge|[of] p2a: Tapu Lele
|turn|34
|
|t:|1635366017
|move|p2a: Tapu Lele|Psyshock|p1a: Suicune
|-damage|p1a: Suicune|0 fnt
|faint|p1a: Suicune
|-damage|p2a: Tapu Lele|53/100|[from] item: Life Orb
|
|upkeep
|
|t:|1635366020
|switch|p1a: Aegislash|Aegislash, F|55/100
|-damage|p1a: Aegislash|49/100|[from] Stealth Rock
|turn|35
|
|t:|1635366027
|switch|p2a: Landorus|Landorus-Therian, M|100/100 slp
|-ability|p2a: Landorus|Intimidate|boost
|-unboost|p1a: Aegislash|atk|1
|-formechange|p1a: Aegislash|Aegislash-Blade||[from] ability: Stance Change
|move|p1a: Aegislash|Shadow Ball|p2a: Landorus
|-damage|p2a: Landorus|75/100 slp
|
|-heal|p2a: Landorus|81/100 slp|[from] item: Leftovers
|-heal|p1a: Aegislash|55/100|[from] item: Leftovers
|upkeep
|turn|36
|j| GodStallerOU
|
|t:|1635366044
|-formechange|p1a: Aegislash|Aegislash||[from] ability: Stance Change
|move|p1a: Aegislash|King's Shield|p1a: Aegislash
|-singleturn|p1a: Aegislash|Protect
|-curestatus|p2a: Landorus|slp|[msg]
|move|p2a: Landorus|U-turn|p1a: Aegislash
|-activate|p1a: Aegislash|move: Protect
|-unboost|p2a: Landorus|atk|1
|
|-heal|p2a: Landorus|87/100|[from] item: Leftovers
|-heal|p1a: Aegislash|61/100|[from] item: Leftovers
|upkeep
|turn|37
|
|t:|1635366056
|switch|p1a: Tangrowth|Tangrowth, F|53/100
|-damage|p1a: Tangrowth|41/100|[from] Stealth Rock
|move|p2a: Landorus|Earthquake|p1a: Tangrowth
|-resisted|p1a: Tangrowth
|-damage|p1a: Tangrowth|32/100
|
|-heal|p2a: Landorus|93/100|[from] item: Leftovers
|upkeep
|turn|38
|
|t:|1635366066
|move|p2a: Landorus|U-turn|p1a: Tangrowth
|-supereffective|p1a: Tangrowth
|-damage|p1a: Tangrowth|17/100
|-damage|p2a: Landorus|76/100|[from] item: Rocky Helmet|[of] p1a: Tangrowth
|
|t:|1635366068
|switch|p2a: Blacephalon|Blacephalon|20/100|[from]move: U-turn
|move|p1a: Tangrowth|Sleep Powder|p2a: Blacephalon
|-status|p2a: Blacephalon|slp|[from] move: Sleep Powder
|
|-fieldend|move: Psychic Terrain
|upkeep
|turn|39
|j| cocorisam
|
|t:|1635366079
|switch|p2a: Landorus|Landorus-Therian, M|76/100
|-ability|p2a: Landorus|Intimidate|boost
|-unboost|p1a: Tangrowth|atk|1
|move|p1a: Tangrowth|Power Whip|p2a: Landorus|[miss]
|-miss|p1a: Tangrowth|p2a: Landorus
|
|-heal|p2a: Landorus|82/100|[from] item: Leftovers
|upkeep
|turn|40
|
|t:|1635366109
|switch|p1a: Umbreon|Umbreon, F|100/100
|-damage|p1a: Umbreon|88/100|[from] Stealth Rock
|move|p2a: Landorus|Earthquake|p1a: Umbreon
|-damage|p1a: Umbreon|61/100
|
|-heal|p2a: Landorus|88/100|[from] item: Leftovers
|-heal|p1a: Umbreon|67/100|[from] item: Leftovers
|upkeep
|turn|41
|
|t:|1635366115
|move|p2a: Landorus|U-turn|p1a: Umbreon
|-supereffective|p1a: Umbreon
|-damage|p1a: Umbreon|40/100
|
|t:|1635366117
|switch|p2a: Tapu Lele|Tapu Lele|53/100|[from]move: U-turn
|-fieldstart|move: Psychic Terrain|[from] ability: Psychic Surge|[of] p2a: Tapu Lele
|move|p1a: Umbreon|Wish|p1a: Umbreon
|
|-heal|p1a: Umbreon|46/100|[from] item: Leftovers
|upkeep
|turn|42
|
|t:|1635366123
|switch|p1a: Aegislash|Aegislash, F|61/100
|-damage|p1a: Aegislash|55/100|[from] Stealth Rock
|move|p2a: Tapu Lele|Calm Mind|p2a: Tapu Lele
|-boost|p2a: Tapu Lele|spa|1
|-boost|p2a: Tapu Lele|spd|1
|
|-heal|p1a: Aegislash|100/100|[from] move: Wish|[wisher] Umbreon
|upkeep
|turn|43
|
|t:|1635366126
|switch|p2a: Landorus|Landorus-Therian, M|88/100
|-ability|p2a: Landorus|Intimidate|boost
|-unboost|p1a: Aegislash|atk|1
|-formechange|p1a: Aegislash|Aegislash-Blade||[from] ability: Stance Change
|move|p1a: Aegislash|Shadow Ball|p2a: Landorus
|-damage|p2a: Landorus|63/100
|-unboost|p2a: Landorus|spd|1
|
|-heal|p2a: Landorus|69/100|[from] item: Leftovers
|upkeep
|turn|44
|
|t:|1635366133
|switch|p1a: Tangrowth|Tangrowth, F|50/100
|-damage|p1a: Tangrowth|38/100|[from] Stealth Rock
|move|p2a: Landorus|Earthquake|p1a: Tangrowth
|-resisted|p1a: Tangrowth
|-damage|p1a: Tangrowth|25/100
|
|-heal|p2a: Landorus|75/100|[from] item: Leftovers
|upkeep
|turn|45
|
|t:|1635366155
|move|p2a: Landorus|Earthquake|p1a: Tangrowth
|-resisted|p1a: Tangrowth
|-damage|p1a: Tangrowth|13/100
|move|p1a: Tangrowth|Power Whip|p2a: Landorus
|-damage|p2a: Landorus|37/100
|
|-heal|p2a: Landorus|43/100|[from] item: Leftovers
|-fieldend|move: Psychic Terrain
|upkeep
|turn|46
|
|t:|1635366166
|switch|p1a: Umbreon|Umbreon, F|46/100
|-damage|p1a: Umbreon|34/100|[from] Stealth Rock
|move|p2a: Landorus|Earthquake|p1a: Umbreon
|-damage|p1a: Umbreon|5/100
|
|-heal|p2a: Landorus|49/100|[from] item: Leftovers
|-heal|p1a: Umbreon|11/100|[from] item: Leftovers
|upkeep
|turn|47
|
|t:|1635366172
|switch|p1a: Tangrowth|Tangrowth, F|46/100
|-damage|p1a: Tangrowth|33/100|[from] Stealth Rock
|move|p2a: Landorus|U-turn|p1a: Tangrowth
|-supereffective|p1a: Tangrowth
|-damage|p1a: Tangrowth|12/100
|-damage|p2a: Landorus|33/100|[from] item: Rocky Helmet|[of] p1a: Tangrowth
|
|t:|1635366174
|switch|p2a: Tapu Lele|Tapu Lele|53/100|[from]move: U-turn
|-fieldstart|move: Psychic Terrain|[from] ability: Psychic Surge|[of] p2a: Tapu Lele
|
|upkeep
|turn|48
|
|t:|1635366185
|switch|p2a: Landorus|Landorus-Therian, M|33/100
|-ability|p2a: Landorus|Intimidate|boost
|-unboost|p1a: Tangrowth|atk|1
|switch|p1a: Umbreon|Umbreon, F|11/100
|-damage|p1a: Umbreon|0 fnt|[from] Stealth Rock
|faint|p1a: Umbreon
|
|-heal|p2a: Landorus|39/100|[from] item: Leftovers
|upkeep
|
|t:|1635366188
|switch|p1a: Tangrowth|Tangrowth, F|45/100
|-damage|p1a: Tangrowth|32/100|[from] Stealth Rock
|turn|49
|
|t:|1635366195
|switch|p2a: Blacephalon|Blacephalon|20/100 slp
|move|p1a: Tangrowth|Power Whip|p2a: Blacephalon|[miss]
|-miss|p1a: Tangrowth|p2a: Blacephalon
|
|upkeep
|turn|50
|
|t:|1635366199
|switch|p1a: Aegislash|Aegislash, F|100/100
|-damage|p1a: Aegislash|94/100|[from] Stealth Rock
|cant|p2a: Blacephalon|slp
|
|-heal|p1a: Aegislash|100/100|[from] item: Leftovers
|upkeep
|turn|51
|
|t:|1635366203
|cant|p2a: Blacephalon|slp
|-formechange|p1a: Aegislash|Aegislash-Blade||[from] ability: Stance Change
|move|p1a: Aegislash|Shadow Ball|p2a: Blacephalon
|-supereffective|p2a: Blacephalon
|-damage|p2a: Blacephalon|0 fnt
|faint|p2a: Blacephalon
|
|-fieldend|move: Psychic Terrain
|upkeep
|
|t:|1635366206
|switch|p2a: Landorus|Landorus-Therian, M|39/100
|-ability|p2a: Landorus|Intimidate|boost
|-unboost|p1a: Aegislash|atk|1
|turn|52
|
|t:|1635366210
|switch|p1a: Tangrowth|Tangrowth, F|66/100
|-damage|p1a: Tangrowth|53/100|[from] Stealth Rock
|move|p2a: Landorus|Earthquake|p1a: Tangrowth
|-resisted|p1a: Tangrowth
|-damage|p1a: Tangrowth|41/100
|
|-heal|p2a: Landorus|45/100|[from] item: Leftovers
|upkeep
|turn|53
|
|t:|1635366220
|move|p2a: Landorus|U-turn|p1a: Tangrowth
|-supereffective|p1a: Tangrowth
|-damage|p1a: Tangrowth|16/100
|-damage|p2a: Landorus|29/100|[from] item: Rocky Helmet|[of] p1a: Tangrowth
|
|t:|1635366221
|switch|p2a: Tapu Lele|Tapu Lele|53/100|[from]move: U-turn
|-fieldstart|move: Psychic Terrain|[from] ability: Psychic Surge|[of] p2a: Tapu Lele
|move|p1a: Tangrowth|Power Whip|p2a: Tapu Lele
|-damage|p2a: Tapu Lele|0 fnt
|faint|p2a: Tapu Lele
|
|upkeep
|
|t:|1635366223
|switch|p2a: Landorus|Landorus-Therian, M|29/100
|-ability|p2a: Landorus|Intimidate|boost
|-unboost|p1a: Tangrowth|atk|1
|turn|54
|
|t:|1635366230
|switch|p1a: Aegislash|Aegislash, F|100/100
|-damage|p1a: Aegislash|94/100|[from] Stealth Rock
|move|p2a: Landorus|Earthquake|p1a: Aegislash
|-supereffective|p1a: Aegislash
|-damage|p1a: Aegislash|18/100
|
|-heal|p2a: Landorus|35/100|[from] item: Leftovers
|-heal|p1a: Aegislash|25/100|[from] item: Leftovers
|upkeep
|turn|55
|
|t:|1635366233
|move|p2a: Landorus|Earthquake|p1a: Aegislash
|-supereffective|p1a: Aegislash
|-damage|p1a: Aegislash|0 fnt
|faint|p1a: Aegislash
|
|-heal|p2a: Landorus|41/100|[from] item: Leftovers
|upkeep
|
|t:|1635366235
|switch|p1a: Tangrowth|Tangrowth, F|49/100
|-damage|p1a: Tangrowth|37/100|[from] Stealth Rock
|turn|56
|
|t:|1635366238
|move|p2a: Landorus|U-turn|p1a: Tangrowth
|-supereffective|p1a: Tangrowth
|-crit|p1a: Tangrowth
|-damage|p1a: Tangrowth|1/100
|-damage|p2a: Landorus|24/100|[from] item: Rocky Helmet|[of] p1a: Tangrowth
|move|p1a: Tangrowth|Sleep Powder|p2a: Landorus
|-status|p2a: Landorus|slp|[from] move: Sleep Powder
|
|-heal|p2a: Landorus|30/100 slp|[from] item: Leftovers
|upkeep
|turn|57
|
|t:|1635366244
|cant|p2a: Landorus|slp
|move|p1a: Tangrowth|Power Whip|p2a: Landorus
|-damage|p2a: Landorus|0 fnt
|faint|p2a: Landorus
|
|win|KFC Chizza
|n|☆KFC Chizza|kfcchizza
|n|☆stareal|stareal
|n|*Lady Monita ☽|ladymonita
|n| GodStallerOU|godstallerou
|n| cocorisam|cocorisam
|l|*Lady Monita ☽
|l|☆stareal
|c|☆KFC Chizza|gg
|c| GodStallerOU|:o
