|j|☆Gurtrant
|j|☆LT82ZW Guatemala
|t:|1633559880
|gametype|singles
|player|p1|Gurtrant|238|1819
|player|p2|LT82ZW Guatemala|102|1828
|teamsize|p1|6
|teamsize|p2|6
|gen|8
|tier|[Gen 8] OU
|rated|
|rule|Sleep Clause Mod: Limit one foe put to sleep
|rule|Species Clause: Limit one of each Pokémon
|rule|OHKO Clause: OHKO moves are banned
|rule|Evasion Moves Clause: Evasion moves are banned
|rule|Endless Battle Clause: Forcing endless battles is banned
|rule|HP Percentage Mod: HP is shown in percentages
|rule|Dynamax Clause: You cannot dynamax
|clearpoke
|poke|p1|Pelipper, F|
|poke|p1|Heliolisk, F|
|poke|p1|Seismitoad, M|
|poke|p1|Barraskewda, F|
|poke|p1|Ferrothorn, M|
|poke|p1|Zapdos|
|poke|p2|Glastrier|
|poke|p2|Mandibuzz, F|
|poke|p2|Nidoking, M|
|poke|p2|Kyurem|
|poke|p2|Victini|
|poke|p2|Mew|
|teampreview
|inactive|Battle timer is ON: inactive players will automatically lose when time's up. (requested by Gurtrant)
|
|t:|1633559894
|start
|switch|p1a: Pelipper|Pelipper, F|100/100
|switch|p2a: Glastrier|Glastrier|100/100
|-weather|RainDance|[from] ability: Drizzle|[of] p1a: Pelipper
|turn|1
|j| 911X
|j| Sorcier anguilion
|j| AirOneee
|
|t:|1633559909
|move|p1a: Pelipper|U-turn|p2a: Glastrier
|-damage|p2a: Glastrier|95/100
|
|t:|1633559915
|switch|p1a: Ferrothorn|Ferrothorn, M|100/100|[from]move: U-turn
|move|p2a: Glastrier|Icicle Crash|p1a: Ferrothorn
|-damage|p1a: Ferrothorn|60/100
|
|-weather|RainDance|[upkeep]
|-heal|p2a: Glastrier|100/100|[from] item: Leftovers
|-heal|p1a: Ferrothorn|66/100|[from] item: Leftovers
|upkeep
|turn|2
|
|t:|1633559926
|move|p2a: Glastrier|Icicle Crash|p1a: Ferrothorn
|-damage|p1a: Ferrothorn|29/100
|move|p1a: Ferrothorn|Leech Seed|p2a: Glastrier
|-start|p2a: Glastrier|move: Leech Seed
|
|-weather|RainDance|[upkeep]
|-heal|p1a: Ferrothorn|35/100|[from] item: Leftovers
|-damage|p2a: Glastrier|88/100|[from] Leech Seed|[of] p1a: Ferrothorn
|-heal|p1a: Ferrothorn|49/100|[silent]
|upkeep
|turn|3
|
|t:|1633559936
|move|p2a: Glastrier|Icicle Crash|p1a: Ferrothorn
|-damage|p1a: Ferrothorn|9/100
|move|p1a: Ferrothorn|Knock Off|p2a: Glastrier
|-damage|p2a: Glastrier|75/100
|-enditem|p2a: Glastrier|Leftovers|[from] move: Knock Off|[of] p1a: Ferrothorn
|
|-weather|RainDance|[upkeep]
|-heal|p1a: Ferrothorn|16/100|[from] item: Leftovers
|-damage|p2a: Glastrier|62/100|[from] Leech Seed|[of] p1a: Ferrothorn
|-heal|p1a: Ferrothorn|30/100|[silent]
|upkeep
|turn|4
|
|t:|1633559940
|move|p2a: Glastrier|Icicle Crash|p1a: Ferrothorn
|-damage|p1a: Ferrothorn|0 fnt
|faint|p1a: Ferrothorn
|-ability|p2a: Glastrier|Chilling Neigh|boost
|-boost|p2a: Glastrier|atk|1
|
|-weather|RainDance|[upkeep]
|upkeep
|j| ArealBadDream
|
|t:|1633559944
|switch|p1a: Barraskewda|Barraskewda, F|100/100
|turn|5
|
|t:|1633559947
|move|p1a: Barraskewda|Liquidation|p2a: Glastrier
|-damage|p2a: Glastrier|0 fnt
|faint|p2a: Glastrier
|
|-weather|RainDance|[upkeep]
|upkeep
|
|t:|1633559950
|switch|p2a: Nidoking|Nidoking, M|100/100
|turn|6
|
|t:|1633559961
|move|p1a: Barraskewda|Liquidation|p2a: Nidoking
|-supereffective|p2a: Nidoking
|-enditem|p2a: Nidoking|Focus Sash
|-damage|p2a: Nidoking|1/100
|-unboost|p2a: Nidoking|def|1
|move|p2a: Nidoking|Sludge Wave|p1a: Barraskewda
|-damage|p1a: Barraskewda|0 fnt
|faint|p1a: Barraskewda
|
|-weather|RainDance|[upkeep]
|upkeep
|
|t:|1633559967
|switch|p1a: Seismitoad|Seismitoad, M|100/100
|turn|7
|
|t:|1633559975
|move|p1a: Seismitoad|Weather Ball|p2a: Nidoking
|-supereffective|p2a: Nidoking
|-damage|p2a: Nidoking|0 fnt
|faint|p2a: Nidoking
|-damage|p1a: Seismitoad|91/100|[from] item: Life Orb
|
|-weather|RainDance|[upkeep]
|upkeep
|
|t:|1633559989
|switch|p2a: Kyurem|Kyurem|100/100
|-ability|p2a: Kyurem|Pressure
|turn|8
|j| Marquesa-10%
|
|t:|1633559994
|move|p1a: Seismitoad|Weather Ball|p2a: Kyurem
|-resisted|p2a: Kyurem
|-damage|p2a: Kyurem|57/100
|-damage|p1a: Seismitoad|81/100|[from] item: Life Orb
|move|p2a: Kyurem|Freeze-Dry|p1a: Seismitoad
|-supereffective|p1a: Seismitoad
|-damage|p1a: Seismitoad|0 fnt
|faint|p1a: Seismitoad
|
|-weather|none
|upkeep
|j| forestcave
|
|t:|1633560000
|switch|p1a: Heliolisk|Heliolisk, F, shiny|100/100
|turn|9
|
|t:|1633560006
|switch|p2a: Mandibuzz|Mandibuzz, F, shiny|100/100
|move|p1a: Heliolisk|Focus Blast|p2a: Mandibuzz
|-damage|p2a: Mandibuzz|62/100
|-unboost|p2a: Mandibuzz|spd|1
|-damage|p1a: Heliolisk|91/100|[from] item: Life Orb
|
|upkeep
|turn|10
|
|t:|1633560010
|move|p1a: Heliolisk|Volt Switch|p2a: Mandibuzz
|-supereffective|p2a: Mandibuzz
|-damage|p2a: Mandibuzz|0 fnt
|faint|p2a: Mandibuzz
|-damage|p1a: Heliolisk|81/100|[from] item: Life Orb
|
|t:|1633560012
|switch|p1a: Pelipper|Pelipper, F|100/100|[from]move: Volt Switch
|-weather|RainDance|[from] ability: Drizzle|[of] p1a: Pelipper
|
|-weather|RainDance|[upkeep]
|upkeep
|
|t:|1633560015
|switch|p2a: Kyurem|Kyurem|57/100
|-ability|p2a: Kyurem|Pressure
|turn|11
|
|t:|1633560019
|move|p2a: Kyurem|Freeze-Dry|p1a: Pelipper
|-supereffective|p1a: Pelipper
|-damage|p1a: Pelipper|0 fnt
|faint|p1a: Pelipper
|
|-weather|RainDance|[upkeep]
|upkeep
|
|t:|1633560022
|switch|p1a: Heliolisk|Heliolisk, F, shiny|81/100
|turn|12
|
|t:|1633560026
|move|p2a: Kyurem|Freeze-Dry|p1a: Heliolisk
|-damage|p1a: Heliolisk|31/100
|move|p1a: Heliolisk|Thunder|p2a: Kyurem
|-resisted|p2a: Kyurem
|-damage|p2a: Kyurem|26/100
|-damage|p1a: Heliolisk|21/100|[from] item: Life Orb
|
|-weather|RainDance|[upkeep]
|-heal|p1a: Heliolisk|34/100|[from] ability: Dry Skin
|upkeep
|turn|13
|j| sdfsdfsdfasd
|
|t:|1633560034
|switch|p2a: Victini|Victini|100/100
|move|p1a: Heliolisk|Thunder|p2a: Victini
|-damage|p2a: Victini|54/100
|-damage|p1a: Heliolisk|24/100|[from] item: Life Orb
|
|-weather|RainDance|[upkeep]
|-heal|p1a: Heliolisk|36/100|[from] ability: Dry Skin
|upkeep
|turn|14
|
|t:|1633560045
|switch|p1a: Zapdos|Zapdos|100/100
|move|p2a: Victini|Glaciate|p1a: Zapdos
|-supereffective|p1a: Zapdos
|-damage|p1a: Zapdos|73/100
|-unboost|p1a: Zapdos|spe|1
|
|-weather|RainDance|[upkeep]
|upkeep
|turn|15
|
|t:|1633560051
|move|p2a: Victini|Bolt Strike|p1a: Zapdos
|-damage|p1a: Zapdos|47/100
|move|p1a: Zapdos|U-turn|p2a: Victini
|-damage|p2a: Victini|39/100
|
|t:|1633560053
|switch|p1a: Heliolisk|Heliolisk, F, shiny|36/100|[from]move: U-turn
|
|-weather|RainDance|[upkeep]
|-heal|p1a: Heliolisk|49/100|[from] ability: Dry Skin
|upkeep
|turn|16
|
|t:|1633560056
|move|p1a: Heliolisk|Thunder|p2a: Victini
|-damage|p2a: Victini|0 fnt
|faint|p2a: Victini
|-damage|p1a: Heliolisk|39/100|[from] item: Life Orb
|
|-weather|RainDance|[upkeep]
|-heal|p1a: Heliolisk|51/100|[from] ability: Dry Skin
|upkeep
|
|t:|1633560064
|switch|p2a: Kyurem|Kyurem|26/100
|-ability|p2a: Kyurem|Pressure
|turn|17
|
|t:|1633560068
|move|p2a: Kyurem|Ice Beam|p1a: Heliolisk
|-damage|p1a: Heliolisk|0 fnt
|faint|p1a: Heliolisk
|
|-weather|none
|upkeep
|j| Jhgcfc
|c|☆LT82ZW Guatemala|Gg
|-message|Gurtrant forfeited.
|
|win|LT82ZW Guatemala
|raw|Gurtrant's rating: 1819 &rarr; <strong>1800</strong><br />(-19 for losing)
|raw|LT82ZW Guatemala's rating: 1828 &rarr; <strong>1847</strong><br />(+19 for winning)
|l|☆Gurtrant
|l| Jhgcfc
|l| AirOneee
|l| forestcave
||Ladder isn't responding, score probably updated but might not have (Request timeout).
