|raw|<div class="broadcast-blue"><strong>This battle is required to be public due to a player having a name starting with 'lt91bb'.</div>
|j|☆LT91BB rrm
|j|☆Tilt Puppet
|t:|1659143671
|gametype|singles
|player|p1|LT91BB rrm|lady|1809
|player|p2|Tilt Puppet|rei|1801
|teamsize|p1|6
|teamsize|p2|6
|gen|8
|tier|[Gen 8] OU
|rated|
|rule|Sleep Clause Mod: Limit one foe put to sleep
|rule|Species Clause: Limit one of each Pokémon
|rule|OHKO Clause: OHKO moves are banned
|rule|Evasion Moves Clause: Evasion moves are banned
|rule|Endless Battle Clause: Forcing endless battles is banned
|rule|HP Percentage Mod: HP is shown in percentages
|rule|Dynamax Clause: You cannot dynamax
|clearpoke
|poke|p1|Tapu Lele|
|poke|p1|Blissey, F|
|poke|p1|Urshifu-*, M|
|poke|p1|Landorus-Therian, M|
|poke|p1|Heatran, F|
|poke|p1|Slowbro, M|
|poke|p2|Landorus-Therian, M|
|poke|p2|Victini|
|poke|p2|Tapu Koko|
|poke|p2|Dragonite, M|
|poke|p2|Ferrothorn, F|
|poke|p2|Clefable, M|
|teampreview
|
|t:|1659143677
|start
|switch|p1a: Urshifu|Urshifu-Rapid-Strike, M|100/100
|switch|p2a: Landorus|Landorus-Therian, M|100/100
|-ability|p2a: Landorus|Intimidate|boost
|-unboost|p1a: Urshifu|atk|1
|turn|1
|
|t:|1659143681
|switch|p2a: Clefable|Clefable, M|100/100
|move|p1a: Urshifu|U-turn|p2a: Clefable
|-resisted|p2a: Clefable
|-crit|p2a: Clefable
|-damage|p2a: Clefable|84/100
|
|t:|1659143683
|switch|p1a: Heatran|Heatran, F|100/100|[from]move: U-turn
|
|upkeep
|turn|2
|
|t:|1659143687
|move|p1a: Heatran|Taunt|p2a: Clefable
|-start|p2a: Clefable|move: Taunt
|cant|p2a: Clefable|move: Taunt|Trick
|
|upkeep
|turn|3
|
|t:|1659143692
|switch|p2a: Landorus|Landorus-Therian, M|100/100
|-ability|p2a: Landorus|Intimidate|boost
|-unboost|p1a: Heatran|atk|1
|move|p1a: Heatran|Stealth Rock|p2a: Landorus
|-sidestart|p2: Tilt Puppet|move: Stealth Rock
|
|upkeep
|turn|4
|
|t:|1659143696
|switch|p1a: Slowbro|Slowbro, M|100/100
|move|p2a: Landorus|Stealth Rock|p1a: Slowbro
|-sidestart|p1: LT91BB rrm|move: Stealth Rock
|
|upkeep
|turn|5
|
|t:|1659143702
|switch|p2a: Clefable|Clefable, M|84/100
|move|p1a: Slowbro|Ice Beam|p2a: Clefable
|-damage|p2a: Clefable|67/100
|
|upkeep
|turn|6
|
|t:|1659143709
|switch|p1a: Blissey|Blissey, F|100/100
|move|p2a: Clefable|Trick|p1a: Blissey
|-activate|p2a: Clefable|move: Trick|[of] p1a: Blissey
|-item|p1a: Blissey|Sticky Barb|[from] move: Trick
|-item|p2a: Clefable|Heavy-Duty Boots|[from] move: Trick
|
|-damage|p1a: Blissey|88/100|[from] item: Sticky Barb
|upkeep
|turn|7
|
|t:|1659143714
|move|p2a: Clefable|Soft-Boiled|p2a: Clefable
|-heal|p2a: Clefable|100/100
|move|p1a: Blissey|Teleport|p1a: Blissey
|
|t:|1659143716
|switch|p1a: Heatran|Heatran, F|100/100|[from]move: Teleport
|-damage|p1a: Heatran|88/100|[from] Stealth Rock
|
|-heal|p1a: Heatran|94/100|[from] item: Leftovers
|upkeep
|turn|8
|
|t:|1659143720
|move|p1a: Heatran|Magma Storm|p2a: Clefable
|-damage|p2a: Clefable|64/100
|-activate|p2a: Clefable|move: Magma Storm|[of] p1a: Heatran
|move|p2a: Clefable|Trick|p1a: Heatran
|-activate|p2a: Clefable|move: Trick|[of] p1a: Heatran
|-item|p1a: Heatran|Heavy-Duty Boots|[from] move: Trick
|-item|p2a: Clefable|Leftovers|[from] move: Trick
|
|-heal|p2a: Clefable|70/100|[from] item: Leftovers
|upkeep
|turn|9
|
|t:|1659143727
|move|p1a: Heatran|Taunt|p2a: Clefable
|-start|p2a: Clefable|move: Taunt
|move|p2a: Clefable|Moonblast|p1a: Heatran
|-resisted|p1a: Heatran
|-damage|p1a: Heatran|89/100
|
|-heal|p2a: Clefable|76/100|[from] item: Leftovers
|upkeep
|turn|10
|
|t:|1659143730
|move|p1a: Heatran|Magma Storm|p2a: Clefable
|-damage|p2a: Clefable|39/100
|move|p2a: Clefable|Moonblast|p1a: Heatran
|-resisted|p1a: Heatran
|-damage|p1a: Heatran|84/100
|-unboost|p1a: Heatran|spa|1
|
|-heal|p2a: Clefable|45/100|[from] item: Leftovers
|upkeep
|turn|11
|
|t:|1659143733
|move|p1a: Heatran|Magma Storm|p2a: Clefable
|-damage|p2a: Clefable|22/100
|move|p2a: Clefable|Moonblast|p1a: Heatran
|-resisted|p1a: Heatran
|-damage|p1a: Heatran|79/100
|
|-heal|p2a: Clefable|28/100|[from] item: Leftovers
|-end|p2a: Clefable|move: Taunt
|upkeep
|turn|12
|
|t:|1659143737
|move|p1a: Heatran|Taunt|p2a: Clefable
|-start|p2a: Clefable|move: Taunt
|cant|p2a: Clefable|move: Taunt|Soft-Boiled
|
|-heal|p2a: Clefable|34/100|[from] item: Leftovers
|-end|p2a: Clefable|Magma Storm|[partiallytrapped]
|upkeep
|turn|13
|
|t:|1659143748
|switch|p1a: Tapu Lele|Tapu Lele|100/100
|-damage|p1a: Tapu Lele|88/100|[from] Stealth Rock
|-fieldstart|move: Psychic Terrain|[from] ability: Psychic Surge|[of] p1a: Tapu Lele
|switch|p2a: Dragonite|Dragonite, M|100/100
|
|upkeep
|turn|14
|
|t:|1659143751
|switch|p2a: Ferrothorn|Ferrothorn, F|100/100
|-damage|p2a: Ferrothorn|94/100|[from] Stealth Rock
|move|p1a: Tapu Lele|Moonblast|p2a: Ferrothorn
|-resisted|p2a: Ferrothorn
|-damage|p2a: Ferrothorn|63/100
|-unboost|p2a: Ferrothorn|spa|1
|
|-heal|p2a: Ferrothorn|69/100|[from] item: Leftovers
|upkeep
|turn|15
|
|t:|1659143756
|move|p1a: Tapu Lele|Moonblast|p2a: Ferrothorn
|-resisted|p2a: Ferrothorn
|-damage|p2a: Ferrothorn|36/100
|-unboost|p2a: Ferrothorn|spa|1
|move|p2a: Ferrothorn|Spikes|p1a: Tapu Lele
|-sidestart|p1: LT91BB rrm|Spikes
|
|-heal|p2a: Ferrothorn|42/100|[from] item: Leftovers
|upkeep
|turn|16
|
|t:|1659143761
|move|p1a: Tapu Lele|Moonblast|p2a: Ferrothorn
|-resisted|p2a: Ferrothorn
|-damage|p2a: Ferrothorn|9/100
|-unboost|p2a: Ferrothorn|spa|1
|move|p2a: Ferrothorn|Power Whip|p1a: Tapu Lele
|-damage|p1a: Tapu Lele|23/100
|
|-heal|p2a: Ferrothorn|15/100|[from] item: Leftovers
|upkeep
|turn|17
|
|t:|1659143767
|switch|p2a: Victini|Victini|100/100
|move|p1a: Tapu Lele|Moonblast|p2a: Victini
|-resisted|p2a: Victini
|-damage|p2a: Victini|64/100
|
|-fieldend|move: Psychic Terrain
|upkeep
|turn|18
|j| krbyptty
|
|t:|1659143771
|switch|p1a: Landorus|Landorus-Therian, M|100/100
|-damage|p1a: Landorus|88/100|[from] Stealth Rock
|-ability|p1a: Landorus|Intimidate|boost
|-unboost|p2a: Victini|atk|1
|move|p2a: Victini|Glaciate|p1a: Landorus
|-supereffective|p1a: Landorus
|-damage|p1a: Landorus|33/100
|-unboost|p1a: Landorus|spe|1
|
|-heal|p1a: Landorus|39/100|[from] item: Leftovers
|upkeep
|turn|19
|j| Foutaise.1
|
|t:|1659143775
|switch|p1a: Slowbro|Slowbro, M|100/100
|-damage|p1a: Slowbro|88/100|[from] Stealth Rock
|-damage|p1a: Slowbro|76/100|[from] Spikes
|move|p2a: Victini|Glaciate|p1a: Slowbro
|-resisted|p1a: Slowbro
|-damage|p1a: Slowbro|68/100
|-unboost|p1a: Slowbro|spe|1
|
|upkeep
|turn|20
|
|t:|1659143778
|move|p2a: Victini|Bolt Strike|p1a: Slowbro
|-supereffective|p1a: Slowbro
|-damage|p1a: Slowbro|37/100
|-damage|p2a: Victini|47/100|[from] item: Rocky Helmet|[of] p1a: Slowbro
|move|p1a: Slowbro|Teleport|p1a: Slowbro
|
|t:|1659143781
|switch|p1a: Urshifu|Urshifu-Rapid-Strike, M|100/100|[from]move: Teleport
|-damage|p1a: Urshifu|94/100|[from] Stealth Rock
|-damage|p1a: Urshifu|82/100|[from] Spikes
|
|upkeep
|turn|21
|
|t:|1659143784
|switch|p2a: Ferrothorn|Ferrothorn, F|15/100
|-damage|p2a: Ferrothorn|9/100|[from] Stealth Rock
|move|p1a: Urshifu|U-turn|p2a: Ferrothorn
|-damage|p2a: Ferrothorn|0 fnt
|-damage|p1a: Urshifu|70/100|[from] ability: Iron Barbs|[of] p2a: Ferrothorn
|faint|p2a: Ferrothorn
|
|t:|1659143791
|switch|p1a: Slowbro|Slowbro, M|70/100|[from]move: U-turn
|-damage|p1a: Slowbro|57/100|[from] Stealth Rock
|-damage|p1a: Slowbro|45/100|[from] Spikes
|
|upkeep
|
|t:|1659143803
|switch|p2a: Tapu Koko|Tapu Koko|100/100
|-fieldstart|move: Electric Terrain|[from] ability: Electric Surge|[of] p2a: Tapu Koko
|turn|22
|
|t:|1659143808
|switch|p1a: Blissey|Blissey, F|88/100
|-damage|p1a: Blissey|76/100|[from] Stealth Rock
|-damage|p1a: Blissey|63/100|[from] Spikes
|move|p2a: Tapu Koko|Thunderbolt|p1a: Blissey
|-damage|p1a: Blissey|46/100
|
|-damage|p1a: Blissey|33/100|[from] item: Sticky Barb
|upkeep
|turn|23
|
|t:|1659143815
|switch|p2a: Clefable|Clefable, M|34/100
|move|p1a: Blissey|Soft-Boiled|p1a: Blissey
|-heal|p1a: Blissey|83/100
|
|-heal|p2a: Clefable|40/100|[from] item: Leftovers
|-damage|p1a: Blissey|71/100|[from] item: Sticky Barb
|upkeep
|turn|24
|
|t:|1659143817
|move|p2a: Clefable|Soft-Boiled|p2a: Clefable
|-heal|p2a: Clefable|90/100
|move|p1a: Blissey|Thunder Wave|p2a: Clefable
|-status|p2a: Clefable|par
|
|-heal|p2a: Clefable|96/100 par|[from] item: Leftovers
|-damage|p1a: Blissey|58/100|[from] item: Sticky Barb
|upkeep
|turn|25
|
|t:|1659143823
|move|p2a: Clefable|Aromatherapy|p2a: Clefable
|-activate|p2a: Clefable|move: Aromatherapy
|-curestatus|p2a: Clefable|par|[msg]
|move|p1a: Blissey|Teleport|p1a: Blissey
|
|t:|1659143829
|switch|p1a: Heatran|Heatran, F|79/100|[from]move: Teleport
|
|-heal|p2a: Clefable|100/100|[from] item: Leftovers
|upkeep
|turn|26
|
|t:|1659143836
|move|p1a: Heatran|Magma Storm|p2a: Clefable
|-damage|p2a: Clefable|67/100
|-activate|p2a: Clefable|move: Magma Storm|[of] p1a: Heatran
|move|p2a: Clefable|Moonblast|p1a: Heatran
|-resisted|p1a: Heatran
|-damage|p1a: Heatran|74/100
|
|-heal|p2a: Clefable|74/100|[from] item: Leftovers
|-fieldend|move: Electric Terrain
|upkeep
|turn|27
|
|t:|1659143847
|move|p1a: Heatran|Magma Storm|p2a: Clefable
|-damage|p2a: Clefable|39/100
|move|p2a: Clefable|Moonblast|p1a: Heatran
|-resisted|p1a: Heatran
|-damage|p1a: Heatran|69/100
|
|-heal|p2a: Clefable|45/100|[from] item: Leftovers
|upkeep
|turn|28
|
|t:|1659143852
|move|p1a: Heatran|Taunt|p2a: Clefable
|-start|p2a: Clefable|move: Taunt
|move|p2a: Clefable|Moonblast|p1a: Heatran
|-resisted|p1a: Heatran
|-damage|p1a: Heatran|64/100
|-unboost|p1a: Heatran|spa|1
|
|-heal|p2a: Clefable|51/100|[from] item: Leftovers
|upkeep
|turn|29
|
|t:|1659143874
|move|p1a: Heatran|Magma Storm|p2a: Clefable|[miss]
|-miss|p1a: Heatran|p2a: Clefable
|move|p2a: Clefable|Moonblast|p1a: Heatran
|-resisted|p1a: Heatran
|-damage|p1a: Heatran|58/100
|-unboost|p1a: Heatran|spa|1
|
|-heal|p2a: Clefable|57/100|[from] item: Leftovers
|upkeep
|turn|30
|
|t:|1659143878
|move|p1a: Heatran|Earth Power|p2a: Clefable
|-damage|p2a: Clefable|46/100
|move|p2a: Clefable|Moonblast|p1a: Heatran
|-resisted|p1a: Heatran
|-damage|p1a: Heatran|53/100
|
|-heal|p2a: Clefable|52/100|[from] item: Leftovers
|-end|p2a: Clefable|Magma Storm|[partiallytrapped]
|-end|p2a: Clefable|move: Taunt
|upkeep
|turn|31
|
|t:|1659143882
|move|p1a: Heatran|Taunt|p2a: Clefable
|-start|p2a: Clefable|move: Taunt
|move|p2a: Clefable|Moonblast|p1a: Heatran
|-resisted|p1a: Heatran
|-damage|p1a: Heatran|47/100
|
|-heal|p2a: Clefable|59/100|[from] item: Leftovers
|upkeep
|turn|32
|
|t:|1659143885
|switch|p1a: Slowbro|Slowbro, M|78/100
|-damage|p1a: Slowbro|66/100|[from] Stealth Rock
|-damage|p1a: Slowbro|53/100|[from] Spikes
|move|p2a: Clefable|Moonblast|p1a: Slowbro
|-damage|p1a: Slowbro|23/100
|-unboost|p1a: Slowbro|spa|1
|
|-heal|p2a: Clefable|65/100|[from] item: Leftovers
|upkeep
|turn|33
|
|t:|1659143888
|move|p2a: Clefable|Moonblast|p1a: Slowbro
|-damage|p1a: Slowbro|0 fnt
|faint|p1a: Slowbro
|
|-heal|p2a: Clefable|71/100|[from] item: Leftovers
|-end|p2a: Clefable|move: Taunt
|upkeep
|
|t:|1659143890
|switch|p1a: Landorus|Landorus-Therian, M|39/100
|-damage|p1a: Landorus|26/100|[from] Stealth Rock
|-ability|p1a: Landorus|Intimidate|boost
|-unboost|p2a: Clefable|atk|1
|turn|34
|
|t:|1659143893
|switch|p2a: Landorus|Landorus-Therian, M|100/100
|-damage|p2a: Landorus|88/100|[from] Stealth Rock
|-ability|p2a: Landorus|Intimidate|boost
|-unboost|p1a: Landorus|atk|1
|move|p1a: Landorus|Defog|p2a: Landorus
|-unboost|p2a: Landorus|evasion|1
|-sideend|p2: Tilt Puppet|Stealth Rock|[from] move: Defog|[of] p1a: Landorus
|-sideend|p1: LT91BB rrm|Spikes|[from] move: Defog|[of] p1a: Landorus
|-sideend|p1: LT91BB rrm|Stealth Rock|[from] move: Defog|[of] p1a: Landorus
|
|-heal|p1a: Landorus|32/100|[from] item: Leftovers
|upkeep
|turn|35
|
|t:|1659143895
|move|p2a: Landorus|Stealth Rock|p1a: Landorus
|-sidestart|p1: LT91BB rrm|move: Stealth Rock
|move|p1a: Landorus|U-turn|p2a: Landorus
|-resisted|p2a: Landorus
|-damage|p2a: Landorus|80/100
|
|t:|1659143897
|switch|p1a: Urshifu|Urshifu-Rapid-Strike, M|70/100|[from]move: U-turn
|-damage|p1a: Urshifu|64/100|[from] Stealth Rock
|
|upkeep
|turn|36
|
|t:|1659143902
|move|p1a: Urshifu|Ice Punch|p2a: Landorus
|-supereffective|p2a: Landorus
|-damage|p2a: Landorus|0 fnt
|faint|p2a: Landorus
|
|upkeep
|
|t:|1659143905
|switch|p2a: Victini|Victini|47/100
|turn|37
|
|t:|1659143909
|switch|p1a: Heatran|Heatran, F|47/100
|move|p2a: Victini|Glaciate|p1a: Heatran
|-resisted|p1a: Heatran
|-damage|p1a: Heatran|45/100
|-unboost|p1a: Heatran|spe|1
|
|upkeep
|turn|38
|
|t:|1659143913
|move|p2a: Victini|Bolt Strike|p1a: Heatran
|-damage|p1a: Heatran|11/100
|move|p1a: Heatran|Stealth Rock|p2a: Victini
|-sidestart|p2: Tilt Puppet|move: Stealth Rock
|
|upkeep
|turn|39
|
|t:|1659143915
|move|p2a: Victini|Bolt Strike|p1a: Heatran
|-damage|p1a: Heatran|0 fnt
|faint|p1a: Heatran
|
|upkeep
|
|t:|1659143917
|switch|p1a: Urshifu|Urshifu-Rapid-Strike, M|64/100
|-damage|p1a: Urshifu|57/100|[from] Stealth Rock
|turn|40
|
|t:|1659143924
|move|p1a: Urshifu|Surging Strikes|p2a: Victini
|-supereffective|p2a: Victini
|-crit|p2a: Victini
|-damage|p2a: Victini|10/100
|-supereffective|p2a: Victini
|-crit|p2a: Victini
|-damage|p2a: Victini|0 fnt
|faint|p2a: Victini
|-hitcount|p2: Victini|2
|
|upkeep
|
|t:|1659143927
|switch|p2a: Dragonite|Dragonite, M|100/100
|turn|41
|
|t:|1659143929
|switch|p1a: Blissey|Blissey, F|58/100
|-damage|p1a: Blissey|46/100|[from] Stealth Rock
|move|p2a: Dragonite|Dragon Dance|p2a: Dragonite
|-boost|p2a: Dragonite|atk|1
|-boost|p2a: Dragonite|spe|1
|
|-damage|p1a: Blissey|33/100|[from] item: Sticky Barb
|upkeep
|turn|42
|
|t:|1659143932
|move|p2a: Dragonite|Earthquake|p1a: Blissey
|-damage|p1a: Blissey|0 fnt
|faint|p1a: Blissey
|
|upkeep
|
|t:|1659143934
|switch|p1a: Urshifu|Urshifu-Rapid-Strike, M|57/100
|-damage|p1a: Urshifu|51/100|[from] Stealth Rock
|turn|43
|
|t:|1659143937
|move|p1a: Urshifu|Ice Punch|p2a: Dragonite
|-supereffective|p2a: Dragonite
|-damage|p2a: Dragonite|44/100
|move|p2a: Dragonite|Earthquake|p1a: Urshifu
|-damage|p1a: Urshifu|0 fnt
|faint|p1a: Urshifu
|
|upkeep
|
|t:|1659143942
|switch|p1a: Landorus|Landorus-Therian, M|32/100
|-damage|p1a: Landorus|20/100|[from] Stealth Rock
|-ability|p1a: Landorus|Intimidate|boost
|-unboost|p2a: Dragonite|atk|1
|turn|44
|
|t:|1659143948
|move|p2a: Dragonite|Ice Punch|p1a: Landorus
|-supereffective|p1a: Landorus
|-damage|p1a: Landorus|0 fnt
|faint|p1a: Landorus
|
|upkeep
|-message|LT91BB rrm forfeited.
|
|win|Tilt Puppet
|raw|LT91BB rrm's rating: 1809 &rarr; <strong>1789</strong><br />(-20 for losing)
|raw|Tilt Puppet's rating: 1801 &rarr; <strong>1821</strong><br />(+20 for winning)
|l|☆LT91BB rrm
||Ladder isn't responding, score probably updated but might not have (Request timeout).
