|j|☆aeroplanefighter
|j|☆ripreckful
|inactive|Battle timer is ON: inactive players will automatically lose when time's up.
|t:|1650690762
|gametype|singles
|player|p1|aeroplanefighter|265|
|player|p2|ripreckful|lucas|
|teamsize|p1|6
|teamsize|p2|6
|gen|8
|tier|[Gen 8] OU
|rated|Tournament battle
|rule|Sleep Clause Mod: Limit one foe put to sleep
|rule|Species Clause: Limit one of each Pokémon
|rule|OHKO Clause: OHKO moves are banned
|rule|Evasion Moves Clause: Evasion moves are banned
|rule|Endless Battle Clause: Forcing endless battles is banned
|rule|HP Percentage Mod: HP is shown in percentages
|rule|Dynamax Clause: You cannot dynamax
|clearpoke
|poke|p1|Slowbro-Galar, F|
|poke|p1|Grimmsnarl, M|
|poke|p1|Kartana|
|poke|p1|Landorus-Therian, M|
|poke|p1|Moltres-Galar|
|poke|p1|Glastrier|
|poke|p2|Dragapult, F|
|poke|p2|Marowak-Alola, M|
|poke|p2|Hydreigon, M|
|poke|p2|Landorus-Therian, M|
|poke|p2|Weavile, F|
|poke|p2|Ferrothorn, M|
|teampreview
|inactive|ripreckful also wants the timer to be on.
|
|t:|1650690768
|start
|switch|p1a: Grimmsnarl|Grimmsnarl, M|100/100
|switch|p2a: Ferrothorn|Ferrothorn, M|100/100
|turn|1
|
|t:|1650690771
|move|p1a: Grimmsnarl|Taunt|p2a: Ferrothorn
|-start|p2a: Ferrothorn|move: Taunt
|move|p2a: Ferrothorn|Gyro Ball|p1a: Grimmsnarl
|-supereffective|p1a: Grimmsnarl
|-damage|p1a: Grimmsnarl|39/100
|
|upkeep
|turn|2
|
|t:|1650690773
|move|p1a: Grimmsnarl|Reflect|p1a: Grimmsnarl
|-sidestart|p1: aeroplanefighter|Reflect
|move|p2a: Ferrothorn|Gyro Ball|p1a: Grimmsnarl
|-supereffective|p1a: Grimmsnarl
|-damage|p1a: Grimmsnarl|8/100
|
|upkeep
|turn|3
|
|t:|1650690776
|move|p1a: Grimmsnarl|Light Screen|p1a: Grimmsnarl
|-sidestart|p1: aeroplanefighter|move: Light Screen
|move|p2a: Ferrothorn|Gyro Ball|p1a: Grimmsnarl
|-supereffective|p1a: Grimmsnarl
|-damage|p1a: Grimmsnarl|0 fnt
|faint|p1a: Grimmsnarl
|
|-end|p2a: Ferrothorn|move: Taunt
|upkeep
|
|t:|1650690779
|switch|p1a: Glastrier|Glastrier|100/100
|turn|4
|
|t:|1650690788
|move|p1a: Glastrier|Swords Dance|p1a: Glastrier
|-boost|p1a: Glastrier|atk|2
|move|p2a: Ferrothorn|Gyro Ball|p1a: Glastrier
|-supereffective|p1a: Glastrier
|-damage|p1a: Glastrier|85/100
|
|upkeep
|turn|5
|j| maxxxnuel
|
|t:|1650690792
|switch|p2a: Tay-K|Marowak-Alola, M|100/100
|move|p1a: Glastrier|Close Combat|p2a: Tay-K
|-immune|p2a: Tay-K
|
|upkeep
|turn|6
|
|t:|1650690802
|move|p2a: Tay-K|Fire Punch|p1a: Glastrier
|-supereffective|p1a: Glastrier
|-damage|p1a: Glastrier|42/100
|move|p1a: Glastrier|High Horsepower|p2a: Tay-K
|-supereffective|p2a: Tay-K
|-damage|p2a: Tay-K|0 fnt
|faint|p2a: Tay-K
|-ability|p1a: Glastrier|Chilling Neigh|boost
|-boost|p1a: Glastrier|atk|1
|
|upkeep
|
|t:|1650690807
|switch|p2a: Dragapult|Dragapult, F|100/100
|turn|7
|-activate|p1a: Glastrier|item: Quick Claw
|
|t:|1650690810
|move|p1a: Glastrier|Icicle Crash|p2a: Dragapult
|-supereffective|p2a: Dragapult
|-damage|p2a: Dragapult|0 fnt
|faint|p2a: Dragapult
|-ability|p1a: Glastrier|Chilling Neigh|boost
|-boost|p1a: Glastrier|atk|1
|
|upkeep
|c|☆ripreckful|ah
|c|☆aeroplanefighter|:)
|c|☆aeroplanefighter|it is rolling
|c|☆aeroplanefighter|snow ball
|
|t:|1650690821
|switch|p2a: Hydreigon|Hydreigon, M|100/100
|turn|8
|
|t:|1650690824
|move|p2a: Hydreigon|Draco Meteor|p1a: Glastrier
|-damage|p1a: Glastrier|15/100
|-unboost|p2a: Hydreigon|spa|2
|move|p1a: Glastrier|Close Combat|p2a: Hydreigon
|-supereffective|p2a: Hydreigon
|-damage|p2a: Hydreigon|0 fnt
|-unboost|p1a: Glastrier|def|1
|-unboost|p1a: Glastrier|spd|1
|faint|p2a: Hydreigon
|-ability|p1a: Glastrier|Chilling Neigh|boost
|-boost|p1a: Glastrier|atk|1
|
|upkeep
|
|t:|1650690831
|switch|p2a: Landorus|Landorus-Therian, M|100/100
|-ability|p2a: Landorus|Intimidate|boost
|-unboost|p1a: Glastrier|atk|1
|turn|9
|
|t:|1650690833
|move|p2a: Landorus|Earthquake|p1a: Glastrier
|-damage|p1a: Glastrier|0 fnt
|faint|p1a: Glastrier
|
|-sideend|p1: aeroplanefighter|Reflect
|upkeep
|
|t:|1650690837
|switch|p1a: Moltres|Moltres-Galar|100/100
|turn|10
|
|t:|1650690854
|move|p1a: Moltres|Nasty Plot|p1a: Moltres
|-boost|p1a: Moltres|spa|2
|move|p2a: Landorus|U-turn|p1a: Moltres
|-damage|p1a: Moltres|74/100
|
|t:|1650690856
|switch|p2a: Weavile|Weavile, F|100/100|[from]move: U-turn
|-ability|p2a: Weavile|Pressure
|
|-sideend|p1: aeroplanefighter|move: Light Screen
|upkeep
|turn|11
|
|t:|1650690859
|move|p2a: Weavile|Triple Axel|p1a: Moltres
|-supereffective|p1a: Moltres
|-damage|p1a: Moltres|46/100
|-supereffective|p1a: Moltres
|-damage|p1a: Moltres|0 fnt
|faint|p1a: Moltres
|-hitcount|p1: Moltres|2
|
|upkeep
|
|t:|1650690863
|switch|p1a: Kartana|Kartana, shiny|100/100
|turn|12
|
|t:|1650690869
|switch|p2a: Ferrothorn|Ferrothorn, M|100/100
|move|p1a: Kartana|Swords Dance|p1a: Kartana
|-boost|p1a: Kartana|atk|2
|
|upkeep
|turn|13
|
|t:|1650690872
|move|p1a: Kartana|Sacred Sword|p2a: Ferrothorn
|-supereffective|p2a: Ferrothorn
|-damage|p2a: Ferrothorn|0 fnt
|-damage|p1a: Kartana|88/100|[from] ability: Iron Barbs|[of] p2a: Ferrothorn
|faint|p2a: Ferrothorn
|-ability|p1a: Kartana|Beast Boost|boost
|-boost|p1a: Kartana|atk|1
|
|upkeep
|
|t:|1650690876
|switch|p2a: Weavile|Weavile, F|100/100
|-ability|p2a: Weavile|Pressure
|turn|14
|
|t:|1650690884
|move|p2a: Weavile|Triple Axel|p1a: Kartana
|-damage|p1a: Kartana|77/100
|-damage|p1a: Kartana|55/100
|-damage|p1a: Kartana|23/100
|-hitcount|p1a: Kartana|3
|move|p1a: Kartana|Sacred Sword|p2a: Weavile
|-supereffective|p2a: Weavile
|-damage|p2a: Weavile|0 fnt
|faint|p2a: Weavile
|-ability|p1a: Kartana|Beast Boost|boost
|-boost|p1a: Kartana|atk|1
|
|upkeep
|
|t:|1650690889
|switch|p2a: Landorus|Landorus-Therian, M|100/100
|-ability|p2a: Landorus|Intimidate|boost
|-unboost|p1a: Kartana|atk|1
|turn|15
|c|☆ripreckful|gg
|
|t:|1650690891
|move|p1a: Kartana|Leaf Blade|p2a: Landorus
|-crit|p2a: Landorus
|-damage|p2a: Landorus|0 fnt
|faint|p2a: Landorus
|
|win|aeroplanefighter
|n|☆aeroplanefighter|aeroplanefighter
|n|☆ripreckful|ripreckful
|n| maxxxnuel|maxxxnuel
|j| vkhss is cool
|c|☆aeroplanefighter|gg
|l| vkhss is cool
|l| maxxxnuel
