|j|☆Le-Perpetrator
|j|☆testotesto321
|player|p1|Le-Perpetrator|1|1717
|player|p2|testotesto321|bellelba|1705
|teamsize|p1|6
|teamsize|p2|6
|gametype|singles
|gen|8
|tier|[Gen 8] OU
|rated|
|clearpoke
|poke|p1|Cinderace, F|
|poke|p1|Hatterene, F|
|poke|p1|Togekiss, F|
|poke|p1|Ferrothorn, M|
|poke|p1|Zeraora|
|poke|p1|Toxapex, M|
|poke|p2|Gengar, M|
|poke|p2|Zeraora|
|poke|p2|Hydreigon, F|
|poke|p2|Hippowdon, F|
|poke|p2|Corviknight, F|
|poke|p2|Toxapex, F|
|rule|Sleep Clause Mod: Limit one foe put to sleep
|rule|Species Clause: Limit one of each Pokémon
|rule|OHKO Clause: OHKO moves are banned
|rule|Evasion Moves Clause: Evasion moves are banned
|rule|Endless Battle Clause: Forcing endless battles is banned
|rule|HP Percentage Mod: HP is shown in percentages
|rule|Dynamax Clause: You cannot dynamax
|teampreview
|
|start
|switch|p1a: Togekiss|Togekiss, F|100/100
|switch|p2a: Hydreigon|Hydreigon, F|100/100
|turn|1
|
|move|p2a: Hydreigon|U-turn|p1a: Togekiss
|-resisted|p1a: Togekiss
|-damage|p1a: Togekiss|96/100
|
|switch|p2a: Corviknight|Corviknight, F, shiny|100/100|[from]move: U-turn
|-ability|p2a: Corviknight|Pressure
|move|p1a: Togekiss|Air Slash|p2a: Corviknight
|-resisted|p2a: Corviknight
|-damage|p2a: Corviknight|88/100
|
|-heal|p1a: Togekiss|100/100|[from] item: Leftovers
|-heal|p2a: Corviknight|94/100|[from] item: Leftovers
|upkeep
|turn|2
|
|move|p1a: Togekiss|Flamethrower|p2a: Corviknight
|-supereffective|p2a: Corviknight
|-damage|p2a: Corviknight|54/100
|-status|p2a: Corviknight|brn
|move|p2a: Corviknight|U-turn|p1a: Togekiss
|-resisted|p1a: Togekiss
|-damage|p1a: Togekiss|99/100
|
|switch|p2a: Zeraora|Zeraora|100/100|[from]move: U-turn
|
|-heal|p1a: Togekiss|100/100|[from] item: Leftovers
|upkeep
|turn|3
|
|switch|p1a: Ferrothorn|Ferrothorn, M|100/100
|move|p2a: Zeraora|Close Combat|p1a: Ferrothorn
|-supereffective|p1a: Ferrothorn
|-damage|p1a: Ferrothorn|42/100
|-unboost|p2a: Zeraora|def|1
|-unboost|p2a: Zeraora|spd|1
|-damage|p2a: Zeraora|88/100|[from] ability: Iron Barbs|[of] p1a: Ferrothorn
|-damage|p2a: Zeraora|72/100|[from] item: Rocky Helmet|[of] p1a: Ferrothorn
|
|upkeep
|turn|4
|
|switch|p2a: Corviknight|Corviknight, F, shiny|54/100 brn
|-ability|p2a: Corviknight|Pressure
|switch|p1a: Toxapex|Toxapex, M|100/100
|
|-heal|p2a: Corviknight|61/100 brn|[from] item: Leftovers
|-damage|p2a: Corviknight|54/100 brn|[from] brn
|upkeep
|turn|5
|j| Agents of Fortune
|
|switch|p1a: Cinderace|Cinderace, F|100/100
|move|p2a: Corviknight|Roost|p2a: Corviknight
|-heal|p2a: Corviknight|100/100 brn
|-singleturn|p2a: Corviknight|move: Roost
|
|-damage|p2a: Corviknight|94/100 brn|[from] brn
|upkeep
|turn|6
|l| Agents of Fortune
|
|switch|p2a: Hippowdon|Hippowdon, F|100/100
|-weather|Sandstorm|[from] ability: Sand Stream|[of] p2a: Hippowdon
|move|p1a: Cinderace|U-turn|p2a: Hippowdon
|-start|p1a: Cinderace|typechange|Bug|[from] ability: Libero
|-damage|p2a: Hippowdon|73/100
|-damage|p1a: Cinderace|84/100|[from] item: Rocky Helmet|[of] p2a: Hippowdon
|inactive|Battle timer is ON: inactive players will automatically lose when time's up. (requested by testotesto321)
|
|switch|p1a: Togekiss|Togekiss, F|100/100|[from]move: U-turn
|
|-weather|Sandstorm|[upkeep]
|-damage|p1a: Togekiss|94/100|[from] Sandstorm
|-heal|p1a: Togekiss|100/100|[from] item: Leftovers
|upkeep
|turn|7
|
|move|p1a: Togekiss|Air Slash|p2a: Hippowdon
|-damage|p2a: Hippowdon|34/100
|cant|p2a: Hippowdon|flinch
|
|-weather|Sandstorm|[upkeep]
|-damage|p1a: Togekiss|94/100|[from] Sandstorm
|-heal|p1a: Togekiss|100/100|[from] item: Leftovers
|upkeep
|turn|8
|
|switch|p2a: Corviknight|Corviknight, F, shiny|94/100 brn
|-ability|p2a: Corviknight|Pressure
|move|p1a: Togekiss|Air Slash|p2a: Corviknight
|-resisted|p2a: Corviknight
|-damage|p2a: Corviknight|82/100 brn
|
|-weather|Sandstorm|[upkeep]
|-damage|p1a: Togekiss|94/100|[from] Sandstorm
|-heal|p1a: Togekiss|100/100|[from] item: Leftovers
|-heal|p2a: Corviknight|88/100 brn|[from] item: Leftovers
|-damage|p2a: Corviknight|82/100 brn|[from] brn
|upkeep
|turn|9
|
|move|p1a: Togekiss|Flamethrower|p2a: Corviknight
|-supereffective|p2a: Corviknight
|-crit|p2a: Corviknight
|-damage|p2a: Corviknight|21/100 brn
|move|p2a: Corviknight|Iron Head|p1a: Togekiss
|-supereffective|p1a: Togekiss
|-damage|p1a: Togekiss|73/100
|
|-weather|Sandstorm|[upkeep]
|-damage|p1a: Togekiss|67/100|[from] Sandstorm
|-heal|p1a: Togekiss|73/100|[from] item: Leftovers
|-heal|p2a: Corviknight|28/100 brn|[from] item: Leftovers
|-damage|p2a: Corviknight|21/100 brn|[from] brn
|upkeep
|turn|10
|
|move|p1a: Togekiss|Air Slash|p2a: Corviknight
|-resisted|p2a: Corviknight
|-damage|p2a: Corviknight|8/100 brn
|cant|p2a: Corviknight|flinch
|
|-weather|none
|-heal|p1a: Togekiss|79/100|[from] item: Leftovers
|-heal|p2a: Corviknight|14/100 brn|[from] item: Leftovers
|-damage|p2a: Corviknight|8/100 brn|[from] brn
|upkeep
|turn|11
|
|move|p1a: Togekiss|Air Slash|p2a: Corviknight
|-resisted|p2a: Corviknight
|-damage|p2a: Corviknight|0 fnt
|faint|p2a: Corviknight
|
|-heal|p1a: Togekiss|85/100|[from] item: Leftovers
|upkeep
|
|switch|p2a: Zeraora|Zeraora|72/100
|turn|12
|
|switch|p1a: Ferrothorn|Ferrothorn, M|42/100
|move|p2a: Zeraora|Plasma Fists|p1a: Ferrothorn
|-resisted|p1a: Ferrothorn
|-damage|p1a: Ferrothorn|26/100
|-fieldactivate|move: Ion Deluge
|-damage|p2a: Zeraora|59/100|[from] ability: Iron Barbs|[of] p1a: Ferrothorn
|-damage|p2a: Zeraora|43/100|[from] item: Rocky Helmet|[of] p1a: Ferrothorn
|
|upkeep
|turn|13
|
|move|p2a: Zeraora|Close Combat|p1a: Ferrothorn
|-supereffective|p1a: Ferrothorn
|-crit|p1a: Ferrothorn
|-damage|p1a: Ferrothorn|0 fnt
|-unboost|p2a: Zeraora|def|1
|-unboost|p2a: Zeraora|spd|1
|-damage|p2a: Zeraora|31/100|[from] ability: Iron Barbs|[of] p1a: Ferrothorn
|-damage|p2a: Zeraora|14/100|[from] item: Rocky Helmet|[of] p1a: Ferrothorn
|faint|p1a: Ferrothorn
|
|upkeep
|
|switch|p1a: Zeraora|Zeraora|100/100
|turn|14
|
|switch|p2a: Hippowdon|Hippowdon, F|34/100
|-weather|Sandstorm|[from] ability: Sand Stream|[of] p2a: Hippowdon
|move|p1a: Zeraora|Knock Off|p2a: Hippowdon
|-damage|p2a: Hippowdon|14/100
|-damage|p1a: Zeraora|84/100|[from] item: Rocky Helmet|[of] p2a: Hippowdon
|-enditem|p2a: Hippowdon|Rocky Helmet|[from] move: Knock Off|[of] p1a: Zeraora
|-damage|p1a: Zeraora|74/100|[from] item: Life Orb
|
|-weather|Sandstorm|[upkeep]
|-damage|p1a: Zeraora|68/100|[from] Sandstorm
|upkeep
|turn|15
|
|switch|p2a: Toxapex|Toxapex, F, shiny|100/100
|move|p1a: Zeraora|Drain Punch|p2a: Toxapex
|-resisted|p2a: Toxapex
|-damage|p2a: Toxapex|92/100
|-heal|p1a: Zeraora|73/100|[from] drain|[of] p2a: Toxapex
|-damage|p1a: Zeraora|63/100|[from] item: Life Orb
|
|-weather|Sandstorm|[upkeep]
|-damage|p1a: Zeraora|57/100|[from] Sandstorm
|-damage|p2a: Toxapex|85/100|[from] Sandstorm
|-heal|p2a: Toxapex|92/100|[from] item: Black Sludge
|upkeep
|turn|16
|
|switch|p2a: Hydreigon|Hydreigon, F|100/100
|move|p1a: Zeraora|Plasma Fists|p2a: Hydreigon
|-resisted|p2a: Hydreigon
|-damage|p2a: Hydreigon|63/100
|-fieldactivate|move: Ion Deluge
|-damage|p1a: Zeraora|47/100|[from] item: Life Orb
|
|-weather|Sandstorm|[upkeep]
|-damage|p2a: Hydreigon|57/100|[from] Sandstorm
|-damage|p1a: Zeraora|41/100|[from] Sandstorm
|upkeep
|turn|17
|
|switch|p1a: Toxapex|Toxapex, M|100/100
|move|p2a: Hydreigon|U-turn|p1a: Toxapex
|-resisted|p1a: Toxapex
|-damage|p1a: Toxapex|95/100
|
|switch|p2a: Hippowdon|Hippowdon, F|14/100|[from]move: U-turn
|
|-weather|Sandstorm|[upkeep]
|-damage|p1a: Toxapex|89/100|[from] Sandstorm
|-heal|p1a: Toxapex|95/100|[from] item: Black Sludge
|upkeep
|turn|18
|
|move|p2a: Hippowdon|Slack Off|p2a: Hippowdon
|-heal|p2a: Hippowdon|64/100
|move|p1a: Toxapex|Scald|p2a: Hippowdon
|-supereffective|p2a: Hippowdon
|-damage|p2a: Hippowdon|22/100
|
|-weather|none
|-heal|p1a: Toxapex|100/100|[from] item: Black Sludge
|upkeep
|turn|19
|
|move|p2a: Hippowdon|Slack Off|p2a: Hippowdon
|-heal|p2a: Hippowdon|72/100
|move|p1a: Toxapex|Scald|p2a: Hippowdon
|-supereffective|p2a: Hippowdon
|-damage|p2a: Hippowdon|29/100
|
|upkeep
|turn|20
|
|move|p2a: Hippowdon|Slack Off|p2a: Hippowdon
|-heal|p2a: Hippowdon|79/100
|move|p1a: Toxapex|Scald|p2a: Hippowdon
|-supereffective|p2a: Hippowdon
|-damage|p2a: Hippowdon|38/100
|
|upkeep
|turn|21
|
|move|p2a: Hippowdon|Slack Off|p2a: Hippowdon
|-heal|p2a: Hippowdon|88/100
|move|p1a: Toxapex|Scald|p2a: Hippowdon
|-supereffective|p2a: Hippowdon
|-damage|p2a: Hippowdon|41/100
|
|upkeep
|turn|22
|
|move|p2a: Hippowdon|Slack Off|p2a: Hippowdon
|-heal|p2a: Hippowdon|91/100
|move|p1a: Toxapex|Scald|p2a: Hippowdon
|-supereffective|p2a: Hippowdon
|-damage|p2a: Hippowdon|48/100
|
|upkeep
|turn|23
|
|move|p2a: Hippowdon|Slack Off|p2a: Hippowdon
|-heal|p2a: Hippowdon|98/100
|move|p1a: Toxapex|Scald|p2a: Hippowdon
|-supereffective|p2a: Hippowdon
|-damage|p2a: Hippowdon|57/100
|-status|p2a: Hippowdon|brn
|
|-damage|p2a: Hippowdon|50/100 brn|[from] brn
|upkeep
|turn|24
|
|move|p2a: Hippowdon|Slack Off|p2a: Hippowdon
|-heal|p2a: Hippowdon|100/100 brn
|move|p1a: Toxapex|Scald|p2a: Hippowdon
|-supereffective|p2a: Hippowdon
|-damage|p2a: Hippowdon|53/100 brn
|
|-damage|p2a: Hippowdon|47/100 brn|[from] brn
|upkeep
|turn|25
|
|switch|p2a: Toxapex|Toxapex, F, shiny|100/100
|move|p1a: Toxapex|Scald|p2a: Toxapex
|-resisted|p2a: Toxapex
|-damage|p2a: Toxapex|93/100
|
|-heal|p2a: Toxapex|99/100|[from] item: Black Sludge
|upkeep
|turn|26
|
|switch|p1a: Hatterene|Hatterene, F|100/100
|move|p2a: Toxapex|Scald|p1a: Hatterene
|-damage|p1a: Hatterene|82/100
|
|-heal|p2a: Toxapex|100/100|[from] item: Black Sludge
|upkeep
|turn|27
|
|switch|p2a: Hippowdon|Hippowdon, F|47/100 brn
|-weather|Sandstorm|[from] ability: Sand Stream|[of] p2a: Hippowdon
|move|p1a: Hatterene|Psyshock|p2a: Hippowdon
|-damage|p2a: Hippowdon|9/100 brn
|
|-weather|Sandstorm|[upkeep]
|-damage|p1a: Hatterene|76/100|[from] Sandstorm
|-damage|p2a: Hippowdon|3/100 brn|[from] brn
|upkeep
|turn|28
|
|move|p2a: Hippowdon|Slack Off|p2a: Hippowdon
|-heal|p2a: Hippowdon|53/100 brn
|move|p1a: Hatterene|Psyshock|p2a: Hippowdon
|-damage|p2a: Hippowdon|19/100 brn
|
|-weather|Sandstorm|[upkeep]
|-damage|p1a: Hatterene|70/100|[from] Sandstorm
|-damage|p2a: Hippowdon|13/100 brn|[from] brn
|upkeep
|turn|29
|
|switch|p1a: Togekiss|Togekiss, F|85/100
|move|p2a: Hippowdon|Slack Off|p2a: Hippowdon
|-heal|p2a: Hippowdon|63/100 brn
|
|-weather|Sandstorm|[upkeep]
|-damage|p1a: Togekiss|79/100|[from] Sandstorm
|-heal|p1a: Togekiss|85/100|[from] item: Leftovers
|-damage|p2a: Hippowdon|56/100 brn|[from] brn
|upkeep
|turn|30
|
|move|p1a: Togekiss|Air Slash|p2a: Hippowdon
|-damage|p2a: Hippowdon|16/100 brn
|move|p2a: Hippowdon|Whirlwind|p1a: Togekiss
|drag|p1a: Hatterene|Hatterene, F|70/100
|
|-weather|Sandstorm|[upkeep]
|-damage|p1a: Hatterene|64/100|[from] Sandstorm
|-damage|p2a: Hippowdon|10/100 brn|[from] brn
|upkeep
|turn|31
|
|move|p2a: Hippowdon|Slack Off|p2a: Hippowdon
|-heal|p2a: Hippowdon|60/100 brn
|move|p1a: Hatterene|Dazzling Gleam|p2a: Hippowdon
|-damage|p2a: Hippowdon|0 fnt
|faint|p2a: Hippowdon
|
|-weather|none
|upkeep
|
|switch|p2a: Gengar|Gengar, M|100/100
|turn|32
|
|switch|p1a: Toxapex|Toxapex, M|100/100
|move|p2a: Gengar|Shadow Ball|p1a: Toxapex
|-damage|p1a: Toxapex|53/100
|
|-heal|p1a: Toxapex|59/100|[from] item: Black Sludge
|upkeep
|turn|33
|
|move|p2a: Gengar|Shadow Ball|p1a: Toxapex
|-damage|p1a: Toxapex|14/100
|move|p1a: Toxapex|Recover|p1a: Toxapex
|-heal|p1a: Toxapex|64/100
|
|-heal|p1a: Toxapex|70/100|[from] item: Black Sludge
|upkeep
|turn|34
|
|move|p2a: Gengar|Shadow Ball|p1a: Toxapex
|-damage|p1a: Toxapex|22/100
|move|p1a: Toxapex|Recover|p1a: Toxapex
|-heal|p1a: Toxapex|72/100
|
|-heal|p1a: Toxapex|78/100|[from] item: Black Sludge
|upkeep
|turn|35
|
|move|p2a: Gengar|Shadow Ball|p1a: Toxapex
|-damage|p1a: Toxapex|35/100
|move|p1a: Toxapex|Recover|p1a: Toxapex
|-heal|p1a: Toxapex|85/100
|
|-heal|p1a: Toxapex|92/100|[from] item: Black Sludge
|upkeep
|turn|36
|
|move|p2a: Gengar|Shadow Ball|p1a: Toxapex
|-damage|p1a: Toxapex|46/100
|-unboost|p1a: Toxapex|spd|1
|move|p1a: Toxapex|Recover|p1a: Toxapex
|-heal|p1a: Toxapex|96/100
|
|-heal|p1a: Toxapex|100/100|[from] item: Black Sludge
|upkeep
|turn|37
|
|move|p1a: Toxapex|Baneful Bunker|p1a: Toxapex
|-singleturn|p1a: Toxapex|move: Protect
|move|p2a: Gengar|Shadow Ball|p1a: Toxapex
|-activate|p1a: Toxapex|move: Protect
|
|upkeep
|turn|38
|
|switch|p1a: Hatterene|Hatterene, F|64/100
|move|p2a: Gengar|Shadow Ball|p1a: Hatterene
|-supereffective|p1a: Hatterene
|-damage|p1a: Hatterene|0 fnt
|faint|p1a: Hatterene
|
|upkeep
|
|switch|p1a: Zeraora|Zeraora|41/100
|turn|39
|
|switch|p2a: Toxapex|Toxapex, F, shiny|100/100
|move|p1a: Zeraora|Knock Off|p2a: Toxapex
|-damage|p2a: Toxapex|76/100
|-enditem|p2a: Toxapex|Black Sludge|[from] move: Knock Off|[of] p1a: Zeraora
|-damage|p1a: Zeraora|31/100|[from] item: Life Orb
|
|upkeep
|turn|40
|
|switch|p2a: Zeraora|Zeraora|14/100
|move|p1a: Zeraora|Plasma Fists|p2a: Zeraora
|-heal|p2a: Zeraora|39/100|[from] ability: Volt Absorb|[of] p1a: Zeraora
|
|upkeep
|turn|41
|
|move|p1a: Zeraora|Knock Off|p2a: Zeraora
|-damage|p2a: Zeraora|0 fnt
|-enditem|p2a: Zeraora|Expert Belt|[from] move: Knock Off|[of] p1a: Zeraora
|-damage|p1a: Zeraora|22/100|[from] item: Life Orb
|faint|p2a: Zeraora
|
|upkeep
|
|switch|p2a: Hydreigon|Hydreigon, F|57/100
|turn|42
|
|switch|p1a: Togekiss|Togekiss, F|85/100
|move|p2a: Hydreigon|U-turn|p1a: Togekiss
|-resisted|p1a: Togekiss
|-damage|p1a: Togekiss|82/100
|
|switch|p2a: Gengar|Gengar, M|100/100|[from]move: U-turn
|
|-heal|p1a: Togekiss|88/100|[from] item: Leftovers
|upkeep
|turn|43
|
|switch|p1a: Toxapex|Toxapex, M|100/100
|move|p2a: Gengar|Shadow Ball|p1a: Toxapex
|-damage|p1a: Toxapex|51/100
|
|-heal|p1a: Toxapex|57/100|[from] item: Black Sludge
|upkeep
|turn|44
|inactive|Le-Perpetrator has 120 seconds left.
|inactive|Le-Perpetrator has 90 seconds left.
|
|move|p2a: Gengar|Shadow Ball|p1a: Toxapex
|-damage|p1a: Toxapex|12/100
|-unboost|p1a: Toxapex|spd|1
|move|p1a: Toxapex|Scald|p2a: Gengar
|-damage|p2a: Gengar|65/100
|-start|p1a: Toxapex|Disable|Scald|[from] ability: Cursed Body|[of] p2a: Gengar
|
|-heal|p1a: Toxapex|18/100|[from] item: Black Sludge
|upkeep
|turn|45
|
|move|p2a: Gengar|Shadow Ball|p1a: Toxapex
|-damage|p1a: Toxapex|0 fnt
|faint|p1a: Toxapex
|
|upkeep
|
|switch|p1a: Zeraora|Zeraora|22/100
|turn|46
|
|switch|p2a: Toxapex|Toxapex, F, shiny|100/100
|move|p1a: Zeraora|Plasma Fists|p2a: Toxapex
|-supereffective|p2a: Toxapex
|-damage|p2a: Toxapex|24/100
|-fieldactivate|move: Ion Deluge
|-damage|p1a: Zeraora|12/100|[from] item: Life Orb
|
|upkeep
|turn|47
|
|move|p1a: Zeraora|Knock Off|p2a: Toxapex
|-damage|p2a: Toxapex|7/100
|-damage|p1a: Zeraora|2/100|[from] item: Life Orb
|move|p2a: Toxapex|Recover|p2a: Toxapex
|-heal|p2a: Toxapex|57/100
|
|upkeep
|turn|48
|
|switch|p2a: Hydreigon|Hydreigon, F|57/100
|move|p1a: Zeraora|Plasma Fists|p2a: Hydreigon
|-resisted|p2a: Hydreigon
|-damage|p2a: Hydreigon|21/100
|-fieldactivate|move: Ion Deluge
|-damage|p1a: Zeraora|0 fnt|[from] item: Life Orb
|faint|p1a: Zeraora
|
|upkeep
|
|switch|p1a: Togekiss|Togekiss, F|88/100
|turn|49
|
|move|p2a: Hydreigon|Thunder Wave|p1a: Togekiss
|-status|p1a: Togekiss|par
|move|p1a: Togekiss|Air Slash|p2a: Hydreigon
|-damage|p2a: Hydreigon|0 fnt
|faint|p2a: Hydreigon
|
|-heal|p1a: Togekiss|94/100 par|[from] item: Leftovers
|upkeep
|
|switch|p2a: Gengar|Gengar, M|65/100
|turn|50
|
|move|p2a: Gengar|Sludge Wave|p1a: Togekiss
|-supereffective|p1a: Togekiss
|-damage|p1a: Togekiss|0 fnt
|faint|p1a: Togekiss
|
|upkeep
|
|switch|p1a: Cinderace|Cinderace, F|84/100
|turn|51
|
|move|p1a: Cinderace|Zen Headbutt|p2a: Gengar
|-start|p1a: Cinderace|typechange|Psychic|[from] ability: Libero
|-supereffective|p2a: Gengar
|-damage|p2a: Gengar|0 fnt
|faint|p2a: Gengar
|
|upkeep
|
|switch|p2a: Toxapex|Toxapex, F, shiny|91/100
|turn|52
|
|move|p1a: Cinderace|Zen Headbutt|p2a: Toxapex
|-supereffective|p2a: Toxapex
|-damage|p2a: Toxapex|19/100
|move|p2a: Toxapex|Toxic|p1a: Cinderace
|-status|p1a: Cinderace|tox
|
|-damage|p1a: Cinderace|78/100 tox|[from] psn
|upkeep
|turn|53
|
|move|p1a: Cinderace|Zen Headbutt|p2a: Toxapex
|-supereffective|p2a: Toxapex
|-damage|p2a: Toxapex|0 fnt
|faint|p2a: Toxapex
|
|win|Le-Perpetrator
|l|☆testotesto321
