|j|☆sandshrew 2022
|j|☆ChiefGreenLeaf3
|t:|1668014319
|gametype|singles
|player|p1|sandshrew 2022|schoolkid-gen4|1728
|player|p2|ChiefGreenLeaf3|266|1682
|teamsize|p1|6
|teamsize|p2|6
|gen|8
|tier|[Gen 8] OU
|rated|
|rule|Sleep Clause Mod: Limit one foe put to sleep
|rule|Species Clause: Limit one of each Pokémon
|rule|OHKO Clause: OHKO moves are banned
|rule|Evasion Items Clause: Evasion items are banned
|rule|Evasion Moves Clause: Evasion moves are banned
|rule|Endless Battle Clause: Forcing endless battles is banned
|rule|HP Percentage Mod: HP is shown in percentages
|rule|Dynamax Clause: You cannot dynamax
|clearpoke
|poke|p1|Ferrothorn, F|
|poke|p1|Tornadus-Therian, M|
|poke|p1|Slowking-Galar, M|
|poke|p1|Landorus-Therian, M|
|poke|p1|Weavile, F|
|poke|p1|Tapu Fini|
|poke|p2|Ninetales-Alola, M|
|poke|p2|Excadrill, M|
|poke|p2|Zapdos|
|poke|p2|Volcarona, M|
|poke|p2|Garchomp, M|
|poke|p2|Gastrodon-East, M|
|teampreview
|c|☆sandshrew 2022|hf
|c|☆ChiefGreenLeaf3|u2
|j| RazorForce21
|
|t:|1668014334
|start
|switch|p1a: Ferrothorn|Ferrothorn, F|100/100
|switch|p2a: Samehada|Garchomp, M|100/100
|turn|1
|
|t:|1668014339
|switch|p1a: Slowking|Slowking-Galar, M|100/100
|move|p2a: Samehada|Stealth Rock|p1a: Slowking
|-sidestart|p1: sandshrew 2022|move: Stealth Rock
|
|upkeep
|turn|2
|
|t:|1668014341
|switch|p1a: Tornadus|Tornadus-Therian, M, shiny|100/100
|move|p2a: Samehada|Earthquake|p1a: Tornadus
|-immune|p1a: Tornadus
|
|upkeep
|turn|3
|
|t:|1668014343
|move|p1a: Tornadus|Toxic|p2a: Samehada
|-status|p2a: Samehada|tox
|move|p2a: Samehada|Toxic|p1a: Tornadus
|-status|p1a: Tornadus|tox
|
|-damage|p1a: Tornadus|94/100 tox|[from] psn
|-damage|p2a: Samehada|94/100 tox|[from] psn
|upkeep
|turn|4
|
|t:|1668014350
|move|p2a: Samehada|Protect|p2a: Samehada
|-singleturn|p2a: Samehada|Protect
|move|p1a: Tornadus|Defog|p2a: Samehada
|-activate|p2a: Samehada|move: Protect
|
|-heal|p2a: Samehada|100/100 tox|[from] item: Leftovers
|-damage|p1a: Tornadus|82/100 tox|[from] psn
|-damage|p2a: Samehada|88/100 tox|[from] psn
|upkeep
|turn|5
|
|t:|1668014356
|move|p1a: Tornadus|Defog|p2a: Samehada
|-unboost|p2a: Samehada|evasion|1
|-sideend|p1: sandshrew 2022|Stealth Rock|[from] move: Defog|[of] p1a: Tornadus
|move|p2a: Samehada|Stealth Rock|p1a: Tornadus
|-sidestart|p1: sandshrew 2022|move: Stealth Rock
|
|-heal|p2a: Samehada|94/100 tox|[from] item: Leftovers
|-damage|p1a: Tornadus|64/100 tox|[from] psn
|-damage|p2a: Samehada|76/100 tox|[from] psn
|upkeep
|turn|6
|
|t:|1668014361
|switch|p1a: Tapu Fini|Tapu Fini, shiny|100/100
|-damage|p1a: Tapu Fini|88/100|[from] Stealth Rock
|-fieldstart|move: Misty Terrain|[from] ability: Misty Surge|[of] p1a: Tapu Fini
|move|p2a: Samehada|Protect||[still]
|-fail|p2a: Samehada
|
|-heal|p2a: Samehada|82/100 tox|[from] item: Leftovers
|-damage|p2a: Samehada|57/100 tox|[from] psn
|upkeep
|turn|7
|
|t:|1668014370
|switch|p2a: Gary|Gastrodon-East, M, shiny|100/100
|move|p1a: Tapu Fini|Trick|p2a: Gary
|-activate|p1a: Tapu Fini|move: Trick|[of] p2a: Gary
|-item|p2a: Gary|Choice Scarf|[from] move: Trick
|-item|p1a: Tapu Fini|Heavy-Duty Boots|[from] move: Trick
|
|upkeep
|turn|8
|
|t:|1668014375
|switch|p1a: Tornadus|Tornadus-Therian, M, shiny|97/100 tox
|move|p2a: Gary|Scald|p1a: Tornadus
|-damage|p1a: Tornadus|72/100 tox
|
|-damage|p1a: Tornadus|66/100 tox|[from] psn
|upkeep
|turn|9
|
|t:|1668014378
|move|p1a: Tornadus|Defog|p2a: Gary
|-unboost|p2a: Gary|evasion|1
|-sideend|p1: sandshrew 2022|Stealth Rock|[from] move: Defog|[of] p1a: Tornadus
|-fieldend|Misty Terrain
|move|p2a: Gary|Scald|p1a: Tornadus
|-damage|p1a: Tornadus|40/100 tox
|
|-damage|p1a: Tornadus|27/100 tox|[from] psn
|upkeep
|turn|10
|
|t:|1668014386
|switch|p1a: Slowking|Slowking-Galar, M|100/100
|switch|p2a: Samehada|Garchomp, M|57/100 tox
|
|-heal|p2a: Samehada|63/100 tox|[from] item: Leftovers
|-damage|p2a: Samehada|57/100 tox|[from] psn
|upkeep
|turn|11
|
|t:|1668014391
|switch|p1a: Tornadus|Tornadus-Therian, M, shiny|61/100 tox
|move|p2a: Samehada|Stealth Rock|p1a: Tornadus
|-sidestart|p1: sandshrew 2022|move: Stealth Rock
|
|-heal|p2a: Samehada|63/100 tox|[from] item: Leftovers
|-damage|p1a: Tornadus|55/100 tox|[from] psn
|-damage|p2a: Samehada|51/100 tox|[from] psn
|upkeep
|turn|12
|
|t:|1668014406
|switch|p1a: Tapu Fini|Tapu Fini, shiny|88/100
|-fieldstart|move: Misty Terrain|[from] ability: Misty Surge|[of] p1a: Tapu Fini
|switch|p2a: Bolt|Zapdos|100/100
|
|upkeep
|turn|13
|
|t:|1668014411
|switch|p2a: Frozen Kurama|Ninetales-Alola, M|100/100
|-weather|Hail|[from] ability: Snow Warning|[of] p2a: Frozen Kurama
|switch|p1a: Slowking|Slowking-Galar, M|100/100
|-damage|p1a: Slowking|88/100|[from] Stealth Rock
|
|-weather|Hail|[upkeep]
|-damage|p1a: Slowking|82/100|[from] Hail
|upkeep
|turn|14
|
|t:|1668014421
|switch|p2a: Samehada|Garchomp, M|51/100 tox
|move|p1a: Slowking|Future Sight|p2a: Samehada
|-start|p1a: Slowking|move: Future Sight
|
|-weather|Hail|[upkeep]
|-damage|p2a: Samehada|45/100 tox|[from] Hail
|-damage|p1a: Slowking|76/100|[from] Hail
|-heal|p2a: Samehada|51/100 tox|[from] item: Leftovers
|-damage|p2a: Samehada|45/100 tox|[from] psn
|upkeep
|turn|15
|
|t:|1668014427
|switch|p2a: Bolt|Zapdos|100/100
|switch|p1a: Tornadus|Tornadus-Therian, M, shiny|88/100 tox
|
|-weather|Hail|[upkeep]
|-damage|p1a: Tornadus|82/100 tox|[from] Hail
|-damage|p2a: Bolt|94/100|[from] Hail
|-damage|p1a: Tornadus|76/100 tox|[from] psn
|upkeep
|turn|16
|
|t:|1668014430
|switch|p1a: Landorus|Landorus-Therian, M|100/100
|-damage|p1a: Landorus|88/100|[from] Stealth Rock
|-ability|p1a: Landorus|Intimidate|boost
|-unboost|p2a: Bolt|atk|1
|move|p2a: Bolt|Thunderbolt|p1a: Landorus
|-immune|p1a: Landorus
|
|-weather|Hail|[upkeep]
|-damage|p2a: Bolt|88/100|[from] Hail
|-damage|p1a: Landorus|82/100|[from] Hail
|-end|p2a: Bolt|move: Future Sight
|-damage|p2a: Bolt|32/100
|-fieldend|Misty Terrain
|upkeep
|turn|17
|
|t:|1668014434
|move|p2a: Bolt|Weather Ball|p1a: Landorus
|-supereffective|p1a: Landorus
|-damage|p1a: Landorus|0 fnt
|faint|p1a: Landorus
|
|-weather|none
|upkeep
|
|t:|1668014440
|switch|p1a: Weavile|Weavile, F|100/100
|-ability|p1a: Weavile|Pressure
|turn|18
|
|t:|1668014444
|switch|p2a: Gary|Gastrodon-East, M, shiny|100/100
|move|p1a: Weavile|Swords Dance|p1a: Weavile
|-boost|p1a: Weavile|atk|2
|
|upkeep
|turn|19
|
|t:|1668014448
|move|p1a: Weavile|Knock Off|p2a: Gary
|-damage|p2a: Gary|0 fnt
|-enditem|p2a: Gary|Choice Scarf|[from] move: Knock Off|[of] p1a: Weavile
|faint|p2a: Gary
|
|upkeep
|
|t:|1668014459
|switch|p2a: Frozen Kurama|Ninetales-Alola, M|100/100
|-weather|Hail|[from] ability: Snow Warning|[of] p2a: Frozen Kurama
|turn|20
|
|t:|1668014461
|move|p1a: Weavile|Triple Axel|p2a: Frozen Kurama
|-resisted|p2a: Frozen Kurama
|-damage|p2a: Frozen Kurama|83/100
|-resisted|p2a: Frozen Kurama
|-damage|p2a: Frozen Kurama|48/100
|-resisted|p2a: Frozen Kurama
|-damage|p2a: Frozen Kurama|1/100
|-hitcount|p2a: Frozen Kurama|3
|move|p2a: Frozen Kurama|Moonblast|p1a: Weavile
|-supereffective|p1a: Weavile
|-damage|p1a: Weavile|0 fnt
|faint|p1a: Weavile
|
|-weather|Hail|[upkeep]
|upkeep
|
|t:|1668014473
|switch|p1a: Tornadus|Tornadus-Therian, M, shiny|100/100 tox
|turn|21
|
|t:|1668014480
|move|p1a: Tornadus|U-turn|p2a: Frozen Kurama
|-resisted|p2a: Frozen Kurama
|-damage|p2a: Frozen Kurama|0 fnt
|faint|p2a: Frozen Kurama
|
|t:|1668014493
|switch|p1a: Tapu Fini|Tapu Fini, shiny|88/100|[from]move: U-turn
|-fieldstart|move: Misty Terrain|[from] ability: Misty Surge|[of] p1a: Tapu Fini
|
|-weather|Hail|[upkeep]
|-damage|p1a: Tapu Fini|82/100|[from] Hail
|upkeep
|j| Ran Kob
|
|t:|1668014506
|switch|p2a: Bolt|Zapdos|32/100
|turn|22
|
|t:|1668014511
|switch|p1a: Slowking|Slowking-Galar, M|100/100
|-damage|p1a: Slowking|88/100|[from] Stealth Rock
|move|p2a: Bolt|Roost|p2a: Bolt
|-heal|p2a: Bolt|82/100
|-singleturn|p2a: Bolt|move: Roost
|
|-weather|Hail|[upkeep]
|-damage|p2a: Bolt|76/100|[from] Hail
|-damage|p1a: Slowking|82/100|[from] Hail
|upkeep
|turn|23
|
|t:|1668014517
|switch|p2a: Samehada|Garchomp, M|45/100 tox
|move|p1a: Slowking|Flamethrower|p2a: Samehada
|-resisted|p2a: Samehada
|-damage|p2a: Samehada|33/100 tox
|
|-weather|Hail|[upkeep]
|-damage|p2a: Samehada|27/100 tox|[from] Hail
|-damage|p1a: Slowking|76/100|[from] Hail
|-heal|p2a: Samehada|33/100 tox|[from] item: Leftovers
|-damage|p2a: Samehada|27/100 tox|[from] psn
|upkeep
|turn|24
|
|t:|1668014521
|switch|p1a: Tornadus|Tornadus-Therian, M, shiny|100/100 tox
|move|p2a: Samehada|Earthquake|p1a: Tornadus
|-immune|p1a: Tornadus
|
|-weather|none
|-heal|p2a: Samehada|33/100 tox|[from] item: Leftovers
|-damage|p1a: Tornadus|94/100 tox|[from] psn
|-damage|p2a: Samehada|20/100 tox|[from] psn
|upkeep
|turn|25
|
|t:|1668014527
|switch|p2a: Bolt|Zapdos|76/100
|move|p1a: Tornadus|Defog|p2a: Bolt
|-unboost|p2a: Bolt|evasion|1
|-sideend|p1: sandshrew 2022|Stealth Rock|[from] move: Defog|[of] p1a: Tornadus
|-fieldend|Misty Terrain
|
|-damage|p1a: Tornadus|82/100 tox|[from] psn
|upkeep
|turn|26
|
|t:|1668014530
|switch|p1a: Slowking|Slowking-Galar, M|100/100
|move|p2a: Bolt|Thunderbolt|p1a: Slowking
|-damage|p1a: Slowking|81/100
|
|upkeep
|turn|27
|
|t:|1668014534
|move|p2a: Bolt|Thunderbolt|p1a: Slowking
|-damage|p1a: Slowking|60/100
|move|p1a: Slowking|Future Sight|p2a: Bolt
|-start|p1a: Slowking|move: Future Sight
|
|upkeep
|turn|28
|
|t:|1668014539
|switch|p1a: Ferrothorn|Ferrothorn, F|100/100
|move|p2a: Bolt|Thunderbolt|p1a: Ferrothorn
|-resisted|p1a: Ferrothorn
|-damage|p1a: Ferrothorn|81/100
|-status|p1a: Ferrothorn|par
|
|-heal|p1a: Ferrothorn|87/100 par|[from] item: Leftovers
|upkeep
|turn|29
|
|t:|1668014545
|switch|p2a: Samehada|Garchomp, M|20/100 tox
|move|p1a: Ferrothorn|Stealth Rock|p2a: Samehada
|-sidestart|p2: ChiefGreenLeaf3|move: Stealth Rock
|
|-end|p2a: Samehada|move: Future Sight
|-damage|p2a: Samehada|0 fnt
|faint|p2a: Samehada
|-heal|p1a: Ferrothorn|93/100 par|[from] item: Leftovers
|upkeep
|
|t:|1668014547
|switch|p2a: Susano'o|Volcarona, M|100/100
|turn|30
|
|t:|1668014551
|switch|p1a: Tornadus|Tornadus-Therian, M, shiny|100/100 tox
|move|p2a: Susano'o|Quiver Dance|p2a: Susano'o
|-boost|p2a: Susano'o|spa|1
|-boost|p2a: Susano'o|spd|1
|-boost|p2a: Susano'o|spe|1
|
|-damage|p1a: Tornadus|94/100 tox|[from] psn
|upkeep
|turn|31
|
|t:|1668014554
|move|p2a: Susano'o|Safeguard|p2a: Susano'o
|-sidestart|p2: ChiefGreenLeaf3|Safeguard
|move|p1a: Tornadus|Toxic|p2a: Susano'o
|-activate|p2a: Susano'o|move: Safeguard
|
|-damage|p1a: Tornadus|82/100 tox|[from] psn
|upkeep
|turn|32
|
|t:|1668014558
|switch|p1a: Tapu Fini|Tapu Fini, shiny|82/100
|-fieldstart|move: Misty Terrain|[from] ability: Misty Surge|[of] p1a: Tapu Fini
|move|p2a: Susano'o|Quiver Dance|p2a: Susano'o
|-boost|p2a: Susano'o|spa|1
|-boost|p2a: Susano'o|spd|1
|-boost|p2a: Susano'o|spe|1
|
|upkeep
|turn|33
|
|t:|1668014561
|move|p2a: Susano'o|Quiver Dance|p2a: Susano'o
|-boost|p2a: Susano'o|spa|1
|-boost|p2a: Susano'o|spd|1
|-boost|p2a: Susano'o|spe|1
|move|p1a: Tapu Fini|Taunt|p2a: Susano'o
|-start|p2a: Susano'o|move: Taunt
|
|upkeep
|turn|34
|
|t:|1668014564
|move|p2a: Susano'o|Flamethrower|p1a: Tapu Fini
|-resisted|p1a: Tapu Fini
|-damage|p1a: Tapu Fini|35/100
|move|p1a: Tapu Fini|Surf|p2a: Susano'o
|-supereffective|p2a: Susano'o
|-damage|p2a: Susano'o|75/100
|
|upkeep
|turn|35
|
|t:|1668014567
|move|p2a: Susano'o|Flamethrower|p1a: Tapu Fini
|-resisted|p1a: Tapu Fini
|-damage|p1a: Tapu Fini|0 fnt
|faint|p1a: Tapu Fini
|
|-sideend|p2: ChiefGreenLeaf3|Safeguard
|upkeep
|
|t:|1668014571
|switch|p1a: Tornadus|Tornadus-Therian, M, shiny|100/100 tox
|turn|36
|
|t:|1668014574
|move|p2a: Susano'o|Flamethrower|p1a: Tornadus
|-damage|p1a: Tornadus|0 fnt
|faint|p1a: Tornadus
|
|-end|p2a: Susano'o|move: Taunt
|-fieldend|Misty Terrain
|upkeep
|c|☆sandshrew 2022|gg
|-message|sandshrew 2022 forfeited.
|
|win|ChiefGreenLeaf3
|raw|sandshrew 2022's rating: 1728 &rarr; <strong>1705</strong><br />(-23 for losing)
|raw|ChiefGreenLeaf3's rating: 1682 &rarr; <strong>1705</strong><br />(+23 for winning)
