|j|☆LT94JEwhyaddicted
|j|☆bramitoboy
|t:|1661114494
|gametype|singles
|player|p1|LT94JEwhyaddicted|1|1881
|player|p2|bramitoboy|1|1899
|teamsize|p1|6
|teamsize|p2|6
|gen|8
|tier|[Gen 8] OU
|rated|
|rule|Sleep Clause Mod: Limit one foe put to sleep
|rule|Species Clause: Limit one of each Pokémon
|rule|OHKO Clause: OHKO moves are banned
|rule|Evasion Items Clause: Evasion items are banned
|rule|Evasion Moves Clause: Evasion moves are banned
|rule|Endless Battle Clause: Forcing endless battles is banned
|rule|HP Percentage Mod: HP is shown in percentages
|rule|Dynamax Clause: You cannot dynamax
|clearpoke
|poke|p1|Blacephalon|
|poke|p1|Weavile, M|
|poke|p1|Landorus-Therian, M|
|poke|p1|Ferrothorn, M|
|poke|p1|Urshifu-*, M|
|poke|p1|Tapu Koko|
|poke|p2|Zarude-Dada|
|poke|p2|Keldeo-Resolute|
|poke|p2|Tapu Lele|
|poke|p2|Tapu Koko|
|poke|p2|Heatran, F|
|poke|p2|Landorus-Therian, M|
|teampreview
|
|t:|1661114508
|start
|switch|p1a: Bandit|Weavile, M, shiny|100/100
|switch|p2a: Tapu Koko|Tapu Koko|100/100
|-fieldstart|move: Electric Terrain|[from] ability: Electric Surge|[of] p2a: Tapu Koko
|-ability|p1a: Bandit|Pressure
|turn|1
|j| Roonie217
|inactive|Battle timer is ON: inactive players will automatically lose when time's up. (requested by bramitoboy)
|
|t:|1661114518
|switch|p2a: Keldeo|Keldeo-Resolute|100/100
|switch|p1a: Lucifer|Landorus-Therian, M, shiny|100/100
|-ability|p1a: Lucifer|Intimidate|boost
|-unboost|p2a: Keldeo|atk|1
|
|upkeep
|turn|2
|
|t:|1661114523
|switch|p1a: Quintessa|Tapu Koko, shiny|100/100
|move|p2a: Keldeo|Scald|p1a: Quintessa
|-damage|p1a: Quintessa|37/100
|
|upkeep
|turn|3
|j| Sunday surfer
|j| hump
|
|t:|1661114534
|switch|p2a: Landorus|Landorus-Therian, M|100/100
|-ability|p2a: Landorus|Intimidate|boost
|-unboost|p1a: Quintessa|atk|1
|move|p1a: Quintessa|Roost|p1a: Quintessa
|-heal|p1a: Quintessa|87/100
|-singleturn|p1a: Quintessa|move: Roost
|
|upkeep
|turn|4
|
|t:|1661114541
|switch|p1a: Temple|Ferrothorn, M, shiny|100/100
|move|p2a: Landorus|Knock Off|p1a: Temple
|-damage|p1a: Temple|83/100
|-damage|p2a: Landorus|88/100|[from] ability: Iron Barbs|[of] p1a: Temple
|-damage|p2a: Landorus|72/100|[from] item: Rocky Helmet|[of] p1a: Temple
|-enditem|p1a: Temple|Rocky Helmet|[from] move: Knock Off|[of] p2a: Landorus
|
|upkeep
|turn|5
|l| Sunday surfer
|
|t:|1661114547
|move|p2a: Landorus|Earthquake|p1a: Temple
|-damage|p1a: Temple|52/100
|move|p1a: Temple|Stealth Rock|p2a: Landorus
|-sidestart|p2: bramitoboy|move: Stealth Rock
|
|-fieldend|move: Electric Terrain
|upkeep
|turn|6
|j| Isimei
|
|t:|1661114553
|move|p2a: Landorus|Earthquake|p1a: Temple
|-damage|p1a: Temple|22/100
|move|p1a: Temple|Leech Seed|p2a: Landorus
|-start|p2a: Landorus|move: Leech Seed
|
|-damage|p2a: Landorus|59/100|[from] Leech Seed|[of] p1a: Temple
|-heal|p1a: Temple|35/100|[silent]
|upkeep
|turn|7
|j| buckets3
|
|t:|1661114559
|move|p2a: Landorus|Defog|p1a: Temple
|-unboost|p1a: Temple|evasion|1
|-sideend|p2: bramitoboy|Stealth Rock|[from] move: Defog|[of] p2a: Landorus
|move|p1a: Temple|Body Press|p2a: Landorus
|-resisted|p2a: Landorus
|-damage|p2a: Landorus|47/100
|-damage|p1a: Temple|18/100|[from] item: Rocky Helmet|[of] p2a: Landorus
|
|-damage|p2a: Landorus|35/100|[from] Leech Seed|[of] p1a: Temple
|-heal|p1a: Temple|32/100|[silent]
|upkeep
|turn|8
|
|t:|1661114566
|move|p2a: Landorus|Earthquake|p1a: Temple
|-damage|p1a: Temple|2/100
|move|p1a: Temple|Stealth Rock|p2a: Landorus
|-sidestart|p2: bramitoboy|move: Stealth Rock
|
|-damage|p2a: Landorus|22/100|[from] Leech Seed|[of] p1a: Temple
|-heal|p1a: Temple|16/100|[silent]
|upkeep
|turn|9
|l| buckets3
|
|t:|1661114572
|move|p2a: Landorus|Knock Off|p1a: Temple
|-damage|p1a: Temple|4/100
|-damage|p2a: Landorus|10/100|[from] ability: Iron Barbs|[of] p1a: Temple
|move|p1a: Temple|Stealth Rock||[still]
|-fail|p1a: Temple
|
|-damage|p2a: Landorus|0 fnt|[from] Leech Seed|[of] p1a: Temple
|-heal|p1a: Temple|14/100|[silent]
|faint|p2a: Landorus
|upkeep
|j| lt94jeCINDYLAREGIA
|
|t:|1661114583
|switch|p2a: Keldeo|Keldeo-Resolute|100/100
|-damage|p2a: Keldeo|94/100|[from] Stealth Rock
|turn|10
|
|t:|1661114588
|move|p2a: Keldeo|Secret Sword|p1a: Temple
|-supereffective|p1a: Temple
|-damage|p1a: Temple|0 fnt
|faint|p1a: Temple
|
|-heal|p2a: Keldeo|100/100|[from] item: Leftovers
|upkeep
|
|t:|1661114604
|switch|p1a: Quintessa|Tapu Koko, shiny|87/100
|-fieldstart|move: Electric Terrain|[from] ability: Electric Surge|[of] p1a: Quintessa
|turn|11
|
|t:|1661114609
|switch|p2a: Tapu Lele|Tapu Lele|100/100
|-damage|p2a: Tapu Lele|88/100|[from] Stealth Rock
|-fieldstart|move: Psychic Terrain|[from] ability: Psychic Surge|[of] p2a: Tapu Lele
|move|p1a: Quintessa|Thunderbolt|p2a: Tapu Lele
|-damage|p2a: Tapu Lele|63/100
|
|upkeep
|turn|12
|
|t:|1661114618
|switch|p1a: Bandit|Weavile, M, shiny|100/100
|-ability|p1a: Bandit|Pressure
|move|p2a: Tapu Lele|Psyshock|p1a: Bandit
|-immune|p1a: Bandit
|
|upkeep
|turn|13
|c|☆bramitoboy|this move didn't make sense
|j| 7AMINTENERIFE
|
|t:|1661114630
|switch|p2a: Keldeo|Keldeo-Resolute|100/100
|-damage|p2a: Keldeo|94/100|[from] Stealth Rock
|move|p1a: Bandit|Knock Off|p2a: Keldeo
|-resisted|p2a: Keldeo
|-damage|p2a: Keldeo|52/100
|-ability|p2a: Keldeo|Justified|boost
|-boost|p2a: Keldeo|atk|1
|-enditem|p2a: Keldeo|Leftovers|[from] move: Knock Off|[of] p1a: Bandit
|
|upkeep
|turn|14
|j| lt94je nick
|
|t:|1661114641
|switch|p1a: Poseidon-Blade|Urshifu-Rapid-Strike, M|100/100
|move|p2a: Keldeo|Scald|p1a: Poseidon-Blade
|-resisted|p1a: Poseidon-Blade
|-crit|p1a: Poseidon-Blade
|-damage|p1a: Poseidon-Blade|53/100
|
|upkeep
|turn|15
|c|☆LT94JEwhyaddicted|phew
|
|t:|1661114652
|move|p1a: Poseidon-Blade|Close Combat|p2a: Keldeo
|-damage|p2a: Keldeo|0 fnt
|-unboost|p1a: Poseidon-Blade|def|1
|-unboost|p1a: Poseidon-Blade|spd|1
|faint|p2a: Keldeo
|
|-fieldend|move: Psychic Terrain
|upkeep
|
|t:|1661114660
|switch|p2a: Tapu Lele|Tapu Lele|63/100
|-damage|p2a: Tapu Lele|51/100|[from] Stealth Rock
|-fieldstart|move: Psychic Terrain|[from] ability: Psychic Surge|[of] p2a: Tapu Lele
|turn|16
|
|t:|1661114670
|switch|p1a: Bandit|Weavile, M, shiny|100/100
|-ability|p1a: Bandit|Pressure
|move|p2a: Tapu Lele|Moonblast|p1a: Bandit
|-supereffective|p1a: Bandit
|-damage|p1a: Bandit|0 fnt
|faint|p1a: Bandit
|
|upkeep
|j| LT94JE 444 nuits
|
|t:|1661114697
|switch|p1a: Hyperspace|Blacephalon, shiny|100/100
|turn|17
|
|t:|1661114704
|switch|p2a: Zarude|Zarude-Dada|100/100
|-damage|p2a: Zarude|88/100|[from] Stealth Rock
|move|p1a: Hyperspace|Shadow Ball|p2a: Zarude
|-resisted|p2a: Zarude
|-damage|p2a: Zarude|55/100
|
|upkeep
|turn|18
|j| lt94je polt
|
|t:|1661114715
|switch|p1a: Lucifer|Landorus-Therian, M, shiny|100/100
|-ability|p1a: Lucifer|Intimidate|boost
|-unboost|p2a: Zarude|atk|1
|move|p2a: Zarude|Power Whip|p1a: Lucifer
|-damage|p1a: Lucifer|49/100
|-damage|p2a: Zarude|45/100|[from] item: Life Orb
|
|-heal|p1a: Lucifer|55/100|[from] item: Leftovers
|upkeep
|turn|19
|j| tytyui↻
|
|t:|1661114726
|move|p2a: Zarude|Power Whip|p1a: Lucifer
|-damage|p1a: Lucifer|3/100
|-damage|p2a: Zarude|35/100|[from] item: Life Orb
|move|p1a: Lucifer|U-turn|p2a: Zarude
|-supereffective|p2a: Zarude
|-damage|p2a: Zarude|0 fnt
|faint|p2a: Zarude
|j| DarkGynoZz
|l| Roonie217
|inactive|LT94JEwhyaddicted has 120 seconds left.
|
|t:|1661114756
|switch|p1a: Poseidon-Blade|Urshifu-Rapid-Strike, M|53/100|[from]move: U-turn
|
|upkeep
|
|t:|1661114760
|switch|p2a: Tapu Koko|Tapu Koko|100/100
|-damage|p2a: Tapu Koko|88/100|[from] Stealth Rock
|-fieldstart|move: Electric Terrain|[from] ability: Electric Surge|[of] p2a: Tapu Koko
|turn|20
|j| luisYR_a
|l| luisYR_a
|
|t:|1661114770
|switch|p1a: Quintessa|Tapu Koko, shiny|87/100
|move|p2a: Tapu Koko|Dazzling Gleam|p1a: Quintessa
|-damage|p1a: Quintessa|34/100
|
|upkeep
|turn|21
|
|t:|1661114775
|switch|p1a: Hyperspace|Blacephalon, shiny|100/100
|move|p2a: Tapu Koko|Dazzling Gleam|p1a: Hyperspace
|-resisted|p1a: Hyperspace
|-damage|p1a: Hyperspace|71/100
|
|upkeep
|turn|22
|j| luisYR_a
|l| luisYR_a
|l| DarkGynoZz
|
|t:|1661114793
|switch|p2a: Tapu Lele|Tapu Lele|51/100
|-damage|p2a: Tapu Lele|38/100|[from] Stealth Rock
|-fieldstart|move: Psychic Terrain|[from] ability: Psychic Surge|[of] p2a: Tapu Lele
|move|p1a: Hyperspace|Shadow Ball|p2a: Tapu Lele
|-supereffective|p2a: Tapu Lele
|-damage|p2a: Tapu Lele|0 fnt
|faint|p2a: Tapu Lele
|-ability|p1a: Hyperspace|Beast Boost|boost
|-boost|p1a: Hyperspace|spa|1
|
|upkeep
|
|t:|1661114796
|switch|p2a: Heatran|Heatran, F|100/100
|-damage|p2a: Heatran|88/100|[from] Stealth Rock
|-item|p2a: Heatran|Air Balloon
|turn|23
|
|t:|1661114808
|switch|p1a: Poseidon-Blade|Urshifu-Rapid-Strike, M|53/100
|move|p2a: Heatran|Stealth Rock|p1a: Poseidon-Blade
|-sidestart|p1: LT94JEwhyaddicted|move: Stealth Rock
|
|upkeep
|turn|24
|c|☆LT94JEwhyaddicted|i fucked up
|c|☆bramitoboy|urshifu uses defogg
|inactive|LT94JEwhyaddicted has 120 seconds left.
|c|☆bramitoboy|**triggered**
|
|t:|1661114845
|move|p1a: Poseidon-Blade|Surging Strikes|p2a: Heatran
|-supereffective|p2a: Heatran
|-crit|p2a: Heatran
|-damage|p2a: Heatran|52/100
|-enditem|p2a: Heatran|Air Balloon
|-supereffective|p2a: Heatran
|-crit|p2a: Heatran
|-damage|p2a: Heatran|19/100
|-supereffective|p2a: Heatran
|-crit|p2a: Heatran
|-damage|p2a: Heatran|0 fnt
|faint|p2a: Heatran
|-hitcount|p2: Heatran|3
|
|upkeep
|
|t:|1661114848
|switch|p2a: Tapu Koko|Tapu Koko|88/100
|-damage|p2a: Tapu Koko|76/100|[from] Stealth Rock
|-fieldstart|move: Electric Terrain|[from] ability: Electric Surge|[of] p2a: Tapu Koko
|turn|25
|
|t:|1661114853
|move|p2a: Tapu Koko|Thunderbolt|p1a: Poseidon-Blade
|-supereffective|p1a: Poseidon-Blade
|-damage|p1a: Poseidon-Blade|0 fnt
|faint|p1a: Poseidon-Blade
|
|upkeep
|
|t:|1661114856
|switch|p1a: Hyperspace|Blacephalon, shiny|71/100
|-damage|p1a: Hyperspace|47/100|[from] Stealth Rock
|turn|26
|c|☆LT94JEwhyaddicted|gg
|
|t:|1661114859
|move|p2a: Tapu Koko|Thunderbolt|p1a: Hyperspace
|-damage|p1a: Hyperspace|0 fnt
|faint|p1a: Hyperspace
|
|upkeep
|-message|LT94JEwhyaddicted forfeited.
|
|win|bramitoboy
|raw|LT94JEwhyaddicted's rating: 1881 &rarr; <strong>1862</strong><br />(-19 for losing)
|raw|bramitoboy's rating: 1899 &rarr; <strong>1918</strong><br />(+19 for winning)
|c|☆bramitoboy|gg
|l| lt94je polt
|l| tytyui↻
||Ladder isn't responding, score probably updated but might not have (Request timeout).
|j| CutePokesOnly
|l| CutePokesOnly
|player|p1|LT94JEwhyaddicted|1
|l| Isimei
