|j|☆xxxx1234
|j|☆corumba
|t:|1617656099
|gametype|singles
|player|p1|xxxx1234|170|1757
|player|p2|corumba|schoolkid-gen4|1997
|teamsize|p1|6
|teamsize|p2|6
|gen|8
|tier|[Gen 8] OU
|rated|
|clearpoke
|poke|p1|Swampert, M|
|poke|p1|Abomasnow, M|
|poke|p1|Corviknight, M|
|poke|p1|Arctozolt|
|poke|p1|Zapdos-Galar|
|poke|p1|Kyurem|
|poke|p2|Melmetal|
|poke|p2|Mamoswine, F|
|poke|p2|Ferrothorn, M|
|poke|p2|Moltres-Galar|
|poke|p2|Dragapult, F|
|poke|p2|Dragonite, F|
|rule|Sleep Clause Mod: Limit one foe put to sleep
|rule|Species Clause: Limit one of each Pokémon
|rule|OHKO Clause: OHKO moves are banned
|rule|Evasion Moves Clause: Evasion moves are banned
|rule|Endless Battle Clause: Forcing endless battles is banned
|rule|HP Percentage Mod: HP is shown in percentages
|rule|Dynamax Clause: You cannot dynamax
|teampreview
|j| Bazi837
|
|t:|1617656128
|start
|switch|p1a: Swampert|Swampert, M|100/100
|switch|p2a: Dragapult|Dragapult, F|100/100
|turn|1
|
|t:|1617656133
|switch|p2a: Ferrothorn|Ferrothorn, M|100/100
|move|p1a: Swampert|Stealth Rock|p2a: Ferrothorn
|-sidestart|p2: corumba|move: Stealth Rock
|
|upkeep
|turn|2
|
|t:|1617656159
|switch|p1a: Abomasnow|Abomasnow, M, shiny|100/100
|-weather|Hail|[from] ability: Snow Warning|[of] p1a: Abomasnow
|move|p2a: Ferrothorn|Spikes|p1a: Abomasnow
|-sidestart|p1: xxxx1234|Spikes
|
|-weather|Hail|[upkeep]
|-damage|p2a: Ferrothorn|95/100|[from] Hail
|-heal|p2a: Ferrothorn|100/100|[from] item: Leftovers
|upkeep
|turn|3
|
|t:|1617656179
|switch|p1a: Corviknight|Corviknight, M, shiny|100/100
|-ability|p1a: Corviknight|Pressure
|move|p2a: Ferrothorn|Thunder Wave|p1a: Corviknight
|-status|p1a: Corviknight|par
|
|-weather|Hail|[upkeep]
|-damage|p1a: Corviknight|94/100 par|[from] Hail
|-damage|p2a: Ferrothorn|95/100|[from] Hail
|-heal|p2a: Ferrothorn|100/100|[from] item: Leftovers
|upkeep
|turn|4
|
|t:|1617656190
|move|p1a: Corviknight|Taunt|p2a: Ferrothorn
|-start|p2a: Ferrothorn|move: Taunt
|cant|p2a: Ferrothorn|move: Taunt|Leech Seed
|
|-weather|Hail|[upkeep]
|-damage|p1a: Corviknight|88/100 par|[from] Hail
|-damage|p2a: Ferrothorn|95/100|[from] Hail
|-heal|p2a: Ferrothorn|100/100|[from] item: Leftovers
|upkeep
|turn|5
|
|t:|1617656207
|switch|p1a: Zapdos|Zapdos-Galar|100/100
|switch|p2a: Dragonite|Dragonite, F|100/100
|
|-weather|Hail|[upkeep]
|-damage|p1a: Zapdos|94/100|[from] Hail
|-damage|p2a: Dragonite|94/100|[from] Hail
|upkeep
|turn|6
|
|t:|1617656214
|move|p1a: Zapdos|U-turn|p2a: Dragonite
|-resisted|p2a: Dragonite
|-damage|p2a: Dragonite|83/100
|
|t:|1617656221
|switch|p1a: Kyurem|Kyurem, shiny|100/100|[from]move: U-turn
|-damage|p1a: Kyurem|88/100|[from] Spikes
|-ability|p1a: Kyurem|Pressure
|move|p2a: Dragonite|Roost|p2a: Dragonite
|-heal|p2a: Dragonite|100/100
|-singleturn|p2a: Dragonite|move: Roost
|
|-weather|Hail|[upkeep]
|-damage|p2a: Dragonite|94/100|[from] Hail
|upkeep
|turn|7
|j| troylint
|
|t:|1617656230
|switch|p1a: Swampert|Swampert, M|100/100
|-damage|p1a: Swampert|88/100|[from] Spikes
|switch|p2a: Ferrothorn|Ferrothorn, M|100/100
|-damage|p2a: Ferrothorn|95/100|[from] Stealth Rock
|
|-weather|Hail|[upkeep]
|-damage|p1a: Swampert|82/100|[from] Hail
|-damage|p2a: Ferrothorn|89/100|[from] Hail
|-heal|p2a: Ferrothorn|95/100|[from] item: Leftovers
|upkeep
|turn|8
|
|t:|1617656236
|move|p1a: Swampert|Superpower|p2a: Ferrothorn
|-supereffective|p2a: Ferrothorn
|-damage|p2a: Ferrothorn|8/100
|-unboost|p1a: Swampert|atk|1
|-unboost|p1a: Swampert|def|1
|-damage|p1a: Swampert|70/100|[from] ability: Iron Barbs|[of] p2a: Ferrothorn
|move|p2a: Ferrothorn|Spikes|p1a: Swampert
|-sidestart|p1: xxxx1234|Spikes
|
|-weather|Hail|[upkeep]
|-damage|p1a: Swampert|64/100|[from] Hail
|-damage|p2a: Ferrothorn|2/100|[from] Hail
|-heal|p2a: Ferrothorn|8/100|[from] item: Leftovers
|upkeep
|turn|9
|j| LordGauss
|
|t:|1617656249
|switch|p1a: Corviknight|Corviknight, M, shiny|88/100 par
|-ability|p1a: Corviknight|Pressure
|move|p2a: Ferrothorn|Leech Seed|p1a: Corviknight
|-start|p1a: Corviknight|move: Leech Seed
|
|-weather|none
|-heal|p2a: Ferrothorn|14/100|[from] item: Leftovers
|-damage|p1a: Corviknight|76/100 par|[from] Leech Seed|[of] p2a: Ferrothorn
|-heal|p2a: Ferrothorn|28/100|[silent]
|upkeep
|turn|10
|
|t:|1617656266
|switch|p1a: Abomasnow|Abomasnow, M, shiny|100/100
|-damage|p1a: Abomasnow|84/100|[from] Spikes
|-weather|Hail|[from] ability: Snow Warning|[of] p1a: Abomasnow
|switch|p2a: Dragapult|Dragapult, F|100/100
|
|-weather|Hail|[upkeep]
|-damage|p2a: Dragapult|95/100|[from] Hail
|upkeep
|turn|11
|l| troylint
|
|t:|1617656318
|switch|p1a: Swampert|Swampert, M|64/100
|-damage|p1a: Swampert|48/100|[from] Spikes
|move|p2a: Dragapult|Flamethrower|p1a: Swampert
|-resisted|p1a: Swampert
|-damage|p1a: Swampert|37/100
|
|-weather|Hail|[upkeep]
|-damage|p2a: Dragapult|89/100|[from] Hail
|-damage|p1a: Swampert|31/100|[from] Hail
|upkeep
|turn|12
|
|t:|1617656325
|move|p2a: Dragapult|Dragon Darts|p1a: Swampert
|-damage|p1a: Swampert|3/100
|-anim|p2a: Dragapult|Dragon Darts|p1a: Swampert
|-damage|p1a: Swampert|0 fnt
|faint|p1a: Swampert
|
|-weather|Hail|[upkeep]
|-damage|p2a: Dragapult|83/100|[from] Hail
|upkeep
|
|t:|1617656329
|switch|p1a: Arctozolt|Arctozolt, shiny|100/100
|turn|13
|
|t:|1617656337
|switch|p2a: Ferrothorn|Ferrothorn, M|28/100
|-damage|p2a: Ferrothorn|22/100|[from] Stealth Rock
|move|p1a: Arctozolt|Substitute|p1a: Arctozolt
|-start|p1a: Arctozolt|Substitute
|-damage|p1a: Arctozolt|76/100
|
|-weather|Hail|[upkeep]
|-damage|p2a: Ferrothorn|16/100|[from] Hail
|-heal|p2a: Ferrothorn|22/100|[from] item: Leftovers
|upkeep
|turn|14
|j| angrybluebug
|
|t:|1617656371
|move|p1a: Arctozolt|Low Kick|p2a: Ferrothorn
|-supereffective|p2a: Ferrothorn
|-damage|p2a: Ferrothorn|0 fnt
|-damage|p1a: Arctozolt|63/100|[from] ability: Iron Barbs|[of] p2a: Ferrothorn
|faint|p2a: Ferrothorn
|
|-weather|Hail|[upkeep]
|upkeep
|
|t:|1617656378
|switch|p2a: Melmetal|Melmetal|100/100
|-damage|p2a: Melmetal|94/100|[from] Stealth Rock
|turn|15
|
|t:|1617656394
|switch|p1a: Corviknight|Corviknight, M, shiny|76/100 par
|-ability|p1a: Corviknight|Pressure
|move|p2a: Melmetal|Double Iron Bash|p1a: Corviknight
|-resisted|p1a: Corviknight
|-damage|p1a: Corviknight|48/100 par
|-resisted|p1a: Corviknight
|-damage|p1a: Corviknight|19/100 par
|-hitcount|p1a: Corviknight|2
|
|-weather|Hail|[upkeep]
|-damage|p2a: Melmetal|88/100|[from] Hail
|-damage|p1a: Corviknight|13/100 par|[from] Hail
|upkeep
|turn|16
|
|t:|1617656405
|move|p2a: Melmetal|Double Iron Bash|p1a: Corviknight
|-resisted|p1a: Corviknight
|-damage|p1a: Corviknight|0 fnt
|-hitcount|p1a: Corviknight|1
|faint|p1a: Corviknight
|
|-weather|Hail|[upkeep]
|-damage|p2a: Melmetal|82/100|[from] Hail
|upkeep
|
|t:|1617656422
|switch|p1a: Kyurem|Kyurem, shiny|88/100
|-damage|p1a: Kyurem|72/100|[from] Spikes
|-ability|p1a: Kyurem|Pressure
|turn|17
|
|t:|1617656470
|switch|p2a: Moltres|Moltres-Galar|100/100
|move|p1a: Kyurem|Focus Blast|p2a: Moltres
|-damage|p2a: Moltres|50/100
|-ability|p2a: Moltres|Berserk|boost
|-boost|p2a: Moltres|spa|1
|
|-weather|none
|upkeep
|turn|18
|
|t:|1617656484
|move|p1a: Kyurem|Focus Blast|p2a: Moltres
|-damage|p2a: Moltres|0 fnt
|faint|p2a: Moltres
|
|upkeep
|
|t:|1617656489
|switch|p2a: Dragapult|Dragapult, F|83/100
|turn|19
|
|t:|1617656532
|move|p2a: Dragapult|Dragon Dance|p2a: Dragapult
|-boost|p2a: Dragapult|atk|1
|-boost|p2a: Dragapult|spe|1
|move|p1a: Kyurem|Focus Blast|p2a: Dragapult
|-immune|p2a: Dragapult
|
|upkeep
|turn|20
|j| Jynx95
|
|t:|1617656566
|switch|p1a: Abomasnow|Abomasnow, M, shiny|84/100
|-damage|p1a: Abomasnow|68/100|[from] Spikes
|-weather|Hail|[from] ability: Snow Warning|[of] p1a: Abomasnow
|move|p2a: Dragapult|Dragon Darts|p1a: Abomasnow
|-damage|p1a: Abomasnow|8/100
|-anim|p2a: Dragapult|Dragon Darts|p1a: Abomasnow
|-damage|p1a: Abomasnow|0 fnt
|faint|p1a: Abomasnow
|
|-weather|Hail|[upkeep]
|-damage|p2a: Dragapult|77/100|[from] Hail
|upkeep
|
|t:|1617656573
|switch|p1a: Zapdos|Zapdos-Galar|94/100
|turn|21
|
|t:|1617656579
|move|p2a: Dragapult|Dragon Darts|p1a: Zapdos
|-damage|p1a: Zapdos|44/100
|-anim|p2a: Dragapult|Dragon Darts|p1a: Zapdos
|-damage|p1a: Zapdos|0 fnt
|faint|p1a: Zapdos
|
|-weather|Hail|[upkeep]
|-damage|p2a: Dragapult|71/100|[from] Hail
|upkeep
|
|t:|1617656583
|switch|p1a: Arctozolt|Arctozolt, shiny|63/100
|turn|22
|
|t:|1617656589
|move|p2a: Dragapult|Dragon Darts|p1a: Arctozolt
|-damage|p1a: Arctozolt|18/100
|-anim|p2a: Dragapult|Dragon Darts|p1a: Arctozolt
|-damage|p1a: Arctozolt|0 fnt
|faint|p1a: Arctozolt
|
|-weather|Hail|[upkeep]
|-damage|p2a: Dragapult|65/100|[from] Hail
|upkeep
|-message|xxxx1234 forfeited.
|
|win|corumba
|raw|xxxx1234's rating: 1757 &rarr; <strong>1749</strong><br />(-8 for losing)
|raw|corumba's rating: 1997 &rarr; <strong>2005</strong><br />(+8 for winning)
|l|☆xxxx1234
