|raw|<div class="broadcast-blue"><strong>This battle is required to be public due to a player having a name starting with 'lt94je'.</div>
|j|☆LT94JE hyoga
|j|☆tolstoy
|t:|1661377081
|gametype|singles
|player|p1|LT94JE hyoga|169|1835
|player|p2|tolstoy|ethan|1915
|teamsize|p1|6
|teamsize|p2|6
|gen|8
|tier|[Gen 8] OU
|rated|
|rule|Sleep Clause Mod: Limit one foe put to sleep
|rule|Species Clause: Limit one of each Pokémon
|rule|OHKO Clause: OHKO moves are banned
|rule|Evasion Items Clause: Evasion items are banned
|rule|Evasion Moves Clause: Evasion moves are banned
|rule|Endless Battle Clause: Forcing endless battles is banned
|rule|HP Percentage Mod: HP is shown in percentages
|rule|Dynamax Clause: You cannot dynamax
|clearpoke
|poke|p1|Tapu Koko|
|poke|p1|Heatran, F|
|poke|p1|Gastrodon-East, F|
|poke|p1|Clefable, F|
|poke|p1|Skarmory, F|
|poke|p1|Zapdos|
|poke|p2|Garchomp, F|
|poke|p2|Moltres-Galar|
|poke|p2|Gengar, F|
|poke|p2|Regieleki|
|poke|p2|Rillaboom, M|
|poke|p2|Melmetal|
|teampreview
|c|☆LT94JE hyoga|we face again.
|j| Erzzai
|j| Hkrf
|j|+Dragonillis
|c|☆tolstoy|indeed
|j| lt94je nick
|inactive|Battle timer is ON: inactive players will automatically lose when time's up. (requested by tolstoy)
|
|t:|1661377107
|start
|switch|p1a: Clefable|Clefable, F|100/100
|switch|p2a: Gengar|Gengar, F|100/100
|turn|1
|
|t:|1661377111
|switch|p1a: Gastrodon|Gastrodon-East, F|100/100
|move|p2a: Gengar|Shadow Ball|p1a: Gastrodon
|-damage|p1a: Gastrodon|62/100
|
|-heal|p1a: Gastrodon|68/100|[from] item: Leftovers
|upkeep
|turn|2
|
|t:|1661377114
|move|p2a: Gengar|Shadow Ball|p1a: Gastrodon
|-damage|p1a: Gastrodon|25/100
|-unboost|p1a: Gastrodon|spd|1
|move|p1a: Gastrodon|Recover|p1a: Gastrodon
|-heal|p1a: Gastrodon|75/100
|
|-heal|p1a: Gastrodon|81/100|[from] item: Leftovers
|upkeep
|turn|3
|j| mushroom poisoning
|
|t:|1661377117
|switch|p1a: Heatran|Heatran, F|100/100
|move|p2a: Gengar|Shadow Ball|p1a: Heatran
|-damage|p1a: Heatran|59/100
|
|-heal|p1a: Heatran|65/100|[from] item: Leftovers
|upkeep
|turn|4
|
|t:|1661377120
|move|p2a: Gengar|Shadow Ball|p1a: Heatran
|-damage|p1a: Heatran|25/100
|move|p1a: Heatran|Earth Power|p2a: Gengar
|-supereffective|p2a: Gengar
|-damage|p2a: Gengar|22/100
|
|-heal|p1a: Heatran|31/100|[from] item: Leftovers
|upkeep
|turn|5
|
|t:|1661377124
|switch|p1a: Gastrodon|Gastrodon-East, F|81/100
|move|p2a: Gengar|Shadow Ball|p1a: Gastrodon
|-damage|p1a: Gastrodon|42/100
|
|-heal|p1a: Gastrodon|48/100|[from] item: Leftovers
|upkeep
|turn|6
|
|t:|1661377126
|move|p2a: Gengar|Shadow Ball|p1a: Gastrodon
|-damage|p1a: Gastrodon|5/100
|move|p1a: Gastrodon|Recover|p1a: Gastrodon
|-heal|p1a: Gastrodon|55/100
|
|-heal|p1a: Gastrodon|61/100|[from] item: Leftovers
|upkeep
|turn|7
|
|t:|1661377130
|move|p2a: Gengar|Shadow Ball|p1a: Gastrodon
|-damage|p1a: Gastrodon|19/100
|move|p1a: Gastrodon|Recover|p1a: Gastrodon
|-heal|p1a: Gastrodon|69/100
|
|-heal|p1a: Gastrodon|75/100|[from] item: Leftovers
|upkeep
|turn|8
|
|t:|1661377135
|move|p2a: Gengar|Shadow Ball|p1a: Gastrodon
|-damage|p1a: Gastrodon|34/100
|move|p1a: Gastrodon|Recover|p1a: Gastrodon
|-heal|p1a: Gastrodon|84/100
|
|-heal|p1a: Gastrodon|90/100|[from] item: Leftovers
|upkeep
|turn|9
|
|t:|1661377143
|switch|p2a: Rillaboom|Rillaboom, M|100/100
|-fieldstart|move: Grassy Terrain|[from] ability: Grassy Surge|[of] p2a: Rillaboom
|move|p1a: Gastrodon|Earth Power|p2a: Rillaboom
|-resisted|p2a: Rillaboom
|-damage|p2a: Rillaboom|82/100
|
|-heal|p2a: Rillaboom|88/100|[from] Grassy Terrain
|-heal|p1a: Gastrodon|96/100|[from] Grassy Terrain
|-heal|p1a: Gastrodon|100/100|[from] item: Leftovers
|upkeep
|turn|10
|
|t:|1661377149
|switch|p1a: Skarmory|Skarmory, F|100/100
|move|p2a: Rillaboom|Swords Dance|p2a: Rillaboom
|-boost|p2a: Rillaboom|atk|2
|
|-heal|p2a: Rillaboom|95/100|[from] Grassy Terrain
|upkeep
|turn|11
|
|t:|1661377152
|move|p2a: Rillaboom|Swords Dance|p2a: Rillaboom
|-boost|p2a: Rillaboom|atk|2
|move|p1a: Skarmory|Toxic|p2a: Rillaboom
|-status|p2a: Rillaboom|tox
|
|-heal|p2a: Rillaboom|100/100 tox|[from] Grassy Terrain
|-damage|p2a: Rillaboom|94/100 tox|[from] psn
|upkeep
|turn|12
|
|t:|1661377155
|move|p2a: Rillaboom|Superpower|p1a: Skarmory
|-damage|p1a: Skarmory|7/100
|-unboost|p2a: Rillaboom|atk|1
|-unboost|p2a: Rillaboom|def|1
|-damage|p2a: Rillaboom|78/100 tox|[from] item: Rocky Helmet|[of] p1a: Skarmory
|-damage|p2a: Rillaboom|68/100 tox|[from] item: Life Orb
|move|p1a: Skarmory|Roost|p1a: Skarmory
|-heal|p1a: Skarmory|57/100
|-singleturn|p1a: Skarmory|move: Roost
|
|-heal|p2a: Rillaboom|74/100 tox|[from] Grassy Terrain
|-heal|p1a: Skarmory|63/100|[from] Grassy Terrain
|-damage|p2a: Rillaboom|62/100 tox|[from] psn
|upkeep
|turn|13
|
|t:|1661377162
|switch|p1a: Heatran|Heatran, F|31/100
|move|p2a: Rillaboom|Knock Off|p1a: Heatran
|-damage|p1a: Heatran|0 fnt
|-enditem|p1a: Heatran|Leftovers|[from] move: Knock Off|[of] p2a: Rillaboom
|faint|p1a: Heatran
|-damage|p2a: Rillaboom|52/100 tox|[from] item: Life Orb
|
|-heal|p2a: Rillaboom|58/100 tox|[from] Grassy Terrain
|-damage|p2a: Rillaboom|40/100 tox|[from] psn
|-fieldend|move: Grassy Terrain
|upkeep
|
|t:|1661377163
|switch|p1a: Zapdos|Zapdos|100/100
|-ability|p1a: Zapdos|Pressure
|turn|14
|
|t:|1661377173
|switch|p2a: Garchomp|Garchomp, F|100/100
|move|p1a: Zapdos|Substitute|p1a: Zapdos
|-start|p1a: Zapdos|Substitute
|-damage|p1a: Zapdos|76/100
|
|upkeep
|turn|15
|
|t:|1661377177
|move|p1a: Zapdos|Hurricane|p2a: Garchomp
|-damage|p2a: Garchomp|57/100
|move|p2a: Garchomp|Stealth Rock|p1a: Zapdos
|-sidestart|p1: LT94JE hyoga|move: Stealth Rock
|
|upkeep
|turn|16
|
|t:|1661377190
|move|p1a: Zapdos|Hurricane|p2a: Garchomp
|-damage|p2a: Garchomp|16/100
|-start|p2a: Garchomp|confusion
|-activate|p2a: Garchomp|confusion
|-damage|p2a: Garchomp|8/100|[from] confusion
|
|upkeep
|turn|17
|
|t:|1661377194
|switch|p2a: Melmetal|Melmetal|100/100
|move|p1a: Zapdos|Hurricane|p2a: Melmetal
|-resisted|p2a: Melmetal
|-damage|p2a: Melmetal|78/100
|
|upkeep
|turn|18
|
|t:|1661377199
|move|p1a: Zapdos|Discharge|p2a: Melmetal
|-damage|p2a: Melmetal|47/100
|-status|p2a: Melmetal|par
|move|p2a: Melmetal|Double Iron Bash|p1a: Zapdos
|-resisted|p1a: Zapdos
|-activate|p1a: Zapdos|move: Substitute|[damage]
|-resisted|p1a: Zapdos
|-end|p1a: Zapdos|Substitute
|-hitcount|p1a: Zapdos|2
|
|upkeep
|turn|19
|
|t:|1661377203
|switch|p1a: Skarmory|Skarmory, F|63/100
|-damage|p1a: Skarmory|51/100|[from] Stealth Rock
|move|p2a: Melmetal|Ice Punch|p1a: Skarmory
|-damage|p1a: Skarmory|29/100
|
|upkeep
|turn|20
|
|t:|1661377210
|switch|p2a: Regieleki|Regieleki|100/100
|move|p1a: Skarmory|Roost|p1a: Skarmory
|-heal|p1a: Skarmory|79/100
|-singleturn|p1a: Skarmory|move: Roost
|
|upkeep
|turn|21
|
|t:|1661377217
|switch|p1a: Gastrodon|Gastrodon-East, F|100/100
|-damage|p1a: Gastrodon|94/100|[from] Stealth Rock
|move|p2a: Regieleki|Explosion|p1a: Gastrodon
|-damage|p1a: Gastrodon|0 fnt
|faint|p2a: Regieleki
|faint|p1a: Gastrodon
|
|upkeep
|
|t:|1661377227
|switch|p2a: Melmetal|Melmetal|47/100 par
|switch|p1a: Clefable|Clefable, F|100/100
|turn|22
|
|t:|1661377232
|move|p1a: Clefable|Stealth Rock|p2a: Melmetal
|-sidestart|p2: tolstoy|move: Stealth Rock
|move|p2a: Melmetal|Thunder Punch|p1a: Clefable
|-damage|p1a: Clefable|71/100
|-status|p1a: Clefable|par
|
|upkeep
|turn|23
|
|t:|1661377239
|switch|p1a: Skarmory|Skarmory, F|79/100
|-damage|p1a: Skarmory|66/100|[from] Stealth Rock
|move|p2a: Melmetal|Thunder Punch|p1a: Skarmory
|-supereffective|p1a: Skarmory
|-damage|p1a: Skarmory|27/100
|
|upkeep
|turn|24
|j| Korescape
|
|t:|1661377245
|switch|p2a: Gengar|Gengar, F|22/100
|-damage|p2a: Gengar|10/100|[from] Stealth Rock
|move|p1a: Skarmory|Spikes|p2a: Gengar
|-sidestart|p2: tolstoy|Spikes
|
|upkeep
|turn|25
|j| LT94JE EVIL
|
|t:|1661377252
|move|p2a: Gengar|Shadow Ball|p1a: Skarmory
|-damage|p1a: Skarmory|0 fnt
|faint|p1a: Skarmory
|
|upkeep
|
|t:|1661377253
|switch|p1a: Tapu Koko|Tapu Koko|100/100
|-fieldstart|move: Electric Terrain|[from] ability: Electric Surge|[of] p1a: Tapu Koko
|turn|26
|
|t:|1661377255
|move|p1a: Tapu Koko|Thunderbolt|p2a: Gengar
|-damage|p2a: Gengar|0 fnt
|faint|p2a: Gengar
|
|upkeep
|
|t:|1661377257
|switch|p2a: Rillaboom|Rillaboom, M|40/100 tox
|-damage|p2a: Rillaboom|27/100 tox|[from] Stealth Rock
|-damage|p2a: Rillaboom|15/100 tox|[from] Spikes
|-fieldstart|move: Grassy Terrain|[from] ability: Grassy Surge|[of] p2a: Rillaboom
|turn|27
|j| ookakalaka
|
|t:|1661377262
|switch|p1a: Clefable|Clefable, F|71/100 par
|switch|p2a: Moltres|Moltres-Galar|100/100
|-damage|p2a: Moltres|76/100|[from] Stealth Rock
|
|-heal|p2a: Moltres|82/100|[from] item: Leftovers
|-heal|p1a: Clefable|77/100 par|[from] Grassy Terrain
|upkeep
|turn|28
|l| LT94JE EVIL
|
|t:|1661377266
|switch|p1a: Tapu Koko|Tapu Koko|100/100
|-fieldstart|move: Electric Terrain|[from] ability: Electric Surge|[of] p1a: Tapu Koko
|move|p2a: Moltres|Nasty Plot|p2a: Moltres
|-boost|p2a: Moltres|spa|2
|
|-heal|p2a: Moltres|88/100|[from] item: Leftovers
|upkeep
|turn|29
|
|t:|1661377271
|move|p1a: Tapu Koko|Calm Mind|p1a: Tapu Koko
|-boost|p1a: Tapu Koko|spa|1
|-boost|p1a: Tapu Koko|spd|1
|move|p2a: Moltres|Agility|p2a: Moltres
|-boost|p2a: Moltres|spe|2
|
|-heal|p2a: Moltres|94/100|[from] item: Leftovers
|upkeep
|turn|30
|
|t:|1661377273
|move|p2a: Moltres|Nasty Plot|p2a: Moltres
|-boost|p2a: Moltres|spa|2
|move|p1a: Tapu Koko|Thunderbolt|p2a: Moltres
|-supereffective|p2a: Moltres
|-damage|p2a: Moltres|0 fnt
|faint|p2a: Moltres
|
|upkeep
|-message|tolstoy forfeited.
|
|win|LT94JE hyoga
|raw|LT94JE hyoga's rating: 1856 &rarr; <strong>1879</strong><br />(+23 for winning)
|raw|tolstoy's rating: 1915 &rarr; <strong>1892</strong><br />(-23 for losing)
|l|☆tolstoy
|l|☆LT94JE hyoga
|l| mushroom poisoning
|j| Akeras
|l| Akeras
||Ladder isn't responding, score probably updated but might not have (Request timeout).
|l| Hkrf
|j| LT94JE PalletHero
|l| LT94JE PalletHero
|l| ookakalaka
