|j|‽minimax_ai
|j|☆CoconutCrabs
|t:|1667349655
|gametype|singles
|player|p1|minimax_ai|266|1682
|player|p2|CoconutCrabs|ninjaboy|1750
|teamsize|p1|6
|teamsize|p2|6
|gen|8
|tier|[Gen 8] OU
|rated|
|rule|Sleep Clause Mod: Limit one foe put to sleep
|rule|Species Clause: Limit one of each Pokémon
|rule|OHKO Clause: OHKO moves are banned
|rule|Evasion Items Clause: Evasion items are banned
|rule|Evasion Moves Clause: Evasion moves are banned
|rule|Endless Battle Clause: Forcing endless battles is banned
|rule|HP Percentage Mod: HP is shown in percentages
|rule|Dynamax Clause: You cannot dynamax
|clearpoke
|poke|p1|Rotom-Wash|
|poke|p1|Weavile, M|
|poke|p1|Landorus-Therian, M|
|poke|p1|Heatran, M|
|poke|p1|Tangrowth, M|
|poke|p1|Melmetal|
|poke|p2|Landorus-Therian, M|
|poke|p2|Ferrothorn, M|
|poke|p2|Urshifu-*, M|
|poke|p2|Tornadus-Therian, M|
|poke|p2|Dragapult, F|
|poke|p2|Tapu Lele|
|teampreview
|inactive|Battle timer is ON: inactive players will automatically lose when time's up. (requested by CoconutCrabs)
|inactive|minimax_ai also wants the timer to be on.
|
|t:|1667349667
|start
|switch|p1a: Landorus|Landorus-Therian, M|100/100
|switch|p2a: Urshifu|Urshifu-Rapid-Strike, M|100/100
|-ability|p1a: Landorus|Intimidate|boost
|-unboost|p2a: Urshifu|atk|1
|turn|1
|
|t:|1667349670
|switch|p1a: Tangrowth|Tangrowth, M|100/100
|move|p2a: Urshifu|U-turn|p1a: Tangrowth
|-supereffective|p1a: Tangrowth
|-damage|p1a: Tangrowth|80/100
|
|t:|1667349673
|switch|p2a: Dragapult|Dragapult, F|100/100|[from]move: U-turn
|
|upkeep
|turn|2
|
|t:|1667349686
|switch|p1a: Melmetal|Melmetal|100/100
|move|p2a: Dragapult|Shadow Ball|p1a: Melmetal
|-damage|p1a: Melmetal|72/100
|
|upkeep
|turn|3
|j| dieMoldau
|
|t:|1667349691
|switch|p2a: Ferrothorn|Ferrothorn, M|100/100
|move|p1a: Melmetal|Ice Punch|p2a: Ferrothorn
|-damage|p2a: Ferrothorn|81/100
|-damage|p1a: Melmetal|59/100|[from] ability: Iron Barbs|[of] p2a: Ferrothorn
|-damage|p1a: Melmetal|43/100|[from] item: Rocky Helmet|[of] p2a: Ferrothorn
|
|upkeep
|turn|4
|
|t:|1667349698
|switch|p1a: Heatran|Heatran, M|100/100
|-item|p1a: Heatran|Air Balloon
|switch|p2a: Dragapult|Dragapult, F|100/100
|
|upkeep
|turn|5
|
|t:|1667349699
|move|p2a: Dragapult|Shadow Ball|p1a: Heatran
|-damage|p1a: Heatran|53/100
|-unboost|p1a: Heatran|spd|1
|-enditem|p1a: Heatran|Air Balloon
|move|p1a: Heatran|Stealth Rock|p2a: Dragapult
|-sidestart|p2: CoconutCrabs|move: Stealth Rock
|
|upkeep
|turn|6
|
|t:|1667349702
|switch|p1a: Landorus|Landorus-Therian, M|100/100
|-ability|p1a: Landorus|Intimidate|boost
|-unboost|p2a: Dragapult|atk|1
|move|p2a: Dragapult|Shadow Ball|p1a: Landorus
|-damage|p1a: Landorus|61/100
|
|-heal|p1a: Landorus|67/100|[from] item: Leftovers
|upkeep
|turn|7
|
|t:|1667349711
|move|p2a: Dragapult|Shadow Ball|p1a: Landorus
|-damage|p1a: Landorus|30/100
|move|p1a: Landorus|Toxic|p2a: Dragapult
|-status|p2a: Dragapult|tox
|
|-heal|p1a: Landorus|36/100|[from] item: Leftovers
|-damage|p2a: Dragapult|95/100 tox|[from] psn
|upkeep
|turn|8
|
|t:|1667349714
|switch|p1a: Melmetal|Melmetal|43/100
|move|p2a: Dragapult|Shadow Ball|p1a: Melmetal
|-damage|p1a: Melmetal|17/100
|
|-damage|p2a: Dragapult|83/100 tox|[from] psn
|upkeep
|turn|9
|
|t:|1667349715
|switch|p1a: Rotom|Rotom-Wash|100/100
|move|p2a: Dragapult|Shadow Ball|p1a: Rotom
|-damage|p1a: Rotom|45/100
|
|-heal|p1a: Rotom|51/100|[from] item: Leftovers
|-damage|p2a: Dragapult|65/100 tox|[from] psn
|upkeep
|turn|10
|
|t:|1667349720
|switch|p2a: Urshifu|Urshifu-Rapid-Strike, M|100/100
|-damage|p2a: Urshifu|94/100|[from] Stealth Rock
|switch|p1a: Tangrowth|Tangrowth, M|100/100
|
|upkeep
|turn|11
|
|t:|1667349722
|move|p2a: Urshifu|U-turn|p1a: Tangrowth
|-supereffective|p1a: Tangrowth
|-damage|p1a: Tangrowth|73/100
|
|t:|1667349724
|switch|p2a: Ferrothorn|Ferrothorn, M|81/100|[from]move: U-turn
|-damage|p2a: Ferrothorn|74/100|[from] Stealth Rock
|move|p1a: Tangrowth|Knock Off|p2a: Ferrothorn
|-damage|p2a: Ferrothorn|61/100
|-damage|p1a: Tangrowth|61/100|[from] ability: Iron Barbs|[of] p2a: Ferrothorn
|-damage|p1a: Tangrowth|44/100|[from] item: Rocky Helmet|[of] p2a: Ferrothorn
|-enditem|p2a: Ferrothorn|Rocky Helmet|[from] move: Knock Off|[of] p1a: Tangrowth
|
|upkeep
|turn|12
|
|t:|1667349726
|switch|p1a: Landorus|Landorus-Therian, M|36/100
|-ability|p1a: Landorus|Intimidate|boost
|-unboost|p2a: Ferrothorn|atk|1
|move|p2a: Ferrothorn|Stealth Rock|p1a: Landorus
|-sidestart|p1: minimax_ai|move: Stealth Rock
|
|-heal|p1a: Landorus|42/100|[from] item: Leftovers
|upkeep
|turn|13
|
|t:|1667349728
|move|p1a: Landorus|Earthquake|p2a: Ferrothorn
|-damage|p2a: Ferrothorn|31/100
|move|p2a: Ferrothorn|Leech Seed|p1a: Landorus
|-start|p1a: Landorus|move: Leech Seed
|
|-heal|p1a: Landorus|49/100|[from] item: Leftovers
|-damage|p1a: Landorus|36/100|[from] Leech Seed|[of] p2a: Ferrothorn
|-heal|p2a: Ferrothorn|44/100|[silent]
|upkeep
|turn|14
|
|t:|1667349730
|switch|p2a: Tornadus|Tornadus-Therian, M|100/100
|-damage|p2a: Tornadus|75/100|[from] Stealth Rock
|move|p1a: Landorus|Earthquake|p2a: Tornadus
|-immune|p2a: Tornadus
|
|-heal|p1a: Landorus|42/100|[from] item: Leftovers
|-damage|p1a: Landorus|30/100|[from] Leech Seed|[of] p2a: Tornadus
|-heal|p2a: Tornadus|89/100|[silent]
|upkeep
|turn|15
|
|t:|1667349734
|move|p2a: Tornadus|Knock Off|p1a: Landorus
|-damage|p1a: Landorus|9/100
|-enditem|p1a: Landorus|Leftovers|[from] move: Knock Off|[of] p2a: Tornadus
|move|p1a: Landorus|U-turn|p2a: Tornadus
|-resisted|p2a: Tornadus
|-damage|p2a: Tornadus|77/100
|
|t:|1667349734
|switch|p1a: Heatran|Heatran, M|53/100|[from]move: U-turn
|-damage|p1a: Heatran|40/100|[from] Stealth Rock
|
|upkeep
|turn|16
|inactive|CoconutCrabs has 120 seconds left.
|
|t:|1667349771
|move|p2a: Tornadus|Knock Off|p1a: Heatran
|-damage|p1a: Heatran|27/100
|move|p1a: Heatran|Magma Storm|p2a: Tornadus
|-damage|p2a: Tornadus|43/100
|-activate|p2a: Tornadus|move: Magma Storm|[of] p1a: Heatran
|
|-damage|p2a: Tornadus|30/100|[from] move: Magma Storm|[partiallytrapped]
|upkeep
|turn|17
|
|t:|1667349774
|move|p2a: Tornadus|U-turn|p1a: Heatran
|-resisted|p1a: Heatran
|-damage|p1a: Heatran|23/100
|
|t:|1667349775
|switch|p2a: Landorus|Landorus-Therian, M|100/100|[from]move: U-turn
|-damage|p2a: Landorus|88/100|[from] Stealth Rock
|-ability|p2a: Landorus|Intimidate|boost
|-unboost|p1a: Heatran|atk|1
|move|p1a: Heatran|Magma Storm|p2a: Landorus
|-damage|p2a: Landorus|50/100
|-activate|p2a: Landorus|move: Magma Storm|[of] p1a: Heatran
|
|-heal|p2a: Landorus|56/100|[from] item: Leftovers
|-damage|p2a: Landorus|43/100|[from] move: Magma Storm|[partiallytrapped]
|upkeep
|turn|18
|
|t:|1667349778
|switch|p1a: Tangrowth|Tangrowth, M|77/100
|-damage|p1a: Tangrowth|65/100|[from] Stealth Rock
|move|p2a: Landorus|Earthquake|p1a: Tangrowth
|-resisted|p1a: Tangrowth
|-damage|p1a: Tangrowth|52/100
|
|-heal|p2a: Landorus|49/100|[from] item: Leftovers
|-end|p2a: Landorus|Magma Storm|[partiallytrapped]|[silent]
|upkeep
|turn|19
|
|t:|1667349787
|switch|p2a: Ferrothorn|Ferrothorn, M|44/100
|-damage|p2a: Ferrothorn|38/100|[from] Stealth Rock
|move|p1a: Tangrowth|Giga Drain|p2a: Ferrothorn
|-resisted|p2a: Ferrothorn
|-damage|p2a: Ferrothorn|32/100
|-heal|p1a: Tangrowth|55/100|[from] drain|[of] p2a: Ferrothorn
|
|upkeep
|turn|20
|
|t:|1667349791
|move|p1a: Tangrowth|Giga Drain|p2a: Ferrothorn
|-resisted|p2a: Ferrothorn
|-damage|p2a: Ferrothorn|25/100
|-heal|p1a: Tangrowth|58/100|[from] drain|[of] p2a: Ferrothorn
|move|p2a: Ferrothorn|Knock Off|p1a: Tangrowth
|-damage|p1a: Tangrowth|47/100
|-damage|p2a: Ferrothorn|9/100|[from] item: Rocky Helmet|[of] p1a: Tangrowth
|-enditem|p1a: Tangrowth|Rocky Helmet|[from] move: Knock Off|[of] p2a: Ferrothorn
|
|upkeep
|turn|21
|
|t:|1667349793
|switch|p2a: Tornadus|Tornadus-Therian, M|64/100
|-damage|p2a: Tornadus|39/100|[from] Stealth Rock
|move|p1a: Tangrowth|Giga Drain|p2a: Tornadus
|-resisted|p2a: Tornadus
|-damage|p2a: Tornadus|30/100
|-heal|p1a: Tangrowth|51/100|[from] drain|[of] p2a: Tornadus
|
|upkeep
|turn|22
|
|t:|1667349800
|switch|p1a: Landorus|Landorus-Therian, M|9/100
|-damage|p1a: Landorus|0 fnt|[from] Stealth Rock
|faint|p1a: Landorus
|move|p2a: Tornadus|Hurricane|p1: Landorus|[notarget]
|-fail|p2a: Tornadus
|
|upkeep
|
|t:|1667349800
|switch|p1a: Weavile|Weavile, M|100/100
|-damage|p1a: Weavile|76/100|[from] Stealth Rock
|-ability|p1a: Weavile|Pressure
|turn|23
|
|t:|1667349819
|move|p1a: Weavile|Knock Off|p2a: Tornadus
|-damage|p2a: Tornadus|0 fnt
|-enditem|p2a: Tornadus|Assault Vest|[from] move: Knock Off|[of] p1a: Weavile
|faint|p2a: Tornadus
|
|upkeep
|
|t:|1667349825
|switch|p2a: Tapu Lele|Tapu Lele|100/100
|-damage|p2a: Tapu Lele|88/100|[from] Stealth Rock
|-fieldstart|move: Psychic Terrain|[from] ability: Psychic Surge|[of] p2a: Tapu Lele
|turn|24
|
|t:|1667349828
|switch|p1a: Heatran|Heatran, M|23/100
|-damage|p1a: Heatran|11/100|[from] Stealth Rock
|move|p2a: Tapu Lele|Moonblast|p1a: Heatran
|-resisted|p1a: Heatran
|-damage|p1a: Heatran|0 fnt
|faint|p1a: Heatran
|
|upkeep
|
|t:|1667349828
|switch|p1a: Weavile|Weavile, M|76/100
|-damage|p1a: Weavile|51/100|[from] Stealth Rock
|-ability|p1a: Weavile|Pressure
|turn|25
|
|t:|1667349829
|move|p2a: Tapu Lele|Moonblast|p1a: Weavile
|-supereffective|p1a: Weavile
|-damage|p1a: Weavile|0 fnt
|faint|p1a: Weavile
|
|upkeep
|
|t:|1667349830
|switch|p1a: Tangrowth|Tangrowth, M|84/100
|-damage|p1a: Tangrowth|72/100|[from] Stealth Rock
|turn|26
|j| nightsuwu
|
|t:|1667349837
|switch|p1a: Melmetal|Melmetal|17/100
|-damage|p1a: Melmetal|11/100|[from] Stealth Rock
|move|p2a: Tapu Lele|Moonblast|p1a: Melmetal
|-resisted|p1a: Melmetal
|-damage|p1a: Melmetal|0 fnt
|faint|p1a: Melmetal
|
|upkeep
|
|t:|1667349837
|switch|p1a: Tangrowth|Tangrowth, M|100/100
|-damage|p1a: Tangrowth|88/100|[from] Stealth Rock
|turn|27
|
|t:|1667349841
|switch|p1a: Rotom|Rotom-Wash|51/100
|-damage|p1a: Rotom|39/100|[from] Stealth Rock
|move|p2a: Tapu Lele|Moonblast|p1a: Rotom
|-damage|p1a: Rotom|0 fnt
|faint|p1a: Rotom
|
|upkeep
|
|t:|1667349841
|switch|p1a: Tangrowth|Tangrowth, M|100/100
|-damage|p1a: Tangrowth|88/100|[from] Stealth Rock
|turn|28
|
|t:|1667349842
|move|p2a: Tapu Lele|Moonblast|p1a: Tangrowth
|-damage|p1a: Tangrowth|14/100
|move|p1a: Tangrowth|Knock Off|p2a: Tapu Lele
|-damage|p2a: Tapu Lele|55/100
|-enditem|p2a: Tapu Lele|Choice Scarf|[from] move: Knock Off|[of] p1a: Tangrowth
|
|-fieldend|move: Psychic Terrain
|upkeep
|turn|29
|
|t:|1667349844
|move|p2a: Tapu Lele|Moonblast|p1a: Tangrowth
|-damage|p1a: Tangrowth|0 fnt
|faint|p1a: Tangrowth
|
|win|CoconutCrabs
|raw|minimax_ai's rating: 1682 &rarr; <strong>1666</strong><br />(-16 for losing)
|raw|CoconutCrabs's rating: 1750 &rarr; <strong>1766</strong><br />(+16 for winning)
