|html|<div class="broadcast-blue"><strong>[Gen 8] OU is currently suspecting Melmetal! For information on how to participate check out the <a href="https://www.smogon.com/forums/threads/np-ss-ou-suspect-process-round-12-monster-mash.3709234/">suspect thread</a>.</strong></div>
|j|☆minimax_ai
|j|☆Spectre Ace
|t:|1666646304
|gametype|singles
|player|p1|minimax_ai|lusamine-nihilego|1540
|player|p2|Spectre Ace|juggler|1727
|teamsize|p1|6
|teamsize|p2|6
|gen|8
|tier|[Gen 8] OU
|rated|
|rule|Sleep Clause Mod: Limit one foe put to sleep
|rule|Species Clause: Limit one of each Pokémon
|rule|OHKO Clause: OHKO moves are banned
|rule|Evasion Items Clause: Evasion items are banned
|rule|Evasion Moves Clause: Evasion moves are banned
|rule|Endless Battle Clause: Forcing endless battles is banned
|rule|HP Percentage Mod: HP is shown in percentages
|rule|Dynamax Clause: You cannot dynamax
|clearpoke
|poke|p1|Rotom-Wash|
|poke|p1|Weavile, F|
|poke|p1|Landorus-Therian, M|
|poke|p1|Heatran, M|
|poke|p1|Tangrowth, M|
|poke|p1|Melmetal|
|poke|p2|Landorus-Therian, M|
|poke|p2|Ferrothorn, M|
|poke|p2|Tentacruel, F|
|poke|p2|Raichu-Alola, F|
|poke|p2|Tapu Koko|
|poke|p2|Weavile, M|
|teampreview
|c|☆minimax_ai|hf
|inactive|Battle timer is ON: inactive players will automatically lose when time's up. (requested by minimax_ai)
|
|t:|1666646315
|start
|switch|p1a: landorustherian|Landorus-Therian, M|100/100
|switch|p2a: Ferrothorn|Ferrothorn, M|100/100
|-ability|p1a: landorustherian|Intimidate|boost
|-unboost|p2a: Ferrothorn|atk|1
|turn|1
|
|t:|1666646316
|move|p1a: landorustherian|Earthquake|p2a: Ferrothorn
|-damage|p2a: Ferrothorn|66/100
|move|p2a: Ferrothorn|Knock Off|p1a: landorustherian
|-damage|p1a: landorustherian|86/100
|-enditem|p1a: landorustherian|Leftovers|[from] move: Knock Off|[of] p2a: Ferrothorn
|
|-heal|p2a: Ferrothorn|72/100|[from] item: Leftovers
|upkeep
|turn|2
|
|t:|1666646320
|move|p1a: landorustherian|U-turn|p2a: Ferrothorn
|-damage|p2a: Ferrothorn|55/100
|-damage|p1a: landorustherian|74/100|[from] ability: Iron Barbs|[of] p2a: Ferrothorn
|
|t:|1666646320
|switch|p1a: Heatran|Heatran, M|100/100|[from]move: U-turn
|-item|p1a: Heatran|Air Balloon
|move|p2a: Ferrothorn|Leech Seed|p1a: Heatran
|-start|p1a: Heatran|move: Leech Seed
|
|-heal|p2a: Ferrothorn|61/100|[from] item: Leftovers
|-damage|p1a: Heatran|88/100|[from] Leech Seed|[of] p2a: Ferrothorn
|-heal|p2a: Ferrothorn|72/100|[silent]
|upkeep
|turn|3
|
|t:|1666646322
|switch|p2a: Tentacruel|Tentacruel, F|100/100
|move|p1a: Heatran|Magma Storm|p2a: Tentacruel
|-resisted|p2a: Tentacruel
|-damage|p2a: Tentacruel|83/100
|-activate|p2a: Tentacruel|move: Magma Storm|[of] p1a: Heatran
|
|-heal|p2a: Tentacruel|90/100|[from] item: Black Sludge
|-damage|p1a: Heatran|76/100|[from] Leech Seed|[of] p2a: Tentacruel
|-heal|p2a: Tentacruel|100/100|[silent]
|-damage|p2a: Tentacruel|88/100|[from] move: Magma Storm|[partiallytrapped]
|upkeep
|turn|4
|
|t:|1666646329
|switch|p1a: rotomwash|Rotom-Wash|100/100
|move|p2a: Tentacruel|Knock Off|p1a: rotomwash
|-damage|p1a: rotomwash|84/100
|-enditem|p1a: rotomwash|Leftovers|[from] move: Knock Off|[of] p2a: Tentacruel
|
|-heal|p2a: Tentacruel|94/100|[from] item: Black Sludge
|-end|p2a: Tentacruel|Magma Storm|[partiallytrapped]|[silent]
|upkeep
|turn|5
|
|t:|1666646335
|switch|p2a: Landorus|Landorus-Therian, M|100/100
|-ability|p2a: Landorus|Intimidate|boost
|-unboost|p1a: rotomwash|atk|1
|move|p1a: rotomwash|Hydro Pump|p2a: Landorus
|-supereffective|p2a: Landorus
|-damage|p2a: Landorus|36/100
|
|-heal|p2a: Landorus|42/100|[from] item: Leftovers
|upkeep
|turn|6
|
|t:|1666646337
|switch|p2a: Ferrothorn|Ferrothorn, M|72/100
|move|p1a: rotomwash|Hydro Pump|p2a: Ferrothorn
|-resisted|p2a: Ferrothorn
|-damage|p2a: Ferrothorn|58/100
|
|-heal|p2a: Ferrothorn|64/100|[from] item: Leftovers
|upkeep
|turn|7
|
|t:|1666646340
|switch|p1a: landorustherian|Landorus-Therian, M|74/100
|-ability|p1a: landorustherian|Intimidate|boost
|-unboost|p2a: Ferrothorn|atk|1
|move|p2a: Ferrothorn|Spikes|p1a: landorustherian
|-sidestart|p1: minimax_ai|Spikes
|
|-heal|p2a: Ferrothorn|70/100|[from] item: Leftovers
|upkeep
|turn|8
|
|t:|1666646343
|move|p1a: landorustherian|Defog|p2a: Ferrothorn
|-unboost|p2a: Ferrothorn|evasion|1
|-sideend|p1: minimax_ai|Spikes|[from] move: Defog|[of] p1a: landorustherian
|move|p2a: Ferrothorn|Leech Seed|p1a: landorustherian
|-start|p1a: landorustherian|move: Leech Seed
|
|-heal|p2a: Ferrothorn|77/100|[from] item: Leftovers
|-damage|p1a: landorustherian|62/100|[from] Leech Seed|[of] p2a: Ferrothorn
|-heal|p2a: Ferrothorn|90/100|[silent]
|upkeep
|turn|9
|
|t:|1666646344
|move|p1a: landorustherian|U-turn|p2a: Ferrothorn
|-damage|p2a: Ferrothorn|73/100
|-damage|p1a: landorustherian|49/100|[from] ability: Iron Barbs|[of] p2a: Ferrothorn
|
|t:|1666646344
|switch|p1a: Tangrowth|Tangrowth, M|100/100|[from]move: U-turn
|move|p2a: Ferrothorn|Spikes|p1a: Tangrowth
|-sidestart|p1: minimax_ai|Spikes
|
|-heal|p2a: Ferrothorn|79/100|[from] item: Leftovers
|upkeep
|turn|10
|
|t:|1666646349
|switch|p2a: Tentacruel|Tentacruel, F|94/100
|move|p1a: Tangrowth|Focus Blast|p2a: Tentacruel
|-resisted|p2a: Tentacruel
|-damage|p2a: Tentacruel|85/100
|
|-heal|p2a: Tentacruel|91/100|[from] item: Black Sludge
|upkeep
|turn|11
|
|t:|1666646353
|switch|p1a: rotomwash|Rotom-Wash|84/100
|move|p2a: Tentacruel|Scald|p1a: rotomwash
|-resisted|p1a: rotomwash
|-damage|p1a: rotomwash|73/100
|
|-heal|p2a: Tentacruel|97/100|[from] item: Black Sludge
|upkeep
|turn|12
|
|t:|1666646358
|move|p2a: Tentacruel|Knock Off|p1a: rotomwash
|-damage|p1a: rotomwash|63/100
|move|p1a: rotomwash|Hydro Pump|p2a: Tentacruel
|-resisted|p2a: Tentacruel
|-damage|p2a: Tentacruel|83/100
|
|-heal|p2a: Tentacruel|89/100|[from] item: Black Sludge
|upkeep
|turn|13
|
|t:|1666646363
|move|p2a: Tentacruel|Scald|p1a: rotomwash
|-resisted|p1a: rotomwash
|-damage|p1a: rotomwash|51/100
|move|p1a: rotomwash|Hydro Pump|p2a: Tentacruel
|-resisted|p2a: Tentacruel
|-damage|p2a: Tentacruel|74/100
|
|-heal|p2a: Tentacruel|80/100|[from] item: Black Sludge
|upkeep
|turn|14
|
|t:|1666646369
|move|p2a: Tentacruel|Scald|p1a: rotomwash
|-resisted|p1a: rotomwash
|-damage|p1a: rotomwash|41/100
|move|p1a: rotomwash|Thunderbolt|p2a: Tentacruel
|-supereffective|p2a: Tentacruel
|-damage|p2a: Tentacruel|35/100
|
|-heal|p2a: Tentacruel|41/100|[from] item: Black Sludge
|upkeep
|turn|15
|
|t:|1666646376
|switch|p2a: Ferrothorn|Ferrothorn, M|79/100
|move|p1a: rotomwash|Pain Split|p2a: Ferrothorn
|-sethp|p2a: Ferrothorn|57/100|[from] move: Pain Split|[silent]
|-sethp|p1a: rotomwash|66/100|[from] move: Pain Split
|
|-heal|p2a: Ferrothorn|63/100|[from] item: Leftovers
|upkeep
|turn|16
|
|t:|1666646380
|switch|p1a: landorustherian|Landorus-Therian, M|49/100
|-ability|p1a: landorustherian|Intimidate|boost
|-unboost|p2a: Ferrothorn|atk|1
|move|p2a: Ferrothorn|Leech Seed|p1a: landorustherian|[miss]
|-miss|p2a: Ferrothorn|p1a: landorustherian
|
|-heal|p2a: Ferrothorn|70/100|[from] item: Leftovers
|upkeep
|turn|17
|
|t:|1666646382
|move|p1a: landorustherian|Defog|p2a: Ferrothorn
|-unboost|p2a: Ferrothorn|evasion|1
|-sideend|p1: minimax_ai|Spikes|[from] move: Defog|[of] p1a: landorustherian
|move|p2a: Ferrothorn|Leech Seed|p1a: landorustherian
|-start|p1a: landorustherian|move: Leech Seed
|
|-heal|p2a: Ferrothorn|76/100|[from] item: Leftovers
|-damage|p1a: landorustherian|37/100|[from] Leech Seed|[of] p2a: Ferrothorn
|-heal|p2a: Ferrothorn|89/100|[silent]
|upkeep
|turn|18
|
|t:|1666646383
|move|p1a: landorustherian|U-turn|p2a: Ferrothorn
|-damage|p2a: Ferrothorn|74/100
|-damage|p1a: landorustherian|25/100|[from] ability: Iron Barbs|[of] p2a: Ferrothorn
|
|t:|1666646384
|switch|p1a: Tangrowth|Tangrowth, M|100/100|[from]move: U-turn
|move|p2a: Ferrothorn|Spikes|p1a: Tangrowth
|-sidestart|p1: minimax_ai|Spikes
|
|-heal|p2a: Ferrothorn|80/100|[from] item: Leftovers
|upkeep
|turn|19
|
|t:|1666646388
|switch|p2a: Landorus|Landorus-Therian, M|42/100
|-ability|p2a: Landorus|Intimidate|boost
|-unboost|p1a: Tangrowth|atk|1
|move|p1a: Tangrowth|Knock Off|p2a: Landorus
|-damage|p2a: Landorus|28/100
|-enditem|p2a: Landorus|Leftovers|[from] move: Knock Off|[of] p1a: Tangrowth
|
|upkeep
|turn|20
|
|t:|1666646390
|move|p2a: Landorus|Toxic|p1a: Tangrowth
|-status|p1a: Tangrowth|tox
|move|p1a: Tangrowth|Giga Drain|p2a: Landorus
|-damage|p2a: Landorus|7/100
|
|-damage|p1a: Tangrowth|94/100 tox|[from] psn
|upkeep
|turn|21
|
|t:|1666646393
|switch|p2a: Tentacruel|Tentacruel, F|41/100
|move|p1a: Tangrowth|Knock Off|p2a: Tentacruel
|-damage|p2a: Tentacruel|19/100
|-enditem|p2a: Tentacruel|Black Sludge|[from] move: Knock Off|[of] p1a: Tangrowth
|
|-damage|p1a: Tangrowth|82/100 tox|[from] psn
|upkeep
|turn|22
|
|t:|1666646395
|move|p2a: Tentacruel|Ice Beam|p1a: Tangrowth
|-supereffective|p1a: Tangrowth
|-damage|p1a: Tangrowth|34/100 tox
|move|p1a: Tangrowth|Giga Drain|p2a: Tentacruel
|-damage|p2a: Tentacruel|1/100
|-heal|p1a: Tangrowth|43/100 tox|[from] drain|[of] p2a: Tentacruel
|
|-damage|p1a: Tangrowth|24/100 tox|[from] psn
|upkeep
|turn|23
|
|t:|1666646399
|switch|p1a: rotomwash|Rotom-Wash|66/100
|move|p2a: Tentacruel|Ice Beam|p1a: rotomwash
|-resisted|p1a: rotomwash
|-damage|p1a: rotomwash|57/100
|
|upkeep
|turn|24
|
|t:|1666646400
|move|p2a: Tentacruel|Scald|p1a: rotomwash
|-resisted|p1a: rotomwash
|-damage|p1a: rotomwash|44/100
|move|p1a: rotomwash|Thunderbolt|p2a: Tentacruel
|-supereffective|p2a: Tentacruel
|-damage|p2a: Tentacruel|0 fnt
|faint|p2a: Tentacruel
|
|upkeep
|
|t:|1666646405
|switch|p2a: Weavile|Weavile, M|100/100
|-ability|p2a: Weavile|Pressure
|turn|25
|
|t:|1666646408
|move|p2a: Weavile|Knock Off|p1a: rotomwash
|-damage|p1a: rotomwash|0 fnt
|faint|p1a: rotomwash
|
|upkeep
|
|t:|1666646409
|switch|p1a: Heatran|Heatran, M|76/100
|-item|p1a: Heatran|Air Balloon
|turn|26
|
|t:|1666646415
|move|p2a: Weavile|Knock Off|p1a: Heatran
|-damage|p1a: Heatran|0 fnt
|-enditem|p1a: Heatran|Air Balloon
|faint|p1a: Heatran
|
|upkeep
|
|t:|1666646415
|switch|p1a: Weavile|Weavile, F|100/100
|-damage|p1a: Weavile|88/100|[from] Spikes
|-ability|p1a: Weavile|Pressure
|turn|27
|
|t:|1666646423
|switch|p2a: Landorus|Landorus-Therian, M|7/100
|-ability|p2a: Landorus|Intimidate|boost
|-unboost|p1a: Weavile|atk|1
|move|p1a: Weavile|Low Kick|p2a: Landorus
|-resisted|p2a: Landorus
|-damage|p2a: Landorus|0 fnt
|faint|p2a: Landorus
|
|upkeep
|
|t:|1666646424
|switch|p2a: Tapu Koko|Tapu Koko|100/100
|-fieldstart|move: Electric Terrain|[from] ability: Electric Surge|[of] p2a: Tapu Koko
|turn|28
|
|t:|1666646427
|switch|p1a: Tangrowth|Tangrowth, M|57/100 tox
|-damage|p1a: Tangrowth|45/100 tox|[from] Spikes
|move|p2a: Tapu Koko|Dazzling Gleam|p1a: Tangrowth
|-crit|p1a: Tangrowth
|-damage|p1a: Tangrowth|0 fnt
|faint|p1a: Tangrowth
|
|upkeep
|
|t:|1666646427
|switch|p1a: Melmetal|Melmetal|100/100
|-damage|p1a: Melmetal|88/100|[from] Spikes
|turn|29
|
|t:|1666646429
|move|p2a: Tapu Koko|U-turn|p1a: Melmetal
|-resisted|p1a: Melmetal
|-damage|p1a: Melmetal|83/100
|
|t:|1666646430
|switch|p2a: Ferrothorn|Ferrothorn, M|80/100|[from]move: U-turn
|move|p1a: Melmetal|Ice Punch|p2a: Ferrothorn
|-damage|p2a: Ferrothorn|57/100
|-damage|p1a: Melmetal|71/100|[from] ability: Iron Barbs|[of] p2a: Ferrothorn
|
|-heal|p2a: Ferrothorn|64/100|[from] item: Leftovers
|upkeep
|turn|30
|
|t:|1666646435
|move|p1a: Melmetal|Ice Punch|p2a: Ferrothorn
|-damage|p2a: Ferrothorn|41/100
|-damage|p1a: Melmetal|59/100|[from] ability: Iron Barbs|[of] p2a: Ferrothorn
|move|p2a: Ferrothorn|Leech Seed|p1a: Melmetal
|-start|p1a: Melmetal|move: Leech Seed
|
|-heal|p2a: Ferrothorn|47/100|[from] item: Leftovers
|-damage|p1a: Melmetal|46/100|[from] Leech Seed|[of] p2a: Ferrothorn
|-heal|p2a: Ferrothorn|63/100|[silent]
|upkeep
|turn|31
|
|t:|1666646438
|move|p1a: Melmetal|Earthquake|p2a: Ferrothorn
|-damage|p2a: Ferrothorn|35/100
|move|p2a: Ferrothorn|Gyro Ball|p1a: Melmetal
|-resisted|p1a: Melmetal
|-damage|p1a: Melmetal|40/100
|
|-heal|p2a: Ferrothorn|41/100|[from] item: Leftovers
|-damage|p1a: Melmetal|27/100|[from] Leech Seed|[of] p2a: Ferrothorn
|-heal|p2a: Ferrothorn|57/100|[silent]
|upkeep
|turn|32
|
|t:|1666646441
|move|p1a: Melmetal|Earthquake|p2a: Ferrothorn
|-damage|p2a: Ferrothorn|32/100
|move|p2a: Ferrothorn|Spikes|p1a: Melmetal
|-sidestart|p1: minimax_ai|Spikes
|
|-heal|p2a: Ferrothorn|38/100|[from] item: Leftovers
|-damage|p1a: Melmetal|15/100|[from] Leech Seed|[of] p2a: Ferrothorn
|-heal|p2a: Ferrothorn|54/100|[silent]
|upkeep
|turn|33
|
|t:|1666646442
|move|p1a: Melmetal|Double Iron Bash|p2a: Ferrothorn
|-resisted|p2a: Ferrothorn
|-damage|p2a: Ferrothorn|39/100
|-damage|p1a: Melmetal|2/100|[from] ability: Iron Barbs|[of] p2a: Ferrothorn
|-resisted|p2a: Ferrothorn
|-damage|p2a: Ferrothorn|25/100
|-damage|p1a: Melmetal|0 fnt|[from] ability: Iron Barbs|[of] p2a: Ferrothorn
|faint|p1a: Melmetal
|-hitcount|p2a: Ferrothorn|2
|cant|p2a: Ferrothorn|flinch
|
|-heal|p2a: Ferrothorn|31/100|[from] item: Leftovers
|upkeep
|
|t:|1666646442
|switch|p1a: landorustherian|Landorus-Therian, M|25/100
|-ability|p1a: landorustherian|Intimidate|boost
|-unboost|p2a: Ferrothorn|atk|1
|turn|34
|
|t:|1666646447
|move|p1a: landorustherian|Earthquake|p2a: Ferrothorn
|-damage|p2a: Ferrothorn|0 fnt
|faint|p2a: Ferrothorn
|
|upkeep
|
|t:|1666646450
|switch|p2a: Raichu|Raichu-Alola, F, shiny|100/100
|turn|35
|
|t:|1666646451
|move|p2a: Raichu|Surf|p1a: landorustherian
|-supereffective|p1a: landorustherian
|-damage|p1a: landorustherian|0 fnt
|faint|p1a: landorustherian
|-damage|p2a: Raichu|91/100|[from] item: Life Orb
|
|-fieldend|move: Electric Terrain
|upkeep
|
|t:|1666646451
|switch|p1a: Weavile|Weavile, F|88/100
|-damage|p1a: Weavile|72/100|[from] Spikes
|-ability|p1a: Weavile|Pressure
|turn|36
|
|t:|1666646453
|switch|p2a: Weavile|Weavile, M|100/100
|-ability|p2a: Weavile|Pressure
|move|p1a: Weavile|Triple Axel|p2a: Weavile
|-resisted|p2a: Weavile
|-crit|p2a: Weavile
|-damage|p2a: Weavile|80/100
|-hitcount|p2a: Weavile|1
|
|upkeep
|turn|37
|
|t:|1666646455
|move|p1a: Weavile|Triple Axel|p2a: Weavile
|-resisted|p2a: Weavile
|-damage|p2a: Weavile|67/100
|-resisted|p2a: Weavile
|-damage|p2a: Weavile|41/100
|-resisted|p2a: Weavile
|-damage|p2a: Weavile|4/100
|-hitcount|p2a: Weavile|3
|move|p2a: Weavile|Low Kick|p1a: Weavile
|-supereffective|p1a: Weavile
|-damage|p1a: Weavile|0 fnt
|faint|p1a: Weavile
|
|win|Spectre Ace
|raw|minimax_ai's rating: 1540 &rarr; <strong>1530</strong><br />(-10 for losing)
|raw|Spectre Ace's rating: 1727 &rarr; <strong>1737</strong><br />(+10 for winning)
|c|☆minimax_ai|gg
