|j|☆noudle soop
|j|☆LaggyBaggy516
|t:|1629425669
|gametype|singles
|player|p1|noudle soop|unknown|1676
|player|p2|LaggyBaggy516|2|1743
|teamsize|p1|6
|teamsize|p2|6
|gen|8
|tier|[Gen 8] OU
|rated|
|rule|Sleep Clause Mod: Limit one foe put to sleep
|rule|Species Clause: Limit one of each Pokémon
|rule|OHKO Clause: OHKO moves are banned
|rule|Evasion Moves Clause: Evasion moves are banned
|rule|Endless Battle Clause: Forcing endless battles is banned
|rule|HP Percentage Mod: HP is shown in percentages
|rule|Dynamax Clause: You cannot dynamax
|clearpoke
|poke|p1|Victini|
|poke|p1|Tapu Lele|
|poke|p1|Garchomp, M|
|poke|p1|Celesteela|
|poke|p1|Regieleki|
|poke|p1|Golisopod, F|
|poke|p2|Venusaur, F|
|poke|p2|Victini|
|poke|p2|Darmanitan, M|
|poke|p2|Torkoal, M|
|poke|p2|Landorus-Therian, M|
|poke|p2|Melmetal|
|teampreview
|inactive|Battle timer is ON: inactive players will automatically lose when time's up. (requested by LaggyBaggy516)
|inactive|noudle soop also wants the timer to be on.
|inactive|noudle soop has 120 seconds left.
|
|t:|1629425711
|start
|switch|p1a: Tapu Lele|Tapu Lele|100/100
|switch|p2a: Torkoal|Torkoal, M|100/100
|-fieldstart|move: Psychic Terrain|[from] ability: Psychic Surge|[of] p1a: Tapu Lele
|-weather|SunnyDay|[from] ability: Drought|[of] p2a: Torkoal
|turn|1
|
|t:|1629425717
|switch|p2a: Victini|Victini|100/100
|move|p1a: Tapu Lele|Psychic|p2a: Victini
|-resisted|p2a: Victini
|-damage|p2a: Victini|65/100
|
|-weather|SunnyDay|[upkeep]
|upkeep
|turn|2
|
|t:|1629425722
|switch|p1a: Garchomp|Garchomp, M|100/100
|move|p2a: Victini|V-create|p1a: Garchomp
|-resisted|p1a: Garchomp
|-damage|p1a: Garchomp|40/100
|-unboost|p2a: Victini|spe|1
|-unboost|p2a: Victini|def|1
|-unboost|p2a: Victini|spd|1
|-damage|p2a: Victini|53/100|[from] ability: Rough Skin|[of] p1a: Garchomp
|
|-weather|SunnyDay|[upkeep]
|-heal|p1a: Garchomp|46/100|[from] item: Leftovers
|upkeep
|turn|3
|j| RWaver
|
|t:|1629425728
|move|p1a: Garchomp|Stealth Rock|p2a: Victini
|-sidestart|p2: LaggyBaggy516|move: Stealth Rock
|move|p2a: Victini|V-create|p1a: Garchomp
|-resisted|p1a: Garchomp
|-damage|p1a: Garchomp|0 fnt
|-unboost|p2a: Victini|spe|1
|-unboost|p2a: Victini|def|1
|-unboost|p2a: Victini|spd|1
|-damage|p2a: Victini|41/100|[from] ability: Rough Skin|[of] p1a: Garchomp
|faint|p1a: Garchomp
|
|-weather|SunnyDay|[upkeep]
|upkeep
|
|t:|1629425733
|switch|p1a: Victini|Victini|100/100
|turn|4
|
|t:|1629425737
|switch|p2a: Landorus|Landorus-Therian, M|100/100
|-damage|p2a: Landorus|88/100|[from] Stealth Rock
|-ability|p2a: Landorus|Intimidate|boost
|-unboost|p1a: Victini|atk|1
|move|p1a: Victini|Blue Flare|p2a: Landorus
|-damage|p2a: Landorus|4/100
|-status|p2a: Landorus|brn
|
|-weather|SunnyDay|[upkeep]
|-damage|p2a: Landorus|0 fnt|[from] brn
|faint|p2a: Landorus
|upkeep
|
|t:|1629425754
|switch|p2a: Melmetal|Melmetal|100/100
|-damage|p2a: Melmetal|94/100|[from] Stealth Rock
|turn|5
|
|t:|1629425757
|move|p1a: Victini|Blue Flare|p2a: Melmetal
|-supereffective|p2a: Melmetal
|-damage|p2a: Melmetal|7/100
|-status|p2a: Melmetal|brn
|move|p2a: Melmetal|Earthquake|p1a: Victini
|-supereffective|p1a: Victini
|-damage|p1a: Victini|65/100
|
|-weather|SunnyDay|[upkeep]
|-damage|p2a: Melmetal|1/100 brn|[from] brn
|-fieldend|move: Psychic Terrain
|upkeep
|turn|6
|
|t:|1629425762
|move|p1a: Victini|Expanding Force|p2a: Melmetal
|-resisted|p2a: Melmetal
|-damage|p2a: Melmetal|0 fnt
|faint|p2a: Melmetal
|
|-weather|SunnyDay|[upkeep]
|upkeep
|
|t:|1629425771
|switch|p2a: Venusaur|Venusaur, F|100/100
|-damage|p2a: Venusaur|88/100|[from] Stealth Rock
|turn|7
|
|t:|1629425780
|move|p2a: Venusaur|Earthquake|p1a: Victini
|-supereffective|p1a: Victini
|-damage|p1a: Victini|14/100
|-damage|p2a: Venusaur|78/100|[from] item: Life Orb
|move|p1a: Victini|Expanding Force|p2a: Venusaur
|-supereffective|p2a: Venusaur
|-damage|p2a: Venusaur|2/100
|
|-weather|SunnyDay|[upkeep]
|upkeep
|turn|8
|
|t:|1629425787
|move|p2a: Venusaur|Giga Drain|p1a: Victini
|-resisted|p1a: Victini
|-damage|p1a: Victini|0 fnt
|-heal|p2a: Venusaur|10/100|[from] drain|[of] p1a: Victini
|faint|p1a: Victini
|-damage|p2a: Venusaur|0 fnt|[from] item: Life Orb
|faint|p2a: Venusaur
|
|-weather|none
|upkeep
|
|t:|1629425792
|switch|p1a: Tapu Lele|Tapu Lele|100/100
|switch|p2a: Torkoal|Torkoal, M|100/100
|-fieldstart|move: Psychic Terrain|[from] ability: Psychic Surge|[of] p1a: Tapu Lele
|-damage|p2a: Torkoal|76/100|[from] Stealth Rock
|-weather|SunnyDay|[from] ability: Drought|[of] p2a: Torkoal
|turn|9
|
|t:|1629425795
|move|p1a: Tapu Lele|Psychic|p2a: Torkoal
|-damage|p2a: Torkoal|0 fnt
|faint|p2a: Torkoal
|
|-weather|SunnyDay|[upkeep]
|upkeep
|-message|LaggyBaggy516 forfeited.
|
|win|noudle soop
|raw|noudle soop's rating: 1676 &rarr; <strong>1700</strong><br />(+24 for winning)
|raw|LaggyBaggy516's rating: 1743 &rarr; <strong>1719</strong><br />(-24 for losing)
|l|☆LaggyBaggy516
