|j|☆COEP
|j|☆demgeilem
|t:|1668090663
|gametype|singles
|player|p1|COEP|steven|1681
|player|p2|demgeilem|ethan-masters|1667
|teamsize|p1|6
|teamsize|p2|6
|gen|8
|tier|[Gen 8] OU
|rated|
|rule|Sleep Clause Mod: Limit one foe put to sleep
|rule|Species Clause: Limit one of each Pokémon
|rule|OHKO Clause: OHKO moves are banned
|rule|Evasion Items Clause: Evasion items are banned
|rule|Evasion Moves Clause: Evasion moves are banned
|rule|Endless Battle Clause: Forcing endless battles is banned
|rule|HP Percentage Mod: HP is shown in percentages
|rule|Dynamax Clause: You cannot dynamax
|clearpoke
|poke|p1|Regieleki|
|poke|p1|Ferrothorn, M|
|poke|p1|Garchomp, F|
|poke|p1|Landorus-Therian, M|
|poke|p1|Pelipper, M|
|poke|p1|Weavile, M|
|poke|p2|Melmetal|
|poke|p2|Dragapult, M|
|poke|p2|Slowbro, F|
|poke|p2|Clefable, M|
|poke|p2|Landorus-Therian, M|
|poke|p2|Buzzwole|
|teampreview
|inactive|Battle timer is ON: inactive players will automatically lose when time's up. (requested by COEP)
|
|t:|1668090678
|start
|switch|p1a: Landorus|Landorus-Therian, M|100/100
|switch|p2a: Clefable|Clefable, M|100/100
|-ability|p1a: Landorus|Intimidate|boost
|-unboost|p2a: Clefable|atk|1
|turn|1
|
|t:|1668090685
|move|p1a: Landorus|Stealth Rock|p2a: Clefable
|-sidestart|p2: demgeilem|move: Stealth Rock
|move|p2a: Clefable|Moonblast|p1a: Landorus
|-damage|p1a: Landorus|78/100
|
|-heal|p1a: Landorus|84/100|[from] item: Leftovers
|upkeep
|turn|2
|
|t:|1668090693
|move|p1a: Landorus|Earthquake|p2a: Clefable
|-damage|p2a: Clefable|48/100
|move|p2a: Clefable|Stealth Rock|p1a: Landorus
|-sidestart|p1: COEP|move: Stealth Rock
|
|-heal|p1a: Landorus|90/100|[from] item: Leftovers
|-heal|p2a: Clefable|54/100|[from] item: Leftovers
|upkeep
|turn|3
|
|t:|1668090701
|switch|p2a: Slowbro|Slowbro, F, shiny|100/100
|-damage|p2a: Slowbro|88/100|[from] Stealth Rock
|move|p1a: Landorus|Toxic|p2a: Slowbro
|-status|p2a: Slowbro|tox
|
|-heal|p1a: Landorus|96/100|[from] item: Leftovers
|-damage|p2a: Slowbro|82/100 tox|[from] psn
|upkeep
|turn|4
|
|t:|1668090711
|move|p1a: Landorus|U-turn|p2a: Slowbro
|-supereffective|p2a: Slowbro
|-damage|p2a: Slowbro|57/100 tox
|-damage|p1a: Landorus|79/100|[from] item: Rocky Helmet|[of] p2a: Slowbro
|
|t:|1668090716
|switch|p1a: Ferrothorn|Ferrothorn, M|100/100|[from]move: U-turn
|-damage|p1a: Ferrothorn|94/100|[from] Stealth Rock
|move|p2a: Slowbro|Future Sight|p1a: Ferrothorn
|-start|p2a: Slowbro|move: Future Sight
|
|-damage|p2a: Slowbro|44/100 tox|[from] psn
|upkeep
|turn|5
|
|t:|1668090731
|switch|p2a: Melmetal|Melmetal|100/100
|-damage|p2a: Melmetal|94/100|[from] Stealth Rock
|move|p1a: Ferrothorn|Spikes|p2a: Melmetal
|-sidestart|p2: demgeilem|Spikes
|
|upkeep
|turn|6
|
|t:|1668090739
|switch|p1a: Landorus|Landorus-Therian, M|79/100
|-damage|p1a: Landorus|67/100|[from] Stealth Rock
|-ability|p1a: Landorus|Intimidate|boost
|-unboost|p2a: Melmetal|atk|1
|move|p2a: Melmetal|Superpower|p1a: Landorus
|-resisted|p1a: Landorus
|-damage|p1a: Landorus|43/100
|-unboost|p2a: Melmetal|atk|1
|-unboost|p2a: Melmetal|def|1
|
|-end|p1a: Landorus|move: Future Sight
|-damage|p1a: Landorus|9/100
|-heal|p1a: Landorus|15/100|[from] item: Leftovers
|upkeep
|turn|7
|
|t:|1668090762
|switch|p2a: Slowbro|Slowbro, F, shiny|78/100 tox
|-damage|p2a: Slowbro|65/100 tox|[from] Stealth Rock
|-damage|p2a: Slowbro|53/100 tox|[from] Spikes
|move|p1a: Landorus|U-turn|p2a: Slowbro
|-supereffective|p2a: Slowbro
|-damage|p2a: Slowbro|24/100 tox
|-damage|p1a: Landorus|0 fnt|[from] item: Rocky Helmet|[of] p2a: Slowbro
|faint|p1a: Landorus
|
|-damage|p2a: Slowbro|18/100 tox|[from] psn
|upkeep
|
|t:|1668090774
|switch|p1a: Weavile|Weavile, M|100/100
|-ability|p1a: Weavile|Pressure
|turn|8
|inactive|demgeilem has 120 seconds left.
|
|t:|1668090809
|switch|p2a: Melmetal|Melmetal|94/100
|-damage|p2a: Melmetal|88/100|[from] Stealth Rock
|-damage|p2a: Melmetal|76/100|[from] Spikes
|move|p1a: Weavile|Knock Off|p2a: Melmetal
|-damage|p2a: Melmetal|45/100
|-enditem|p2a: Melmetal|Choice Band|[from] move: Knock Off|[of] p1a: Weavile
|
|upkeep
|turn|9
|inactive|demgeilem has 120 seconds left.
|inactive|COEP has 120 seconds left.
|
|t:|1668090855
|move|p1a: Weavile|Low Kick|p2a: Melmetal
|-supereffective|p2a: Melmetal
|-damage|p2a: Melmetal|0 fnt
|faint|p2a: Melmetal
|
|upkeep
|
|t:|1668090877
|switch|p2a: Buzzwole|Buzzwole|100/100
|-damage|p2a: Buzzwole|88/100|[from] Stealth Rock
|-damage|p2a: Buzzwole|76/100|[from] Spikes
|turn|10
|
|t:|1668090886
|switch|p1a: Ferrothorn|Ferrothorn, M|94/100
|-damage|p1a: Ferrothorn|88/100|[from] Stealth Rock
|move|p2a: Buzzwole|Close Combat|p1a: Ferrothorn
|-supereffective|p1a: Ferrothorn
|-damage|p1a: Ferrothorn|8/100
|-unboost|p2a: Buzzwole|def|1
|-unboost|p2a: Buzzwole|spd|1
|-damage|p2a: Buzzwole|63/100|[from] ability: Iron Barbs|[of] p1a: Ferrothorn
|-damage|p2a: Buzzwole|47/100|[from] item: Rocky Helmet|[of] p1a: Ferrothorn
|
|upkeep
|turn|11
|
|t:|1668090898
|switch|p2a: Clefable|Clefable, M|54/100
|move|p1a: Ferrothorn|Leech Seed|p2a: Clefable
|-start|p2a: Clefable|move: Leech Seed
|
|-heal|p2a: Clefable|60/100|[from] item: Leftovers
|upkeep
|turn|12
|
|t:|1668090905
|move|p2a: Clefable|Soft-Boiled|p2a: Clefable
|-heal|p2a: Clefable|100/100
|move|p1a: Ferrothorn|Gyro Ball|p2a: Clefable
|-supereffective|p2a: Clefable
|-damage|p2a: Clefable|41/100
|
|-heal|p2a: Clefable|47/100|[from] item: Leftovers
|upkeep
|turn|13
|inactive|COEP has 120 seconds left.
|inactive|demgeilem has 120 seconds left.
|
|t:|1668090913
|move|p2a: Clefable|Wish|p2a: Clefable
|move|p1a: Ferrothorn|Gyro Ball|p2a: Clefable
|-supereffective|p2a: Clefable
|-damage|p2a: Clefable|0 fnt
|faint|p2a: Clefable
|
|upkeep
|
|t:|1668090917
|switch|p2a: Buzzwole|Buzzwole|47/100
|-damage|p2a: Buzzwole|34/100|[from] Stealth Rock
|-damage|p2a: Buzzwole|22/100|[from] Spikes
|turn|14
|
|t:|1668090927
|move|p2a: Buzzwole|Earthquake|p1a: Ferrothorn
|-damage|p1a: Ferrothorn|0 fnt
|faint|p1a: Ferrothorn
|-ability|p2a: Buzzwole|Beast Boost|boost
|-boost|p2a: Buzzwole|atk|1
|
|-heal|p2a: Buzzwole|77/100|[from] move: Wish|[wisher] Clefable
|upkeep
|
|t:|1668090936
|switch|p1a: Pelipper|Pelipper, M|100/100
|-damage|p1a: Pelipper|76/100|[from] Stealth Rock
|-weather|RainDance|[from] ability: Drizzle|[of] p1a: Pelipper
|turn|15
|
|t:|1668090944
|switch|p2a: Slowbro|Slowbro, F, shiny|52/100 tox
|-damage|p2a: Slowbro|39/100 tox|[from] Stealth Rock
|-damage|p2a: Slowbro|27/100 tox|[from] Spikes
|move|p1a: Pelipper|Hurricane|p2a: Slowbro
|-damage|p2a: Slowbro|0 fnt
|faint|p2a: Slowbro
|
|-weather|RainDance|[upkeep]
|upkeep
|
|t:|1668090957
|switch|p2a: Dragapult|Dragapult, M|100/100
|-damage|p2a: Dragapult|88/100|[from] Stealth Rock
|-damage|p2a: Dragapult|76/100|[from] Spikes
|turn|16
|
|t:|1668090984
|move|p2a: Dragapult|Shadow Ball|p1a: Pelipper
|-damage|p1a: Pelipper|0 fnt
|faint|p1a: Pelipper
|
|-weather|RainDance|[upkeep]
|upkeep
|
|t:|1668090993
|switch|p1a: Weavile|Weavile, M|100/100
|-ability|p1a: Weavile|Pressure
|turn|17
|
|t:|1668090997
|move|p2a: Dragapult|Shadow Ball|p1a: Weavile
|-resisted|p1a: Weavile
|-damage|p1a: Weavile|60/100
|move|p1a: Weavile|Triple Axel|p2a: Dragapult
|-supereffective|p2a: Dragapult
|-damage|p2a: Dragapult|49/100
|-supereffective|p2a: Dragapult
|-damage|p2a: Dragapult|0 fnt
|faint|p2a: Dragapult
|-hitcount|p2: Dragapult|2
|
|-weather|RainDance|[upkeep]
|upkeep
|
|t:|1668091009
|switch|p2a: Buzzwole|Buzzwole|77/100
|-damage|p2a: Buzzwole|65/100|[from] Stealth Rock
|-damage|p2a: Buzzwole|53/100|[from] Spikes
|turn|18
|
|t:|1668091019
|move|p2a: Buzzwole|Close Combat|p1a: Weavile
|-supereffective|p1a: Weavile
|-damage|p1a: Weavile|0 fnt
|-unboost|p2a: Buzzwole|def|1
|-unboost|p2a: Buzzwole|spd|1
|faint|p1a: Weavile
|-ability|p2a: Buzzwole|Beast Boost|boost
|-boost|p2a: Buzzwole|atk|1
|
|-weather|RainDance|[upkeep]
|upkeep
|
|t:|1668091028
|switch|p1a: Regieleki|Regieleki|100/100
|turn|19
|
|t:|1668091033
|move|p1a: Regieleki|Rapid Spin|p2a: Buzzwole
|-damage|p2a: Buzzwole|41/100
|-boost|p1a: Regieleki|spe|1
|-sideend|p1: COEP|Stealth Rock|[from] move: Rapid Spin|[of] p1a: Regieleki
|move|p2a: Buzzwole|Close Combat|p1a: Regieleki
|-damage|p1a: Regieleki|0 fnt
|-unboost|p2a: Buzzwole|def|1
|-unboost|p2a: Buzzwole|spd|1
|faint|p1a: Regieleki
|-ability|p2a: Buzzwole|Beast Boost|boost
|-boost|p2a: Buzzwole|atk|1
|
|-weather|none
|upkeep
|c|☆COEP|Gg wp
|c|☆demgeilem|gg
|c|☆demgeilem|u2
|
|t:|1668091046
|switch|p1a: Garchomp|Garchomp, F|100/100
|turn|20
|
|t:|1668091050
|move|p2a: Buzzwole|Close Combat|p1a: Garchomp
|-damage|p1a: Garchomp|0 fnt
|-unboost|p2a: Buzzwole|def|1
|-unboost|p2a: Buzzwole|spd|1
|-damage|p2a: Buzzwole|29/100|[from] ability: Rough Skin|[of] p1a: Garchomp
|faint|p1a: Garchomp
|
|win|demgeilem
|raw|COEP's rating: 1681 &rarr; <strong>1660</strong><br />(-21 for losing)
|raw|demgeilem's rating: 1667 &rarr; <strong>1688</strong><br />(+21 for winning)
|l|☆COEP
