|raw|<div class="broadcast-blue"><strong>This battle is required to be public due to a player having a name starting with 'lt94je'.</div>
|j|☆Lt94jewhyaddicted
|j|☆Buhrito
|t:|1661721351
|gametype|singles
|player|p1|Lt94jewhyaddicted|169|1908
|player|p2|Buhrito|youngster-gen4dp|1816
|teamsize|p1|6
|teamsize|p2|6
|gen|8
|tier|[Gen 8] OU
|rated|
|rule|Sleep Clause Mod: Limit one foe put to sleep
|rule|Species Clause: Limit one of each Pokémon
|rule|OHKO Clause: OHKO moves are banned
|rule|Evasion Items Clause: Evasion items are banned
|rule|Evasion Moves Clause: Evasion moves are banned
|rule|Endless Battle Clause: Forcing endless battles is banned
|rule|HP Percentage Mod: HP is shown in percentages
|rule|Dynamax Clause: You cannot dynamax
|clearpoke
|poke|p1|Landorus-Therian, M|
|poke|p1|Weavile, M|
|poke|p1|Heatran, M|
|poke|p1|Ferrothorn, M|
|poke|p1|Gengar, M|
|poke|p1|Dragapult, M|
|poke|p2|Slowking, M|
|poke|p2|Buzzwole|
|poke|p2|Garchomp, F|
|poke|p2|Tornadus-Therian, M|
|poke|p2|Melmetal|
|poke|p2|Tapu Koko|
|teampreview
|j| Kroevitz
|j| LT94JE reje
|j| LT94JE PHERUSH
|j| 3d
|j| isabela000◥▶_◀◤
|
|t:|1661721408
|start
|switch|p1a: Bandit|Weavile, M, shiny|100/100
|switch|p2a: Tornadus|Tornadus-Therian, M|100/100
|-ability|p1a: Bandit|Pressure
|turn|1
|
|t:|1661721423
|switch|p1a: Chaos|Heatran, M|100/100
|move|p2a: Tornadus|U-turn|p1a: Chaos
|-resisted|p1a: Chaos
|-damage|p1a: Chaos|97/100
|
|t:|1661721427
|switch|p2a: Garchomp|Garchomp, F|100/100|[from]move: U-turn
|
|upkeep
|turn|2
|
|t:|1661721436
|switch|p1a: Enten|Landorus-Therian, M, shiny|100/100
|-ability|p1a: Enten|Intimidate|boost
|-unboost|p2a: Garchomp|atk|1
|move|p2a: Garchomp|Stealth Rock|p1a: Enten
|-sidestart|p1: Lt94jewhyaddicted|move: Stealth Rock
|
|upkeep
|turn|3
|
|t:|1661721445
|move|p2a: Garchomp|Toxic|p1a: Enten
|-status|p1a: Enten|tox
|move|p1a: Enten|Toxic|p2a: Garchomp
|-status|p2a: Garchomp|tox
|
|-damage|p2a: Garchomp|94/100 tox|[from] psn
|-damage|p1a: Enten|94/100 tox|[from] psn
|upkeep
|turn|4
|
|t:|1661721455
|switch|p2a: Buzzwole|Buzzwole|100/100
|move|p1a: Enten|Defog|p2a: Buzzwole
|-unboost|p2a: Buzzwole|evasion|1
|-sideend|p1: Lt94jewhyaddicted|Stealth Rock|[from] move: Defog|[of] p1a: Enten
|
|-heal|p1a: Enten|100/100 tox|[from] item: Leftovers
|-damage|p1a: Enten|88/100 tox|[from] psn
|upkeep
|turn|5
|
|t:|1661721466
|switch|p1a: Temple|Ferrothorn, M, shiny|100/100
|move|p2a: Buzzwole|Close Combat|p1a: Temple
|-supereffective|p1a: Temple
|-damage|p1a: Temple|0 fnt
|-unboost|p2a: Buzzwole|def|1
|-unboost|p2a: Buzzwole|spd|1
|-damage|p2a: Buzzwole|88/100|[from] ability: Iron Barbs|[of] p1a: Temple
|-damage|p2a: Buzzwole|72/100|[from] item: Rocky Helmet|[of] p1a: Temple
|faint|p1a: Temple
|-ability|p2a: Buzzwole|Beast Boost|boost
|-boost|p2a: Buzzwole|atk|1
|
|upkeep
|
|t:|1661721478
|switch|p1a: Kage|Gengar, M, shiny|100/100
|turn|6
|
|t:|1661721482
|switch|p2a: Melmetal|Melmetal|100/100
|move|p1a: Kage|Shadow Ball|p2a: Melmetal
|-damage|p2a: Melmetal|53/100
|
|-heal|p2a: Melmetal|59/100|[from] item: Leftovers
|upkeep
|turn|7
|
|t:|1661721492
|switch|p1a: Chaos|Heatran, M|97/100
|move|p2a: Melmetal|Thunder Wave|p1a: Chaos
|-status|p1a: Chaos|par
|
|-heal|p2a: Melmetal|65/100|[from] item: Leftovers
|upkeep
|turn|8
|inactive|Battle timer is ON: inactive players will automatically lose when time's up. (requested by Buhrito)
|
|t:|1661721503
|move|p2a: Melmetal|Protect|p2a: Melmetal
|-singleturn|p2a: Melmetal|Protect
|move|p1a: Chaos|Flamethrower|p2a: Melmetal
|-activate|p2a: Melmetal|move: Protect
|
|-heal|p2a: Melmetal|71/100|[from] item: Leftovers
|upkeep
|turn|9
|
|t:|1661721509
|switch|p1a: Bandit|Weavile, M, shiny|100/100
|-ability|p1a: Bandit|Pressure
|switch|p2a: Slowking|Slowking, M|100/100
|
|upkeep
|turn|10
|j| DellaN
|
|t:|1661721522
|switch|p2a: Buzzwole|Buzzwole|72/100
|move|p1a: Bandit|Knock Off|p2a: Buzzwole
|-resisted|p2a: Buzzwole
|-damage|p2a: Buzzwole|43/100
|-enditem|p2a: Buzzwole|Choice Band|[from] move: Knock Off|[of] p1a: Bandit
|
|upkeep
|turn|11
|l| DellaN
|
|t:|1661721533
|switch|p1a: Kage|Gengar, M, shiny|100/100
|move|p2a: Buzzwole|Ice Punch|p1a: Kage
|-damage|p1a: Kage|39/100
|
|upkeep
|turn|12
|inactive|Buhrito has 120 seconds left.
|
|t:|1661721568
|switch|p2a: Tornadus|Tornadus-Therian, M|100/100
|move|p1a: Kage|Shadow Ball|p2a: Tornadus
|-damage|p2a: Tornadus|36/100
|-unboost|p2a: Tornadus|spd|1
|
|upkeep
|turn|13
|
|t:|1661721591
|switch|p1a: Chaos|Heatran, M|97/100 par
|move|p2a: Tornadus|U-turn|p1a: Chaos
|-resisted|p1a: Chaos
|-damage|p1a: Chaos|93/100 par
|
|t:|1661721598
|switch|p2a: Slowking|Slowking, M|100/100|[from]move: U-turn
|
|upkeep
|turn|14
|
|t:|1661721606
|switch|p1a: Bandit|Weavile, M, shiny|100/100
|-ability|p1a: Bandit|Pressure
|move|p2a: Slowking|Teleport|p2a: Slowking
|inactive|Buhrito has 120 seconds left.
|
|t:|1661721647
|switch|p2a: Tapu Koko|Tapu Koko|100/100|[from]move: Teleport
|-fieldstart|move: Electric Terrain|[from] ability: Electric Surge|[of] p2a: Tapu Koko
|
|upkeep
|turn|15
|
|t:|1661721664
|move|p2a: Tapu Koko|Nature's Madness|p1a: Bandit
|-damage|p1a: Bandit|51/100
|move|p1a: Bandit|Knock Off|p2a: Tapu Koko
|-resisted|p2a: Tapu Koko
|-damage|p2a: Tapu Koko|46/100
|-enditem|p2a: Tapu Koko|Heavy-Duty Boots|[from] move: Knock Off|[of] p1a: Bandit
|
|upkeep
|turn|16
|
|t:|1661721677
|switch|p1a: Enten|Landorus-Therian, M, shiny|88/100 tox
|-ability|p1a: Enten|Intimidate|boost
|-unboost|p2a: Tapu Koko|atk|1
|move|p2a: Tapu Koko|Roost|p2a: Tapu Koko
|-heal|p2a: Tapu Koko|96/100
|-singleturn|p2a: Tapu Koko|move: Roost
|
|-heal|p1a: Enten|94/100 tox|[from] item: Leftovers
|-damage|p1a: Enten|88/100 tox|[from] psn
|upkeep
|turn|17
|j| dj2k
|
|t:|1661721684
|move|p2a: Tapu Koko|Nature's Madness|p1a: Enten
|-damage|p1a: Enten|45/100 tox
|move|p1a: Enten|U-turn|p2a: Tapu Koko
|-resisted|p2a: Tapu Koko
|-damage|p2a: Tapu Koko|80/100
|
|t:|1661721690
|switch|p1a: Leviathan|Dragapult, M, shiny|100/100|[from]move: U-turn
|
|upkeep
|turn|18
|inactive|Buhrito has 120 seconds left.
|j| HereForFrens
|
|t:|1661721707
|move|p2a: Tapu Koko|Dazzling Gleam|p1a: Leviathan
|-supereffective|p1a: Leviathan
|-damage|p1a: Leviathan|15/100
|move|p1a: Leviathan|U-turn|p2a: Tapu Koko
|-resisted|p2a: Tapu Koko
|-damage|p2a: Tapu Koko|55/100
|inactive|Lt94jewhyaddicted has 120 seconds left.
|l| dj2k
|
|t:|1661721756
|switch|p1a: Enten|Landorus-Therian, M, shiny|45/100 tox|[from]move: U-turn
|-ability|p1a: Enten|Intimidate|boost
|-unboost|p2a: Tapu Koko|atk|1
|
|-heal|p1a: Enten|51/100 tox|[from] item: Leftovers
|-damage|p1a: Enten|45/100 tox|[from] psn
|-fieldend|move: Electric Terrain
|upkeep
|turn|19
|inactive|Buhrito has 120 seconds left.
|
|t:|1661721764
|switch|p2a: Tornadus|Tornadus-Therian, M|70/100
|move|p1a: Enten|U-turn|p2a: Tornadus
|-resisted|p2a: Tornadus
|-damage|p2a: Tornadus|58/100
|
|t:|1661721766
|switch|p1a: Bandit|Weavile, M, shiny|51/100|[from]move: U-turn
|-ability|p1a: Bandit|Pressure
|
|upkeep
|turn|20
|
|t:|1661721773
|switch|p2a: Melmetal|Melmetal|71/100
|move|p1a: Bandit|Knock Off|p2a: Melmetal
|-damage|p2a: Melmetal|29/100
|-enditem|p2a: Melmetal|Leftovers|[from] move: Knock Off|[of] p1a: Bandit
|
|upkeep
|turn|21
|j| DellaN
|l| DellaN
|inactive|Lt94jewhyaddicted has 120 seconds left.
|
|t:|1661721790
|switch|p1a: Chaos|Heatran, M|93/100 par
|move|p2a: Melmetal|Earthquake|p1a: Chaos
|-supereffective|p1a: Chaos
|-damage|p1a: Chaos|0 fnt
|faint|p1a: Chaos
|
|upkeep
|inactive|Lt94jewhyaddicted has 120 seconds left.
|
|t:|1661721803
|switch|p1a: Kage|Gengar, M, shiny|39/100
|turn|22
|
|t:|1661721806
|move|p2a: Melmetal|Protect|p2a: Melmetal
|-singleturn|p2a: Melmetal|Protect
|move|p1a: Kage|Shadow Ball|p2a: Melmetal
|-activate|p2a: Melmetal|move: Protect
|
|upkeep
|turn|23
|inactive|Lt94jewhyaddicted has 120 seconds left.
|
|t:|1661721827
|switch|p2a: Buzzwole|Buzzwole|43/100
|move|p1a: Kage|Shadow Ball|p2a: Buzzwole
|-damage|p2a: Buzzwole|0 fnt
|faint|p2a: Buzzwole
|
|upkeep
|
|t:|1661721832
|switch|p2a: Tornadus|Tornadus-Therian, M|91/100
|turn|24
|inactive|Lt94jewhyaddicted has 120 seconds left.
|
|t:|1661721867
|move|p2a: Tornadus|Knock Off|p1a: Kage
|-supereffective|p1a: Kage
|-damage|p1a: Kage|0 fnt
|-enditem|p1a: Kage|Choice Specs|[from] move: Knock Off|[of] p2a: Tornadus
|faint|p1a: Kage
|
|upkeep
|-message|Lt94jewhyaddicted forfeited.
|
|win|Buhrito
|raw|Lt94jewhyaddicted's rating: 1908 &rarr; <strong>1883</strong><br />(-25 for losing)
|raw|Buhrito's rating: 1816 &rarr; <strong>1841</strong><br />(+25 for winning)
