|j|☆12345q
|j|☆Colonel Rivai
|t:|1656238561
|gametype|singles
|player|p1|12345q|brawly|1740
|player|p2|Colonel Rivai|2|1775
|teamsize|p1|6
|teamsize|p2|6
|gen|8
|tier|[Gen 8] OU
|rated|
|rule|Sleep Clause Mod: Limit one foe put to sleep
|rule|Species Clause: Limit one of each Pokémon
|rule|OHKO Clause: OHKO moves are banned
|rule|Evasion Moves Clause: Evasion moves are banned
|rule|Endless Battle Clause: Forcing endless battles is banned
|rule|HP Percentage Mod: HP is shown in percentages
|rule|Dynamax Clause: You cannot dynamax
|clearpoke
|poke|p1|Tapu Lele|
|poke|p1|Victini|
|poke|p1|Pelipper, F|
|poke|p1|Garchomp, M|
|poke|p1|Zapdos|
|poke|p1|Urshifu-*, M|
|poke|p2|Hydreigon, M|
|poke|p2|Kartana|
|poke|p2|Blacephalon|
|poke|p2|Landorus-Therian, M|
|poke|p2|Melmetal|
|poke|p2|Toxapex, F|
|teampreview
|
|t:|1656238567
|start
|switch|p1a: Victini|Victini|100/100
|switch|p2a: Hydreigon|Hydreigon, M|100/100
|turn|1
|inactive|Battle timer is ON: inactive players will automatically lose when time's up. (requested by 12345q)
|
|t:|1656238572
|switch|p2a: Blacephalon|Blacephalon|100/100
|move|p1a: Victini|Final Gambit|p2a: Blacephalon
|-immune|p2a: Blacephalon
|
|upkeep
|turn|2
|j| T0d
|
|t:|1656238584
|switch|p1a: Urshifu|Urshifu-Rapid-Strike, M|100/100
|move|p2a: Blacephalon|Shadow Ball|p1a: Urshifu
|-damage|p1a: Urshifu|52/100
|
|upkeep
|turn|3
|
|t:|1656238596
|switch|p2a: Toxapex|Toxapex, F|100/100
|switch|p1a: Garchomp|Garchomp, M|100/100
|
|upkeep
|turn|4
|
|t:|1656238602
|move|p1a: Garchomp|Swords Dance|p1a: Garchomp
|-boost|p1a: Garchomp|atk|2
|move|p2a: Toxapex|Toxic|p1a: Garchomp
|-status|p1a: Garchomp|tox
|
|-damage|p1a: Garchomp|94/100 tox|[from] psn
|upkeep
|turn|5
|
|t:|1656238611
|move|p1a: Garchomp|Swords Dance|p1a: Garchomp
|-boost|p1a: Garchomp|atk|2
|move|p2a: Toxapex|Haze|p2a: Toxapex
|-clearallboost
|
|-damage|p1a: Garchomp|82/100 tox|[from] psn
|upkeep
|turn|6
|
|t:|1656238619
|switch|p2a: Landorus|Landorus-Therian, M|100/100
|-ability|p2a: Landorus|Intimidate|boost
|-unboost|p1a: Garchomp|atk|1
|move|p1a: Garchomp|Earthquake|p2a: Landorus
|-immune|p2a: Landorus
|
|-damage|p1a: Garchomp|64/100 tox|[from] psn
|upkeep
|turn|7
|
|t:|1656238628
|switch|p1a: Pelipper|Pelipper, F|100/100
|-weather|RainDance|[from] ability: Drizzle|[of] p1a: Pelipper
|move|p2a: Landorus|Stealth Rock|p1a: Pelipper
|-sidestart|p1: 12345q|move: Stealth Rock
|
|-weather|RainDance|[upkeep]
|upkeep
|turn|8
|
|t:|1656238639
|move|p1a: Pelipper|Defog|p2a: Landorus
|-unboost|p2a: Landorus|evasion|1
|-sideend|p1: 12345q|Stealth Rock|[from] move: Defog|[of] p1a: Pelipper
|move|p2a: Landorus|U-turn|p1a: Pelipper
|-resisted|p1a: Pelipper
|-damage|p1a: Pelipper|85/100
|
|t:|1656238644
|switch|p2a: Hydreigon|Hydreigon, M|100/100|[from]move: U-turn
|
|-weather|RainDance|[upkeep]
|upkeep
|turn|9
|j| dreaming eyes
|
|t:|1656238653
|switch|p1a: Tapu Lele|Tapu Lele|100/100
|-fieldstart|move: Psychic Terrain|[from] ability: Psychic Surge|[of] p1a: Tapu Lele
|move|p2a: Hydreigon|Beat Up|p1a: Tapu Lele
|-damage|p1a: Tapu Lele|87/100
|-damage|p1a: Tapu Lele|65/100
|-damage|p1a: Tapu Lele|49/100
|-enditem|p1a: Tapu Lele|Sitrus Berry|[eat]
|-heal|p1a: Tapu Lele|74/100|[from] item: Sitrus Berry
|-damage|p1a: Tapu Lele|63/100
|-damage|p1a: Tapu Lele|45/100
|-damage|p1a: Tapu Lele|31/100
|-hitcount|p1a: Tapu Lele|6
|
|-weather|RainDance|[upkeep]
|upkeep
|turn|10
|
|t:|1656238672
|move|p2a: Hydreigon|Beat Up|p1a: Tapu Lele
|-damage|p1a: Tapu Lele|17/100
|-damage|p1a: Tapu Lele|0 fnt
|faint|p1a: Tapu Lele
|-hitcount|p1: Tapu Lele|2
|
|-weather|RainDance|[upkeep]
|upkeep
|
|t:|1656238682
|switch|p1a: Urshifu|Urshifu-Rapid-Strike, M|52/100
|turn|11
|
|t:|1656238685
|switch|p2a: Toxapex|Toxapex, F|100/100
|move|p1a: Urshifu|Thunder Punch|p2a: Toxapex
|-supereffective|p2a: Toxapex
|-damage|p2a: Toxapex|68/100
|-damage|p1a: Urshifu|35/100|[from] item: Rocky Helmet|[of] p2a: Toxapex
|
|-weather|none
|upkeep
|turn|12
|
|t:|1656238697
|switch|p1a: Garchomp|Garchomp, M|64/100 tox
|move|p2a: Toxapex|Recover|p2a: Toxapex
|-heal|p2a: Toxapex|100/100
|
|-damage|p1a: Garchomp|57/100 tox|[from] psn
|upkeep
|turn|13
|
|t:|1656238705
|move|p1a: Garchomp|Swords Dance|p1a: Garchomp
|-boost|p1a: Garchomp|atk|2
|move|p2a: Toxapex|Haze|p2a: Toxapex
|-clearallboost
|
|-damage|p1a: Garchomp|45/100 tox|[from] psn
|-fieldend|move: Psychic Terrain
|upkeep
|-enditem|p1a: Garchomp|Sitrus Berry|[eat]
|-heal|p1a: Garchomp|70/100 tox|[from] item: Sitrus Berry
|turn|14
|
|t:|1656238714
|switch|p2a: Landorus|Landorus-Therian, M|100/100
|-ability|p2a: Landorus|Intimidate|boost
|-unboost|p1a: Garchomp|atk|1
|move|p1a: Garchomp|Earthquake|p2a: Landorus
|-immune|p2a: Landorus
|
|-damage|p1a: Garchomp|51/100 tox|[from] psn
|upkeep
|turn|15
|
|t:|1656238723
|switch|p1a: Pelipper|Pelipper, F|85/100
|-weather|RainDance|[from] ability: Drizzle|[of] p1a: Pelipper
|move|p2a: Landorus|Stealth Rock|p1a: Pelipper
|-sidestart|p1: 12345q|move: Stealth Rock
|
|-weather|RainDance|[upkeep]
|upkeep
|turn|16
|
|t:|1656238730
|switch|p2a: Hydreigon|Hydreigon, M|100/100
|move|p1a: Pelipper|Surf|p2a: Hydreigon
|-resisted|p2a: Hydreigon
|-damage|p2a: Hydreigon|65/100
|
|-weather|RainDance|[upkeep]
|upkeep
|turn|17
|
|t:|1656238739
|switch|p1a: Garchomp|Garchomp, M|51/100 tox
|-damage|p1a: Garchomp|45/100 tox|[from] Stealth Rock
|move|p2a: Hydreigon|Beat Up|p1a: Garchomp
|-damage|p1a: Garchomp|37/100 tox
|-damage|p1a: Garchomp|25/100 tox
|-damage|p1a: Garchomp|18/100 tox
|-damage|p1a: Garchomp|6/100 tox
|-crit|p1a: Garchomp
|-damage|p1a: Garchomp|0 fnt
|faint|p1a: Garchomp
|-hitcount|p1: Garchomp|5
|
|-weather|RainDance|[upkeep]
|upkeep
|
|t:|1656238763
|switch|p1a: Urshifu|Urshifu-Rapid-Strike, M|35/100
|-damage|p1a: Urshifu|29/100|[from] Stealth Rock
|turn|18
|
|t:|1656238768
|switch|p2a: Toxapex|Toxapex, F|100/100
|move|p1a: Urshifu|Thunder Punch|p2a: Toxapex
|-supereffective|p2a: Toxapex
|-damage|p2a: Toxapex|69/100
|-damage|p1a: Urshifu|13/100|[from] item: Rocky Helmet|[of] p2a: Toxapex
|
|-weather|RainDance|[upkeep]
|upkeep
|turn|19
|
|t:|1656238777
|switch|p1a: Zapdos|Zapdos|100/100
|move|p2a: Toxapex|Recover|p2a: Toxapex
|-heal|p2a: Toxapex|100/100
|
|-weather|none
|upkeep
|turn|20
|
|t:|1656238789
|move|p1a: Zapdos|Discharge|p2a: Toxapex
|-supereffective|p2a: Toxapex
|-damage|p2a: Toxapex|48/100
|-status|p2a: Toxapex|par
|move|p2a: Toxapex|Toxic|p1a: Zapdos
|-status|p1a: Zapdos|tox
|
|-damage|p1a: Zapdos|94/100 tox|[from] psn
|upkeep
|turn|21
|
|t:|1656238803
|switch|p2a: Landorus|Landorus-Therian, M|100/100
|-ability|p2a: Landorus|Intimidate|boost
|-unboost|p1a: Zapdos|atk|1
|move|p1a: Zapdos|Defog|p2a: Landorus
|-unboost|p2a: Landorus|evasion|1
|-sideend|p1: 12345q|Stealth Rock|[from] move: Defog|[of] p1a: Zapdos
|
|-damage|p1a: Zapdos|82/100 tox|[from] psn
|upkeep
|turn|22
|j|@ironwater
|
|t:|1656238813
|switch|p1a: Pelipper|Pelipper, F|85/100
|-weather|RainDance|[from] ability: Drizzle|[of] p1a: Pelipper
|move|p2a: Landorus|Stealth Rock|p1a: Pelipper
|-sidestart|p1: 12345q|move: Stealth Rock
|
|-weather|RainDance|[upkeep]
|upkeep
|turn|23
|
|t:|1656238821
|switch|p2a: Melmetal|Melmetal|100/100
|move|p1a: Pelipper|Hurricane|p2a: Melmetal
|-resisted|p2a: Melmetal
|-damage|p2a: Melmetal|85/100
|
|-weather|RainDance|[upkeep]
|upkeep
|turn|24
|
|t:|1656238828
|move|p1a: Pelipper|Surf|p2a: Melmetal
|-damage|p2a: Melmetal|47/100
|move|p2a: Melmetal|Ice Punch|p1a: Pelipper
|-damage|p1a: Pelipper|40/100
|
|-weather|RainDance|[upkeep]
|upkeep
|turn|25
|
|t:|1656238835
|move|p1a: Pelipper|Surf|p2a: Melmetal
|-damage|p2a: Melmetal|8/100
|move|p2a: Melmetal|Thunder Punch|p1a: Pelipper
|-supereffective|p1a: Pelipper
|-damage|p1a: Pelipper|0 fnt
|faint|p1a: Pelipper
|
|-weather|RainDance|[upkeep]
|upkeep
|
|t:|1656238850
|switch|p1a: Zapdos|Zapdos|82/100 tox
|turn|26
|
|t:|1656238868
|switch|p2a: Landorus|Landorus-Therian, M|100/100
|-ability|p2a: Landorus|Intimidate|boost
|-unboost|p1a: Zapdos|atk|1
|move|p1a: Zapdos|Hurricane|p2a: Landorus
|-damage|p2a: Landorus|66/100
|
|-weather|none
|-heal|p2a: Landorus|72/100|[from] item: Leftovers
|-damage|p1a: Zapdos|76/100 tox|[from] psn
|upkeep
|turn|27
|
|t:|1656238882
|move|p1a: Zapdos|Hurricane|p2a: Landorus
|-damage|p2a: Landorus|35/100
|move|p2a: Landorus|U-turn|p1a: Zapdos
|-resisted|p1a: Zapdos
|-damage|p1a: Zapdos|68/100 tox
|
|t:|1656238891
|switch|p2a: Blacephalon|Blacephalon|100/100|[from]move: U-turn
|
|-damage|p1a: Zapdos|56/100 tox|[from] psn
|upkeep
|turn|28
|
|t:|1656238903
|move|p2a: Blacephalon|Flamethrower|p1a: Zapdos
|-damage|p1a: Zapdos|7/100 tox
|move|p1a: Zapdos|Discharge|p2a: Blacephalon
|-damage|p2a: Blacephalon|42/100
|
|-damage|p1a: Zapdos|0 fnt|[from] psn
|faint|p1a: Zapdos
|upkeep
|
|t:|1656238912
|switch|p1a: Urshifu|Urshifu-Rapid-Strike, M|13/100
|-damage|p1a: Urshifu|7/100|[from] Stealth Rock
|turn|29
|
|t:|1656238918
|switch|p2a: Landorus|Landorus-Therian, M|35/100
|-ability|p2a: Landorus|Intimidate|boost
|-unboost|p1a: Urshifu|atk|1
|move|p1a: Urshifu|Thunder Punch|p2a: Landorus
|-immune|p2a: Landorus
|
|-heal|p2a: Landorus|41/100|[from] item: Leftovers
|upkeep
|turn|30
|
|t:|1656238927
|switch|p2a: Toxapex|Toxapex, F|82/100 par
|move|p1a: Urshifu|Thunder Punch|p2a: Toxapex
|-supereffective|p2a: Toxapex
|-damage|p2a: Toxapex|62/100 par
|-damage|p1a: Urshifu|0 fnt|[from] item: Rocky Helmet|[of] p2a: Toxapex
|faint|p1a: Urshifu
|
|upkeep
|
|t:|1656238935
|switch|p1a: Victini|Victini|100/100
|-damage|p1a: Victini|75/100|[from] Stealth Rock
|turn|31
|
|t:|1656238940
|move|p1a: Victini|Bolt Strike|p2a: Toxapex
|-supereffective|p2a: Toxapex
|-damage|p2a: Toxapex|28/100 par
|-damage|p1a: Victini|59/100|[from] item: Rocky Helmet|[of] p2a: Toxapex
|move|p2a: Toxapex|Toxic|p1a: Victini
|-status|p1a: Victini|tox
|
|-damage|p1a: Victini|53/100 tox|[from] psn
|upkeep
|turn|32
|
|t:|1656238948
|switch|p2a: Landorus|Landorus-Therian, M|41/100
|-ability|p2a: Landorus|Intimidate|boost
|-unboost|p1a: Victini|atk|1
|move|p1a: Victini|Bolt Strike|p2a: Landorus
|-immune|p2a: Landorus
|
|-heal|p2a: Landorus|47/100|[from] item: Leftovers
|-damage|p1a: Victini|40/100 tox|[from] psn
|upkeep
|turn|33
|-message|12345q forfeited.
|
|win|Colonel Rivai
|raw|12345q's rating: 1740 &rarr; <strong>1722</strong><br />(-18 for losing)
|raw|Colonel Rivai's rating: 1775 &rarr; <strong>1793</strong><br />(+18 for winning)
|l|☆12345q
