|j|☆Cowsrule247
|j|☆Ctannn
|t:|1667790569
|gametype|singles
|player|p1|Cowsrule247|skyla|1728
|player|p2|Ctannn|265|1784
|teamsize|p1|6
|teamsize|p2|6
|gen|8
|tier|[Gen 8] OU
|rated|
|rule|Sleep Clause Mod: Limit one foe put to sleep
|rule|Species Clause: Limit one of each Pokémon
|rule|OHKO Clause: OHKO moves are banned
|rule|Evasion Items Clause: Evasion items are banned
|rule|Evasion Moves Clause: Evasion moves are banned
|rule|Endless Battle Clause: Forcing endless battles is banned
|rule|HP Percentage Mod: HP is shown in percentages
|rule|Dynamax Clause: You cannot dynamax
|clearpoke
|poke|p1|Corviknight, M|
|poke|p1|Gastrodon-East, F|
|poke|p1|Toxapex, M|
|poke|p1|Buzzwole|
|poke|p1|Clefable, F|
|poke|p1|Blissey, F|
|poke|p2|Tornadus-Therian, M|
|poke|p2|Landorus-Therian, M|
|poke|p2|Urshifu-*, M|
|poke|p2|Heatran, F|
|poke|p2|Tapu Koko|
|poke|p2|Slowking, F|
|teampreview
|inactive|Battle timer is ON: inactive players will automatically lose when time's up. (requested by Ctannn)
|
|t:|1667790577
|start
|switch|p1a: HitEmFromTheEast|Gastrodon-East, F|100/100
|switch|p2a: Tornadus|Tornadus-Therian, M|100/100
|turn|1
|j| Cocoon☁Evolution
|
|t:|1667790584
|move|p2a: Tornadus|Taunt|p1a: HitEmFromTheEast
|-start|p1a: HitEmFromTheEast|move: Taunt
|cant|p1a: HitEmFromTheEast|move: Taunt|Toxic
|
|upkeep
|turn|2
|
|t:|1667790590
|move|p2a: Tornadus|Knock Off|p1a: HitEmFromTheEast
|-damage|p1a: HitEmFromTheEast|80/100
|-activate|p1a: HitEmFromTheEast|ability: Sticky Hold
|move|p1a: HitEmFromTheEast|Scald|p2a: Tornadus
|-damage|p2a: Tornadus|72/100
|
|-heal|p1a: HitEmFromTheEast|86/100|[from] item: Leftovers
|upkeep
|turn|3
|
|t:|1667790601
|move|p2a: Tornadus|U-turn|p1a: HitEmFromTheEast
|-damage|p1a: HitEmFromTheEast|69/100
|
|t:|1667790603
|switch|p2a: Slowking|Slowking, F|100/100|[from]move: U-turn
|move|p1a: HitEmFromTheEast|Scald|p2a: Slowking
|-resisted|p2a: Slowking
|-crit|p2a: Slowking
|-damage|p2a: Slowking|85/100
|
|-heal|p1a: HitEmFromTheEast|75/100|[from] item: Leftovers
|-end|p1a: HitEmFromTheEast|move: Taunt
|upkeep
|turn|4
|
|t:|1667790607
|move|p1a: HitEmFromTheEast|Toxic|p2a: Slowking
|-status|p2a: Slowking|tox
|move|p2a: Slowking|Future Sight|p1a: HitEmFromTheEast
|-start|p2a: Slowking|move: Future Sight
|
|-heal|p1a: HitEmFromTheEast|81/100|[from] item: Leftovers
|-damage|p2a: Slowking|78/100 tox|[from] psn
|upkeep
|turn|5
|j| Matheus RW
|inactive|Cowsrule247 has 120 seconds left.
|
|t:|1667790642
|switch|p1a: Treble|Clefable, F|100/100
|move|p2a: Slowking|Teleport|p2a: Slowking
|
|t:|1667790647
|switch|p2a: Heatran|Heatran, F|100/100|[from]move: Teleport
|
|upkeep
|turn|6
|
|t:|1667790651
|move|p1a: Treble|Protect|p1a: Treble
|-singleturn|p1a: Treble|Protect
|move|p2a: Heatran|Magma Storm|p1a: Treble
|-activate|p1a: Treble|move: Protect
|
|-end|p1a: Treble|move: Future Sight
|-damage|p1a: Treble|64/100
|-heal|p1a: Treble|70/100|[from] item: Leftovers
|upkeep
|turn|7
|
|t:|1667790657
|switch|p2a: Landorus|Landorus-Therian, M|100/100
|-ability|p2a: Landorus|Intimidate|boost
|-unboost|p1a: Treble|atk|1
|switch|p1a: ;)|Toxapex, M|100/100
|
|upkeep
|turn|8
|
|t:|1667790660
|switch|p1a: Caw Bitch|Corviknight, M|100/100
|-ability|p1a: Caw Bitch|Pressure
|move|p2a: Landorus|Knock Off|p1a: Caw Bitch
|-damage|p1a: Caw Bitch|79/100
|-enditem|p1a: Caw Bitch|Leftovers|[from] move: Knock Off|[of] p2a: Landorus
|
|upkeep
|turn|9
|
|t:|1667790667
|move|p2a: Landorus|Stealth Rock|p1a: Caw Bitch
|-sidestart|p1: Cowsrule247|move: Stealth Rock
|move|p1a: Caw Bitch|Body Press|p2a: Landorus
|-resisted|p2a: Landorus
|-crit|p2a: Landorus
|-damage|p2a: Landorus|84/100
|
|-heal|p2a: Landorus|90/100|[from] item: Leftovers
|upkeep
|turn|10
|
|t:|1667790671
|move|p2a: Landorus|U-turn|p1a: Caw Bitch
|-resisted|p1a: Caw Bitch
|-damage|p1a: Caw Bitch|76/100
|
|t:|1667790673
|switch|p2a: Slowking|Slowking, F|100/100 tox|[from]move: U-turn
|move|p1a: Caw Bitch|Defog|p2a: Slowking
|-unboost|p2a: Slowking|evasion|1
|-sideend|p1: Cowsrule247|Stealth Rock|[from] move: Defog|[of] p1a: Caw Bitch
|
|-damage|p2a: Slowking|94/100 tox|[from] psn
|upkeep
|turn|11
|
|t:|1667790681
|move|p1a: Caw Bitch|Iron Defense|p1a: Caw Bitch
|-boost|p1a: Caw Bitch|def|2
|move|p2a: Slowking|Future Sight|p1a: Caw Bitch
|-start|p2a: Slowking|move: Future Sight
|
|-damage|p2a: Slowking|82/100 tox|[from] psn
|upkeep
|turn|12
|
|t:|1667790690
|move|p1a: Caw Bitch|Body Press|p2a: Slowking
|-resisted|p2a: Slowking
|-damage|p2a: Slowking|65/100 tox
|move|p2a: Slowking|Teleport|p2a: Slowking
|
|t:|1667790697
|switch|p2a: Tapu Koko|Tapu Koko|100/100|[from]move: Teleport
|-fieldstart|move: Electric Terrain|[from] ability: Electric Surge|[of] p2a: Tapu Koko
|
|upkeep
|turn|13
|
|t:|1667790705
|switch|p1a: HitEmFromTheEast|Gastrodon-East, F|81/100
|move|p2a: Tapu Koko|U-turn|p1a: HitEmFromTheEast
|-damage|p1a: HitEmFromTheEast|63/100
|
|t:|1667790710
|switch|p2a: Urshifu|Urshifu-Rapid-Strike, M|100/100|[from]move: U-turn
|
|-end|p1a: HitEmFromTheEast|move: Future Sight
|-damage|p1a: HitEmFromTheEast|33/100
|-heal|p1a: HitEmFromTheEast|39/100|[from] item: Leftovers
|upkeep
|turn|14
|
|t:|1667790713
|switch|p1a: ;)|Toxapex, M|100/100
|move|p2a: Urshifu|Surging Strikes|p1a: ;)
|-resisted|p1a: ;)
|-crit|p1a: ;)
|-damage|p1a: ;)|94/100
|-resisted|p1a: ;)
|-crit|p1a: ;)
|-damage|p1a: ;)|89/100
|-resisted|p1a: ;)
|-crit|p1a: ;)
|-damage|p1a: ;)|83/100
|-hitcount|p1a: ;)|3
|
|upkeep
|turn|15
|
|t:|1667790722
|switch|p2a: Slowking|Slowking, F|98/100 tox
|move|p1a: ;)|Knock Off|p2a: Slowking
|-supereffective|p2a: Slowking
|-damage|p2a: Slowking|75/100 tox
|-enditem|p2a: Slowking|Heavy-Duty Boots|[from] move: Knock Off|[of] p1a: ;)
|
|-damage|p2a: Slowking|69/100 tox|[from] psn
|upkeep
|turn|16
|
|t:|1667790730
|switch|p1a: thicc|Blissey, F|100/100
|move|p2a: Slowking|Psychic|p1a: thicc
|-damage|p1a: thicc|89/100
|
|-damage|p2a: Slowking|56/100 tox|[from] psn
|-fieldend|move: Electric Terrain
|upkeep
|turn|17
|
|t:|1667790736
|switch|p2a: Landorus|Landorus-Therian, M|90/100
|-ability|p2a: Landorus|Intimidate|boost
|-unboost|p1a: thicc|atk|1
|move|p1a: thicc|Stealth Rock|p2a: Landorus
|-sidestart|p2: Ctannn|move: Stealth Rock
|
|-heal|p2a: Landorus|96/100|[from] item: Leftovers
|upkeep
|turn|18
|
|t:|1667790738
|switch|p1a: Caw Bitch|Corviknight, M|76/100
|-ability|p1a: Caw Bitch|Pressure
|move|p2a: Landorus|Stealth Rock|p1a: Caw Bitch
|-sidestart|p1: Cowsrule247|move: Stealth Rock
|
|-heal|p2a: Landorus|100/100|[from] item: Leftovers
|upkeep
|turn|19
|
|t:|1667790743
|move|p2a: Landorus|U-turn|p1a: Caw Bitch
|-resisted|p1a: Caw Bitch
|-damage|p1a: Caw Bitch|72/100
|
|t:|1667790747
|switch|p2a: Tornadus|Tornadus-Therian, M|100/100|[from]move: U-turn
|-damage|p2a: Tornadus|76/100|[from] Stealth Rock
|move|p1a: Caw Bitch|Defog|p2a: Tornadus
|-unboost|p2a: Tornadus|evasion|1
|-sideend|p2: Ctannn|Stealth Rock|[from] move: Defog|[of] p1a: Caw Bitch
|-sideend|p1: Cowsrule247|Stealth Rock|[from] move: Defog|[of] p1a: Caw Bitch
|
|upkeep
|turn|20
|j| leochu123
|
|t:|1667790754
|switch|p1a: HitEmFromTheEast|Gastrodon-East, F|39/100
|move|p2a: Tornadus|Taunt|p1a: HitEmFromTheEast
|-start|p1a: HitEmFromTheEast|move: Taunt
|
|-heal|p1a: HitEmFromTheEast|45/100|[from] item: Leftovers
|upkeep
|turn|21
|
|t:|1667790761
|switch|p1a: Caw Bitch|Corviknight, M|72/100
|-ability|p1a: Caw Bitch|Pressure
|move|p2a: Tornadus|Hurricane|p1a: Caw Bitch|[miss]
|-miss|p2a: Tornadus|p1a: Caw Bitch
|
|upkeep
|turn|22
|
|t:|1667790767
|switch|p1a: HitEmFromTheEast|Gastrodon-East, F|45/100
|move|p2a: Tornadus|Taunt|p1a: HitEmFromTheEast
|-start|p1a: HitEmFromTheEast|move: Taunt
|
|-heal|p1a: HitEmFromTheEast|51/100|[from] item: Leftovers
|upkeep
|turn|23
|j| foundation trilogy
|
|t:|1667790771
|switch|p1a: thicc|Blissey, F|89/100
|move|p2a: Tornadus|Hurricane|p1a: thicc
|-damage|p1a: thicc|74/100
|
|upkeep
|turn|24
|
|t:|1667790773
|move|p2a: Tornadus|Taunt|p1a: thicc
|-start|p1a: thicc|move: Taunt
|cant|p1a: thicc|move: Taunt|Toxic
|
|upkeep
|turn|25
|
|t:|1667790775
|switch|p1a: Caw Bitch|Corviknight, M|72/100
|-ability|p1a: Caw Bitch|Pressure
|move|p2a: Tornadus|Knock Off|p1a: Caw Bitch
|-damage|p1a: Caw Bitch|64/100
|
|upkeep
|turn|26
|
|t:|1667790777
|switch|p1a: HitEmFromTheEast|Gastrodon-East, F|51/100
|move|p2a: Tornadus|Taunt|p1a: HitEmFromTheEast
|-start|p1a: HitEmFromTheEast|move: Taunt
|
|-heal|p1a: HitEmFromTheEast|58/100|[from] item: Leftovers
|upkeep
|turn|27
|
|t:|1667790779
|switch|p1a: thicc|Blissey, F|74/100
|move|p2a: Tornadus|Knock Off|p1a: thicc
|-damage|p1a: thicc|56/100
|-enditem|p1a: thicc|Heavy-Duty Boots|[from] move: Knock Off|[of] p2a: Tornadus
|
|upkeep
|turn|28
|
|t:|1667790782
|switch|p1a: Caw Bitch|Corviknight, M|64/100
|-ability|p1a: Caw Bitch|Pressure
|move|p2a: Tornadus|Taunt|p1a: Caw Bitch
|-start|p1a: Caw Bitch|move: Taunt
|
|upkeep
|turn|29
|j| BabyPigsAreLaughin
|
|t:|1667790790
|switch|p1a: ;)|Toxapex, M|100/100
|move|p2a: Tornadus|Knock Off|p1a: ;)
|-damage|p1a: ;)|89/100
|-enditem|p1a: ;)|Shed Shell|[from] move: Knock Off|[of] p2a: Tornadus
|
|upkeep
|turn|30
|
|t:|1667790794
|move|p2a: Tornadus|Taunt|p1a: ;)
|-start|p1a: ;)|move: Taunt
|move|p1a: ;)|Knock Off|p2a: Tornadus
|-damage|p2a: Tornadus|59/100
|-damage|p1a: ;)|73/100|[from] item: Rocky Helmet|[of] p2a: Tornadus
|-enditem|p2a: Tornadus|Rocky Helmet|[from] move: Knock Off|[of] p1a: ;)
|
|upkeep
|turn|31
|c| leochu123|，，，
|
|t:|1667790809
|switch|p1a: thicc|Blissey, F|56/100
|move|p2a: Tornadus|Hurricane|p1a: thicc
|-damage|p1a: thicc|40/100
|-start|p1a: thicc|confusion
|
|upkeep
|turn|32
|
|t:|1667790812
|switch|p1a: ;)|Toxapex, M|100/100
|move|p2a: Tornadus|Taunt|p1a: ;)
|-start|p1a: ;)|move: Taunt
|
|upkeep
|turn|33
|
|t:|1667790817
|move|p2a: Tornadus|U-turn|p1a: ;)
|-resisted|p1a: ;)
|-damage|p1a: ;)|97/100
|
|t:|1667790819
|switch|p2a: Slowking|Slowking, F|90/100 tox|[from]move: U-turn
|move|p1a: ;)|Scald|p2a: Slowking
|-resisted|p2a: Slowking
|-damage|p2a: Slowking|83/100 tox
|
|-damage|p2a: Slowking|77/100 tox|[from] psn
|upkeep
|turn|34
|
|t:|1667790822
|switch|p1a: thicc|Blissey, F|40/100
|move|p2a: Slowking|Teleport|p2a: Slowking
|
|t:|1667790825
|switch|p2a: Urshifu|Urshifu-Rapid-Strike, M|100/100|[from]move: Teleport
|
|upkeep
|turn|35
|
|t:|1667790829
|switch|p1a: ;)|Toxapex, M|100/100
|move|p2a: Urshifu|U-turn|p1a: ;)
|-resisted|p1a: ;)
|-damage|p1a: ;)|93/100
|j| WeavilleParadise
|
|t:|1667790833
|switch|p2a: Heatran|Heatran, F|100/100|[from]move: U-turn
|
|upkeep
|turn|36
|
|t:|1667790837
|move|p2a: Heatran|Magma Storm|p1a: ;)
|-resisted|p1a: ;)
|-damage|p1a: ;)|75/100
|-activate|p1a: ;)|move: Magma Storm|[of] p2a: Heatran
|move|p1a: ;)|Scald|p2a: Heatran
|-supereffective|p2a: Heatran
|-damage|p2a: Heatran|77/100
|
|-heal|p2a: Heatran|83/100|[from] item: Leftovers
|-damage|p1a: ;)|63/100|[from] move: Magma Storm|[partiallytrapped]
|upkeep
|turn|37
|j| Urdnot wren
|
|t:|1667790847
|move|p2a: Heatran|Taunt|p1a: ;)
|-start|p1a: ;)|move: Taunt
|move|p1a: ;)|Knock Off|p2a: Heatran
|-damage|p2a: Heatran|70/100
|-enditem|p2a: Heatran|Leftovers|[from] move: Knock Off|[of] p1a: ;)
|
|-damage|p1a: ;)|50/100|[from] move: Magma Storm|[partiallytrapped]
|upkeep
|turn|38
|
|t:|1667790860
|move|p2a: Heatran|Earth Power|p1a: ;)
|-supereffective|p1a: ;)
|-damage|p1a: ;)|10/100
|-unboost|p1a: ;)|spd|1
|move|p1a: ;)|Scald|p2a: Heatran
|-supereffective|p2a: Heatran
|-damage|p2a: Heatran|46/100
|
|-damage|p1a: ;)|0 fnt|[from] move: Magma Storm|[partiallytrapped]
|faint|p1a: ;)
|upkeep
|
|t:|1667790862
|switch|p1a: HitEmFromTheEast|Gastrodon-East, F|58/100
|turn|39
|
|t:|1667790875
|switch|p2a: Slowking|Slowking, F|100/100 tox
|move|p1a: HitEmFromTheEast|Recover|p1a: HitEmFromTheEast
|-heal|p1a: HitEmFromTheEast|100/100
|
|-damage|p2a: Slowking|94/100 tox|[from] psn
|upkeep
|turn|40
|
|t:|1667790878
|switch|p1a: thicc|Blissey, F|40/100
|move|p2a: Slowking|Teleport|p2a: Slowking
|
|t:|1667790881
|switch|p2a: Urshifu|Urshifu-Rapid-Strike, M|100/100|[from]move: Teleport
|
|upkeep
|turn|41
|
|t:|1667790886
|switch|p1a: SWOLE|Buzzwole, shiny|100/100
|move|p2a: Urshifu|Surging Strikes|p1a: SWOLE
|-crit|p1a: SWOLE
|-damage|p1a: SWOLE|90/100
|-crit|p1a: SWOLE
|-damage|p1a: SWOLE|79/100
|-crit|p1a: SWOLE
|-damage|p1a: SWOLE|69/100
|-hitcount|p1a: SWOLE|3
|
|upkeep
|turn|42
|
|t:|1667790889
|move|p2a: Urshifu|Taunt|p1a: SWOLE
|-start|p1a: SWOLE|move: Taunt
|cant|p1a: SWOLE|move: Taunt|Roost
|
|upkeep
|turn|43
|
|t:|1667790892
|move|p2a: Urshifu|U-turn|p1a: SWOLE
|-resisted|p1a: SWOLE
|-damage|p1a: SWOLE|62/100
|
|t:|1667790895
|switch|p2a: Tapu Koko|Tapu Koko|100/100|[from]move: U-turn
|-fieldstart|move: Electric Terrain|[from] ability: Electric Surge|[of] p2a: Tapu Koko
|move|p1a: SWOLE|Leech Life|p2a: Tapu Koko
|-resisted|p2a: Tapu Koko
|-damage|p2a: Tapu Koko|72/100
|-heal|p1a: SWOLE|71/100|[from] drain|[of] p2a: Tapu Koko
|
|upkeep
|turn|44
|
|t:|1667790901
|switch|p1a: HitEmFromTheEast|Gastrodon-East, F|100/100
|move|p2a: Tapu Koko|U-turn|p1a: HitEmFromTheEast
|-damage|p1a: HitEmFromTheEast|83/100
|
|t:|1667790907
|switch|p2a: Slowking|Slowking, F|100/100 tox|[from]move: U-turn
|
|-heal|p1a: HitEmFromTheEast|89/100|[from] item: Leftovers
|-damage|p2a: Slowking|94/100 tox|[from] psn
|upkeep
|turn|45
|
|t:|1667790911
|move|p1a: HitEmFromTheEast|Earthquake|p2a: Slowking
|-damage|p2a: Slowking|73/100 tox
|move|p2a: Slowking|Teleport|p2a: Slowking
|
|t:|1667790916
|switch|p2a: Tornadus|Tornadus-Therian, M|92/100|[from]move: Teleport
|
|-heal|p1a: HitEmFromTheEast|95/100|[from] item: Leftovers
|upkeep
|turn|46
|
|t:|1667790919
|move|p2a: Tornadus|U-turn|p1a: HitEmFromTheEast
|-damage|p1a: HitEmFromTheEast|79/100
|
|t:|1667790923
|switch|p2a: Slowking|Slowking, F|100/100 tox|[from]move: U-turn
|move|p1a: HitEmFromTheEast|Scald|p2a: Slowking
|-resisted|p2a: Slowking
|-damage|p2a: Slowking|91/100 tox
|
|-heal|p1a: HitEmFromTheEast|85/100|[from] item: Leftovers
|-damage|p2a: Slowking|85/100 tox|[from] psn
|upkeep
|turn|47
|
|t:|1667790927
|switch|p1a: thicc|Blissey, F|40/100
|move|p2a: Slowking|Teleport|p2a: Slowking
|
|t:|1667790929
|switch|p2a: Urshifu|Urshifu-Rapid-Strike, M|100/100|[from]move: Teleport
|
|-fieldend|move: Electric Terrain
|upkeep
|turn|48
|
|t:|1667790944
|switch|p1a: SWOLE|Buzzwole, shiny|71/100
|move|p2a: Urshifu|Surging Strikes|p1a: SWOLE
|-crit|p1a: SWOLE
|-damage|p1a: SWOLE|60/100
|-crit|p1a: SWOLE
|-damage|p1a: SWOLE|49/100
|-crit|p1a: SWOLE
|-damage|p1a: SWOLE|39/100
|-hitcount|p1a: SWOLE|3
|
|upkeep
|turn|49
|
|t:|1667790953
|move|p2a: Urshifu|Taunt|p1a: SWOLE
|-start|p1a: SWOLE|move: Taunt
|move|p1a: SWOLE|Close Combat|p2a: Urshifu
|-damage|p2a: Urshifu|35/100
|-unboost|p1a: SWOLE|def|1
|-unboost|p1a: SWOLE|spd|1
|
|upkeep
|turn|50
|l| Cocoon☁Evolution
|j| Tsukimizaka Kiriha
|
|t:|1667790965
|move|p2a: Urshifu|Surging Strikes|p1a: SWOLE
|-crit|p1a: SWOLE
|-damage|p1a: SWOLE|22/100
|-crit|p1a: SWOLE
|-damage|p1a: SWOLE|6/100
|-crit|p1a: SWOLE
|-damage|p1a: SWOLE|0 fnt
|faint|p1a: SWOLE
|-hitcount|p1: SWOLE|3
|
|upkeep
|
|t:|1667790968
|switch|p1a: Treble|Clefable, F|70/100
|turn|51
|
|t:|1667790979
|move|p2a: Urshifu|U-turn|p1a: Treble
|-resisted|p1a: Treble
|-damage|p1a: Treble|60/100
|
|t:|1667790982
|switch|p2a: Heatran|Heatran, F|46/100|[from]move: U-turn
|move|p1a: Treble|Wish|p1a: Treble
|
|-heal|p1a: Treble|66/100|[from] item: Leftovers
|upkeep
|turn|52
|
|t:|1667790988
|switch|p1a: HitEmFromTheEast|Gastrodon-East, F|85/100
|move|p2a: Heatran|Magma Storm|p1a: HitEmFromTheEast|[miss]
|-miss|p2a: Heatran|p1a: HitEmFromTheEast
|
|-heal|p1a: HitEmFromTheEast|100/100|[from] move: Wish|[wisher] Treble
|upkeep
|turn|53
|
|t:|1667790995
|switch|p2a: Tornadus|Tornadus-Therian, M|100/100
|move|p1a: HitEmFromTheEast|Toxic|p2a: Tornadus
|-status|p2a: Tornadus|tox
|
|-damage|p2a: Tornadus|94/100 tox|[from] psn
|upkeep
|turn|54
|
|t:|1667791002
|switch|p1a: Treble|Clefable, F|66/100
|move|p2a: Tornadus|Knock Off|p1a: Treble
|-resisted|p1a: Treble
|-damage|p1a: Treble|57/100
|-enditem|p1a: Treble|Leftovers|[from] move: Knock Off|[of] p2a: Tornadus
|
|-damage|p2a: Tornadus|82/100 tox|[from] psn
|upkeep
|turn|55
|
|t:|1667791009
|move|p1a: Treble|Protect|p1a: Treble
|-singleturn|p1a: Treble|Protect
|move|p2a: Tornadus|Taunt|p1a: Treble
|-activate|p1a: Treble|move: Protect
|
|-damage|p2a: Tornadus|64/100 tox|[from] psn
|upkeep
|turn|56
|
|t:|1667791011
|move|p2a: Tornadus|Taunt|p1a: Treble
|-start|p1a: Treble|move: Taunt
|cant|p1a: Treble|move: Taunt|Wish
|
|-damage|p2a: Tornadus|40/100 tox|[from] psn
|upkeep
|turn|57
|
|t:|1667791016
|switch|p1a: Caw Bitch|Corviknight, M|64/100
|-ability|p1a: Caw Bitch|Pressure
|move|p2a: Tornadus|U-turn|p1a: Caw Bitch
|-resisted|p1a: Caw Bitch
|-damage|p1a: Caw Bitch|62/100
|
|t:|1667791024
|switch|p2a: Tapu Koko|Tapu Koko|72/100|[from]move: U-turn
|-fieldstart|move: Electric Terrain|[from] ability: Electric Surge|[of] p2a: Tapu Koko
|
|upkeep
|turn|58
|
|t:|1667791028
|switch|p1a: HitEmFromTheEast|Gastrodon-East, F|100/100
|move|p2a: Tapu Koko|Thunderbolt|p1a: HitEmFromTheEast
|-immune|p1a: HitEmFromTheEast
|
|upkeep
|turn|59
|
|t:|1667791033
|move|p2a: Tapu Koko|U-turn|p1a: HitEmFromTheEast
|-damage|p1a: HitEmFromTheEast|82/100
|
|t:|1667791037
|switch|p2a: Slowking|Slowking, F|100/100 tox|[from]move: U-turn
|move|p1a: HitEmFromTheEast|Scald|p2a: Slowking
|-resisted|p2a: Slowking
|-damage|p2a: Slowking|90/100 tox
|
|-heal|p1a: HitEmFromTheEast|88/100|[from] item: Leftovers
|-damage|p2a: Slowking|84/100 tox|[from] psn
|upkeep
|turn|60
|
|t:|1667791048
|switch|p1a: Treble|Clefable, F|57/100
|move|p2a: Slowking|Teleport|p2a: Slowking
|
|t:|1667791053
|switch|p2a: Heatran|Heatran, F|46/100|[from]move: Teleport
|
|upkeep
|turn|61
|
|t:|1667791056
|switch|p2a: Landorus|Landorus-Therian, M|100/100
|-ability|p2a: Landorus|Intimidate|boost
|-unboost|p1a: Treble|atk|1
|move|p1a: Treble|Protect||[still]
|-fail|p1a: Treble
|
|-fieldend|move: Electric Terrain
|upkeep
|turn|62
|
|t:|1667791060
|move|p2a: Landorus|Stealth Rock|p1a: Treble
|-sidestart|p1: Cowsrule247|move: Stealth Rock
|move|p1a: Treble|Wish|p1a: Treble
|
|upkeep
|turn|63
|
|t:|1667791067
|switch|p1a: Caw Bitch|Corviknight, M|62/100
|-damage|p1a: Caw Bitch|49/100|[from] Stealth Rock
|-ability|p1a: Caw Bitch|Pressure
|move|p2a: Landorus|U-turn|p1a: Caw Bitch
|-resisted|p1a: Caw Bitch
|-damage|p1a: Caw Bitch|45/100
|
|t:|1667791072
|switch|p2a: Tapu Koko|Tapu Koko|72/100|[from]move: U-turn
|-fieldstart|move: Electric Terrain|[from] ability: Electric Surge|[of] p2a: Tapu Koko
|
|-heal|p1a: Caw Bitch|95/100|[from] move: Wish|[wisher] Treble
|upkeep
|turn|64
|
|t:|1667791078
|switch|p1a: HitEmFromTheEast|Gastrodon-East, F|88/100
|-damage|p1a: HitEmFromTheEast|82/100|[from] Stealth Rock
|move|p2a: Tapu Koko|Thunderbolt|p1a: HitEmFromTheEast
|-immune|p1a: HitEmFromTheEast
|
|-heal|p1a: HitEmFromTheEast|88/100|[from] item: Leftovers
|upkeep
|turn|65
|
|t:|1667791083
|switch|p1a: thicc|Blissey, F|40/100
|-damage|p1a: thicc|27/100|[from] Stealth Rock
|move|p2a: Tapu Koko|U-turn|p1a: thicc
|-damage|p1a: thicc|12/100
|
|t:|1667791086
|switch|p2a: Tornadus|Tornadus-Therian, M|73/100 tox|[from]move: U-turn
|
|-damage|p2a: Tornadus|67/100 tox|[from] psn
|upkeep
|turn|66
|
|t:|1667791100
|move|p2a: Tornadus|U-turn|p1a: thicc
|-damage|p1a: thicc|0 fnt
|faint|p1a: thicc
|
|t:|1667791111
|switch|p2a: Urshifu|Urshifu-Rapid-Strike, M|35/100|[from]move: U-turn
|
|upkeep
|c| BabyPigsAreLaughin|Is this about to be a 6-0?
|
|t:|1667791121
|switch|p1a: Treble|Clefable, F|57/100
|-damage|p1a: Treble|45/100|[from] Stealth Rock
|turn|67
|c|☆Ctannn|6-0 on stall?
|c| BabyPigsAreLaughin|Anything is possible.
|c|☆Ctannn|Well I refused to leave Slowking in
|c|☆Ctannn|now I can leave it in
|c|☆Ctannn|if I left it in before it’s a faster game
|c|☆Ctannn|bit 5-0
|inactive|Ctannn has 120 seconds left.
|c|☆Ctannn|but *
|c| BabyPigsAreLaughin|I would love to see a 6-0 on a stall team.
|inactive|Ctannn has 90 seconds left.
|c|☆Ctannn|I forget if surging strikes does 45%
|l| WeavilleParadise
|l| leochu123
|j| leochu123
|
|t:|1667791206
|move|p2a: Urshifu|Surging Strikes|p1a: Treble
|-crit|p1a: Treble
|-damage|p1a: Treble|27/100
|-crit|p1a: Treble
|-damage|p1a: Treble|11/100
|-crit|p1a: Treble
|-damage|p1a: Treble|0 fnt
|faint|p1a: Treble
|-hitcount|p1: Treble|3
|
|-fieldend|move: Electric Terrain
|upkeep
|l| leochu123
|
|t:|1667791210
|switch|p1a: Caw Bitch|Corviknight, M|95/100
|-damage|p1a: Caw Bitch|82/100|[from] Stealth Rock
|-ability|p1a: Caw Bitch|Pressure
|turn|68
|
|t:|1667791218
|move|p2a: Urshifu|Taunt|p1a: Caw Bitch
|-start|p1a: Caw Bitch|move: Taunt
|move|p1a: Caw Bitch|Body Press|p2a: Urshifu
|-damage|p2a: Urshifu|11/100
|
|upkeep
|turn|69
|
|t:|1667791221
|move|p2a: Urshifu|U-turn|p1a: Caw Bitch
|-resisted|p1a: Caw Bitch
|-damage|p1a: Caw Bitch|78/100
|
|t:|1667791228
|switch|p2a: Slowking|Slowking, F|100/100 tox|[from]move: U-turn
|move|p1a: Caw Bitch|Body Press|p2a: Slowking
|-resisted|p2a: Slowking
|-damage|p2a: Slowking|91/100 tox
|
|-damage|p2a: Slowking|85/100 tox|[from] psn
|upkeep
|turn|70
|
|t:|1667791233
|move|p1a: Caw Bitch|Body Press|p2a: Slowking
|-resisted|p2a: Slowking
|-damage|p2a: Slowking|76/100 tox
|move|p2a: Slowking|Future Sight|p1a: Caw Bitch
|-start|p2a: Slowking|move: Future Sight
|
|-damage|p2a: Slowking|64/100 tox|[from] psn
|-end|p1a: Caw Bitch|move: Taunt
|upkeep
|turn|71
|j| Sypharius
|
|t:|1667791236
|move|p1a: Caw Bitch|Defog|p2a: Slowking
|-unboost|p2a: Slowking|evasion|1
|-sideend|p1: Cowsrule247|Stealth Rock|[from] move: Defog|[of] p1a: Caw Bitch
|move|p2a: Slowking|Teleport|p2a: Slowking
|
|t:|1667791239
|switch|p2a: Heatran|Heatran, F|46/100|[from]move: Teleport
|
|upkeep
|turn|72
|
|t:|1667791244
|switch|p1a: HitEmFromTheEast|Gastrodon-East, F|88/100
|move|p2a: Heatran|Magma Storm|p1a: HitEmFromTheEast|[miss]
|-miss|p2a: Heatran|p1a: HitEmFromTheEast
|
|-end|p1a: HitEmFromTheEast|move: Future Sight
|-damage|p1a: HitEmFromTheEast|60/100
|-heal|p1a: HitEmFromTheEast|66/100|[from] item: Leftovers
|upkeep
|turn|73
|
|t:|1667791250
|switch|p2a: Slowking|Slowking, F|97/100 tox
|move|p1a: HitEmFromTheEast|Recover|p1a: HitEmFromTheEast
|-heal|p1a: HitEmFromTheEast|100/100
|
|-damage|p2a: Slowking|91/100 tox|[from] psn
|upkeep
|turn|74
|l| Urdnot wren
|c| Sypharius|Have you tried the calcdex extension?
|
|t:|1667791260
|move|p1a: HitEmFromTheEast|Earthquake|p2a: Slowking
|-damage|p2a: Slowking|70/100 tox
|move|p2a: Slowking|Future Sight|p1a: HitEmFromTheEast
|-start|p2a: Slowking|move: Future Sight
|
|-damage|p2a: Slowking|58/100 tox|[from] psn
|upkeep
|turn|75
|
|t:|1667791263
|move|p1a: HitEmFromTheEast|Earthquake|p2a: Slowking
|-damage|p2a: Slowking|35/100 tox
|move|p2a: Slowking|Teleport|p2a: Slowking
|
|t:|1667791265
|switch|p2a: Landorus|Landorus-Therian, M|100/100|[from]move: Teleport
|-ability|p2a: Landorus|Intimidate|boost
|-unboost|p1a: HitEmFromTheEast|atk|1
|
|upkeep
|turn|76
|
|t:|1667791270
|move|p2a: Landorus|U-turn|p1a: HitEmFromTheEast
|-damage|p1a: HitEmFromTheEast|74/100
|
|t:|1667791273
|switch|p2a: Slowking|Slowking, F|68/100 tox|[from]move: U-turn
|move|p1a: HitEmFromTheEast|Recover|p1a: HitEmFromTheEast
|-heal|p1a: HitEmFromTheEast|100/100
|
|-end|p1a: HitEmFromTheEast|move: Future Sight
|-damage|p1a: HitEmFromTheEast|72/100
|-heal|p1a: HitEmFromTheEast|78/100|[from] item: Leftovers
|-damage|p2a: Slowking|62/100 tox|[from] psn
|upkeep
|turn|77
|
|t:|1667791276
|move|p1a: HitEmFromTheEast|Earthquake|p2a: Slowking
|-damage|p2a: Slowking|47/100 tox
|move|p2a: Slowking|Psychic|p1a: HitEmFromTheEast
|-damage|p1a: HitEmFromTheEast|58/100
|
|-heal|p1a: HitEmFromTheEast|64/100|[from] item: Leftovers
|-damage|p2a: Slowking|35/100 tox|[from] psn
|upkeep
|turn|78
|
|t:|1667791282
|switch|p2a: Landorus|Landorus-Therian, M|100/100
|-ability|p2a: Landorus|Intimidate|boost
|-unboost|p1a: HitEmFromTheEast|atk|1
|move|p1a: HitEmFromTheEast|Earthquake|p2a: Landorus
|-immune|p2a: Landorus
|
|-heal|p1a: HitEmFromTheEast|70/100|[from] item: Leftovers
|upkeep
|turn|79
|
|t:|1667791285
|move|p2a: Landorus|U-turn|p1a: HitEmFromTheEast
|-damage|p1a: HitEmFromTheEast|47/100
|
|t:|1667791288
|switch|p2a: Tornadus|Tornadus-Therian, M|99/100 tox|[from]move: U-turn
|move|p1a: HitEmFromTheEast|Earthquake|p2a: Tornadus
|-immune|p2a: Tornadus
|
|-heal|p1a: HitEmFromTheEast|53/100|[from] item: Leftovers
|-damage|p2a: Tornadus|94/100 tox|[from] psn
|upkeep
|turn|80
|
|t:|1667791291
|switch|p1a: Caw Bitch|Corviknight, M|78/100
|-ability|p1a: Caw Bitch|Pressure
|move|p2a: Tornadus|U-turn|p1a: Caw Bitch
|-resisted|p1a: Caw Bitch
|-damage|p1a: Caw Bitch|76/100
|
|t:|1667791293
|switch|p2a: Tapu Koko|Tapu Koko|72/100|[from]move: U-turn
|-fieldstart|move: Electric Terrain|[from] ability: Electric Surge|[of] p2a: Tapu Koko
|
|upkeep
|turn|81
|
|t:|1667791298
|move|p2a: Tapu Koko|U-turn|p1a: Caw Bitch
|-resisted|p1a: Caw Bitch
|-crit|p1a: Caw Bitch
|-damage|p1a: Caw Bitch|73/100
|l| Sypharius
|c| BabyPigsAreLaughin|Ah, yeah. This is happening. This will be the first time seeing a 6-0 on a stall team.
|
|t:|1667791303
|switch|p2a: Tornadus|Tornadus-Therian, M|100/100 tox|[from]move: U-turn
|move|p1a: Caw Bitch|Iron Defense|p1a: Caw Bitch
|-boost|p1a: Caw Bitch|def|2
|
|-damage|p2a: Tornadus|94/100 tox|[from] psn
|upkeep
|turn|82
|
|t:|1667791305
|move|p2a: Tornadus|Taunt|p1a: Caw Bitch
|-start|p1a: Caw Bitch|move: Taunt
|move|p1a: Caw Bitch|Body Press|p2a: Tornadus
|-resisted|p2a: Tornadus
|-damage|p2a: Tornadus|71/100 tox
|
|-damage|p2a: Tornadus|59/100 tox|[from] psn
|upkeep
|turn|83
|
|t:|1667791309
|move|p2a: Tornadus|U-turn|p1a: Caw Bitch
|-resisted|p1a: Caw Bitch
|-damage|p1a: Caw Bitch|72/100
|
|t:|1667791310
|switch|p2a: Tapu Koko|Tapu Koko|72/100|[from]move: U-turn
|move|p1a: Caw Bitch|Body Press|p2a: Tapu Koko
|-resisted|p2a: Tapu Koko
|-damage|p2a: Tapu Koko|41/100
|
|upkeep
|turn|84
|
|t:|1667791315
|switch|p1a: HitEmFromTheEast|Gastrodon-East, F|53/100
|move|p2a: Tapu Koko|Roost|p2a: Tapu Koko
|-heal|p2a: Tapu Koko|91/100
|-singleturn|p2a: Tapu Koko|move: Roost
|
|-heal|p1a: HitEmFromTheEast|59/100|[from] item: Leftovers
|-fieldend|move: Electric Terrain
|upkeep
|turn|85
|
|t:|1667791318
|move|p2a: Tapu Koko|U-turn|p1a: HitEmFromTheEast
|-damage|p1a: HitEmFromTheEast|40/100
|j| Sypharius
|
|t:|1667791322
|switch|p2a: Slowking|Slowking, F|68/100 tox|[from]move: U-turn
|move|p1a: HitEmFromTheEast|Recover|p1a: HitEmFromTheEast
|-heal|p1a: HitEmFromTheEast|90/100
|
|-heal|p1a: HitEmFromTheEast|96/100|[from] item: Leftovers
|-damage|p2a: Slowking|62/100 tox|[from] psn
|upkeep
|turn|86
|
|t:|1667791325
|switch|p2a: Tornadus|Tornadus-Therian, M|92/100 tox
|move|p1a: HitEmFromTheEast|Earthquake|p2a: Tornadus
|-immune|p2a: Tornadus
|
|-heal|p1a: HitEmFromTheEast|100/100|[from] item: Leftovers
|-damage|p2a: Tornadus|86/100 tox|[from] psn
|upkeep
|turn|87
|
|t:|1667791328
|move|p2a: Tornadus|U-turn|p1a: HitEmFromTheEast
|-damage|p1a: HitEmFromTheEast|85/100
|
|t:|1667791335
|switch|p2a: Slowking|Slowking, F|95/100 tox|[from]move: U-turn
|move|p1a: HitEmFromTheEast|Scald|p2a: Slowking
|-resisted|p2a: Slowking
|-damage|p2a: Slowking|86/100 tox
|
|-heal|p1a: HitEmFromTheEast|91/100|[from] item: Leftovers
|-damage|p2a: Slowking|79/100 tox|[from] psn
|upkeep
|turn|88
|
|t:|1667791338
|switch|p2a: Tornadus|Tornadus-Therian, M|100/100 tox
|move|p1a: HitEmFromTheEast|Earthquake|p2a: Tornadus
|-immune|p2a: Tornadus
|
|-heal|p1a: HitEmFromTheEast|97/100|[from] item: Leftovers
|-damage|p2a: Tornadus|94/100 tox|[from] psn
|upkeep
|turn|89
|
|t:|1667791340
|switch|p2a: Slowking|Slowking, F|100/100 tox
|move|p1a: HitEmFromTheEast|Earthquake|p2a: Slowking
|-damage|p2a: Slowking|80/100 tox
|
|-heal|p1a: HitEmFromTheEast|100/100|[from] item: Leftovers
|-damage|p2a: Slowking|74/100 tox|[from] psn
|upkeep
|turn|90
|
|t:|1667791342
|switch|p1a: Caw Bitch|Corviknight, M|72/100
|-ability|p1a: Caw Bitch|Pressure
|switch|p2a: Tornadus|Tornadus-Therian, M|100/100 tox
|
|-damage|p2a: Tornadus|94/100 tox|[from] psn
|upkeep
|turn|91
|
|t:|1667791345
|move|p2a: Tornadus|Taunt|p1a: Caw Bitch
|-start|p1a: Caw Bitch|move: Taunt
|cant|p1a: Caw Bitch|move: Taunt|Iron Defense
|
|-damage|p2a: Tornadus|82/100 tox|[from] psn
|upkeep
|turn|92
|
|t:|1667791347
|move|p2a: Tornadus|Hurricane|p1a: Caw Bitch
|-resisted|p1a: Caw Bitch
|-damage|p1a: Caw Bitch|53/100
|move|p1a: Caw Bitch|Body Press|p2a: Tornadus
|-resisted|p2a: Tornadus
|-damage|p2a: Tornadus|69/100 tox
|
|-damage|p2a: Tornadus|51/100 tox|[from] psn
|upkeep
|turn|93
|
|t:|1667791350
|switch|p1a: HitEmFromTheEast|Gastrodon-East, F|100/100
|move|p2a: Tornadus|U-turn|p1a: HitEmFromTheEast
|-damage|p1a: HitEmFromTheEast|83/100
|
|t:|1667791353
|switch|p2a: Tapu Koko|Tapu Koko|91/100|[from]move: U-turn
|-fieldstart|move: Electric Terrain|[from] ability: Electric Surge|[of] p2a: Tapu Koko
|
|-heal|p1a: HitEmFromTheEast|89/100|[from] item: Leftovers
|upkeep
|turn|94
|j| Meehdi_BGS
|
|t:|1667791357
|move|p2a: Tapu Koko|U-turn|p1a: HitEmFromTheEast
|-damage|p1a: HitEmFromTheEast|71/100
|
|t:|1667791360
|switch|p2a: Tornadus|Tornadus-Therian, M|84/100 tox|[from]move: U-turn
|move|p1a: HitEmFromTheEast|Toxic|p2a: Tornadus
|-fail|p2a: Tornadus|tox
|
|-heal|p1a: HitEmFromTheEast|77/100|[from] item: Leftovers
|-damage|p2a: Tornadus|78/100 tox|[from] psn
|upkeep
|turn|95
|
|t:|1667791364
|move|p2a: Tornadus|U-turn|p1a: HitEmFromTheEast
|-damage|p1a: HitEmFromTheEast|61/100
|
|t:|1667791368
|switch|p2a: Slowking|Slowking, F|100/100 tox|[from]move: U-turn
|move|p1a: HitEmFromTheEast|Toxic|p2a: Slowking
|-fail|p2a: Slowking|tox
|
|-heal|p1a: HitEmFromTheEast|67/100|[from] item: Leftovers
|-damage|p2a: Slowking|94/100 tox|[from] psn
|upkeep
|turn|96
|
|t:|1667791374
|switch|p1a: Caw Bitch|Corviknight, M|53/100
|-ability|p1a: Caw Bitch|Pressure
|move|p2a: Slowking|Teleport|p2a: Slowking
|l| Sypharius
|
|t:|1667791378
|switch|p2a: Tapu Koko|Tapu Koko|91/100|[from]move: Teleport
|
|upkeep
|turn|97
|
|t:|1667791381
|switch|p1a: HitEmFromTheEast|Gastrodon-East, F|67/100
|move|p2a: Tapu Koko|Thunderbolt|p1a: HitEmFromTheEast
|-immune|p1a: HitEmFromTheEast
|
|-heal|p1a: HitEmFromTheEast|73/100|[from] item: Leftovers
|-fieldend|move: Electric Terrain
|upkeep
|turn|98
|
|t:|1667791385
|move|p2a: Tapu Koko|U-turn|p1a: HitEmFromTheEast
|-damage|p1a: HitEmFromTheEast|57/100
|
|t:|1667791389
|switch|p2a: Slowking|Slowking, F|100/100 tox|[from]move: U-turn
|move|p1a: HitEmFromTheEast|Scald|p2a: Slowking
|-resisted|p2a: Slowking
|-damage|p2a: Slowking|90/100 tox
|
|-heal|p1a: HitEmFromTheEast|63/100|[from] item: Leftovers
|-damage|p2a: Slowking|84/100 tox|[from] psn
|upkeep
|turn|99
|
|t:|1667791393
|move|p1a: HitEmFromTheEast|Recover|p1a: HitEmFromTheEast
|-heal|p1a: HitEmFromTheEast|100/100
|move|p2a: Slowking|Teleport|p2a: Slowking
|
|t:|1667791395
|switch|p2a: Tapu Koko|Tapu Koko|91/100|[from]move: Teleport
|-fieldstart|move: Electric Terrain|[from] ability: Electric Surge|[of] p2a: Tapu Koko
|
|upkeep
|turn|100
|
|t:|1667791399
|move|p2a: Tapu Koko|U-turn|p1a: HitEmFromTheEast
|-damage|p1a: HitEmFromTheEast|82/100
|
|t:|1667791402
|switch|p2a: Tornadus|Tornadus-Therian, M|100/100 tox|[from]move: U-turn
|move|p1a: HitEmFromTheEast|Scald|p2a: Tornadus
|-damage|p2a: Tornadus|72/100 tox
|
|-heal|p1a: HitEmFromTheEast|88/100|[from] item: Leftovers
|-damage|p2a: Tornadus|66/100 tox|[from] psn
|upkeep
|turn|101
|
|t:|1667791405
|move|p2a: Tornadus|U-turn|p1a: HitEmFromTheEast
|-damage|p1a: HitEmFromTheEast|72/100
|
|t:|1667791408
|switch|p2a: Slowking|Slowking, F|100/100 tox|[from]move: U-turn
|move|p1a: HitEmFromTheEast|Earthquake|p2a: Slowking
|-damage|p2a: Slowking|77/100 tox
|
|-heal|p1a: HitEmFromTheEast|78/100|[from] item: Leftovers
|-damage|p2a: Slowking|71/100 tox|[from] psn
|upkeep
|turn|102
|
|t:|1667791416
|switch|p2a: Tornadus|Tornadus-Therian, M|99/100 tox
|move|p1a: HitEmFromTheEast|Earthquake|p2a: Tornadus
|-immune|p2a: Tornadus
|
|-heal|p1a: HitEmFromTheEast|84/100|[from] item: Leftovers
|-damage|p2a: Tornadus|93/100 tox|[from] psn
|upkeep
|turn|103
|
|t:|1667791420
|switch|p2a: Slowking|Slowking, F|100/100 tox
|move|p1a: HitEmFromTheEast|Scald|p2a: Slowking
|-resisted|p2a: Slowking
|-damage|p2a: Slowking|91/100 tox
|
|-heal|p1a: HitEmFromTheEast|90/100|[from] item: Leftovers
|-damage|p2a: Slowking|85/100 tox|[from] psn
|-fieldend|move: Electric Terrain
|upkeep
|turn|104
|
|t:|1667791424
|switch|p1a: Caw Bitch|Corviknight, M|53/100
|-ability|p1a: Caw Bitch|Pressure
|switch|p2a: Tornadus|Tornadus-Therian, M|100/100 tox
|
|-damage|p2a: Tornadus|94/100 tox|[from] psn
|upkeep
|turn|105
|
|t:|1667791429
|switch|p1a: HitEmFromTheEast|Gastrodon-East, F|90/100
|move|p2a: Tornadus|Taunt|p1a: HitEmFromTheEast
|-start|p1a: HitEmFromTheEast|move: Taunt
|
|-heal|p1a: HitEmFromTheEast|96/100|[from] item: Leftovers
|-damage|p2a: Tornadus|82/100 tox|[from] psn
|upkeep
|turn|106
|
|t:|1667791434
|switch|p1a: Caw Bitch|Corviknight, M|53/100
|-ability|p1a: Caw Bitch|Pressure
|move|p2a: Tornadus|U-turn|p1a: Caw Bitch
|-resisted|p1a: Caw Bitch
|-damage|p1a: Caw Bitch|50/100
|
|t:|1667791436
|switch|p2a: Tapu Koko|Tapu Koko|91/100|[from]move: U-turn
|-fieldstart|move: Electric Terrain|[from] ability: Electric Surge|[of] p2a: Tapu Koko
|
|upkeep
|turn|107
|
|t:|1667791438
|switch|p1a: HitEmFromTheEast|Gastrodon-East, F|96/100
|move|p2a: Tapu Koko|Thunderbolt|p1a: HitEmFromTheEast
|-immune|p1a: HitEmFromTheEast
|
|-heal|p1a: HitEmFromTheEast|100/100|[from] item: Leftovers
|upkeep
|turn|108
|
|t:|1667791443
|move|p2a: Tapu Koko|U-turn|p1a: HitEmFromTheEast
|-damage|p1a: HitEmFromTheEast|82/100
|
|t:|1667791446
|switch|p2a: Slowking|Slowking, F|100/100 tox|[from]move: U-turn
|move|p1a: HitEmFromTheEast|Toxic|p2a: Slowking
|-fail|p2a: Slowking|tox
|
|-heal|p1a: HitEmFromTheEast|88/100|[from] item: Leftovers
|-damage|p2a: Slowking|94/100 tox|[from] psn
|upkeep
|turn|109
|
|t:|1667791451
|switch|p1a: Caw Bitch|Corviknight, M|50/100
|-ability|p1a: Caw Bitch|Pressure
|move|p2a: Slowking|Teleport|p2a: Slowking
|
|t:|1667791456
|switch|p2a: Tapu Koko|Tapu Koko|91/100|[from]move: Teleport
|
|upkeep
|turn|110
|
|t:|1667791459
|switch|p1a: HitEmFromTheEast|Gastrodon-East, F|88/100
|move|p2a: Tapu Koko|Thunderbolt|p1a: HitEmFromTheEast
|-immune|p1a: HitEmFromTheEast
|
|-heal|p1a: HitEmFromTheEast|94/100|[from] item: Leftovers
|-fieldend|move: Electric Terrain
|upkeep
|turn|111
|j| Her Loss SZN
|
|t:|1667791465
|switch|p1a: Caw Bitch|Corviknight, M|50/100
|-ability|p1a: Caw Bitch|Pressure
|move|p2a: Tapu Koko|U-turn|p1a: Caw Bitch
|-resisted|p1a: Caw Bitch
|-damage|p1a: Caw Bitch|48/100
|
|t:|1667791471
|switch|p2a: Tornadus|Tornadus-Therian, M|100/100 tox|[from]move: U-turn
|
|-damage|p2a: Tornadus|94/100 tox|[from] psn
|upkeep
|turn|112
|
|t:|1667791474
|switch|p1a: HitEmFromTheEast|Gastrodon-East, F|94/100
|move|p2a: Tornadus|Taunt|p1a: HitEmFromTheEast
|-start|p1a: HitEmFromTheEast|move: Taunt
|
|-heal|p1a: HitEmFromTheEast|99/100|[from] item: Leftovers
|-damage|p2a: Tornadus|82/100 tox|[from] psn
|upkeep
|turn|113
|
|t:|1667791477
|switch|p1a: Caw Bitch|Corviknight, M|48/100
|-ability|p1a: Caw Bitch|Pressure
|move|p2a: Tornadus|Knock Off|p1a: Caw Bitch
|-damage|p1a: Caw Bitch|40/100
|
|-damage|p2a: Tornadus|64/100 tox|[from] psn
|upkeep
|turn|114
|
|t:|1667791479
|switch|p1a: HitEmFromTheEast|Gastrodon-East, F|99/100
|move|p2a: Tornadus|Taunt|p1a: HitEmFromTheEast
|-start|p1a: HitEmFromTheEast|move: Taunt
|
|-heal|p1a: HitEmFromTheEast|100/100|[from] item: Leftovers
|-damage|p2a: Tornadus|40/100 tox|[from] psn
|upkeep
|turn|115
|c| BabyPigsAreLaughin|247 is not giving up, even though there's no chance of winning.
|j| Eepsilon
|
|t:|1667791482
|switch|p1a: Caw Bitch|Corviknight, M|40/100
|-ability|p1a: Caw Bitch|Pressure
|move|p2a: Tornadus|U-turn|p1a: Caw Bitch
|-resisted|p1a: Caw Bitch
|-damage|p1a: Caw Bitch|37/100
|
|t:|1667791484
|switch|p2a: Tapu Koko|Tapu Koko|91/100|[from]move: U-turn
|-fieldstart|move: Electric Terrain|[from] ability: Electric Surge|[of] p2a: Tapu Koko
|
|upkeep
|turn|116
|l| Meehdi_BGS
|
|t:|1667791486
|switch|p1a: HitEmFromTheEast|Gastrodon-East, F|100/100
|move|p2a: Tapu Koko|Thunderbolt|p1a: HitEmFromTheEast
|-immune|p1a: HitEmFromTheEast
|
|upkeep
|turn|117
|j| Meehdi_BGS
|l| Meehdi_BGS
|
|t:|1667791493
|move|p2a: Tapu Koko|U-turn|p1a: HitEmFromTheEast
|-damage|p1a: HitEmFromTheEast|84/100
|
|t:|1667791495
|switch|p2a: Slowking|Slowking, F|100/100 tox|[from]move: U-turn
|move|p1a: HitEmFromTheEast|Toxic|p2a: Slowking
|-fail|p2a: Slowking|tox
|
|-heal|p1a: HitEmFromTheEast|90/100|[from] item: Leftovers
|-damage|p2a: Slowking|94/100 tox|[from] psn
|upkeep
|turn|118
|
|t:|1667791499
|move|p1a: HitEmFromTheEast|Earthquake|p2a: Slowking
|-damage|p2a: Slowking|74/100 tox
|move|p2a: Slowking|Teleport|p2a: Slowking
|
|t:|1667791502
|switch|p2a: Tornadus|Tornadus-Therian, M|73/100 tox|[from]move: Teleport
|
|-heal|p1a: HitEmFromTheEast|96/100|[from] item: Leftovers
|-damage|p2a: Tornadus|67/100 tox|[from] psn
|upkeep
|turn|119
|
|t:|1667791504
|move|p2a: Tornadus|U-turn|p1a: HitEmFromTheEast
|-damage|p1a: HitEmFromTheEast|81/100
|
|t:|1667791507
|switch|p2a: Slowking|Slowking, F|100/100 tox|[from]move: U-turn
|move|p1a: HitEmFromTheEast|Scald|p2a: Slowking
|-resisted|p2a: Slowking
|-damage|p2a: Slowking|91/100 tox
|
|-heal|p1a: HitEmFromTheEast|87/100|[from] item: Leftovers
|-damage|p2a: Slowking|85/100 tox|[from] psn
|-fieldend|move: Electric Terrain
|upkeep
|turn|120
|
|t:|1667791513
|move|p1a: HitEmFromTheEast|Scald|p2a: Slowking
|-resisted|p2a: Slowking
|-damage|p2a: Slowking|75/100 tox
|move|p2a: Slowking|Flamethrower|p1a: HitEmFromTheEast
|-resisted|p1a: HitEmFromTheEast
|-crit|p1a: HitEmFromTheEast
|-damage|p1a: HitEmFromTheEast|77/100
|
|-heal|p1a: HitEmFromTheEast|83/100|[from] item: Leftovers
|-damage|p2a: Slowking|63/100 tox|[from] psn
|upkeep
|turn|121
|
|t:|1667791518
|switch|p1a: Caw Bitch|Corviknight, M|37/100
|-ability|p1a: Caw Bitch|Pressure
|switch|p2a: Tornadus|Tornadus-Therian, M|99/100 tox
|
|-damage|p2a: Tornadus|94/100 tox|[from] psn
|upkeep
|turn|122
|
|t:|1667791521
|switch|p1a: HitEmFromTheEast|Gastrodon-East, F|83/100
|move|p2a: Tornadus|Taunt|p1a: HitEmFromTheEast
|-start|p1a: HitEmFromTheEast|move: Taunt
|
|-heal|p1a: HitEmFromTheEast|89/100|[from] item: Leftovers
|-damage|p2a: Tornadus|82/100 tox|[from] psn
|upkeep
|turn|123
|
|t:|1667791528
|switch|p1a: Caw Bitch|Corviknight, M|37/100
|-ability|p1a: Caw Bitch|Pressure
|move|p2a: Tornadus|Hurricane|p1a: Caw Bitch
|-resisted|p1a: Caw Bitch
|-damage|p1a: Caw Bitch|20/100
|
|-damage|p2a: Tornadus|63/100 tox|[from] psn
|upkeep
|turn|124
|
|t:|1667791531
|switch|p1a: HitEmFromTheEast|Gastrodon-East, F|89/100
|move|p2a: Tornadus|Taunt|p1a: HitEmFromTheEast
|-start|p1a: HitEmFromTheEast|move: Taunt
|
|-heal|p1a: HitEmFromTheEast|96/100|[from] item: Leftovers
|-damage|p2a: Tornadus|39/100 tox|[from] psn
|upkeep
|turn|125
|
|t:|1667791535
|move|p2a: Tornadus|U-turn|p1a: HitEmFromTheEast
|-damage|p1a: HitEmFromTheEast|80/100
|
|t:|1667791539
|switch|p2a: Slowking|Slowking, F|96/100 tox|[from]move: U-turn
|move|p1a: HitEmFromTheEast|Earthquake|p2a: Slowking
|-damage|p2a: Slowking|75/100 tox
|
|-heal|p1a: HitEmFromTheEast|86/100|[from] item: Leftovers
|-damage|p2a: Slowking|69/100 tox|[from] psn
|upkeep
|turn|126
|
|t:|1667791540
|move|p1a: HitEmFromTheEast|Scald|p2a: Slowking
|-resisted|p2a: Slowking
|-damage|p2a: Slowking|60/100 tox
|move|p2a: Slowking|Teleport|p2a: Slowking
|
|t:|1667791543
|switch|p2a: Tornadus|Tornadus-Therian, M|72/100 tox|[from]move: Teleport
|
|-heal|p1a: HitEmFromTheEast|92/100|[from] item: Leftovers
|-damage|p2a: Tornadus|66/100 tox|[from] psn
|-end|p1a: HitEmFromTheEast|move: Taunt
|upkeep
|turn|127
|
|t:|1667791546
|move|p2a: Tornadus|U-turn|p1a: HitEmFromTheEast
|-damage|p1a: HitEmFromTheEast|77/100
|
|t:|1667791548
|switch|p2a: Slowking|Slowking, F|93/100 tox|[from]move: U-turn
|move|p1a: HitEmFromTheEast|Earthquake|p2a: Slowking
|-damage|p2a: Slowking|73/100 tox
|
|-heal|p1a: HitEmFromTheEast|83/100|[from] item: Leftovers
|-damage|p2a: Slowking|67/100 tox|[from] psn
|upkeep
|turn|128
|
|t:|1667791551
|switch|p1a: Caw Bitch|Corviknight, M|20/100
|-ability|p1a: Caw Bitch|Pressure
|move|p2a: Slowking|Teleport|p2a: Slowking
|
|t:|1667791554
|switch|p2a: Urshifu|Urshifu-Rapid-Strike, M|11/100|[from]move: Teleport
|
|upkeep
|turn|129
|l| Matheus RW
|
|t:|1667791560
|move|p2a: Urshifu|Close Combat|p1a: Caw Bitch
|-damage|p1a: Caw Bitch|0 fnt
|-unboost|p2a: Urshifu|def|1
|-unboost|p2a: Urshifu|spd|1
|faint|p1a: Caw Bitch
|
|upkeep
|c|☆Ctannn|Gg
|
|t:|1667791563
|switch|p1a: HitEmFromTheEast|Gastrodon-East, F|83/100
|turn|130
|l| Eepsilon
|
|t:|1667791570
|move|p2a: Urshifu|U-turn|p1a: HitEmFromTheEast
|-damage|p1a: HitEmFromTheEast|54/100
|
|t:|1667791573
|switch|p2a: Slowking|Slowking, F|99/100 tox|[from]move: U-turn
|move|p1a: HitEmFromTheEast|Toxic|p2a: Slowking
|-fail|p2a: Slowking|tox
|
|-heal|p1a: HitEmFromTheEast|61/100|[from] item: Leftovers
|-damage|p2a: Slowking|94/100 tox|[from] psn
|upkeep
|turn|131
|
|t:|1667791575
|move|p1a: HitEmFromTheEast|Recover|p1a: HitEmFromTheEast
|-heal|p1a: HitEmFromTheEast|100/100
|move|p2a: Slowking|Future Sight|p1a: HitEmFromTheEast
|-start|p2a: Slowking|move: Future Sight
|
|-damage|p2a: Slowking|82/100 tox|[from] psn
|upkeep
|turn|132
|
|t:|1667791580
|move|p1a: HitEmFromTheEast|Scald|p2a: Slowking
|-resisted|p2a: Slowking
|-damage|p2a: Slowking|72/100 tox
|move|p2a: Slowking|Teleport|p2a: Slowking
|
|t:|1667791582
|switch|p2a: Landorus|Landorus-Therian, M|100/100|[from]move: Teleport
|-ability|p2a: Landorus|Intimidate|boost
|-unboost|p1a: HitEmFromTheEast|atk|1
|
|upkeep
|turn|133
|
|t:|1667791586
|move|p2a: Landorus|Earthquake|p1a: HitEmFromTheEast
|-damage|p1a: HitEmFromTheEast|45/100
|move|p1a: HitEmFromTheEast|Scald|p2a: Landorus
|-supereffective|p2a: Landorus
|-damage|p2a: Landorus|62/100
|
|-end|p1a: HitEmFromTheEast|move: Future Sight
|-damage|p1a: HitEmFromTheEast|18/100
|-heal|p2a: Landorus|68/100|[from] item: Leftovers
|-heal|p1a: HitEmFromTheEast|24/100|[from] item: Leftovers
|upkeep
|turn|134
|-message|Cowsrule247 forfeited.
|
|win|Ctannn
|raw|Cowsrule247's rating: 1728 &rarr; <strong>1711</strong><br />(-17 for losing)
|raw|Ctannn's rating: 1784 &rarr; <strong>1801</strong><br />(+17 for winning)
|l|☆Cowsrule247
|c|☆Ctannn|I could have ended it earlier
||Ladder isn't responding, score probably updated but might not have (Request timeout).
|c| BabyPigsAreLaughin|Good game. Well done on the 6-0 of a stall team. I never thought I'd see this happen. This made my day.
|c|☆Ctannn|But wanted to make a point
|c|☆Ctannn|6-0 guaranteed needed lots of conservative play
|l|☆Ctannn
|c| BabyPigsAreLaughin|Now, he forfeits.
|j|☆Ctannn
|player|p2|Ctannn|265
|l|☆Ctannn
|player|p2|
|l| foundation trilogy
|j|☆Ctannn
|player|p2|Ctannn|265
|l|☆Ctannn
|player|p2|
