|j|☆Jagonite
|j|☆xyz anxiety
|inactive|Battle timer is ON: inactive players will automatically lose when time's up.
|t:|1654515353
|gametype|singles
|player|p1|Jagonite|swimmer|
|player|p2|xyz anxiety|gambler-gen1|
|teamsize|p1|6
|teamsize|p2|6
|gen|8
|tier|[Gen 8] OU
|rated|Tournament battle
|rule|Sleep Clause Mod: Limit one foe put to sleep
|rule|Species Clause: Limit one of each Pokémon
|rule|OHKO Clause: OHKO moves are banned
|rule|Evasion Moves Clause: Evasion moves are banned
|rule|Endless Battle Clause: Forcing endless battles is banned
|rule|HP Percentage Mod: HP is shown in percentages
|rule|Dynamax Clause: You cannot dynamax
|clearpoke
|poke|p1|Torkoal, F|
|poke|p1|Venusaur, F|
|poke|p1|Charizard, F|
|poke|p1|Corviknight, F|
|poke|p1|Entei|
|poke|p1|Garchomp, M|
|poke|p2|Avalugg, M|
|poke|p2|Toxapex, M|
|poke|p2|Blissey, F|
|poke|p2|Corviknight, M|
|poke|p2|Xatu, F|
|poke|p2|Shedinja|
|teampreview
|j| Jugloo
|
|t:|1654515377
|start
|switch|p1a: Torkoal|Torkoal, F|100/100
|switch|p2a: Blissey|Blissey, F, shiny|100/100
|-weather|SunnyDay|[from] ability: Drought|[of] p1a: Torkoal
|turn|1
|inactive|xyz anxiety has 120 seconds left.
|
|t:|1654515422
|move|p2a: Blissey|Toxic|p1a: Torkoal
|-status|p1a: Torkoal|tox
|move|p1a: Torkoal|Stealth Rock|p2a: Blissey
|-sidestart|p2: xyz anxiety|move: Stealth Rock
|
|-weather|SunnyDay|[upkeep]
|-damage|p1a: Torkoal|94/100 tox|[from] psn
|upkeep
|turn|2
|
|t:|1654515434
|switch|p1a: Entei|Entei|100/100
|move|p2a: Blissey|Stealth Rock|p1a: Entei
|-sidestart|p1: Jagonite|move: Stealth Rock
|
|-weather|SunnyDay|[upkeep]
|upkeep
|turn|3
|inactive|xyz anxiety has 120 seconds left.
|
|t:|1654515463
|switch|p2a: Toxapex|Toxapex, M, shiny|100/100
|-damage|p2a: Toxapex|88/100|[from] Stealth Rock
|move|p1a: Entei|Sacred Fire|p2a: Toxapex
|-resisted|p2a: Toxapex
|-damage|p2a: Toxapex|53/100
|-status|p2a: Toxapex|brn
|
|-weather|SunnyDay|[upkeep]
|-damage|p2a: Toxapex|47/100 brn|[from] brn
|upkeep
|turn|4
|
|t:|1654515474
|switch|p1a: Garchomp|Garchomp, M|100/100
|-damage|p1a: Garchomp|94/100|[from] Stealth Rock
|move|p2a: Toxapex|Recover|p2a: Toxapex
|-heal|p2a: Toxapex|97/100 brn
|
|-weather|SunnyDay|[upkeep]
|-damage|p2a: Toxapex|91/100 brn|[from] brn
|upkeep
|turn|5
|
|t:|1654515489
|switch|p2a: Avalugg|Avalugg, M, shiny|100/100
|move|p1a: Garchomp|Swords Dance|p1a: Garchomp
|-boost|p1a: Garchomp|atk|2
|
|-weather|SunnyDay|[upkeep]
|upkeep
|turn|6
|
|t:|1654515495
|move|p1a: Garchomp|Fire Fang|p2a: Avalugg
|-supereffective|p2a: Avalugg
|-damage|p2a: Avalugg|25/100
|-damage|p1a: Garchomp|85/100|[from] item: Life Orb
|move|p2a: Avalugg|Icicle Spear|p1a: Garchomp
|-supereffective|p1a: Garchomp
|-damage|p1a: Garchomp|44/100
|-supereffective|p1a: Garchomp
|-damage|p1a: Garchomp|4/100
|-hitcount|p1a: Garchomp|2
|
|-weather|SunnyDay|[upkeep]
|upkeep
|turn|7
|
|t:|1654515501
|move|p1a: Garchomp|Fire Fang|p2a: Avalugg
|-supereffective|p2a: Avalugg
|-damage|p2a: Avalugg|0 fnt
|faint|p2a: Avalugg
|-damage|p1a: Garchomp|0 fnt|[from] item: Life Orb
|faint|p1a: Garchomp
|
|-weather|SunnyDay|[upkeep]
|upkeep
|
|t:|1654515520
|switch|p1a: Entei|Entei|100/100
|switch|p2a: Toxapex|Toxapex, M, shiny|100/100 brn
|-damage|p1a: Entei|76/100|[from] Stealth Rock
|-damage|p2a: Toxapex|88/100 brn|[from] Stealth Rock
|turn|8
|
|t:|1654515526
|move|p1a: Entei|Stomping Tantrum|p2a: Toxapex
|-supereffective|p2a: Toxapex
|-damage|p2a: Toxapex|43/100 brn
|move|p2a: Toxapex|Toxic|p1a: Entei
|-status|p1a: Entei|tox
|
|-weather|none
|-damage|p1a: Entei|70/100 tox|[from] psn
|-damage|p2a: Toxapex|37/100 brn|[from] brn
|upkeep
|turn|9
|
|t:|1654515530
|switch|p1a: Corviknight|Corviknight, F|100/100
|-damage|p1a: Corviknight|88/100|[from] Stealth Rock
|-ability|p1a: Corviknight|Pressure
|switch|p2a: Corviknight|Corviknight, M, shiny|100/100
|-damage|p2a: Corviknight|88/100|[from] Stealth Rock
|-ability|p2a: Corviknight|Pressure
|
|-heal|p2a: Corviknight|94/100|[from] item: Leftovers
|-heal|p1a: Corviknight|94/100|[from] item: Leftovers
|upkeep
|turn|10
|
|t:|1654515538
|move|p2a: Corviknight|Defog|p1a: Corviknight
|-unboost|p1a: Corviknight|evasion|1
|-sideend|p1: Jagonite|Stealth Rock|[from] move: Defog|[of] p2a: Corviknight
|-sideend|p2: xyz anxiety|Stealth Rock|[from] move: Defog|[of] p2a: Corviknight
|move|p1a: Corviknight|Defog|p2a: Corviknight
|-unboost|p2a: Corviknight|evasion|1
|
|-heal|p2a: Corviknight|99/100|[from] item: Leftovers
|-heal|p1a: Corviknight|100/100|[from] item: Leftovers
|upkeep
|turn|11
|
|t:|1654515542
|move|p2a: Corviknight|U-turn|p1a: Corviknight
|-resisted|p1a: Corviknight
|-damage|p1a: Corviknight|98/100
|
|t:|1654515543
|switch|p2a: Shedinja|Shedinja, shiny|100/100|[from]move: U-turn
|move|p1a: Corviknight|U-turn|p2a: Shedinja
|-immune|p2a: Shedinja|[from] ability: Wonder Guard
|
|-heal|p1a: Corviknight|100/100|[from] item: Leftovers
|upkeep
|turn|12
|
|t:|1654515549
|switch|p2a: Blissey|Blissey, F, shiny|100/100
|switch|p1a: Torkoal|Torkoal, F|94/100 tox
|-weather|SunnyDay|[from] ability: Drought|[of] p1a: Torkoal
|
|-weather|SunnyDay|[upkeep]
|-damage|p1a: Torkoal|88/100 tox|[from] psn
|upkeep
|turn|13
|
|t:|1654515553
|switch|p2a: Xatu|Xatu, F, shiny|100/100
|move|p1a: Torkoal|Stealth Rock|p2a: Xatu
|move|p2a: Xatu|Stealth Rock|p1a: Torkoal|[from]ability: Magic Bounce
|-sidestart|p1: Jagonite|move: Stealth Rock
|
|-weather|SunnyDay|[upkeep]
|-damage|p1a: Torkoal|76/100 tox|[from] psn
|upkeep
|turn|14
|
|t:|1654515564
|move|p2a: Xatu|Night Shade|p1a: Torkoal
|-damage|p1a: Torkoal|47/100 tox
|move|p1a: Torkoal|Lava Plume|p2a: Xatu
|-damage|p2a: Xatu|56/100
|
|-weather|SunnyDay|[upkeep]
|-heal|p2a: Xatu|62/100|[from] item: Leftovers
|-damage|p1a: Torkoal|28/100 tox|[from] psn
|upkeep
|turn|15
|
|t:|1654515568
|switch|p1a: Entei|Entei|70/100 tox
|-damage|p1a: Entei|45/100 tox|[from] Stealth Rock
|move|p2a: Xatu|Night Shade|p1a: Entei
|-damage|p1a: Entei|18/100 tox
|
|-weather|SunnyDay|[upkeep]
|-heal|p2a: Xatu|68/100|[from] item: Leftovers
|-damage|p1a: Entei|12/100 tox|[from] psn
|upkeep
|turn|16
|
|t:|1654515572
|switch|p2a: Toxapex|Toxapex, M, shiny|70/100 brn
|move|p1a: Entei|Sacred Fire|p2a: Toxapex
|-resisted|p2a: Toxapex
|-damage|p2a: Toxapex|40/100 brn
|
|-weather|SunnyDay|[upkeep]
|-damage|p1a: Entei|0 fnt|[from] psn
|faint|p1a: Entei
|-damage|p2a: Toxapex|34/100 brn|[from] brn
|upkeep
|
|t:|1654515578
|switch|p1a: Venusaur|Venusaur, F|100/100
|-damage|p1a: Venusaur|88/100|[from] Stealth Rock
|turn|17
|
|t:|1654515589
|move|p1a: Venusaur|Growth|p1a: Venusaur
|-boost|p1a: Venusaur|atk|2
|-boost|p1a: Venusaur|spa|2
|move|p2a: Toxapex|Haze|p2a: Toxapex
|-clearallboost
|
|-weather|SunnyDay|[upkeep]
|-damage|p2a: Toxapex|28/100 brn|[from] brn
|upkeep
|turn|18
|
|t:|1654515594
|switch|p2a: Blissey|Blissey, F, shiny|100/100
|move|p1a: Venusaur|Earth Power|p2a: Blissey
|-damage|p2a: Blissey|88/100
|-damage|p1a: Venusaur|78/100|[from] item: Life Orb
|
|-weather|SunnyDay|[upkeep]
|-heal|p2a: Blissey|94/100|[from] item: Leftovers
|upkeep
|turn|19
|
|t:|1654515598
|switch|p2a: Corviknight|Corviknight, M, shiny|99/100
|-ability|p2a: Corviknight|Pressure
|move|p1a: Venusaur|Growth|p1a: Venusaur
|-boost|p1a: Venusaur|atk|2
|-boost|p1a: Venusaur|spa|2
|
|-weather|none
|-heal|p2a: Corviknight|100/100|[from] item: Leftovers
|upkeep
|turn|20
|
|t:|1654515604
|switch|p1a: Torkoal|Torkoal, F|28/100 tox
|-damage|p1a: Torkoal|4/100 tox|[from] Stealth Rock
|-weather|SunnyDay|[from] ability: Drought|[of] p1a: Torkoal
|move|p2a: Corviknight|U-turn|p1a: Torkoal
|-resisted|p1a: Torkoal
|-damage|p1a: Torkoal|0 fnt
|faint|p1a: Torkoal
|
|t:|1654515624
|switch|p2a: Xatu|Xatu, F, shiny|68/100|[from]move: U-turn
|
|-weather|SunnyDay|[upkeep]
|-heal|p2a: Xatu|74/100|[from] item: Leftovers
|upkeep
|
|t:|1654515632
|switch|p1a: Charizard|Charizard, F|100/100
|-damage|p1a: Charizard|51/100|[from] Stealth Rock
|turn|21
|inactive|xyz anxiety has 120 seconds left.
|
|t:|1654515668
|move|p1a: Charizard|Weather Ball|p2a: Xatu
|-damage|p2a: Xatu|0 fnt
|faint|p2a: Xatu
|
|-weather|SunnyDay|[upkeep]
|-damage|p1a: Charizard|38/100|[from] ability: Solar Power|[of] p1a: Charizard
|upkeep
|
|t:|1654515672
|switch|p2a: Blissey|Blissey, F, shiny|94/100
|turn|22
|
|t:|1654515683
|move|p1a: Charizard|Weather Ball|p2a: Blissey
|-damage|p2a: Blissey|39/100
|move|p2a: Blissey|Soft-Boiled|p2a: Blissey
|-heal|p2a: Blissey|89/100
|
|-weather|SunnyDay|[upkeep]
|-damage|p1a: Charizard|26/100|[from] ability: Solar Power|[of] p1a: Charizard
|-heal|p2a: Blissey|96/100|[from] item: Leftovers
|upkeep
|turn|23
|
|t:|1654515692
|switch|p1a: Venusaur|Venusaur, F|78/100
|-damage|p1a: Venusaur|66/100|[from] Stealth Rock
|move|p2a: Blissey|Soft-Boiled|p2a: Blissey
|-heal|p2a: Blissey|100/100
|
|-weather|SunnyDay|[upkeep]
|upkeep
|turn|24
|
|t:|1654515694
|move|p1a: Venusaur|Growth|p1a: Venusaur
|-boost|p1a: Venusaur|atk|2
|-boost|p1a: Venusaur|spa|2
|move|p2a: Blissey|Seismic Toss|p1a: Venusaur
|-damage|p1a: Venusaur|33/100
|
|-weather|SunnyDay|[upkeep]
|upkeep
|turn|25
|
|t:|1654515698
|move|p1a: Venusaur|Growth|p1a: Venusaur
|-boost|p1a: Venusaur|atk|2
|-boost|p1a: Venusaur|spa|2
|move|p2a: Blissey|Seismic Toss|p1a: Venusaur
|-damage|p1a: Venusaur|0 fnt
|faint|p1a: Venusaur
|
|-weather|SunnyDay|[upkeep]
|upkeep
|-message|Jagonite forfeited.
|
|win|xyz anxiety
|n|☆Jagonite|jagonite
|n|☆xyz anxiety|xyzanxiety
|n| Jugloo|jugloo
|l|☆Jagonite
