|raw|<div class="broadcast-blue"><strong>This battle is required to be public due to a player having a name starting with 'lt92pf'.</div>
|j|‽balerion1
|j|☆lt92pf star
|t:|1660240412
|gametype|singles
|player|p1|balerion1|ballguy|1834
|player|p2|lt92pf star|#ssdivserpents|1951
|teamsize|p1|6
|teamsize|p2|6
|gen|8
|tier|[Gen 8] OU
|rated|
|rule|Sleep Clause Mod: Limit one foe put to sleep
|rule|Species Clause: Limit one of each Pokémon
|rule|OHKO Clause: OHKO moves are banned
|rule|Evasion Items Clause: Evasion items are banned
|rule|Evasion Moves Clause: Evasion moves are banned
|rule|Endless Battle Clause: Forcing endless battles is banned
|rule|HP Percentage Mod: HP is shown in percentages
|rule|Dynamax Clause: You cannot dynamax
|clearpoke
|poke|p1|Corviknight, M|
|poke|p1|Espeon, F|
|poke|p1|Tapu Lele|
|poke|p1|Polteageist|
|poke|p1|Cloyster, M|
|poke|p1|Omastar, F|
|poke|p2|Tyranitar, F|
|poke|p2|Slowbro, M|
|poke|p2|Buzzwole|
|poke|p2|Ferrothorn, F|
|poke|p2|Excadrill, F|
|poke|p2|Tornadus-Therian, M|
|teampreview
|j| playa13
|j| rheysali
|j| yotsuba 420
|j| LT92PF Black Lotus
|j| Seleukus
|inactive|Battle timer is ON: inactive players will automatically lose when time's up. (requested by balerion1)
|l| LT92PF Black Lotus
|j| LT92PF Futility
|j| Madara
|l| LT92PF Futility
|j| Screaming light
|j| SkipTheDripBayless
|inactive|lt92pf star has 120 seconds left.
|j| BraveThunder
|j| Nick.see
|j| LT92PF rej
|l| Nick.see
|j| Nick.see
|inactive|lt92pf star has 90 seconds left.
|
|t:|1660240550
|start
|switch|p1a: Tapu Lele|Tapu Lele|100/100
|switch|p2a: Tornadus|Tornadus-Therian, M|100/100
|-fieldstart|move: Psychic Terrain|[from] ability: Psychic Surge|[of] p1a: Tapu Lele
|turn|1
|l| yotsuba 420
|
|t:|1660240554
|move|p2a: Tornadus|Knock Off|p1a: Tapu Lele
|-damage|p1a: Tapu Lele|64/100
|-enditem|p1a: Tapu Lele|Terrain Extender|[from] move: Knock Off|[of] p2a: Tornadus
|move|p1a: Tapu Lele|Thunderbolt|p2a: Tornadus
|-supereffective|p2a: Tornadus
|-damage|p2a: Tornadus|45/100
|
|upkeep
|turn|2
|
|t:|1660240560
|move|p2a: Tornadus|U-turn|p1a: Tapu Lele
|-damage|p1a: Tapu Lele|41/100
|
|t:|1660240563
|switch|p2a: Slowbro|Slowbro, M|100/100|[from]move: U-turn
|move|p1a: Tapu Lele|Future Sight|p2a: Slowbro
|-start|p1a: Tapu Lele|move: Future Sight
|
|upkeep
|turn|3
|
|t:|1660240578
|switch|p2a: Excadrill|Excadrill, F|100/100
|move|p1a: Tapu Lele|Thunderbolt|p2a: Excadrill
|-immune|p2a: Excadrill
|
|upkeep
|turn|4
|inactive|balerion1 has 120 seconds left.
|
|t:|1660240631
|switch|p1a: Espeon|Espeon, F|100/100
|move|p2a: Excadrill|Iron Head|p1a: Espeon
|-damage|p1a: Espeon|10/100
|-enditem|p1a: Espeon|Eject Button
|
|t:|1660240633
|switch|p1a: Omastar|Omastar, F|100/100
|
|-end|p2a: Excadrill|move: Future Sight
|-resisted|p2a: Excadrill
|-damage|p2a: Excadrill|50/100
|-heal|p2a: Excadrill|56/100|[from] item: Leftovers
|upkeep
|turn|5
|
|t:|1660240644
|move|p2a: Excadrill|Earthquake|p1a: Omastar
|-supereffective|p1a: Omastar
|-enditem|p1a: Omastar|Focus Sash
|-damage|p1a: Omastar|1/100
|-ability|p1a: Omastar|Weak Armor|boost
|-unboost|p1a: Omastar|def|1
|-boost|p1a: Omastar|spe|2
|move|p1a: Omastar|Shell Smash|p1a: Omastar
|-unboost|p1a: Omastar|def|1
|-unboost|p1a: Omastar|spd|1
|-boost|p1a: Omastar|atk|2
|-boost|p1a: Omastar|spa|2
|-boost|p1a: Omastar|spe|2
|
|-heal|p2a: Excadrill|62/100|[from] item: Leftovers
|upkeep
|turn|6
|inactive|balerion1 has 120 seconds left.
|l| Nick.see
|
|t:|1660240669
|switch|p2a: Tornadus|Tornadus-Therian, M|78/100
|move|p1a: Omastar|Earth Power|p2a: Tornadus
|-immune|p2a: Tornadus
|
|upkeep
|turn|7
|n| fuckmonsongawd|skipthedripbayless
|inactive|lt92pf star has 120 seconds left.
|
|t:|1660240696
|switch|p2a: Slowbro|Slowbro, M|100/100
|move|p1a: Omastar|Hydro Pump|p2a: Slowbro|[miss]
|-miss|p1a: Omastar|p2a: Slowbro
|
|upkeep
|turn|8
|inactive|balerion1 has 90 seconds left.
|j| Plasmeek
|inactive|balerion1 has 60 seconds left.
|
|t:|1660240750
|move|p1a: Omastar|Earth Power|p2a: Slowbro
|-damage|p2a: Slowbro|49/100
|move|p2a: Slowbro|Scald|p1a: Omastar
|-damage|p1a: Omastar|0 fnt
|faint|p1a: Omastar
|
|-fieldend|move: Psychic Terrain
|upkeep
|inactive|balerion1 has 60 seconds left.
|j| NigelThrnBerry
|
|t:|1660240785
|switch|p1a: Polteageist|Polteageist|100/100
|turn|9
|
|t:|1660240788
|switch|p2a: Tyranitar|Tyranitar, F|100/100
|-weather|Sandstorm|[from] ability: Sand Stream|[of] p2a: Tyranitar
|move|p1a: Polteageist|Giga Drain|p2a: Tyranitar
|-supereffective|p2a: Tyranitar
|-damage|p2a: Tyranitar|62/100
|
|-weather|Sandstorm|[upkeep]
|-damage|p1a: Polteageist|94/100|[from] Sandstorm
|upkeep
|turn|10
|
|t:|1660240799
|switch|p1a: Espeon|Espeon, F|10/100
|move|p2a: Tyranitar|Crunch|p1a: Espeon
|-supereffective|p1a: Espeon
|-damage|p1a: Espeon|0 fnt
|faint|p1a: Espeon
|
|-weather|Sandstorm|[upkeep]
|upkeep
|
|t:|1660240804
|switch|p1a: Tapu Lele|Tapu Lele|41/100
|-fieldstart|move: Psychic Terrain|[from] ability: Psychic Surge|[of] p1a: Tapu Lele
|turn|11
|
|t:|1660240808
|switch|p2a: Excadrill|Excadrill, F|62/100
|move|p1a: Tapu Lele|Moonblast|p2a: Excadrill
|-resisted|p2a: Excadrill
|-damage|p2a: Excadrill|26/100
|
|-weather|Sandstorm|[upkeep]
|-damage|p1a: Tapu Lele|35/100|[from] Sandstorm
|-heal|p2a: Excadrill|32/100|[from] item: Leftovers
|upkeep
|turn|12
|
|t:|1660240819
|switch|p1a: Corviknight|Corviknight, M|100/100
|-ability|p1a: Corviknight|Pressure
|move|p2a: Excadrill|Swords Dance|p2a: Excadrill
|-boost|p2a: Excadrill|atk|2
|
|-weather|Sandstorm|[upkeep]
|-heal|p2a: Excadrill|38/100|[from] item: Leftovers
|upkeep
|turn|13
|
|t:|1660240824
|switch|p1a: Tapu Lele|Tapu Lele|35/100
|move|p2a: Excadrill|Rock Slide|p1a: Tapu Lele
|-damage|p1a: Tapu Lele|0 fnt
|faint|p1a: Tapu Lele
|
|-weather|none
|-heal|p2a: Excadrill|45/100|[from] item: Leftovers
|upkeep
|
|t:|1660240828
|switch|p1a: Polteageist|Polteageist|94/100
|turn|14
|
|t:|1660240831
|move|p2a: Excadrill|Earthquake|p1a: Polteageist
|-damage|p1a: Polteageist|0 fnt
|faint|p1a: Polteageist
|
|-heal|p2a: Excadrill|51/100|[from] item: Leftovers
|upkeep
|
|t:|1660240832
|switch|p1a: Cloyster|Cloyster, M|100/100
|turn|15
|
|t:|1660240834
|move|p2a: Excadrill|Earthquake|p1a: Cloyster
|-enditem|p1a: Cloyster|Focus Sash
|-damage|p1a: Cloyster|1/100
|move|p1a: Cloyster|Shell Smash|p1a: Cloyster
|-unboost|p1a: Cloyster|def|1
|-unboost|p1a: Cloyster|spd|1
|-boost|p1a: Cloyster|atk|2
|-boost|p1a: Cloyster|spa|2
|-boost|p1a: Cloyster|spe|2
|
|-heal|p2a: Excadrill|57/100|[from] item: Leftovers
|-fieldend|move: Psychic Terrain
|upkeep
|turn|16
|l| Madara
|inactive|lt92pf star has 120 seconds left.
|inactive|lt92pf star has 90 seconds left.
|
|t:|1660240906
|move|p1a: Cloyster|Icicle Spear|p2a: Excadrill
|-damage|p2a: Excadrill|24/100
|-damage|p2a: Excadrill|0 fnt
|faint|p2a: Excadrill
|-hitcount|p2: Excadrill|2
|
|upkeep
|
|t:|1660240908
|switch|p2a: Slowbro|Slowbro, M|82/100
|turn|17
|
|t:|1660240910
|move|p1a: Cloyster|Rock Blast|p2a: Slowbro
|-damage|p2a: Slowbro|73/100
|-crit|p2a: Slowbro
|-damage|p2a: Slowbro|59/100
|-damage|p2a: Slowbro|49/100
|-damage|p2a: Slowbro|40/100
|-damage|p2a: Slowbro|30/100
|-hitcount|p2a: Slowbro|5
|move|p2a: Slowbro|Teleport|p2a: Slowbro
|
|t:|1660240913
|switch|p2a: Tyranitar|Tyranitar, F|62/100|[from]move: Teleport
|-weather|Sandstorm|[from] ability: Sand Stream|[of] p2a: Tyranitar
|
|-weather|Sandstorm|[upkeep]
|-damage|p1a: Cloyster|0 fnt|[from] Sandstorm
|faint|p1a: Cloyster
|upkeep
|
|t:|1660240914
|switch|p1a: Corviknight|Corviknight, M|100/100
|-ability|p1a: Corviknight|Pressure
|turn|18
|l| Screaming light
|l| NigelThrnBerry
|
|t:|1660240932
|move|p2a: Tyranitar|Stone Edge|p1a: Corviknight
|-damage|p1a: Corviknight|25/100
|move|p1a: Corviknight|Bulk Up|p1a: Corviknight
|-boost|p1a: Corviknight|atk|1
|-boost|p1a: Corviknight|def|1
|
|-weather|Sandstorm|[upkeep]
|-heal|p1a: Corviknight|31/100|[from] item: Leftovers
|upkeep
|turn|19
|
|t:|1660240935
|move|p2a: Tyranitar|Stone Edge|p1a: Corviknight|[miss]
|-miss|p2a: Tyranitar|p1a: Corviknight
|move|p1a: Corviknight|Roost|p1a: Corviknight
|-heal|p1a: Corviknight|81/100
|-singleturn|p1a: Corviknight|move: Roost
|
|-weather|Sandstorm|[upkeep]
|-heal|p1a: Corviknight|87/100|[from] item: Leftovers
|upkeep
|turn|20
|
|t:|1660240939
|move|p2a: Tyranitar|Stone Edge|p1a: Corviknight
|-damage|p1a: Corviknight|37/100
|move|p1a: Corviknight|Roost|p1a: Corviknight
|-heal|p1a: Corviknight|87/100
|-singleturn|p1a: Corviknight|move: Roost
|
|-weather|Sandstorm|[upkeep]
|-heal|p1a: Corviknight|93/100|[from] item: Leftovers
|upkeep
|turn|21
|
|t:|1660240943
|switch|p2a: Tornadus|Tornadus-Therian, M|100/100
|move|p1a: Corviknight|Bulk Up|p1a: Corviknight
|-boost|p1a: Corviknight|atk|1
|-boost|p1a: Corviknight|def|1
|
|-weather|none
|-heal|p1a: Corviknight|99/100|[from] item: Leftovers
|upkeep
|turn|22
|
|t:|1660240945
|move|p2a: Tornadus|Knock Off|p1a: Corviknight
|-damage|p1a: Corviknight|91/100
|-enditem|p1a: Corviknight|Leftovers|[from] move: Knock Off|[of] p2a: Tornadus
|move|p1a: Corviknight|Substitute|p1a: Corviknight
|-start|p1a: Corviknight|Substitute
|-damage|p1a: Corviknight|66/100
|
|upkeep
|turn|23
|
|t:|1660240950
|switch|p2a: Slowbro|Slowbro, M|64/100
|move|p1a: Corviknight|Bulk Up|p1a: Corviknight
|-boost|p1a: Corviknight|atk|1
|-boost|p1a: Corviknight|def|1
|
|upkeep
|turn|24
|
|t:|1660240954
|move|p1a: Corviknight|Bulk Up|p1a: Corviknight
|-boost|p1a: Corviknight|atk|1
|-boost|p1a: Corviknight|def|1
|move|p2a: Slowbro|Slack Off|p2a: Slowbro
|-heal|p2a: Slowbro|100/100
|
|upkeep
|turn|25
|
|t:|1660240981
|move|p1a: Corviknight|Bulk Up|p1a: Corviknight
|-boost|p1a: Corviknight|atk|1
|-boost|p1a: Corviknight|def|1
|move|p2a: Slowbro|Future Sight|p1a: Corviknight
|-start|p2a: Slowbro|move: Future Sight
|
|upkeep
|turn|26
|
|t:|1660240988
|move|p1a: Corviknight|Bulk Up|p1a: Corviknight
|-boost|p1a: Corviknight|atk|1
|-boost|p1a: Corviknight|def|1
|move|p2a: Slowbro|Scald|p1a: Corviknight
|-activate|p1a: Corviknight|move: Substitute|[damage]
|
|upkeep
|turn|27
|
|t:|1660240995
|move|p1a: Corviknight|Brave Bird|p2a: Slowbro
|-damage|p2a: Slowbro|10/100
|-damage|p1a: Corviknight|37/100|[from] Recoil
|move|p2a: Slowbro|Teleport|p2a: Slowbro
|
|t:|1660241017
|switch|p2a: Tyranitar|Tyranitar, F|62/100|[from]move: Teleport
|-weather|Sandstorm|[from] ability: Sand Stream|[of] p2a: Tyranitar
|
|-weather|Sandstorm|[upkeep]
|-end|p1a: Corviknight|move: Future Sight
|-resisted|p1a: Corviknight
|-end|p1a: Corviknight|Substitute
|upkeep
|turn|28
|j| LT92pf po
|
|t:|1660241026
|move|p2a: Tyranitar|Stone Edge|p1a: Corviknight|[miss]
|-miss|p2a: Tyranitar|p1a: Corviknight
|move|p1a: Corviknight|Roost|p1a: Corviknight
|-heal|p1a: Corviknight|87/100
|-singleturn|p1a: Corviknight|move: Roost
|
|-weather|Sandstorm|[upkeep]
|upkeep
|turn|29
|
|t:|1660241028
|switch|p2a: Slowbro|Slowbro, M|44/100
|move|p1a: Corviknight|Substitute|p1a: Corviknight
|-start|p1a: Corviknight|Substitute
|-damage|p1a: Corviknight|62/100
|
|-weather|Sandstorm|[upkeep]
|-damage|p2a: Slowbro|38/100|[from] Sandstorm
|upkeep
|turn|30
|
|t:|1660241031
|move|p1a: Corviknight|Brave Bird|p2a: Slowbro
|-damage|p2a: Slowbro|0 fnt
|faint|p2a: Slowbro
|-damage|p1a: Corviknight|50/100|[from] Recoil
|
|-weather|Sandstorm|[upkeep]
|upkeep
|
|t:|1660241035
|switch|p2a: Tyranitar|Tyranitar, F|62/100
|turn|31
|
|t:|1660241037
|move|p2a: Tyranitar|Crunch|p1a: Corviknight
|-activate|p1a: Corviknight|move: Substitute|[damage]
|move|p1a: Corviknight|Roost|p1a: Corviknight
|-heal|p1a: Corviknight|99/100
|-singleturn|p1a: Corviknight|move: Roost
|
|-weather|none
|upkeep
|turn|32
|
|t:|1660241039
|move|p2a: Tyranitar|Crunch|p1a: Corviknight
|-end|p1a: Corviknight|Substitute
|move|p1a: Corviknight|Substitute|p1a: Corviknight
|-start|p1a: Corviknight|Substitute
|-damage|p1a: Corviknight|75/100
|
|upkeep
|turn|33
|
|t:|1660241042
|move|p2a: Tyranitar|Crunch|p1a: Corviknight
|-activate|p1a: Corviknight|move: Substitute|[damage]
|move|p1a: Corviknight|Brave Bird|p2a: Tyranitar
|-resisted|p2a: Tyranitar
|-damage|p2a: Tyranitar|0 fnt
|faint|p2a: Tyranitar
|-damage|p1a: Corviknight|57/100|[from] Recoil
|
|upkeep
|
|t:|1660241050
|switch|p2a: Buzzwole|Buzzwole|100/100
|turn|34
|
|t:|1660241056
|move|p2a: Buzzwole|Close Combat|p1a: Corviknight
|-end|p1a: Corviknight|Substitute
|-unboost|p2a: Buzzwole|def|1
|-unboost|p2a: Buzzwole|spd|1
|move|p1a: Corviknight|Roost|p1a: Corviknight
|-heal|p1a: Corviknight|100/100
|-singleturn|p1a: Corviknight|move: Roost
|
|upkeep
|turn|35
|
|t:|1660241061
|move|p2a: Buzzwole|Ice Punch|p1a: Corviknight
|-damage|p1a: Corviknight|95/100
|move|p1a: Corviknight|Substitute|p1a: Corviknight
|-start|p1a: Corviknight|Substitute
|-damage|p1a: Corviknight|70/100
|
|upkeep
|turn|36
|inactive|balerion1 has 120 seconds left.
|
|t:|1660241104
|move|p2a: Buzzwole|Close Combat|p1a: Corviknight
|-activate|p1a: Corviknight|move: Substitute|[damage]
|-unboost|p2a: Buzzwole|def|1
|-unboost|p2a: Buzzwole|spd|1
|move|p1a: Corviknight|Bulk Up|p1a: Corviknight
|-boost|p1a: Corviknight|atk|0
|-boost|p1a: Corviknight|def|0
|
|upkeep
|turn|37
|
|t:|1660241109
|move|p2a: Buzzwole|Close Combat|p1a: Corviknight
|-activate|p1a: Corviknight|move: Substitute|[damage]
|-unboost|p2a: Buzzwole|def|1
|-unboost|p2a: Buzzwole|spd|1
|move|p1a: Corviknight|Substitute|p1a: Corviknight
|-fail|p1a: Corviknight|move: Substitute
|
|upkeep
|turn|38
|inactive|balerion1 has 120 seconds left.
|
|t:|1660241148
|move|p2a: Buzzwole|Ice Punch|p1a: Corviknight
|-end|p1a: Corviknight|Substitute
|move|p1a: Corviknight|Substitute|p1a: Corviknight
|-start|p1a: Corviknight|Substitute
|-damage|p1a: Corviknight|45/100
|
|upkeep
|turn|39
|
|t:|1660241163
|switch|p2a: Tornadus|Tornadus-Therian, M|100/100
|move|p1a: Corviknight|Roost|p1a: Corviknight
|-heal|p1a: Corviknight|95/100
|-singleturn|p1a: Corviknight|move: Roost
|
|upkeep
|turn|40
|
|t:|1660241166
|move|p2a: Tornadus|U-turn|p1a: Corviknight
|-resisted|p1a: Corviknight
|-activate|p1a: Corviknight|move: Substitute|[damage]
|
|t:|1660241168
|switch|p2a: Ferrothorn|Ferrothorn, F|100/100|[from]move: U-turn
|move|p1a: Corviknight|Brave Bird|p2a: Ferrothorn
|-damage|p2a: Ferrothorn|13/100
|-damage|p1a: Corviknight|82/100|[from] ability: Iron Barbs|[of] p2a: Ferrothorn
|-damage|p1a: Corviknight|57/100|[from] Recoil
|
|-heal|p2a: Ferrothorn|19/100|[from] item: Leftovers
|upkeep
|turn|41
|
|t:|1660241171
|move|p1a: Corviknight|Brave Bird|p2a: Ferrothorn
|-damage|p2a: Ferrothorn|0 fnt
|-damage|p1a: Corviknight|44/100|[from] ability: Iron Barbs|[of] p2a: Ferrothorn
|faint|p2a: Ferrothorn
|-damage|p1a: Corviknight|39/100|[from] Recoil
|
|upkeep
|
|t:|1660241176
|switch|p2a: Buzzwole|Buzzwole|100/100
|turn|42
|
|t:|1660241178
|move|p2a: Buzzwole|Close Combat|p1a: Corviknight
|-activate|p1a: Corviknight|move: Substitute|[damage]
|-unboost|p2a: Buzzwole|def|1
|-unboost|p2a: Buzzwole|spd|1
|move|p1a: Corviknight|Roost|p1a: Corviknight
|-heal|p1a: Corviknight|89/100
|-singleturn|p1a: Corviknight|move: Roost
|
|upkeep
|turn|43
|
|t:|1660241180
|move|p2a: Buzzwole|Ice Punch|p1a: Corviknight
|-activate|p1a: Corviknight|move: Substitute|[damage]
|move|p1a: Corviknight|Brave Bird|p2a: Buzzwole
|-supereffective|p2a: Buzzwole
|-damage|p2a: Buzzwole|0 fnt
|-damage|p1a: Corviknight|73/100|[from] item: Rocky Helmet|[of] p2a: Buzzwole
|faint|p2a: Buzzwole
|-damage|p1a: Corviknight|38/100|[from] Recoil
|
|upkeep
|-message|lt92pf star forfeited.
|
|win|balerion1
|raw|balerion1's rating: 1849 &rarr; <strong>1875</strong><br />(+26 for winning)
|raw|lt92pf star's rating: 1951 &rarr; <strong>1925</strong><br />(-26 for losing)
|l|☆lt92pf star
|l| rheysali
|l| playa13
|l| Seleukus
||Ladder isn't responding, score probably updated but might not have (Request timeout).
