|raw|<div class="broadcast-blue"><strong>This battle is required to be public due to a player having a name starting with 'lt83aq'.</div>
|j|☆LT83AQ Chansey
|j|☆Lenape
|t:|1626891982
|gametype|singles
|player|p1|LT83AQ Chansey|dawn|1775
|player|p2|Lenape|102|1794
|teamsize|p1|6
|teamsize|p2|6
|gen|8
|tier|[Gen 8] OU
|rated|
|rule|Sleep Clause Mod: Limit one foe put to sleep
|rule|Species Clause: Limit one of each Pokémon
|rule|OHKO Clause: OHKO moves are banned
|rule|Evasion Moves Clause: Evasion moves are banned
|rule|Endless Battle Clause: Forcing endless battles is banned
|rule|HP Percentage Mod: HP is shown in percentages
|rule|Dynamax Clause: You cannot dynamax
|clearpoke
|poke|p1|Scizor, M|
|poke|p1|Toxapex, M|
|poke|p1|Clefable, F|
|poke|p1|Hippowdon, M|
|poke|p1|Skarmory, M|
|poke|p1|Tapu Koko|
|poke|p2|Rotom-Heat|
|poke|p2|Corviknight, M|
|poke|p2|Sylveon, F|
|poke|p2|Rhyperior, M|
|poke|p2|Toxapex, F|
|poke|p2|Umbreon, M|
|teampreview
|
|t:|1626891990
|start
|switch|p1a: Hippowdon|Hippowdon, M|100/100
|switch|p2a: Rotom|Rotom-Heat|100/100
|-weather|Sandstorm|[from] ability: Sand Stream|[of] p1a: Hippowdon
|turn|1
|
|t:|1626891998
|switch|p1a: Clefable|Clefable, F|100/100
|move|p2a: Rotom|Trick|p1a: Clefable
|-activate|p2a: Rotom|move: Trick|[of] p1a: Clefable
|-item|p1a: Clefable|Choice Scarf|[from] move: Trick
|-item|p2a: Rotom|Leftovers|[from] move: Trick
|
|-weather|Sandstorm|[upkeep]
|-damage|p2a: Rotom|94/100|[from] Sandstorm
|-heal|p2a: Rotom|100/100|[from] item: Leftovers
|upkeep
|turn|2
|
|t:|1626892006
|move|p1a: Clefable|Knock Off|p2a: Rotom
|-damage|p2a: Rotom|86/100
|-enditem|p2a: Rotom|Leftovers|[from] move: Knock Off|[of] p1a: Clefable
|move|p2a: Rotom|Discharge|p1a: Clefable
|-damage|p1a: Clefable|79/100
|-status|p1a: Clefable|par
|
|-weather|Sandstorm|[upkeep]
|-damage|p2a: Rotom|80/100|[from] Sandstorm
|upkeep
|turn|3
|inactive|Battle timer is ON: inactive players will automatically lose when time's up. (requested by Lenape)
|
|t:|1626892013
|move|p2a: Rotom|Will-O-Wisp||[still]
|-fail|p2a: Rotom
|move|p1a: Clefable|Knock Off|p2a: Rotom
|-damage|p2a: Rotom|72/100
|
|-weather|Sandstorm|[upkeep]
|-damage|p2a: Rotom|65/100|[from] Sandstorm
|upkeep
|turn|4
|
|t:|1626892040
|switch|p1a: Toxapex|Toxapex, M|100/100
|move|p2a: Rotom|Discharge|p1a: Toxapex
|-supereffective|p1a: Toxapex
|-damage|p1a: Toxapex|59/100
|
|-weather|Sandstorm|[upkeep]
|-damage|p2a: Rotom|59/100|[from] Sandstorm
|-damage|p1a: Toxapex|53/100|[from] Sandstorm
|-heal|p1a: Toxapex|59/100|[from] item: Black Sludge
|upkeep
|turn|5
|j| cypher153
|l| cypher153
|
|t:|1626892057
|move|p2a: Rotom|Discharge|p1a: Toxapex
|-supereffective|p1a: Toxapex
|-damage|p1a: Toxapex|19/100
|-status|p1a: Toxapex|par
|move|p1a: Toxapex|Light Screen|p1a: Toxapex
|-sidestart|p1: LT83AQ Chansey|move: Light Screen
|
|-weather|none
|-heal|p1a: Toxapex|25/100 par|[from] item: Black Sludge
|upkeep
|turn|6
|
|t:|1626892069
|switch|p1a: Tapu Koko|Tapu Koko|100/100
|-fieldstart|move: Electric Terrain|[from] ability: Electric Surge|[of] p1a: Tapu Koko
|move|p2a: Rotom|Discharge|p1a: Tapu Koko
|-resisted|p1a: Tapu Koko
|-damage|p1a: Tapu Koko|89/100
|
|upkeep
|turn|7
|
|t:|1626892081
|switch|p2a: Rhyperior|Rhyperior, M|100/100
|move|p1a: Tapu Koko|U-turn|p2a: Rhyperior
|-damage|p2a: Rhyperior|91/100
|
|t:|1626892086
|switch|p1a: Hippowdon|Hippowdon, M|100/100|[from]move: U-turn
|-weather|Sandstorm|[from] ability: Sand Stream|[of] p1a: Hippowdon
|
|-weather|Sandstorm|[upkeep]
|-heal|p2a: Rhyperior|97/100|[from] item: Leftovers
|upkeep
|turn|8
|
|t:|1626892099
|switch|p2a: Rotom|Rotom-Heat|59/100
|move|p1a: Hippowdon|Stealth Rock|p2a: Rotom
|-sidestart|p2: Lenape|move: Stealth Rock
|
|-weather|Sandstorm|[upkeep]
|-damage|p2a: Rotom|53/100|[from] Sandstorm
|upkeep
|turn|9
|
|t:|1626892110
|switch|p1a: Clefable|Clefable, F|79/100 par
|move|p2a: Rotom|Defog|p1a: Clefable
|-unboost|p1a: Clefable|evasion|1
|-sideend|p1: LT83AQ Chansey|move: Light Screen
|-sideend|p2: Lenape|Stealth Rock|[from] move: Defog|[of] p2a: Rotom
|-fieldend|move: Electric Terrain
|
|-weather|Sandstorm|[upkeep]
|-damage|p2a: Rotom|47/100|[from] Sandstorm
|upkeep
|turn|10
|
|t:|1626892122
|move|p2a: Rotom|Discharge|p1a: Clefable
|-damage|p1a: Clefable|57/100 par
|move|p1a: Clefable|Soft-Boiled|p1a: Clefable
|-heal|p1a: Clefable|100/100 par
|
|-weather|Sandstorm|[upkeep]
|-damage|p2a: Rotom|40/100|[from] Sandstorm
|upkeep
|turn|11
|
|t:|1626892134
|switch|p2a: Umbreon|Umbreon, M|100/100
|move|p1a: Clefable|Soft-Boiled||[still]
|-fail|p1a: Clefable|heal
|
|-weather|none
|upkeep
|turn|12
|
|t:|1626892139
|switch|p1a: Skarmory|Skarmory, M|100/100
|move|p2a: Umbreon|Wish|p2a: Umbreon
|
|upkeep
|turn|13
|
|t:|1626892143
|switch|p2a: Rotom|Rotom-Heat|40/100
|move|p1a: Skarmory|Whirlwind|p2a: Rotom
|drag|p2a: Sylveon|Sylveon, F|100/100
|
|upkeep
|turn|14
|
|t:|1626892158
|switch|p1a: Toxapex|Toxapex, M|58/100 par
|move|p2a: Sylveon|Wish|p2a: Sylveon
|
|-heal|p1a: Toxapex|65/100 par|[from] item: Black Sludge
|upkeep
|turn|15
|inactive|LT83AQ Chansey has 120 seconds left.
|
|t:|1626892191
|switch|p2a: Rotom|Rotom-Heat|40/100
|switch|p1a: Hippowdon|Hippowdon, M|100/100
|-weather|Sandstorm|[from] ability: Sand Stream|[of] p1a: Hippowdon
|
|-weather|Sandstorm|[upkeep]
|-damage|p2a: Rotom|34/100|[from] Sandstorm
|-heal|p2a: Rotom|99/100|[from] move: Wish|[wisher] Sylveon
|upkeep
|turn|16
|
|t:|1626892199
|move|p2a: Rotom|Will-O-Wisp|p1a: Hippowdon
|-status|p1a: Hippowdon|brn
|move|p1a: Hippowdon|Toxic|p2a: Rotom|[miss]
|-miss|p1a: Hippowdon|p2a: Rotom
|
|-weather|Sandstorm|[upkeep]
|-damage|p2a: Rotom|93/100|[from] Sandstorm
|-damage|p1a: Hippowdon|94/100 brn|[from] brn
|upkeep
|turn|17
|
|t:|1626892207
|switch|p2a: Corviknight|Corviknight, M|100/100
|-ability|p2a: Corviknight|Pressure
|move|p1a: Hippowdon|Stealth Rock|p2a: Corviknight
|-sidestart|p2: Lenape|move: Stealth Rock
|
|-weather|Sandstorm|[upkeep]
|-damage|p1a: Hippowdon|88/100 brn|[from] brn
|upkeep
|turn|18
|inactive|LT83AQ Chansey has 120 seconds left.
|c|☆Lenape|I see
|inactive|LT83AQ Chansey has 90 seconds left.
|c|☆Lenape|You are playing a lifetime on showdown
|inactive|LT83AQ Chansey has 60 seconds left.
|
|t:|1626892299
|switch|p1a: Tapu Koko|Tapu Koko|89/100
|-fieldstart|move: Electric Terrain|[from] ability: Electric Surge|[of] p1a: Tapu Koko
|move|p2a: Corviknight|Brave Bird|p1a: Tapu Koko
|-resisted|p1a: Tapu Koko
|-damage|p1a: Tapu Koko|42/100
|-damage|p2a: Corviknight|89/100|[from] Recoil
|-damage|p2a: Corviknight|79/100|[from] item: Life Orb
|
|-weather|Sandstorm|[upkeep]
|-damage|p1a: Tapu Koko|36/100|[from] Sandstorm
|upkeep
|turn|19
|
|t:|1626892308
|switch|p2a: Rhyperior|Rhyperior, M|97/100
|-damage|p2a: Rhyperior|91/100|[from] Stealth Rock
|move|p1a: Tapu Koko|Thunderbolt|p2a: Rhyperior
|-immune|p2a: Rhyperior
|
|-weather|none
|-heal|p2a: Rhyperior|97/100|[from] item: Leftovers
|upkeep
|turn|20
|
|t:|1626892312
|move|p1a: Tapu Koko|U-turn|p2a: Rhyperior
|-damage|p2a: Rhyperior|87/100
|inactive|LT83AQ Chansey has 60 seconds left.
|
|t:|1626892323
|switch|p1a: Skarmory|Skarmory, M|100/100|[from]move: U-turn
|move|p2a: Rhyperior|Stealth Rock|p1a: Skarmory
|-sidestart|p1: LT83AQ Chansey|move: Stealth Rock
|
|-heal|p2a: Rhyperior|93/100|[from] item: Leftovers
|upkeep
|turn|21
|inactive|LT83AQ Chansey has 60 seconds left.
|
|t:|1626892334
|switch|p2a: Toxapex|Toxapex, F|100/100
|-damage|p2a: Toxapex|88/100|[from] Stealth Rock
|move|p1a: Skarmory|Spikes|p2a: Toxapex
|-sidestart|p2: Lenape|Spikes
|
|-heal|p2a: Toxapex|94/100|[from] item: Black Sludge
|upkeep
|turn|22
|inactive|LT83AQ Chansey has 60 seconds left.
|
|t:|1626892347
|switch|p1a: Clefable|Clefable, F|100/100 par
|move|p2a: Toxapex|Scald|p1a: Clefable
|-damage|p1a: Clefable|86/100 par
|
|-heal|p2a: Toxapex|100/100|[from] item: Black Sludge
|-fieldend|move: Electric Terrain
|upkeep
|turn|23
|
|t:|1626892355
|switch|p1a: Hippowdon|Hippowdon, M|88/100 brn
|-weather|Sandstorm|[from] ability: Sand Stream|[of] p1a: Hippowdon
|move|p2a: Toxapex|Baneful Bunker||[still]
|-fail|p2a: Toxapex
|
|-weather|Sandstorm|[upkeep]
|-damage|p2a: Toxapex|94/100|[from] Sandstorm
|-heal|p2a: Toxapex|100/100|[from] item: Black Sludge
|-damage|p1a: Hippowdon|82/100 brn|[from] brn
|upkeep
|turn|24
|
|t:|1626892364
|switch|p1a: Clefable|Clefable, F|86/100 par
|move|p2a: Toxapex|Scald|p1a: Clefable
|-damage|p1a: Clefable|72/100 par
|
|-weather|Sandstorm|[upkeep]
|-damage|p2a: Toxapex|94/100|[from] Sandstorm
|-heal|p2a: Toxapex|100/100|[from] item: Black Sludge
|upkeep
|turn|25
|
|t:|1626892371
|move|p2a: Toxapex|Baneful Bunker|p2a: Toxapex
|-singleturn|p2a: Toxapex|move: Protect
|move|p1a: Clefable|Soft-Boiled|p1a: Clefable
|-heal|p1a: Clefable|100/100 par
|
|-weather|Sandstorm|[upkeep]
|-damage|p2a: Toxapex|94/100|[from] Sandstorm
|-heal|p2a: Toxapex|100/100|[from] item: Black Sludge
|upkeep
|turn|26
|
|t:|1626892374
|switch|p1a: Toxapex|Toxapex, M|98/100 par
|-damage|p1a: Toxapex|85/100 par|[from] Stealth Rock
|move|p2a: Toxapex|Scald|p1a: Toxapex
|-resisted|p1a: Toxapex
|-damage|p1a: Toxapex|79/100 par
|
|-weather|Sandstorm|[upkeep]
|-damage|p2a: Toxapex|94/100|[from] Sandstorm
|-damage|p1a: Toxapex|73/100 par|[from] Sandstorm
|-heal|p2a: Toxapex|100/100|[from] item: Black Sludge
|-heal|p1a: Toxapex|79/100 par|[from] item: Black Sludge
|upkeep
|turn|27
|inactive|LT83AQ Chansey has 90 seconds left.
|
|t:|1626892381
|switch|p2a: Corviknight|Corviknight, M|79/100
|-damage|p2a: Corviknight|67/100|[from] Stealth Rock
|-ability|p2a: Corviknight|Pressure
|cant|p1a: Toxapex|par
|
|-weather|none
|-heal|p1a: Toxapex|86/100 par|[from] item: Black Sludge
|upkeep
|turn|28
|j| pH Ryan
|l| pH Ryan
|
|t:|1626892393
|move|p2a: Corviknight|Substitute|p2a: Corviknight
|-start|p2a: Corviknight|Substitute
|-damage|p2a: Corviknight|42/100
|move|p1a: Toxapex|Scald|p2a: Corviknight
|-activate|p2a: Corviknight|move: Substitute|[damage]
|
|-heal|p1a: Toxapex|92/100 par|[from] item: Black Sludge
|upkeep
|turn|29
|
|t:|1626892402
|move|p2a: Corviknight|Roost|p2a: Corviknight
|-heal|p2a: Corviknight|92/100
|-singleturn|p2a: Corviknight|move: Roost
|move|p1a: Toxapex|Scald|p2a: Corviknight
|-end|p2a: Corviknight|Substitute
|
|-heal|p1a: Toxapex|98/100 par|[from] item: Black Sludge
|upkeep
|turn|30
|
|t:|1626892407
|switch|p1a: Skarmory|Skarmory, M|100/100
|-damage|p1a: Skarmory|88/100|[from] Stealth Rock
|move|p2a: Corviknight|Substitute|p2a: Corviknight
|-start|p2a: Corviknight|Substitute
|-damage|p2a: Corviknight|67/100
|
|upkeep
|turn|31
|
|t:|1626892410
|move|p2a: Corviknight|Roost|p2a: Corviknight
|-heal|p2a: Corviknight|100/100
|-singleturn|p2a: Corviknight|move: Roost
|move|p1a: Skarmory|Whirlwind|p2a: Corviknight
|drag|p2a: Toxapex|Toxapex, F|100/100
|-damage|p2a: Toxapex|88/100|[from] Spikes
|-damage|p2a: Toxapex|75/100|[from] Stealth Rock
|
|-heal|p2a: Toxapex|82/100|[from] item: Black Sludge
|upkeep
|turn|32
|
|t:|1626892416
|switch|p1a: Toxapex|Toxapex, M|100/100 par
|-damage|p1a: Toxapex|88/100 par|[from] Stealth Rock
|move|p2a: Toxapex|Scald|p1a: Toxapex
|-resisted|p1a: Toxapex
|-damage|p1a: Toxapex|83/100 par
|
|-heal|p2a: Toxapex|88/100|[from] item: Black Sludge
|-heal|p1a: Toxapex|89/100 par|[from] item: Black Sludge
|upkeep
|turn|33
|
|t:|1626892420
|switch|p2a: Corviknight|Corviknight, M|100/100
|-damage|p2a: Corviknight|88/100|[from] Stealth Rock
|-ability|p2a: Corviknight|Pressure
|move|p1a: Toxapex|Scald|p2a: Corviknight
|-damage|p2a: Corviknight|72/100
|-status|p2a: Corviknight|brn
|
|-heal|p1a: Toxapex|95/100 par|[from] item: Black Sludge
|-damage|p2a: Corviknight|66/100 brn|[from] brn
|upkeep
|turn|34
|
|t:|1626892425
|switch|p1a: Skarmory|Skarmory, M|88/100
|-damage|p1a: Skarmory|76/100|[from] Stealth Rock
|move|p2a: Corviknight|Roost|p2a: Corviknight
|-heal|p2a: Corviknight|100/100 brn
|-singleturn|p2a: Corviknight|move: Roost
|
|-damage|p2a: Corviknight|94/100 brn|[from] brn
|upkeep
|turn|35
|
|t:|1626892432
|switch|p2a: Rotom|Rotom-Heat|93/100
|-damage|p2a: Rotom|68/100|[from] Stealth Rock
|move|p1a: Skarmory|Body Press|p2a: Rotom
|-damage|p2a: Rotom|41/100
|
|upkeep
|turn|36
|
|t:|1626892440
|switch|p1a: Hippowdon|Hippowdon, M|82/100 brn
|-weather|Sandstorm|[from] ability: Sand Stream|[of] p1a: Hippowdon
|move|p2a: Rotom|Defog|p1a: Hippowdon
|-unboost|p1a: Hippowdon|evasion|1
|-sideend|p1: LT83AQ Chansey|Stealth Rock|[from] move: Defog|[of] p2a: Rotom
|-sideend|p2: Lenape|Spikes|[from] move: Defog|[of] p2a: Rotom
|-sideend|p2: Lenape|Stealth Rock|[from] move: Defog|[of] p2a: Rotom
|
|-weather|Sandstorm|[upkeep]
|-damage|p2a: Rotom|34/100|[from] Sandstorm
|-damage|p1a: Hippowdon|76/100 brn|[from] brn
|upkeep
|turn|37
|
|t:|1626892445
|switch|p2a: Umbreon|Umbreon, M|100/100
|move|p1a: Hippowdon|Stealth Rock|p2a: Umbreon
|-sidestart|p2: Lenape|move: Stealth Rock
|
|-weather|Sandstorm|[upkeep]
|-damage|p2a: Umbreon|94/100|[from] Sandstorm
|-heal|p2a: Umbreon|100/100|[from] item: Leftovers
|-damage|p1a: Hippowdon|69/100 brn|[from] brn
|upkeep
|turn|38
|
|t:|1626892450
|switch|p1a: Skarmory|Skarmory, M|76/100
|move|p2a: Umbreon|Heal Bell|p2a: Umbreon
|-activate|p2a: Umbreon|move: Heal Bell
|-curestatus|p2: Corviknight|brn|[msg]
|
|-weather|Sandstorm|[upkeep]
|-damage|p2a: Umbreon|94/100|[from] Sandstorm
|-heal|p2a: Umbreon|100/100|[from] item: Leftovers
|upkeep
|turn|39
|
|t:|1626892454
|move|p1a: Skarmory|Body Press|p2a: Umbreon
|-supereffective|p2a: Umbreon
|-damage|p2a: Umbreon|62/100
|move|p2a: Umbreon|Wish|p2a: Umbreon
|
|-weather|Sandstorm|[upkeep]
|-damage|p2a: Umbreon|56/100|[from] Sandstorm
|-heal|p2a: Umbreon|62/100|[from] item: Leftovers
|upkeep
|turn|40
|
|t:|1626892458
|move|p2a: Umbreon|Foul Play|p1a: Skarmory
|-damage|p1a: Skarmory|65/100
|-damage|p2a: Umbreon|45/100|[from] item: Rocky Helmet|[of] p1a: Skarmory
|move|p1a: Skarmory|Whirlwind|p2a: Umbreon
|drag|p2a: Corviknight|Corviknight, M|94/100
|-damage|p2a: Corviknight|82/100|[from] Stealth Rock
|-ability|p2a: Corviknight|Pressure
|
|-weather|none
|-heal|p2a: Corviknight|100/100|[from] move: Wish|[wisher] Umbreon
|upkeep
|turn|41
|
|t:|1626892463
|move|p1a: Skarmory|Roost|p1a: Skarmory
|-heal|p1a: Skarmory|100/100
|-singleturn|p1a: Skarmory|move: Roost
|move|p2a: Corviknight|Bulk Up|p2a: Corviknight
|-boost|p2a: Corviknight|atk|1
|-boost|p2a: Corviknight|def|1
|
|upkeep
|turn|42
|
|t:|1626892467
|move|p2a: Corviknight|Bulk Up|p2a: Corviknight
|-boost|p2a: Corviknight|atk|1
|-boost|p2a: Corviknight|def|1
|move|p1a: Skarmory|Whirlwind|p2a: Corviknight
|drag|p2a: Umbreon|Umbreon, M|45/100
|-damage|p2a: Umbreon|33/100|[from] Stealth Rock
|
|-heal|p2a: Umbreon|39/100|[from] item: Leftovers
|upkeep
|turn|43
|
|t:|1626892471
|move|p2a: Umbreon|Protect|p2a: Umbreon
|-singleturn|p2a: Umbreon|Protect
|move|p1a: Skarmory|Body Press|p2a: Umbreon
|-activate|p2a: Umbreon|move: Protect
|
|-heal|p2a: Umbreon|45/100|[from] item: Leftovers
|upkeep
|turn|44
|
|t:|1626892474
|switch|p2a: Toxapex|Toxapex, F|100/100
|-damage|p2a: Toxapex|88/100|[from] Stealth Rock
|move|p1a: Skarmory|Whirlwind|p2a: Toxapex
|drag|p2a: Umbreon|Umbreon, M|45/100
|-damage|p2a: Umbreon|33/100|[from] Stealth Rock
|
|-heal|p2a: Umbreon|39/100|[from] item: Leftovers
|upkeep
|turn|45
|
|t:|1626892481
|move|p2a: Umbreon|Protect|p2a: Umbreon
|-singleturn|p2a: Umbreon|Protect
|move|p1a: Skarmory|Whirlwind|p2a: Umbreon
|drag|p2a: Toxapex|Toxapex, F|100/100
|-damage|p2a: Toxapex|88/100|[from] Stealth Rock
|
|-heal|p2a: Toxapex|94/100|[from] item: Black Sludge
|upkeep
|turn|46
|
|t:|1626892502
|move|p1a: Skarmory|Body Press|p2a: Toxapex
|-resisted|p2a: Toxapex
|-damage|p2a: Toxapex|85/100
|move|p2a: Toxapex|Scald|p1a: Skarmory
|-damage|p1a: Skarmory|79/100
|
|-heal|p2a: Toxapex|91/100|[from] item: Black Sludge
|upkeep
|turn|47
|
|t:|1626892506
|switch|p1a: Toxapex|Toxapex, M|100/100 par
|move|p2a: Toxapex|Scald|p1a: Toxapex
|-resisted|p1a: Toxapex
|-damage|p1a: Toxapex|95/100 par
|
|-heal|p2a: Toxapex|97/100|[from] item: Black Sludge
|-heal|p1a: Toxapex|100/100 par|[from] item: Black Sludge
|upkeep
|turn|48
|
|t:|1626892510
|switch|p2a: Umbreon|Umbreon, M|39/100
|-damage|p2a: Umbreon|26/100|[from] Stealth Rock
|cant|p1a: Toxapex|par
|
|-heal|p2a: Umbreon|32/100|[from] item: Leftovers
|upkeep
|turn|49
|
|t:|1626892522
|switch|p1a: Skarmory|Skarmory, M|79/100
|move|p2a: Umbreon|Wish|p2a: Umbreon
|
|-heal|p2a: Umbreon|39/100|[from] item: Leftovers
|upkeep
|turn|50
|
|t:|1626892528
|move|p2a: Umbreon|Protect|p2a: Umbreon
|-singleturn|p2a: Umbreon|Protect
|move|p1a: Skarmory|Whirlwind|p2a: Umbreon
|drag|p2a: Sylveon|Sylveon, F|100/100
|-damage|p2a: Sylveon|88/100|[from] Stealth Rock
|
|-heal|p2a: Sylveon|100/100|[from] move: Wish|[wisher] Umbreon
|upkeep
|turn|51
|
|t:|1626892538
|switch|p1a: Toxapex|Toxapex, M|100/100 par
|move|p2a: Sylveon|Wish|p2a: Sylveon
|
|upkeep
|turn|52
|
|t:|1626892544
|switch|p2a: Rotom|Rotom-Heat|34/100
|-damage|p2a: Rotom|9/100|[from] Stealth Rock
|move|p1a: Toxapex|Scald|p2a: Rotom
|-supereffective|p2a: Rotom
|-damage|p2a: Rotom|0 fnt
|faint|p2a: Rotom
|
|upkeep
|
|t:|1626892546
|switch|p2a: Corviknight|Corviknight, M|100/100
|-damage|p2a: Corviknight|88/100|[from] Stealth Rock
|-ability|p2a: Corviknight|Pressure
|turn|53
|
|t:|1626892559
|switch|p1a: Skarmory|Skarmory, M|79/100
|move|p2a: Corviknight|Substitute|p2a: Corviknight
|-start|p2a: Corviknight|Substitute
|-damage|p2a: Corviknight|63/100
|
|upkeep
|turn|54
|
|t:|1626892561
|move|p2a: Corviknight|Roost|p2a: Corviknight
|-heal|p2a: Corviknight|100/100
|-singleturn|p2a: Corviknight|move: Roost
|move|p1a: Skarmory|Whirlwind|p2a: Corviknight
|drag|p2a: Umbreon|Umbreon, M|39/100
|-damage|p2a: Umbreon|26/100|[from] Stealth Rock
|
|-heal|p2a: Umbreon|32/100|[from] item: Leftovers
|upkeep
|turn|55
|
|t:|1626892565
|move|p1a: Skarmory|Body Press|p2a: Umbreon
|-supereffective|p2a: Umbreon
|-damage|p2a: Umbreon|0 fnt
|faint|p2a: Umbreon
|
|upkeep
|
|t:|1626892567
|switch|p2a: Rhyperior|Rhyperior, M|93/100
|-damage|p2a: Rhyperior|87/100|[from] Stealth Rock
|turn|56
|
|t:|1626892572
|move|p1a: Skarmory|Body Press|p2a: Rhyperior
|-supereffective|p2a: Rhyperior
|-damage|p2a: Rhyperior|53/100
|move|p2a: Rhyperior|Stealth Rock|p1a: Skarmory
|-sidestart|p1: LT83AQ Chansey|move: Stealth Rock
|
|-heal|p2a: Rhyperior|60/100|[from] item: Leftovers
|upkeep
|turn|57
|
|t:|1626892584
|switch|p2a: Toxapex|Toxapex, F|100/100
|-damage|p2a: Toxapex|88/100|[from] Stealth Rock
|move|p1a: Skarmory|Body Press|p2a: Toxapex
|-resisted|p2a: Toxapex
|-damage|p2a: Toxapex|78/100
|
|-heal|p2a: Toxapex|84/100|[from] item: Black Sludge
|upkeep
|turn|58
|
|t:|1626892588
|switch|p1a: Toxapex|Toxapex, M|100/100 par
|-damage|p1a: Toxapex|88/100 par|[from] Stealth Rock
|move|p2a: Toxapex|Scald|p1a: Toxapex
|-resisted|p1a: Toxapex
|-damage|p1a: Toxapex|83/100 par
|
|-heal|p2a: Toxapex|91/100|[from] item: Black Sludge
|-heal|p1a: Toxapex|89/100 par|[from] item: Black Sludge
|upkeep
|turn|59
|
|t:|1626892590
|move|p2a: Toxapex|Scald|p1a: Toxapex
|-resisted|p1a: Toxapex
|-damage|p1a: Toxapex|84/100 par
|move|p1a: Toxapex|Scald|p2a: Toxapex
|-resisted|p2a: Toxapex
|-damage|p2a: Toxapex|84/100
|
|-heal|p2a: Toxapex|90/100|[from] item: Black Sludge
|-heal|p1a: Toxapex|90/100 par|[from] item: Black Sludge
|upkeep
|turn|60
|
|t:|1626892593
|move|p2a: Toxapex|Scald|p1a: Toxapex
|-resisted|p1a: Toxapex
|-damage|p1a: Toxapex|85/100 par
|cant|p1a: Toxapex|par
|
|-heal|p2a: Toxapex|96/100|[from] item: Black Sludge
|-heal|p1a: Toxapex|91/100 par|[from] item: Black Sludge
|upkeep
|turn|61
|
|t:|1626892596
|move|p2a: Toxapex|Scald|p1a: Toxapex
|-resisted|p1a: Toxapex
|-damage|p1a: Toxapex|86/100 par
|cant|p1a: Toxapex|par
|
|-heal|p2a: Toxapex|100/100|[from] item: Black Sludge
|-heal|p1a: Toxapex|92/100 par|[from] item: Black Sludge
|upkeep
|turn|62
|
|t:|1626892598
|move|p2a: Toxapex|Scald|p1a: Toxapex
|-resisted|p1a: Toxapex
|-damage|p1a: Toxapex|87/100 par
|cant|p1a: Toxapex|par
|
|-heal|p1a: Toxapex|93/100 par|[from] item: Black Sludge
|upkeep
|turn|63
|
|t:|1626892599
|move|p2a: Toxapex|Scald|p1a: Toxapex
|-resisted|p1a: Toxapex
|-damage|p1a: Toxapex|87/100 par
|move|p1a: Toxapex|Scald|p2a: Toxapex
|-resisted|p2a: Toxapex
|-damage|p2a: Toxapex|94/100
|
|-heal|p2a: Toxapex|99/100|[from] item: Black Sludge
|-heal|p1a: Toxapex|94/100 par|[from] item: Black Sludge
|upkeep
|turn|64
|
|t:|1626892602
|move|p2a: Toxapex|Scald|p1a: Toxapex
|-resisted|p1a: Toxapex
|-damage|p1a: Toxapex|88/100 par
|cant|p1a: Toxapex|par
|
|-heal|p2a: Toxapex|100/100|[from] item: Black Sludge
|-heal|p1a: Toxapex|94/100 par|[from] item: Black Sludge
|upkeep
|turn|65
|
|t:|1626892604
|move|p2a: Toxapex|Scald|p1a: Toxapex
|-resisted|p1a: Toxapex
|-damage|p1a: Toxapex|89/100 par
|move|p1a: Toxapex|Scald|p2a: Toxapex
|-resisted|p2a: Toxapex
|-damage|p2a: Toxapex|93/100
|-status|p2a: Toxapex|brn
|
|-heal|p2a: Toxapex|99/100 brn|[from] item: Black Sludge
|-heal|p1a: Toxapex|96/100 par|[from] item: Black Sludge
|-damage|p2a: Toxapex|93/100 brn|[from] brn
|upkeep
|turn|66
|
|t:|1626892607
|move|p2a: Toxapex|Scald|p1a: Toxapex
|-resisted|p1a: Toxapex
|-damage|p1a: Toxapex|91/100 par
|move|p1a: Toxapex|Light Screen|p1a: Toxapex
|-sidestart|p1: LT83AQ Chansey|move: Light Screen
|
|-heal|p2a: Toxapex|99/100 brn|[from] item: Black Sludge
|-heal|p1a: Toxapex|97/100 par|[from] item: Black Sludge
|-damage|p2a: Toxapex|93/100 brn|[from] brn
|upkeep
|turn|67
|
|t:|1626892617
|switch|p1a: Hippowdon|Hippowdon, M|69/100 brn
|-weather|Sandstorm|[from] ability: Sand Stream|[of] p1a: Hippowdon
|move|p2a: Toxapex|Toxic||[still]
|-fail|p2a: Toxapex
|
|-weather|Sandstorm|[upkeep]
|-damage|p2a: Toxapex|87/100 brn|[from] Sandstorm
|-heal|p2a: Toxapex|93/100 brn|[from] item: Black Sludge
|-damage|p1a: Hippowdon|63/100 brn|[from] brn
|-damage|p2a: Toxapex|87/100 brn|[from] brn
|upkeep
|turn|68
|
|t:|1626892620
|move|p1a: Hippowdon|Slack Off|p1a: Hippowdon
|-heal|p1a: Hippowdon|100/100 brn
|move|p2a: Toxapex|Scald|p1a: Hippowdon
|-supereffective|p1a: Hippowdon
|-damage|p1a: Hippowdon|88/100 brn
|
|-weather|Sandstorm|[upkeep]
|-damage|p2a: Toxapex|81/100 brn|[from] Sandstorm
|-heal|p2a: Toxapex|87/100 brn|[from] item: Black Sludge
|-damage|p1a: Hippowdon|82/100 brn|[from] brn
|-damage|p2a: Toxapex|81/100 brn|[from] brn
|upkeep
|turn|69
|
|t:|1626892624
|move|p1a: Hippowdon|Earthquake|p2a: Toxapex
|-supereffective|p2a: Toxapex
|-damage|p2a: Toxapex|57/100 brn
|move|p2a: Toxapex|Toxic||[still]
|-fail|p2a: Toxapex
|
|-weather|Sandstorm|[upkeep]
|-damage|p2a: Toxapex|50/100 brn|[from] Sandstorm
|-heal|p2a: Toxapex|57/100 brn|[from] item: Black Sludge
|-damage|p1a: Hippowdon|76/100 brn|[from] brn
|-damage|p2a: Toxapex|50/100 brn|[from] brn
|upkeep
|turn|70
|
|t:|1626892630
|move|p1a: Hippowdon|Earthquake|p2a: Toxapex
|-supereffective|p2a: Toxapex
|-damage|p2a: Toxapex|27/100 brn
|move|p2a: Toxapex|Toxic||[still]
|-fail|p2a: Toxapex
|
|-weather|Sandstorm|[upkeep]
|-damage|p2a: Toxapex|21/100 brn|[from] Sandstorm
|-heal|p2a: Toxapex|27/100 brn|[from] item: Black Sludge
|-damage|p1a: Hippowdon|70/100 brn|[from] brn
|-damage|p2a: Toxapex|21/100 brn|[from] brn
|-sideend|p1: LT83AQ Chansey|move: Light Screen
|upkeep
|turn|71
|
|t:|1626892634
|move|p1a: Hippowdon|Earthquake|p2a: Toxapex
|-supereffective|p2a: Toxapex
|-damage|p2a: Toxapex|0 fnt
|faint|p2a: Toxapex
|
|-weather|none
|-damage|p1a: Hippowdon|64/100 brn|[from] brn
|upkeep
|
|t:|1626892637
|switch|p2a: Sylveon|Sylveon, F|100/100
|-damage|p2a: Sylveon|88/100|[from] Stealth Rock
|turn|72
|
|t:|1626892642
|switch|p1a: Toxapex|Toxapex, M|100/100 par
|-damage|p1a: Toxapex|88/100 par|[from] Stealth Rock
|move|p2a: Sylveon|Calm Mind|p2a: Sylveon
|-boost|p2a: Sylveon|spa|1
|-boost|p2a: Sylveon|spd|1
|
|-heal|p2a: Sylveon|94/100|[from] item: Leftovers
|-heal|p1a: Toxapex|94/100 par|[from] item: Black Sludge
|upkeep
|turn|73
|
|t:|1626892646
|move|p2a: Sylveon|Hyper Voice|p1a: Toxapex
|-resisted|p1a: Toxapex
|-damage|p1a: Toxapex|75/100 par
|move|p1a: Toxapex|Haze|p1a: Toxapex
|-clearallboost
|
|-heal|p2a: Sylveon|99/100|[from] item: Leftovers
|-heal|p1a: Toxapex|81/100 par|[from] item: Black Sludge
|upkeep
|turn|74
|
|t:|1626892651
|move|p2a: Sylveon|Calm Mind|p2a: Sylveon
|-boost|p2a: Sylveon|spa|1
|-boost|p2a: Sylveon|spd|1
|move|p1a: Toxapex|Light Screen|p1a: Toxapex
|-sidestart|p1: LT83AQ Chansey|move: Light Screen
|
|-heal|p2a: Sylveon|100/100|[from] item: Leftovers
|-heal|p1a: Toxapex|87/100 par|[from] item: Black Sludge
|upkeep
|turn|75
|
|t:|1626892653
|move|p2a: Sylveon|Hyper Voice|p1a: Toxapex
|-resisted|p1a: Toxapex
|-damage|p1a: Toxapex|77/100 par
|move|p1a: Toxapex|Haze|p1a: Toxapex
|-clearallboost
|
|-heal|p1a: Toxapex|84/100 par|[from] item: Black Sludge
|upkeep
|turn|76
|
|t:|1626892659
|move|p2a: Sylveon|Calm Mind|p2a: Sylveon
|-boost|p2a: Sylveon|spa|1
|-boost|p2a: Sylveon|spd|1
|move|p1a: Toxapex|Scald|p2a: Sylveon
|-damage|p2a: Sylveon|94/100
|
|-heal|p2a: Sylveon|99/100|[from] item: Leftovers
|-heal|p1a: Toxapex|90/100 par|[from] item: Black Sludge
|upkeep
|turn|77
|
|t:|1626892665
|move|p2a: Sylveon|Hyper Voice|p1a: Toxapex
|-resisted|p1a: Toxapex
|-damage|p1a: Toxapex|80/100 par
|cant|p1a: Toxapex|par
|
|-heal|p2a: Sylveon|100/100|[from] item: Leftovers
|-heal|p1a: Toxapex|86/100 par|[from] item: Black Sludge
|upkeep
|turn|78
|
|t:|1626892670
|move|p2a: Sylveon|Calm Mind|p2a: Sylveon
|-boost|p2a: Sylveon|spa|1
|-boost|p2a: Sylveon|spd|1
|move|p1a: Toxapex|Haze|p1a: Toxapex
|-clearallboost
|
|-heal|p1a: Toxapex|92/100 par|[from] item: Black Sludge
|-sideend|p1: LT83AQ Chansey|move: Light Screen
|upkeep
|turn|79
|
|t:|1626892673
|move|p2a: Sylveon|Calm Mind|p2a: Sylveon
|-boost|p2a: Sylveon|spa|1
|-boost|p2a: Sylveon|spd|1
|move|p1a: Toxapex|Light Screen|p1a: Toxapex
|-sidestart|p1: LT83AQ Chansey|move: Light Screen
|
|-heal|p1a: Toxapex|99/100 par|[from] item: Black Sludge
|upkeep
|turn|80
|
|t:|1626892678
|move|p2a: Sylveon|Calm Mind|p2a: Sylveon
|-boost|p2a: Sylveon|spa|1
|-boost|p2a: Sylveon|spd|1
|move|p1a: Toxapex|Scald|p2a: Sylveon
|-damage|p2a: Sylveon|96/100
|
|-heal|p2a: Sylveon|100/100|[from] item: Leftovers
|-heal|p1a: Toxapex|100/100 par|[from] item: Black Sludge
|upkeep
|turn|81
|
|t:|1626892684
|move|p2a: Sylveon|Calm Mind|p2a: Sylveon
|-boost|p2a: Sylveon|spa|1
|-boost|p2a: Sylveon|spd|1
|cant|p1a: Toxapex|par
|
|upkeep
|turn|82
|
|t:|1626892687
|move|p2a: Sylveon|Wish|p2a: Sylveon
|move|p1a: Toxapex|Haze|p1a: Toxapex
|-clearallboost
|
|upkeep
|turn|83
|
|t:|1626892691
|switch|p2a: Rhyperior|Rhyperior, M|60/100
|-damage|p2a: Rhyperior|53/100|[from] Stealth Rock
|move|p1a: Toxapex|Scald|p2a: Rhyperior
|-supereffective|p2a: Rhyperior
|-damage|p2a: Rhyperior|12/100
|
|-heal|p2a: Rhyperior|57/100|[from] move: Wish|[wisher] Sylveon
|-heal|p2a: Rhyperior|64/100|[from] item: Leftovers
|-sideend|p1: LT83AQ Chansey|move: Light Screen
|upkeep
|turn|84
|
|t:|1626892704
|switch|p1a: Skarmory|Skarmory, M|79/100
|-damage|p1a: Skarmory|66/100|[from] Stealth Rock
|move|p2a: Rhyperior|Earthquake|p1a: Skarmory
|-immune|p1a: Skarmory
|
|-heal|p2a: Rhyperior|70/100|[from] item: Leftovers
|upkeep
|turn|85
|
|t:|1626892711
|switch|p2a: Sylveon|Sylveon, F|100/100
|-damage|p2a: Sylveon|88/100|[from] Stealth Rock
|move|p1a: Skarmory|Spikes|p2a: Sylveon
|-sidestart|p2: Lenape|Spikes
|
|-heal|p2a: Sylveon|94/100|[from] item: Leftovers
|upkeep
|turn|86
|
|t:|1626892719
|switch|p1a: Toxapex|Toxapex, M|100/100 par
|-damage|p1a: Toxapex|88/100 par|[from] Stealth Rock
|move|p2a: Sylveon|Calm Mind|p2a: Sylveon
|-boost|p2a: Sylveon|spa|1
|-boost|p2a: Sylveon|spd|1
|
|-heal|p2a: Sylveon|99/100|[from] item: Leftovers
|-heal|p1a: Toxapex|94/100 par|[from] item: Black Sludge
|upkeep
|turn|87
|
|t:|1626892722
|move|p2a: Sylveon|Wish|p2a: Sylveon
|move|p1a: Toxapex|Light Screen|p1a: Toxapex
|-sidestart|p1: LT83AQ Chansey|move: Light Screen
|
|-heal|p2a: Sylveon|100/100|[from] item: Leftovers
|-heal|p1a: Toxapex|100/100 par|[from] item: Black Sludge
|upkeep
|turn|88
|
|t:|1626892728
|switch|p2a: Rhyperior|Rhyperior, M|70/100
|-damage|p2a: Rhyperior|57/100|[from] Spikes
|-damage|p2a: Rhyperior|51/100|[from] Stealth Rock
|cant|p1a: Toxapex|par
|
|-heal|p2a: Rhyperior|97/100|[from] move: Wish|[wisher] Sylveon
|-heal|p2a: Rhyperior|100/100|[from] item: Leftovers
|upkeep
|turn|89
|
|t:|1626892751
|switch|p1a: Skarmory|Skarmory, M|66/100
|-damage|p1a: Skarmory|54/100|[from] Stealth Rock
|move|p2a: Rhyperior|Earthquake|p1a: Skarmory
|-immune|p1a: Skarmory
|
|upkeep
|turn|90
|
|t:|1626892755
|switch|p2a: Sylveon|Sylveon, F|100/100
|-damage|p2a: Sylveon|88/100|[from] Spikes
|-damage|p2a: Sylveon|76/100|[from] Stealth Rock
|move|p1a: Skarmory|Roost|p1a: Skarmory
|-heal|p1a: Skarmory|100/100
|-singleturn|p1a: Skarmory|move: Roost
|
|-heal|p2a: Sylveon|82/100|[from] item: Leftovers
|upkeep
|turn|91
|
|t:|1626892760
|switch|p1a: Toxapex|Toxapex, M|100/100 par
|-damage|p1a: Toxapex|88/100 par|[from] Stealth Rock
|switch|p2a: Rhyperior|Rhyperior, M|100/100
|-damage|p2a: Rhyperior|94/100|[from] Stealth Rock
|-damage|p2a: Rhyperior|82/100|[from] Spikes
|
|-heal|p2a: Rhyperior|88/100|[from] item: Leftovers
|-heal|p1a: Toxapex|94/100 par|[from] item: Black Sludge
|-sideend|p1: LT83AQ Chansey|move: Light Screen
|upkeep
|turn|92
|
|t:|1626892766
|switch|p2a: Sylveon|Sylveon, F|82/100
|-damage|p2a: Sylveon|69/100|[from] Spikes
|-damage|p2a: Sylveon|57/100|[from] Stealth Rock
|switch|p1a: Skarmory|Skarmory, M|100/100
|-damage|p1a: Skarmory|88/100|[from] Stealth Rock
|
|-heal|p2a: Sylveon|63/100|[from] item: Leftovers
|upkeep
|turn|93
|
|t:|1626892772
|switch|p2a: Rhyperior|Rhyperior, M|88/100
|-damage|p2a: Rhyperior|76/100|[from] Spikes
|-damage|p2a: Rhyperior|69/100|[from] Stealth Rock
|move|p1a: Skarmory|Spikes|p2a: Rhyperior
|-sidestart|p2: Lenape|Spikes
|
|-heal|p2a: Rhyperior|76/100|[from] item: Leftovers
|upkeep
|turn|94
|
|t:|1626892777
|switch|p2a: Sylveon|Sylveon, F|63/100
|-damage|p2a: Sylveon|50/100|[from] Stealth Rock
|-damage|p2a: Sylveon|34/100|[from] Spikes
|move|p1a: Skarmory|Body Press|p2a: Sylveon
|-resisted|p2a: Sylveon
|-damage|p2a: Sylveon|15/100
|
|-heal|p2a: Sylveon|21/100|[from] item: Leftovers
|upkeep
|turn|95
|
|t:|1626892790
|switch|p1a: Toxapex|Toxapex, M|100/100 par
|-damage|p1a: Toxapex|88/100 par|[from] Stealth Rock
|switch|p2a: Rhyperior|Rhyperior, M|76/100
|-damage|p2a: Rhyperior|59/100|[from] Spikes
|-damage|p2a: Rhyperior|53/100|[from] Stealth Rock
|
|-heal|p2a: Rhyperior|59/100|[from] item: Leftovers
|-heal|p1a: Toxapex|94/100 par|[from] item: Black Sludge
|upkeep
|turn|96
|
|t:|1626892797
|switch|p2a: Sylveon|Sylveon, F|21/100
|-damage|p2a: Sylveon|8/100|[from] Stealth Rock
|-damage|p2a: Sylveon|0 fnt|[from] Spikes
|faint|p2a: Sylveon
|switch|p1a: Skarmory|Skarmory, M|88/100
|-damage|p1a: Skarmory|76/100|[from] Stealth Rock
|
|upkeep
|
|t:|1626892800
|switch|p2a: Rhyperior|Rhyperior, M|59/100
|-damage|p2a: Rhyperior|42/100|[from] Spikes
|-damage|p2a: Rhyperior|36/100|[from] Stealth Rock
|turn|97
|inactive|LT83AQ Chansey has 120 seconds left.
|
|t:|1626892846
|switch|p1a: Clefable|Clefable, F|100/100 par
|move|p2a: Rhyperior|Heavy Slam|p1a: Clefable
|-supereffective|p1a: Clefable
|-damage|p1a: Clefable|41/100 par
|
|-heal|p2a: Rhyperior|42/100|[from] item: Leftovers
|upkeep
|turn|98
|
|t:|1626892863
|switch|p1a: Skarmory|Skarmory, M|76/100
|-damage|p1a: Skarmory|64/100|[from] Stealth Rock
|move|p2a: Rhyperior|Heavy Slam|p1a: Skarmory
|-resisted|p1a: Skarmory
|-damage|p1a: Skarmory|53/100
|-damage|p2a: Rhyperior|26/100|[from] item: Rocky Helmet|[of] p1a: Skarmory
|
|-heal|p2a: Rhyperior|32/100|[from] item: Leftovers
|upkeep
|turn|99
|
|t:|1626892870
|move|p1a: Skarmory|Roost|p1a: Skarmory
|-heal|p1a: Skarmory|100/100
|-singleturn|p1a: Skarmory|move: Roost
|move|p2a: Rhyperior|Heavy Slam|p1a: Skarmory
|-resisted|p1a: Skarmory
|-damage|p1a: Skarmory|89/100
|-damage|p2a: Rhyperior|15/100|[from] item: Rocky Helmet|[of] p1a: Skarmory
|
|-heal|p2a: Rhyperior|22/100|[from] item: Leftovers
|upkeep
|turn|100
|
|t:|1626892885
|move|p1a: Skarmory|Spikes|p2a: Rhyperior
|-sidestart|p2: Lenape|Spikes
|move|p2a: Rhyperior|Earthquake|p1a: Skarmory
|-immune|p1a: Skarmory
|
|-heal|p2a: Rhyperior|28/100|[from] item: Leftovers
|upkeep
|turn|101
|inactive|LT83AQ Chansey has 90 seconds left.
|
|t:|1626892906
|switch|p1a: Scizor|Scizor, M|100/100
|move|p2a: Rhyperior|Heavy Slam|p1a: Scizor
|-resisted|p1a: Scizor
|-damage|p1a: Scizor|91/100
|
|-heal|p2a: Rhyperior|34/100|[from] item: Leftovers
|upkeep
|turn|102
|
|t:|1626892911
|switch|p2a: Corviknight|Corviknight, M|100/100
|-damage|p2a: Corviknight|88/100|[from] Stealth Rock
|-ability|p2a: Corviknight|Pressure
|move|p1a: Scizor|U-turn|p2a: Corviknight
|-resisted|p2a: Corviknight
|-damage|p2a: Corviknight|82/100
|
|t:|1626892916
|switch|p1a: Tapu Koko|Tapu Koko|36/100|[from]move: U-turn
|-fieldstart|move: Electric Terrain|[from] ability: Electric Surge|[of] p1a: Tapu Koko
|
|upkeep
|turn|103
|
|t:|1626892925
|move|p1a: Tapu Koko|Thunderbolt|p2a: Corviknight
|-supereffective|p2a: Corviknight
|-damage|p2a: Corviknight|0 fnt
|faint|p2a: Corviknight
|
|upkeep
|-message|Lenape forfeited.
|l|☆Lenape
|inactive|Lenape disconnected and has a minute to reconnect!
|player|p2|
|
|win|LT83AQ Chansey
|raw|LT83AQ Chansey's rating: 1775 &rarr; <strong>1796</strong><br />(+21 for winning)
|raw|Lenape's rating: 1794 &rarr; <strong>1773</strong><br />(-21 for losing)
||Ladder isn't responding, score probably updated but might not have (Request timeout).
