|j|‽brettfavreinnocent
|j|☆30orless
|t:|1667790504
|gametype|singles
|player|p1|brettfavreinnocent|fantina|1787
|player|p2|30orless|265|1817
|teamsize|p1|6
|teamsize|p2|6
|gen|8
|tier|[Gen 8] OU
|rated|
|rule|Sleep Clause Mod: Limit one foe put to sleep
|rule|Species Clause: Limit one of each Pokémon
|rule|OHKO Clause: OHKO moves are banned
|rule|Evasion Items Clause: Evasion items are banned
|rule|Evasion Moves Clause: Evasion moves are banned
|rule|Endless Battle Clause: Forcing endless battles is banned
|rule|HP Percentage Mod: HP is shown in percentages
|rule|Dynamax Clause: You cannot dynamax
|clearpoke
|poke|p1|Pelipper, F|
|poke|p1|Buzzwole|
|poke|p1|Inteleon, F|
|poke|p1|Ferrothorn, M|
|poke|p1|Barraskewda, F|
|poke|p1|Seismitoad, F|
|poke|p2|Moltres|
|poke|p2|Hydreigon, M|
|poke|p2|Blaziken, F|
|poke|p2|Volcanion|
|poke|p2|Zapdos|
|poke|p2|Mamoswine, F|
|teampreview
|inactive|Battle timer is ON: inactive players will automatically lose when time's up. (requested by brettfavreinnocent)
|j| BabyPigsAreLaughin
|j| besolo4life
|inactive|brettfavreinnocent has 120 seconds left.
|inactive|brettfavreinnocent has 90 seconds left.
|
|t:|1667790570
|start
|switch|p1a: Ferrothorn|Ferrothorn, M|100/100
|switch|p2a: Zapdos|Zapdos|100/100
|turn|1
|
|t:|1667790583
|switch|p2a: Blaziken|Blaziken, F|100/100
|move|p1a: Ferrothorn|Stealth Rock|p2a: Blaziken
|-sidestart|p2: 30orless|move: Stealth Rock
|
|upkeep
|turn|2
|
|t:|1667790593
|switch|p1a: Pelipper|Pelipper, F|100/100
|-weather|RainDance|[from] ability: Drizzle|[of] p1a: Pelipper
|move|p2a: Blaziken|Overheat|p1a: Pelipper
|-resisted|p1a: Pelipper
|-damage|p1a: Pelipper|75/100
|-unboost|p2a: Blaziken|spa|2
|-damage|p2a: Blaziken|91/100|[from] item: Life Orb
|
|-weather|RainDance|[upkeep]
|-ability|p2a: Blaziken|Speed Boost|boost
|-boost|p2a: Blaziken|spe|1
|upkeep
|turn|3
|
|t:|1667790601
|switch|p2a: Zapdos|Zapdos|100/100
|move|p1a: Pelipper|U-turn|p2a: Zapdos
|-resisted|p2a: Zapdos
|-damage|p2a: Zapdos|96/100
|
|t:|1667790622
|switch|p1a: Seismitoad|Seismitoad, F, shiny|100/100|[from]move: U-turn
|
|-weather|RainDance|[upkeep]
|upkeep
|turn|4
|
|t:|1667790633
|move|p1a: Seismitoad|Weather Ball|p2a: Zapdos
|-damage|p2a: Zapdos|17/100
|-damage|p1a: Seismitoad|91/100|[from] item: Life Orb
|move|p2a: Zapdos|Hurricane|p1a: Seismitoad
|-damage|p1a: Seismitoad|17/100
|
|-weather|RainDance|[upkeep]
|upkeep
|turn|5
|
|t:|1667790645
|switch|p2a: Hydreigon|Hydreigon, M|100/100
|-damage|p2a: Hydreigon|88/100|[from] Stealth Rock
|-singleturn|p1a: Seismitoad|move: Focus Punch
|move|p1a: Seismitoad|Focus Punch|p2a: Hydreigon
|-supereffective|p2a: Hydreigon
|-damage|p2a: Hydreigon|0 fnt
|faint|p2a: Hydreigon
|-damage|p1a: Seismitoad|7/100|[from] item: Life Orb
|
|-weather|RainDance|[upkeep]
|upkeep
|
|t:|1667790653
|switch|p2a: Blaziken|Blaziken, F|91/100
|-damage|p2a: Blaziken|78/100|[from] Stealth Rock
|turn|6
|
|t:|1667790666
|move|p2a: Blaziken|Vacuum Wave|p1a: Seismitoad
|-damage|p1a: Seismitoad|0 fnt
|faint|p1a: Seismitoad
|-damage|p2a: Blaziken|68/100|[from] item: Life Orb
|
|-weather|RainDance|[upkeep]
|-ability|p2a: Blaziken|Speed Boost|boost
|-boost|p2a: Blaziken|spe|1
|upkeep
|c| BabyPigsAreLaughin|That Focus Punch, though.
|j| WeavilleParadise
|
|t:|1667790677
|switch|p1a: Barraskewda|Barraskewda, F, shiny|100/100
|turn|7
|
|t:|1667790682
|move|p2a: Blaziken|Vacuum Wave|p1a: Barraskewda
|-damage|p1a: Barraskewda|51/100
|-damage|p2a: Blaziken|58/100|[from] item: Life Orb
|move|p1a: Barraskewda|Close Combat|p2a: Blaziken
|-damage|p2a: Blaziken|0 fnt
|-unboost|p1a: Barraskewda|def|1
|-unboost|p1a: Barraskewda|spd|1
|faint|p2a: Blaziken
|
|-weather|RainDance|[upkeep]
|upkeep
|
|t:|1667790685
|switch|p2a: Moltres|Moltres|100/100
|turn|8
|
|t:|1667790693
|switch|p1a: Ferrothorn|Ferrothorn, M|100/100
|move|p2a: Moltres|Mystical Fire|p1a: Ferrothorn
|-supereffective|p1a: Ferrothorn
|-damage|p1a: Ferrothorn|65/100
|-unboost|p1a: Ferrothorn|spa|1
|
|-weather|RainDance|[upkeep]
|-heal|p1a: Ferrothorn|71/100|[from] item: Leftovers
|upkeep
|turn|9
|
|t:|1667790699
|move|p2a: Moltres|Mystical Fire|p1a: Ferrothorn
|-supereffective|p1a: Ferrothorn
|-damage|p1a: Ferrothorn|34/100
|-unboost|p1a: Ferrothorn|spa|1
|move|p1a: Ferrothorn|Knock Off|p2a: Moltres
|-damage|p2a: Moltres|80/100
|-enditem|p2a: Moltres|Heavy-Duty Boots|[from] move: Knock Off|[of] p1a: Ferrothorn
|
|-weather|none
|-heal|p1a: Ferrothorn|40/100|[from] item: Leftovers
|upkeep
|turn|10
|
|t:|1667790704
|switch|p1a: Pelipper|Pelipper, F|75/100
|-weather|RainDance|[from] ability: Drizzle|[of] p1a: Pelipper
|move|p2a: Moltres|Mystical Fire|p1a: Pelipper
|-resisted|p1a: Pelipper
|-damage|p1a: Pelipper|64/100
|-unboost|p1a: Pelipper|spa|1
|
|-weather|RainDance|[upkeep]
|upkeep
|turn|11
|
|t:|1667790707
|move|p2a: Moltres|Brave Bird|p1a: Pelipper
|-damage|p1a: Pelipper|23/100
|-damage|p2a: Moltres|69/100|[from] Recoil
|move|p1a: Pelipper|U-turn|p2a: Moltres
|-resisted|p2a: Moltres
|-damage|p2a: Moltres|67/100
|
|t:|1667790711
|switch|p1a: Inteleon|Inteleon, F|100/100|[from]move: U-turn
|
|-weather|RainDance|[upkeep]
|upkeep
|turn|12
|
|t:|1667790717
|move|p1a: Inteleon|Focus Energy|p1a: Inteleon
|-start|p1a: Inteleon|move: Focus Energy
|move|p2a: Moltres|Mystical Fire|p1a: Inteleon
|-resisted|p1a: Inteleon
|-damage|p1a: Inteleon|88/100
|-unboost|p1a: Inteleon|spa|1
|
|-weather|RainDance|[upkeep]
|upkeep
|turn|13
|j| GoldenTTRex1
|
|t:|1667790721
|move|p1a: Inteleon|Snipe Shot|p2a: Moltres
|-supereffective|p2a: Moltres
|-crit|p2a: Moltres
|-damage|p2a: Moltres|0 fnt
|faint|p2a: Moltres
|
|-weather|RainDance|[upkeep]
|upkeep
|
|t:|1667790727
|switch|p2a: Volcanion|Volcanion|100/100
|turn|14
|
|t:|1667790729
|move|p1a: Inteleon|Hyper Beam|p2a: Volcanion
|-crit|p2a: Volcanion
|-damage|p2a: Volcanion|0 fnt
|-mustrecharge|p1a: Inteleon
|faint|p2a: Volcanion
|
|-weather|RainDance|[upkeep]
|upkeep
|
|t:|1667790735
|switch|p2a: Mamoswine|Mamoswine, F|100/100
|-damage|p2a: Mamoswine|88/100|[from] Stealth Rock
|turn|15
|
|t:|1667790739
|cant|p1a: Inteleon|recharge
|move|p2a: Mamoswine|Earthquake|p1a: Inteleon
|-damage|p1a: Inteleon|0 fnt
|faint|p1a: Inteleon
|
|-weather|RainDance|[upkeep]
|upkeep
|
|t:|1667790743
|switch|p1a: Barraskewda|Barraskewda, F, shiny|51/100
|turn|16
|
|t:|1667790746
|switch|p2a: Zapdos|Zapdos|17/100
|move|p1a: Barraskewda|Liquidation|p2a: Zapdos
|-damage|p2a: Zapdos|0 fnt
|faint|p2a: Zapdos
|
|-weather|RainDance|[upkeep]
|upkeep
|
|t:|1667790750
|switch|p2a: Mamoswine|Mamoswine, F|88/100
|-damage|p2a: Mamoswine|76/100|[from] Stealth Rock
|turn|17
|
|t:|1667790753
|move|p1a: Barraskewda|Liquidation|p2a: Mamoswine
|-supereffective|p2a: Mamoswine
|-damage|p2a: Mamoswine|0 fnt
|faint|p2a: Mamoswine
|
|win|brettfavreinnocent
|raw|brettfavreinnocent's rating: 1787 &rarr; <strong>1809</strong><br />(+22 for winning)
|raw|30orless's rating: 1817 &rarr; <strong>1795</strong><br />(-22 for losing)
|l|☆30orless
|l| GoldenTTRex1
|l| besolo4life
||Ladder isn't responding, score probably updated but might not have (Request timeout).
