|j|☆Lenape
|j|☆death of GOD
|t:|1595886968
|player|p1|Lenape|266|1811
|player|p2|death of GOD|olympia|1610
|teamsize|p1|6
|teamsize|p2|6
|gametype|singles
|gen|8
|tier|[Gen 8] OU
|rated|
|html|<div class="broadcast-blue"><strong>OU is currently suspecting Magearna! For information on how to participate check out the <a href="https://www.smogon.com/forums/threads/3667669/">suspect thread</a>.</strong></div>
|clearpoke
|poke|p1|Cinderace, M|
|poke|p1|Corviknight, F|
|poke|p1|Sylveon, F|
|poke|p1|Rhyperior, F|
|poke|p1|Toxapex, M|
|poke|p1|Umbreon, F|
|poke|p2|Chansey, F|
|poke|p2|Toxapex, M|
|poke|p2|Quagsire, M|
|poke|p2|Corviknight, F|
|poke|p2|Clefable, F|
|poke|p2|Mandibuzz, F|
|rule|Sleep Clause Mod: Limit one foe put to sleep
|rule|Species Clause: Limit one of each Pokémon
|rule|OHKO Clause: OHKO moves are banned
|rule|Evasion Moves Clause: Evasion moves are banned
|rule|Endless Battle Clause: Forcing endless battles is banned
|rule|HP Percentage Mod: HP is shown in percentages
|rule|Dynamax Clause: You cannot dynamax
|teampreview
|inactive|Battle timer is ON: inactive players will automatically lose when time's up. (requested by death of GOD)
|
|t:|1595886975
|start
|switch|p1a: Rhyperior|Rhyperior, F|100/100
|switch|p2a: Agumon|Toxapex, M, shiny|100/100
|turn|1
|
|t:|1595886978
|move|p1a: Rhyperior|Earthquake|p2a: Agumon
|-supereffective|p2a: Agumon
|-damage|p2a: Agumon|41/100
|move|p2a: Agumon|Toxic|p1a: Rhyperior
|-status|p1a: Rhyperior|tox
|
|-damage|p1a: Rhyperior|94/100 tox|[from] psn
|upkeep
|turn|2
|
|t:|1595886983
|switch|p1a: Umbreon|Umbreon, F|100/100
|switch|p2a: Angemon|Corviknight, F, shiny|100/100
|-ability|p2a: Angemon|Pressure
|
|upkeep
|turn|3
|
|t:|1595886988
|switch|p2a: Greymon|Chansey, F, shiny|100/100
|move|p1a: Umbreon|Heal Bell|p1a: Umbreon
|-activate|p1a: Umbreon|move: Heal Bell
|-curestatus|p1: Rhyperior|tox|[msg]
|
|upkeep
|turn|4
|
|t:|1595886991
|switch|p1a: Rhyperior|Rhyperior, F|94/100
|move|p2a: Greymon|Stealth Rock|p1a: Rhyperior
|-sidestart|p1: Lenape|move: Stealth Rock
|
|-heal|p1a: Rhyperior|100/100|[from] item: Leftovers
|upkeep
|turn|5
|
|t:|1595886996
|switch|p2a: Angemon|Corviknight, F, shiny|100/100
|-ability|p2a: Angemon|Pressure
|move|p1a: Rhyperior|Stealth Rock|p2a: Angemon
|-sidestart|p2: death of GOD|move: Stealth Rock
|
|upkeep
|turn|6
|
|t:|1595887000
|switch|p1a: Toxapex|Toxapex, M|100/100
|-damage|p1a: Toxapex|88/100|[from] Stealth Rock
|move|p2a: Angemon|Defog|p1a: Toxapex
|-unboost|p1a: Toxapex|evasion|1
|-sideend|p1: Lenape|Stealth Rock|[from] move: Defog|[of] p2a: Angemon
|-sideend|p2: death of GOD|Stealth Rock|[from] move: Defog|[of] p2a: Angemon
|
|-heal|p1a: Toxapex|94/100|[from] item: Black Sludge
|upkeep
|turn|7
|
|t:|1595887009
|switch|p2a: Agumon|Toxapex, M, shiny|74/100
|move|p1a: Toxapex|Scald|p2a: Agumon
|-resisted|p2a: Agumon
|-damage|p2a: Agumon|66/100
|
|-heal|p1a: Toxapex|100/100|[from] item: Black Sludge
|upkeep
|turn|8
|
|t:|1595887011
|move|p2a: Agumon|Knock Off|p1a: Toxapex
|-damage|p1a: Toxapex|92/100
|-enditem|p1a: Toxapex|Black Sludge|[from] move: Knock Off|[of] p2a: Agumon
|move|p1a: Toxapex|Scald|p2a: Agumon
|-resisted|p2a: Agumon
|-damage|p2a: Agumon|59/100
|
|upkeep
|turn|9
|
|t:|1595887013
|move|p1a: Toxapex|Scald|p2a: Agumon
|-resisted|p2a: Agumon
|-damage|p2a: Agumon|52/100
|move|p2a: Agumon|Recover|p2a: Agumon
|-heal|p2a: Agumon|100/100
|
|upkeep
|turn|10
|
|t:|1595887015
|switch|p2a: Greymon|Chansey, F, shiny|100/100
|move|p1a: Toxapex|Scald|p2a: Greymon
|-damage|p2a: Greymon|95/100
|
|upkeep
|turn|11
|
|t:|1595887018
|switch|p2a: Agumon|Toxapex, M, shiny|100/100
|switch|p1a: Cinderace|Cinderace, M|100/100
|
|upkeep
|turn|12
|
|t:|1595887022
|switch|p1a: Toxapex|Toxapex, M|100/100
|move|p2a: Agumon|Toxic|p1a: Toxapex
|-immune|p1a: Toxapex
|
|upkeep
|turn|13
|
|t:|1595887025
|switch|p2a: Greymon|Chansey, F, shiny|95/100
|move|p1a: Toxapex|Scald|p2a: Greymon
|-damage|p2a: Greymon|90/100
|
|upkeep
|turn|14
|
|t:|1595887027
|switch|p1a: Cinderace|Cinderace, M|100/100
|move|p2a: Greymon|Thunder Wave|p1a: Cinderace
|-status|p1a: Cinderace|par
|
|upkeep
|turn|15
|j| garpyarp
|
|t:|1595887033
|switch|p1a: Rhyperior|Rhyperior, F|100/100
|switch|p2a: Agumon|Toxapex, M, shiny|100/100
|
|upkeep
|turn|16
|
|t:|1595887035
|move|p1a: Rhyperior|Earthquake|p2a: Agumon
|-supereffective|p2a: Agumon
|-damage|p2a: Agumon|49/100
|move|p2a: Agumon|Toxic|p1a: Rhyperior
|-status|p1a: Rhyperior|tox
|
|-damage|p1a: Rhyperior|94/100 tox|[from] psn
|upkeep
|turn|17
|
|t:|1595887040
|switch|p1a: Umbreon|Umbreon, F|100/100
|move|p2a: Agumon|Toxic|p1a: Umbreon
|-status|p1a: Umbreon|tox
|
|-damage|p1a: Umbreon|94/100 tox|[from] psn
|upkeep
|turn|18
|
|t:|1595887043
|move|p1a: Umbreon|Heal Bell|p1a: Umbreon
|-activate|p1a: Umbreon|move: Heal Bell
|-curestatus|p1a: Umbreon|tox|[msg]
|-curestatus|p1: Cinderace|par|[msg]
|-curestatus|p1: Rhyperior|tox|[msg]
|move|p2a: Agumon|Toxic|p1a: Umbreon
|-status|p1a: Umbreon|tox
|
|-heal|p1a: Umbreon|100/100 tox|[from] item: Leftovers
|-damage|p1a: Umbreon|94/100 tox|[from] psn
|upkeep
|turn|19
|
|t:|1595887046
|switch|p1a: Corviknight|Corviknight, F|100/100
|-ability|p1a: Corviknight|Pressure
|move|p2a: Agumon|Knock Off|p1a: Corviknight
|-damage|p1a: Corviknight|91/100
|-enditem|p1a: Corviknight|Leftovers|[from] move: Knock Off|[of] p2a: Agumon
|
|upkeep
|turn|20
|
|t:|1595887050
|switch|p1a: Toxapex|Toxapex, M|100/100
|switch|p2a: Angemon|Corviknight, F, shiny|100/100
|-ability|p2a: Angemon|Pressure
|
|upkeep
|turn|21
|
|t:|1595887055
|switch|p2a: Greymon|Chansey, F, shiny|90/100
|move|p1a: Toxapex|Scald|p2a: Greymon
|-damage|p2a: Greymon|85/100
|-status|p2a: Greymon|brn
|
|-damage|p2a: Greymon|79/100 brn|[from] brn
|upkeep
|turn|22
|
|t:|1595887061
|switch|p1a: Rhyperior|Rhyperior, F|94/100
|move|p2a: Greymon|Thunder Wave|p1a: Rhyperior
|-immune|p1a: Rhyperior
|
|-heal|p1a: Rhyperior|100/100|[from] item: Leftovers
|-damage|p2a: Greymon|72/100 brn|[from] brn
|upkeep
|turn|23
|
|t:|1595887067
|switch|p2a: Angemon|Corviknight, F, shiny|100/100
|-ability|p2a: Angemon|Pressure
|switch|p1a: Cinderace|Cinderace, M|100/100
|
|upkeep
|turn|24
|
|t:|1595887071
|switch|p1a: Corviknight|Corviknight, F|91/100
|-ability|p1a: Corviknight|Pressure
|switch|p2a: Agumon|Toxapex, M, shiny|82/100
|
|upkeep
|turn|25
|
|t:|1595887074
|switch|p2a: Angemon|Corviknight, F, shiny|100/100
|-ability|p2a: Angemon|Pressure
|move|p1a: Corviknight|Substitute|p1a: Corviknight
|-start|p1a: Corviknight|Substitute
|-damage|p1a: Corviknight|66/100
|
|upkeep
|turn|26
|
|t:|1595887079
|switch|p2a: Agumon|Toxapex, M, shiny|100/100
|move|p1a: Corviknight|Bulk Up|p1a: Corviknight
|-boost|p1a: Corviknight|atk|1
|-boost|p1a: Corviknight|def|1
|
|upkeep
|turn|27
|
|t:|1595887080
|move|p1a: Corviknight|Brave Bird|p2a: Agumon
|-damage|p2a: Agumon|70/100
|-damage|p1a: Corviknight|50/100|[from] item: Rocky Helmet|[of] p2a: Agumon
|-damage|p1a: Corviknight|42/100|[from] Recoil
|move|p2a: Agumon|Haze|p2a: Agumon
|-clearallboost
|
|upkeep
|turn|28
|
|t:|1595887084
|switch|p2a: Greymon|Chansey, F, shiny|72/100
|move|p1a: Corviknight|Bulk Up|p1a: Corviknight
|-boost|p1a: Corviknight|atk|1
|-boost|p1a: Corviknight|def|1
|
|upkeep
|turn|29
|
|t:|1595887087
|switch|p2a: Agumon|Toxapex, M, shiny|100/100
|move|p1a: Corviknight|Roost|p1a: Corviknight
|-heal|p1a: Corviknight|92/100
|-singleturn|p1a: Corviknight|move: Roost
|
|upkeep
|turn|30
|
|t:|1595887089
|move|p1a: Corviknight|Brave Bird|p2a: Agumon
|-damage|p2a: Agumon|65/100
|-damage|p1a: Corviknight|76/100|[from] item: Rocky Helmet|[of] p2a: Agumon
|-damage|p1a: Corviknight|67/100|[from] Recoil
|move|p2a: Agumon|Haze|p2a: Agumon
|-clearallboost
|
|upkeep
|turn|31
|
|t:|1595887091
|switch|p2a: Greymon|Chansey, F, shiny|72/100
|move|p1a: Corviknight|Bulk Up|p1a: Corviknight
|-boost|p1a: Corviknight|atk|1
|-boost|p1a: Corviknight|def|1
|
|upkeep
|turn|32
|
|t:|1595887093
|move|p1a: Corviknight|Brave Bird|p2a: Greymon
|-damage|p2a: Greymon|39/100
|-damage|p1a: Corviknight|47/100|[from] Recoil
|move|p2a: Greymon|Stealth Rock|p1a: Corviknight
|-sidestart|p1: Lenape|move: Stealth Rock
|
|upkeep
|turn|33
|
|t:|1595887097
|move|p1a: Corviknight|Bulk Up|p1a: Corviknight
|-boost|p1a: Corviknight|atk|1
|-boost|p1a: Corviknight|def|1
|move|p2a: Greymon|Soft-Boiled|p2a: Greymon
|-heal|p2a: Greymon|89/100
|
|upkeep
|turn|34
|
|t:|1595887099
|switch|p2a: Agumon|Toxapex, M, shiny|98/100
|move|p1a: Corviknight|Brave Bird|p2a: Agumon
|-damage|p2a: Agumon|54/100
|-damage|p1a: Corviknight|31/100|[from] item: Rocky Helmet|[of] p2a: Agumon
|-damage|p1a: Corviknight|20/100|[from] Recoil
|
|upkeep
|turn|35
|j| PiccoLadderin
|
|t:|1595887102
|move|p1a: Corviknight|Roost|p1a: Corviknight
|-heal|p1a: Corviknight|70/100
|-singleturn|p1a: Corviknight|move: Roost
|move|p2a: Agumon|Haze|p2a: Agumon
|-clearallboost
|
|upkeep
|turn|36
|
|t:|1595887104
|switch|p2a: Gatomon|Quagsire, M, shiny|100/100
|move|p1a: Corviknight|Bulk Up|p1a: Corviknight
|-boost|p1a: Corviknight|atk|1
|-boost|p1a: Corviknight|def|1
|
|upkeep
|turn|37
|
|t:|1595887107
|switch|p2a: Angemon|Corviknight, F, shiny|100/100
|-ability|p2a: Angemon|Pressure
|move|p1a: Corviknight|Bulk Up|p1a: Corviknight
|-boost|p1a: Corviknight|atk|1
|-boost|p1a: Corviknight|def|1
|
|upkeep
|turn|38
|
|t:|1595887109
|switch|p2a: Agumon|Toxapex, M, shiny|87/100
|move|p1a: Corviknight|Bulk Up|p1a: Corviknight
|-boost|p1a: Corviknight|atk|1
|-boost|p1a: Corviknight|def|1
|
|upkeep
|turn|39
|
|t:|1595887111
|move|p1a: Corviknight|Brave Bird|p2a: Agumon
|-damage|p2a: Agumon|37/100
|-damage|p1a: Corviknight|53/100|[from] item: Rocky Helmet|[of] p2a: Agumon
|-damage|p1a: Corviknight|41/100|[from] Recoil
|move|p2a: Agumon|Haze|p2a: Agumon
|-clearallboost
|
|upkeep
|turn|40
|
|t:|1595887114
|switch|p2a: Angemon|Corviknight, F, shiny|100/100
|-ability|p2a: Angemon|Pressure
|move|p1a: Corviknight|Bulk Up|p1a: Corviknight
|-boost|p1a: Corviknight|atk|1
|-boost|p1a: Corviknight|def|1
|
|upkeep
|turn|41
|
|t:|1595887117
|switch|p2a: Agumon|Toxapex, M, shiny|70/100
|move|p1a: Corviknight|Bulk Up|p1a: Corviknight
|-boost|p1a: Corviknight|atk|1
|-boost|p1a: Corviknight|def|1
|
|upkeep
|turn|42
|
|t:|1595887120
|move|p1a: Corviknight|Roost|p1a: Corviknight
|-heal|p1a: Corviknight|91/100
|-singleturn|p1a: Corviknight|move: Roost
|move|p2a: Agumon|Haze|p2a: Agumon
|-clearallboost
|
|upkeep
|turn|43
|
|t:|1595887122
|switch|p2a: Angemon|Corviknight, F, shiny|100/100
|-ability|p2a: Angemon|Pressure
|move|p1a: Corviknight|Bulk Up|p1a: Corviknight
|-boost|p1a: Corviknight|atk|1
|-boost|p1a: Corviknight|def|1
|
|upkeep
|turn|44
|
|t:|1595887123
|switch|p2a: Agumon|Toxapex, M, shiny|100/100
|move|p1a: Corviknight|Brave Bird|p2a: Agumon
|-damage|p2a: Agumon|70/100
|-damage|p1a: Corviknight|74/100|[from] item: Rocky Helmet|[of] p2a: Agumon
|-damage|p1a: Corviknight|66/100|[from] Recoil
|
|upkeep
|turn|45
|
|t:|1595887125
|move|p1a: Corviknight|Brave Bird|p2a: Agumon
|-damage|p2a: Agumon|39/100
|-damage|p1a: Corviknight|50/100|[from] item: Rocky Helmet|[of] p2a: Agumon
|-damage|p1a: Corviknight|42/100|[from] Recoil
|move|p2a: Agumon|Haze|p2a: Agumon
|-clearallboost
|
|upkeep
|turn|46
|
|t:|1595887128
|switch|p2a: Angemon|Corviknight, F, shiny|100/100
|-ability|p2a: Angemon|Pressure
|move|p1a: Corviknight|Bulk Up|p1a: Corviknight
|-boost|p1a: Corviknight|atk|1
|-boost|p1a: Corviknight|def|1
|
|upkeep
|turn|47
|
|t:|1595887130
|switch|p2a: Agumon|Toxapex, M, shiny|72/100
|move|p1a: Corviknight|Brave Bird|p2a: Agumon
|-damage|p2a: Agumon|36/100
|-damage|p1a: Corviknight|26/100|[from] item: Rocky Helmet|[of] p2a: Agumon
|-damage|p1a: Corviknight|17/100|[from] Recoil
|
|upkeep
|turn|48
|
|t:|1595887134
|switch|p2a: Angemon|Corviknight, F, shiny|100/100
|-ability|p2a: Angemon|Pressure
|move|p1a: Corviknight|Roost|p1a: Corviknight
|-heal|p1a: Corviknight|67/100
|-singleturn|p1a: Corviknight|move: Roost
|
|upkeep
|turn|49
|
|t:|1595887137
|switch|p2a: Agumon|Toxapex, M, shiny|70/100
|move|p1a: Corviknight|Brave Bird|p2a: Agumon
|-damage|p2a: Agumon|38/100
|-damage|p1a: Corviknight|50/100|[from] item: Rocky Helmet|[of] p2a: Agumon
|-damage|p1a: Corviknight|42/100|[from] Recoil
|
|upkeep
|turn|50
|
|t:|1595887140
|switch|p2a: Angemon|Corviknight, F, shiny|100/100
|-ability|p2a: Angemon|Pressure
|move|p1a: Corviknight|Brave Bird|p2a: Angemon
|-resisted|p2a: Angemon
|-damage|p2a: Angemon|84/100
|-damage|p1a: Corviknight|37/100|[from] Recoil
|
|upkeep
|turn|51
|
|t:|1595887143
|switch|p2a: Agumon|Toxapex, M, shiny|71/100
|move|p1a: Corviknight|Brave Bird|p2a: Agumon
|-damage|p2a: Agumon|38/100
|-damage|p1a: Corviknight|20/100|[from] item: Rocky Helmet|[of] p2a: Agumon
|-damage|p1a: Corviknight|12/100|[from] Recoil
|
|upkeep
|turn|52
|
|t:|1595887146
|switch|p2a: Angemon|Corviknight, F, shiny|84/100
|-ability|p2a: Angemon|Pressure
|move|p1a: Corviknight|Bulk Up|p1a: Corviknight
|-boost|p1a: Corviknight|atk|1
|-boost|p1a: Corviknight|def|1
|
|upkeep
|turn|53
|
|t:|1595887150
|switch|p2a: Gatomon|Quagsire, M, shiny|100/100
|move|p1a: Corviknight|Roost|p1a: Corviknight
|-heal|p1a: Corviknight|62/100
|-singleturn|p1a: Corviknight|move: Roost
|
|upkeep
|turn|54
|
|t:|1595887154
|switch|p2a: Angemon|Corviknight, F, shiny|84/100
|-ability|p2a: Angemon|Pressure
|move|p1a: Corviknight|Brave Bird|p2a: Angemon
|-resisted|p2a: Angemon
|-damage|p2a: Angemon|61/100
|-damage|p1a: Corviknight|54/100|[from] Recoil
|
|upkeep
|turn|55
|
|t:|1595887157
|move|p2a: Angemon|Roost|p2a: Angemon
|-heal|p2a: Angemon|100/100
|-singleturn|p2a: Angemon|move: Roost
|move|p1a: Corviknight|Bulk Up|p1a: Corviknight
|-boost|p1a: Corviknight|atk|1
|-boost|p1a: Corviknight|def|1
|
|upkeep
|turn|56
|
|t:|1595887161
|switch|p2a: Gatomon|Quagsire, M, shiny|100/100
|move|p1a: Corviknight|Bulk Up|p1a: Corviknight
|-boost|p1a: Corviknight|atk|1
|-boost|p1a: Corviknight|def|1
|
|upkeep
|turn|57
|
|t:|1595887162
|switch|p2a: Angemon|Corviknight, F, shiny|100/100
|-ability|p2a: Angemon|Pressure
|move|p1a: Corviknight|Bulk Up|p1a: Corviknight
|-boost|p1a: Corviknight|atk|1
|-boost|p1a: Corviknight|def|1
|
|upkeep
|turn|58
|
|t:|1595887164
|switch|p2a: Gatomon|Quagsire, M, shiny|100/100
|move|p1a: Corviknight|Bulk Up|p1a: Corviknight
|-boost|p1a: Corviknight|atk|1
|-boost|p1a: Corviknight|def|1
|
|upkeep
|turn|59
|
|t:|1595887166
|switch|p2a: Angemon|Corviknight, F, shiny|100/100
|-ability|p2a: Angemon|Pressure
|move|p1a: Corviknight|Roost|p1a: Corviknight
|-heal|p1a: Corviknight|100/100
|-singleturn|p1a: Corviknight|move: Roost
|
|upkeep
|turn|60
|
|t:|1595887170
|move|p2a: Angemon|Iron Defense|p2a: Angemon
|-boost|p2a: Angemon|def|2
|move|p1a: Corviknight|Brave Bird|p2a: Angemon
|-resisted|p2a: Angemon
|-damage|p2a: Angemon|79/100
|-damage|p1a: Corviknight|93/100|[from] Recoil
|
|upkeep
|turn|61
|
|t:|1595887172
|move|p2a: Angemon|Roost|p2a: Angemon
|-heal|p2a: Angemon|100/100
|-singleturn|p2a: Angemon|move: Roost
|move|p1a: Corviknight|Brave Bird|p2a: Angemon
|-resisted|p2a: Angemon
|-damage|p2a: Angemon|78/100
|-damage|p1a: Corviknight|86/100|[from] Recoil
|
|upkeep
|turn|62
|
|t:|1595887174
|move|p2a: Angemon|Iron Defense|p2a: Angemon
|-boost|p2a: Angemon|def|2
|move|p1a: Corviknight|Bulk Up|p1a: Corviknight
|-boost|p1a: Corviknight|atk|0
|-boost|p1a: Corviknight|def|0
|
|upkeep
|turn|63
|
|t:|1595887176
|move|p2a: Angemon|Roost|p2a: Angemon
|-heal|p2a: Angemon|100/100
|-singleturn|p2a: Angemon|move: Roost
|move|p1a: Corviknight|Bulk Up|p1a: Corviknight
|-boost|p1a: Corviknight|atk|0
|-boost|p1a: Corviknight|def|0
|
|upkeep
|turn|64
|
|t:|1595887178
|switch|p2a: Gatomon|Quagsire, M, shiny|100/100
|move|p1a: Corviknight|Bulk Up|p1a: Corviknight
|-boost|p1a: Corviknight|atk|0
|-boost|p1a: Corviknight|def|0
|
|upkeep
|turn|65
|
|t:|1595887182
|switch|p1a: Cinderace|Cinderace, M|100/100
|switch|p2a: Angemon|Corviknight, F, shiny|100/100
|-ability|p2a: Angemon|Pressure
|
|upkeep
|turn|66
|
|t:|1595887185
|move|p1a: Cinderace|Court Change|p1a: Cinderace
|-start|p1a: Cinderace|typechange|Normal|[from] ability: Libero
|-sideend|p1: Lenape|Stealth Rock|[silent]
|-sidestart|p2: death of GOD|Stealth Rock|[silent]
|-activate|p1a: Cinderace|move: Court Change
|move|p2a: Angemon|Defog|p1a: Cinderace
|-unboost|p1a: Cinderace|evasion|1
|-sideend|p2: death of GOD|Stealth Rock|[from] move: Defog|[of] p2a: Angemon
|
|upkeep
|turn|67
|
|t:|1595887190
|switch|p1a: Toxapex|Toxapex, M|100/100
|switch|p2a: Agumon|Toxapex, M, shiny|72/100
|
|upkeep
|turn|68
|
|t:|1595887192
|switch|p2a: Greymon|Chansey, F, shiny|89/100
|move|p1a: Toxapex|Scald|p2a: Greymon
|-damage|p2a: Greymon|84/100
|-status|p2a: Greymon|brn
|
|-damage|p2a: Greymon|78/100 brn|[from] brn
|upkeep
|turn|69
|
|t:|1595887195
|switch|p1a: Rhyperior|Rhyperior, F|100/100
|move|p2a: Greymon|Thunder Wave|p1a: Rhyperior
|-immune|p1a: Rhyperior
|
|-damage|p2a: Greymon|72/100 brn|[from] brn
|upkeep
|turn|70
|
|t:|1595887199
|-curestatus|p2a: Greymon|brn|[from] ability: Natural Cure
|switch|p2a: Angemon|Corviknight, F, shiny|100/100
|-ability|p2a: Angemon|Pressure
|move|p1a: Rhyperior|Stealth Rock|p2a: Angemon
|-sidestart|p2: death of GOD|move: Stealth Rock
|
|upkeep
|turn|71
|
|t:|1595887204
|switch|p1a: Toxapex|Toxapex, M|100/100
|move|p2a: Angemon|Defog|p1a: Toxapex
|-unboost|p1a: Toxapex|evasion|1
|-sideend|p2: death of GOD|Stealth Rock|[from] move: Defog|[of] p2a: Angemon
|
|upkeep
|turn|72
|
|t:|1595887206
|switch|p2a: Greymon|Chansey, F, shiny|72/100
|switch|p1a: Rhyperior|Rhyperior, F|100/100
|
|upkeep
|turn|73
|
|t:|1595887208
|switch|p2a: Angemon|Corviknight, F, shiny|100/100
|-ability|p2a: Angemon|Pressure
|move|p1a: Rhyperior|Stealth Rock|p2a: Angemon
|-sidestart|p2: death of GOD|move: Stealth Rock
|
|upkeep
|turn|74
|
|t:|1595887210
|switch|p1a: Toxapex|Toxapex, M|100/100
|move|p2a: Angemon|Defog|p1a: Toxapex
|-unboost|p1a: Toxapex|evasion|1
|-sideend|p2: death of GOD|Stealth Rock|[from] move: Defog|[of] p2a: Angemon
|
|upkeep
|turn|75
|
|t:|1595887212
|switch|p2a: Greymon|Chansey, F, shiny|72/100
|switch|p1a: Rhyperior|Rhyperior, F|100/100
|
|upkeep
|turn|76
|
|t:|1595887213
|switch|p2a: Angemon|Corviknight, F, shiny|100/100
|-ability|p2a: Angemon|Pressure
|move|p1a: Rhyperior|Stealth Rock|p2a: Angemon
|-sidestart|p2: death of GOD|move: Stealth Rock
|
|upkeep
|turn|77
|
|t:|1595887215
|switch|p1a: Corviknight|Corviknight, F|86/100
|-ability|p1a: Corviknight|Pressure
|move|p2a: Angemon|Defog|p1a: Corviknight
|-unboost|p1a: Corviknight|evasion|1
|-sideend|p2: death of GOD|Stealth Rock|[from] move: Defog|[of] p2a: Angemon
|
|upkeep
|turn|78
|
|t:|1595887217
|switch|p2a: Greymon|Chansey, F, shiny|72/100
|switch|p1a: Rhyperior|Rhyperior, F|100/100
|
|upkeep
|turn|79
|
|t:|1595887219
|switch|p2a: Angemon|Corviknight, F, shiny|100/100
|-ability|p2a: Angemon|Pressure
|move|p1a: Rhyperior|Stealth Rock|p2a: Angemon
|-sidestart|p2: death of GOD|move: Stealth Rock
|
|upkeep
|turn|80
|
|t:|1595887220
|switch|p1a: Corviknight|Corviknight, F|86/100
|-ability|p1a: Corviknight|Pressure
|move|p2a: Angemon|Defog|p1a: Corviknight
|-unboost|p1a: Corviknight|evasion|1
|-sideend|p2: death of GOD|Stealth Rock|[from] move: Defog|[of] p2a: Angemon
|
|upkeep
|turn|81
|
|t:|1595887222
|switch|p2a: Greymon|Chansey, F, shiny|72/100
|switch|p1a: Rhyperior|Rhyperior, F|100/100
|
|upkeep
|turn|82
|
|t:|1595887226
|switch|p2a: Angemon|Corviknight, F, shiny|100/100
|-ability|p2a: Angemon|Pressure
|move|p1a: Rhyperior|Stealth Rock|p2a: Angemon
|-sidestart|p2: death of GOD|move: Stealth Rock
|
|upkeep
|turn|83
|
|t:|1595887227
|switch|p1a: Corviknight|Corviknight, F|86/100
|-ability|p1a: Corviknight|Pressure
|move|p2a: Angemon|Defog|p1a: Corviknight
|-unboost|p1a: Corviknight|evasion|1
|-sideend|p2: death of GOD|Stealth Rock|[from] move: Defog|[of] p2a: Angemon
|
|upkeep
|turn|84
|
|t:|1595887229
|switch|p1a: Rhyperior|Rhyperior, F|100/100
|move|p2a: Angemon|Body Press|p1a: Rhyperior
|-supereffective|p1a: Rhyperior
|-damage|p1a: Rhyperior|75/100
|
|-heal|p1a: Rhyperior|82/100|[from] item: Leftovers
|upkeep
|turn|85
|
|t:|1595887232
|move|p2a: Angemon|Iron Defense|p2a: Angemon
|-boost|p2a: Angemon|def|2
|move|p1a: Rhyperior|Stealth Rock|p2a: Angemon
|-sidestart|p2: death of GOD|move: Stealth Rock
|
|-heal|p1a: Rhyperior|88/100|[from] item: Leftovers
|upkeep
|turn|86
|
|t:|1595887233
|switch|p1a: Corviknight|Corviknight, F|86/100
|-ability|p1a: Corviknight|Pressure
|move|p2a: Angemon|Defog|p1a: Corviknight
|-unboost|p1a: Corviknight|evasion|1
|-sideend|p2: death of GOD|Stealth Rock|[from] move: Defog|[of] p2a: Angemon
|
|upkeep
|turn|87
|
|t:|1595887235
|move|p2a: Angemon|Iron Defense|p2a: Angemon
|-boost|p2a: Angemon|def|2
|move|p1a: Corviknight|Bulk Up|p1a: Corviknight
|-boost|p1a: Corviknight|atk|1
|-boost|p1a: Corviknight|def|1
|
|upkeep
|turn|88
|
|t:|1595887238
|switch|p2a: Agumon|Toxapex, M, shiny|100/100
|move|p1a: Corviknight|Bulk Up|p1a: Corviknight
|-boost|p1a: Corviknight|atk|1
|-boost|p1a: Corviknight|def|1
|
|upkeep
|turn|89
|
|t:|1595887242
|move|p1a: Corviknight|Substitute|p1a: Corviknight
|-start|p1a: Corviknight|Substitute
|-damage|p1a: Corviknight|61/100
|move|p2a: Agumon|Haze|p2a: Agumon
|-clearallboost
|
|upkeep
|turn|90
|
|t:|1595887245
|switch|p2a: Angemon|Corviknight, F, shiny|100/100
|-ability|p2a: Angemon|Pressure
|move|p1a: Corviknight|Bulk Up|p1a: Corviknight
|-boost|p1a: Corviknight|atk|1
|-boost|p1a: Corviknight|def|1
|
|upkeep
|turn|91
|
|t:|1595887247
|switch|p2a: Agumon|Toxapex, M, shiny|100/100
|move|p1a: Corviknight|Roost|p1a: Corviknight
|-heal|p1a: Corviknight|100/100
|-singleturn|p1a: Corviknight|move: Roost
|
|upkeep
|turn|92
|
|t:|1595887250
|switch|p1a: Toxapex|Toxapex, M|100/100
|switch|p2a: Angemon|Corviknight, F, shiny|100/100
|-ability|p2a: Angemon|Pressure
|
|upkeep
|turn|93
|
|t:|1595887252
|switch|p2a: Greymon|Chansey, F, shiny|72/100
|switch|p1a: Rhyperior|Rhyperior, F|88/100
|
|-heal|p1a: Rhyperior|94/100|[from] item: Leftovers
|upkeep
|turn|94
|
|t:|1595887253
|switch|p2a: Angemon|Corviknight, F, shiny|100/100
|-ability|p2a: Angemon|Pressure
|move|p1a: Rhyperior|Stealth Rock|p2a: Angemon
|-sidestart|p2: death of GOD|move: Stealth Rock
|
|-heal|p1a: Rhyperior|99/100|[from] item: Leftovers
|upkeep
|turn|95
|
|t:|1595887256
|switch|p1a: Corviknight|Corviknight, F|100/100
|-ability|p1a: Corviknight|Pressure
|move|p2a: Angemon|Defog|p1a: Corviknight
|-unboost|p1a: Corviknight|evasion|1
|-sideend|p2: death of GOD|Stealth Rock|[from] move: Defog|[of] p2a: Angemon
|
|upkeep
|turn|96
|
|t:|1595887258
|switch|p2a: Agumon|Toxapex, M, shiny|100/100
|switch|p1a: Rhyperior|Rhyperior, F|99/100
|
|-heal|p1a: Rhyperior|100/100|[from] item: Leftovers
|upkeep
|turn|97
|
|t:|1595887260
|switch|p2a: Angemon|Corviknight, F, shiny|100/100
|-ability|p2a: Angemon|Pressure
|move|p1a: Rhyperior|Earthquake|p2a: Angemon
|-immune|p2a: Angemon
|
|upkeep
|turn|98
|
|t:|1595887262
|move|p2a: Angemon|Body Press|p1a: Rhyperior
|-supereffective|p1a: Rhyperior
|-damage|p1a: Rhyperior|75/100
|move|p1a: Rhyperior|Stealth Rock|p2a: Angemon
|-sidestart|p2: death of GOD|move: Stealth Rock
|
|-heal|p1a: Rhyperior|81/100|[from] item: Leftovers
|upkeep
|turn|99
|
|t:|1595887268
|switch|p1a: Corviknight|Corviknight, F|100/100
|-ability|p1a: Corviknight|Pressure
|move|p2a: Angemon|Defog|p1a: Corviknight
|-unboost|p1a: Corviknight|evasion|1
|-sideend|p2: death of GOD|Stealth Rock|[from] move: Defog|[of] p2a: Angemon
|
|upkeep
|turn|100
|
|t:|1595887270
|switch|p2a: Agumon|Toxapex, M, shiny|100/100
|switch|p1a: Rhyperior|Rhyperior, F|81/100
|
|-heal|p1a: Rhyperior|87/100|[from] item: Leftovers
|upkeep
|turn|101
|
|t:|1595887272
|switch|p2a: Angemon|Corviknight, F, shiny|100/100
|-ability|p2a: Angemon|Pressure
|move|p1a: Rhyperior|Stealth Rock|p2a: Angemon
|-sidestart|p2: death of GOD|move: Stealth Rock
|
|-heal|p1a: Rhyperior|94/100|[from] item: Leftovers
|upkeep
|turn|102
|
|t:|1595887275
|switch|p1a: Corviknight|Corviknight, F|100/100
|-ability|p1a: Corviknight|Pressure
|move|p2a: Angemon|Defog|p1a: Corviknight
|-unboost|p1a: Corviknight|evasion|1
|-sideend|p2: death of GOD|Stealth Rock|[from] move: Defog|[of] p2a: Angemon
|
|upkeep
|turn|103
|
|t:|1595887278
|switch|p2a: Agumon|Toxapex, M, shiny|100/100
|switch|p1a: Rhyperior|Rhyperior, F|94/100
|
|-heal|p1a: Rhyperior|99/100|[from] item: Leftovers
|upkeep
|turn|104
|
|t:|1595887282
|switch|p2a: Angemon|Corviknight, F, shiny|100/100
|-ability|p2a: Angemon|Pressure
|move|p1a: Rhyperior|Stealth Rock|p2a: Angemon
|-sidestart|p2: death of GOD|move: Stealth Rock
|
|-heal|p1a: Rhyperior|100/100|[from] item: Leftovers
|upkeep
|turn|105
|
|t:|1595887284
|switch|p1a: Corviknight|Corviknight, F|100/100
|-ability|p1a: Corviknight|Pressure
|move|p2a: Angemon|Defog|p1a: Corviknight
|-unboost|p1a: Corviknight|evasion|1
|-sideend|p2: death of GOD|Stealth Rock|[from] move: Defog|[of] p2a: Angemon
|
|upkeep
|turn|106
|
|t:|1595887286
|switch|p2a: Agumon|Toxapex, M, shiny|100/100
|switch|p1a: Rhyperior|Rhyperior, F|100/100
|
|upkeep
|turn|107
|
|t:|1595887288
|switch|p2a: Angemon|Corviknight, F, shiny|100/100
|-ability|p2a: Angemon|Pressure
|move|p1a: Rhyperior|Stealth Rock|p2a: Angemon
|-sidestart|p2: death of GOD|move: Stealth Rock
|
|upkeep
|turn|108
|
|t:|1595887292
|switch|p1a: Corviknight|Corviknight, F|100/100
|-ability|p1a: Corviknight|Pressure
|move|p2a: Angemon|Defog|p1a: Corviknight
|-unboost|p1a: Corviknight|evasion|1
|-sideend|p2: death of GOD|Stealth Rock|[from] move: Defog|[of] p2a: Angemon
|
|upkeep
|turn|109
|
|t:|1595887294
|switch|p2a: Agumon|Toxapex, M, shiny|100/100
|switch|p1a: Rhyperior|Rhyperior, F|100/100
|
|upkeep
|turn|110
|
|t:|1595887296
|switch|p2a: Angemon|Corviknight, F, shiny|100/100
|-ability|p2a: Angemon|Pressure
|move|p1a: Rhyperior|Stealth Rock|p2a: Angemon
|-sidestart|p2: death of GOD|move: Stealth Rock
|
|upkeep
|turn|111
|
|t:|1595887299
|switch|p1a: Corviknight|Corviknight, F|100/100
|-ability|p1a: Corviknight|Pressure
|move|p2a: Angemon|Defog|p1a: Corviknight
|-unboost|p1a: Corviknight|evasion|1
|-sideend|p2: death of GOD|Stealth Rock|[from] move: Defog|[of] p2a: Angemon
|
|upkeep
|turn|112
|
|t:|1595887302
|switch|p2a: Agumon|Toxapex, M, shiny|100/100
|switch|p1a: Rhyperior|Rhyperior, F|100/100
|
|upkeep
|turn|113
|
|t:|1595887304
|switch|p2a: Gomamon|Mandibuzz, F, shiny|100/100
|move|p1a: Rhyperior|Stealth Rock|p2a: Gomamon
|-sidestart|p2: death of GOD|move: Stealth Rock
|
|upkeep
|turn|114
|
|t:|1595887307
|switch|p1a: Corviknight|Corviknight, F|100/100
|-ability|p1a: Corviknight|Pressure
|move|p2a: Gomamon|Defog|p1a: Corviknight
|-unboost|p1a: Corviknight|evasion|1
|-sideend|p2: death of GOD|Stealth Rock|[from] move: Defog|[of] p2a: Gomamon
|
|upkeep
|turn|115
|
|t:|1595887313
|switch|p2a: Agumon|Toxapex, M, shiny|100/100
|switch|p1a: Rhyperior|Rhyperior, F|100/100
|
|upkeep
|turn|116
|
|t:|1595887316
|switch|p1a: Corviknight|Corviknight, F|100/100
|-ability|p1a: Corviknight|Pressure
|switch|p2a: Angemon|Corviknight, F, shiny|100/100
|-ability|p2a: Angemon|Pressure
|
|upkeep
|turn|117
|
|t:|1595887318
|switch|p2a: Agumon|Toxapex, M, shiny|100/100
|switch|p1a: Rhyperior|Rhyperior, F|100/100
|
|upkeep
|turn|118
|
|t:|1595887319
|switch|p1a: Corviknight|Corviknight, F|100/100
|-ability|p1a: Corviknight|Pressure
|switch|p2a: Angemon|Corviknight, F, shiny|100/100
|-ability|p2a: Angemon|Pressure
|
|upkeep
|turn|119
|
|t:|1595887321
|switch|p2a: Agumon|Toxapex, M, shiny|100/100
|switch|p1a: Rhyperior|Rhyperior, F|100/100
|
|upkeep
|turn|120
|
|t:|1595887322
|switch|p1a: Corviknight|Corviknight, F|100/100
|-ability|p1a: Corviknight|Pressure
|switch|p2a: Angemon|Corviknight, F, shiny|100/100
|-ability|p2a: Angemon|Pressure
|
|upkeep
|turn|121
|
|t:|1595887324
|switch|p2a: Agumon|Toxapex, M, shiny|100/100
|switch|p1a: Rhyperior|Rhyperior, F|100/100
|
|upkeep
|turn|122
|
|t:|1595887325
|switch|p1a: Corviknight|Corviknight, F|100/100
|-ability|p1a: Corviknight|Pressure
|switch|p2a: Angemon|Corviknight, F, shiny|100/100
|-ability|p2a: Angemon|Pressure
|
|upkeep
|turn|123
|
|t:|1595887326
|switch|p2a: Agumon|Toxapex, M, shiny|100/100
|switch|p1a: Rhyperior|Rhyperior, F|100/100
|
|upkeep
|turn|124
|
|t:|1595887328
|switch|p1a: Cinderace|Cinderace, M|100/100
|switch|p2a: Angemon|Corviknight, F, shiny|100/100
|-ability|p2a: Angemon|Pressure
|
|upkeep
|turn|125
|
|t:|1595887329
|switch|p1a: Corviknight|Corviknight, F|100/100
|-ability|p1a: Corviknight|Pressure
|switch|p2a: Agumon|Toxapex, M, shiny|100/100
|
|upkeep
|turn|126
|
|t:|1595887331
|switch|p1a: Rhyperior|Rhyperior, F|100/100
|switch|p2a: Angemon|Corviknight, F, shiny|100/100
|-ability|p2a: Angemon|Pressure
|
|upkeep
|turn|127
|
|t:|1595887334
|switch|p2a: Gomamon|Mandibuzz, F, shiny|100/100
|switch|p1a: Cinderace|Cinderace, M|100/100
|
|upkeep
|turn|128
|
|t:|1595887336
|switch|p1a: Toxapex|Toxapex, M|100/100
|switch|p2a: Agumon|Toxapex, M, shiny|100/100
|
|upkeep
|turn|129
|
|t:|1595887339
|switch|p2a: Greymon|Chansey, F, shiny|72/100
|move|p1a: Toxapex|Scald|p2a: Greymon
|-damage|p2a: Greymon|67/100
|-status|p2a: Greymon|brn
|
|-damage|p2a: Greymon|60/100 brn|[from] brn
|upkeep
|turn|130
|
|t:|1595887342
|switch|p1a: Cinderace|Cinderace, M|100/100
|move|p2a: Greymon|Stealth Rock|p1a: Cinderace
|-sidestart|p1: Lenape|move: Stealth Rock
|
|-damage|p2a: Greymon|54/100 brn|[from] brn
|upkeep
|turn|131
|
|t:|1595887345
|-curestatus|p2a: Greymon|brn|[from] ability: Natural Cure
|switch|p2a: Gomamon|Mandibuzz, F, shiny|100/100
|move|p1a: Cinderace|Court Change|p1a: Cinderace
|-start|p1a: Cinderace|typechange|Normal|[from] ability: Libero
|-sideend|p1: Lenape|Stealth Rock|[silent]
|-sidestart|p2: death of GOD|Stealth Rock|[silent]
|-activate|p1a: Cinderace|move: Court Change
|
|upkeep
|turn|132
|
|t:|1595887350
|switch|p1a: Toxapex|Toxapex, M|100/100
|move|p2a: Gomamon|Defog|p1a: Toxapex
|-unboost|p1a: Toxapex|evasion|1
|-sideend|p2: death of GOD|Stealth Rock|[from] move: Defog|[of] p2a: Gomamon
|
|upkeep
|turn|133
|
|t:|1595887352
|switch|p2a: Greymon|Chansey, F, shiny|54/100
|switch|p1a: Rhyperior|Rhyperior, F|100/100
|
|upkeep
|turn|134
|
|t:|1595887355
|switch|p2a: Angemon|Corviknight, F, shiny|100/100
|-ability|p2a: Angemon|Pressure
|move|p1a: Rhyperior|Rock Blast|p2a: Angemon
|-damage|p2a: Angemon|94/100
|-damage|p2a: Angemon|87/100
|-hitcount|p2a: Angemon|2
|
|upkeep
|turn|135
|
|t:|1595887358
|move|p2a: Angemon|Iron Defense|p2a: Angemon
|-boost|p2a: Angemon|def|2
|move|p1a: Rhyperior|Stealth Rock|p2a: Angemon
|-sidestart|p2: death of GOD|move: Stealth Rock
|
|upkeep
|turn|136
|
|t:|1595887361
|switch|p2a: Gomamon|Mandibuzz, F, shiny|100/100
|switch|p1a: Toxapex|Toxapex, M|100/100
|
|upkeep
|turn|137
|
|t:|1595887365
|switch|p2a: Agumon|Toxapex, M, shiny|100/100
|-damage|p2a: Agumon|88/100|[from] Stealth Rock
|move|p1a: Toxapex|Toxic|p2a: Agumon
|-immune|p2a: Agumon
|
|upkeep
|turn|138
|
|t:|1595887370
|switch|p2a: Greymon|Chansey, F, shiny|54/100
|-damage|p2a: Greymon|42/100|[from] Stealth Rock
|move|p1a: Toxapex|Scald|p2a: Greymon
|-damage|p2a: Greymon|36/100
|
|upkeep
|turn|139
|
|t:|1595887374
|switch|p1a: Cinderace|Cinderace, M|100/100
|move|p2a: Greymon|Soft-Boiled|p2a: Greymon
|-heal|p2a: Greymon|86/100
|
|upkeep
|turn|140
|
|t:|1595887377
|switch|p1a: Toxapex|Toxapex, M|100/100
|switch|p2a: Agumon|Toxapex, M, shiny|100/100
|-damage|p2a: Agumon|88/100|[from] Stealth Rock
|
|upkeep
|turn|141
|
|t:|1595887381
|switch|p1a: Corviknight|Corviknight, F|100/100
|-ability|p1a: Corviknight|Pressure
|move|p2a: Agumon|Toxic|p1a: Corviknight
|-immune|p1a: Corviknight
|
|upkeep
|turn|142
|
|t:|1595887384
|switch|p1a: Toxapex|Toxapex, M|100/100
|switch|p2a: Gomamon|Mandibuzz, F, shiny|100/100
|
|upkeep
|turn|143
|
|t:|1595887388
|switch|p2a: Agumon|Toxapex, M, shiny|100/100
|-damage|p2a: Agumon|88/100|[from] Stealth Rock
|switch|p1a: Cinderace|Cinderace, M|100/100
|
|upkeep
|turn|144
|
|t:|1595887391
|switch|p1a: Corviknight|Corviknight, F|100/100
|-ability|p1a: Corviknight|Pressure
|switch|p2a: Gomamon|Mandibuzz, F, shiny|100/100
|
|upkeep
|turn|145
|
|t:|1595887395
|switch|p1a: Toxapex|Toxapex, M|100/100
|move|p2a: Gomamon|Defog|p1a: Toxapex
|-unboost|p1a: Toxapex|evasion|1
|-sideend|p2: death of GOD|Stealth Rock|[from] move: Defog|[of] p2a: Gomamon
|
|upkeep
|turn|146
|
|t:|1595887399
|switch|p2a: Agumon|Toxapex, M, shiny|100/100
|move|p1a: Toxapex|Toxic|p2a: Agumon
|-immune|p2a: Agumon
|
|upkeep
|turn|147
|
|t:|1595887402
|switch|p2a: Greymon|Chansey, F, shiny|86/100
|move|p1a: Toxapex|Toxic|p2a: Greymon
|-status|p2a: Greymon|tox
|
|-damage|p2a: Greymon|80/100 tox|[from] psn
|upkeep
|turn|148
|
|t:|1595887404
|-curestatus|p2a: Greymon|tox|[from] ability: Natural Cure
|switch|p2a: Agumon|Toxapex, M, shiny|100/100
|switch|p1a: Cinderace|Cinderace, M|100/100
|
|upkeep
|turn|149
|l| garpyarp
|
|t:|1595887408
|switch|p1a: Corviknight|Corviknight, F|100/100
|-ability|p1a: Corviknight|Pressure
|move|p2a: Agumon|Knock Off|p1a: Corviknight
|-damage|p1a: Corviknight|94/100
|
|upkeep
|turn|150
|
|t:|1595887411
|switch|p1a: Toxapex|Toxapex, M|100/100
|switch|p2a: Angemon|Corviknight, F, shiny|87/100
|-ability|p2a: Angemon|Pressure
|
|upkeep
|turn|151
|
|t:|1595887413
|switch|p2a: Greymon|Chansey, F, shiny|80/100
|switch|p1a: Corviknight|Corviknight, F|94/100
|-ability|p1a: Corviknight|Pressure
|
|upkeep
|turn|152
|
|t:|1595887415
|switch|p1a: Toxapex|Toxapex, M|100/100
|move|p2a: Greymon|Thunder Wave|p1a: Toxapex
|-status|p1a: Toxapex|par
|
|upkeep
|turn|153
|
|t:|1595887418
|switch|p1a: Umbreon|Umbreon, F|94/100 tox
|move|p2a: Greymon|Thunder Wave|p1a: Umbreon|[miss]
|-miss|p2a: Greymon|p1a: Umbreon
|
|-heal|p1a: Umbreon|100/100 tox|[from] item: Leftovers
|-damage|p1a: Umbreon|94/100 tox|[from] psn
|upkeep
|turn|154
|
|t:|1595887422
|move|p1a: Umbreon|Heal Bell|p1a: Umbreon
|-activate|p1a: Umbreon|move: Heal Bell
|-curestatus|p1a: Umbreon|tox|[msg]
|-curestatus|p1: Toxapex|par|[msg]
|move|p2a: Greymon|Thunder Wave|p1a: Umbreon
|-status|p1a: Umbreon|par
|
|-heal|p1a: Umbreon|100/100 par|[from] item: Leftovers
|upkeep
|turn|155
|
|t:|1595887424
|switch|p1a: Cinderace|Cinderace, M|100/100
|move|p2a: Greymon|Seismic Toss|p1a: Cinderace
|-damage|p1a: Cinderace|67/100
|
|upkeep
|turn|156
|
|t:|1595887428
|switch|p2a: Agumon|Toxapex, M, shiny|100/100
|move|p1a: Cinderace|Pyro Ball|p2a: Agumon|[miss]
|-miss|p1a: Cinderace|p2a: Agumon
|
|upkeep
|turn|157
|
|t:|1595887432
|switch|p1a: Toxapex|Toxapex, M|100/100
|switch|p2a: Greymon|Chansey, F, shiny|80/100
|
|upkeep
|turn|158
|
|t:|1595887437
|switch|p1a: Corviknight|Corviknight, F|94/100
|-ability|p1a: Corviknight|Pressure
|move|p2a: Greymon|Seismic Toss|p1a: Corviknight
|-damage|p1a: Corviknight|69/100
|
|upkeep
|turn|159
|
|t:|1595887441
|switch|p1a: Umbreon|Umbreon, F|100/100 par
|move|p2a: Greymon|Thunder Wave|p1a: Umbreon
|-fail|p1a: Umbreon|par
|
|upkeep
|turn|160
|
|t:|1595887444
|switch|p1a: Cinderace|Cinderace, M|67/100
|move|p2a: Greymon|Thunder Wave|p1a: Cinderace|[miss]
|-miss|p2a: Greymon|p1a: Cinderace
|
|upkeep
|turn|161
|
|t:|1595887451
|switch|p1a: Corviknight|Corviknight, F|69/100
|-ability|p1a: Corviknight|Pressure
|switch|p2a: Agumon|Toxapex, M, shiny|100/100
|
|upkeep
|turn|162
|
|t:|1595887453
|switch|p1a: Cinderace|Cinderace, M|67/100
|switch|p2a: Angemon|Corviknight, F, shiny|87/100
|-ability|p2a: Angemon|Pressure
|
|upkeep
|turn|163
|
|t:|1595887457
|switch|p1a: Corviknight|Corviknight, F|69/100
|-ability|p1a: Corviknight|Pressure
|switch|p2a: Agumon|Toxapex, M, shiny|100/100
|
|upkeep
|turn|164
|
|t:|1595887461
|switch|p1a: Cinderace|Cinderace, M|67/100
|move|p2a: Agumon|Toxic|p1a: Cinderace
|-status|p1a: Cinderace|tox
|
|-damage|p1a: Cinderace|61/100 tox|[from] psn
|upkeep
|turn|165
|
|t:|1595887467
|switch|p1a: Umbreon|Umbreon, F|100/100 par
|move|p2a: Agumon|Knock Off|p1a: Umbreon
|-resisted|p1a: Umbreon
|-damage|p1a: Umbreon|96/100 par
|-enditem|p1a: Umbreon|Leftovers|[from] move: Knock Off|[of] p2a: Agumon
|
|upkeep
|turn|166
|
|t:|1595887470
|switch|p2a: Angemon|Corviknight, F, shiny|87/100
|-ability|p2a: Angemon|Pressure
|cant|p1a: Umbreon|par
|
|upkeep
|turn|167
|
|t:|1595887473
|switch|p2a: Agumon|Toxapex, M, shiny|100/100
|cant|p1a: Umbreon|par
|
|upkeep
|turn|168
|
|t:|1595887475
|switch|p2a: Angemon|Corviknight, F, shiny|87/100
|-ability|p2a: Angemon|Pressure
|move|p1a: Umbreon|Wish|p1a: Umbreon
|
|upkeep
|turn|169
|
|t:|1595887480
|switch|p2a: Agumon|Toxapex, M, shiny|100/100
|cant|p1a: Umbreon|par
|
|-heal|p1a: Umbreon|100/100 par|[from] move: Wish|[wisher] Umbreon
|upkeep
|turn|170
|
|t:|1595887483
|move|p2a: Agumon|Knock Off|p1a: Umbreon
|-resisted|p1a: Umbreon
|-damage|p1a: Umbreon|98/100 par
|move|p1a: Umbreon|Heal Bell|p1a: Umbreon
|-activate|p1a: Umbreon|move: Heal Bell
|-curestatus|p1a: Umbreon|par|[msg]
|-curestatus|p1: Cinderace|tox|[msg]
|
|upkeep
|turn|171
|
|t:|1595887489
|switch|p1a: Corviknight|Corviknight, F|69/100
|-ability|p1a: Corviknight|Pressure
|switch|p2a: Greymon|Chansey, F, shiny|80/100
|
|upkeep
|turn|172
|
|t:|1595887493
|switch|p1a: Cinderace|Cinderace, M|61/100
|move|p2a: Greymon|Stealth Rock|p1a: Cinderace
|-sidestart|p1: Lenape|move: Stealth Rock
|
|upkeep
|turn|173
|
|t:|1595887499
|move|p1a: Cinderace|Court Change|p1a: Cinderace
|-start|p1a: Cinderace|typechange|Normal|[from] ability: Libero
|-sideend|p1: Lenape|Stealth Rock|[silent]
|-sidestart|p2: death of GOD|Stealth Rock|[silent]
|-activate|p1a: Cinderace|move: Court Change
|move|p2a: Greymon|Thunder Wave|p1a: Cinderace
|-status|p1a: Cinderace|par
|
|upkeep
|turn|174
|
|t:|1595887502
|switch|p2a: Gomamon|Mandibuzz, F, shiny|100/100
|move|p1a: Cinderace|Pyro Ball|p2a: Gomamon
|-start|p1a: Cinderace|typechange|Fire|[from] ability: Libero
|-damage|p2a: Gomamon|66/100
|
|upkeep
|turn|175
|
|t:|1595887506
|switch|p1a: Corviknight|Corviknight, F|69/100
|-ability|p1a: Corviknight|Pressure
|move|p2a: Gomamon|Defog|p1a: Corviknight
|-unboost|p1a: Corviknight|evasion|1
|-sideend|p2: death of GOD|Stealth Rock|[from] move: Defog|[of] p2a: Gomamon
|
|upkeep
|turn|176
|
|t:|1595887509
|switch|p1a: Umbreon|Umbreon, F|98/100
|move|p2a: Gomamon|Roost|p2a: Gomamon
|-heal|p2a: Gomamon|100/100
|-singleturn|p2a: Gomamon|move: Roost
|
|upkeep
|turn|177
|
|t:|1595887514
|switch|p2a: Greymon|Chansey, F, shiny|80/100
|move|p1a: Umbreon|Wish|p1a: Umbreon
|
|upkeep
|turn|178
|j| Tanganui
|
|t:|1595887520
|switch|p1a: Cinderace|Cinderace, M|61/100 par
|move|p2a: Greymon|Seismic Toss|p1a: Cinderace
|-damage|p1a: Cinderace|28/100 par
|
|-heal|p1a: Cinderace|94/100 par|[from] move: Wish|[wisher] Umbreon
|upkeep
|turn|179
|
|t:|1595887525
|switch|p1a: Corviknight|Corviknight, F|69/100
|-ability|p1a: Corviknight|Pressure
|switch|p2a: Agumon|Toxapex, M, shiny|100/100
|
|upkeep
|turn|180
|
|t:|1595887528
|switch|p1a: Umbreon|Umbreon, F|98/100
|switch|p2a: Greymon|Chansey, F, shiny|80/100
|
|upkeep
|turn|181
|
|t:|1595887534
|switch|p1a: Cinderace|Cinderace, M|94/100 par
|switch|p2a: Agumon|Toxapex, M, shiny|100/100
|
|upkeep
|turn|182
|
|t:|1595887537
|switch|p1a: Corviknight|Corviknight, F|69/100
|-ability|p1a: Corviknight|Pressure
|move|p2a: Agumon|Knock Off|p1a: Corviknight
|-damage|p1a: Corviknight|63/100
|
|upkeep
|turn|183
|l| Tanganui
|
|t:|1595887539
|switch|p1a: Cinderace|Cinderace, M|94/100 par
|switch|p2a: Greymon|Chansey, F, shiny|80/100
|
|upkeep
|turn|184
|
|t:|1595887545
|switch|p1a: Corviknight|Corviknight, F|63/100
|-ability|p1a: Corviknight|Pressure
|switch|p2a: Agumon|Toxapex, M, shiny|100/100
|
|upkeep
|turn|185
|
|t:|1595887550
|switch|p1a: Umbreon|Umbreon, F|98/100
|switch|p2a: Angemon|Corviknight, F, shiny|87/100
|-ability|p2a: Angemon|Pressure
|
|upkeep
|turn|186
|
|t:|1595887553
|switch|p2a: Agumon|Toxapex, M, shiny|100/100
|switch|p1a: Corviknight|Corviknight, F|63/100
|-ability|p1a: Corviknight|Pressure
|
|upkeep
|turn|187
|
|t:|1595887556
|switch|p1a: Sylveon|Sylveon, F|100/100
|switch|p2a: Angemon|Corviknight, F, shiny|87/100
|-ability|p2a: Angemon|Pressure
|
|upkeep
|turn|188
|
|t:|1595887558
|switch|p2a: Greymon|Chansey, F, shiny|80/100
|move|p1a: Sylveon|Wish|p1a: Sylveon
|
|upkeep
|turn|189
|
|t:|1595887564
|switch|p1a: Corviknight|Corviknight, F|63/100
|-ability|p1a: Corviknight|Pressure
|switch|p2a: Agumon|Toxapex, M, shiny|100/100
|
|-heal|p1a: Corviknight|100/100|[from] move: Wish|[wisher] Sylveon
|upkeep
|turn|190
|
|t:|1595887567
|switch|p1a: Sylveon|Sylveon, F|100/100
|switch|p2a: Greymon|Chansey, F, shiny|80/100
|
|upkeep
|turn|191
death of GOD is offering a tie.
Lenape accepted the tie.
|
|tie
