|j|☆Kikoobuster
|j|☆bortezomib
|t:|1664801423
|gametype|singles
|player|p1|Kikoobuster|266|1407
|player|p2|bortezomib|265|1338
|teamsize|p1|6
|teamsize|p2|6
|gen|8
|tier|[Gen 8] OU
|rated|
|rule|Sleep Clause Mod: Limit one foe put to sleep
|rule|Species Clause: Limit one of each Pokémon
|rule|OHKO Clause: OHKO moves are banned
|rule|Evasion Items Clause: Evasion items are banned
|rule|Evasion Moves Clause: Evasion moves are banned
|rule|Endless Battle Clause: Forcing endless battles is banned
|rule|HP Percentage Mod: HP is shown in percentages
|rule|Dynamax Clause: You cannot dynamax
|clearpoke
|poke|p1|Lycanroc-Dusk, F|
|poke|p1|Excadrill, F|
|poke|p1|Hawlucha, F|
|poke|p1|Azumarill, F|
|poke|p1|Zeraora|
|poke|p1|Rillaboom, M|
|poke|p2|Pelipper, F|
|poke|p2|Ferrothorn, F|
|poke|p2|Barraskewda, F|
|poke|p2|Landorus-Therian, M|
|poke|p2|Zapdos|
|poke|p2|Seismitoad, F|
|teampreview
|j| DrFloof
|inactive|Battle timer is ON: inactive players will automatically lose when time's up. (requested by Kikoobuster)
|
|t:|1664801430
|start
|switch|p1a: Lycanroc|Lycanroc-Dusk, F|100/100
|switch|p2a: bird|Pelipper, F|100/100
|-weather|RainDance|[from] ability: Drizzle|[of] p2a: bird
|turn|1
|
|t:|1664801447
|switch|p2a: rock|Ferrothorn, F|100/100
|move|p1a: Lycanroc|Stealth Rock|p2a: rock
|-sidestart|p2: bortezomib|move: Stealth Rock
|
|-weather|RainDance|[upkeep]
|upkeep
|turn|2
|
|t:|1664801453
|move|p1a: Lycanroc|Taunt|p2a: rock
|-start|p2a: rock|move: Taunt
|cant|p2a: rock|move: Taunt|Leech Seed
|
|-weather|RainDance|[upkeep]
|upkeep
|turn|3
|
|t:|1664801457
|move|p1a: Lycanroc|Taunt||[still]
|-fail|p1a: Lycanroc
|move|p2a: rock|Power Whip|p1a: Lycanroc
|-supereffective|p1a: Lycanroc
|-enditem|p1a: Lycanroc|Focus Sash
|-damage|p1a: Lycanroc|1/100
|
|-weather|RainDance|[upkeep]
|upkeep
|turn|4
|
|t:|1664801465
|move|p1a: Lycanroc|Endeavor|p2a: rock
|-damage|p2a: rock|1/100
|-damage|p1a: Lycanroc|0 fnt|[from] ability: Iron Barbs|[of] p2a: rock
|faint|p1a: Lycanroc
|move|p2a: rock|Power Whip|p1: Lycanroc|[notarget]
|-fail|p2a: rock
|
|-weather|RainDance|[upkeep]
|-end|p2a: rock|move: Taunt
|upkeep
|
|t:|1664801470
|switch|p1a: Rillaboom|Rillaboom, M|100/100
|-fieldstart|move: Grassy Terrain|[from] ability: Grassy Surge|[of] p1a: Rillaboom
|turn|5
|
|t:|1664801474
|switch|p2a: spiky bird|Zapdos|100/100
|move|p1a: Rillaboom|U-turn|p2a: spiky bird
|-resisted|p2a: spiky bird
|-damage|p2a: spiky bird|77/100
|-status|p1a: Rillaboom|par|[from] ability: Static|[of] p2a: spiky bird
|c| DrFloof|Whaaaat
|
|t:|1664801484
|switch|p1a: Excadrill|Excadrill, F|100/100|[from]move: U-turn
|-ability|p1a: Excadrill|Mold Breaker
|
|-weather|RainDance|[upkeep]
|upkeep
|turn|6
|
|t:|1664801490
|move|p2a: spiky bird|Weather Ball|p1a: Excadrill
|-supereffective|p1a: Excadrill
|-enditem|p1a: Excadrill|Focus Sash
|-damage|p1a: Excadrill|1/100
|move|p1a: Excadrill|Rock Slide|p2a: spiky bird
|-supereffective|p2a: spiky bird
|-damage|p2a: spiky bird|10/100
|
|-weather|RainDance|[upkeep]
|-heal|p1a: Excadrill|7/100|[from] Grassy Terrain
|upkeep
|turn|7
|
|t:|1664801502
|move|p2a: spiky bird|Weather Ball|p1a: Excadrill
|-supereffective|p1a: Excadrill
|-damage|p1a: Excadrill|0 fnt
|faint|p1a: Excadrill
|
|-weather|RainDance|[upkeep]
|upkeep
|
|t:|1664801507
|switch|p1a: Rillaboom|Rillaboom, M|100/100 par
|turn|8
|
|t:|1664801520
|switch|p2a: dog|Landorus-Therian, M|100/100
|-damage|p2a: dog|88/100|[from] Stealth Rock
|-ability|p2a: dog|Intimidate|boost
|-unboost|p1a: Rillaboom|atk|1
|move|p1a: Rillaboom|Grassy Glide|p2a: dog
|-damage|p2a: dog|37/100
|
|-weather|none
|-heal|p2a: dog|43/100|[from] item: Leftovers
|upkeep
|turn|9
|
|t:|1664801528
|switch|p2a: bird|Pelipper, F|100/100
|-damage|p2a: bird|76/100|[from] Stealth Rock
|-weather|RainDance|[from] ability: Drizzle|[of] p2a: bird
|cant|p1a: Rillaboom|par
|
|-weather|RainDance|[upkeep]
|-fieldend|move: Grassy Terrain
|upkeep
|turn|10
|
|t:|1664801536
|switch|p1a: Zeraora|Zeraora|100/100
|move|p2a: bird|Hurricane|p1a: Zeraora
|-resisted|p1a: Zeraora
|-damage|p1a: Zeraora|78/100
|
|-weather|RainDance|[upkeep]
|-heal|p1a: Zeraora|84/100|[from] item: Leftovers
|upkeep
|turn|11
|
|t:|1664801540
|switch|p2a: frog|Seismitoad, F|100/100
|-damage|p2a: frog|95/100|[from] Stealth Rock
|move|p1a: Zeraora|Close Combat|p2a: frog
|-damage|p2a: frog|51/100
|-unboost|p1a: Zeraora|def|1
|-unboost|p1a: Zeraora|spd|1
|
|-weather|RainDance|[upkeep]
|-heal|p1a: Zeraora|90/100|[from] item: Leftovers
|upkeep
|turn|12
|
|t:|1664801550
|move|p2a: frog|Weather Ball|p1a: Zeraora
|-damage|p1a: Zeraora|0 fnt
|faint|p1a: Zeraora
|-damage|p2a: frog|41/100|[from] item: Life Orb
|
|-weather|RainDance|[upkeep]
|upkeep
|
|t:|1664801553
|switch|p1a: Rillaboom|Rillaboom, M|100/100 par
|-fieldstart|move: Grassy Terrain|[from] ability: Grassy Surge|[of] p1a: Rillaboom
|turn|13
|
|t:|1664801573
|move|p1a: Rillaboom|Grassy Glide|p2a: frog
|-supereffective|p2a: frog
|-damage|p2a: frog|0 fnt
|faint|p2a: frog
|
|-weather|RainDance|[upkeep]
|upkeep
|
|t:|1664801580
|switch|p2a: bird|Pelipper, F|76/100
|-damage|p2a: bird|51/100|[from] Stealth Rock
|turn|14
|
|t:|1664801585
|switch|p1a: Azumarill|Azumarill, F, shiny|100/100
|move|p2a: bird|Roost|p2a: bird
|-heal|p2a: bird|100/100
|-singleturn|p2a: bird|move: Roost
|
|-weather|RainDance|[upkeep]
|upkeep
|turn|15
|
|t:|1664801589
|move|p1a: Azumarill|Play Rough|p2a: bird
|-damage|p2a: bird|54/100
|move|p2a: bird|Hurricane|p1a: Azumarill
|-damage|p1a: Azumarill|58/100
|
|-weather|RainDance|[upkeep]
|-heal|p1a: Azumarill|64/100|[from] Grassy Terrain
|upkeep
|turn|16
|
|t:|1664801600
|move|p1a: Azumarill|Knock Off|p2a: bird
|-damage|p2a: bird|24/100
|-enditem|p2a: bird|Damp Rock|[from] move: Knock Off|[of] p1a: Azumarill
|move|p2a: bird|U-turn|p1a: Azumarill
|-resisted|p1a: Azumarill
|-damage|p1a: Azumarill|59/100
|
|t:|1664801612
|switch|p2a: fish|Barraskewda, F|100/100|[from]move: U-turn
|-damage|p2a: fish|88/100|[from] Stealth Rock
|
|-weather|none
|-heal|p2a: fish|94/100|[from] Grassy Terrain
|-heal|p1a: Azumarill|65/100|[from] Grassy Terrain
|upkeep
|turn|17
|
|t:|1664801618
|switch|p2a: bird|Pelipper, F|24/100
|-damage|p2a: bird|0 fnt|[from] Stealth Rock
|faint|p2a: bird
|switch|p1a: Hawlucha|Hawlucha, F|100/100
|-enditem|p1a: Hawlucha|Grassy Seed
|-boost|p1a: Hawlucha|def|1|[from] item: Grassy Seed
|
|-fieldend|move: Grassy Terrain
|upkeep
|
|t:|1664801631
|switch|p2a: dog|Landorus-Therian, M|43/100
|-damage|p2a: dog|31/100|[from] Stealth Rock
|-ability|p2a: dog|Intimidate|boost
|-unboost|p1a: Hawlucha|atk|1
|turn|18
|
|t:|1664801637
|move|p1a: Hawlucha|Acrobatics|p2a: dog
|-damage|p2a: dog|0 fnt
|faint|p2a: dog
|
|upkeep
|c| DrFloof|Does he just sweep here
|-message|bortezomib forfeited.
|
|win|Kikoobuster
|raw|Kikoobuster's rating: 1407 &rarr; <strong>1423</strong><br />(+16 for winning)
|raw|bortezomib's rating: 1338 &rarr; <strong>1322</strong><br />(-16 for losing)
|l|☆bortezomib
|c|☆Kikoobuster|yes
|c| DrFloof|Lmao
|c|☆Kikoobuster|gg
|c| DrFloof|Hawlucha is so busted lol
|l|☆Kikoobuster
