|j|☆gewwge
|j|☆Delibird Heart
|inactive|Battle timer is ON: inactive players will automatically lose when time's up.
|t:|1666647888
|gametype|singles
|player|p1|gewwge|169|
|player|p2|Delibird Heart|guitarist-gen4|
|teamsize|p1|6
|teamsize|p2|6
|gen|8
|tier|[Gen 8] OU
|rated|Tournament battle
|rule|Sleep Clause Mod: Limit one foe put to sleep
|rule|Species Clause: Limit one of each Pokémon
|rule|OHKO Clause: OHKO moves are banned
|rule|Evasion Items Clause: Evasion items are banned
|rule|Evasion Moves Clause: Evasion moves are banned
|rule|Endless Battle Clause: Forcing endless battles is banned
|rule|HP Percentage Mod: HP is shown in percentages
|rule|Dynamax Clause: You cannot dynamax
|rule|Inverse Mod: Weaknesses become resistances, while resistances and immunities become weaknesses.
|
|t:|1666647888
|start
|switch|p1a: Porygon-Z|Porygon-Z|100/100
|switch|p2a: Blacephalon|Blacephalon|100/100
|turn|1
|inactive|Delibird Heart also wants the timer to be on.
|j| Suuicunee
|j| eXgirlXjeze
|c|☆gewwge|I regret specs....
|
|t:|1666647904
|switch|p1a: Rotom|Rotom-Wash, shiny|100/100
|move|p2a: Blacephalon|Dark Pulse|p1a: Rotom
|-damage|p1a: Rotom|68/100
|-damage|p2a: Blacephalon|91/100|[from] item: Life Orb
|
|-heal|p1a: Rotom|74/100|[from] item: Leftovers
|upkeep
|turn|2
|j| Duranti-Meta
|c|☆gewwge|oh shoot
|c| Duranti-Meta|gl hf
|c|☆gewwge|hf
|
|t:|1666647920
|switch|p1a: Melmetal|Melmetal, shiny|100/100
|move|p2a: Blacephalon|Nasty Plot|p2a: Blacephalon
|-boost|p2a: Blacephalon|spa|2
|
|upkeep
|turn|3
|c| Duranti-Meta|see lead durant woulda killed this mf
|c|☆gewwge|true
|c|☆Delibird Heart|oh shit
|c|☆Delibird Heart|im wrong evs
|c|☆gewwge|I just want to spam normal type in inverse
|c|☆gewwge|hm
|c|☆Delibird Heart|im so dumb
|c|☆Delibird Heart|lol
|c|☆gewwge|that sounds interesting
|c|☆Delibird Heart|i have 0 spatk hahahaa
|inactive|gewwge has 120 seconds left.
|c| Duranti-Meta|tbh most of my team was untested because durant just killed every single team i faced in this tour
|j| ThisIsntHilarious
|c|☆Delibird Heart|durant is crazy in inverse
|c|☆Delibird Heart|most bug types are
|inactive|gewwge has 90 seconds left.
|l| ThisIsntHilarious
|c|☆gewwge|u lied :(
|c| eXgirlXjeze|Duranti-Meta do u actually only run durant in ou
|c| Duranti-Meta|the only thing holding durant back normally is his lackluster offensive stabs
|
|t:|1666648002
|switch|p1a: Rotom|Rotom-Wash, shiny|74/100
|move|p2a: Blacephalon|Sludge Bomb|p1a: Rotom
|-damage|p1a: Rotom|28/100
|-damage|p2a: Blacephalon|81/100|[from] item: Life Orb
|
|-heal|p1a: Rotom|35/100|[from] item: Leftovers
|upkeep
|turn|4
|c| Duranti-Meta|yes
|c| eXgirlXjeze|icon?
|
|t:|1666648006
|move|p2a: Blacephalon|Dark Pulse|p1a: Rotom
|-damage|p1a: Rotom|0 fnt
|faint|p1a: Rotom
|-damage|p2a: Blacephalon|71/100|[from] item: Life Orb
|
|upkeep
|
|t:|1666648008
|switch|p1a: Kartana|Kartana|100/100
|turn|5
|
|t:|1666648012
|switch|p2a: Solrock|Solrock|100/100
|move|p1a: Kartana|Smart Strike|p2a: Solrock
|-resisted|p2a: Solrock
|-damage|p2a: Solrock|83/100
|
|-heal|p2a: Solrock|89/100|[from] item: Leftovers
|upkeep
|turn|6
|c| eXgirlXjeze|wouldnt ti check weave actually
|
|t:|1666648020
|switch|p1a: Porygon-Z|Porygon-Z|100/100
|move|p2a: Solrock|Stealth Rock|p1a: Porygon-Z
|-sidestart|p1: gewwge|move: Stealth Rock
|
|-heal|p2a: Solrock|95/100|[from] item: Leftovers
|upkeep
|turn|7
|
|t:|1666648039
|switch|p2a: Blacephalon|Blacephalon|71/100
|move|p1a: Porygon-Z|Tri Attack|p2a: Blacephalon
|-damage|p2a: Blacephalon|0 fnt
|replace|p2a: Zoroark|Zoroark, F
|-end|p2a: Zoroark|Illusion
|faint|p2a: Zoroark
|
|upkeep
|c|☆gewwge|:o
|j| Pikablu007
|c|☆gewwge|oh
|l| Pikablu007
|c|☆gewwge|ic
|c| Duranti-Meta|lol zoroark
|c|☆Delibird Heart|i had a sd zoroark last round
|c|☆gewwge|no wonder it runs dark pulse
|c|☆Delibird Heart|and forgot to change evs
|c| Duranti-Meta|tbf tho i used avalugg
|inactive|Delibird Heart has 120 seconds left.
|c|☆Delibird Heart|lmao
|c|☆Delibird Heart|it was 0 spatk max atak
|c|☆Delibird Heart|haha
|c| Duranti-Meta|avalugg has no weaknesses in this draft except ice
|c| Duranti-Meta|its also pretty nutty
|c|☆gewwge|ahhh
|
|t:|1666648081
|switch|p2a: Regidrago|Regidrago|100/100
|turn|8
|inactive|gewwge has 120 seconds left.
|c| Duranti-Meta|i mean tour not draft
|c| eXgirlXjeze|lmfao avalugg s+ in all inverse
|c|☆gewwge|durnati it dies to any good spa user
|
|t:|1666648092
|move|p2a: Regidrago|Draco Meteor|p1a: Porygon-Z
|-damage|p1a: Porygon-Z|0 fnt
|-unboost|p2a: Regidrago|spa|2
|faint|p1a: Porygon-Z
|
|upkeep
|c|☆gewwge|pz is useless
|
|t:|1666648100
|switch|p1a: Garchomp|Garchomp, M|100/100
|-damage|p1a: Garchomp|75/100|[from] Stealth Rock
|turn|9
|
|t:|1666648105
|switch|p2a: Solrock|Solrock|95/100
|move|p1a: Garchomp|Toxic|p2a: Solrock
|-status|p2a: Solrock|tox
|
|-heal|p1a: Garchomp|82/100|[from] item: Leftovers
|-heal|p2a: Solrock|100/100 tox|[from] item: Leftovers
|-damage|p2a: Solrock|94/100 tox|[from] psn
|upkeep
|turn|10
|c| Duranti-Meta|yeah but its not supposed to be a special wall
|
|t:|1666648109
|move|p1a: Garchomp|Protect|p1a: Garchomp
|-singleturn|p1a: Garchomp|Protect
|move|p2a: Solrock|Will-O-Wisp|p1a: Garchomp
|-activate|p1a: Garchomp|move: Protect
|
|-heal|p1a: Garchomp|88/100|[from] item: Leftovers
|-heal|p2a: Solrock|100/100 tox|[from] item: Leftovers
|-damage|p2a: Solrock|88/100 tox|[from] psn
|upkeep
|turn|11
|c|☆gewwge|:o
|c|☆gewwge|:(
|
|t:|1666648117
|move|p1a: Garchomp|Stealth Rock|p2a: Solrock
|-sidestart|p2: Delibird Heart|move: Stealth Rock
|move|p2a: Solrock|Will-O-Wisp|p1a: Garchomp|[miss]
|-miss|p2a: Solrock|p1a: Garchomp
|
|-heal|p1a: Garchomp|94/100|[from] item: Leftovers
|-heal|p2a: Solrock|94/100 tox|[from] item: Leftovers
|-damage|p2a: Solrock|75/100 tox|[from] psn
|upkeep
|turn|12
|c| Duranti-Meta|if you want a special ice wall use cryogonal instead, pretty much special avalugg
|
|t:|1666648126
|switch|p2a: Zeraora|Zeraora|100/100
|-damage|p2a: Zeraora|88/100|[from] Stealth Rock
|move|p1a: Garchomp|Protect||[still]
|-fail|p1a: Garchomp
|
|-heal|p1a: Garchomp|99/100|[from] item: Leftovers
|upkeep
|turn|13
|
|t:|1666648129
|move|p2a: Zeraora|Bulk Up|p2a: Zeraora
|-boost|p2a: Zeraora|atk|1
|-boost|p2a: Zeraora|def|1
|move|p1a: Garchomp|Toxic|p2a: Zeraora
|-status|p2a: Zeraora|tox
|
|-heal|p1a: Garchomp|100/100|[from] item: Leftovers
|-damage|p2a: Zeraora|82/100 tox|[from] psn
|upkeep
|turn|14
|
|t:|1666648135
|switch|p1a: Buzzwole|Buzzwole|100/100
|-damage|p1a: Buzzwole|88/100|[from] Stealth Rock
|move|p2a: Zeraora|Bulk Up|p2a: Zeraora
|-boost|p2a: Zeraora|atk|1
|-boost|p2a: Zeraora|def|1
|
|-damage|p2a: Zeraora|70/100 tox|[from] psn
|upkeep
|turn|15
|j| knexhawk2
|l| Duranti-Meta
|
|t:|1666648140
|move|p2a: Zeraora|Knock Off|p1a: Buzzwole
|-supereffective|p1a: Buzzwole
|-damage|p1a: Buzzwole|0 fnt
|-damage|p2a: Zeraora|54/100 tox|[from] item: Rocky Helmet|[of] p1a: Buzzwole
|-enditem|p1a: Buzzwole|Rocky Helmet|[from] move: Knock Off|[of] p2a: Zeraora
|faint|p1a: Buzzwole
|-damage|p2a: Zeraora|44/100 tox|[from] item: Life Orb
|
|-damage|p2a: Zeraora|26/100 tox|[from] psn
|upkeep
|
|t:|1666648142
|switch|p1a: Kartana|Kartana|100/100
|-damage|p1a: Kartana|76/100|[from] Stealth Rock
|turn|16
|c| knexhawk2|I see a distinct lack of avalugg
|
|t:|1666648156
|move|p1a: Kartana|Sacred Sword|p2a: Zeraora
|-damage|p2a: Zeraora|0 fnt
|faint|p2a: Zeraora
|-ability|p1a: Kartana|Beast Boost|boost
|-boost|p1a: Kartana|atk|1
|
|upkeep
|
|t:|1666648162
|switch|p2a: Solrock|Solrock|75/100 tox
|-damage|p2a: Solrock|63/100 tox|[from] Stealth Rock
|turn|17
|
|t:|1666648167
|switch|p1a: Garchomp|Garchomp, M|100/100
|-damage|p1a: Garchomp|75/100|[from] Stealth Rock
|move|p2a: Solrock|Will-O-Wisp|p1a: Garchomp
|-status|p1a: Garchomp|brn
|
|-heal|p1a: Garchomp|82/100 brn|[from] item: Leftovers
|-heal|p2a: Solrock|69/100 tox|[from] item: Leftovers
|-damage|p2a: Solrock|63/100 tox|[from] psn
|-damage|p1a: Garchomp|75/100 brn|[from] brn
|upkeep
|turn|18
|
|t:|1666648182
|move|p1a: Garchomp|Toxic|p2a: Solrock
|-fail|p2a: Solrock|tox
|move|p2a: Solrock|Morning Sun|p2a: Solrock
|-heal|p2a: Solrock|100/100 tox
|
|-heal|p1a: Garchomp|82/100 brn|[from] item: Leftovers
|-damage|p2a: Solrock|88/100 tox|[from] psn
|-damage|p1a: Garchomp|75/100 brn|[from] brn
|upkeep
|turn|19
|
|t:|1666648185
|move|p1a: Garchomp|Toxic|p2a: Solrock
|-fail|p2a: Solrock|tox
|move|p2a: Solrock|Rock Slide|p1a: Garchomp
|-supereffective|p1a: Garchomp
|-crit|p1a: Garchomp
|-damage|p1a: Garchomp|10/100 brn
|
|-heal|p1a: Garchomp|16/100 brn|[from] item: Leftovers
|-heal|p2a: Solrock|94/100 tox|[from] item: Leftovers
|-damage|p2a: Solrock|75/100 tox|[from] psn
|-damage|p1a: Garchomp|10/100 brn|[from] brn
|upkeep
|turn|20
|
|t:|1666648196
|switch|p2a: Blacephalon|Blacephalon|100/100
|-damage|p2a: Blacephalon|94/100|[from] Stealth Rock
|move|p1a: Garchomp|Protect||[still]
|-fail|p1a: Garchomp
|
|-heal|p1a: Garchomp|16/100 brn|[from] item: Leftovers
|-damage|p1a: Garchomp|10/100 brn|[from] brn
|upkeep
|turn|21
|l| knexhawk2
|
|t:|1666648203
|move|p2a: Blacephalon|Shadow Ball|p1a: Garchomp
|-damage|p1a: Garchomp|0 fnt
|faint|p1a: Garchomp
|-ability|p2a: Blacephalon|Beast Boost|boost
|-boost|p2a: Blacephalon|spa|1
|
|upkeep
|c|☆gewwge|ah gg
|
|t:|1666648206
|switch|p1a: Kartana|Kartana|76/100
|-damage|p1a: Kartana|51/100|[from] Stealth Rock
|turn|22
|
|t:|1666648210
|move|p1a: Kartana|Sacred Sword|p2a: Blacephalon
|-supereffective|p2a: Blacephalon
|-damage|p2a: Blacephalon|0 fnt
|faint|p2a: Blacephalon
|-ability|p1a: Kartana|Beast Boost|boost
|-boost|p1a: Kartana|atk|1
|
|upkeep
|
|t:|1666648212
|switch|p2a: Solrock|Solrock|75/100 tox
|-damage|p2a: Solrock|63/100 tox|[from] Stealth Rock
|turn|23
|
|t:|1666648215
|move|p1a: Kartana|Sacred Sword|p2a: Solrock
|-crit|p2a: Solrock
|-damage|p2a: Solrock|0 fnt
|faint|p2a: Solrock
|-ability|p1a: Kartana|Beast Boost|boost
|-boost|p1a: Kartana|atk|1
|
|upkeep
|c|☆gewwge|ah
|c|☆gewwge|mb
|c|☆Delibird Heart|man
|c|☆Delibird Heart|:'(
|c|☆gewwge|max def?
|c|☆Delibird Heart|yeah
|
|t:|1666648228
|switch|p2a: Regidrago|Regidrago|100/100
|-damage|p2a: Regidrago|88/100|[from] Stealth Rock
|turn|24
|c|☆gewwge|ya that ct was critical
|inactive|gewwge has 120 seconds left.
|c|☆Delibird Heart|you wanna switch ?
|c|☆Delibird Heart|lmao
|l| eXgirlXjeze
|inactive|gewwge has 90 seconds left.
|c|☆gewwge|idk man
|c|☆gewwge|can u like
|c|☆gewwge|~~spoil ur last mon?~~
|inactive|gewwge has 60 seconds left.
|c|☆Delibird Heart|yeah
|c|☆Delibird Heart|its ninjask
|c|☆gewwge|wait
|c|☆gewwge|oh
|c|☆gewwge|nvm
|inactive|gewwge has 30 seconds left.
|c|☆gewwge|I was like
|c|☆gewwge|it should be eleki
|
|t:|1666648355
|move|p1a: Kartana|Sacred Sword|p2a: Regidrago
|-damage|p2a: Regidrago|0 fnt
|faint|p2a: Regidrago
|-ability|p1a: Kartana|Beast Boost|boost
|-boost|p1a: Kartana|atk|1
|
|upkeep
|inactive|gewwge has 30 seconds left this turn.
|
|t:|1666648359
|switch|p2a: Ninjask|Ninjask, M|100/100
|-damage|p2a: Ninjask|97/100|[from] Stealth Rock
|turn|25
|c|☆gewwge|nvm ig
|
|t:|1666648369
|move|p1a: Kartana|Sacred Sword|p2a: Ninjask
|-supereffective|p2a: Ninjask
|-damage|p2a: Ninjask|0 fnt
|faint|p2a: Ninjask
|
|win|gewwge
|n|☆gewwge|gewwge
|n|☆Delibird Heart|delibirdheart
|n| Suuicunee|suuicunee
