|j|☆return nirvana
|j|☆Ansleme
|inactive|Battle timer is ON: inactive players will automatically lose when time's up.
|t:|1650876354
|gametype|singles
|player|p1|return nirvana|gambler-gen1|
|player|p2|Ansleme|gambler|
|teamsize|p1|6
|teamsize|p2|6
|gen|8
|tier|[Gen 8] OU
|rated|Tournament battle
|rule|Sleep Clause Mod: Limit one foe put to sleep
|rule|Species Clause: Limit one of each Pokémon
|rule|OHKO Clause: OHKO moves are banned
|rule|Evasion Moves Clause: Evasion moves are banned
|rule|Endless Battle Clause: Forcing endless battles is banned
|rule|HP Percentage Mod: HP is shown in percentages
|rule|Dynamax Clause: You cannot dynamax
|clearpoke
|poke|p1|Omastar, M|
|poke|p1|Pelipper, M|
|poke|p1|Barraskewda, F|
|poke|p1|Melmetal|
|poke|p1|Landorus-Therian, M|
|poke|p1|Zeraora|
|poke|p2|Azumarill, F|
|poke|p2|Garchomp, M|
|poke|p2|Tyranitar, M|
|poke|p2|Dracozolt|
|poke|p2|Corviknight, M|
|poke|p2|Weavile, M|
|teampreview
|inactive|Ansleme also wants the timer to be on.
|c|☆return nirvana|hf
|j| clean cuts
|
|t:|1650876371
|start
|switch|p1a: Omastar|Omastar, M|100/100
|switch|p2a: Weavile|Weavile, M|100/100
|-ability|p2a: Weavile|Pressure
|turn|1
|
|t:|1650876379
|move|p2a: Weavile|Knock Off|p1a: Omastar
|-damage|p1a: Omastar|32/100
|-enditem|p1a: Omastar|Focus Sash|[from] move: Knock Off|[of] p2a: Weavile
|move|p1a: Omastar|Shell Smash|p1a: Omastar
|-unboost|p1a: Omastar|def|1
|-unboost|p1a: Omastar|spd|1
|-boost|p1a: Omastar|atk|2
|-boost|p1a: Omastar|spa|2
|-boost|p1a: Omastar|spe|2
|
|upkeep
|turn|2
|j| Popipo010
|
|t:|1650876402
|switch|p2a: Corviknight|Corviknight, M|100/100
|-ability|p2a: Corviknight|Pressure
|move|p1a: Omastar|Surf|p2a: Corviknight
|-damage|p2a: Corviknight|13/100
|
|-heal|p2a: Corviknight|19/100|[from] item: Leftovers
|upkeep
|turn|3
|
|t:|1650876417
|move|p1a: Omastar|Surf|p2a: Corviknight
|-damage|p2a: Corviknight|0 fnt
|faint|p2a: Corviknight
|
|upkeep
|
|t:|1650876419
|switch|p2a: Weavile|Weavile, M|100/100
|-ability|p2a: Weavile|Pressure
|turn|4
|j| ibuki0227
|
|t:|1650876421
|move|p2a: Weavile|Ice Shard|p1a: Omastar
|-resisted|p1a: Omastar
|-damage|p1a: Omastar|8/100
|move|p1a: Omastar|Surf|p2a: Weavile
|-damage|p2a: Weavile|0 fnt
|faint|p2a: Weavile
|
|upkeep
|l| ibuki0227
|
|t:|1650876426
|switch|p2a: Tyranitar|Tyranitar, M|100/100
|-weather|Sandstorm|[from] ability: Sand Stream|[of] p2a: Tyranitar
|turn|5
|
|t:|1650876431
|move|p1a: Omastar|Surf|p2a: Tyranitar
|-supereffective|p2a: Tyranitar
|-damage|p2a: Tyranitar|29/100
|move|p2a: Tyranitar|Earthquake|p1a: Omastar
|-supereffective|p1a: Omastar
|-damage|p1a: Omastar|0 fnt
|faint|p1a: Omastar
|
|-weather|Sandstorm|[upkeep]
|-heal|p2a: Tyranitar|35/100|[from] item: Leftovers
|upkeep
|
|t:|1650876440
|switch|p1a: Barraskewda|Barraskewda, F|100/100
|turn|6
|
|t:|1650876447
|switch|p2a: Azumarill|Azumarill, F|100/100
|move|p1a: Barraskewda|Flip Turn|p2a: Azumarill
|-resisted|p2a: Azumarill
|-damage|p2a: Azumarill|74/100
|
|t:|1650876454
|switch|p1a: Melmetal|Melmetal|100/100|[from]move: Flip Turn
|
|-weather|Sandstorm|[upkeep]
|-damage|p2a: Azumarill|67/100|[from] Sandstorm
|upkeep
|turn|7
|
|t:|1650876461
|move|p2a: Azumarill|Brick Break|p1a: Melmetal
|-supereffective|p1a: Melmetal
|-damage|p1a: Melmetal|50/100
|move|p1a: Melmetal|Double Iron Bash|p2a: Azumarill
|-damage|p2a: Azumarill|5/100
|-damage|p2a: Azumarill|0 fnt
|faint|p2a: Azumarill
|-hitcount|p2: Azumarill|2
|
|-weather|Sandstorm|[upkeep]
|upkeep
|
|t:|1650876467
|switch|p2a: Dracozolt|Dracozolt|100/100
|turn|8
|
|t:|1650876475
|switch|p1a: Landorus|Landorus-Therian, M|100/100
|-ability|p1a: Landorus|Intimidate|boost
|-unboost|p2a: Dracozolt|atk|1
|move|p2a: Dracozolt|Fire Blast|p1a: Landorus
|-damage|p1a: Landorus|62/100
|-damage|p2a: Dracozolt|91/100|[from] item: Life Orb
|
|-weather|Sandstorm|[upkeep]
|upkeep
|turn|9
|
|t:|1650876481
|switch|p1a: Pelipper|Pelipper, M|100/100
|-weather|RainDance|[from] ability: Drizzle|[of] p1a: Pelipper
|move|p2a: Dracozolt|Draco Meteor|p1a: Pelipper
|-damage|p1a: Pelipper|47/100
|-unboost|p2a: Dracozolt|spa|2
|-damage|p2a: Dracozolt|81/100|[from] item: Life Orb
|
|-weather|RainDance|[upkeep]
|upkeep
|turn|10
|
|t:|1650876489
|switch|p2a: Tyranitar|Tyranitar, M|35/100
|-weather|Sandstorm|[from] ability: Sand Stream|[of] p2a: Tyranitar
|switch|p1a: Landorus|Landorus-Therian, M|62/100
|-ability|p1a: Landorus|Intimidate|boost
|-unboost|p2a: Tyranitar|atk|1
|
|-weather|Sandstorm|[upkeep]
|-heal|p2a: Tyranitar|42/100|[from] item: Leftovers
|upkeep
|turn|11
|
|t:|1650876497
|switch|p2a: Garchomp|Garchomp, M|100/100
|move|p1a: Landorus|Explosion|p2a: Garchomp
|-enditem|p1a: Landorus|Normal Gem|[from] gem
|-damage|p2a: Garchomp|0 fnt
|faint|p1a: Landorus
|faint|p2a: Garchomp
|
|-weather|Sandstorm|[upkeep]
|upkeep
|
|t:|1650876503
|switch|p2a: Dracozolt|Dracozolt|81/100
|switch|p1a: Pelipper|Pelipper, M|47/100
|-weather|RainDance|[from] ability: Drizzle|[of] p1a: Pelipper
|turn|12
|
|t:|1650876516
|switch|p1a: Melmetal|Melmetal|50/100
|move|p2a: Dracozolt|Draco Meteor|p1a: Melmetal
|-resisted|p1a: Melmetal
|-damage|p1a: Melmetal|21/100
|-unboost|p2a: Dracozolt|spa|2
|-damage|p2a: Dracozolt|71/100|[from] item: Life Orb
|
|-weather|RainDance|[upkeep]
|upkeep
|turn|13
|
|t:|1650876524
|move|p2a: Dracozolt|Earthquake|p1a: Melmetal
|-supereffective|p1a: Melmetal
|-damage|p1a: Melmetal|0 fnt
|faint|p1a: Melmetal
|-damage|p2a: Dracozolt|61/100|[from] item: Life Orb
|
|-weather|RainDance|[upkeep]
|upkeep
|
|t:|1650876527
|switch|p1a: Barraskewda|Barraskewda, F|100/100
|turn|14
|
|t:|1650876531
|switch|p2a: Tyranitar|Tyranitar, M|42/100
|-weather|Sandstorm|[from] ability: Sand Stream|[of] p2a: Tyranitar
|move|p1a: Barraskewda|Close Combat|p2a: Tyranitar
|-supereffective|p2a: Tyranitar
|-damage|p2a: Tyranitar|0 fnt
|-unboost|p1a: Barraskewda|def|1
|-unboost|p1a: Barraskewda|spd|1
|faint|p2a: Tyranitar
|
|-weather|Sandstorm|[upkeep]
|-damage|p1a: Barraskewda|94/100|[from] Sandstorm
|upkeep
|
|t:|1650876538
|switch|p2a: Dracozolt|Dracozolt|61/100
|turn|15
|
|t:|1650876541
|switch|p1a: Pelipper|Pelipper, M|47/100
|-weather|RainDance|[from] ability: Drizzle|[of] p1a: Pelipper
|move|p2a: Dracozolt|Bolt Beak|p1a: Pelipper
|-supereffective|p1a: Pelipper
|-damage|p1a: Pelipper|0 fnt
|faint|p1a: Pelipper
|-damage|p2a: Dracozolt|51/100|[from] item: Life Orb
|
|-weather|RainDance|[upkeep]
|upkeep
|
|t:|1650876542
|switch|p1a: Barraskewda|Barraskewda, F|94/100
|turn|16
|c|☆return nirvana|gg
|
|t:|1650876548
|move|p1a: Barraskewda|Close Combat|p2a: Dracozolt
|-damage|p2a: Dracozolt|0 fnt
|-unboost|p1a: Barraskewda|def|1
|-unboost|p1a: Barraskewda|spd|1
|faint|p2a: Dracozolt
|
|win|return nirvana
|n|☆return nirvana|returnnirvana
|n|☆Ansleme|ansleme
|n| clean cuts|cleancuts
|n| Popipo010|popipo010
