|j|☆Poopy but geeks
|j|☆legitteambuilder
|t:|1652949917
|gametype|singles
|player|p1|Poopy but geeks|emmet|1579
|player|p2|legitteambuilder|lance|1582
|teamsize|p1|6
|teamsize|p2|6
|gen|8
|tier|[Gen 8] OU
|rated|
|rule|Sleep Clause Mod: Limit one foe put to sleep
|rule|Species Clause: Limit one of each Pokémon
|rule|OHKO Clause: OHKO moves are banned
|rule|Evasion Moves Clause: Evasion moves are banned
|rule|Endless Battle Clause: Forcing endless battles is banned
|rule|HP Percentage Mod: HP is shown in percentages
|rule|Dynamax Clause: You cannot dynamax
|clearpoke
|poke|p1|Aron, L1, M|
|poke|p1|Excadrill, F|
|poke|p1|Tyranitar, M|
|poke|p1|Slowbro, F|
|poke|p1|Buzzwole|
|poke|p1|Regieleki|
|poke|p2|Venusaur, M|
|poke|p2|Torkoal, M|
|poke|p2|Heatran, M|
|poke|p2|Blissey, F|
|poke|p2|Victini|
|poke|p2|Landorus-Therian, M|
|teampreview
|
|t:|1652949926
|start
|switch|p1a: Slowbro|Slowbro, F|100/100
|switch|p2a: Torkoal|Torkoal, M|100/100
|-weather|SunnyDay|[from] ability: Drought|[of] p2a: Torkoal
|turn|1
|
|t:|1652949931
|move|p1a: Slowbro|Future Sight|p2a: Torkoal
|-start|p1a: Slowbro|move: Future Sight
|move|p2a: Torkoal|Stealth Rock|p1a: Slowbro
|-sidestart|p1: Poopy but geeks|move: Stealth Rock
|
|-weather|SunnyDay|[upkeep]
|upkeep
|turn|2
|inactive|Battle timer is ON: inactive players will automatically lose when time's up. (requested by Poopy but geeks)
|
|t:|1652949944
|switch|p2a: Victini|Victini|100/100
|move|p1a: Slowbro|Teleport|p1a: Slowbro
|
|t:|1652949954
|switch|p1a: Tyranitar|Tyranitar, M|100/100|[from]move: Teleport
|-damage|p1a: Tyranitar|88/100|[from] Stealth Rock
|-weather|Sandstorm|[from] ability: Sand Stream|[of] p1a: Tyranitar
|
|-weather|Sandstorm|[upkeep]
|-damage|p2a: Victini|94/100|[from] Sandstorm
|upkeep
|turn|3
|
|t:|1652949965
|move|p2a: Victini|U-turn|p1a: Tyranitar
|-supereffective|p1a: Tyranitar
|-damage|p1a: Tyranitar|54/100
|
|t:|1652949968
|switch|p2a: Landorus|Landorus-Therian, M|100/100|[from]move: U-turn
|-ability|p2a: Landorus|Intimidate|boost
|-unboost|p1a: Tyranitar|atk|1
|move|p1a: Tyranitar|Stealth Rock|p2a: Landorus
|-sidestart|p2: legitteambuilder|move: Stealth Rock
|
|-weather|Sandstorm|[upkeep]
|-end|p2a: Landorus|move: Future Sight
|-damage|p2a: Landorus|71/100
|-heal|p2a: Landorus|77/100|[from] item: Leftovers
|upkeep
|turn|4
|
|t:|1652949977
|switch|p1a: Buzzwole|Buzzwole|100/100
|-damage|p1a: Buzzwole|88/100|[from] Stealth Rock
|move|p2a: Landorus|Defog|p1a: Buzzwole
|-unboost|p1a: Buzzwole|evasion|1
|-sideend|p1: Poopy but geeks|Stealth Rock|[from] move: Defog|[of] p2a: Landorus
|-sideend|p2: legitteambuilder|Stealth Rock|[from] move: Defog|[of] p2a: Landorus
|
|-weather|Sandstorm|[upkeep]
|-damage|p1a: Buzzwole|82/100|[from] Sandstorm
|-heal|p2a: Landorus|83/100|[from] item: Leftovers
|upkeep
|turn|5
|
|t:|1652949987
|switch|p2a: Torkoal|Torkoal, M|100/100
|-weather|SunnyDay|[from] ability: Drought|[of] p2a: Torkoal
|move|p1a: Buzzwole|Ice Punch|p2a: Torkoal
|-resisted|p2a: Torkoal
|-damage|p2a: Torkoal|92/100
|
|-weather|SunnyDay|[upkeep]
|upkeep
|turn|6
|
|t:|1652949998
|switch|p1a: Tyranitar|Tyranitar, M|54/100
|-weather|Sandstorm|[from] ability: Sand Stream|[of] p1a: Tyranitar
|move|p2a: Torkoal|Yawn|p1a: Tyranitar
|-start|p1a: Tyranitar|move: Yawn|[of] p2a: Torkoal
|
|-weather|Sandstorm|[upkeep]
|-damage|p2a: Torkoal|86/100|[from] Sandstorm
|upkeep
|turn|7
|
|t:|1652950003
|switch|p1a: Slowbro|Slowbro, F|100/100
|move|p2a: Torkoal|Stealth Rock|p1a: Slowbro
|-sidestart|p1: Poopy but geeks|move: Stealth Rock
|
|-weather|Sandstorm|[upkeep]
|-damage|p1a: Slowbro|94/100|[from] Sandstorm
|-damage|p2a: Torkoal|80/100|[from] Sandstorm
|upkeep
|turn|8
|
|t:|1652950020
|switch|p2a: Blissey|Blissey, F|100/100
|move|p1a: Slowbro|Future Sight|p2a: Blissey
|-start|p1a: Slowbro|move: Future Sight
|
|-weather|Sandstorm|[upkeep]
|-damage|p2a: Blissey|94/100|[from] Sandstorm
|-damage|p1a: Slowbro|88/100|[from] Sandstorm
|upkeep
|turn|9
|
|t:|1652950027
|move|p2a: Blissey|Toxic|p1a: Slowbro
|-status|p1a: Slowbro|tox
|move|p1a: Slowbro|Teleport|p1a: Slowbro
|
|t:|1652950032
|switch|p1a: Excadrill|Excadrill, F|100/100|[from]move: Teleport
|-damage|p1a: Excadrill|97/100|[from] Stealth Rock
|-item|p1a: Excadrill|Air Balloon
|
|-weather|Sandstorm|[upkeep]
|-damage|p2a: Blissey|88/100|[from] Sandstorm
|upkeep
|turn|10
|
|t:|1652950045
|switch|p2a: Landorus|Landorus-Therian, M|83/100
|-ability|p2a: Landorus|Intimidate|boost
|-unboost|p1a: Excadrill|atk|1
|move|p1a: Excadrill|Swords Dance|p1a: Excadrill
|-boost|p1a: Excadrill|atk|2
|
|-weather|Sandstorm|[upkeep]
|-end|p2a: Landorus|move: Future Sight
|-damage|p2a: Landorus|49/100
|-heal|p2a: Landorus|55/100|[from] item: Leftovers
|upkeep
|turn|11
|
|t:|1652950051
|switch|p2a: Torkoal|Torkoal, M|80/100
|-weather|SunnyDay|[from] ability: Drought|[of] p2a: Torkoal
|move|p1a: Excadrill|Iron Head|p2a: Torkoal
|-resisted|p2a: Torkoal
|-damage|p2a: Torkoal|58/100
|
|-weather|SunnyDay|[upkeep]
|upkeep
|turn|12
|
|t:|1652950066
|switch|p2a: Landorus|Landorus-Therian, M|55/100
|-ability|p2a: Landorus|Intimidate|boost
|-unboost|p1a: Excadrill|atk|1
|move|p1a: Excadrill|Earthquake|p2a: Landorus
|-immune|p2a: Landorus
|
|-weather|SunnyDay|[upkeep]
|-heal|p2a: Landorus|61/100|[from] item: Leftovers
|upkeep
|turn|13
|
|t:|1652950072
|move|p1a: Excadrill|Rapid Spin|p2a: Landorus
|-damage|p2a: Landorus|40/100
|-boost|p1a: Excadrill|spe|1
|-sideend|p1: Poopy but geeks|Stealth Rock|[from] move: Rapid Spin|[of] p1a: Excadrill
|move|p2a: Landorus|U-turn|p1a: Excadrill
|-resisted|p1a: Excadrill
|-damage|p1a: Excadrill|82/100
|-enditem|p1a: Excadrill|Air Balloon
|
|t:|1652950077
|switch|p2a: Victini|Victini|94/100|[from]move: U-turn
|
|-weather|SunnyDay|[upkeep]
|upkeep
|turn|14
|
|t:|1652950098
|switch|p1a: Tyranitar|Tyranitar, M|54/100
|-weather|Sandstorm|[from] ability: Sand Stream|[of] p1a: Tyranitar
|move|p2a: Victini|V-create|p1a: Tyranitar
|-resisted|p1a: Tyranitar
|-damage|p1a: Tyranitar|24/100
|-unboost|p2a: Victini|spe|1
|-unboost|p2a: Victini|def|1
|-unboost|p2a: Victini|spd|1
|
|-weather|Sandstorm|[upkeep]
|-damage|p2a: Victini|88/100|[from] Sandstorm
|upkeep
|turn|15
|
|t:|1652950107
|switch|p1a: Slowbro|Slowbro, F|100/100 tox
|move|p2a: Victini|V-create|p1a: Slowbro
|-resisted|p1a: Slowbro
|-damage|p1a: Slowbro|77/100 tox
|-unboost|p2a: Victini|spe|1
|-unboost|p2a: Victini|def|1
|-unboost|p2a: Victini|spd|1
|
|-weather|Sandstorm|[upkeep]
|-damage|p2a: Victini|82/100|[from] Sandstorm
|-damage|p1a: Slowbro|71/100 tox|[from] Sandstorm
|-damage|p1a: Slowbro|65/100 tox|[from] psn
|upkeep
|turn|16
|
|t:|1652950129
|switch|p2a: Torkoal|Torkoal, M|58/100
|-weather|SunnyDay|[from] ability: Drought|[of] p2a: Torkoal
|move|p1a: Slowbro|Teleport|p1a: Slowbro
|inactive|Poopy but geeks has 120 seconds left.
|
|t:|1652950148
|switch|p1a: Aron|Aron, L1, M, shiny|100/100|[from]move: Teleport
|
|-weather|SunnyDay|[upkeep]
|upkeep
|turn|17
|
|t:|1652950160
|move|p2a: Torkoal|Lava Plume|p1a: Aron
|-ability|p1a: Aron|Sturdy
|-damage|p1a: Aron|9/100
|move|p1a: Aron|Endeavor|p2a: Torkoal
|-damage|p2a: Torkoal|1/100
|-heal|p1a: Aron|100/100|[from] item: Shell Bell|[of] p2a: Torkoal
|
|-weather|SunnyDay|[upkeep]
|upkeep
|turn|18
|inactive|Poopy but geeks has 120 seconds left.
|inactive|legitteambuilder has 120 seconds left.
|inactive|legitteambuilder has 90 seconds left.
|
|t:|1652950221
|switch|p1a: Tyranitar|Tyranitar, M|24/100
|-weather|Sandstorm|[from] ability: Sand Stream|[of] p1a: Tyranitar
|move|p2a: Torkoal|Lava Plume|p1a: Tyranitar
|-resisted|p1a: Tyranitar
|-damage|p1a: Tyranitar|19/100
|-status|p1a: Tyranitar|brn
|
|-weather|Sandstorm|[upkeep]
|-damage|p2a: Torkoal|0 fnt|[from] Sandstorm
|faint|p2a: Torkoal
|-damage|p1a: Tyranitar|13/100 brn|[from] brn
|upkeep
|inactive|legitteambuilder has 90 seconds left.
|
|t:|1652950242
|switch|p2a: Victini|Victini|82/100
|turn|19
|inactive|Poopy but geeks has 120 seconds left.
|
|t:|1652950259
|switch|p1a: Slowbro|Slowbro, F|98/100 tox
|move|p2a: Victini|U-turn|p1a: Slowbro
|-supereffective|p1a: Slowbro
|-damage|p1a: Slowbro|74/100 tox
|
|t:|1652950268
|switch|p2a: Venusaur|Venusaur, M|100/100|[from]move: U-turn
|
|-weather|Sandstorm|[upkeep]
|-damage|p2a: Venusaur|95/100|[from] Sandstorm
|-damage|p1a: Slowbro|68/100 tox|[from] Sandstorm
|-damage|p1a: Slowbro|62/100 tox|[from] psn
|upkeep
|turn|20
|inactive|legitteambuilder has 90 seconds left.
|inactive|Poopy but geeks has 120 seconds left.
|
|t:|1652950296
|switch|p1a: Buzzwole|Buzzwole|82/100
|move|p2a: Venusaur|Sludge Bomb|p1a: Buzzwole
|-damage|p1a: Buzzwole|24/100
|-status|p1a: Buzzwole|psn
|
|-weather|Sandstorm|[upkeep]
|-damage|p2a: Venusaur|89/100|[from] Sandstorm
|-damage|p1a: Buzzwole|17/100 psn|[from] Sandstorm
|-damage|p1a: Buzzwole|5/100 psn|[from] psn
|upkeep
|turn|21
|
|t:|1652950307
|move|p2a: Venusaur|Weather Ball|p1a: Buzzwole
|-crit|p1a: Buzzwole
|-damage|p1a: Buzzwole|0 fnt
|faint|p1a: Buzzwole
|
|-weather|Sandstorm|[upkeep]
|-damage|p2a: Venusaur|83/100|[from] Sandstorm
|upkeep
|inactive|Poopy but geeks has 120 seconds left.
|
|t:|1652950317
|switch|p1a: Excadrill|Excadrill, F|82/100
|turn|22
|
|t:|1652950322
|move|p1a: Excadrill|Iron Head|p2a: Venusaur
|-damage|p2a: Venusaur|25/100
|move|p2a: Venusaur|Giga Drain|p1a: Excadrill
|-damage|p1a: Excadrill|35/100
|-heal|p2a: Venusaur|54/100|[from] drain|[of] p1a: Excadrill
|
|-weather|Sandstorm|[upkeep]
|-damage|p2a: Venusaur|48/100|[from] Sandstorm
|upkeep
|turn|23
|inactive|legitteambuilder has 90 seconds left.
|
|t:|1652950334
|move|p1a: Excadrill|Iron Head|p2a: Venusaur
|-damage|p2a: Venusaur|0 fnt
|faint|p2a: Venusaur
|
|-weather|Sandstorm|[upkeep]
|upkeep
|
|t:|1652950352
|switch|p2a: Heatran|Heatran, M|100/100
|-item|p2a: Heatran|Air Balloon
|turn|24
|
|t:|1652950375
|switch|p1a: Slowbro|Slowbro, F|95/100 tox
|move|p2a: Heatran|Earth Power|p1a: Slowbro
|-damage|p1a: Slowbro|60/100 tox
|
|-weather|Sandstorm|[upkeep]
|-damage|p1a: Slowbro|54/100 tox|[from] Sandstorm
|-damage|p1a: Slowbro|48/100 tox|[from] psn
|upkeep
|turn|25
|inactive|legitteambuilder has 90 seconds left.
|
|t:|1652950385
|switch|p2a: Blissey|Blissey, F|88/100
|move|p1a: Slowbro|Teleport|p1a: Slowbro
|inactive|Poopy but geeks has 120 seconds left.
|
|t:|1652950407
|switch|p1a: Aron|Aron, L1, M, shiny|100/100|[from]move: Teleport
|
|-weather|none
|upkeep
|turn|26
|inactive|legitteambuilder has 90 seconds left.
|
|t:|1652950440
|move|p2a: Blissey|Seismic Toss|p1a: Aron
|-ability|p1a: Aron|Sturdy
|-damage|p1a: Aron|9/100
|move|p1a: Aron|Endeavor|p2a: Blissey
|-damage|p2a: Blissey|1/100
|-heal|p1a: Aron|100/100|[from] item: Shell Bell|[of] p2a: Blissey
|
|upkeep
|turn|27
|
|t:|1652950446
|move|p2a: Blissey|Soft-Boiled|p2a: Blissey
|-heal|p2a: Blissey|51/100
|move|p1a: Aron|Toxic|p2a: Blissey
|-status|p2a: Blissey|tox
|
|-damage|p2a: Blissey|44/100 tox|[from] psn
|upkeep
|turn|28
|
|t:|1652950466
|move|p1a: Aron|Endeavor|p2a: Blissey
|-damage|p2a: Blissey|2/100 tox
|move|p2a: Blissey|Teleport|p2a: Blissey
|
|t:|1652950472
|-curestatus|p2a: Blissey|tox|[from] ability: Natural Cure
|switch|p2a: Victini|Victini|82/100|[from]move: Teleport
|
|upkeep
|turn|29
|
|t:|1652950494
|switch|p1a: Tyranitar|Tyranitar, M|13/100 brn
|-weather|Sandstorm|[from] ability: Sand Stream|[of] p1a: Tyranitar
|move|p2a: Victini|Trick|p1a: Tyranitar
|-activate|p2a: Victini|move: Trick|[of] p1a: Tyranitar
|-item|p1a: Tyranitar|Choice Scarf|[from] move: Trick
|-item|p2a: Victini|Smooth Rock|[from] move: Trick
|
|-weather|Sandstorm|[upkeep]
|-damage|p2a: Victini|76/100|[from] Sandstorm
|-damage|p1a: Tyranitar|7/100 brn|[from] brn
|upkeep
|turn|30
|c|☆legitteambuilder|big ass threat
|inactive|legitteambuilder has 90 seconds left.
|
|t:|1652950514
|move|p2a: Victini|U-turn|p1a: Tyranitar
|-supereffective|p1a: Tyranitar
|-damage|p1a: Tyranitar|0 fnt
|faint|p1a: Tyranitar
|
|t:|1652950518
|switch|p2a: Landorus|Landorus-Therian, M|40/100|[from]move: U-turn
|
|-weather|Sandstorm|[upkeep]
|-heal|p2a: Landorus|46/100|[from] item: Leftovers
|upkeep
|inactive|Poopy but geeks has 120 seconds left.
|
|t:|1652950535
|switch|p1a: Aron|Aron, L1, M, shiny|100/100
|turn|31
|
|t:|1652950538
|move|p2a: Landorus|U-turn|p1a: Aron
|-resisted|p1a: Aron
|-ability|p1a: Aron|Sturdy
|-damage|p1a: Aron|9/100
|
|t:|1652950549
|switch|p2a: Blissey|Blissey, F|2/100|[from]move: U-turn
|move|p1a: Aron|Endeavor|p2a: Blissey
|-damage|p2a: Blissey|1/100
|-heal|p1a: Aron|17/100|[from] item: Shell Bell|[of] p2a: Blissey
|
|-weather|Sandstorm|[upkeep]
|-damage|p2a: Blissey|0 fnt|[from] Sandstorm
|faint|p2a: Blissey
|upkeep
|
|t:|1652950555
|switch|p2a: Landorus|Landorus-Therian, M|46/100
|-ability|p2a: Landorus|Intimidate|boost
|-unboost|p1a: Aron|atk|1
|turn|32
|
|t:|1652950559
|move|p2a: Landorus|Earthquake|p1a: Aron
|-supereffective|p1a: Aron
|-damage|p1a: Aron|0 fnt
|faint|p1a: Aron
|
|-weather|Sandstorm|[upkeep]
|-heal|p2a: Landorus|52/100|[from] item: Leftovers
|upkeep
|
|t:|1652950562
|switch|p1a: Excadrill|Excadrill, F|35/100
|turn|33
|c|☆legitteambuilder|finally
|
|t:|1652950567
|move|p1a: Excadrill|Iron Head|p2a: Landorus
|-damage|p2a: Landorus|7/100
|cant|p2a: Landorus|flinch
|
|-weather|Sandstorm|[upkeep]
|-heal|p2a: Landorus|13/100|[from] item: Leftovers
|upkeep
|turn|34
|
|t:|1652950578
|switch|p2a: Victini|Victini|76/100
|move|p1a: Excadrill|Iron Head|p2a: Victini
|-resisted|p2a: Victini
|-damage|p2a: Victini|54/100
|
|-weather|Sandstorm|[upkeep]
|-damage|p2a: Victini|48/100|[from] Sandstorm
|upkeep
|turn|35
|
|t:|1652950589
|move|p1a: Excadrill|Earthquake|p2a: Victini
|-supereffective|p2a: Victini
|-damage|p2a: Victini|0 fnt
|faint|p2a: Victini
|
|-weather|Sandstorm|[upkeep]
|upkeep
|
|t:|1652950590
|switch|p2a: Heatran|Heatran, M|100/100
|-item|p2a: Heatran|Air Balloon
|turn|36
|inactive|Poopy but geeks has 120 seconds left.
|
|t:|1652950631
|move|p1a: Excadrill|Iron Head|p2a: Heatran
|-resisted|p2a: Heatran
|-damage|p2a: Heatran|89/100
|-enditem|p2a: Heatran|Air Balloon
|cant|p2a: Heatran|flinch
|
|-weather|none
|upkeep
|turn|37
|c|☆legitteambuilder|nah
|
|t:|1652950639
|switch|p2a: Landorus|Landorus-Therian, M|13/100
|-ability|p2a: Landorus|Intimidate|boost
|-unboost|p1a: Excadrill|atk|1
|move|p1a: Excadrill|Earthquake|p2a: Landorus
|-immune|p2a: Landorus
|
|-heal|p2a: Landorus|19/100|[from] item: Leftovers
|upkeep
|turn|38
|inactive|Poopy but geeks has 120 seconds left.
|c|☆legitteambuilder|thats so lucky
|-message|legitteambuilder forfeited.
|
|win|Poopy but geeks
|raw|Poopy but geeks's rating: 1579 &rarr; <strong>1599</strong><br />(+20 for winning)
|raw|legitteambuilder's rating: 1582 &rarr; <strong>1562</strong><br />(-20 for losing)
|l|☆legitteambuilder
