|j|☆gaenisalbino
|j|☆x555
|t:|1635255927
|gametype|singles
|player|p1|gaenisalbino|blue|1626
|player|p2|x555|mira|1600
|teamsize|p1|6
|teamsize|p2|6
|gen|8
|tier|[Gen 8] OU
|rated|
|rule|Sleep Clause Mod: Limit one foe put to sleep
|rule|Species Clause: Limit one of each Pokémon
|rule|OHKO Clause: OHKO moves are banned
|rule|Evasion Moves Clause: Evasion moves are banned
|rule|Endless Battle Clause: Forcing endless battles is banned
|rule|HP Percentage Mod: HP is shown in percentages
|rule|Dynamax Clause: You cannot dynamax
|clearpoke
|poke|p1|Tapu Fini|
|poke|p1|Magnezone|
|poke|p1|Blissey, F|
|poke|p1|Melmetal|
|poke|p1|Dragapult, M|
|poke|p1|Landorus-Therian, M|
|poke|p2|Dragapult, F|
|poke|p2|Pelipper, M|
|poke|p2|Frosmoth, M|
|poke|p2|Scizor, F|
|poke|p2|Toxapex, M|
|poke|p2|Seismitoad, M|
|teampreview
|j| 2023aa
|j| fzqserdfgh
|
|t:|1635255985
|start
|switch|p1a: Dragapult|Dragapult, M|100/100
|switch|p2a: Pelipper|Pelipper, M|100/100
|-weather|RainDance|[from] ability: Drizzle|[of] p2a: Pelipper
|turn|1
|c|☆x555|hf
|
|t:|1635256030
|switch|p2a: Toxapex|Toxapex, M|100/100
|move|p1a: Dragapult|Shadow Ball|p2a: Toxapex
|-damage|p2a: Toxapex|57/100
|
|-weather|RainDance|[upkeep]
|-heal|p2a: Toxapex|63/100|[from] item: Black Sludge
|upkeep
|turn|2
|c|☆gaenisalbino|Hf
|
|t:|1635256046
|switch|p1a: Magnezone|Magnezone|100/100
|move|p2a: Toxapex|Recover|p2a: Toxapex
|-heal|p2a: Toxapex|100/100
|
|-weather|RainDance|[upkeep]
|upkeep
|turn|3
|
|t:|1635256059
|switch|p1a: Tapu Fini|Tapu Fini|100/100
|-fieldstart|move: Misty Terrain|[from] ability: Misty Surge|[of] p1a: Tapu Fini
|switch|p2a: Seismitoad|Seismitoad, M|100/100
|
|-weather|RainDance|[upkeep]
|upkeep
|turn|4
|
|t:|1635256072
|move|p1a: Tapu Fini|Scald|p2a: Seismitoad
|-immune|p2a: Seismitoad|[from] ability: Water Absorb
|move|p2a: Seismitoad|Earthquake|p1a: Tapu Fini
|-damage|p1a: Tapu Fini|78/100
|
|-weather|RainDance|[upkeep]
|-heal|p1a: Tapu Fini|84/100|[from] item: Leftovers
|upkeep
|turn|5
|inactive|Battle timer is ON: inactive players will automatically lose when time's up. (requested by x555)
|
|t:|1635256092
|move|p1a: Tapu Fini|Calm Mind|p1a: Tapu Fini
|-boost|p1a: Tapu Fini|spa|1
|-boost|p1a: Tapu Fini|spd|1
|move|p2a: Seismitoad|Knock Off|p1a: Tapu Fini
|-resisted|p1a: Tapu Fini
|-damage|p1a: Tapu Fini|76/100
|-enditem|p1a: Tapu Fini|Leftovers|[from] move: Knock Off|[of] p2a: Seismitoad
|
|-weather|none
|upkeep
|turn|6
|
|t:|1635256102
|switch|p2a: Toxapex|Toxapex, M|100/100
|move|p1a: Tapu Fini|Calm Mind|p1a: Tapu Fini
|-boost|p1a: Tapu Fini|spa|1
|-boost|p1a: Tapu Fini|spd|1
|
|upkeep
|turn|7
|
|t:|1635256105
|move|p1a: Tapu Fini|Taunt|p2a: Toxapex
|-start|p2a: Toxapex|move: Taunt
|cant|p2a: Toxapex|move: Taunt|Haze
|
|-fieldend|Misty Terrain
|upkeep
|turn|8
|
|t:|1635256121
|switch|p2a: Frosmoth|Frosmoth, M|100/100
|move|p1a: Tapu Fini|Calm Mind|p1a: Tapu Fini
|-boost|p1a: Tapu Fini|spa|1
|-boost|p1a: Tapu Fini|spd|1
|
|upkeep
|turn|9
|
|t:|1635256128
|move|p1a: Tapu Fini|Taunt|p2a: Frosmoth
|-start|p2a: Frosmoth|move: Taunt
|cant|p2a: Frosmoth|move: Taunt|Stun Spore
|
|upkeep
|turn|10
|
|t:|1635256133
|move|p1a: Tapu Fini|Calm Mind|p1a: Tapu Fini
|-boost|p1a: Tapu Fini|spa|1
|-boost|p1a: Tapu Fini|spd|1
|move|p2a: Frosmoth|U-turn|p1a: Tapu Fini
|-resisted|p1a: Tapu Fini
|-damage|p1a: Tapu Fini|71/100
|
|t:|1635256146
|switch|p2a: Dragapult|Dragapult, F|100/100|[from]move: U-turn
|
|upkeep
|turn|11
|
|t:|1635256156
|move|p2a: Dragapult|U-turn|p1a: Tapu Fini
|-resisted|p1a: Tapu Fini
|-damage|p1a: Tapu Fini|62/100
|
|t:|1635256175
|switch|p2a: Scizor|Scizor, F|100/100|[from]move: U-turn
|move|p1a: Tapu Fini|Draining Kiss|p2a: Scizor
|-resisted|p2a: Scizor
|-damage|p2a: Scizor|70/100
|-heal|p1a: Tapu Fini|83/100|[from] drain|[of] p2a: Scizor
|
|-heal|p2a: Scizor|76/100|[from] item: Leftovers
|upkeep
|turn|12
|
|t:|1635256183
|switch|p2a: Toxapex|Toxapex, M|100/100
|move|p1a: Tapu Fini|Scald|p2a: Toxapex
|-resisted|p2a: Toxapex
|-damage|p2a: Toxapex|70/100
|
|-heal|p2a: Toxapex|76/100|[from] item: Black Sludge
|upkeep
|turn|13
|
|t:|1635256191
|move|p1a: Tapu Fini|Taunt|p2a: Toxapex
|-start|p2a: Toxapex|move: Taunt
|move|p2a: Toxapex|Scald|p1a: Tapu Fini
|-resisted|p1a: Tapu Fini
|-damage|p1a: Tapu Fini|81/100
|
|-heal|p2a: Toxapex|82/100|[from] item: Black Sludge
|upkeep
|turn|14
|
|t:|1635256200
|move|p1a: Tapu Fini|Draining Kiss|p2a: Toxapex
|-resisted|p2a: Toxapex
|-damage|p2a: Toxapex|62/100
|-heal|p1a: Tapu Fini|95/100|[from] drain|[of] p2a: Toxapex
|move|p2a: Toxapex|Scald|p1a: Tapu Fini
|-resisted|p1a: Tapu Fini
|-damage|p1a: Tapu Fini|92/100
|-status|p1a: Tapu Fini|brn
|
|-heal|p2a: Toxapex|68/100|[from] item: Black Sludge
|-damage|p1a: Tapu Fini|86/100 brn|[from] brn
|upkeep
|turn|15
|
|t:|1635256208
|move|p1a: Tapu Fini|Scald|p2a: Toxapex
|-resisted|p2a: Toxapex
|-damage|p2a: Toxapex|37/100
|move|p2a: Toxapex|Scald|p1a: Tapu Fini
|-resisted|p1a: Tapu Fini
|-damage|p1a: Tapu Fini|84/100 brn
|
|-heal|p2a: Toxapex|43/100|[from] item: Black Sludge
|-damage|p1a: Tapu Fini|78/100 brn|[from] brn
|-end|p2a: Toxapex|move: Taunt
|upkeep
|turn|16
|
|t:|1635256215
|switch|p2a: Scizor|Scizor, F|76/100
|move|p1a: Tapu Fini|Taunt|p2a: Scizor
|-start|p2a: Scizor|move: Taunt
|
|-heal|p2a: Scizor|82/100|[from] item: Leftovers
|-damage|p1a: Tapu Fini|72/100 brn|[from] brn
|upkeep
|turn|17
|
|t:|1635256220
|move|p2a: Scizor|Bullet Punch|p1a: Tapu Fini
|-damage|p1a: Tapu Fini|51/100 brn
|move|p1a: Tapu Fini|Scald|p2a: Scizor
|-damage|p2a: Scizor|0 fnt
|faint|p2a: Scizor
|
|-damage|p1a: Tapu Fini|45/100 brn|[from] brn
|upkeep
|
|t:|1635256226
|switch|p2a: Dragapult|Dragapult, F|100/100
|turn|18
|
|t:|1635256229
|move|p2a: Dragapult|Phantom Force||[still]
|-prepare|p2a: Dragapult|Phantom Force
|move|p1a: Tapu Fini|Draining Kiss|p2a: Dragapult|[miss]
|-miss|p1a: Tapu Fini|p2a: Dragapult
|
|-damage|p1a: Tapu Fini|39/100 brn|[from] brn
|upkeep
|turn|19
|
|t:|1635256234
|move|p2a: Dragapult|Phantom Force|p1a: Tapu Fini|[from]lockedmove
|-damage|p1a: Tapu Fini|8/100 brn
|move|p1a: Tapu Fini|Draining Kiss|p2a: Dragapult
|-supereffective|p2a: Dragapult
|-damage|p2a: Dragapult|0 fnt
|-heal|p1a: Tapu Fini|79/100 brn|[from] drain|[of] p2a: Dragapult
|faint|p2a: Dragapult
|
|-damage|p1a: Tapu Fini|73/100 brn|[from] brn
|upkeep
|c|☆gaenisalbino|Should be gg
|c|☆x555|yes
|c|☆x555|gg
|-message|x555 forfeited.
|
|win|gaenisalbino
|raw|gaenisalbino's rating: 1626 &rarr; <strong>1645</strong><br />(+19 for winning)
|raw|x555's rating: 1600 &rarr; <strong>1581</strong><br />(-19 for losing)
