|j|☆Gurtrant
|j|☆Windsom
|t:|1641947825
|gametype|singles
|player|p1|Gurtrant|veteran|1584
|player|p2|Windsom|hilbert|1577
|teamsize|p1|6
|teamsize|p2|6
|gen|8
|tier|[Gen 8] OU
|rated|
|rule|Sleep Clause Mod: Limit one foe put to sleep
|rule|Species Clause: Limit one of each Pokémon
|rule|OHKO Clause: OHKO moves are banned
|rule|Evasion Moves Clause: Evasion moves are banned
|rule|Endless Battle Clause: Forcing endless battles is banned
|rule|HP Percentage Mod: HP is shown in percentages
|rule|Dynamax Clause: You cannot dynamax
|clearpoke
|poke|p1|Pelipper, F|
|poke|p1|Heliolisk, F|
|poke|p1|Seismitoad, F|
|poke|p1|Barraskewda, M|
|poke|p1|Ferrothorn, F|
|poke|p1|Zapdos|
|poke|p2|Tapu Fini|
|poke|p2|Hawlucha, F|
|poke|p2|Dragapult, F|
|poke|p2|Bisharp, F|
|poke|p2|Mew|
|poke|p2|Landorus-Therian, M|
|teampreview
|inactive|Battle timer is ON: inactive players will automatically lose when time's up. (requested by Gurtrant)
|c|☆Windsom|gl hf
|
|t:|1641947835
|start
|switch|p1a: Pelipper|Pelipper, F|100/100
|switch|p2a: Musashi|Landorus-Therian, M|100/100
|-ability|p2a: Musashi|Intimidate|boost
|-unboost|p1a: Pelipper|atk|1
|-weather|RainDance|[from] ability: Drizzle|[of] p1a: Pelipper
|turn|1
|
|t:|1641947840
|move|p2a: Musashi|Stealth Rock|p1a: Pelipper
|-sidestart|p1: Gurtrant|move: Stealth Rock
|move|p1a: Pelipper|U-turn|p2a: Musashi
|-resisted|p2a: Musashi
|-damage|p2a: Musashi|97/100
|
|t:|1641947843
|switch|p1a: Seismitoad|Seismitoad, F|100/100|[from]move: U-turn
|-damage|p1a: Seismitoad|94/100|[from] Stealth Rock
|
|-weather|RainDance|[upkeep]
|upkeep
|turn|2
|
|t:|1641947850
|switch|p2a: Mikazuki|Tapu Fini|100/100
|-fieldstart|move: Misty Terrain|[from] ability: Misty Surge|[of] p2a: Mikazuki
|move|p1a: Seismitoad|Stealth Rock|p2a: Mikazuki
|-sidestart|p2: Windsom|move: Stealth Rock
|
|-weather|RainDance|[upkeep]
|upkeep
|turn|3
|
|t:|1641947858
|switch|p1a: Heliolisk|Heliolisk, F, shiny|100/100
|-damage|p1a: Heliolisk|88/100|[from] Stealth Rock
|switch|p2a: Dojigiri|Bisharp, F|100/100
|-damage|p2a: Dojigiri|95/100|[from] Stealth Rock
|
|-weather|RainDance|[upkeep]
|-heal|p1a: Heliolisk|100/100|[from] ability: Dry Skin
|upkeep
|turn|4
|inactive|Windsom has 120 seconds left.
|
|t:|1641947899
|move|p1a: Heliolisk|Volt Switch|p2a: Dojigiri
|-damage|p2a: Dojigiri|18/100
|-damage|p1a: Heliolisk|91/100|[from] item: Life Orb
|
|t:|1641947903
|switch|p1a: Zapdos|Zapdos|100/100|[from]move: Volt Switch
|move|p2a: Dojigiri|Swords Dance|p2a: Dojigiri
|-boost|p2a: Dojigiri|atk|2
|
|-weather|RainDance|[upkeep]
|upkeep
|turn|5
|inactive|Windsom has 120 seconds left.
|
|t:|1641947911
|move|p2a: Dojigiri|Sucker Punch|p1a: Zapdos
|-damage|p1a: Zapdos|31/100
|move|p1a: Zapdos|Thunder|p2a: Dojigiri
|-damage|p2a: Dojigiri|0 fnt
|faint|p2a: Dojigiri
|
|-weather|RainDance|[upkeep]
|upkeep
|inactive|Windsom has 120 seconds left.
|
|t:|1641947922
|switch|p2a: Mikazuki|Tapu Fini|100/100
|-damage|p2a: Mikazuki|88/100|[from] Stealth Rock
|turn|6
|inactive|Windsom has 120 seconds left.
|
|t:|1641947927
|switch|p2a: Musashi|Landorus-Therian, M|97/100
|-damage|p2a: Musashi|85/100|[from] Stealth Rock
|-ability|p2a: Musashi|Intimidate|boost
|-unboost|p1a: Zapdos|atk|1
|switch|p1a: Heliolisk|Heliolisk, F, shiny|91/100
|-damage|p1a: Heliolisk|78/100|[from] Stealth Rock
|
|-weather|RainDance|[upkeep]
|-heal|p1a: Heliolisk|91/100|[from] ability: Dry Skin
|-fieldend|Misty Terrain
|upkeep
|turn|7
|inactive|Windsom has 120 seconds left.
|
|t:|1641947939
|switch|p1a: Zapdos|Zapdos|31/100
|move|p2a: Musashi|Earthquake|p1a: Zapdos
|-immune|p1a: Zapdos
|
|-weather|RainDance|[upkeep]
|upkeep
|turn|8
|
|t:|1641947948
|switch|p2a: Mikazuki|Tapu Fini|88/100
|-damage|p2a: Mikazuki|75/100|[from] Stealth Rock
|-fieldstart|move: Misty Terrain|[from] ability: Misty Surge|[of] p2a: Mikazuki
|move|p1a: Zapdos|Roost|p1a: Zapdos
|-heal|p1a: Zapdos|81/100
|-singleturn|p1a: Zapdos|move: Roost
|
|-weather|none
|-heal|p2a: Mikazuki|82/100|[from] item: Leftovers
|upkeep
|turn|9
|
|t:|1641947956
|switch|p1a: Heliolisk|Heliolisk, F, shiny|91/100
|-damage|p1a: Heliolisk|78/100|[from] Stealth Rock
|move|p2a: Mikazuki|Calm Mind|p2a: Mikazuki
|-boost|p2a: Mikazuki|spa|1
|-boost|p2a: Mikazuki|spd|1
|
|-heal|p2a: Mikazuki|88/100|[from] item: Leftovers
|upkeep
|turn|10
|
|t:|1641947968
|move|p1a: Heliolisk|Volt Switch|p2a: Mikazuki
|-supereffective|p2a: Mikazuki
|-damage|p2a: Mikazuki|46/100
|-damage|p1a: Heliolisk|68/100|[from] item: Life Orb
|
|t:|1641947971
|switch|p1a: Pelipper|Pelipper, F|100/100|[from]move: Volt Switch
|-damage|p1a: Pelipper|75/100|[from] Stealth Rock
|-weather|RainDance|[from] ability: Drizzle|[of] p1a: Pelipper
|move|p2a: Mikazuki|Draining Kiss|p1a: Pelipper
|-damage|p1a: Pelipper|35/100
|-heal|p2a: Mikazuki|75/100|[from] drain|[of] p1a: Pelipper
|
|-weather|RainDance|[upkeep]
|-heal|p2a: Mikazuki|81/100|[from] item: Leftovers
|upkeep
|turn|11
|
|t:|1641947984
|switch|p1a: Heliolisk|Heliolisk, F, shiny|68/100
|-damage|p1a: Heliolisk|56/100|[from] Stealth Rock
|move|p2a: Mikazuki|Calm Mind|p2a: Mikazuki
|-boost|p2a: Mikazuki|spa|1
|-boost|p2a: Mikazuki|spd|1
|
|-weather|RainDance|[upkeep]
|-heal|p1a: Heliolisk|68/100|[from] ability: Dry Skin
|-heal|p2a: Mikazuki|87/100|[from] item: Leftovers
|upkeep
|turn|12
|
|t:|1641947990
|move|p1a: Heliolisk|Thunder|p2a: Mikazuki
|-supereffective|p2a: Mikazuki
|-damage|p2a: Mikazuki|37/100
|-damage|p1a: Heliolisk|59/100|[from] item: Life Orb
|move|p2a: Mikazuki|Draining Kiss|p1a: Heliolisk
|-damage|p1a: Heliolisk|8/100
|-heal|p2a: Mikazuki|66/100|[from] drain|[of] p1a: Heliolisk
|
|-weather|RainDance|[upkeep]
|-heal|p1a: Heliolisk|21/100|[from] ability: Dry Skin
|-heal|p2a: Mikazuki|72/100|[from] item: Leftovers
|-fieldend|Misty Terrain
|upkeep
|turn|13
|
|t:|1641948002
|move|p1a: Heliolisk|Thunder|p2a: Mikazuki
|-supereffective|p2a: Mikazuki
|-damage|p2a: Mikazuki|20/100
|-damage|p1a: Heliolisk|11/100|[from] item: Life Orb
|move|p2a: Mikazuki|Draining Kiss|p1a: Heliolisk
|-damage|p1a: Heliolisk|0 fnt
|-heal|p2a: Mikazuki|26/100|[from] drain|[of] p1a: Heliolisk
|faint|p1a: Heliolisk
|
|-weather|RainDance|[upkeep]
|-heal|p2a: Mikazuki|32/100|[from] item: Leftovers
|upkeep
|inactive|Gurtrant has 120 seconds left.
|
|t:|1641948038
|switch|p1a: Barraskewda|Barraskewda, M|100/100
|-damage|p1a: Barraskewda|88/100|[from] Stealth Rock
|turn|14
|
|t:|1641948052
|move|p1a: Barraskewda|Liquidation|p2a: Mikazuki
|-resisted|p2a: Mikazuki
|-damage|p2a: Mikazuki|0 fnt
|faint|p2a: Mikazuki
|
|-weather|RainDance|[upkeep]
|upkeep
|
|t:|1641948066
|switch|p2a: Musashi|Landorus-Therian, M|85/100
|-damage|p2a: Musashi|73/100|[from] Stealth Rock
|-ability|p2a: Musashi|Intimidate|boost
|-unboost|p1a: Barraskewda|atk|1
|turn|15
|
|t:|1641948071
|move|p1a: Barraskewda|Liquidation|p2a: Musashi
|-supereffective|p2a: Musashi
|-damage|p2a: Musashi|0 fnt
|faint|p2a: Musashi
|
|-weather|RainDance|[upkeep]
|upkeep
|
|t:|1641948076
|switch|p2a: Dragapult|Dragapult, F|100/100
|-damage|p2a: Dragapult|88/100|[from] Stealth Rock
|turn|16
|
|t:|1641948079
|switch|p1a: Ferrothorn|Ferrothorn, F|100/100
|-damage|p1a: Ferrothorn|94/100|[from] Stealth Rock
|move|p2a: Dragapult|Dragon Dance|p2a: Dragapult
|-boost|p2a: Dragapult|atk|1
|-boost|p2a: Dragapult|spe|1
|
|-weather|RainDance|[upkeep]
|-heal|p1a: Ferrothorn|100/100|[from] item: Leftovers
|upkeep
|turn|17
|
|t:|1641948085
|move|p2a: Dragapult|Dragon Dance|p2a: Dragapult
|-boost|p2a: Dragapult|atk|1
|-boost|p2a: Dragapult|spe|1
|move|p1a: Ferrothorn|Knock Off|p2a: Dragapult
|-supereffective|p2a: Dragapult
|-damage|p2a: Dragapult|19/100
|-enditem|p2a: Dragapult|Spell Tag|[from] move: Knock Off|[of] p1a: Ferrothorn
|
|-weather|none
|upkeep
|turn|18
|
|t:|1641948092
|move|p2a: Dragapult|Fire Blast|p1a: Ferrothorn
|-supereffective|p1a: Ferrothorn
|-damage|p1a: Ferrothorn|38/100
|move|p1a: Ferrothorn|Gyro Ball|p2a: Dragapult
|-damage|p2a: Dragapult|0 fnt
|faint|p2a: Dragapult
|
|-heal|p1a: Ferrothorn|44/100|[from] item: Leftovers
|upkeep
|
|t:|1641948099
|switch|p2a: Odenta|Mew|100/100
|-damage|p2a: Odenta|88/100|[from] Stealth Rock
|turn|19
|
|t:|1641948102
|move|p2a: Odenta|Cosmic Power|p2a: Odenta
|-boost|p2a: Odenta|def|1
|-boost|p2a: Odenta|spd|1
|move|p1a: Ferrothorn|Leech Seed|p2a: Odenta
|-start|p2a: Odenta|move: Leech Seed
|
|-heal|p1a: Ferrothorn|50/100|[from] item: Leftovers
|-damage|p2a: Odenta|76/100|[from] Leech Seed|[of] p1a: Ferrothorn
|-heal|p1a: Ferrothorn|64/100|[silent]
|upkeep
|turn|20
|
|t:|1641948110
|switch|p1a: Pelipper|Pelipper, F|35/100
|-damage|p1a: Pelipper|10/100|[from] Stealth Rock
|-weather|RainDance|[from] ability: Drizzle|[of] p1a: Pelipper
|move|p2a: Odenta|Cosmic Power|p2a: Odenta
|-boost|p2a: Odenta|def|1
|-boost|p2a: Odenta|spd|1
|
|-weather|RainDance|[upkeep]
|-damage|p2a: Odenta|63/100|[from] Leech Seed|[of] p1a: Pelipper
|-heal|p1a: Pelipper|25/100|[silent]
|upkeep
|turn|21
|
|t:|1641948114
|move|p2a: Odenta|Cosmic Power|p2a: Odenta
|-boost|p2a: Odenta|def|1
|-boost|p2a: Odenta|spd|1
|move|p1a: Pelipper|Roost|p1a: Pelipper
|-heal|p1a: Pelipper|75/100
|-singleturn|p1a: Pelipper|move: Roost
|
|-weather|RainDance|[upkeep]
|-damage|p2a: Odenta|51/100|[from] Leech Seed|[of] p1a: Pelipper
|-heal|p1a: Pelipper|90/100|[silent]
|upkeep
|turn|22
|
|t:|1641948122
|move|p2a: Odenta|Cosmic Power|p2a: Odenta
|-boost|p2a: Odenta|def|1
|-boost|p2a: Odenta|spd|1
|move|p1a: Pelipper|U-turn|p2a: Odenta
|-supereffective|p2a: Odenta
|-damage|p2a: Odenta|46/100
|-enditem|p2a: Odenta|Weakness Policy
|-boost|p2a: Odenta|atk|2|[from] item: Weakness Policy
|-boost|p2a: Odenta|spa|2|[from] item: Weakness Policy
|
|t:|1641948126
|switch|p1a: Zapdos|Zapdos|81/100|[from]move: U-turn
|
|-weather|RainDance|[upkeep]
|-damage|p2a: Odenta|33/100|[from] Leech Seed|[of] p1a: Zapdos
|-heal|p1a: Zapdos|94/100|[silent]
|upkeep
|turn|23
|
|t:|1641948132
|move|p2a: Odenta|Soft-Boiled|p2a: Odenta
|-heal|p2a: Odenta|83/100
|move|p1a: Zapdos|Thunder|p2a: Odenta
|-damage|p2a: Odenta|71/100
|
|-weather|RainDance|[upkeep]
|-damage|p2a: Odenta|59/100|[from] Leech Seed|[of] p1a: Zapdos
|-heal|p1a: Zapdos|100/100|[silent]
|upkeep
|turn|24
|
|t:|1641948138
|move|p2a: Odenta|Soft-Boiled|p2a: Odenta
|-heal|p2a: Odenta|100/100
|move|p1a: Zapdos|Thunder|p2a: Odenta
|-damage|p2a: Odenta|87/100
|
|-weather|RainDance|[upkeep]
|-damage|p2a: Odenta|75/100|[from] Leech Seed|[of] p1a: Zapdos
|upkeep
|turn|25
|
|t:|1641948142
|move|p2a: Odenta|Stored Power|p1a: Zapdos
|-damage|p1a: Zapdos|0 fnt
|faint|p1a: Zapdos
|
|-weather|RainDance|[upkeep]
|upkeep
|
|t:|1641948148
|switch|p1a: Seismitoad|Seismitoad, F|94/100
|-damage|p1a: Seismitoad|88/100|[from] Stealth Rock
|turn|26
|
|t:|1641948153
|move|p1a: Seismitoad|Weather Ball|p2a: Odenta
|-damage|p2a: Odenta|49/100
|-damage|p1a: Seismitoad|78/100|[from] item: Life Orb
|move|p2a: Odenta|Soft-Boiled|p2a: Odenta
|-heal|p2a: Odenta|99/100
|
|-weather|RainDance|[upkeep]
|-damage|p2a: Odenta|87/100|[from] Leech Seed|[of] p1a: Seismitoad
|-heal|p1a: Seismitoad|92/100|[silent]
|upkeep
|turn|27
|
|t:|1641948160
|move|p1a: Seismitoad|Weather Ball|p2a: Odenta
|-damage|p2a: Odenta|64/100
|-damage|p1a: Seismitoad|82/100|[from] item: Life Orb
|move|p2a: Odenta|Soft-Boiled|p2a: Odenta
|-heal|p2a: Odenta|100/100
|
|-weather|none
|-damage|p2a: Odenta|88/100|[from] Leech Seed|[of] p1a: Seismitoad
|-heal|p1a: Seismitoad|96/100|[silent]
|upkeep
|turn|28
|
|t:|1641948170
|switch|p1a: Ferrothorn|Ferrothorn, F|64/100
|-damage|p1a: Ferrothorn|58/100|[from] Stealth Rock
|move|p2a: Odenta|Stored Power|p1a: Ferrothorn
|-resisted|p1a: Ferrothorn
|-damage|p1a: Ferrothorn|4/100
|
|-heal|p1a: Ferrothorn|10/100|[from] item: Leftovers
|-damage|p2a: Odenta|76/100|[from] Leech Seed|[of] p1a: Ferrothorn
|-heal|p1a: Ferrothorn|24/100|[silent]
|upkeep
|turn|29
|-message|Gurtrant forfeited.
|
|win|Windsom
|raw|Gurtrant's rating: 1584 &rarr; <strong>1564</strong><br />(-20 for losing)
|raw|Windsom's rating: 1577 &rarr; <strong>1597</strong><br />(+20 for winning)
|l|☆Gurtrant
