|j|☆Lunar Neo
|j|☆kalouless
|player|p1|Lunar Neo|248|1637
|player|p2|kalouless|164|1553
|teamsize|p1|6
|teamsize|p2|6
|gametype|singles
|gen|8
|tier|[Gen 8] OU
|rated|
|rule|Sleep Clause Mod: Limit one foe put to sleep
|rule|Species Clause: Limit one of each Pokémon
|rule|OHKO Clause: OHKO moves are banned
|rule|Evasion Moves Clause: Evasion moves are banned
|rule|Endless Battle Clause: Forcing endless battles is banned
|rule|HP Percentage Mod: HP is shown in percentages
|clearpoke
|poke|p1|Hydreigon, F|
|poke|p1|Mamoswine, F|
|poke|p1|Aegislash, F|
|poke|p1|Clefable, M|
|poke|p1|Rotom-Wash|
|poke|p1|Toxtricity, M|
|poke|p2|Duraludon, F|
|poke|p2|Cinderace, M|
|poke|p2|Toxtricity, M|
|poke|p2|Mandibuzz, F|
|poke|p2|Jellicent, M|
|poke|p2|Darmanitan-Galar, F|
|teampreview
|j| KentonUlm
|
|start
|switch|p1a: Mamoswine|Mamoswine, F|100/100
|switch|p2a: Duraludon|Duraludon, F|100/100
|turn|1
|
|switch|p1a: Rotom|Rotom-Wash|100/100
|move|p2a: Duraludon|Flash Cannon|p1a: Rotom
|-resisted|p1a: Rotom
|-damage|p1a: Rotom|91/100
|
|-heal|p1a: Rotom|97/100|[from] item: Leftovers
|upkeep
|turn|2
|
|move|p2a: Duraludon|Stealth Rock|p1a: Rotom
|-sidestart|p1: Lunar Neo|move: Stealth Rock
|move|p1a: Rotom|Thunder Wave|p2a: Duraludon
|-status|p2a: Duraludon|par
|
|-heal|p1a: Rotom|100/100|[from] item: Leftovers
|upkeep
|turn|3
|inactive|Battle timer is ON: inactive players will automatically lose when time's up. (requested by Lunar Neo)
|
|move|p1a: Rotom|Volt Switch|p2a: Duraludon
|-resisted|p2a: Duraludon
|-damage|p2a: Duraludon|75/100 par
|
|switch|p1a: Mamoswine|Mamoswine, F|100/100|[from]move: Volt Switch
|-damage|p1a: Mamoswine|88/100|[from] Stealth Rock
|move|p2a: Duraludon|Flash Cannon|p1a: Mamoswine
|-supereffective|p1a: Mamoswine
|-damage|p1a: Mamoswine|0 fnt
|faint|p1a: Mamoswine
|
|upkeep
|
|switch|p1a: Hydreigon|Hydreigon, F|100/100
|-damage|p1a: Hydreigon|88/100|[from] Stealth Rock
|turn|4
|
|switch|p2a: Mandibuzz|Mandibuzz, F|100/100
|move|p1a: Hydreigon|Substitute|p1a: Hydreigon
|-start|p1a: Hydreigon|Substitute
|-damage|p1a: Hydreigon|63/100
|
|-heal|p1a: Hydreigon|69/100|[from] item: Leftovers
|upkeep
|turn|5
|
|move|p1a: Hydreigon|Flamethrower|p2a: Mandibuzz
|-damage|p2a: Mandibuzz|82/100
|move|p2a: Mandibuzz|U-turn|p1a: Hydreigon
|-supereffective|p1a: Hydreigon
|-end|p1a: Hydreigon|Substitute
|
|switch|p2a: Darmanitan|Darmanitan-Galar, F|100/100|[from]move: U-turn
|
|-heal|p1a: Hydreigon|76/100|[from] item: Leftovers
|upkeep
|turn|6
|
|switch|p1a: Aegislash|Aegislash, F|100/100
|-damage|p1a: Aegislash|94/100|[from] Stealth Rock
|move|p2a: Darmanitan|U-turn|p1a: Aegislash
|-resisted|p1a: Aegislash
|-damage|p1a: Aegislash|88/100
|
|switch|p2a: Toxtricity|Toxtricity, M|100/100|[from]move: U-turn
|
|-heal|p1a: Aegislash|94/100|[from] item: Leftovers
|upkeep
|turn|7
|inactive|Lunar Neo has 120 seconds left.
|
|move|p2a: Toxtricity|Volt Switch|p1a: Aegislash
|-damage|p1a: Aegislash|55/100
|
|switch|p2a: Mandibuzz|Mandibuzz, F|82/100|[from]move: Volt Switch
|-formechange|p1a: Aegislash|Aegislash-Blade||[from] ability: Stance Change
|move|p1a: Aegislash|Shadow Ball|p2a: Mandibuzz
|-resisted|p2a: Mandibuzz
|-damage|p2a: Mandibuzz|69/100
|
|-heal|p1a: Aegislash|61/100|[from] item: Leftovers
|upkeep
|turn|8
|
|-formechange|p1a: Aegislash|Aegislash||[from] ability: Stance Change
|move|p1a: Aegislash|King's Shield|p1a: Aegislash
|-singleturn|p1a: Aegislash|Protect
|move|p2a: Mandibuzz|Roost|p2a: Mandibuzz
|-heal|p2a: Mandibuzz|100/100
|-singleturn|p2a: Mandibuzz|move: Roost
|
|-heal|p1a: Aegislash|67/100|[from] item: Leftovers
|upkeep
|turn|9
|inactive|Lunar Neo has 120 seconds left.
|
|switch|p1a: Toxtricity|Toxtricity, M|100/100
|-damage|p1a: Toxtricity|88/100|[from] Stealth Rock
|move|p2a: Mandibuzz|Knock Off|p1a: Toxtricity
|-damage|p1a: Toxtricity|50/100
|-enditem|p1a: Toxtricity|Choice Specs|[from] move: Knock Off|[of] p2a: Mandibuzz
|
|upkeep
|turn|10
|
|switch|p2a: Toxtricity|Toxtricity, M|100/100
|move|p1a: Toxtricity|Volt Switch|p2a: Toxtricity
|-resisted|p2a: Toxtricity
|-damage|p2a: Toxtricity|74/100
|
|switch|p1a: Hydreigon|Hydreigon, F|76/100|[from]move: Volt Switch
|-damage|p1a: Hydreigon|63/100|[from] Stealth Rock
|
|-heal|p1a: Hydreigon|69/100|[from] item: Leftovers
|upkeep
|turn|11
|inactive|Lunar Neo has 120 seconds left.
|
|switch|p1a: Rotom|Rotom-Wash|100/100
|-damage|p1a: Rotom|88/100|[from] Stealth Rock
|switch|p2a: Mandibuzz|Mandibuzz, F|100/100
|
|-heal|p1a: Rotom|94/100|[from] item: Leftovers
|upkeep
|turn|12
|
|switch|p2a: Duraludon|Duraludon, F|75/100 par
|move|p1a: Rotom|Thunder Wave|p2a: Duraludon
|-fail|p2a: Duraludon|par
|
|-heal|p1a: Rotom|100/100|[from] item: Leftovers
|upkeep
|turn|13
|inactive|Lunar Neo has 120 seconds left.
|
|move|p1a: Rotom|Hydro Pump|p2a: Duraludon
|-resisted|p2a: Duraludon
|-damage|p2a: Duraludon|38/100 par
|cant|p2a: Duraludon|par
|
|upkeep
|turn|14
|
|move|p1a: Rotom|Hydro Pump|p2a: Duraludon
|-resisted|p2a: Duraludon
|-damage|p2a: Duraludon|0 fnt
|faint|p2a: Duraludon
|
|upkeep
|
|switch|p2a: Toxtricity|Toxtricity, M|74/100
|turn|15
|
|switch|p1a: Aegislash|Aegislash, F|67/100
|-damage|p1a: Aegislash|61/100|[from] Stealth Rock
|move|p2a: Toxtricity|Volt Switch|p1a: Aegislash
|-damage|p1a: Aegislash|24/100
|
|switch|p2a: Cinderace|Cinderace, M|100/100|[from]move: Volt Switch
|
|-heal|p1a: Aegislash|30/100|[from] item: Leftovers
|upkeep
|turn|16
|
|move|p1a: Aegislash|King's Shield|p1a: Aegislash
|-singleturn|p1a: Aegislash|Protect
|move|p2a: Cinderace|Pyro Ball|p1a: Aegislash
|-activate|p1a: Aegislash|move: Protect
|
|-heal|p1a: Aegislash|36/100|[from] item: Leftovers
|upkeep
|turn|17
|
|switch|p1a: Rotom|Rotom-Wash|100/100
|-damage|p1a: Rotom|88/100|[from] Stealth Rock
|move|p2a: Cinderace|U-turn|p1a: Rotom
|-damage|p1a: Rotom|71/100
|
|switch|p2a: Toxtricity|Toxtricity, M|74/100|[from]move: U-turn
|
|-heal|p1a: Rotom|77/100|[from] item: Leftovers
|upkeep
|turn|18
|inactive|Lunar Neo has 120 seconds left.
|
|move|p2a: Toxtricity|Overdrive|p1a: Rotom
|-damage|p1a: Rotom|0 fnt
|faint|p1a: Rotom
|
|upkeep
|inactive|Lunar Neo has 120 seconds left.
|
|switch|p1a: Toxtricity|Toxtricity, M|50/100
|-damage|p1a: Toxtricity|38/100|[from] Stealth Rock
|turn|19
|
|-start|p2a: Toxtricity|Dynamax
|-heal|p2a: Toxtricity|74/100|[silent]
|move|p2a: Toxtricity|Max Lightning|p1a: Toxtricity
|-resisted|p1a: Toxtricity
|-damage|p1a: Toxtricity|0 fnt
|-fieldstart|move: Electric Terrain
|faint|p1a: Toxtricity
|
|upkeep
|inactive|Lunar Neo has 120 seconds left.
|-message|Lunar Neo forfeited.
|
|win|kalouless
|l|☆Lunar Neo
|raw|Lunar Neo's rating: 1612 &rarr; <strong>1588</strong><br />(-24 for losing)
|raw|kalouless's rating: 1554 &rarr; <strong>1577</strong><br />(+23 for winning)
