|j|☆salpicadura
|j|☆Makuryu
|t:|1643651596
|gametype|singles
|player|p1|salpicadura|fisherman-gen4|1687
|player|p2|Makuryu|koga|1807
|teamsize|p1|6
|teamsize|p2|6
|gen|8
|tier|[Gen 8] OU
|rated|
|rule|Sleep Clause Mod: Limit one foe put to sleep
|rule|Species Clause: Limit one of each Pokémon
|rule|OHKO Clause: OHKO moves are banned
|rule|Evasion Moves Clause: Evasion moves are banned
|rule|Endless Battle Clause: Forcing endless battles is banned
|rule|HP Percentage Mod: HP is shown in percentages
|rule|Dynamax Clause: You cannot dynamax
|clearpoke
|poke|p1|Landorus-Therian, M|
|poke|p1|Magnezone|
|poke|p1|Weavile, M|
|poke|p1|Clefable, M|
|poke|p1|Kartana|
|poke|p1|Corviknight, M|
|poke|p2|Bisharp, M|
|poke|p2|Zapdos-Galar|
|poke|p2|Mew|
|poke|p2|Rillaboom, M|
|poke|p2|Garchomp, M|
|poke|p2|Dragapult, F|
|teampreview
|
|t:|1643651611
|start
|switch|p1a: Landorus|Landorus-Therian, M|100/100
|switch|p2a: Zapdos|Zapdos-Galar|100/100
|-ability|p1a: Landorus|Intimidate|boost
|-unboost|p2a: Zapdos|atk|1
|-ability|p2a: Zapdos|Defiant
|-boost|p2a: Zapdos|atk|2
|turn|1
|inactive|Battle timer is ON: inactive players will automatically lose when time's up. (requested by Makuryu)
|
|t:|1643651619
|move|p2a: Zapdos|Thunderous Kick|p1a: Landorus
|-resisted|p1a: Landorus
|-damage|p1a: Landorus|64/100
|-unboost|p1a: Landorus|def|1
|move|p1a: Landorus|Toxic|p2a: Zapdos
|-status|p2a: Zapdos|tox
|
|-heal|p1a: Landorus|70/100|[from] item: Leftovers
|-damage|p2a: Zapdos|94/100 tox|[from] psn
|upkeep
|turn|2
|j| Cachou10
|
|t:|1643651628
|move|p2a: Zapdos|Thunderous Kick|p1a: Landorus
|-resisted|p1a: Landorus
|-damage|p1a: Landorus|19/100
|-unboost|p1a: Landorus|def|1
|move|p1a: Landorus|Stealth Rock|p2a: Zapdos
|-sidestart|p2: Makuryu|move: Stealth Rock
|
|-heal|p1a: Landorus|25/100|[from] item: Leftovers
|-damage|p2a: Zapdos|82/100 tox|[from] psn
|upkeep
|turn|3
|
|t:|1643651637
|move|p2a: Zapdos|Thunderous Kick|p1a: Landorus
|-resisted|p1a: Landorus
|-damage|p1a: Landorus|0 fnt
|faint|p1a: Landorus
|
|-damage|p2a: Zapdos|63/100 tox|[from] psn
|upkeep
|
|t:|1643651643
|switch|p1a: Weavile|Weavile, M|100/100
|-ability|p1a: Weavile|Pressure
|turn|4
|
|t:|1643651647
|move|p1a: Weavile|Ice Shard|p2a: Zapdos
|-supereffective|p2a: Zapdos
|-crit|p2a: Zapdos
|-damage|p2a: Zapdos|0 fnt
|faint|p2a: Zapdos
|
|upkeep
|
|t:|1643651654
|switch|p2a: Bisharp|Bisharp, M|100/100
|-damage|p2a: Bisharp|95/100|[from] Stealth Rock
|turn|5
|
|t:|1643651658
|switch|p1a: Magnezone|Magnezone|100/100
|move|p2a: Bisharp|Swords Dance|p2a: Bisharp
|-boost|p2a: Bisharp|atk|2
|
|upkeep
|turn|6
|
|t:|1643651664
|move|p2a: Bisharp|Knock Off|p1a: Magnezone
|-damage|p1a: Magnezone|0 fnt
|-enditem|p1a: Magnezone|Leftovers|[from] move: Knock Off|[of] p2a: Bisharp
|faint|p1a: Magnezone
|
|upkeep
|
|t:|1643651669
|switch|p1a: Kartana|Kartana|100/100
|turn|7
|
|t:|1643651677
|switch|p2a: Garchomp|Garchomp, M|100/100
|-damage|p2a: Garchomp|94/100|[from] Stealth Rock
|move|p1a: Kartana|Sacred Sword|p2a: Garchomp
|-damage|p2a: Garchomp|52/100
|-damage|p1a: Kartana|88/100|[from] ability: Rough Skin|[of] p2a: Garchomp
|
|-heal|p2a: Garchomp|58/100|[from] item: Leftovers
|upkeep
|turn|8
|
|t:|1643651686
|switch|p1a: Clefable|Clefable, M|100/100
|move|p2a: Garchomp|Fire Fang|p1a: Clefable
|-damage|p1a: Clefable|77/100
|
|-heal|p2a: Garchomp|64/100|[from] item: Leftovers
|-heal|p1a: Clefable|83/100|[from] item: Leftovers
|upkeep
|turn|9
|
|t:|1643651693
|move|p2a: Garchomp|Earthquake|p1a: Clefable
|-damage|p1a: Clefable|26/100
|move|p1a: Clefable|Teleport|p1a: Clefable
|
|t:|1643651696
|switch|p1a: Weavile|Weavile, M|100/100|[from]move: Teleport
|-ability|p1a: Weavile|Pressure
|
|-heal|p2a: Garchomp|71/100|[from] item: Leftovers
|upkeep
|turn|10
|
|t:|1643651702
|move|p1a: Weavile|Triple Axel|p2a: Garchomp
|-supereffective|p2a: Garchomp
|-damage|p2a: Garchomp|27/100
|-damage|p1a: Weavile|88/100|[from] ability: Rough Skin|[of] p2a: Garchomp
|-supereffective|p2a: Garchomp
|-damage|p2a: Garchomp|0 fnt
|-damage|p1a: Weavile|76/100|[from] ability: Rough Skin|[of] p2a: Garchomp
|faint|p2a: Garchomp
|-hitcount|p2: Garchomp|2
|
|upkeep
|
|t:|1643651713
|switch|p2a: Dragapult|Dragapult, F|100/100
|-damage|p2a: Dragapult|88/100|[from] Stealth Rock
|turn|11
|
|t:|1643651716
|switch|p1a: Clefable|Clefable, M|26/100
|move|p2a: Dragapult|Flamethrower|p1a: Clefable
|-damage|p1a: Clefable|5/100
|-damage|p2a: Dragapult|78/100|[from] item: Life Orb
|
|-heal|p1a: Clefable|11/100|[from] item: Leftovers
|upkeep
|turn|12
|
|t:|1643651724
|move|p2a: Dragapult|Flamethrower|p1a: Clefable
|-damage|p1a: Clefable|0 fnt
|faint|p1a: Clefable
|-damage|p2a: Dragapult|69/100|[from] item: Life Orb
|
|upkeep
|
|t:|1643651729
|switch|p1a: Kartana|Kartana|88/100
|turn|13
|l| Cachou10
|inactive|Makuryu has 120 seconds left.
|
|t:|1643651759
|switch|p2a: Rillaboom|Rillaboom, M|100/100
|-damage|p2a: Rillaboom|88/100|[from] Stealth Rock
|-fieldstart|move: Grassy Terrain|[from] ability: Grassy Surge|[of] p2a: Rillaboom
|move|p1a: Kartana|Knock Off|p2a: Rillaboom
|-damage|p2a: Rillaboom|40/100
|-enditem|p2a: Rillaboom|Life Orb|[from] move: Knock Off|[of] p1a: Kartana
|
|-heal|p1a: Kartana|94/100|[from] Grassy Terrain
|-heal|p2a: Rillaboom|46/100|[from] Grassy Terrain
|upkeep
|turn|14
|inactive|Makuryu has 120 seconds left.
|
|t:|1643651769
|switch|p1a: Corviknight|Corviknight, M|100/100
|-ability|p1a: Corviknight|Pressure
|move|p2a: Rillaboom|Superpower|p1a: Corviknight
|-damage|p1a: Corviknight|75/100
|-unboost|p2a: Rillaboom|atk|1
|-unboost|p2a: Rillaboom|def|1
|
|-heal|p2a: Rillaboom|52/100|[from] Grassy Terrain
|-heal|p1a: Corviknight|82/100|[from] item: Leftovers
|upkeep
|turn|15
|inactive|Makuryu has 120 seconds left.
|
|t:|1643651780
|move|p2a: Rillaboom|Swords Dance|p2a: Rillaboom
|-boost|p2a: Rillaboom|atk|2
|move|p1a: Corviknight|U-turn|p2a: Rillaboom
|-supereffective|p2a: Rillaboom
|-damage|p2a: Rillaboom|3/100
|
|t:|1643651786
|switch|p1a: Kartana|Kartana|94/100|[from]move: U-turn
|
|-heal|p1a: Kartana|100/100|[from] Grassy Terrain
|-heal|p2a: Rillaboom|9/100|[from] Grassy Terrain
|upkeep
|turn|16
|
|t:|1643651793
|move|p2a: Rillaboom|Grassy Glide|p1a: Kartana
|-resisted|p1a: Kartana
|-damage|p1a: Kartana|84/100
|move|p1a: Kartana|Leaf Blade|p2a: Rillaboom
|-resisted|p2a: Rillaboom
|-damage|p2a: Rillaboom|0 fnt
|faint|p2a: Rillaboom
|-ability|p1a: Kartana|Beast Boost|boost
|-boost|p1a: Kartana|atk|1
|
|-heal|p1a: Kartana|90/100|[from] Grassy Terrain
|upkeep
|j| Anjii.V.
|inactive|Makuryu has 120 seconds left.
|
|t:|1643651814
|switch|p2a: Bisharp|Bisharp, M|95/100
|-damage|p2a: Bisharp|89/100|[from] Stealth Rock
|turn|17
|
|t:|1643651820
|move|p1a: Kartana|Leaf Blade|p2a: Bisharp
|-resisted|p2a: Bisharp
|-damage|p2a: Bisharp|13/100
|move|p2a: Bisharp|Knock Off|p1a: Kartana
|-damage|p1a: Kartana|18/100
|-enditem|p1a: Kartana|Choice Scarf|[from] move: Knock Off|[of] p2a: Bisharp
|
|-heal|p1a: Kartana|24/100|[from] Grassy Terrain
|-heal|p2a: Bisharp|19/100|[from] Grassy Terrain
|-fieldend|move: Grassy Terrain
|upkeep
|turn|18
|
|t:|1643651836
|move|p2a: Bisharp|Sucker Punch|p1a: Kartana
|-damage|p1a: Kartana|0 fnt
|faint|p1a: Kartana
|
|upkeep
|
|t:|1643651838
|switch|p1a: Weavile|Weavile, M|76/100
|-ability|p1a: Weavile|Pressure
|turn|19
|
|t:|1643651846
|switch|p1a: Corviknight|Corviknight, M|82/100
|-ability|p1a: Corviknight|Pressure
|move|p2a: Bisharp|Sucker Punch||[still]
|-fail|p2a: Bisharp
|
|-heal|p1a: Corviknight|88/100|[from] item: Leftovers
|upkeep
|turn|20
|
|t:|1643651853
|move|p2a: Bisharp|Knock Off|p1a: Corviknight
|-damage|p1a: Corviknight|52/100
|-enditem|p1a: Corviknight|Leftovers|[from] move: Knock Off|[of] p2a: Bisharp
|move|p1a: Corviknight|Brave Bird|p2a: Bisharp
|-resisted|p2a: Bisharp
|-damage|p2a: Bisharp|0 fnt
|faint|p2a: Bisharp
|-damage|p1a: Corviknight|48/100|[from] Recoil
|
|upkeep
|j| WiseBoy
|
|t:|1643651862
|switch|p2a: Dragapult|Dragapult, F|69/100
|-damage|p2a: Dragapult|56/100|[from] Stealth Rock
|turn|21
|
|t:|1643651868
|move|p2a: Dragapult|Flamethrower|p1a: Corviknight
|-supereffective|p1a: Corviknight
|-damage|p1a: Corviknight|0 fnt
|faint|p1a: Corviknight
|-damage|p2a: Dragapult|47/100|[from] item: Life Orb
|
|upkeep
|
|t:|1643651871
|switch|p1a: Weavile|Weavile, M|76/100
|-ability|p1a: Weavile|Pressure
|turn|22
|
|t:|1643651877
|move|p1a: Weavile|Ice Shard|p2a: Dragapult
|-supereffective|p2a: Dragapult
|-damage|p2a: Dragapult|0 fnt
|faint|p2a: Dragapult
|
|upkeep
|
|t:|1643651881
|switch|p2a: Mew|Mew|100/100
|-damage|p2a: Mew|88/100|[from] Stealth Rock
|turn|23
|
|t:|1643651884
|move|p1a: Weavile|Knock Off|p2a: Mew
|-supereffective|p2a: Mew
|-damage|p2a: Mew|0 fnt
|-enditem|p2a: Mew|Focus Sash|[from] move: Knock Off|[of] p1a: Weavile
|faint|p2a: Mew
|
|win|salpicadura
|raw|salpicadura's rating: 1687 &rarr; <strong>1714</strong><br />(+27 for winning)
|raw|Makuryu's rating: 1807 &rarr; <strong>1780</strong><br />(-27 for losing)
|l|☆salpicadura
|l|☆Makuryu
||Ladder isn't responding, score probably updated but might not have (Request timeout).
