|raw|<div class="broadcast-blue"><strong>This battle is required to be public due to a player having a name starting with 'lt81yl'.</div>
|j|☆GuardArc
|j|☆LT81ylTyphlosion4
|t:|1625611526
|gametype|singles
|player|p1|GuardArc|lance-gen3|1427
|player|p2|LT81ylTyphlosion4|olivia|1418
|teamsize|p1|6
|teamsize|p2|6
|gen|8
|tier|[Gen 8] OU
|rated|
|rule|Sleep Clause Mod: Limit one foe put to sleep
|rule|Species Clause: Limit one of each Pokémon
|rule|OHKO Clause: OHKO moves are banned
|rule|Evasion Moves Clause: Evasion moves are banned
|rule|Endless Battle Clause: Forcing endless battles is banned
|rule|HP Percentage Mod: HP is shown in percentages
|rule|Dynamax Clause: You cannot dynamax
|clearpoke
|poke|p1|Bisharp, M|
|poke|p1|Tornadus-Therian, M|
|poke|p1|Hippowdon, F|
|poke|p1|Ferrothorn, M|
|poke|p1|Tapu Fini|
|poke|p1|Dracozolt|
|poke|p2|Mew|
|poke|p2|Skarmory, F|
|poke|p2|Clefable, F|
|poke|p2|Blissey, F|
|poke|p2|Garchomp, F|
|poke|p2|Volcarona, F|
|teampreview
|inactive|Battle timer is ON: inactive players will automatically lose when time's up. (requested by LT81ylTyphlosion4)
|
|t:|1625611539
|start
|switch|p1a: Bisharp|Bisharp, M|100/100
|switch|p2a: Skarmory|Skarmory, F|100/100
|turn|1
|
|t:|1625611550
|switch|p1a: Tornadus|Tornadus-Therian, M|100/100
|move|p2a: Skarmory|Body Press|p1a: Tornadus
|-resisted|p1a: Tornadus
|-damage|p1a: Tornadus|79/100
|
|upkeep
|turn|2
|
|t:|1625611567
|switch|p1a: Bisharp|Bisharp, M|100/100
|switch|p2a: Blissey|Blissey, F, shiny|100/100
|
|upkeep
|turn|3
|
|t:|1625611573
|switch|p2a: Skarmory|Skarmory, F|100/100
|move|p1a: Bisharp|Knock Off|p2a: Skarmory
|-damage|p2a: Skarmory|52/100
|-damage|p1a: Bisharp|84/100|[from] item: Rocky Helmet|[of] p2a: Skarmory
|-enditem|p2a: Skarmory|Rocky Helmet|[from] move: Knock Off|[of] p1a: Bisharp
|
|upkeep
|turn|4
|
|t:|1625611582
|switch|p1a: Tapu Fini|Tapu Fini|100/100
|-fieldstart|move: Misty Terrain|[from] ability: Misty Surge|[of] p1a: Tapu Fini
|move|p2a: Skarmory|Roost|p2a: Skarmory
|-heal|p2a: Skarmory|100/100
|-singleturn|p2a: Skarmory|move: Roost
|
|upkeep
|turn|5
|
|t:|1625611598
|switch|p2a: Clefable|Clefable, F|100/100
|move|p1a: Tapu Fini|Taunt|p2a: Clefable
|-start|p2a: Clefable|move: Taunt
|
|upkeep
|turn|6
|
|t:|1625611605
|switch|p1a: Bisharp|Bisharp, M|84/100
|move|p2a: Clefable|Moonblast|p1a: Bisharp
|-damage|p1a: Bisharp|31/100
|
|upkeep
|turn|7
|
|t:|1625611610
|switch|p2a: Skarmory|Skarmory, F|100/100
|move|p1a: Bisharp|Knock Off|p2a: Skarmory
|-damage|p2a: Skarmory|67/100
|
|upkeep
|turn|8
|
|t:|1625611615
|switch|p1a: Hippowdon|Hippowdon, F|100/100
|-weather|Sandstorm|[from] ability: Sand Stream|[of] p1a: Hippowdon
|move|p2a: Skarmory|Body Press|p1a: Hippowdon
|-damage|p1a: Hippowdon|85/100
|
|-weather|Sandstorm|[upkeep]
|-fieldend|Misty Terrain
|upkeep
|turn|9
|
|t:|1625611618
|move|p2a: Skarmory|Spikes|p1a: Hippowdon
|-sidestart|p1: GuardArc|Spikes
|move|p1a: Hippowdon|Stealth Rock|p2a: Skarmory
|-sidestart|p2: LT81ylTyphlosion4|move: Stealth Rock
|
|-weather|Sandstorm|[upkeep]
|upkeep
|turn|10
|
|t:|1625611622
|switch|p1a: Dracozolt|Dracozolt|100/100
|-damage|p1a: Dracozolt|88/100|[from] Spikes
|move|p2a: Skarmory|Iron Defense|p2a: Skarmory
|-boost|p2a: Skarmory|def|2
|
|-weather|Sandstorm|[upkeep]
|upkeep
|turn|11
|
|t:|1625611651
|switch|p2a: Garchomp|Garchomp, F|100/100
|-damage|p2a: Garchomp|94/100|[from] Stealth Rock
|move|p1a: Dracozolt|Fire Blast|p2a: Garchomp
|-resisted|p2a: Garchomp
|-damage|p2a: Garchomp|84/100
|-damage|p1a: Dracozolt|78/100|[from] item: Life Orb
|
|-weather|Sandstorm|[upkeep]
|-heal|p2a: Garchomp|90/100|[from] item: Leftovers
|upkeep
|turn|12
|
|t:|1625611654
|move|p1a: Dracozolt|Draco Meteor|p2a: Garchomp
|-supereffective|p2a: Garchomp
|-crit|p2a: Garchomp
|-damage|p2a: Garchomp|0 fnt
|-unboost|p1a: Dracozolt|spa|2
|faint|p2a: Garchomp
|-damage|p1a: Dracozolt|68/100|[from] item: Life Orb
|
|-weather|Sandstorm|[upkeep]
|upkeep
|
|t:|1625611661
|switch|p2a: Mew|Mew|100/100
|-damage|p2a: Mew|88/100|[from] Stealth Rock
|turn|13
|
|t:|1625611675
|move|p1a: Dracozolt|Bolt Beak|p2a: Mew
|-damage|p2a: Mew|1/100
|-damage|p1a: Dracozolt|58/100|[from] item: Life Orb
|move|p2a: Mew|Cosmic Power|p2a: Mew
|-boost|p2a: Mew|def|1
|-boost|p2a: Mew|spd|1
|
|-weather|Sandstorm|[upkeep]
|-damage|p2a: Mew|0 fnt|[from] Sandstorm
|faint|p2a: Mew
|upkeep
|-message|LT81ylTyphlosion4 forfeited.
|
|win|GuardArc
|raw|GuardArc's rating: 1427 &rarr; <strong>1446</strong><br />(+19 for winning)
|raw|LT81ylTyphlosion4's rating: 1418 &rarr; <strong>1399</strong><br />(-19 for losing)
|l|☆LT81ylTyphlosion4
