|j|☆Thubezt
|j|☆Lou dort
|t:|1658782203
|gametype|singles
|player|p1|Thubezt|169|1613
|player|p2|Lou dort|morty-masters2|1601
|teamsize|p1|6
|teamsize|p2|6
|gen|8
|tier|[Gen 8] OU
|rated|
|rule|Sleep Clause Mod: Limit one foe put to sleep
|rule|Species Clause: Limit one of each Pokémon
|rule|OHKO Clause: OHKO moves are banned
|rule|Evasion Moves Clause: Evasion moves are banned
|rule|Endless Battle Clause: Forcing endless battles is banned
|rule|HP Percentage Mod: HP is shown in percentages
|rule|Dynamax Clause: You cannot dynamax
|clearpoke
|poke|p1|Excadrill, F|
|poke|p1|Hippowdon, M|
|poke|p1|Toxapex, F|
|poke|p1|Dracozolt|
|poke|p1|Tornadus-Therian, M|
|poke|p1|Keldeo-Resolute|
|poke|p2|Buzzwole|
|poke|p2|Zapdos|
|poke|p2|Heatran, F|
|poke|p2|Dragapult, F|
|poke|p2|Ferrothorn, F|
|poke|p2|Landorus-Therian, M|
|teampreview
|inactive|Battle timer is ON: inactive players will automatically lose when time's up. (requested by Lou dort)
|j| amogusroxyrrrr
|
|t:|1658782222
|start
|switch|p1a: Tornadus|Tornadus-Therian, M|100/100
|switch|p2a: Dragapult|Dragapult, F|100/100
|turn|1
|
|t:|1658782236
|move|p2a: Dragapult|U-turn|p1a: Tornadus
|-resisted|p1a: Tornadus
|-damage|p1a: Tornadus|92/100
|
|t:|1658782240
|switch|p2a: Ferrothorn|Ferrothorn, F|100/100|[from]move: U-turn
|move|p1a: Tornadus|Icy Wind|p2a: Ferrothorn
|-damage|p2a: Ferrothorn|88/100
|-unboost|p2a: Ferrothorn|spe|1
|
|-heal|p2a: Ferrothorn|95/100|[from] item: Leftovers
|upkeep
|turn|2
|
|t:|1658782249
|move|p1a: Tornadus|Knock Off|p2a: Ferrothorn
|-damage|p2a: Ferrothorn|83/100
|-damage|p1a: Tornadus|80/100|[from] ability: Iron Barbs|[of] p2a: Ferrothorn
|-enditem|p2a: Ferrothorn|Leftovers|[from] move: Knock Off|[of] p1a: Tornadus
|move|p2a: Ferrothorn|Knock Off|p1a: Tornadus
|-damage|p1a: Tornadus|55/100
|-enditem|p1a: Tornadus|Assault Vest|[from] move: Knock Off|[of] p2a: Ferrothorn
|
|upkeep
|turn|3
|
|t:|1658782258
|move|p1a: Tornadus|U-turn|p2a: Ferrothorn
|-damage|p2a: Ferrothorn|74/100
|-damage|p1a: Tornadus|42/100|[from] ability: Iron Barbs|[of] p2a: Ferrothorn
|
|t:|1658782271
|switch|p1a: Hippowdon|Hippowdon, M|100/100|[from]move: U-turn
|-weather|Sandstorm|[from] ability: Sand Stream|[of] p1a: Hippowdon
|move|p2a: Ferrothorn|Leech Seed|p1a: Hippowdon
|-start|p1a: Hippowdon|move: Leech Seed
|
|-weather|Sandstorm|[upkeep]
|-damage|p1a: Hippowdon|88/100|[from] Leech Seed|[of] p2a: Ferrothorn
|-heal|p2a: Ferrothorn|88/100|[silent]
|upkeep
|turn|4
|
|t:|1658782281
|move|p1a: Hippowdon|Stealth Rock|p2a: Ferrothorn
|-sidestart|p2: Lou dort|move: Stealth Rock
|move|p2a: Ferrothorn|Spikes|p1a: Hippowdon
|-sidestart|p1: Thubezt|Spikes
|
|-weather|Sandstorm|[upkeep]
|-damage|p1a: Hippowdon|76/100|[from] Leech Seed|[of] p2a: Ferrothorn
|-heal|p2a: Ferrothorn|100/100|[silent]
|upkeep
|turn|5
|inactive|Thubezt has 120 seconds left.
|
|t:|1658782313
|switch|p1a: Dracozolt|Dracozolt|100/100
|-damage|p1a: Dracozolt|88/100|[from] Spikes
|move|p2a: Ferrothorn|Spikes|p1a: Dracozolt
|-sidestart|p1: Thubezt|Spikes
|
|-weather|Sandstorm|[upkeep]
|upkeep
|turn|6
|inactive|Thubezt has 120 seconds left.
|
|t:|1658782330
|switch|p2a: Landorus|Landorus-Therian, M|100/100
|-damage|p2a: Landorus|88/100|[from] Stealth Rock
|-ability|p2a: Landorus|Intimidate|boost
|-unboost|p1a: Dracozolt|atk|1
|move|p1a: Dracozolt|Fire Blast|p2a: Landorus
|-damage|p2a: Landorus|62/100
|-status|p2a: Landorus|brn
|-damage|p1a: Dracozolt|78/100|[from] item: Life Orb
|
|-weather|Sandstorm|[upkeep]
|-heal|p2a: Landorus|68/100 brn|[from] item: Leftovers
|-damage|p2a: Landorus|62/100 brn|[from] brn
|upkeep
|turn|7
|inactive|Thubezt has 120 seconds left.
|
|t:|1658782353
|switch|p1a: Tornadus|Tornadus-Therian, M|76/100
|move|p2a: Landorus|Knock Off|p1a: Tornadus
|-damage|p1a: Tornadus|64/100
|
|-weather|Sandstorm|[upkeep]
|-damage|p1a: Tornadus|58/100|[from] Sandstorm
|-heal|p2a: Landorus|68/100 brn|[from] item: Leftovers
|-damage|p2a: Landorus|62/100 brn|[from] brn
|upkeep
|turn|8
|
|t:|1658782372
|move|p1a: Tornadus|U-turn|p2a: Landorus
|-resisted|p2a: Landorus
|-damage|p2a: Landorus|55/100 brn
|
|t:|1658782382
|switch|p1a: Toxapex|Toxapex, F|100/100|[from]move: U-turn
|-damage|p1a: Toxapex|84/100|[from] Spikes
|move|p2a: Landorus|U-turn|p1a: Toxapex
|-resisted|p1a: Toxapex
|-damage|p1a: Toxapex|81/100
|
|t:|1658782388
|switch|p2a: Zapdos|Zapdos|100/100|[from]move: U-turn
|
|-weather|Sandstorm|[upkeep]
|-damage|p2a: Zapdos|94/100|[from] Sandstorm
|-damage|p1a: Toxapex|75/100|[from] Sandstorm
|-heal|p1a: Toxapex|81/100|[from] item: Black Sludge
|upkeep
|turn|9
|
|t:|1658782394
|move|p2a: Zapdos|Hurricane|p1a: Toxapex
|-damage|p1a: Toxapex|45/100
|move|p1a: Toxapex|Toxic|p2a: Zapdos
|-status|p2a: Zapdos|tox
|
|-weather|Sandstorm|[upkeep]
|-damage|p2a: Zapdos|88/100 tox|[from] Sandstorm
|-damage|p1a: Toxapex|39/100|[from] Sandstorm
|-heal|p1a: Toxapex|45/100|[from] item: Black Sludge
|-damage|p2a: Zapdos|82/100 tox|[from] psn
|upkeep
|turn|10
|inactive|Thubezt has 120 seconds left.
|
|t:|1658782402
|switch|p2a: Buzzwole|Buzzwole|100/100
|-damage|p2a: Buzzwole|88/100|[from] Stealth Rock
|switch|p1a: Tornadus|Tornadus-Therian, M|91/100
|
|-weather|none
|upkeep
|turn|11
|inactive|Thubezt has 120 seconds left.
|
|t:|1658782423
|switch|p2a: Ferrothorn|Ferrothorn, F|100/100
|-damage|p2a: Ferrothorn|94/100|[from] Stealth Rock
|move|p1a: Tornadus|Icy Wind|p2a: Ferrothorn
|-damage|p2a: Ferrothorn|83/100
|-unboost|p2a: Ferrothorn|spe|1
|
|upkeep
|turn|12
|
|t:|1658782449
|move|p1a: Tornadus|U-turn|p2a: Ferrothorn
|-damage|p2a: Ferrothorn|74/100
|-damage|p1a: Tornadus|79/100|[from] ability: Iron Barbs|[of] p2a: Ferrothorn
|
|t:|1658782450
|switch|p1a: Excadrill|Excadrill, F|100/100|[from]move: U-turn
|-item|p1a: Excadrill|Air Balloon
|move|p2a: Ferrothorn|Leech Seed|p1a: Excadrill
|-start|p1a: Excadrill|move: Leech Seed
|
|-damage|p1a: Excadrill|88/100|[from] Leech Seed|[of] p2a: Ferrothorn
|-heal|p2a: Ferrothorn|87/100|[silent]
|upkeep
|turn|13
|
|t:|1658782467
|move|p1a: Excadrill|Rapid Spin|p2a: Ferrothorn
|-resisted|p2a: Ferrothorn
|-damage|p2a: Ferrothorn|81/100
|-boost|p1a: Excadrill|spe|1
|-damage|p1a: Excadrill|76/100|[from] ability: Iron Barbs|[of] p2a: Ferrothorn
|-end|p1a: Excadrill|Leech Seed|[from] move: Rapid Spin|[of] p1a: Excadrill
|-sideend|p1: Thubezt|Spikes|[from] move: Rapid Spin|[of] p1a: Excadrill
|move|p2a: Ferrothorn|Knock Off|p1a: Excadrill
|-damage|p1a: Excadrill|47/100
|-enditem|p1a: Excadrill|Air Balloon
|
|upkeep
|turn|14
|
|t:|1658782484
|switch|p1a: Dracozolt|Dracozolt|78/100
|move|p2a: Ferrothorn|Leech Seed|p1a: Dracozolt
|-start|p1a: Dracozolt|move: Leech Seed
|
|-damage|p1a: Dracozolt|66/100|[from] Leech Seed|[of] p2a: Ferrothorn
|-heal|p2a: Ferrothorn|93/100|[silent]
|upkeep
|turn|15
|
|t:|1658782496
|switch|p1a: Keldeo|Keldeo-Resolute|100/100
|switch|p2a: Landorus|Landorus-Therian, M|55/100 brn
|-damage|p2a: Landorus|43/100 brn|[from] Stealth Rock
|-ability|p2a: Landorus|Intimidate|boost
|-unboost|p1a: Keldeo|atk|1
|
|-heal|p2a: Landorus|49/100 brn|[from] item: Leftovers
|-damage|p2a: Landorus|43/100 brn|[from] brn
|upkeep
|turn|16
|
|t:|1658782505
|move|p1a: Keldeo|Substitute|p1a: Keldeo
|-start|p1a: Keldeo|Substitute
|-damage|p1a: Keldeo|76/100
|move|p2a: Landorus|U-turn|p1a: Keldeo
|-resisted|p1a: Keldeo
|-activate|p1a: Keldeo|move: Substitute|[damage]
|
|t:|1658782511
|switch|p2a: Dragapult|Dragapult, F|100/100|[from]move: U-turn
|-damage|p2a: Dragapult|88/100|[from] Stealth Rock
|
|-heal|p1a: Keldeo|82/100|[from] item: Leftovers
|upkeep
|turn|17
|
|t:|1658782517
|move|p2a: Dragapult|Draco Meteor|p1a: Keldeo
|-damage|p1a: Keldeo|0 fnt
|-unboost|p2a: Dragapult|spa|2
|faint|p1a: Keldeo
|
|upkeep
|
|t:|1658782524
|switch|p1a: Hippowdon|Hippowdon, M|76/100
|-weather|Sandstorm|[from] ability: Sand Stream|[of] p1a: Hippowdon
|turn|18
|inactive|Thubezt has 120 seconds left.
|
|t:|1658782550
|switch|p2a: Heatran|Heatran, F|100/100
|-damage|p2a: Heatran|88/100|[from] Stealth Rock
|-item|p2a: Heatran|Air Balloon
|switch|p1a: Excadrill|Excadrill, F|47/100
|
|-weather|Sandstorm|[upkeep]
|upkeep
|turn|19
|
|t:|1658782557
|switch|p1a: Tornadus|Tornadus-Therian, M|100/100
|move|p2a: Heatran|Earth Power|p1a: Tornadus
|-immune|p1a: Tornadus
|
|-weather|Sandstorm|[upkeep]
|-damage|p1a: Tornadus|94/100|[from] Sandstorm
|upkeep
|turn|20
|
|t:|1658782563
|switch|p2a: Ferrothorn|Ferrothorn, F|93/100
|-damage|p2a: Ferrothorn|86/100|[from] Stealth Rock
|move|p1a: Tornadus|U-turn|p2a: Ferrothorn
|-damage|p2a: Ferrothorn|78/100
|-damage|p1a: Tornadus|82/100|[from] ability: Iron Barbs|[of] p2a: Ferrothorn
|inactive|Thubezt has 120 seconds left.
|
|t:|1658782577
|switch|p1a: Dracozolt|Dracozolt|66/100|[from]move: U-turn
|
|-weather|Sandstorm|[upkeep]
|upkeep
|turn|21
|
|t:|1658782585
|move|p1a: Dracozolt|Fire Blast|p2a: Ferrothorn
|-supereffective|p2a: Ferrothorn
|-damage|p2a: Ferrothorn|0 fnt
|faint|p2a: Ferrothorn
|-damage|p1a: Dracozolt|56/100|[from] item: Life Orb
|
|-weather|Sandstorm|[upkeep]
|upkeep
|
|t:|1658782595
|switch|p2a: Landorus|Landorus-Therian, M|43/100 brn
|-damage|p2a: Landorus|31/100 brn|[from] Stealth Rock
|-ability|p2a: Landorus|Intimidate|boost
|-unboost|p1a: Dracozolt|atk|1
|turn|22
|
|t:|1658782602
|move|p1a: Dracozolt|Draco Meteor|p2a: Landorus
|-damage|p2a: Landorus|0 fnt
|-unboost|p1a: Dracozolt|spa|2
|faint|p2a: Landorus
|-damage|p1a: Dracozolt|46/100|[from] item: Life Orb
|
|-weather|Sandstorm|[upkeep]
|upkeep
|
|t:|1658782615
|switch|p2a: Heatran|Heatran, F|88/100
|-damage|p2a: Heatran|76/100|[from] Stealth Rock
|-item|p2a: Heatran|Air Balloon
|turn|23
|
|t:|1658782621
|move|p1a: Dracozolt|Bolt Beak|p2a: Heatran
|-damage|p2a: Heatran|21/100
|-enditem|p2a: Heatran|Air Balloon
|-damage|p1a: Dracozolt|36/100|[from] item: Life Orb
|move|p2a: Heatran|Earth Power|p1a: Dracozolt
|-supereffective|p1a: Dracozolt
|-damage|p1a: Dracozolt|0 fnt
|faint|p1a: Dracozolt
|
|-weather|Sandstorm|[upkeep]
|upkeep
|inactive|Thubezt has 120 seconds left.
|
|t:|1658782664
|switch|p1a: Excadrill|Excadrill, F|47/100
|turn|24
|
|t:|1658782668
|switch|p2a: Zapdos|Zapdos|82/100 tox
|move|p1a: Excadrill|Earthquake|p2a: Zapdos
|-immune|p2a: Zapdos
|
|-weather|Sandstorm|[upkeep]
|-damage|p2a: Zapdos|76/100 tox|[from] Sandstorm
|-damage|p2a: Zapdos|70/100 tox|[from] psn
|upkeep
|turn|25
|inactive|Thubezt has 120 seconds left.
|
|t:|1658782683
|switch|p1a: Tornadus|Tornadus-Therian, M|100/100
|move|p2a: Zapdos|Roost|p2a: Zapdos
|-heal|p2a: Zapdos|100/100 tox
|-singleturn|p2a: Zapdos|move: Roost
|
|-weather|none
|-damage|p2a: Zapdos|88/100 tox|[from] psn
|upkeep
|turn|26
|inactive|Thubezt has 120 seconds left.
|inactive|Lou dort has 120 seconds left.
|
|t:|1658782725
|switch|p1a: Hippowdon|Hippowdon, M|76/100
|-weather|Sandstorm|[from] ability: Sand Stream|[of] p1a: Hippowdon
|move|p2a: Zapdos|Hurricane|p1a: Hippowdon
|-damage|p1a: Hippowdon|45/100
|
|-weather|Sandstorm|[upkeep]
|-damage|p2a: Zapdos|82/100 tox|[from] Sandstorm
|-damage|p2a: Zapdos|64/100 tox|[from] psn
|upkeep
|turn|27
|
|t:|1658782733
|switch|p2a: Buzzwole|Buzzwole|88/100
|-damage|p2a: Buzzwole|76/100|[from] Stealth Rock
|move|p1a: Hippowdon|Slack Off|p1a: Hippowdon
|-heal|p1a: Hippowdon|95/100
|
|-weather|Sandstorm|[upkeep]
|-damage|p2a: Buzzwole|70/100|[from] Sandstorm
|upkeep
|turn|28
|inactive|Thubezt has 120 seconds left.
|inactive|Lou dort has 120 seconds left.
|
|t:|1658782744
|move|p2a: Buzzwole|Close Combat|p1a: Hippowdon
|-damage|p1a: Hippowdon|31/100
|-unboost|p2a: Buzzwole|def|1
|-unboost|p2a: Buzzwole|spd|1
|move|p1a: Hippowdon|Toxic|p2a: Buzzwole
|-status|p2a: Buzzwole|tox
|
|-weather|Sandstorm|[upkeep]
|-damage|p2a: Buzzwole|63/100 tox|[from] Sandstorm
|-damage|p2a: Buzzwole|57/100 tox|[from] psn
|upkeep
|turn|29
|inactive|Lou dort has 120 seconds left.
|inactive|Thubezt has 120 seconds left.
|
|t:|1658782768
|switch|p2a: Dragapult|Dragapult, F|88/100
|-damage|p2a: Dragapult|76/100|[from] Stealth Rock
|switch|p1a: Tornadus|Tornadus-Therian, M|100/100
|
|-weather|Sandstorm|[upkeep]
|-damage|p2a: Dragapult|70/100|[from] Sandstorm
|-damage|p1a: Tornadus|94/100|[from] Sandstorm
|upkeep
|turn|30
|inactive|Thubezt has 90 seconds left.
|
|t:|1658782815
|move|p2a: Dragapult|Draco Meteor|p1a: Tornadus|[miss]
|-miss|p2a: Dragapult|p1a: Tornadus
|move|p1a: Tornadus|Knock Off|p2a: Dragapult
|-supereffective|p2a: Dragapult
|-damage|p2a: Dragapult|13/100
|-enditem|p2a: Dragapult|Choice Specs|[from] move: Knock Off|[of] p1a: Tornadus
|
|-weather|Sandstorm|[upkeep]
|-damage|p2a: Dragapult|7/100|[from] Sandstorm
|-damage|p1a: Tornadus|88/100|[from] Sandstorm
|upkeep
|turn|31
|
|t:|1658782830
|switch|p1a: Toxapex|Toxapex, F|78/100
|move|p2a: Dragapult|Draco Meteor|p1a: Toxapex
|-damage|p1a: Toxapex|25/100
|-unboost|p2a: Dragapult|spa|2
|
|-weather|Sandstorm|[upkeep]
|-damage|p2a: Dragapult|1/100|[from] Sandstorm
|-damage|p1a: Toxapex|18/100|[from] Sandstorm
|-heal|p1a: Toxapex|25/100|[from] item: Black Sludge
|upkeep
|turn|32
|
|t:|1658782840
|switch|p1a: Tornadus|Tornadus-Therian, M|100/100
|move|p2a: Dragapult|Draco Meteor|p1a: Tornadus
|-damage|p1a: Tornadus|71/100
|-unboost|p2a: Dragapult|spa|2
|
|-weather|Sandstorm|[upkeep]
|-damage|p2a: Dragapult|0 fnt|[from] Sandstorm
|-damage|p1a: Tornadus|65/100|[from] Sandstorm
|faint|p2a: Dragapult
|upkeep
|
|t:|1658782854
|switch|p2a: Zapdos|Zapdos|64/100 tox
|turn|33
|
|t:|1658782874
|move|p1a: Tornadus|Icy Wind|p2a: Zapdos
|-supereffective|p2a: Zapdos
|-damage|p2a: Zapdos|36/100 tox
|-unboost|p2a: Zapdos|spe|1
|move|p2a: Zapdos|Hurricane|p1a: Tornadus|[miss]
|-miss|p2a: Zapdos|p1a: Tornadus
|
|-weather|none
|-damage|p2a: Zapdos|30/100 tox|[from] psn
|upkeep
|turn|34
|
|t:|1658782895
|move|p1a: Tornadus|Knock Off|p2a: Zapdos
|-crit|p2a: Zapdos
|-damage|p2a: Zapdos|6/100 tox
|-enditem|p2a: Zapdos|Heavy-Duty Boots|[from] move: Knock Off|[of] p1a: Tornadus
|move|p2a: Zapdos|Discharge|p1a: Tornadus
|-supereffective|p1a: Tornadus
|-damage|p1a: Tornadus|0 fnt
|faint|p1a: Tornadus
|
|-damage|p2a: Zapdos|0 fnt|[from] psn
|faint|p2a: Zapdos
|upkeep
|inactive|Thubezt has 60 seconds left.
|
|t:|1658782915
|switch|p1a: Hippowdon|Hippowdon, M|31/100
|switch|p2a: Buzzwole|Buzzwole|57/100 tox
|-damage|p2a: Buzzwole|45/100 tox|[from] Stealth Rock
|-weather|Sandstorm|[from] ability: Sand Stream|[of] p1a: Hippowdon
|turn|35
|inactive|Lou dort has 120 seconds left.
|
|t:|1658782942
|switch|p1a: Toxapex|Toxapex, F|58/100
|move|p2a: Buzzwole|Leech Life|p1a: Toxapex
|-resisted|p1a: Toxapex
|-damage|p1a: Toxapex|39/100
|-heal|p2a: Buzzwole|53/100 tox|[from] drain|[of] p1a: Toxapex
|
|-weather|Sandstorm|[upkeep]
|-damage|p2a: Buzzwole|46/100 tox|[from] Sandstorm
|-damage|p1a: Toxapex|33/100|[from] Sandstorm
|-heal|p1a: Toxapex|39/100|[from] item: Black Sludge
|-damage|p2a: Buzzwole|40/100 tox|[from] psn
|upkeep
|turn|36
|
|t:|1658782953
|switch|p2a: Heatran|Heatran, F|21/100
|-damage|p2a: Heatran|8/100|[from] Stealth Rock
|move|p1a: Toxapex|Recover|p1a: Toxapex
|-heal|p1a: Toxapex|89/100
|
|-weather|Sandstorm|[upkeep]
|-damage|p1a: Toxapex|83/100|[from] Sandstorm
|-heal|p1a: Toxapex|89/100|[from] item: Black Sludge
|upkeep
|turn|37
|
|t:|1658782960
|move|p2a: Heatran|Earth Power|p1a: Toxapex
|-supereffective|p1a: Toxapex
|-damage|p1a: Toxapex|45/100
|move|p1a: Toxapex|Scald|p2a: Heatran
|-supereffective|p2a: Heatran
|-damage|p2a: Heatran|0 fnt
|faint|p2a: Heatran
|
|-weather|Sandstorm|[upkeep]
|-damage|p1a: Toxapex|38/100|[from] Sandstorm
|-heal|p1a: Toxapex|45/100|[from] item: Black Sludge
|upkeep
|
|t:|1658782962
|switch|p2a: Buzzwole|Buzzwole|40/100 tox
|-damage|p2a: Buzzwole|28/100 tox|[from] Stealth Rock
|turn|38
|
|t:|1658782971
|move|p2a: Buzzwole|Close Combat|p1a: Toxapex
|-resisted|p1a: Toxapex
|-damage|p1a: Toxapex|13/100
|-unboost|p2a: Buzzwole|def|1
|-unboost|p2a: Buzzwole|spd|1
|move|p1a: Toxapex|Recover|p1a: Toxapex
|-heal|p1a: Toxapex|63/100
|
|-weather|Sandstorm|[upkeep]
|-damage|p2a: Buzzwole|22/100 tox|[from] Sandstorm
|-damage|p1a: Toxapex|57/100|[from] Sandstorm
|-heal|p1a: Toxapex|63/100|[from] item: Black Sludge
|-damage|p2a: Buzzwole|15/100 tox|[from] psn
|upkeep
|turn|39
|-message|Lou dort forfeited.
|
|win|Thubezt
|raw|Thubezt's rating: 1613 &rarr; <strong>1632</strong><br />(+19 for winning)
|raw|Lou dort's rating: 1601 &rarr; <strong>1582</strong><br />(-19 for losing)
|l|☆Lou dort
