|raw|<div class="broadcast-blue"><strong>This battle is required to be public due to a player having a name starting with 'lt93oq'.</div>
|j|☆LT93OQ Nick
|j|☆Coach Jones 6fifth
|t:|1660702433
|gametype|singles
|player|p1|LT93OQ Nick|#agplivlionsden|1874
|player|p2|Coach Jones 6fifth|lusamine-nihilego|1867
|teamsize|p1|6
|teamsize|p2|6
|gen|8
|tier|[Gen 8] OU
|rated|
|rule|Sleep Clause Mod: Limit one foe put to sleep
|rule|Species Clause: Limit one of each Pokémon
|rule|OHKO Clause: OHKO moves are banned
|rule|Evasion Items Clause: Evasion items are banned
|rule|Evasion Moves Clause: Evasion moves are banned
|rule|Endless Battle Clause: Forcing endless battles is banned
|rule|HP Percentage Mod: HP is shown in percentages
|rule|Dynamax Clause: You cannot dynamax
|clearpoke
|poke|p1|Mew|
|poke|p1|Weavile, M|
|poke|p1|Celesteela|
|poke|p1|Garchomp, M|
|poke|p1|Blacephalon|
|poke|p1|Crawdaunt, F|
|poke|p2|Hippowdon, M|
|poke|p2|Tapu Lele|
|poke|p2|Zarude-Dada|
|poke|p2|Corviknight, F|
|poke|p2|Dragapult, M|
|poke|p2|Toxapex, M|
|teampreview
|inactive|Battle timer is ON: inactive players will automatically lose when time's up. (requested by LT93OQ Nick)
|
|t:|1660702454
|start
|switch|p1a: Mew|Mew, shiny|100/100
|switch|p2a: Hippowdon|Hippowdon, M|100/100
|-weather|Sandstorm|[from] ability: Sand Stream|[of] p2a: Hippowdon
|turn|1
|
|t:|1660702460
|move|p1a: Mew|Taunt|p2a: Hippowdon
|-start|p2a: Hippowdon|move: Taunt
|cant|p2a: Hippowdon|move: Taunt|Stealth Rock
|
|-weather|Sandstorm|[upkeep]
|-damage|p1a: Mew|94/100|[from] Sandstorm
|upkeep
|turn|2
|
|t:|1660702464
|switch|p2a: Dragapult|Dragapult, M, shiny|100/100
|move|p1a: Mew|Stealth Rock|p2a: Dragapult
|-sidestart|p2: Coach Jones 6fifth|move: Stealth Rock
|
|-weather|Sandstorm|[upkeep]
|-damage|p2a: Dragapult|95/100|[from] Sandstorm
|-damage|p1a: Mew|88/100|[from] Sandstorm
|upkeep
|turn|3
|
|t:|1660702467
|move|p2a: Dragapult|Shadow Ball|p1a: Mew
|-supereffective|p1a: Mew
|-damage|p1a: Mew|0 fnt
|faint|p1a: Mew
|
|-weather|Sandstorm|[upkeep]
|-damage|p2a: Dragapult|89/100|[from] Sandstorm
|upkeep
|
|t:|1660702474
|switch|p1a: Weavile|Weavile, M, shiny|100/100
|-ability|p1a: Weavile|Pressure
|turn|4
|j| LT93OQ Bee
|
|t:|1660702485
|switch|p2a: Corviknight|Corviknight, F|100/100
|-damage|p2a: Corviknight|88/100|[from] Stealth Rock
|-ability|p2a: Corviknight|Pressure
|move|p1a: Weavile|Swords Dance|p1a: Weavile
|-boost|p1a: Weavile|atk|2
|
|-weather|Sandstorm|[upkeep]
|-damage|p1a: Weavile|94/100|[from] Sandstorm
|upkeep
|turn|5
|inactive|LT93OQ Nick has 120 seconds left.
|
|t:|1660702519
|move|p1a: Weavile|Triple Axel|p2a: Corviknight
|-damage|p2a: Corviknight|71/100
|-damage|p1a: Weavile|78/100|[from] item: Rocky Helmet|[of] p2a: Corviknight
|-damage|p2a: Corviknight|33/100
|-damage|p1a: Weavile|62/100|[from] item: Rocky Helmet|[of] p2a: Corviknight
|-damage|p2a: Corviknight|0 fnt
|-damage|p1a: Weavile|45/100|[from] item: Rocky Helmet|[of] p2a: Corviknight
|faint|p2a: Corviknight
|-hitcount|p2: Corviknight|3
|-damage|p1a: Weavile|35/100|[from] item: Life Orb
|
|-weather|none
|upkeep
|
|t:|1660702534
|switch|p2a: Tapu Lele|Tapu Lele|100/100
|-damage|p2a: Tapu Lele|88/100|[from] Stealth Rock
|-fieldstart|move: Psychic Terrain|[from] ability: Psychic Surge|[of] p2a: Tapu Lele
|turn|6
|
|t:|1660702538
|move|p1a: Weavile|Knock Off|p2a: Tapu Lele
|-damage|p2a: Tapu Lele|0 fnt
|-enditem|p2a: Tapu Lele|Choice Specs|[from] move: Knock Off|[of] p1a: Weavile
|faint|p2a: Tapu Lele
|-damage|p1a: Weavile|25/100|[from] item: Life Orb
|
|upkeep
|
|t:|1660702541
|switch|p2a: Dragapult|Dragapult, M, shiny|89/100
|-damage|p2a: Dragapult|76/100|[from] Stealth Rock
|turn|7
|j| 70to90gxe
|j| Celtis
|j| egal★vanc
|j| KMNg99
|j| pls send team
|
|t:|1660702558
|move|p2a: Dragapult|U-turn|p1a: Weavile
|-supereffective|p1a: Weavile
|-damage|p1a: Weavile|0 fnt
|faint|p1a: Weavile
|
|t:|1660702563
|switch|p2a: Hippowdon|Hippowdon, M|100/100|[from]move: U-turn
|-damage|p2a: Hippowdon|94/100|[from] Stealth Rock
|-weather|Sandstorm|[from] ability: Sand Stream|[of] p2a: Hippowdon
|
|-weather|Sandstorm|[upkeep]
|-heal|p2a: Hippowdon|100/100|[from] item: Leftovers
|upkeep
|j| LT93OQ WSLF
|
|t:|1660702567
|switch|p1a: Garchomp|Garchomp, M, shiny|100/100
|turn|8
|
|t:|1660702570
|move|p1a: Garchomp|Swords Dance|p1a: Garchomp
|-boost|p1a: Garchomp|atk|2
|move|p2a: Hippowdon|Earthquake|p1a: Garchomp
|-damage|p1a: Garchomp|61/100
|
|-weather|Sandstorm|[upkeep]
|upkeep
|turn|9
|
|t:|1660702574
|move|p1a: Garchomp|Earthquake|p2a: Hippowdon
|-damage|p2a: Hippowdon|25/100
|move|p2a: Hippowdon|Earthquake|p1a: Garchomp
|-damage|p1a: Garchomp|22/100
|
|-weather|Sandstorm|[upkeep]
|-heal|p2a: Hippowdon|31/100|[from] item: Leftovers
|upkeep
|turn|10
|
|t:|1660702578
|move|p1a: Garchomp|Scale Shot|p2a: Hippowdon
|-damage|p2a: Hippowdon|12/100
|-damage|p2a: Hippowdon|0 fnt
|faint|p2a: Hippowdon
|-hitcount|p2: Hippowdon|2
|-unboost|p1a: Garchomp|def|1
|-boost|p1a: Garchomp|spe|1
|
|-weather|Sandstorm|[upkeep]
|-fieldend|move: Psychic Terrain
|upkeep
|
|t:|1660702580
|switch|p2a: Zarude|Zarude-Dada|100/100
|-damage|p2a: Zarude|88/100|[from] Stealth Rock
|turn|11
|
|t:|1660702602
|move|p1a: Garchomp|Fire Fang|p2a: Zarude
|-supereffective|p2a: Zarude
|-damage|p2a: Zarude|2/100
|move|p2a: Zarude|Darkest Lariat|p1a: Garchomp
|-damage|p1a: Garchomp|0 fnt
|-damage|p2a: Zarude|0 fnt|[from] ability: Rough Skin|[of] p1a: Garchomp
|faint|p1a: Garchomp
|faint|p2a: Zarude
|
|-weather|none
|upkeep
|
|t:|1660702611
|switch|p2a: Toxapex|Toxapex, M, shiny|100/100
|switch|p1a: Celesteela|Celesteela, shiny|100/100
|-damage|p2a: Toxapex|88/100|[from] Stealth Rock
|turn|12
|
|t:|1660702616
|move|p1a: Celesteela|Meteor Beam||[still]
|-prepare|p1a: Celesteela|Meteor Beam
|-boost|p1a: Celesteela|spa|1
|-enditem|p1a: Celesteela|Power Herb
|-anim|p1a: Celesteela|Meteor Beam|p2a: Toxapex
|-damage|p2a: Toxapex|44/100
|move|p2a: Toxapex|Knock Off|p1a: Celesteela
|-damage|p1a: Celesteela|91/100
|
|upkeep
|turn|13
|
|t:|1660702623
|move|p1a: Celesteela|Air Slash|p2a: Toxapex
|-damage|p2a: Toxapex|0 fnt
|faint|p2a: Toxapex
|-ability|p1a: Celesteela|Beast Boost|boost
|-boost|p1a: Celesteela|spa|1
|
|upkeep
|
|t:|1660702625
|switch|p2a: Dragapult|Dragapult, M, shiny|76/100
|-damage|p2a: Dragapult|64/100|[from] Stealth Rock
|turn|14
|
|t:|1660702627
|move|p2a: Dragapult|Fire Blast|p1a: Celesteela
|-supereffective|p1a: Celesteela
|-damage|p1a: Celesteela|0 fnt
|faint|p1a: Celesteela
|
|upkeep
|-message|Coach Jones 6fifth forfeited.
|
|win|LT93OQ Nick
|raw|LT93OQ Nick's rating: 1874 &rarr; <strong>1894</strong><br />(+20 for winning)
|raw|Coach Jones 6fifth's rating: 1867 &rarr; <strong>1847</strong><br />(-20 for losing)
|l|☆Coach Jones 6fifth
|c|☆LT93OQ Nick|gg
|l| 70to90gxe
|j| LT93OQ Aury
|j| lt93oq aa
|l| LT93OQ WSLF
|l| egal★vanc
|l| KMNg99
|l| lt93oq aa
|l| LT93OQ Bee
||Ladder isn't responding, score probably updated but might not have (Request timeout).
|j| LT93OQ Origami♕
|j| LT93OQLACABALLOTA
|l| LT93OQ Origami♕
|j| whoghohou
|l| pls send team
|l| Celtis
|l| whoghohou
|j| Plasmeek
|l| Plasmeek
