|j|☆CARLY RAE JESUS
|j|☆GORAN EL DRACO
|player|p1|CARLY RAE JESUS|winona|1821
|player|p2|GORAN EL DRACO|266|1842
|teamsize|p1|6
|teamsize|p2|6
|gametype|singles
|gen|8
|tier|[Gen 8] OU
|rated|
|html|<div class="broadcast-red"><strong>OU is currently suspecting Arena Trap! For information on how to participate check out the <a href="https://www.smogon.com/forums/threads/3661134/">suspect thread</a>.</strong></div>
|clearpoke
|poke|p1|Hippowdon, F|
|poke|p1|Mandibuzz, F|
|poke|p1|Clefable, M|
|poke|p1|Dragapult, F|
|poke|p1|Toxapex, M|
|poke|p1|Dracovish|
|poke|p2|Dracovish|
|poke|p2|Rotom-Heat|
|poke|p2|Ferrothorn, F|
|poke|p2|Bisharp, F|
|poke|p2|Togekiss, M|
|poke|p2|Hydreigon, M|
|rule|Sleep Clause Mod: Limit one foe put to sleep
|rule|Species Clause: Limit one of each Pokémon
|rule|OHKO Clause: OHKO moves are banned
|rule|Evasion Moves Clause: Evasion moves are banned
|rule|Endless Battle Clause: Forcing endless battles is banned
|rule|HP Percentage Mod: HP is shown in percentages
|rule|Dynamax Clause: You cannot dynamax
|teampreview
|j| Aa147258369
|
|start
|switch|p1a: Hippowdon|Hippowdon, F|100/100
|switch|p2a: Ferrothorn|Ferrothorn, F|100/100
|-weather|Sandstorm|[from] ability: Sand Stream|[of] p1a: Hippowdon
|turn|1
|j| partynparadise
|inactive|Battle timer is ON: inactive players will automatically lose when time's up. (requested by CARLY RAE JESUS)
|j| Shucle
|
|move|p1a: Hippowdon|Stealth Rock|p2a: Ferrothorn
|-sidestart|p2: GORAN EL DRACO|move: Stealth Rock
|move|p2a: Ferrothorn|Knock Off|p1a: Hippowdon
|-damage|p1a: Hippowdon|89/100
|-enditem|p1a: Hippowdon|Leftovers|[from] move: Knock Off|[of] p2a: Ferrothorn
|
|-weather|Sandstorm|[upkeep]
|upkeep
|turn|2
|j| nathaaan.
|j| sella alik boi
|
|switch|p1a: Mandibuzz|Mandibuzz, F|100/100
|move|p2a: Ferrothorn|Stealth Rock|p1a: Mandibuzz
|-sidestart|p1: CARLY RAE JESUS|move: Stealth Rock
|
|-weather|Sandstorm|[upkeep]
|upkeep
|turn|3
|l| Aa147258369
|
|move|p1a: Mandibuzz|Taunt|p2a: Ferrothorn
|-start|p2a: Ferrothorn|move: Taunt
|move|p2a: Ferrothorn|Knock Off|p1a: Mandibuzz
|-resisted|p1a: Mandibuzz
|-damage|p1a: Mandibuzz|94/100
|-damage|p2a: Ferrothorn|84/100|[from] item: Rocky Helmet|[of] p1a: Mandibuzz
|-enditem|p1a: Mandibuzz|Rocky Helmet|[from] move: Knock Off|[of] p2a: Ferrothorn
|
|-weather|Sandstorm|[upkeep]
|-heal|p2a: Ferrothorn|90/100|[from] item: Leftovers
|upkeep
|turn|4
|c| sella alik boi|feels like the 1800 elo teams all look the same lmao
|
|switch|p1a: Clefable|Clefable, M, shiny|100/100
|move|p2a: Ferrothorn|Body Press|p1a: Clefable
|-resisted|p1a: Clefable
|-damage|p1a: Clefable|90/100
|
|-weather|Sandstorm|[upkeep]
|-heal|p1a: Clefable|96/100|[from] item: Leftovers
|-heal|p2a: Ferrothorn|97/100|[from] item: Leftovers
|upkeep
|turn|5
|
|switch|p2a: Rotom|Rotom-Heat|100/100
|move|p1a: Clefable|Knock Off|p2a: Rotom
|-damage|p2a: Rotom|83/100
|-enditem|p2a: Rotom|Heavy-Duty Boots|[from] move: Knock Off|[of] p1a: Clefable
|
|-weather|none
|-heal|p1a: Clefable|100/100|[from] item: Leftovers
|upkeep
|turn|6
|
|move|p2a: Rotom|Nasty Plot|p2a: Rotom
|-boost|p2a: Rotom|spa|2
|move|p1a: Clefable|Moonblast|p2a: Rotom
|-resisted|p2a: Rotom
|-damage|p2a: Rotom|71/100
|
|upkeep
|turn|7
|c|☆GORAN EL DRACO|welcome to ou please enjoy your stay
|
|move|p2a: Rotom|Overheat|p1a: Clefable
|-damage|p1a: Clefable|9/100
|-unboost|p2a: Rotom|spa|2
|move|p1a: Clefable|Moonblast|p2a: Rotom
|-resisted|p2a: Rotom
|-damage|p2a: Rotom|58/100
|
|-heal|p1a: Clefable|15/100|[from] item: Leftovers
|upkeep
|turn|8
|
|switch|p1a: Dragapult|Dragapult, F|100/100
|-damage|p1a: Dragapult|88/100|[from] Stealth Rock
|move|p2a: Rotom|Overheat|p1a: Dragapult
|-resisted|p1a: Dragapult
|-damage|p1a: Dragapult|52/100
|-unboost|p2a: Rotom|spa|2
|
|-heal|p1a: Dragapult|58/100|[from] item: Leftovers
|upkeep
|turn|9
|
|move|p1a: Dragapult|Substitute|p1a: Dragapult
|-start|p1a: Dragapult|Substitute
|-damage|p1a: Dragapult|33/100
|move|p2a: Rotom|Volt Switch|p1a: Dragapult
|-resisted|p1a: Dragapult
|-activate|p1a: Dragapult|move: Substitute|[damage]
|
|switch|p2a: Hydreigon|Hydreigon, M|100/100|[from]move: Volt Switch
|-damage|p2a: Hydreigon|88/100|[from] Stealth Rock
|
|-heal|p1a: Dragapult|39/100|[from] item: Leftovers
|upkeep
|turn|10
|
|move|p2a: Hydreigon|U-turn|p1a: Dragapult
|-resisted|p1a: Dragapult
|-activate|p1a: Dragapult|move: Substitute|[damage]
|
|switch|p2a: Rotom|Rotom-Heat|58/100|[from]move: U-turn
|-damage|p2a: Rotom|33/100|[from] Stealth Rock
|move|p1a: Dragapult|Draco Meteor|p2a: Rotom|[miss]
|-miss|p1a: Dragapult|p2a: Rotom
|
|-heal|p1a: Dragapult|45/100|[from] item: Leftovers
|upkeep
|turn|11
|
|move|p1a: Dragapult|Hex|p2a: Rotom
|-damage|p2a: Rotom|11/100
|move|p2a: Rotom|Volt Switch|p1a: Dragapult
|-resisted|p1a: Dragapult
|-end|p1a: Dragapult|Substitute
|
|switch|p2a: Hydreigon|Hydreigon, M|88/100|[from]move: Volt Switch
|-damage|p2a: Hydreigon|76/100|[from] Stealth Rock
|
|-heal|p1a: Dragapult|51/100|[from] item: Leftovers
|upkeep
|turn|12
|j| Elo Checker Alert
|
|switch|p1a: Toxapex|Toxapex, M|100/100
|-damage|p1a: Toxapex|88/100|[from] Stealth Rock
|move|p2a: Hydreigon|Dark Pulse|p1a: Toxapex
|-damage|p1a: Toxapex|57/100
|
|-heal|p1a: Toxapex|63/100|[from] item: Black Sludge
|upkeep
|turn|13
|j| Mouais bof
|inactive|GORAN EL DRACO has 120 seconds left.
|
|switch|p2a: Togekiss|Togekiss, M|100/100
|-damage|p2a: Togekiss|76/100|[from] Stealth Rock
|move|p1a: Toxapex|Toxic Spikes|p2a: Togekiss
|-sidestart|p2: GORAN EL DRACO|move: Toxic Spikes
|
|-heal|p2a: Togekiss|82/100|[from] item: Leftovers
|-heal|p1a: Toxapex|70/100|[from] item: Black Sludge
|upkeep
|turn|14
|
|switch|p1a: Hippowdon|Hippowdon, F|89/100
|-damage|p1a: Hippowdon|83/100|[from] Stealth Rock
|-weather|Sandstorm|[from] ability: Sand Stream|[of] p1a: Hippowdon
|move|p2a: Togekiss|Substitute|p2a: Togekiss
|-start|p2a: Togekiss|Substitute
|-damage|p2a: Togekiss|57/100
|
|-weather|Sandstorm|[upkeep]
|-damage|p2a: Togekiss|51/100|[from] Sandstorm
|-heal|p2a: Togekiss|57/100|[from] item: Leftovers
|upkeep
|turn|15
|
|move|p2a: Togekiss|Air Slash|p1a: Hippowdon
|-damage|p1a: Hippowdon|38/100
|move|p1a: Hippowdon|Whirlwind|p2a: Togekiss
|drag|p2a: Dracovish|Dracovish|100/100
|-status|p2a: Dracovish|psn
|-damage|p2a: Dracovish|88/100 psn|[from] Stealth Rock
|
|-weather|Sandstorm|[upkeep]
|-damage|p2a: Dracovish|82/100 psn|[from] Sandstorm
|-damage|p2a: Dracovish|70/100 psn|[from] psn
|upkeep
|turn|16
|
|move|p2a: Dracovish|Fishious Rend|p1a: Hippowdon
|-supereffective|p1a: Hippowdon
|-damage|p1a: Hippowdon|0 fnt
|faint|p1a: Hippowdon
|
|-weather|Sandstorm|[upkeep]
|-damage|p2a: Dracovish|64/100 psn|[from] Sandstorm
|-damage|p2a: Dracovish|51/100 psn|[from] psn
|upkeep
|
|switch|p1a: Dracovish|Dracovish, shiny|100/100
|-damage|p1a: Dracovish|88/100|[from] Stealth Rock
|turn|17
|
|switch|p2a: Ferrothorn|Ferrothorn, F|97/100
|-damage|p2a: Ferrothorn|90/100|[from] Stealth Rock
|move|p1a: Dracovish|Fishious Rend|p2a: Ferrothorn
|-resisted|p2a: Ferrothorn
|-damage|p2a: Ferrothorn|58/100
|-damage|p1a: Dracovish|76/100|[from] ability: Iron Barbs|[of] p2a: Ferrothorn
|
|-weather|Sandstorm|[upkeep]
|-damage|p1a: Dracovish|69/100|[from] Sandstorm
|-heal|p2a: Ferrothorn|64/100|[from] item: Leftovers
|upkeep
|turn|18
|j| Dylanronpa
|
|move|p1a: Dracovish|Fishious Rend|p2a: Ferrothorn
|-resisted|p2a: Ferrothorn
|-damage|p2a: Ferrothorn|23/100
|-damage|p1a: Dracovish|57/100|[from] ability: Iron Barbs|[of] p2a: Ferrothorn
|move|p2a: Ferrothorn|Power Whip|p1a: Dracovish|[miss]
|-miss|p2a: Ferrothorn|p1a: Dracovish
|
|-weather|none
|-heal|p2a: Ferrothorn|29/100|[from] item: Leftovers
|upkeep
|turn|19
|
|move|p1a: Dracovish|Fishious Rend|p2a: Ferrothorn
|-resisted|p2a: Ferrothorn
|-damage|p2a: Ferrothorn|0 fnt
|-damage|p1a: Dracovish|44/100|[from] ability: Iron Barbs|[of] p2a: Ferrothorn
|faint|p2a: Ferrothorn
|
|upkeep
|
|switch|p2a: Hydreigon|Hydreigon, M|76/100
|-damage|p2a: Hydreigon|64/100|[from] Stealth Rock
|turn|20
|
|move|p2a: Hydreigon|Dark Pulse|p1a: Dracovish
|-damage|p1a: Dracovish|0 fnt
|faint|p1a: Dracovish
|
|upkeep
|j| WarioMasters
|j| neutralzone!!
|j| Lickasser
|
|switch|p1a: Toxapex|Toxapex, M|100/100
|-damage|p1a: Toxapex|88/100|[from] Stealth Rock
|turn|21
|j| gare23limit
|
|switch|p2a: Rotom|Rotom-Heat|11/100
|-damage|p2a: Rotom|0 fnt|[from] Stealth Rock
|faint|p2a: Rotom
|move|p1a: Toxapex|Scald|p2: Rotom|[notarget]
|-fail|p1a: Toxapex
|
|-heal|p1a: Toxapex|94/100|[from] item: Black Sludge
|upkeep
|
|switch|p2a: Togekiss|Togekiss, M|57/100
|-damage|p2a: Togekiss|32/100|[from] Stealth Rock
|turn|22
|
|switch|p1a: Dragapult|Dragapult, F|51/100
|-damage|p1a: Dragapult|39/100|[from] Stealth Rock
|move|p2a: Togekiss|Air Slash|p1a: Dragapult
|-damage|p1a: Dragapult|0 fnt
|faint|p1a: Dragapult
|
|-heal|p2a: Togekiss|38/100|[from] item: Leftovers
|upkeep
|j| LowGxeDoritos
|-message|CARLY RAE JESUS forfeited.
|
|win|GORAN EL DRACO
|l|☆CARLY RAE JESUS
|l| sella alik boi
|l| LowGxeDoritos
|l| Lickasser
|l| Dylanronpa
|l| partynparadise
|l| Mouais bof
||Ladder (probably) updated, but score could not be retrieved (Response not received).
