|j|☆piyush21
|j|☆PokeDa
|player|p1|piyush21|red|1854
|player|p2|PokeDa|wallace|1670
|teamsize|p1|6
|teamsize|p2|6
|gametype|singles
|gen|8
|tier|[Gen 8] OU
|rated|
|clearpoke
|poke|p1|Shuckle, F|
|poke|p1|Cloyster, M|
|poke|p1|Bisharp, M|
|poke|p1|Mimikyu, F|
|poke|p1|Lucario, M|
|poke|p1|Zeraora|
|poke|p2|Pelipper, M|
|poke|p2|Dracovish|
|poke|p2|Mantine, M|
|poke|p2|Seismitoad, M|
|poke|p2|Ferrothorn, F|
|poke|p2|Jirachi|
|rule|Sleep Clause Mod: Limit one foe put to sleep
|rule|Species Clause: Limit one of each Pokémon
|rule|OHKO Clause: OHKO moves are banned
|rule|Evasion Moves Clause: Evasion moves are banned
|rule|Endless Battle Clause: Forcing endless battles is banned
|rule|HP Percentage Mod: HP is shown in percentages
|rule|Dynamax Clause: You cannot dynamax
|teampreview
|inactive|Battle timer is ON: inactive players will automatically lose when time's up. (requested by PokeDa)
|inactive|piyush21 has 120 seconds left.
|
|start
|switch|p1a: Pure skill|Cloyster, M|100/100
|switch|p2a: Ferrothorn|Ferrothorn, F, shiny|100/100
|turn|1
|
|move|p1a: Pure skill|Shell Smash|p1a: Pure skill
|-unboost|p1a: Pure skill|def|1
|-unboost|p1a: Pure skill|spd|1
|-boost|p1a: Pure skill|atk|2
|-boost|p1a: Pure skill|spa|2
|-boost|p1a: Pure skill|spe|2
|move|p2a: Ferrothorn|Body Press|p1a: Pure skill
|-supereffective|p1a: Pure skill
|-crit|p1a: Pure skill
|-damage|p1a: Pure skill|0 fnt
|faint|p1a: Pure skill
|
|upkeep
|
|switch|p1a: Plz don't flinch|Shuckle, F|100/100
|turn|2
|
|switch|p2a: Pelipper|Pelipper, M|100/100
|-weather|RainDance|[from] ability: Drizzle|[of] p2a: Pelipper
|move|p1a: Plz don't flinch|Stealth Rock|p2a: Pelipper
|-sidestart|p2: PokeDa|move: Stealth Rock
|
|-weather|RainDance|[upkeep]
|upkeep
|turn|3
|
|move|p2a: Pelipper|Defog|p1a: Plz don't flinch
|-unboost|p1a: Plz don't flinch|evasion|1
|-sideend|p2: PokeDa|Stealth Rock|[from] move: Defog|[of] p2a: Pelipper
|move|p1a: Plz don't flinch|Sticky Web|p2a: Pelipper
|-sidestart|p2: PokeDa|move: Sticky Web
|
|-weather|RainDance|[upkeep]
|upkeep
|turn|4
|
|move|p2a: Pelipper|Scald|p1a: Plz don't flinch
|-supereffective|p1a: Plz don't flinch
|-damage|p1a: Plz don't flinch|50/100
|move|p1a: Plz don't flinch|Sticky Web||[still]
|-fail|p1a: Plz don't flinch
|
|-weather|RainDance|[upkeep]
|upkeep
|turn|5
|
|move|p2a: Pelipper|Scald|p1a: Plz don't flinch
|-supereffective|p1a: Plz don't flinch
|-damage|p1a: Plz don't flinch|0 fnt
|faint|p1a: Plz don't flinch
|
|-weather|RainDance|[upkeep]
|upkeep
|
|switch|p1a: Zeraora|Zeraora|100/100
|turn|6
|
|switch|p2a: Ferrothorn|Ferrothorn, F, shiny|100/100
|-activate|p2a: Ferrothorn|move: Sticky Web
|-unboost|p2a: Ferrothorn|spe|1
|move|p1a: Zeraora|Bulk Up|p1a: Zeraora
|-boost|p1a: Zeraora|atk|1
|-boost|p1a: Zeraora|def|1
|
|-weather|RainDance|[upkeep]
|upkeep
|turn|7
|
|move|p1a: Zeraora|Bulk Up|p1a: Zeraora
|-boost|p1a: Zeraora|atk|1
|-boost|p1a: Zeraora|def|1
|move|p2a: Ferrothorn|Body Press|p1a: Zeraora
|-damage|p1a: Zeraora|79/100
|
|-weather|RainDance|[upkeep]
|upkeep
|turn|8
|
|move|p1a: Zeraora|Drain Punch|p2a: Ferrothorn
|-supereffective|p2a: Ferrothorn
|-damage|p2a: Ferrothorn|24/100
|-heal|p1a: Zeraora|100/100|[from] drain|[of] p2a: Ferrothorn
|-damage|p1a: Zeraora|88/100|[from] ability: Iron Barbs|[of] p2a: Ferrothorn
|-damage|p1a: Zeraora|72/100|[from] item: Rocky Helmet|[of] p2a: Ferrothorn
|-damage|p1a: Zeraora|62/100|[from] item: Life Orb
|move|p2a: Ferrothorn|Body Press|p1a: Zeraora
|-damage|p1a: Zeraora|41/100
|
|-weather|RainDance|[upkeep]
|upkeep
|turn|9
|
|move|p1a: Zeraora|Drain Punch|p2a: Ferrothorn
|-supereffective|p2a: Ferrothorn
|-damage|p2a: Ferrothorn|0 fnt
|-heal|p1a: Zeraora|54/100|[from] drain|[of] p2a: Ferrothorn
|-damage|p1a: Zeraora|42/100|[from] ability: Iron Barbs|[of] p2a: Ferrothorn
|-damage|p1a: Zeraora|25/100|[from] item: Rocky Helmet|[of] p2a: Ferrothorn
|-damage|p1a: Zeraora|15/100|[from] item: Life Orb
|faint|p2a: Ferrothorn
|
|-weather|none
|upkeep
|
|switch|p2a: Pelipper|Pelipper, M|100/100
|-weather|RainDance|[from] ability: Drizzle|[of] p2a: Pelipper
|turn|10
|
|switch|p2a: Jirachi|Jirachi, shiny|100/100
|-activate|p2a: Jirachi|move: Sticky Web
|-unboost|p2a: Jirachi|spe|1
|move|p1a: Zeraora|Drain Punch|p2a: Jirachi
|-damage|p2a: Jirachi|37/100
|-heal|p1a: Zeraora|50/100|[from] drain|[of] p2a: Jirachi
|-damage|p1a: Zeraora|40/100|[from] item: Life Orb
|
|-weather|RainDance|[upkeep]
|upkeep
|turn|11
|
|move|p1a: Zeraora|Plasma Fists|p2a: Jirachi
|-damage|p2a: Jirachi|0 fnt
|-fieldactivate|move: Ion Deluge
|-damage|p1a: Zeraora|30/100|[from] item: Life Orb
|faint|p2a: Jirachi
|
|-weather|RainDance|[upkeep]
|upkeep
|
|switch|p2a: Mantine|Mantine, M|100/100
|turn|12
|
|move|p2a: Mantine|Surf|p1a: Zeraora
|-damage|p1a: Zeraora|0 fnt
|faint|p1a: Zeraora
|
|-weather|RainDance|[upkeep]
|upkeep
|
|switch|p1a: Bisharp|Bisharp, M|100/100
|turn|13
|
|move|p1a: Bisharp|Sucker Punch|p2a: Mantine
|-damage|p2a: Mantine|24/100
|-damage|p1a: Bisharp|91/100|[from] item: Life Orb
|move|p2a: Mantine|Surf|p1a: Bisharp
|-damage|p1a: Bisharp|0 fnt
|faint|p1a: Bisharp
|
|-weather|RainDance|[upkeep]
|upkeep
|
|switch|p1a: Mimikyu|Mimikyu, F|100/100
|turn|14
|
|move|p2a: Mantine|Surf|p1a: Mimikyu
|-activate|p1a: Mimikyu|ability: Disguise
|-damage|p1a: Mimikyu|100/100
|detailschange|p1a: Mimikyu|Mimikyu-Busted, F
|-damage|p1a: Mimikyu|88/100|[from] pokemon: mimikyubusted
|move|p1a: Mimikyu|Swords Dance|p1a: Mimikyu
|-boost|p1a: Mimikyu|atk|2
|
|-weather|RainDance|[upkeep]
|upkeep
|turn|15
|
|move|p1a: Mimikyu|Shadow Sneak|p2a: Mantine
|-damage|p2a: Mantine|0 fnt
|-damage|p1a: Mimikyu|78/100|[from] item: Life Orb
|faint|p2a: Mantine
|
|-weather|RainDance|[upkeep]
|upkeep
|
|switch|p2a: Seismitoad|Seismitoad, M|100/100
|-activate|p2a: Seismitoad|move: Sticky Web
|-unboost|p2a: Seismitoad|spe|1
|turn|16
|
|move|p2a: Seismitoad|Liquidation|p1a: Mimikyu
|-damage|p1a: Mimikyu|0 fnt
|-damage|p2a: Seismitoad|91/100|[from] item: Life Orb
|faint|p1a: Mimikyu
|
|-weather|RainDance|[upkeep]
|upkeep
|
|switch|p1a: Lucario|Lucario, M|100/100
|turn|17
|
|move|p2a: Seismitoad|Earthquake|p1a: Lucario
|-supereffective|p1a: Lucario
|-damage|p1a: Lucario|0 fnt
|-damage|p2a: Seismitoad|81/100|[from] item: Life Orb
|faint|p1a: Lucario
|
|win|PokeDa
|l|☆piyush21
|raw|piyush21's rating: 1873 &rarr; <strong>1842</strong><br />(-31 for losing)
|raw|PokeDa's rating: 1663 &rarr; <strong>1693</strong><br />(+30 for winning)
