|j|☆Justin UA
|j|☆LT92PFizer
|t:|1660363169
|gametype|singles
|player|p1|Justin UA|ethan|1693
|player|p2|LT92PFizer|preschooler|1687
|teamsize|p1|6
|teamsize|p2|6
|gen|8
|tier|[Gen 8] OU
|rated|
|rule|Sleep Clause Mod: Limit one foe put to sleep
|rule|Species Clause: Limit one of each Pokémon
|rule|OHKO Clause: OHKO moves are banned
|rule|Evasion Items Clause: Evasion items are banned
|rule|Evasion Moves Clause: Evasion moves are banned
|rule|Endless Battle Clause: Forcing endless battles is banned
|rule|HP Percentage Mod: HP is shown in percentages
|rule|Dynamax Clause: You cannot dynamax
|clearpoke
|poke|p1|Dragapult, M|
|poke|p1|Urshifu-*, F|
|poke|p1|Tapu Lele|
|poke|p1|Blissey, F|
|poke|p1|Corviknight, F|
|poke|p1|Landorus-Therian, M|
|poke|p2|Weavile, M|
|poke|p2|Aegislash, F|
|poke|p2|Ferrothorn, F|
|poke|p2|Heatran, M|
|poke|p2|Zapdos-Galar|
|poke|p2|Landorus-Therian, M|
|teampreview
|inactive|Battle timer is ON: inactive players will automatically lose when time's up. (requested by LT92PFizer)
|inactive|Justin UA also wants the timer to be on.
|c|☆LT92PFizer|hf hf
|c|☆Justin UA|u2
|inactive|LT92PFizer has 120 seconds left.
|
|t:|1660363212
|start
|switch|p1a: Dragapult|Dragapult, M, shiny|100/100
|switch|p2a: seeking justice|Landorus-Therian, M|100/100
|-ability|p2a: seeking justice|Intimidate|boost
|-unboost|p1a: Dragapult|atk|1
|turn|1
|j| freezing juice
|
|t:|1660363226
|move|p2a: seeking justice|Knock Off|p1a: Dragapult
|-supereffective|p1a: Dragapult
|-damage|p1a: Dragapult|6/100
|-enditem|p1a: Dragapult|Choice Specs|[from] move: Knock Off|[of] p2a: seeking justice
|move|p1a: Dragapult|U-turn|p2a: seeking justice
|-resisted|p2a: seeking justice
|-damage|p2a: seeking justice|94/100
|
|t:|1660363230
|switch|p1a: Landorus|Landorus-Therian, M|100/100|[from]move: U-turn
|-ability|p1a: Landorus|Intimidate|boost
|-unboost|p2a: seeking justice|atk|1
|
|upkeep
|turn|2
|
|t:|1660363244
|switch|p2a: gimme 1more turn|Ferrothorn, F|100/100
|move|p1a: Landorus|Stealth Rock|p2a: gimme 1more turn
|-sidestart|p2: LT92PFizer|move: Stealth Rock
|
|upkeep
|turn|3
|
|t:|1660363250
|switch|p1a: Urshifu|Urshifu-Rapid-Strike, F|100/100
|move|p2a: gimme 1more turn|Spikes|p1a: Urshifu
|-sidestart|p1: Justin UA|Spikes
|
|upkeep
|turn|4
|
|t:|1660363257
|switch|p2a: seeking justice|Landorus-Therian, M|94/100
|-damage|p2a: seeking justice|81/100|[from] Stealth Rock
|-ability|p2a: seeking justice|Intimidate|boost
|-unboost|p1a: Urshifu|atk|1
|move|p1a: Urshifu|Surging Strikes|p2a: seeking justice
|-supereffective|p2a: seeking justice
|-crit|p2a: seeking justice
|-damage|p2a: seeking justice|16/100
|-supereffective|p2a: seeking justice
|-crit|p2a: seeking justice
|-damage|p2a: seeking justice|0 fnt
|faint|p2a: seeking justice
|-hitcount|p2: seeking justice|2
|
|upkeep
|
|t:|1660363265
|switch|p2a: has nightmares|Zapdos-Galar|100/100
|-damage|p2a: has nightmares|88/100|[from] Stealth Rock
|turn|5
|
|t:|1660363271
|switch|p1a: Corviknight|Corviknight, F|100/100
|-ability|p1a: Corviknight|Pressure
|move|p2a: has nightmares|Thunderous Kick|p1a: Corviknight
|-damage|p1a: Corviknight|73/100
|-unboost|p1a: Corviknight|def|1
|
|-heal|p1a: Corviknight|79/100|[from] item: Leftovers
|upkeep
|turn|6
|
|t:|1660363276
|move|p2a: has nightmares|Thunderous Kick|p1a: Corviknight
|-damage|p1a: Corviknight|35/100
|-unboost|p1a: Corviknight|def|1
|move|p1a: Corviknight|Defog|p2a: has nightmares
|-unboost|p2a: has nightmares|evasion|1
|-ability|p2a: has nightmares|Defiant
|-boost|p2a: has nightmares|atk|2
|-sideend|p2: LT92PFizer|Stealth Rock|[from] move: Defog|[of] p1a: Corviknight
|-sideend|p1: Justin UA|Spikes|[from] move: Defog|[of] p1a: Corviknight
|
|-heal|p1a: Corviknight|41/100|[from] item: Leftovers
|upkeep
|turn|7
|
|t:|1660363288
|move|p2a: has nightmares|Brave Bird|p1a: Corviknight
|-resisted|p1a: Corviknight
|-damage|p1a: Corviknight|0 fnt
|faint|p1a: Corviknight
|-damage|p2a: has nightmares|71/100|[from] Recoil
|
|upkeep
|
|t:|1660363293
|switch|p1a: Dragapult|Dragapult, M, shiny|6/100
|turn|8
|
|t:|1660363301
|switch|p2a: crash bandicoot|Weavile, M|100/100
|-ability|p2a: crash bandicoot|Pressure
|move|p1a: Dragapult|Shadow Ball|p2a: crash bandicoot
|-resisted|p2a: crash bandicoot
|-damage|p2a: crash bandicoot|76/100
|
|upkeep
|turn|9
|
|t:|1660363311
|switch|p1a: Urshifu|Urshifu-Rapid-Strike, F|100/100
|switch|p2a: fire and flames|Heatran, M|100/100
|-item|p2a: fire and flames|Air Balloon
|
|upkeep
|turn|10
|
|t:|1660363324
|switch|p2a: gimme 1more turn|Ferrothorn, F|100/100
|move|p1a: Urshifu|Close Combat|p2a: gimme 1more turn
|-supereffective|p2a: gimme 1more turn
|-damage|p2a: gimme 1more turn|0 fnt
|-unboost|p1a: Urshifu|def|1
|-unboost|p1a: Urshifu|spd|1
|-damage|p1a: Urshifu|88/100|[from] ability: Iron Barbs|[of] p2a: gimme 1more turn
|-damage|p1a: Urshifu|72/100|[from] item: Rocky Helmet|[of] p2a: gimme 1more turn
|faint|p2a: gimme 1more turn
|
|upkeep
|
|t:|1660363333
|switch|p2a: feckless|Aegislash, F|100/100
|turn|11
|
|t:|1660363337
|switch|p1a: Landorus|Landorus-Therian, M|100/100
|-ability|p1a: Landorus|Intimidate|boost
|-unboost|p2a: feckless|atk|1
|switch|p2a: fire and flames|Heatran, M|100/100
|-item|p2a: fire and flames|Air Balloon
|
|upkeep
|turn|12
|
|t:|1660363345
|switch|p1a: Blissey|Blissey, F|100/100
|move|p2a: fire and flames|Stealth Rock|p1a: Blissey
|-sidestart|p1: Justin UA|move: Stealth Rock
|
|upkeep
|turn|13
|
|t:|1660363354
|switch|p2a: has nightmares|Zapdos-Galar|71/100
|move|p1a: Blissey|Teleport|p1a: Blissey
|
|t:|1660363361
|switch|p1a: Tapu Lele|Tapu Lele|100/100|[from]move: Teleport
|-damage|p1a: Tapu Lele|88/100|[from] Stealth Rock
|-fieldstart|move: Psychic Terrain|[from] ability: Psychic Surge|[of] p1a: Tapu Lele
|
|upkeep
|turn|14
|
|t:|1660363364
|switch|p2a: feckless|Aegislash, F|100/100
|move|p1a: Tapu Lele|Psyshock|p2a: feckless
|-resisted|p2a: feckless
|-damage|p2a: feckless|63/100
|
|upkeep
|turn|15
|j| UDM
|
|t:|1660363381
|switch|p1a: Landorus|Landorus-Therian, M|100/100
|-damage|p1a: Landorus|88/100|[from] Stealth Rock
|-ability|p1a: Landorus|Intimidate|boost
|-unboost|p2a: feckless|atk|1
|switch|p2a: has nightmares|Zapdos-Galar|71/100
|
|-heal|p1a: Landorus|94/100|[from] item: Leftovers
|upkeep
|turn|16
|
|t:|1660363386
|move|p2a: has nightmares|Thunderous Kick|p1a: Landorus
|-resisted|p1a: Landorus
|-damage|p1a: Landorus|71/100
|-unboost|p1a: Landorus|def|1
|move|p1a: Landorus|Toxic|p2a: has nightmares
|-status|p2a: has nightmares|tox
|
|-heal|p1a: Landorus|77/100|[from] item: Leftovers
|-damage|p2a: has nightmares|65/100 tox|[from] psn
|upkeep
|turn|17
|
|t:|1660363395
|switch|p1a: Blissey|Blissey, F|100/100
|move|p2a: has nightmares|Brave Bird|p1a: Blissey
|-damage|p1a: Blissey|45/100
|-damage|p2a: has nightmares|24/100 tox|[from] Recoil
|
|-damage|p2a: has nightmares|11/100 tox|[from] psn
|-fieldend|move: Psychic Terrain
|upkeep
|turn|18
|
|t:|1660363401
|move|p2a: has nightmares|U-turn|p1a: Blissey
|-damage|p1a: Blissey|24/100
|
|t:|1660363405
|switch|p2a: crash bandicoot|Weavile, M|76/100|[from]move: U-turn
|-ability|p2a: crash bandicoot|Pressure
|move|p1a: Blissey|Soft-Boiled|p1a: Blissey
|-heal|p1a: Blissey|74/100
|
|upkeep
|turn|19
|
|t:|1660363409
|move|p2a: crash bandicoot|Triple Axel|p1a: Blissey
|-damage|p1a: Blissey|61/100
|-damage|p1a: Blissey|37/100
|-damage|p1a: Blissey|0 fnt
|faint|p1a: Blissey
|-hitcount|p1: Blissey|3
|
|upkeep
|
|t:|1660363412
|switch|p1a: Urshifu|Urshifu-Rapid-Strike, F|72/100
|-damage|p1a: Urshifu|66/100|[from] Stealth Rock
|turn|20
|j| tansincos
|
|t:|1660363440
|switch|p2a: fire and flames|Heatran, M|100/100
|-item|p2a: fire and flames|Air Balloon
|move|p1a: Urshifu|Surging Strikes|p2a: fire and flames
|-supereffective|p2a: fire and flames
|-crit|p2a: fire and flames
|-damage|p2a: fire and flames|46/100
|-enditem|p2a: fire and flames|Air Balloon
|-supereffective|p2a: fire and flames
|-crit|p2a: fire and flames
|-damage|p2a: fire and flames|0 fnt
|faint|p2a: fire and flames
|-hitcount|p2: fire and flames|2
|
|upkeep
|
|t:|1660363442
|switch|p2a: has nightmares|Zapdos-Galar|11/100 tox
|turn|21
|c|☆LT92PFizer|gg
|c|☆LT92PFizer|wp
|
|t:|1660363449
|switch|p1a: Dragapult|Dragapult, M, shiny|6/100
|-damage|p1a: Dragapult|0 fnt|[from] Stealth Rock
|faint|p1a: Dragapult
|move|p2a: has nightmares|U-turn|p1: Dragapult|[notarget]
|-fail|p2a: has nightmares
|
|-damage|p2a: has nightmares|5/100 tox|[from] psn
|upkeep
|
|t:|1660363455
|switch|p1a: Tapu Lele|Tapu Lele|88/100
|-damage|p1a: Tapu Lele|76/100|[from] Stealth Rock
|-fieldstart|move: Psychic Terrain|[from] ability: Psychic Surge|[of] p1a: Tapu Lele
|turn|22
|
|t:|1660363462
|move|p2a: has nightmares|U-turn|p1a: Tapu Lele
|-damage|p1a: Tapu Lele|36/100
|
|t:|1660363464
|switch|p2a: feckless|Aegislash, F|63/100|[from]move: U-turn
|move|p1a: Tapu Lele|Psyshock|p2a: feckless
|-resisted|p2a: feckless
|-damage|p2a: feckless|22/100
|
|upkeep
|turn|23
|
|t:|1660363473
|switch|p2a: crash bandicoot|Weavile, M|76/100
|-ability|p2a: crash bandicoot|Pressure
|move|p1a: Tapu Lele|Psyshock|p2a: crash bandicoot
|-immune|p2a: crash bandicoot
|
|upkeep
|turn|24
|
|t:|1660363486
|switch|p1a: Landorus|Landorus-Therian, M|77/100
|-damage|p1a: Landorus|65/100|[from] Stealth Rock
|-ability|p1a: Landorus|Intimidate|boost
|-unboost|p2a: crash bandicoot|atk|1
|move|p2a: crash bandicoot|Triple Axel|p1a: Landorus
|-supereffective|p1a: Landorus
|-damage|p1a: Landorus|26/100
|-supereffective|p1a: Landorus
|-damage|p1a: Landorus|0 fnt
|faint|p1a: Landorus
|-hitcount|p1: Landorus|2
|
|upkeep
|
|t:|1660363488
|switch|p1a: Urshifu|Urshifu-Rapid-Strike, F|66/100
|-damage|p1a: Urshifu|59/100|[from] Stealth Rock
|turn|25
|
|t:|1660363493
|switch|p2a: feckless|Aegislash, F|22/100
|move|p1a: Urshifu|Surging Strikes|p2a: feckless
|-crit|p2a: feckless
|-damage|p2a: feckless|0 fnt
|faint|p2a: feckless
|-hitcount|p2: feckless|1
|
|upkeep
|
|t:|1660363495
|switch|p2a: has nightmares|Zapdos-Galar|5/100 tox
|turn|26
|
|t:|1660363501
|move|p2a: has nightmares|U-turn|p1a: Urshifu
|-resisted|p1a: Urshifu
|-damage|p1a: Urshifu|47/100
|
|t:|1660363506
|switch|p2a: crash bandicoot|Weavile, M|76/100|[from]move: U-turn
|-ability|p2a: crash bandicoot|Pressure
|move|p1a: Urshifu|Surging Strikes|p2a: crash bandicoot
|-crit|p2a: crash bandicoot
|-damage|p2a: crash bandicoot|22/100
|-crit|p2a: crash bandicoot
|-damage|p2a: crash bandicoot|0 fnt
|faint|p2a: crash bandicoot
|-hitcount|p2: crash bandicoot|2
|
|-fieldend|move: Psychic Terrain
|upkeep
|
|t:|1660363509
|switch|p2a: has nightmares|Zapdos-Galar|5/100 tox
|turn|27
|c|☆Justin UA|almost threw lol
|
|t:|1660363513
|move|p2a: has nightmares|Brave Bird|p1a: Urshifu
|-supereffective|p1a: Urshifu
|-damage|p1a: Urshifu|0 fnt
|faint|p1a: Urshifu
|-damage|p2a: has nightmares|0 fnt|[from] Recoil
|faint|p2a: has nightmares
|
|win|Justin UA
|raw|Justin UA's rating: 1693 &rarr; <strong>1713</strong><br />(+20 for winning)
|raw|LT92PFizer's rating: 1687 &rarr; <strong>1667</strong><br />(-20 for losing)
|c|☆LT92PFizer|haha
|c|☆LT92PFizer|nice game
|c|☆Justin UA|gg
