|j|☆tanishq1
|j|☆Wheezer
|t:|1621516784
|gametype|singles
|player|p1|tanishq1|lucas|1679
|player|p2|Wheezer|petrel|1704
|teamsize|p1|6
|teamsize|p2|6
|gen|8
|tier|[Gen 8] OU
|rated|
|rule|Sleep Clause Mod: Limit one foe put to sleep
|rule|Species Clause: Limit one of each Pokémon
|rule|OHKO Clause: OHKO moves are banned
|rule|Evasion Moves Clause: Evasion moves are banned
|rule|Endless Battle Clause: Forcing endless battles is banned
|rule|HP Percentage Mod: HP is shown in percentages
|rule|Dynamax Clause: You cannot dynamax
|clearpoke
|poke|p1|Pelipper, M|
|poke|p1|Barraskewda, M|
|poke|p1|Tornadus-Therian, M|
|poke|p1|Ferrothorn, F|
|poke|p1|Seismitoad, M|
|poke|p1|Tapu Koko|
|poke|p2|Skarmory, M|
|poke|p2|Starmie|
|poke|p2|Toxapex, M|
|poke|p2|Hippowdon, F|
|poke|p2|Suicune|
|poke|p2|Malamar, F|
|teampreview
|inactive|Battle timer is ON: inactive players will automatically lose when time's up. (requested by tanishq1)
|
|t:|1621516799
|start
|switch|p1a: Fly Octo Fly|Pelipper, M|100/100
|switch|p2a: Malamar|Malamar, F|100/100
|-weather|RainDance|[from] ability: Drizzle|[of] p1a: Fly Octo Fly
|turn|1
|
|t:|1621516803
|switch|p2a: Toxapex|Toxapex, M|100/100
|move|p1a: Fly Octo Fly|U-turn|p2a: Toxapex
|-resisted|p2a: Toxapex
|-damage|p2a: Toxapex|98/100
|-damage|p1a: Fly Octo Fly|84/100|[from] item: Rocky Helmet|[of] p2a: Toxapex
|
|t:|1621516806
|switch|p1a: Muck Warfare|Seismitoad, M|100/100|[from]move: U-turn
|
|-weather|RainDance|[upkeep]
|upkeep
|turn|2
|
|t:|1621516814
|switch|p2a: Skarmory|Skarmory, M|100/100
|move|p1a: Muck Warfare|Stealth Rock|p2a: Skarmory
|-sidestart|p2: Wheezer|move: Stealth Rock
|
|-weather|RainDance|[upkeep]
|upkeep
|turn|3
|
|t:|1621516817
|switch|p2a: Starmie|Starmie|100/100
|-damage|p2a: Starmie|88/100|[from] Stealth Rock
|move|p1a: Muck Warfare|Scald|p2a: Starmie
|-resisted|p2a: Starmie
|-damage|p2a: Starmie|47/100
|-damage|p1a: Muck Warfare|91/100|[from] item: Life Orb
|
|-weather|RainDance|[upkeep]
|upkeep
|turn|4
|
|t:|1621516820
|move|p2a: Starmie|Rapid Spin|p1a: Muck Warfare
|-damage|p1a: Muck Warfare|80/100
|-boost|p2a: Starmie|spe|1
|-sideend|p2: Wheezer|Stealth Rock|[from] move: Rapid Spin|[of] p2a: Starmie
|move|p1a: Muck Warfare|Earth Power|p2a: Starmie
|-damage|p2a: Starmie|0 fnt
|faint|p2a: Starmie
|-damage|p1a: Muck Warfare|70/100|[from] item: Life Orb
|
|-weather|RainDance|[upkeep]
|upkeep
|
|t:|1621516826
|switch|p2a: Suicune|Suicune|100/100
|-ability|p2a: Suicune|Pressure
|turn|5
|
|t:|1621516828
|switch|p1a: Ebb & Flow|Tapu Koko|100/100
|-fieldstart|move: Electric Terrain|[from] ability: Electric Surge|[of] p1a: Ebb & Flow
|move|p2a: Suicune|Scald|p1a: Ebb & Flow
|-damage|p1a: Ebb & Flow|47/100
|-status|p1a: Ebb & Flow|brn
|
|-weather|RainDance|[upkeep]
|-damage|p1a: Ebb & Flow|41/100 brn|[from] brn
|upkeep
|turn|6
|
|t:|1621516833
|switch|p2a: Hippowdon|Hippowdon, F|100/100
|-weather|Sandstorm|[from] ability: Sand Stream|[of] p2a: Hippowdon
|move|p1a: Ebb & Flow|U-turn|p2a: Hippowdon
|-damage|p2a: Hippowdon|94/100
|
|t:|1621516835
|switch|p1a: Fly Octo Fly|Pelipper, M|84/100|[from]move: U-turn
|-weather|RainDance|[from] ability: Drizzle|[of] p1a: Fly Octo Fly
|
|-weather|RainDance|[upkeep]
|-heal|p2a: Hippowdon|100/100|[from] item: Leftovers
|upkeep
|turn|7
|
|t:|1621516839
|switch|p2a: Suicune|Suicune|100/100
|-ability|p2a: Suicune|Pressure
|move|p1a: Fly Octo Fly|U-turn|p2a: Suicune
|-damage|p2a: Suicune|94/100
|
|t:|1621516843
|switch|p1a: Color Pulse|Tornadus-Therian, M|100/100|[from]move: U-turn
|
|-weather|RainDance|[upkeep]
|-heal|p2a: Suicune|99/100|[from] item: Leftovers
|upkeep
|turn|8
|j| R3M4TCH
|
|t:|1621516847
|move|p1a: Color Pulse|Nasty Plot|p1a: Color Pulse
|-boost|p1a: Color Pulse|spa|2
|move|p2a: Suicune|Calm Mind|p2a: Suicune
|-boost|p2a: Suicune|spa|1
|-boost|p2a: Suicune|spd|1
|
|-weather|RainDance|[upkeep]
|-heal|p2a: Suicune|100/100|[from] item: Leftovers
|upkeep
|turn|9
|
|t:|1621516850
|move|p1a: Color Pulse|Hurricane|p2a: Suicune
|-damage|p2a: Suicune|51/100
|move|p2a: Suicune|Scald|p1a: Color Pulse
|-damage|p1a: Color Pulse|33/100
|-status|p1a: Color Pulse|brn
|
|-weather|RainDance|[upkeep]
|-heal|p2a: Suicune|58/100|[from] item: Leftovers
|-damage|p1a: Color Pulse|27/100 brn|[from] brn
|-fieldend|move: Electric Terrain
|upkeep
|turn|10
|
|t:|1621516857
|move|p1a: Color Pulse|Hurricane|p2a: Suicune
|-damage|p2a: Suicune|7/100
|move|p2a: Suicune|Scald|p1a: Color Pulse
|-damage|p1a: Color Pulse|0 fnt
|faint|p1a: Color Pulse
|
|-weather|RainDance|[upkeep]
|-heal|p2a: Suicune|13/100|[from] item: Leftovers
|upkeep
|
|t:|1621516860
|switch|p1a: Muck Warfare|Seismitoad, M|70/100
|turn|11
|
|t:|1621516867
|move|p2a: Suicune|Protect|p2a: Suicune
|-singleturn|p2a: Suicune|Protect
|move|p1a: Muck Warfare|Earth Power|p2a: Suicune
|-activate|p2a: Suicune|move: Protect
|
|-weather|RainDance|[upkeep]
|-heal|p2a: Suicune|19/100|[from] item: Leftovers
|upkeep
|turn|12
|
|t:|1621516874
|switch|p2a: Skarmory|Skarmory, M|100/100
|move|p1a: Muck Warfare|Earth Power|p2a: Skarmory
|-immune|p2a: Skarmory
|
|-weather|RainDance|[upkeep]
|upkeep
|turn|13
|
|t:|1621516881
|move|p1a: Muck Warfare|Scald|p2a: Skarmory
|-damage|p2a: Skarmory|7/100
|-damage|p1a: Muck Warfare|60/100|[from] item: Life Orb
|move|p2a: Skarmory|Body Press|p1a: Muck Warfare
|-damage|p1a: Muck Warfare|18/100
|
|-weather|none
|upkeep
|turn|14
|
|t:|1621516888
|move|p1a: Muck Warfare|Earth Power|p2a: Skarmory
|-immune|p2a: Skarmory
|move|p2a: Skarmory|Spikes|p1a: Muck Warfare
|-sidestart|p1: tanishq1|Spikes
|
|upkeep
|turn|15
|
|t:|1621516895
|move|p1a: Muck Warfare|Scald|p2a: Skarmory
|-damage|p2a: Skarmory|0 fnt
|faint|p2a: Skarmory
|-damage|p1a: Muck Warfare|8/100|[from] item: Life Orb
|
|upkeep
|
|t:|1621516899
|switch|p2a: Suicune|Suicune|19/100
|-ability|p2a: Suicune|Pressure
|turn|16
|
|t:|1621516901
|move|p2a: Suicune|Scald|p1a: Muck Warfare
|-damage|p1a: Muck Warfare|0 fnt
|faint|p1a: Muck Warfare
|
|-heal|p2a: Suicune|25/100|[from] item: Leftovers
|upkeep
|
|t:|1621516914
|switch|p1a: Ebb & Flow|Tapu Koko|41/100 brn
|-fieldstart|move: Electric Terrain|[from] ability: Electric Surge|[of] p1a: Ebb & Flow
|turn|17
|
|t:|1621516918
|move|p2a: Suicune|Protect|p2a: Suicune
|-singleturn|p2a: Suicune|Protect
|move|p1a: Ebb & Flow|Dazzling Gleam|p2a: Suicune
|-activate|p2a: Suicune|move: Protect
|
|-heal|p2a: Suicune|32/100|[from] item: Leftovers
|-damage|p1a: Ebb & Flow|35/100 brn|[from] brn
|upkeep
|turn|18
|
|t:|1621516921
|switch|p2a: Hippowdon|Hippowdon, F|100/100
|-weather|Sandstorm|[from] ability: Sand Stream|[of] p2a: Hippowdon
|move|p1a: Ebb & Flow|Thunder|p2a: Hippowdon
|-immune|p2a: Hippowdon
|
|-weather|Sandstorm|[upkeep]
|-damage|p1a: Ebb & Flow|29/100 brn|[from] Sandstorm
|-damage|p1a: Ebb & Flow|23/100 brn|[from] brn
|upkeep
|turn|19
|
|t:|1621516924
|move|p1a: Ebb & Flow|U-turn|p2a: Hippowdon
|-damage|p2a: Hippowdon|95/100
|
|t:|1621516926
|switch|p1a: Fly Octo Fly|Pelipper, M|84/100|[from]move: U-turn
|-weather|RainDance|[from] ability: Drizzle|[of] p1a: Fly Octo Fly
|move|p2a: Hippowdon|Stealth Rock|p1a: Fly Octo Fly
|-sidestart|p1: tanishq1|move: Stealth Rock
|
|-weather|RainDance|[upkeep]
|-heal|p2a: Hippowdon|100/100|[from] item: Leftovers
|upkeep
|turn|20
|
|t:|1621516931
|switch|p2a: Toxapex|Toxapex, M|100/100
|move|p1a: Fly Octo Fly|Defog|p2a: Toxapex
|-unboost|p2a: Toxapex|evasion|1
|-sideend|p1: tanishq1|Spikes|[from] move: Defog|[of] p1a: Fly Octo Fly
|-sideend|p1: tanishq1|Stealth Rock|[from] move: Defog|[of] p1a: Fly Octo Fly
|-fieldend|move: Electric Terrain
|
|-weather|RainDance|[upkeep]
|upkeep
|turn|21
|
|t:|1621516934
|move|p1a: Fly Octo Fly|U-turn|p2a: Toxapex
|-resisted|p2a: Toxapex
|-damage|p2a: Toxapex|98/100
|-damage|p1a: Fly Octo Fly|68/100|[from] item: Rocky Helmet|[of] p2a: Toxapex
|
|t:|1621516936
|switch|p1a: Fest Zest|Ferrothorn, F|100/100|[from]move: U-turn
|move|p2a: Toxapex|Toxic Spikes|p1a: Fest Zest
|-sidestart|p1: tanishq1|move: Toxic Spikes
|
|-weather|RainDance|[upkeep]
|upkeep
|turn|22
|
|t:|1621516940
|switch|p2a: Malamar|Malamar, F|100/100
|move|p1a: Fest Zest|Spikes|p2a: Malamar
|-sidestart|p2: Wheezer|Spikes
|
|-weather|RainDance|[upkeep]
|upkeep
|turn|23
|
|t:|1621516942
|move|p2a: Malamar|Block|p1a: Fest Zest
|-activate|p1a: Fest Zest|trapped
|move|p1a: Fest Zest|Knock Off|p2a: Malamar
|-damage|p2a: Malamar|80/100
|-enditem|p2a: Malamar|Leftovers|[from] move: Knock Off|[of] p1a: Fest Zest
|
|-weather|RainDance|[upkeep]
|upkeep
|turn|24
|
|t:|1621516946
|move|p2a: Malamar|Acupressure|p2a: Malamar
|-unboost|p2a: Malamar|evasion|2
|move|p1a: Fest Zest|Leech Seed|p2a: Malamar
|-start|p2a: Malamar|move: Leech Seed
|
|-weather|RainDance|[upkeep]
|-damage|p2a: Malamar|67/100|[from] Leech Seed|[of] p1a: Fest Zest
|upkeep
|turn|25
|c|☆Wheezer|oops
|
|t:|1621516956
|switch|p2a: Toxapex|Toxapex, M|100/100
|-damage|p2a: Toxapex|88/100|[from] Spikes
|move|p1a: Fest Zest|Spikes|p2a: Toxapex
|-sidestart|p2: Wheezer|Spikes
|
|-weather|RainDance|[upkeep]
|upkeep
|turn|26
|
|t:|1621516963
|move|p2a: Toxapex|Toxic Spikes|p1a: Fest Zest
|-sidestart|p1: tanishq1|move: Toxic Spikes
|move|p1a: Fest Zest|Knock Off|p2a: Toxapex
|-damage|p2a: Toxapex|75/100
|-damage|p1a: Fest Zest|84/100|[from] item: Rocky Helmet|[of] p2a: Toxapex
|-enditem|p2a: Toxapex|Rocky Helmet|[from] move: Knock Off|[of] p1a: Fest Zest
|
|-weather|none
|-heal|p1a: Fest Zest|90/100|[from] item: Leftovers
|upkeep
|turn|27
|
|t:|1621516966
|move|p2a: Toxapex|Knock Off|p1a: Fest Zest
|-damage|p1a: Fest Zest|80/100
|-damage|p2a: Toxapex|63/100|[from] ability: Iron Barbs|[of] p1a: Fest Zest
|-enditem|p1a: Fest Zest|Leftovers|[from] move: Knock Off|[of] p2a: Toxapex
|move|p1a: Fest Zest|Spikes|p2a: Toxapex
|-sidestart|p2: Wheezer|Spikes
|
|upkeep
|turn|28
|
|t:|1621516968
|move|p2a: Toxapex|Scald|p1a: Fest Zest
|-resisted|p1a: Fest Zest
|-damage|p1a: Fest Zest|75/100
|move|p1a: Fest Zest|Leech Seed|p2a: Toxapex|[miss]
|-miss|p1a: Fest Zest|p2a: Toxapex
|
|upkeep
|turn|29
|
|t:|1621516970
|move|p2a: Toxapex|Scald|p1a: Fest Zest
|-resisted|p1a: Fest Zest
|-damage|p1a: Fest Zest|70/100
|-status|p1a: Fest Zest|brn
|move|p1a: Fest Zest|Leech Seed|p2a: Toxapex|[miss]
|-miss|p1a: Fest Zest|p2a: Toxapex
|
|-damage|p1a: Fest Zest|64/100 brn|[from] brn
|upkeep
|turn|30
|
|t:|1621516975
|move|p2a: Toxapex|Recover|p2a: Toxapex
|-heal|p2a: Toxapex|100/100
|move|p1a: Fest Zest|Leech Seed|p2a: Toxapex
|-start|p2a: Toxapex|move: Leech Seed
|
|-damage|p2a: Toxapex|88/100|[from] Leech Seed|[of] p1a: Fest Zest
|-heal|p1a: Fest Zest|74/100 brn|[silent]
|-damage|p1a: Fest Zest|68/100 brn|[from] brn
|upkeep
|turn|31
|
|t:|1621516984
|switch|p2a: Malamar|Malamar, F|67/100
|-damage|p2a: Malamar|42/100|[from] Spikes
|move|p1a: Fest Zest|Gyro Ball|p2a: Malamar
|-damage|p2a: Malamar|26/100
|
|-damage|p1a: Fest Zest|62/100 brn|[from] brn
|upkeep
|turn|32
|
|t:|1621516989
|move|p2a: Malamar|Block|p1a: Fest Zest
|-activate|p1a: Fest Zest|trapped
|move|p1a: Fest Zest|Leech Seed|p2a: Malamar
|-start|p2a: Malamar|move: Leech Seed
|
|-damage|p2a: Malamar|14/100|[from] Leech Seed|[of] p1a: Fest Zest
|-heal|p1a: Fest Zest|73/100 brn|[silent]
|-damage|p1a: Fest Zest|67/100 brn|[from] brn
|upkeep
|turn|33
|
|t:|1621516992
|move|p2a: Malamar|Rest|p2a: Malamar
|-status|p2a: Malamar|slp|[from] move: Rest
|-heal|p2a: Malamar|100/100 slp|[silent]
|move|p1a: Fest Zest|Knock Off|p2a: Malamar
|-damage|p2a: Malamar|94/100 slp
|
|-damage|p2a: Malamar|82/100 slp|[from] Leech Seed|[of] p1a: Fest Zest
|-heal|p1a: Fest Zest|78/100 brn|[silent]
|-damage|p1a: Fest Zest|72/100 brn|[from] brn
|upkeep
|turn|34
|
|t:|1621516995
|cant|p2a: Malamar|slp
|move|p1a: Fest Zest|Gyro Ball|p2a: Malamar
|-damage|p2a: Malamar|67/100 slp
|
|-damage|p2a: Malamar|54/100 slp|[from] Leech Seed|[of] p1a: Fest Zest
|-heal|p1a: Fest Zest|83/100 brn|[silent]
|-damage|p1a: Fest Zest|76/100 brn|[from] brn
|upkeep
|turn|35
|
|t:|1621516997
|cant|p2a: Malamar|slp
|move|p1a: Fest Zest|Gyro Ball|p2a: Malamar
|-damage|p2a: Malamar|40/100 slp
|
|-damage|p2a: Malamar|27/100 slp|[from] Leech Seed|[of] p1a: Fest Zest
|-heal|p1a: Fest Zest|87/100 brn|[silent]
|-damage|p1a: Fest Zest|81/100 brn|[from] brn
|upkeep
|turn|36
|
|t:|1621517000
|-curestatus|p2a: Malamar|slp|[msg]
|move|p2a: Malamar|Rest|p2a: Malamar
|-status|p2a: Malamar|slp|[from] move: Rest
|-heal|p2a: Malamar|100/100 slp|[silent]
|move|p1a: Fest Zest|Gyro Ball|p2a: Malamar
|-damage|p2a: Malamar|85/100 slp
|
|-damage|p2a: Malamar|72/100 slp|[from] Leech Seed|[of] p1a: Fest Zest
|-heal|p1a: Fest Zest|92/100 brn|[silent]
|-damage|p1a: Fest Zest|86/100 brn|[from] brn
|upkeep
|turn|37
|
|t:|1621517002
|cant|p2a: Malamar|slp
|move|p1a: Fest Zest|Leech Seed||[still]
|-fail|p1a: Fest Zest
|
|-damage|p2a: Malamar|60/100 slp|[from] Leech Seed|[of] p1a: Fest Zest
|-heal|p1a: Fest Zest|97/100 brn|[silent]
|-damage|p1a: Fest Zest|91/100 brn|[from] brn
|upkeep
|turn|38
|
|t:|1621517005
|cant|p2a: Malamar|slp
|move|p1a: Fest Zest|Spikes||[still]
|-fail|p1a: Fest Zest
|
|-damage|p2a: Malamar|47/100 slp|[from] Leech Seed|[of] p1a: Fest Zest
|-heal|p1a: Fest Zest|100/100 brn|[silent]
|-damage|p1a: Fest Zest|94/100 brn|[from] brn
|upkeep
|turn|39
|
|t:|1621517007
|-curestatus|p2a: Malamar|slp|[msg]
|move|p2a: Malamar|Stored Power|p1a: Fest Zest
|-resisted|p1a: Fest Zest
|-damage|p1a: Fest Zest|93/100 brn
|move|p1a: Fest Zest|Knock Off|p2a: Malamar
|-damage|p2a: Malamar|41/100
|
|-damage|p2a: Malamar|29/100|[from] Leech Seed|[of] p1a: Fest Zest
|-heal|p1a: Fest Zest|100/100 brn|[silent]
|-damage|p1a: Fest Zest|94/100 brn|[from] brn
|upkeep
|turn|40
|
|t:|1621517010
|move|p2a: Malamar|Rest|p2a: Malamar
|-status|p2a: Malamar|slp|[from] move: Rest
|-heal|p2a: Malamar|100/100 slp|[silent]
|move|p1a: Fest Zest|Gyro Ball|p2a: Malamar
|-damage|p2a: Malamar|86/100 slp
|
|-damage|p2a: Malamar|73/100 slp|[from] Leech Seed|[of] p1a: Fest Zest
|-heal|p1a: Fest Zest|100/100 brn|[silent]
|-damage|p1a: Fest Zest|94/100 brn|[from] brn
|upkeep
|turn|41
|
|t:|1621517016
|cant|p2a: Malamar|slp
|move|p1a: Fest Zest|Leech Seed||[still]
|-fail|p1a: Fest Zest
|
|-damage|p2a: Malamar|61/100 slp|[from] Leech Seed|[of] p1a: Fest Zest
|-heal|p1a: Fest Zest|100/100 brn|[silent]
|-damage|p1a: Fest Zest|94/100 brn|[from] brn
|upkeep
|turn|42
|
|t:|1621517021
|cant|p2a: Malamar|slp
|move|p1a: Fest Zest|Gyro Ball|p2a: Malamar
|-damage|p2a: Malamar|46/100 slp
|
|-damage|p2a: Malamar|33/100 slp|[from] Leech Seed|[of] p1a: Fest Zest
|-heal|p1a: Fest Zest|100/100 brn|[silent]
|-damage|p1a: Fest Zest|94/100 brn|[from] brn
|upkeep
|turn|43
|
|t:|1621517024
|-curestatus|p2a: Malamar|slp|[msg]
|move|p2a: Malamar|Stored Power|p1a: Fest Zest
|-resisted|p1a: Fest Zest
|-damage|p1a: Fest Zest|93/100 brn
|move|p1a: Fest Zest|Knock Off|p2a: Malamar
|-damage|p2a: Malamar|27/100
|
|-damage|p2a: Malamar|14/100|[from] Leech Seed|[of] p1a: Fest Zest
|-heal|p1a: Fest Zest|100/100 brn|[silent]
|-damage|p1a: Fest Zest|94/100 brn|[from] brn
|upkeep
|turn|44
|
|t:|1621517028
|move|p2a: Malamar|Rest|p2a: Malamar
|-status|p2a: Malamar|slp|[from] move: Rest
|-heal|p2a: Malamar|100/100 slp|[silent]
|move|p1a: Fest Zest|Knock Off|p2a: Malamar
|-damage|p2a: Malamar|94/100 slp
|
|-damage|p2a: Malamar|81/100 slp|[from] Leech Seed|[of] p1a: Fest Zest
|-heal|p1a: Fest Zest|100/100 brn|[silent]
|-damage|p1a: Fest Zest|94/100 brn|[from] brn
|upkeep
|turn|45
|
|t:|1621517032
|cant|p2a: Malamar|slp
|move|p1a: Fest Zest|Knock Off|p2a: Malamar
|-damage|p2a: Malamar|74/100 slp
|
|-damage|p2a: Malamar|62/100 slp|[from] Leech Seed|[of] p1a: Fest Zest
|-heal|p1a: Fest Zest|100/100 brn|[silent]
|-damage|p1a: Fest Zest|94/100 brn|[from] brn
|upkeep
|turn|46
|
|t:|1621517034
|cant|p2a: Malamar|slp
|move|p1a: Fest Zest|Knock Off|p2a: Malamar
|-damage|p2a: Malamar|55/100 slp
|
|-damage|p2a: Malamar|43/100 slp|[from] Leech Seed|[of] p1a: Fest Zest
|-heal|p1a: Fest Zest|100/100 brn|[silent]
|-damage|p1a: Fest Zest|94/100 brn|[from] brn
|upkeep
|turn|47
|
|t:|1621517036
|-curestatus|p2a: Malamar|slp|[msg]
|move|p2a: Malamar|Stored Power|p1a: Fest Zest
|-resisted|p1a: Fest Zest
|-damage|p1a: Fest Zest|93/100 brn
|move|p1a: Fest Zest|Knock Off|p2a: Malamar
|-damage|p2a: Malamar|37/100
|
|-damage|p2a: Malamar|24/100|[from] Leech Seed|[of] p1a: Fest Zest
|-heal|p1a: Fest Zest|100/100 brn|[silent]
|-damage|p1a: Fest Zest|94/100 brn|[from] brn
|upkeep
|turn|48
|
|t:|1621517040
|move|p2a: Malamar|Stored Power|p1a: Fest Zest
|-resisted|p1a: Fest Zest
|-damage|p1a: Fest Zest|93/100 brn
|move|p1a: Fest Zest|Knock Off|p2a: Malamar
|-damage|p2a: Malamar|18/100
|
|-damage|p2a: Malamar|6/100|[from] Leech Seed|[of] p1a: Fest Zest
|-heal|p1a: Fest Zest|100/100 brn|[silent]
|-damage|p1a: Fest Zest|94/100 brn|[from] brn
|upkeep
|turn|49
|
|t:|1621517043
|move|p2a: Malamar|Rest|p2a: Malamar
|-status|p2a: Malamar|slp|[from] move: Rest
|-heal|p2a: Malamar|100/100 slp|[silent]
|move|p1a: Fest Zest|Knock Off|p2a: Malamar
|-damage|p2a: Malamar|94/100 slp
|
|-damage|p2a: Malamar|82/100 slp|[from] Leech Seed|[of] p1a: Fest Zest
|-heal|p1a: Fest Zest|100/100 brn|[silent]
|-damage|p1a: Fest Zest|94/100 brn|[from] brn
|upkeep
|turn|50
|
|t:|1621517048
|cant|p2a: Malamar|slp
|move|p1a: Fest Zest|Knock Off|p2a: Malamar
|-crit|p2a: Malamar
|-damage|p2a: Malamar|72/100 slp
|
|-damage|p2a: Malamar|60/100 slp|[from] Leech Seed|[of] p1a: Fest Zest
|-heal|p1a: Fest Zest|100/100 brn|[silent]
|-damage|p1a: Fest Zest|94/100 brn|[from] brn
|upkeep
|turn|51
|
|t:|1621517051
|cant|p2a: Malamar|slp
|move|p1a: Fest Zest|Knock Off|p2a: Malamar
|-damage|p2a: Malamar|54/100 slp
|
|-damage|p2a: Malamar|41/100 slp|[from] Leech Seed|[of] p1a: Fest Zest
|-heal|p1a: Fest Zest|100/100 brn|[silent]
|-damage|p1a: Fest Zest|94/100 brn|[from] brn
|upkeep
|turn|52
|
|t:|1621517054
|-curestatus|p2a: Malamar|slp|[msg]
|move|p2a: Malamar|Block||[still]
|-fail|p2a: Malamar
|move|p1a: Fest Zest|Knock Off|p2a: Malamar
|-damage|p2a: Malamar|34/100
|
|-damage|p2a: Malamar|22/100|[from] Leech Seed|[of] p1a: Fest Zest
|-heal|p1a: Fest Zest|100/100 brn|[silent]
|-damage|p1a: Fest Zest|94/100 brn|[from] brn
|upkeep
|turn|53
|
|t:|1621517063
|move|p2a: Malamar|Rest|p2a: Malamar
|-status|p2a: Malamar|slp|[from] move: Rest
|-heal|p2a: Malamar|100/100 slp|[silent]
|move|p1a: Fest Zest|Knock Off|p2a: Malamar
|-damage|p2a: Malamar|93/100 slp
|
|-damage|p2a: Malamar|81/100 slp|[from] Leech Seed|[of] p1a: Fest Zest
|-heal|p1a: Fest Zest|100/100 brn|[silent]
|-damage|p1a: Fest Zest|94/100 brn|[from] brn
|upkeep
|turn|54
|
|t:|1621517067
|cant|p2a: Malamar|slp
|move|p1a: Fest Zest|Spikes||[still]
|-fail|p1a: Fest Zest
|
|-damage|p2a: Malamar|68/100 slp|[from] Leech Seed|[of] p1a: Fest Zest
|-heal|p1a: Fest Zest|100/100 brn|[silent]
|-damage|p1a: Fest Zest|94/100 brn|[from] brn
|upkeep
|turn|55
|
|t:|1621517070
|cant|p2a: Malamar|slp
|move|p1a: Fest Zest|Knock Off|p2a: Malamar
|-damage|p2a: Malamar|62/100 slp
|
|-damage|p2a: Malamar|49/100 slp|[from] Leech Seed|[of] p1a: Fest Zest
|-heal|p1a: Fest Zest|100/100 brn|[silent]
|-damage|p1a: Fest Zest|94/100 brn|[from] brn
|upkeep
|turn|56
|
|t:|1621517074
|-curestatus|p2a: Malamar|slp|[msg]
|move|p2a: Malamar|Stored Power|p1a: Fest Zest
|-resisted|p1a: Fest Zest
|-damage|p1a: Fest Zest|93/100 brn
|move|p1a: Fest Zest|Knock Off|p2a: Malamar
|-damage|p2a: Malamar|42/100
|
|-damage|p2a: Malamar|30/100|[from] Leech Seed|[of] p1a: Fest Zest
|-heal|p1a: Fest Zest|100/100 brn|[silent]
|-damage|p1a: Fest Zest|94/100 brn|[from] brn
|upkeep
|turn|57
|
|t:|1621517078
|move|p2a: Malamar|Stored Power|p1a: Fest Zest
|-resisted|p1a: Fest Zest
|-damage|p1a: Fest Zest|93/100 brn
|move|p1a: Fest Zest|Knock Off|p2a: Malamar
|-damage|p2a: Malamar|23/100
|
|-damage|p2a: Malamar|10/100|[from] Leech Seed|[of] p1a: Fest Zest
|-heal|p1a: Fest Zest|100/100 brn|[silent]
|-damage|p1a: Fest Zest|94/100 brn|[from] brn
|upkeep
|turn|58
|
|t:|1621517084
|move|p2a: Malamar|Rest|p2a: Malamar
|-status|p2a: Malamar|slp|[from] move: Rest
|-heal|p2a: Malamar|100/100 slp|[silent]
|move|p1a: Fest Zest|Knock Off|p2a: Malamar
|-damage|p2a: Malamar|94/100 slp
|
|-damage|p2a: Malamar|82/100 slp|[from] Leech Seed|[of] p1a: Fest Zest
|-heal|p1a: Fest Zest|100/100 brn|[silent]
|-damage|p1a: Fest Zest|94/100 brn|[from] brn
|upkeep
|turn|59
|
|t:|1621517086
|cant|p2a: Malamar|slp
|move|p1a: Fest Zest|Knock Off|p2a: Malamar
|-damage|p2a: Malamar|75/100 slp
|
|-damage|p2a: Malamar|63/100 slp|[from] Leech Seed|[of] p1a: Fest Zest
|-heal|p1a: Fest Zest|100/100 brn|[silent]
|-damage|p1a: Fest Zest|94/100 brn|[from] brn
|upkeep
|turn|60
|
|t:|1621517088
|cant|p2a: Malamar|slp
|move|p1a: Fest Zest|Knock Off|p2a: Malamar
|-damage|p2a: Malamar|57/100 slp
|
|-damage|p2a: Malamar|44/100 slp|[from] Leech Seed|[of] p1a: Fest Zest
|-heal|p1a: Fest Zest|100/100 brn|[silent]
|-damage|p1a: Fest Zest|94/100 brn|[from] brn
|upkeep
|turn|61
|
|t:|1621517091
|-curestatus|p2a: Malamar|slp|[msg]
|move|p2a: Malamar|Stored Power|p1a: Fest Zest
|-resisted|p1a: Fest Zest
|-damage|p1a: Fest Zest|93/100 brn
|move|p1a: Fest Zest|Knock Off|p2a: Malamar
|-damage|p2a: Malamar|37/100
|
|-damage|p2a: Malamar|25/100|[from] Leech Seed|[of] p1a: Fest Zest
|-heal|p1a: Fest Zest|100/100 brn|[silent]
|-damage|p1a: Fest Zest|94/100 brn|[from] brn
|upkeep
|turn|62
|
|t:|1621517095
|move|p2a: Malamar|Rest|p2a: Malamar
|-status|p2a: Malamar|slp|[from] move: Rest
|-heal|p2a: Malamar|100/100 slp|[silent]
|move|p1a: Fest Zest|Gyro Ball|p2a: Malamar
|-damage|p2a: Malamar|85/100 slp
|
|-damage|p2a: Malamar|73/100 slp|[from] Leech Seed|[of] p1a: Fest Zest
|-heal|p1a: Fest Zest|100/100 brn|[silent]
|-damage|p1a: Fest Zest|94/100 brn|[from] brn
|upkeep
|turn|63
|
|t:|1621517097
|cant|p2a: Malamar|slp
|move|p1a: Fest Zest|Knock Off|p2a: Malamar
|-damage|p2a: Malamar|66/100 slp
|
|-damage|p2a: Malamar|54/100 slp|[from] Leech Seed|[of] p1a: Fest Zest
|-heal|p1a: Fest Zest|100/100 brn|[silent]
|-damage|p1a: Fest Zest|94/100 brn|[from] brn
|upkeep
|turn|64
|
|t:|1621517099
|cant|p2a: Malamar|slp
|move|p1a: Fest Zest|Knock Off|p2a: Malamar
|-damage|p2a: Malamar|48/100 slp
|
|-damage|p2a: Malamar|35/100 slp|[from] Leech Seed|[of] p1a: Fest Zest
|-heal|p1a: Fest Zest|100/100 brn|[silent]
|-damage|p1a: Fest Zest|94/100 brn|[from] brn
|upkeep
|turn|65
|
|t:|1621517102
|-curestatus|p2a: Malamar|slp|[msg]
|move|p2a: Malamar|Stored Power|p1a: Fest Zest
|-resisted|p1a: Fest Zest
|-damage|p1a: Fest Zest|93/100 brn
|move|p1a: Fest Zest|Knock Off|p2a: Malamar
|-damage|p2a: Malamar|29/100
|
|-damage|p2a: Malamar|16/100|[from] Leech Seed|[of] p1a: Fest Zest
|-heal|p1a: Fest Zest|100/100 brn|[silent]
|-damage|p1a: Fest Zest|94/100 brn|[from] brn
|upkeep
|turn|66
|
|t:|1621517116
|move|p2a: Malamar|Rest|p2a: Malamar
|-status|p2a: Malamar|slp|[from] move: Rest
|-heal|p2a: Malamar|100/100 slp|[silent]
|move|p1a: Fest Zest|Knock Off|p2a: Malamar
|-damage|p2a: Malamar|93/100 slp
|
|-damage|p2a: Malamar|81/100 slp|[from] Leech Seed|[of] p1a: Fest Zest
|-heal|p1a: Fest Zest|100/100 brn|[silent]
|-damage|p1a: Fest Zest|94/100 brn|[from] brn
|upkeep
|turn|67
|
|t:|1621517119
|cant|p2a: Malamar|slp
|move|p1a: Fest Zest|Spikes||[still]
|-fail|p1a: Fest Zest
|
|-damage|p2a: Malamar|69/100 slp|[from] Leech Seed|[of] p1a: Fest Zest
|-heal|p1a: Fest Zest|100/100 brn|[silent]
|-damage|p1a: Fest Zest|94/100 brn|[from] brn
|upkeep
|turn|68
|
|t:|1621517122
|cant|p2a: Malamar|slp
|move|p1a: Fest Zest|Spikes||[still]
|-fail|p1a: Fest Zest
|
|-damage|p2a: Malamar|56/100 slp|[from] Leech Seed|[of] p1a: Fest Zest
|-heal|p1a: Fest Zest|100/100 brn|[silent]
|-damage|p1a: Fest Zest|94/100 brn|[from] brn
|upkeep
|turn|69
|
|t:|1621517127
|-curestatus|p2a: Malamar|slp|[msg]
|move|p2a: Malamar|Stored Power|p1a: Fest Zest
|-resisted|p1a: Fest Zest
|-damage|p1a: Fest Zest|93/100 brn
|move|p1a: Fest Zest|Knock Off|p2a: Malamar
|-damage|p2a: Malamar|50/100
|
|-damage|p2a: Malamar|37/100|[from] Leech Seed|[of] p1a: Fest Zest
|-heal|p1a: Fest Zest|100/100 brn|[silent]
|-damage|p1a: Fest Zest|94/100 brn|[from] brn
|upkeep
|turn|70
|j| krayz005
|
|t:|1621517134
|move|p2a: Malamar|Stored Power|p1a: Fest Zest
|-resisted|p1a: Fest Zest
|-damage|p1a: Fest Zest|93/100 brn
|move|p1a: Fest Zest|Knock Off|p2a: Malamar
|-crit|p2a: Malamar
|-damage|p2a: Malamar|27/100
|
|-damage|p2a: Malamar|15/100|[from] Leech Seed|[of] p1a: Fest Zest
|-heal|p1a: Fest Zest|100/100 brn|[silent]
|-damage|p1a: Fest Zest|94/100 brn|[from] brn
|upkeep
|turn|71
|
|t:|1621517137
|move|p2a: Malamar|Rest|p2a: Malamar
|-status|p2a: Malamar|slp|[from] move: Rest
|-heal|p2a: Malamar|100/100 slp|[silent]
|move|p1a: Fest Zest|Spikes||[still]
|-fail|p1a: Fest Zest
|
|-damage|p2a: Malamar|88/100 slp|[from] Leech Seed|[of] p1a: Fest Zest
|-heal|p1a: Fest Zest|100/100 brn|[silent]
|-damage|p1a: Fest Zest|94/100 brn|[from] brn
|upkeep
|turn|72
|
|t:|1621517141
|cant|p2a: Malamar|slp
|move|p1a: Fest Zest|Knock Off|p2a: Malamar
|-damage|p2a: Malamar|81/100 slp
|
|-damage|p2a: Malamar|69/100 slp|[from] Leech Seed|[of] p1a: Fest Zest
|-heal|p1a: Fest Zest|100/100 brn|[silent]
|-damage|p1a: Fest Zest|94/100 brn|[from] brn
|upkeep
|turn|73
|
|t:|1621517147
|cant|p2a: Malamar|slp
|move|p1a: Fest Zest|Knock Off|p2a: Malamar
|-damage|p2a: Malamar|62/100 slp
|
|-damage|p2a: Malamar|50/100 slp|[from] Leech Seed|[of] p1a: Fest Zest
|-heal|p1a: Fest Zest|100/100 brn|[silent]
|-damage|p1a: Fest Zest|94/100 brn|[from] brn
|upkeep
|turn|74
|
|t:|1621517160
|-curestatus|p2a: Malamar|slp|[msg]
|move|p2a: Malamar|Rest|p2a: Malamar
|-status|p2a: Malamar|slp|[from] move: Rest
|-heal|p2a: Malamar|100/100 slp|[silent]
|move|p1a: Fest Zest|Knock Off|p2a: Malamar
|-damage|p2a: Malamar|93/100 slp
|
|-damage|p2a: Malamar|81/100 slp|[from] Leech Seed|[of] p1a: Fest Zest
|-heal|p1a: Fest Zest|100/100 brn|[silent]
|-damage|p1a: Fest Zest|94/100 brn|[from] brn
|upkeep
|turn|75
|
|t:|1621517165
|cant|p2a: Malamar|slp
|move|p1a: Fest Zest|Leech Seed||[still]
|-fail|p1a: Fest Zest
|
|-damage|p2a: Malamar|69/100 slp|[from] Leech Seed|[of] p1a: Fest Zest
|-heal|p1a: Fest Zest|100/100 brn|[silent]
|-damage|p1a: Fest Zest|94/100 brn|[from] brn
|upkeep
|turn|76
|
|t:|1621517167
|cant|p2a: Malamar|slp
|move|p1a: Fest Zest|Leech Seed||[still]
|-fail|p1a: Fest Zest
|
|-damage|p2a: Malamar|56/100 slp|[from] Leech Seed|[of] p1a: Fest Zest
|-heal|p1a: Fest Zest|100/100 brn|[silent]
|-damage|p1a: Fest Zest|94/100 brn|[from] brn
|upkeep
|turn|77
|
|t:|1621517171
|-curestatus|p2a: Malamar|slp|[msg]
|move|p2a: Malamar|Stored Power|p1a: Fest Zest
|-resisted|p1a: Fest Zest
|-damage|p1a: Fest Zest|93/100 brn
|move|p1a: Fest Zest|Spikes||[still]
|-fail|p1a: Fest Zest
|
|-damage|p2a: Malamar|44/100|[from] Leech Seed|[of] p1a: Fest Zest
|-heal|p1a: Fest Zest|100/100 brn|[silent]
|-damage|p1a: Fest Zest|94/100 brn|[from] brn
|upkeep
|turn|78
|
|t:|1621517176
|move|p2a: Malamar|Acupressure|p2a: Malamar
|-unboost|p2a: Malamar|spa|2
|move|p1a: Fest Zest|Spikes||[still]
|-fail|p1a: Fest Zest
|
|-damage|p2a: Malamar|31/100|[from] Leech Seed|[of] p1a: Fest Zest
|-heal|p1a: Fest Zest|100/100 brn|[silent]
|-damage|p1a: Fest Zest|94/100 brn|[from] brn
|upkeep
|turn|79
|
|t:|1621517180
|move|p2a: Malamar|Acupressure|p2a: Malamar
|-unboost|p2a: Malamar|spd|2
|move|p1a: Fest Zest|Gyro Ball|p2a: Malamar
|-damage|p2a: Malamar|17/100
|
|-damage|p2a: Malamar|4/100|[from] Leech Seed|[of] p1a: Fest Zest
|-heal|p1a: Fest Zest|100/100 brn|[silent]
|-damage|p1a: Fest Zest|94/100 brn|[from] brn
|upkeep
|turn|80
|
|t:|1621517185
|move|p2a: Malamar|Rest|p2a: Malamar
|-status|p2a: Malamar|slp|[from] move: Rest
|-heal|p2a: Malamar|100/100 slp|[silent]
|move|p1a: Fest Zest|Spikes||[still]
|-fail|p1a: Fest Zest
|
|-damage|p2a: Malamar|88/100 slp|[from] Leech Seed|[of] p1a: Fest Zest
|-heal|p1a: Fest Zest|100/100 brn|[silent]
|-damage|p1a: Fest Zest|94/100 brn|[from] brn
|upkeep
|turn|81
|
|t:|1621517187
|cant|p2a: Malamar|slp
|move|p1a: Fest Zest|Spikes||[still]
|-fail|p1a: Fest Zest
|
|-damage|p2a: Malamar|76/100 slp|[from] Leech Seed|[of] p1a: Fest Zest
|-heal|p1a: Fest Zest|100/100 brn|[silent]
|-damage|p1a: Fest Zest|94/100 brn|[from] brn
|upkeep
|turn|82
|
|t:|1621517193
|cant|p2a: Malamar|slp
|move|p1a: Fest Zest|Spikes||[still]
|-fail|p1a: Fest Zest
|
|-damage|p2a: Malamar|63/100 slp|[from] Leech Seed|[of] p1a: Fest Zest
|-heal|p1a: Fest Zest|100/100 brn|[silent]
|-damage|p1a: Fest Zest|94/100 brn|[from] brn
|upkeep
|turn|83
|
|t:|1621517195
|-curestatus|p2a: Malamar|slp|[msg]
|move|p2a: Malamar|Acupressure|p2a: Malamar
|-unboost|p2a: Malamar|spe|2
|move|p1a: Fest Zest|Spikes||[still]
|-fail|p1a: Fest Zest
|
|-damage|p2a: Malamar|51/100|[from] Leech Seed|[of] p1a: Fest Zest
|-heal|p1a: Fest Zest|100/100 brn|[silent]
|-damage|p1a: Fest Zest|94/100 brn|[from] brn
|upkeep
|turn|84
|
|t:|1621517201
|move|p2a: Malamar|Acupressure|p2a: Malamar
|-unboost|p2a: Malamar|spe|2
|move|p1a: Fest Zest|Spikes||[still]
|-fail|p1a: Fest Zest
|
|-damage|p2a: Malamar|38/100|[from] Leech Seed|[of] p1a: Fest Zest
|-heal|p1a: Fest Zest|100/100 brn|[silent]
|-damage|p1a: Fest Zest|94/100 brn|[from] brn
|upkeep
|turn|85
|
|t:|1621517209
|move|p2a: Malamar|Acupressure|p2a: Malamar
|-unboost|p2a: Malamar|def|2
|move|p1a: Fest Zest|Spikes||[still]
|-fail|p1a: Fest Zest
|
|-damage|p2a: Malamar|26/100|[from] Leech Seed|[of] p1a: Fest Zest
|-heal|p1a: Fest Zest|100/100 brn|[silent]
|-damage|p1a: Fest Zest|94/100 brn|[from] brn
|upkeep
|turn|86
|
|t:|1621517227
|move|p2a: Malamar|Rest|p2a: Malamar
|-status|p2a: Malamar|slp|[from] move: Rest
|-heal|p2a: Malamar|100/100 slp|[silent]
|move|p1a: Fest Zest|Spikes||[still]
|-fail|p1a: Fest Zest
|
|-damage|p2a: Malamar|88/100 slp|[from] Leech Seed|[of] p1a: Fest Zest
|-heal|p1a: Fest Zest|100/100 brn|[silent]
|-damage|p1a: Fest Zest|94/100 brn|[from] brn
|upkeep
|turn|87
|
|t:|1621517230
|cant|p2a: Malamar|slp
|move|p1a: Fest Zest|Leech Seed||[still]
|-fail|p1a: Fest Zest
|
|-damage|p2a: Malamar|76/100 slp|[from] Leech Seed|[of] p1a: Fest Zest
|-heal|p1a: Fest Zest|100/100 brn|[silent]
|-damage|p1a: Fest Zest|94/100 brn|[from] brn
|upkeep
|turn|88
|
|t:|1621517233
|cant|p2a: Malamar|slp
|move|p1a: Fest Zest|Spikes||[still]
|-fail|p1a: Fest Zest
|
|-damage|p2a: Malamar|63/100 slp|[from] Leech Seed|[of] p1a: Fest Zest
|-heal|p1a: Fest Zest|100/100 brn|[silent]
|-damage|p1a: Fest Zest|94/100 brn|[from] brn
|upkeep
|turn|89
|
|t:|1621517235
|-curestatus|p2a: Malamar|slp|[msg]
|move|p2a: Malamar|Acupressure|p2a: Malamar
|-unboost|p2a: Malamar|spd|2
|move|p1a: Fest Zest|Spikes||[still]
|-fail|p1a: Fest Zest
|
|-damage|p2a: Malamar|51/100|[from] Leech Seed|[of] p1a: Fest Zest
|-heal|p1a: Fest Zest|100/100 brn|[silent]
|-damage|p1a: Fest Zest|94/100 brn|[from] brn
|upkeep
|turn|90
|
|t:|1621517236
|move|p2a: Malamar|Acupressure|p2a: Malamar
|-unboost|p2a: Malamar|atk|2
|move|p1a: Fest Zest|Spikes||[still]
|-fail|p1a: Fest Zest
|
|-damage|p2a: Malamar|38/100|[from] Leech Seed|[of] p1a: Fest Zest
|-heal|p1a: Fest Zest|100/100 brn|[silent]
|-damage|p1a: Fest Zest|94/100 brn|[from] brn
|upkeep
|turn|91
|
|t:|1621517239
|move|p2a: Malamar|Acupressure|p2a: Malamar
|-unboost|p2a: Malamar|accuracy|2
|move|p1a: Fest Zest|Spikes||[still]
|-fail|p1a: Fest Zest
|
|-damage|p2a: Malamar|26/100|[from] Leech Seed|[of] p1a: Fest Zest
|-heal|p1a: Fest Zest|100/100 brn|[silent]
|-damage|p1a: Fest Zest|94/100 brn|[from] brn
|upkeep
|turn|92
|
|t:|1621517242
|move|p2a: Malamar|Acupressure|p2a: Malamar
|-unboost|p2a: Malamar|evasion|2
|move|p1a: Fest Zest|Spikes||[still]
|-fail|p1a: Fest Zest
|
|-damage|p2a: Malamar|13/100|[from] Leech Seed|[of] p1a: Fest Zest
|-heal|p1a: Fest Zest|100/100 brn|[silent]
|-damage|p1a: Fest Zest|94/100 brn|[from] brn
|upkeep
|turn|93
|
|t:|1621517243
|move|p2a: Malamar|Rest|p2a: Malamar
|-status|p2a: Malamar|slp|[from] move: Rest
|-heal|p2a: Malamar|100/100 slp|[silent]
|move|p1a: Fest Zest|Spikes||[still]
|-fail|p1a: Fest Zest
|
|-damage|p2a: Malamar|88/100 slp|[from] Leech Seed|[of] p1a: Fest Zest
|-heal|p1a: Fest Zest|100/100 brn|[silent]
|-damage|p1a: Fest Zest|94/100 brn|[from] brn
|upkeep
|turn|94
|
|t:|1621517245
|cant|p2a: Malamar|slp
|move|p1a: Fest Zest|Spikes||[still]
|-fail|p1a: Fest Zest
|
|-damage|p2a: Malamar|76/100 slp|[from] Leech Seed|[of] p1a: Fest Zest
|-heal|p1a: Fest Zest|100/100 brn|[silent]
|-damage|p1a: Fest Zest|94/100 brn|[from] brn
|upkeep
|turn|95
|
|t:|1621517248
|cant|p2a: Malamar|slp
|move|p1a: Fest Zest|Spikes||[still]
|-fail|p1a: Fest Zest
|
|-damage|p2a: Malamar|63/100 slp|[from] Leech Seed|[of] p1a: Fest Zest
|-heal|p1a: Fest Zest|100/100 brn|[silent]
|-damage|p1a: Fest Zest|94/100 brn|[from] brn
|upkeep
|turn|96
|
|t:|1621517249
|-curestatus|p2a: Malamar|slp|[msg]
|move|p2a: Malamar|Acupressure|p2a: Malamar
|-unboost|p2a: Malamar|atk|2
|move|p1a: Fest Zest|Spikes||[still]
|-fail|p1a: Fest Zest
|
|-damage|p2a: Malamar|51/100|[from] Leech Seed|[of] p1a: Fest Zest
|-heal|p1a: Fest Zest|100/100 brn|[silent]
|-damage|p1a: Fest Zest|94/100 brn|[from] brn
|upkeep
|turn|97
|
|t:|1621517251
|move|p2a: Malamar|Acupressure|p2a: Malamar
|-unboost|p2a: Malamar|spd|2
|move|p1a: Fest Zest|Spikes||[still]
|-fail|p1a: Fest Zest
|
|-damage|p2a: Malamar|38/100|[from] Leech Seed|[of] p1a: Fest Zest
|-heal|p1a: Fest Zest|100/100 brn|[silent]
|-damage|p1a: Fest Zest|94/100 brn|[from] brn
|upkeep
|turn|98
|
|t:|1621517254
|move|p2a: Malamar|Acupressure|p2a: Malamar
|-unboost|p2a: Malamar|spa|2
|move|p1a: Fest Zest|Spikes||[still]
|-fail|p1a: Fest Zest
|
|-damage|p2a: Malamar|26/100|[from] Leech Seed|[of] p1a: Fest Zest
|-heal|p1a: Fest Zest|100/100 brn|[silent]
|-damage|p1a: Fest Zest|94/100 brn|[from] brn
|upkeep
|turn|99
|
|t:|1621517256
|move|p2a: Malamar|Rest|p2a: Malamar
|-status|p2a: Malamar|slp|[from] move: Rest
|-heal|p2a: Malamar|100/100 slp|[silent]
|move|p1a: Fest Zest|Spikes||[still]
|-fail|p1a: Fest Zest
|
|-damage|p2a: Malamar|88/100 slp|[from] Leech Seed|[of] p1a: Fest Zest
|-heal|p1a: Fest Zest|100/100 brn|[silent]
|-damage|p1a: Fest Zest|94/100 brn|[from] brn
|upkeep
|turn|100
|
|t:|1621517258
|cant|p2a: Malamar|slp
|move|p1a: Fest Zest|Spikes||[still]
|-fail|p1a: Fest Zest
|
|-damage|p2a: Malamar|76/100 slp|[from] Leech Seed|[of] p1a: Fest Zest
|-heal|p1a: Fest Zest|100/100 brn|[silent]
|-damage|p1a: Fest Zest|94/100 brn|[from] brn
|upkeep
|turn|101
|
|t:|1621517260
|cant|p2a: Malamar|slp
|move|p1a: Fest Zest|Spikes||[still]
|-fail|p1a: Fest Zest
|
|-damage|p2a: Malamar|63/100 slp|[from] Leech Seed|[of] p1a: Fest Zest
|-heal|p1a: Fest Zest|100/100 brn|[silent]
|-damage|p1a: Fest Zest|94/100 brn|[from] brn
|upkeep
|turn|102
|
|t:|1621517262
|-curestatus|p2a: Malamar|slp|[msg]
|move|p2a: Malamar|Acupressure|p2a: Malamar
|-unboost|p2a: Malamar|spd|0
|move|p1a: Fest Zest|Spikes||[still]
|-fail|p1a: Fest Zest
|
|-damage|p2a: Malamar|51/100|[from] Leech Seed|[of] p1a: Fest Zest
|-heal|p1a: Fest Zest|100/100 brn|[silent]
|-damage|p1a: Fest Zest|94/100 brn|[from] brn
|upkeep
|turn|103
|
|t:|1621517264
|move|p2a: Malamar|Rest|p2a: Malamar
|-status|p2a: Malamar|slp|[from] move: Rest
|-heal|p2a: Malamar|100/100 slp|[silent]
|move|p1a: Fest Zest|Knock Off|p2a: Malamar
|-damage|p2a: Malamar|88/100 slp
|
|-damage|p2a: Malamar|75/100 slp|[from] Leech Seed|[of] p1a: Fest Zest
|-heal|p1a: Fest Zest|100/100 brn|[silent]
|-damage|p1a: Fest Zest|94/100 brn|[from] brn
|upkeep
|turn|104
|
|t:|1621517266
|cant|p2a: Malamar|slp
|move|p1a: Fest Zest|Leech Seed||[still]
|-fail|p1a: Fest Zest
|
|-damage|p2a: Malamar|63/100 slp|[from] Leech Seed|[of] p1a: Fest Zest
|-heal|p1a: Fest Zest|100/100 brn|[silent]
|-damage|p1a: Fest Zest|94/100 brn|[from] brn
|upkeep
|turn|105
|
|t:|1621517271
|cant|p2a: Malamar|slp
|move|p1a: Fest Zest|Leech Seed||[still]
|-fail|p1a: Fest Zest
|
|-damage|p2a: Malamar|50/100 slp|[from] Leech Seed|[of] p1a: Fest Zest
|-heal|p1a: Fest Zest|100/100 brn|[silent]
|-damage|p1a: Fest Zest|94/100 brn|[from] brn
|upkeep
|turn|106
|
|t:|1621517273
|-curestatus|p2a: Malamar|slp|[msg]
|move|p2a: Malamar|Acupressure|p2a: Malamar
|-unboost|p2a: Malamar|def|2
|move|p1a: Fest Zest|Leech Seed||[still]
|-fail|p1a: Fest Zest
|
|-damage|p2a: Malamar|38/100|[from] Leech Seed|[of] p1a: Fest Zest
|-heal|p1a: Fest Zest|100/100 brn|[silent]
|-damage|p1a: Fest Zest|94/100 brn|[from] brn
|upkeep
|turn|107
|
|t:|1621517275
|move|p2a: Malamar|Acupressure|p2a: Malamar
|-unboost|p2a: Malamar|evasion|2
|move|p1a: Fest Zest|Leech Seed||[still]
|-fail|p1a: Fest Zest
|
|-damage|p2a: Malamar|25/100|[from] Leech Seed|[of] p1a: Fest Zest
|-heal|p1a: Fest Zest|100/100 brn|[silent]
|-damage|p1a: Fest Zest|94/100 brn|[from] brn
|upkeep
|turn|108
|
|t:|1621517279
|move|p2a: Malamar|Stored Power|p1a: Fest Zest|[miss]
|-miss|p2a: Malamar|p1a: Fest Zest
|move|p1a: Fest Zest|Leech Seed||[still]
|-fail|p1a: Fest Zest
|
|-damage|p2a: Malamar|13/100|[from] Leech Seed|[of] p1a: Fest Zest
|-heal|p1a: Fest Zest|100/100 brn|[silent]
|-damage|p1a: Fest Zest|94/100 brn|[from] brn
|upkeep
|turn|109
|
|t:|1621517287
|move|p2a: Malamar|Stored Power|p1a: Fest Zest|[miss]
|-miss|p2a: Malamar|p1a: Fest Zest
|move|p1a: Fest Zest|Leech Seed||[still]
|-fail|p1a: Fest Zest
|
|-damage|p2a: Malamar|0 fnt|[from] Leech Seed|[of] p1a: Fest Zest
|-heal|p1a: Fest Zest|100/100 brn|[silent]
|faint|p2a: Malamar
|-damage|p1a: Fest Zest|94/100 brn|[from] brn
|upkeep
|
|t:|1621517293
|switch|p2a: Suicune|Suicune|32/100
|-damage|p2a: Suicune|7/100|[from] Spikes
|-ability|p2a: Suicune|Pressure
|turn|110
|
|t:|1621517296
|move|p2a: Suicune|Protect|p2a: Suicune
|-singleturn|p2a: Suicune|Protect
|-activate|p1a: Fest Zest|move: Struggle
|move|p1a: Fest Zest|Struggle|p2a: Suicune
|-activate|p2a: Suicune|move: Protect
|
|-heal|p2a: Suicune|13/100|[from] item: Leftovers
|-damage|p1a: Fest Zest|88/100 brn|[from] brn
|upkeep
|turn|111
|
|t:|1621517300
|move|p2a: Suicune|Calm Mind|p2a: Suicune
|-boost|p2a: Suicune|spa|1
|-boost|p2a: Suicune|spd|1
|-activate|p1a: Fest Zest|move: Struggle
|move|p1a: Fest Zest|Struggle|p2a: Suicune
|-damage|p2a: Suicune|9/100
|-damage|p1a: Fest Zest|63/100 brn|[from] recoil
|
|-heal|p2a: Suicune|15/100|[from] item: Leftovers
|-damage|p1a: Fest Zest|57/100 brn|[from] brn
|upkeep
|turn|112
|
|t:|1621517303
|switch|p1a: Ebb & Flow|Tapu Koko|23/100 brn
|-fieldstart|move: Electric Terrain|[from] ability: Electric Surge|[of] p1a: Ebb & Flow
|move|p2a: Suicune|Protect||[still]
|-fail|p2a: Suicune
|
|-heal|p2a: Suicune|21/100|[from] item: Leftovers
|-damage|p1a: Ebb & Flow|17/100 brn|[from] brn
|upkeep
|turn|113
|
|t:|1621517307
|move|p2a: Suicune|Protect|p2a: Suicune
|-singleturn|p2a: Suicune|Protect
|move|p1a: Ebb & Flow|Roost|p1a: Ebb & Flow
|-heal|p1a: Ebb & Flow|67/100 brn
|-singleturn|p1a: Ebb & Flow|move: Roost
|
|-heal|p2a: Suicune|27/100|[from] item: Leftovers
|-damage|p1a: Ebb & Flow|61/100 brn|[from] brn
|upkeep
|turn|114
|
|t:|1621517313
|switch|p2a: Hippowdon|Hippowdon, F|100/100
|-damage|p2a: Hippowdon|75/100|[from] Spikes
|-weather|Sandstorm|[from] ability: Sand Stream|[of] p2a: Hippowdon
|move|p1a: Ebb & Flow|Thunder|p2a: Hippowdon
|-immune|p2a: Hippowdon
|
|-weather|Sandstorm|[upkeep]
|-damage|p1a: Ebb & Flow|55/100 brn|[from] Sandstorm
|-heal|p2a: Hippowdon|82/100|[from] item: Leftovers
|-damage|p1a: Ebb & Flow|49/100 brn|[from] brn
|upkeep
|turn|115
|
|t:|1621517321
|move|p1a: Ebb & Flow|U-turn|p2a: Hippowdon
|-damage|p2a: Hippowdon|76/100
|
|t:|1621517323
|switch|p1a: Fly Octo Fly|Pelipper, M|68/100|[from]move: U-turn
|-weather|RainDance|[from] ability: Drizzle|[of] p1a: Fly Octo Fly
|move|p2a: Hippowdon|Toxic|p1a: Fly Octo Fly
|-status|p1a: Fly Octo Fly|tox
|
|-weather|RainDance|[upkeep]
|-heal|p2a: Hippowdon|82/100|[from] item: Leftovers
|-damage|p1a: Fly Octo Fly|61/100 tox|[from] psn
|upkeep
|turn|116
|
|t:|1621517332
|switch|p2a: Toxapex|Toxapex, M|100/100
|-damage|p2a: Toxapex|75/100|[from] Spikes
|move|p1a: Fly Octo Fly|U-turn|p2a: Toxapex
|-resisted|p2a: Toxapex
|-damage|p2a: Toxapex|73/100
|
|t:|1621517336
|switch|p1a: Ebb & Flow|Tapu Koko|49/100 brn|[from]move: U-turn
|
|-weather|RainDance|[upkeep]
|-damage|p1a: Ebb & Flow|43/100 brn|[from] brn
|-fieldend|move: Electric Terrain
|upkeep
|turn|117
|
|t:|1621517342
|switch|p2a: Hippowdon|Hippowdon, F|82/100
|-damage|p2a: Hippowdon|57/100|[from] Spikes
|-weather|Sandstorm|[from] ability: Sand Stream|[of] p2a: Hippowdon
|move|p1a: Ebb & Flow|Roost|p1a: Ebb & Flow
|-heal|p1a: Ebb & Flow|93/100 brn
|-singleturn|p1a: Ebb & Flow|move: Roost
|
|-weather|Sandstorm|[upkeep]
|-damage|p1a: Ebb & Flow|87/100 brn|[from] Sandstorm
|-heal|p2a: Hippowdon|64/100|[from] item: Leftovers
|-damage|p1a: Ebb & Flow|81/100 brn|[from] brn
|upkeep
|turn|118
|
|t:|1621517346
|move|p1a: Ebb & Flow|U-turn|p2a: Hippowdon
|-damage|p2a: Hippowdon|58/100
|
|t:|1621517348
|switch|p1a: Fly Octo Fly|Pelipper, M|61/100 tox|[from]move: U-turn
|-weather|RainDance|[from] ability: Drizzle|[of] p1a: Fly Octo Fly
|move|p2a: Hippowdon|Stealth Rock|p1a: Fly Octo Fly
|-sidestart|p1: tanishq1|move: Stealth Rock
|
|-weather|RainDance|[upkeep]
|-heal|p2a: Hippowdon|64/100|[from] item: Leftovers
|-damage|p1a: Fly Octo Fly|55/100 tox|[from] psn
|upkeep
|turn|119
|
|t:|1621517353
|switch|p2a: Toxapex|Toxapex, M|100/100
|-damage|p2a: Toxapex|75/100|[from] Spikes
|move|p1a: Fly Octo Fly|Roost|p1a: Fly Octo Fly
|-heal|p1a: Fly Octo Fly|100/100 tox
|-singleturn|p1a: Fly Octo Fly|move: Roost
|
|-weather|RainDance|[upkeep]
|-damage|p1a: Fly Octo Fly|88/100 tox|[from] psn
|upkeep
|turn|120
|
|t:|1621517357
|move|p1a: Fly Octo Fly|U-turn|p2a: Toxapex
|-resisted|p2a: Toxapex
|-damage|p2a: Toxapex|73/100
|
|t:|1621517359
|switch|p1a: Ebb & Flow|Tapu Koko|81/100 brn|[from]move: U-turn
|-fieldstart|move: Electric Terrain|[from] ability: Electric Surge|[of] p1a: Ebb & Flow
|move|p2a: Toxapex|Knock Off|p1a: Ebb & Flow
|-resisted|p1a: Ebb & Flow
|-damage|p1a: Ebb & Flow|71/100 brn
|-enditem|p1a: Ebb & Flow|Heavy-Duty Boots|[from] move: Knock Off|[of] p2a: Toxapex
|
|-weather|RainDance|[upkeep]
|-damage|p1a: Ebb & Flow|65/100 brn|[from] brn
|upkeep
|turn|121
|
|t:|1621517366
|switch|p2a: Suicune|Suicune|27/100
|-damage|p2a: Suicune|2/100|[from] Spikes
|-ability|p2a: Suicune|Pressure
|move|p1a: Ebb & Flow|Dazzling Gleam|p2a: Suicune
|-damage|p2a: Suicune|0 fnt
|faint|p2a: Suicune
|
|-weather|RainDance|[upkeep]
|-damage|p1a: Ebb & Flow|59/100 brn|[from] brn
|upkeep
|
|t:|1621517368
|switch|p2a: Hippowdon|Hippowdon, F|64/100
|-damage|p2a: Hippowdon|39/100|[from] Spikes
|-weather|Sandstorm|[from] ability: Sand Stream|[of] p2a: Hippowdon
|turn|122
|
|t:|1621517371
|move|p1a: Ebb & Flow|U-turn|p2a: Hippowdon
|-damage|p2a: Hippowdon|34/100
|
|t:|1621517374
|switch|p1a: Now or Never!|Barraskewda, M|100/100|[from]move: U-turn
|-status|p1a: Now or Never!|tox
|-damage|p1a: Now or Never!|88/100 tox|[from] Stealth Rock
|move|p2a: Hippowdon|Slack Off|p2a: Hippowdon
|-heal|p2a: Hippowdon|84/100
|
|-weather|Sandstorm|[upkeep]
|-damage|p1a: Now or Never!|82/100 tox|[from] Sandstorm
|-heal|p2a: Hippowdon|90/100|[from] item: Leftovers
|-damage|p1a: Now or Never!|76/100 tox|[from] psn
|upkeep
|turn|123
|
|t:|1621517378
|switch|p2a: Toxapex|Toxapex, M|100/100
|-damage|p2a: Toxapex|75/100|[from] Spikes
|move|p1a: Now or Never!|Flip Turn|p2a: Toxapex
|-resisted|p2a: Toxapex
|-damage|p2a: Toxapex|60/100
|
|t:|1621517380
|switch|p1a: Ebb & Flow|Tapu Koko|59/100 brn|[from]move: Flip Turn
|-damage|p1a: Ebb & Flow|46/100 brn|[from] Stealth Rock
|
|-weather|Sandstorm|[upkeep]
|-damage|p1a: Ebb & Flow|40/100 brn|[from] Sandstorm
|-damage|p2a: Toxapex|54/100|[from] Sandstorm
|-damage|p1a: Ebb & Flow|34/100 brn|[from] brn
|upkeep
|turn|124
|
|t:|1621517390
|switch|p2a: Hippowdon|Hippowdon, F|90/100
|-damage|p2a: Hippowdon|65/100|[from] Spikes
|move|p1a: Ebb & Flow|Roost|p1a: Ebb & Flow
|-heal|p1a: Ebb & Flow|84/100 brn
|-singleturn|p1a: Ebb & Flow|move: Roost
|
|-weather|Sandstorm|[upkeep]
|-damage|p1a: Ebb & Flow|78/100 brn|[from] Sandstorm
|-heal|p2a: Hippowdon|71/100|[from] item: Leftovers
|-damage|p1a: Ebb & Flow|72/100 brn|[from] brn
|-fieldend|move: Electric Terrain
|upkeep
|turn|125
|
|t:|1621517394
|move|p1a: Ebb & Flow|U-turn|p2a: Hippowdon
|-crit|p2a: Hippowdon
|-damage|p2a: Hippowdon|62/100
|
|t:|1621517395
|switch|p1a: Fly Octo Fly|Pelipper, M|88/100 tox|[from]move: U-turn
|-damage|p1a: Fly Octo Fly|63/100 tox|[from] Stealth Rock
|-weather|RainDance|[from] ability: Drizzle|[of] p1a: Fly Octo Fly
|move|p2a: Hippowdon|Slack Off|p2a: Hippowdon
|-heal|p2a: Hippowdon|100/100
|
|-weather|RainDance|[upkeep]
|-damage|p1a: Fly Octo Fly|57/100 tox|[from] psn
|upkeep
|turn|126
|
|t:|1621517400
|move|p1a: Fly Octo Fly|U-turn|p2a: Hippowdon
|-damage|p2a: Hippowdon|94/100
|
|t:|1621517402
|switch|p1a: Fest Zest|Ferrothorn, F|57/100 brn|[from]move: U-turn
|-damage|p1a: Fest Zest|50/100 brn|[from] Stealth Rock
|move|p2a: Hippowdon|Earthquake|p1a: Fest Zest
|-damage|p1a: Fest Zest|21/100 brn
|
|-weather|RainDance|[upkeep]
|-heal|p2a: Hippowdon|100/100|[from] item: Leftovers
|-damage|p1a: Fest Zest|15/100 brn|[from] brn
|upkeep
|turn|127
|
|t:|1621517406
|move|p2a: Hippowdon|Earthquake|p1a: Fest Zest
|-damage|p1a: Fest Zest|0 fnt
|faint|p1a: Fest Zest
|
|-weather|RainDance|[upkeep]
|upkeep
|
|t:|1621517410
|switch|p1a: Now or Never!|Barraskewda, M|76/100 tox
|-damage|p1a: Now or Never!|64/100 tox|[from] Stealth Rock
|turn|128
|
|t:|1621517413
|switch|p2a: Toxapex|Toxapex, M|87/100
|-damage|p2a: Toxapex|62/100|[from] Spikes
|move|p1a: Now or Never!|Flip Turn|p2a: Toxapex
|-resisted|p2a: Toxapex
|-crit|p2a: Toxapex
|-damage|p2a: Toxapex|30/100
|
|t:|1621517418
|switch|p1a: Ebb & Flow|Tapu Koko|72/100 brn|[from]move: Flip Turn
|-damage|p1a: Ebb & Flow|60/100 brn|[from] Stealth Rock
|-fieldstart|move: Electric Terrain|[from] ability: Electric Surge|[of] p1a: Ebb & Flow
|
|-weather|RainDance|[upkeep]
|-damage|p1a: Ebb & Flow|54/100 brn|[from] brn
|upkeep
|turn|129
|
|t:|1621517422
|move|p1a: Ebb & Flow|U-turn|p2a: Toxapex
|-resisted|p2a: Toxapex
|-damage|p2a: Toxapex|28/100
|
|t:|1621517424
|switch|p1a: Now or Never!|Barraskewda, M|64/100 tox|[from]move: U-turn
|-damage|p1a: Now or Never!|52/100 tox|[from] Stealth Rock
|move|p2a: Toxapex|Recover|p2a: Toxapex
|-heal|p2a: Toxapex|78/100
|
|-weather|RainDance|[upkeep]
|-damage|p1a: Now or Never!|46/100 tox|[from] psn
|upkeep
|turn|130
|
|t:|1621517428
|move|p1a: Now or Never!|Flip Turn|p2a: Toxapex
|-resisted|p2a: Toxapex
|-damage|p2a: Toxapex|54/100
|
|t:|1621517432
|switch|p1a: Ebb & Flow|Tapu Koko|54/100 brn|[from]move: Flip Turn
|-damage|p1a: Ebb & Flow|41/100 brn|[from] Stealth Rock
|move|p2a: Toxapex|Knock Off|p1a: Ebb & Flow
|-resisted|p1a: Ebb & Flow
|-damage|p1a: Ebb & Flow|34/100 brn
|
|-weather|RainDance|[upkeep]
|-damage|p1a: Ebb & Flow|28/100 brn|[from] brn
|upkeep
|turn|131
|
|t:|1621517437
|switch|p2a: Hippowdon|Hippowdon, F|100/100
|-damage|p2a: Hippowdon|75/100|[from] Spikes
|-weather|Sandstorm|[from] ability: Sand Stream|[of] p2a: Hippowdon
|move|p1a: Ebb & Flow|Roost|p1a: Ebb & Flow
|-heal|p1a: Ebb & Flow|78/100 brn
|-singleturn|p1a: Ebb & Flow|move: Roost
|
|-weather|Sandstorm|[upkeep]
|-damage|p1a: Ebb & Flow|72/100 brn|[from] Sandstorm
|-heal|p2a: Hippowdon|82/100|[from] item: Leftovers
|-damage|p1a: Ebb & Flow|66/100 brn|[from] brn
|upkeep
|turn|132
|
|t:|1621517441
|move|p1a: Ebb & Flow|U-turn|p2a: Hippowdon
|-damage|p2a: Hippowdon|76/100
|
|t:|1621517442
|switch|p1a: Fly Octo Fly|Pelipper, M|57/100 tox|[from]move: U-turn
|-damage|p1a: Fly Octo Fly|32/100 tox|[from] Stealth Rock
|-weather|RainDance|[from] ability: Drizzle|[of] p1a: Fly Octo Fly
|move|p2a: Hippowdon|Earthquake|p1a: Fly Octo Fly
|-immune|p1a: Fly Octo Fly
|
|-weather|RainDance|[upkeep]
|-heal|p2a: Hippowdon|82/100|[from] item: Leftovers
|-damage|p1a: Fly Octo Fly|26/100 tox|[from] psn
|-fieldend|move: Electric Terrain
|upkeep
|turn|133
|
|t:|1621517447
|switch|p2a: Toxapex|Toxapex, M|87/100
|-damage|p2a: Toxapex|62/100|[from] Spikes
|move|p1a: Fly Octo Fly|Roost|p1a: Fly Octo Fly
|-heal|p1a: Fly Octo Fly|76/100 tox
|-singleturn|p1a: Fly Octo Fly|move: Roost
|
|-weather|RainDance|[upkeep]
|-damage|p1a: Fly Octo Fly|64/100 tox|[from] psn
|upkeep
|turn|134
|
|t:|1621517455
|move|p1a: Fly Octo Fly|U-turn|p2a: Toxapex
|-resisted|p2a: Toxapex
|-damage|p2a: Toxapex|60/100
|
|t:|1621517456
|switch|p1a: Ebb & Flow|Tapu Koko|66/100 brn|[from]move: U-turn
|-damage|p1a: Ebb & Flow|54/100 brn|[from] Stealth Rock
|-fieldstart|move: Electric Terrain|[from] ability: Electric Surge|[of] p1a: Ebb & Flow
|move|p2a: Toxapex|Recover|p2a: Toxapex
|-heal|p2a: Toxapex|100/100
|
|-weather|RainDance|[upkeep]
|-damage|p1a: Ebb & Flow|48/100 brn|[from] brn
|upkeep
|turn|135
|
|t:|1621517462
|switch|p2a: Hippowdon|Hippowdon, F|82/100
|-damage|p2a: Hippowdon|57/100|[from] Spikes
|-weather|Sandstorm|[from] ability: Sand Stream|[of] p2a: Hippowdon
|move|p1a: Ebb & Flow|Roost|p1a: Ebb & Flow
|-heal|p1a: Ebb & Flow|98/100 brn
|-singleturn|p1a: Ebb & Flow|move: Roost
|
|-weather|Sandstorm|[upkeep]
|-damage|p1a: Ebb & Flow|92/100 brn|[from] Sandstorm
|-heal|p2a: Hippowdon|63/100|[from] item: Leftovers
|-damage|p1a: Ebb & Flow|86/100 brn|[from] brn
|upkeep
|turn|136
|
|t:|1621517466
|move|p1a: Ebb & Flow|U-turn|p2a: Hippowdon
|-damage|p2a: Hippowdon|57/100
|
|t:|1621517468
|switch|p1a: Fly Octo Fly|Pelipper, M|64/100 tox|[from]move: U-turn
|-damage|p1a: Fly Octo Fly|39/100 tox|[from] Stealth Rock
|-weather|RainDance|[from] ability: Drizzle|[of] p1a: Fly Octo Fly
|move|p2a: Hippowdon|Slack Off|p2a: Hippowdon
|-heal|p2a: Hippowdon|100/100
|
|-weather|RainDance|[upkeep]
|-damage|p1a: Fly Octo Fly|33/100 tox|[from] psn
|upkeep
|turn|137
|
|t:|1621517471
|switch|p2a: Toxapex|Toxapex, M|100/100
|-damage|p2a: Toxapex|75/100|[from] Spikes
|move|p1a: Fly Octo Fly|Roost|p1a: Fly Octo Fly
|-heal|p1a: Fly Octo Fly|83/100 tox
|-singleturn|p1a: Fly Octo Fly|move: Roost
|
|-weather|RainDance|[upkeep]
|-damage|p1a: Fly Octo Fly|71/100 tox|[from] psn
|upkeep
|turn|138
|
|t:|1621517473
|move|p1a: Fly Octo Fly|U-turn|p2a: Toxapex
|-resisted|p2a: Toxapex
|-damage|p2a: Toxapex|73/100
|
|t:|1621517475
|switch|p1a: Ebb & Flow|Tapu Koko|86/100 brn|[from]move: U-turn
|-damage|p1a: Ebb & Flow|73/100 brn|[from] Stealth Rock
|move|p2a: Toxapex|Scald|p1a: Ebb & Flow
|-damage|p1a: Ebb & Flow|34/100 brn
|
|-weather|RainDance|[upkeep]
|-damage|p1a: Ebb & Flow|28/100 brn|[from] brn
|-fieldend|move: Electric Terrain
|upkeep
|turn|139
|
|t:|1621517482
|move|p1a: Ebb & Flow|Roost|p1a: Ebb & Flow
|-heal|p1a: Ebb & Flow|78/100 brn
|-singleturn|p1a: Ebb & Flow|move: Roost
|move|p2a: Toxapex|Scald|p1a: Ebb & Flow
|-damage|p1a: Ebb & Flow|36/100 brn
|
|-weather|RainDance|[upkeep]
|-damage|p1a: Ebb & Flow|30/100 brn|[from] brn
|upkeep
|turn|140
|
|t:|1621517485
|switch|p2a: Hippowdon|Hippowdon, F|100/100
|-damage|p2a: Hippowdon|75/100|[from] Spikes
|-weather|Sandstorm|[from] ability: Sand Stream|[of] p2a: Hippowdon
|move|p1a: Ebb & Flow|Thunder|p2a: Hippowdon
|-immune|p2a: Hippowdon
|
|-weather|Sandstorm|[upkeep]
|-damage|p1a: Ebb & Flow|24/100 brn|[from] Sandstorm
|-heal|p2a: Hippowdon|82/100|[from] item: Leftovers
|-damage|p1a: Ebb & Flow|18/100 brn|[from] brn
|upkeep
|turn|141
|
|t:|1621517488
|move|p1a: Ebb & Flow|U-turn|p2a: Hippowdon
|-damage|p2a: Hippowdon|76/100
|
|t:|1621517490
|switch|p1a: Now or Never!|Barraskewda, M|46/100 tox|[from]move: U-turn
|-damage|p1a: Now or Never!|34/100 tox|[from] Stealth Rock
|move|p2a: Hippowdon|Earthquake|p1a: Now or Never!
|-damage|p1a: Now or Never!|0 fnt
|faint|p1a: Now or Never!
|
|-weather|Sandstorm|[upkeep]
|-heal|p2a: Hippowdon|82/100|[from] item: Leftovers
|upkeep
|
|t:|1621517492
|switch|p1a: Fly Octo Fly|Pelipper, M|71/100 tox
|-damage|p1a: Fly Octo Fly|46/100 tox|[from] Stealth Rock
|-weather|RainDance|[from] ability: Drizzle|[of] p1a: Fly Octo Fly
|turn|142
|
|t:|1621517500
|switch|p2a: Toxapex|Toxapex, M|100/100
|-damage|p2a: Toxapex|75/100|[from] Spikes
|move|p1a: Fly Octo Fly|U-turn|p2a: Toxapex
|-resisted|p2a: Toxapex
|-damage|p2a: Toxapex|73/100
|
|t:|1621517503
|switch|p1a: Ebb & Flow|Tapu Koko|18/100 brn|[from]move: U-turn
|-damage|p1a: Ebb & Flow|5/100 brn|[from] Stealth Rock
|-fieldstart|move: Electric Terrain|[from] ability: Electric Surge|[of] p1a: Ebb & Flow
|
|-weather|RainDance|[upkeep]
|-damage|p1a: Ebb & Flow|0 fnt|[from] brn
|faint|p1a: Ebb & Flow
|upkeep
|
|t:|1621517506
|switch|p1a: Fly Octo Fly|Pelipper, M|46/100 tox
|-damage|p1a: Fly Octo Fly|21/100 tox|[from] Stealth Rock
|turn|143
|-message|tanishq1 forfeited.
|
|win|Wheezer
|raw|tanishq1's rating: 1679 &rarr; <strong>1660</strong><br />(-19 for losing)
|raw|Wheezer's rating: 1704 &rarr; <strong>1723</strong><br />(+19 for winning)
|l|☆Wheezer
|l|☆tanishq1
|l| R3M4TCH
||Ladder isn't responding, score probably updated but might not have (Request timeout).
