|j|☆Sww-Suwa
|j|☆Turtlek
|inactive|Battle timer is ON: inactive players will automatically lose when time's up.
|t:|1662653723
|gametype|singles
|player|p1|Sww-Suwa|mina-lgpe|
|player|p2|Turtlek|benga|
|teamsize|p1|6
|teamsize|p2|6
|gen|8
|tier|[Gen 8] OU
|rated|Tournament battle
|rule|Sleep Clause Mod: Limit one foe put to sleep
|rule|Species Clause: Limit one of each Pokémon
|rule|OHKO Clause: OHKO moves are banned
|rule|Evasion Items Clause: Evasion items are banned
|rule|Evasion Moves Clause: Evasion moves are banned
|rule|Endless Battle Clause: Forcing endless battles is banned
|rule|HP Percentage Mod: HP is shown in percentages
|rule|Dynamax Clause: You cannot dynamax
|clearpoke
|poke|p1|Dhelmise|
|poke|p1|Dragapult, F|
|poke|p1|Primarina, M|
|poke|p1|Rhyperior, M|
|poke|p1|Omastar, F|
|poke|p1|Necrozma|
|poke|p2|Blaziken, F|
|poke|p2|Sirfetch’d, M|
|poke|p2|Cramorant, M|
|poke|p2|Crustle, F|
|poke|p2|Shedinja|
|poke|p2|Necrozma|
|teampreview
|inactive|Turtlek also wants the timer to be on.
|j|%htcl (>◡<)
|j| CarsonEX
|j| Stal mc disc
|
|t:|1662653736
|start
|switch|p1a: Omastar|Omastar, F|100/100
|switch|p2a: Shedinja|Shedinja|100/100
|turn|1
|j| idcameron
|
|t:|1662653742
|move|p1a: Omastar|Meteor Beam||[still]
|-prepare|p1a: Omastar|Meteor Beam
|-boost|p1a: Omastar|spa|1
|move|p2a: Shedinja|Phantom Force||[still]
|-prepare|p2a: Shedinja|Phantom Force
|
|upkeep
|turn|2
|
|t:|1662653748
|move|p1a: Omastar|Meteor Beam|p2a: Shedinja|[from]lockedmove|[miss]
|-miss|p1a: Omastar|p2a: Shedinja
|move|p2a: Shedinja|Phantom Force|p1a: Omastar|[from]lockedmove
|-damage|p1a: Omastar|39/100
|-ability|p1a: Omastar|Weak Armor|boost
|-unboost|p1a: Omastar|def|1
|-boost|p1a: Omastar|spe|2
|
|upkeep
|turn|3
|j| eXgirlXjeze
|
|t:|1662653771
|switch|p1a: Necrozma|Necrozma|100/100
|move|p2a: Shedinja|Phantom Force||[still]
|-prepare|p2a: Shedinja|Phantom Force
|
|upkeep
|turn|4
|
|t:|1662653776
|move|p1a: Necrozma|Meteor Beam||[still]
|-prepare|p1a: Necrozma|Meteor Beam
|-boost|p1a: Necrozma|spa|1
|move|p2a: Shedinja|Phantom Force|p1a: Necrozma|[from]lockedmove
|-supereffective|p1a: Necrozma
|-damage|p1a: Necrozma|7/100
|-enditem|p1a: Necrozma|Jaboca Berry|[eat]
|-damage|p2a: Shedinja|0 fnt|[from] item: Jaboca Berry|[of] p1a: Necrozma
|faint|p2a: Shedinja
|
|upkeep
|l| CarsonEX
|j| Fartmama
|j| SoarApollo
|
|t:|1662653796
|switch|p2a: Blaziken|Blaziken, F|100/100
|turn|5
|
|t:|1662653804
|move|p1a: Necrozma|Meteor Beam|p2a: Blaziken|[from]lockedmove
|-damage|p2a: Blaziken|6/100
|move|p2a: Blaziken|Bounce||[still]
|-prepare|p2a: Blaziken|Bounce
|
|-ability|p2a: Blaziken|Speed Boost|boost
|-boost|p2a: Blaziken|spe|1
|upkeep
|turn|6
|
|t:|1662653810
|switch|p1a: Omastar|Omastar, F|39/100
|move|p2a: Blaziken|Bounce|p1a: Omastar|[from]lockedmove
|-resisted|p1a: Omastar
|-damage|p1a: Omastar|17/100
|-ability|p1a: Omastar|Weak Armor|boost
|-unboost|p1a: Omastar|def|1
|-boost|p1a: Omastar|spe|2
|
|-ability|p2a: Blaziken|Speed Boost|boost
|-boost|p2a: Blaziken|spe|1
|upkeep
|turn|7
|
|t:|1662653817
|move|p2a: Blaziken|Bounce||[still]
|-prepare|p2a: Blaziken|Bounce
|move|p1a: Omastar|Dive||[still]
|-prepare|p1a: Omastar|Dive
|
|-ability|p2a: Blaziken|Speed Boost|boost
|-boost|p2a: Blaziken|spe|1
|upkeep
|turn|8
|
|t:|1662653824
|move|p2a: Blaziken|Bounce|p1a: Omastar|[from]lockedmove|[miss]
|-miss|p2a: Blaziken|p1a: Omastar
|move|p1a: Omastar|Dive|p2a: Blaziken|[from]lockedmove
|-supereffective|p2a: Blaziken
|-damage|p2a: Blaziken|0 fnt
|faint|p2a: Blaziken
|
|upkeep
|
|t:|1662653835
|switch|p2a: Cramorant|Cramorant, M|100/100
|turn|9
|
|t:|1662653838
|move|p1a: Omastar|Hyper Beam|p2a: Cramorant
|-damage|p2a: Cramorant|30/100
|-mustrecharge|p1a: Omastar
|move|p2a: Cramorant|Dive||[still]
|-formechange|p2a: Cramorant|Cramorant-Gorging|
|-prepare|p2a: Cramorant|Dive
|
|-heal|p2a: Cramorant|36/100|[from] item: Leftovers
|upkeep
|turn|10
|
|t:|1662653843
|cant|p1a: Omastar|recharge
|move|p2a: Cramorant|Dive|p1a: Omastar|[from]lockedmove
|-damage|p1a: Omastar|0 fnt
|faint|p1a: Omastar
|
|-heal|p2a: Cramorant|42/100|[from] item: Leftovers
|upkeep
|
|t:|1662653856
|switch|p1a: Dragapult|Dragapult, F|100/100
|turn|11
|
|t:|1662653863
|move|p1a: Dragapult|Giga Impact|p2a: Cramorant
|-damage|p2a: Cramorant|0 fnt
|-mustrecharge|p1a: Dragapult
|-damage|p1a: Dragapult|76/100|[from] ability: Gulp Missile|[of] p2a: Cramorant
|-status|p1a: Dragapult|par
|-formechange|p2a: Cramorant|Cramorant|
|faint|p2a: Cramorant
|
|upkeep
|
|t:|1662653868
|switch|p2a: Crustle|Crustle, F|100/100
|turn|12
|j| seakingmissile
|
|t:|1662653871
|cant|p1a: Dragapult|recharge
|move|p2a: Crustle|Rock Wrecker|p1a: Dragapult
|-damage|p1a: Dragapult|0 fnt
|-mustrecharge|p2a: Crustle
|faint|p1a: Dragapult
|
|upkeep
|
|t:|1662653881
|switch|p1a: Primarina|Primarina, M|100/100
|turn|13
|
|t:|1662653885
|move|p1a: Primarina|Hydro Cannon|p2a: Crustle
|-supereffective|p2a: Crustle
|-ability|p2a: Crustle|Sturdy
|-damage|p2a: Crustle|1/100
|-mustrecharge|p1a: Primarina
|cant|p2a: Crustle|recharge
|
|upkeep
|turn|14
|c| seakingmissile|what a chaotic tourney this is
|
|t:|1662653891
|cant|p1a: Primarina|recharge
|move|p2a: Crustle|Rock Wrecker|p1a: Primarina
|-damage|p1a: Primarina|0 fnt
|-mustrecharge|p2a: Crustle
|faint|p1a: Primarina
|
|upkeep
|
|t:|1662653899
|switch|p1a: Rhyperior|Rhyperior, M|100/100
|turn|15
|
|t:|1662653903
|cant|p2a: Crustle|recharge
|move|p1a: Rhyperior|Dig||[still]
|-prepare|p1a: Rhyperior|Dig
|
|upkeep
|turn|16
|
|t:|1662653910
|switch|p2a: Necrozma|Necrozma|100/100
|move|p1a: Rhyperior|Dig|p2a: Necrozma|[from]lockedmove
|-crit|p2a: Necrozma
|-damage|p2a: Necrozma|33/100
|
|upkeep
|turn|17
|
|t:|1662653918
|move|p2a: Necrozma|Prismatic Laser|p1a: Rhyperior
|-enditem|p1a: Rhyperior|Focus Sash
|-damage|p1a: Rhyperior|1/100
|-mustrecharge|p2a: Necrozma
|move|p1a: Rhyperior|Rock Wrecker|p2a: Necrozma
|-damage|p2a: Necrozma|0 fnt
|-mustrecharge|p1a: Rhyperior
|faint|p2a: Necrozma
|
|upkeep
|
|t:|1662653927
|switch|p2a: Sirfetch’d|Sirfetch’d, M|100/100
|turn|18
|
|t:|1662653935
|move|p2a: Sirfetch’d|Sky Attack||[still]
|-prepare|p2a: Sirfetch’d|Sky Attack
|cant|p1a: Rhyperior|recharge
|
|upkeep
|turn|19
|
|t:|1662653949
|move|p2a: Sirfetch’d|Sky Attack|p1a: Rhyperior|[from]lockedmove
|-resisted|p1a: Rhyperior
|-crit|p1a: Rhyperior
|-damage|p1a: Rhyperior|0 fnt
|faint|p1a: Rhyperior
|
|upkeep
|c| seakingmissile|damn suwa wins unless major misplay
|
|t:|1662653953
|switch|p1a: Necrozma|Necrozma|7/100
|turn|20
|
|t:|1662653967
|switch|p2a: Crustle|Crustle, F|1/100
|move|p1a: Necrozma|Prismatic Laser|p2a: Crustle
|-damage|p2a: Crustle|0 fnt
|-mustrecharge|p1a: Necrozma
|faint|p2a: Crustle
|
|upkeep
|c|%htcl (>◡<)|i hope suwa misses
|
|t:|1662653969
|switch|p2a: Sirfetch’d|Sirfetch’d, M|100/100
|turn|21
|
|t:|1662653972
|cant|p1a: Necrozma|recharge
|move|p2a: Sirfetch’d|Sky Attack||[still]
|-prepare|p2a: Sirfetch’d|Sky Attack
|
|upkeep
|turn|22
|c| seakingmissile|suwa did not miss
|
|t:|1662653977
|switch|p1a: Dhelmise|Dhelmise|100/100
|move|p2a: Sirfetch’d|Sky Attack|p1a: Dhelmise|[from]lockedmove|[miss]
|-miss|p2a: Sirfetch’d|p1a: Dhelmise
|
|upkeep
|turn|23
|c| seakingmissile|fat ggs
|
|t:|1662653984
|move|p2a: Sirfetch’d|Sky Attack||[still]
|-prepare|p2a: Sirfetch’d|Sky Attack
|move|p1a: Dhelmise|Phantom Force||[still]
|-prepare|p1a: Dhelmise|Phantom Force
|
|upkeep
|turn|24
|c| seakingmissile|ouch, salt on the wound
|c|☆Turtlek|gg
|
|t:|1662653988
|move|p2a: Sirfetch’d|Sky Attack|p1a: Dhelmise|[from]lockedmove|[miss]
|-miss|p2a: Sirfetch’d|p1a: Dhelmise
|move|p1a: Dhelmise|Phantom Force|p2a: Sirfetch’d|[from]lockedmove
|-damage|p2a: Sirfetch’d|22/100
|
|upkeep
|turn|25
|
|t:|1662653991
|move|p2a: Sirfetch’d|Sky Attack||[still]
|-prepare|p2a: Sirfetch’d|Sky Attack
|move|p1a: Dhelmise|Phantom Force||[still]
|-prepare|p1a: Dhelmise|Phantom Force
|
|upkeep
|turn|26
|
|t:|1662653994
|move|p2a: Sirfetch’d|Sky Attack|p1a: Dhelmise|[from]lockedmove|[miss]
|-miss|p2a: Sirfetch’d|p1a: Dhelmise
|move|p1a: Dhelmise|Phantom Force|p2a: Sirfetch’d|[from]lockedmove
|-damage|p2a: Sirfetch’d|0 fnt
|faint|p2a: Sirfetch’d
|
|win|Sww-Suwa
|n|☆Sww-Suwa|swwsuwa
|n|☆Turtlek|turtlek
|n| htcl (>◡<)|htcl
|n| Stal mc disc|stalmcdisc
|n| idcameron|idcameron
|n| eXgirlXjeze|exgirlxjeze
|n| Fartmama|fartmama
|n| SoarApollo|soarapollo
|n| seakingmissile|seakingmissile
