|j|☆stimo96
|j|☆minimax_ai
|t:|1665048157
|gametype|singles
|player|p1|stimo96|alder|1584
|player|p2|minimax_ai|lusamine-nihilego|1508
|teamsize|p1|6
|teamsize|p2|6
|gen|8
|tier|[Gen 8] OU
|rated|
|rule|Sleep Clause Mod: Limit one foe put to sleep
|rule|Species Clause: Limit one of each Pokémon
|rule|OHKO Clause: OHKO moves are banned
|rule|Evasion Items Clause: Evasion items are banned
|rule|Evasion Moves Clause: Evasion moves are banned
|rule|Endless Battle Clause: Forcing endless battles is banned
|rule|HP Percentage Mod: HP is shown in percentages
|rule|Dynamax Clause: You cannot dynamax
|clearpoke
|poke|p1|Dragapult, F|
|poke|p1|Garchomp, F|
|poke|p1|Magnezone|
|poke|p1|Zapdos|
|poke|p1|Landorus-Therian, M|
|poke|p1|Tapu Fini|
|poke|p2|Rotom-Wash|
|poke|p2|Weavile, M|
|poke|p2|Landorus-Therian, M|
|poke|p2|Heatran, M|
|poke|p2|Tangrowth, F|
|poke|p2|Melmetal|
|teampreview
|c|☆minimax_ai|hf
|inactive|Battle timer is ON: inactive players will automatically lose when time's up. (requested by minimax_ai)
|c|☆stimo96|hf
|
|t:|1665048171
|start
|switch|p1a: Dragapult|Dragapult, F|100/100
|switch|p2a: landorustherian|Landorus-Therian, M|100/100
|-ability|p2a: landorustherian|Intimidate|boost
|-unboost|p1a: Dragapult|atk|1
|turn|1
|
|t:|1665048181
|move|p1a: Dragapult|U-turn|p2a: landorustherian
|-resisted|p2a: landorustherian
|-damage|p2a: landorustherian|95/100
|
|t:|1665048184
|switch|p1a: Landorus|Landorus-Therian, M|100/100|[from]move: U-turn
|-ability|p1a: Landorus|Intimidate|boost
|-unboost|p2a: landorustherian|atk|1
|move|p2a: landorustherian|Toxic|p1a: Landorus
|-status|p1a: Landorus|tox
|
|-heal|p2a: landorustherian|100/100|[from] item: Leftovers
|-damage|p1a: Landorus|94/100 tox|[from] psn
|upkeep
|turn|2
|
|t:|1665048193
|switch|p2a: rotomwash|Rotom-Wash|100/100
|move|p1a: Landorus|Stealth Rock|p2a: rotomwash
|-sidestart|p2: minimax_ai|move: Stealth Rock
|
|-heal|p1a: Landorus|100/100 tox|[from] item: Leftovers
|-damage|p1a: Landorus|88/100 tox|[from] psn
|upkeep
|turn|3
|
|t:|1665048200
|switch|p1a: Dragapult|Dragapult, F|100/100
|move|p2a: rotomwash|Hydro Pump|p1a: Dragapult|[miss]
|-miss|p2a: rotomwash|p1a: Dragapult
|
|upkeep
|turn|4
|
|t:|1665048208
|move|p1a: Dragapult|Shadow Ball|p2a: rotomwash
|-damage|p2a: rotomwash|43/100
|move|p2a: rotomwash|Pain Split|p1a: Dragapult
|-sethp|p1a: Dragapult|71/100|[from] move: Pain Split|[silent]
|-sethp|p2a: rotomwash|74/100|[from] move: Pain Split
|
|-heal|p2a: rotomwash|80/100|[from] item: Leftovers
|upkeep
|turn|5
|
|t:|1665048216
|move|p1a: Dragapult|Shadow Ball|p2a: rotomwash
|-damage|p2a: rotomwash|25/100
|move|p2a: rotomwash|Pain Split|p1a: Dragapult
|-sethp|p1a: Dragapult|48/100|[from] move: Pain Split|[silent]
|-sethp|p2a: rotomwash|50/100|[from] move: Pain Split
|
|-heal|p2a: rotomwash|56/100|[from] item: Leftovers
|upkeep
|turn|6
|
|t:|1665048224
|switch|p2a: Melmetal|Melmetal|100/100
|-damage|p2a: Melmetal|94/100|[from] Stealth Rock
|move|p1a: Dragapult|Shadow Ball|p2a: Melmetal
|-damage|p2a: Melmetal|67/100
|
|upkeep
|turn|7
|
|t:|1665048237
|switch|p1a: Magnezone|Magnezone|100/100
|move|p2a: Melmetal|Ice Punch|p1a: Magnezone
|-resisted|p1a: Magnezone
|-damage|p1a: Magnezone|86/100
|
|-heal|p1a: Magnezone|92/100|[from] item: Leftovers
|upkeep
|turn|8
|
|t:|1665048246
|move|p1a: Magnezone|Body Press|p2a: Melmetal
|-supereffective|p2a: Melmetal
|-damage|p2a: Melmetal|38/100
|move|p2a: Melmetal|Earthquake|p1a: Magnezone
|-supereffective|p1a: Magnezone
|-crit|p1a: Magnezone
|-damage|p1a: Magnezone|0 fnt
|faint|p1a: Magnezone
|
|upkeep
|
|t:|1665048259
|switch|p1a: Garchomp|Garchomp, F|100/100
|turn|9
|
|t:|1665048262
|switch|p2a: landorustherian|Landorus-Therian, M|100/100
|-damage|p2a: landorustherian|88/100|[from] Stealth Rock
|-ability|p2a: landorustherian|Intimidate|boost
|-unboost|p1a: Garchomp|atk|1
|move|p1a: Garchomp|Earthquake|p2a: landorustherian
|-immune|p2a: landorustherian
|
|-heal|p2a: landorustherian|94/100|[from] item: Leftovers
|upkeep
|turn|10
|
|t:|1665048271
|switch|p1a: Landorus|Landorus-Therian, M|88/100 tox
|-ability|p1a: Landorus|Intimidate|boost
|-unboost|p2a: landorustherian|atk|1
|move|p2a: landorustherian|Defog|p1a: Landorus
|-unboost|p1a: Landorus|evasion|1
|-sideend|p2: minimax_ai|Stealth Rock|[from] move: Defog|[of] p2a: landorustherian
|
|-heal|p2a: landorustherian|99/100|[from] item: Leftovers
|-heal|p1a: Landorus|94/100 tox|[from] item: Leftovers
|-damage|p1a: Landorus|88/100 tox|[from] psn
|upkeep
|turn|11
|
|t:|1665048282
|switch|p2a: rotomwash|Rotom-Wash|56/100
|move|p1a: Landorus|U-turn|p2a: rotomwash
|-damage|p2a: rotomwash|31/100
|
|t:|1665048288
|switch|p1a: Dragapult|Dragapult, F|48/100|[from]move: U-turn
|
|-heal|p2a: rotomwash|38/100|[from] item: Leftovers
|upkeep
|turn|12
|
|t:|1665048293
|switch|p2a: landorustherian|Landorus-Therian, M|99/100
|-ability|p2a: landorustherian|Intimidate|boost
|-unboost|p1a: Dragapult|atk|1
|move|p1a: Dragapult|Shadow Ball|p2a: landorustherian
|-damage|p2a: landorustherian|62/100
|
|-heal|p2a: landorustherian|68/100|[from] item: Leftovers
|upkeep
|turn|13
|
|t:|1665048306
|switch|p1a: Garchomp|Garchomp, F|100/100
|move|p2a: landorustherian|U-turn|p1a: Garchomp
|-damage|p1a: Garchomp|80/100
|-damage|p2a: landorustherian|56/100|[from] ability: Rough Skin|[of] p1a: Garchomp
|
|t:|1665048306
|switch|p2a: Weavile|Weavile, M|100/100|[from]move: U-turn
|-ability|p2a: Weavile|Pressure
|
|-heal|p1a: Garchomp|86/100|[from] item: Leftovers
|upkeep
|turn|14
|
|t:|1665048318
|switch|p1a: Tapu Fini|Tapu Fini|100/100
|-fieldstart|move: Misty Terrain|[from] ability: Misty Surge|[of] p1a: Tapu Fini
|move|p2a: Weavile|Triple Axel|p1a: Tapu Fini
|-resisted|p1a: Tapu Fini
|-crit|p1a: Tapu Fini
|-damage|p1a: Tapu Fini|93/100
|-resisted|p1a: Tapu Fini
|-damage|p1a: Tapu Fini|82/100
|-resisted|p1a: Tapu Fini
|-damage|p1a: Tapu Fini|68/100
|-hitcount|p1a: Tapu Fini|3
|
|-heal|p1a: Tapu Fini|74/100|[from] item: Leftovers
|upkeep
|turn|15
|
|t:|1665048331
|switch|p2a: rotomwash|Rotom-Wash|38/100
|switch|p1a: Garchomp|Garchomp, F|86/100
|
|-heal|p1a: Garchomp|92/100|[from] item: Leftovers
|-heal|p2a: rotomwash|44/100|[from] item: Leftovers
|upkeep
|turn|16
|
|t:|1665048342
|switch|p2a: landorustherian|Landorus-Therian, M|56/100
|-ability|p2a: landorustherian|Intimidate|boost
|-unboost|p1a: Garchomp|atk|1
|move|p1a: Garchomp|Scale Shot|p2a: landorustherian
|-damage|p2a: landorustherian|47/100
|-damage|p2a: landorustherian|39/100
|-hitcount|p2a: landorustherian|2
|-unboost|p1a: Garchomp|def|1
|-boost|p1a: Garchomp|spe|1
|
|-heal|p1a: Garchomp|99/100|[from] item: Leftovers
|-heal|p2a: landorustherian|45/100|[from] item: Leftovers
|upkeep
|turn|17
|
|t:|1665048356
|switch|p1a: Landorus|Landorus-Therian, M|88/100 tox
|-ability|p1a: Landorus|Intimidate|boost
|-unboost|p2a: landorustherian|atk|1
|move|p2a: landorustherian|Earthquake|p1a: Landorus
|-immune|p1a: Landorus
|
|-heal|p2a: landorustherian|51/100|[from] item: Leftovers
|-heal|p1a: Landorus|94/100 tox|[from] item: Leftovers
|-damage|p1a: Landorus|88/100 tox|[from] psn
|upkeep
|turn|18
|
|t:|1665048366
|switch|p2a: Heatran|Heatran, M|100/100
|-item|p2a: Heatran|Air Balloon
|move|p1a: Landorus|U-turn|p2a: Heatran
|-resisted|p2a: Heatran
|-damage|p2a: Heatran|95/100
|-enditem|p2a: Heatran|Air Balloon
|
|t:|1665048374
|switch|p1a: Garchomp|Garchomp, F|99/100|[from]move: U-turn
|
|-heal|p1a: Garchomp|100/100|[from] item: Leftovers
|-fieldend|Misty Terrain
|upkeep
|turn|19
|
|t:|1665048379
|switch|p2a: landorustherian|Landorus-Therian, M|51/100
|-ability|p2a: landorustherian|Intimidate|boost
|-unboost|p1a: Garchomp|atk|1
|move|p1a: Garchomp|Swords Dance|p1a: Garchomp
|-boost|p1a: Garchomp|atk|2
|
|-heal|p2a: landorustherian|57/100|[from] item: Leftovers
|upkeep
|turn|20
|
|t:|1665048388
|switch|p2a: Tangrowth|Tangrowth, F|100/100
|move|p1a: Garchomp|Scale Shot|p2a: Tangrowth
|-damage|p2a: Tangrowth|90/100
|-damage|p2a: Tangrowth|80/100
|-damage|p2a: Tangrowth|70/100
|-hitcount|p2a: Tangrowth|3
|-unboost|p1a: Garchomp|def|1
|-boost|p1a: Garchomp|spe|1
|
|upkeep
|turn|21
|
|t:|1665048399
|switch|p1a: Zapdos|Zapdos|100/100
|move|p2a: Tangrowth|Sleep Powder|p1a: Zapdos
|-status|p1a: Zapdos|slp|[from] move: Sleep Powder
|
|upkeep
|turn|22
|
|t:|1665048407
|switch|p1a: Landorus|Landorus-Therian, M|88/100 tox
|-ability|p1a: Landorus|Intimidate|boost
|-unboost|p2a: Tangrowth|atk|1
|switch|p2a: Heatran|Heatran, M|95/100
|
|-heal|p1a: Landorus|94/100 tox|[from] item: Leftovers
|-damage|p1a: Landorus|88/100 tox|[from] psn
|upkeep
|turn|23
|
|t:|1665048416
|switch|p2a: rotomwash|Rotom-Wash|44/100
|move|p1a: Landorus|Stealth Rock|p2a: rotomwash
|-sidestart|p2: minimax_ai|move: Stealth Rock
|
|-heal|p2a: rotomwash|50/100|[from] item: Leftovers
|-heal|p1a: Landorus|94/100 tox|[from] item: Leftovers
|-damage|p1a: Landorus|82/100 tox|[from] psn
|upkeep
|turn|24
|
|t:|1665048425
|switch|p1a: Garchomp|Garchomp, F|100/100
|move|p2a: rotomwash|Pain Split|p1a: Garchomp
|-sethp|p1a: Garchomp|72/100|[from] move: Pain Split|[silent]
|-sethp|p2a: rotomwash|84/100|[from] move: Pain Split
|
|-heal|p1a: Garchomp|78/100|[from] item: Leftovers
|-heal|p2a: rotomwash|90/100|[from] item: Leftovers
|upkeep
|turn|25
|
|t:|1665048435
|move|p1a: Garchomp|Swords Dance|p1a: Garchomp
|-boost|p1a: Garchomp|atk|2
|move|p2a: rotomwash|Nasty Plot|p2a: rotomwash
|-boost|p2a: rotomwash|spa|2
|
|-heal|p1a: Garchomp|84/100|[from] item: Leftovers
|-heal|p2a: rotomwash|97/100|[from] item: Leftovers
|upkeep
|turn|26
|
|t:|1665048443
|move|p1a: Garchomp|Scale Shot|p2a: rotomwash
|-damage|p2a: rotomwash|67/100
|-damage|p2a: rotomwash|38/100
|-hitcount|p2a: rotomwash|2
|-unboost|p1a: Garchomp|def|1
|-boost|p1a: Garchomp|spe|1
|move|p2a: rotomwash|Hydro Pump|p1a: Garchomp
|-damage|p1a: Garchomp|0 fnt
|faint|p1a: Garchomp
|
|-heal|p2a: rotomwash|45/100|[from] item: Leftovers
|upkeep
|
|t:|1665048455
|switch|p1a: Dragapult|Dragapult, F|48/100
|turn|27
|
|t:|1665048458
|switch|p2a: landorustherian|Landorus-Therian, M|57/100
|-damage|p2a: landorustherian|45/100|[from] Stealth Rock
|-ability|p2a: landorustherian|Intimidate|boost
|-unboost|p1a: Dragapult|atk|1
|move|p1a: Dragapult|Shadow Ball|p2a: landorustherian
|-damage|p2a: landorustherian|3/100
|
|-heal|p2a: landorustherian|9/100|[from] item: Leftovers
|upkeep
|turn|28
|
|t:|1665048467
|move|p1a: Dragapult|Shadow Ball|p2a: landorustherian
|-damage|p2a: landorustherian|0 fnt
|faint|p2a: landorustherian
|
|upkeep
|
|t:|1665048467
|switch|p2a: Melmetal|Melmetal|38/100
|-damage|p2a: Melmetal|32/100|[from] Stealth Rock
|turn|29
|
|t:|1665048484
|switch|p1a: Zapdos|Zapdos|100/100 slp
|move|p2a: Melmetal|Ice Punch|p1a: Zapdos
|-supereffective|p1a: Zapdos
|-damage|p1a: Zapdos|48/100 slp
|-status|p2a: Melmetal|par|[from] ability: Static|[of] p1a: Zapdos
|
|upkeep
|turn|30
|
|t:|1665048491
|cant|p1a: Zapdos|slp
|move|p2a: Melmetal|Ice Punch|p1a: Zapdos
|-supereffective|p1a: Zapdos
|-damage|p1a: Zapdos|0 fnt
|faint|p1a: Zapdos
|
|upkeep
|
|t:|1665048497
|switch|p1a: Landorus|Landorus-Therian, M|82/100 tox
|-ability|p1a: Landorus|Intimidate|boost
|-unboost|p2a: Melmetal|atk|1
|turn|31
|
|t:|1665048504
|switch|p2a: Tangrowth|Tangrowth, F|100/100
|-damage|p2a: Tangrowth|88/100|[from] Stealth Rock
|move|p1a: Landorus|U-turn|p2a: Tangrowth
|-supereffective|p2a: Tangrowth
|-damage|p2a: Tangrowth|64/100
|-damage|p1a: Landorus|66/100 tox|[from] item: Rocky Helmet|[of] p2a: Tangrowth
|
|t:|1665048511
|switch|p1a: Dragapult|Dragapult, F|48/100|[from]move: U-turn
|
|upkeep
|turn|32
|
|t:|1665048515
|switch|p2a: Melmetal|Melmetal|32/100 par
|-damage|p2a: Melmetal|26/100 par|[from] Stealth Rock
|move|p1a: Dragapult|Fire Blast|p2a: Melmetal|[miss]
|-miss|p1a: Dragapult|p2a: Melmetal
|
|upkeep
|turn|33
|
|t:|1665048523
|switch|p1a: Tapu Fini|Tapu Fini|74/100
|-fieldstart|move: Misty Terrain|[from] ability: Misty Surge|[of] p1a: Tapu Fini
|switch|p2a: rotomwash|Rotom-Wash|45/100
|-damage|p2a: rotomwash|32/100|[from] Stealth Rock
|
|-heal|p2a: rotomwash|38/100|[from] item: Leftovers
|-heal|p1a: Tapu Fini|80/100|[from] item: Leftovers
|upkeep
|turn|34
|
|t:|1665048535
|switch|p1a: Dragapult|Dragapult, F|48/100
|move|p2a: rotomwash|Pain Split|p1a: Dragapult
|-sethp|p1a: Dragapult|42/100|[from] move: Pain Split|[silent]
|-sethp|p2a: rotomwash|44/100|[from] move: Pain Split
|
|-heal|p2a: rotomwash|50/100|[from] item: Leftovers
|upkeep
|turn|35
|
|t:|1665048543
|switch|p2a: Melmetal|Melmetal|26/100 par
|-damage|p2a: Melmetal|20/100 par|[from] Stealth Rock
|move|p1a: Dragapult|Shadow Ball|p2a: Melmetal
|-damage|p2a: Melmetal|0 fnt
|faint|p2a: Melmetal
|
|upkeep
|
|t:|1665048543
|switch|p2a: Weavile|Weavile, M|100/100
|-damage|p2a: Weavile|76/100|[from] Stealth Rock
|-ability|p2a: Weavile|Pressure
|turn|36
|
|t:|1665048555
|switch|p1a: Tapu Fini|Tapu Fini|80/100
|move|p2a: Weavile|Knock Off|p1a: Tapu Fini
|-resisted|p1a: Tapu Fini
|-damage|p1a: Tapu Fini|57/100
|-enditem|p1a: Tapu Fini|Leftovers|[from] move: Knock Off|[of] p2a: Weavile
|
|upkeep
|turn|37
|
|t:|1665048566
|switch|p2a: Tangrowth|Tangrowth, F|98/100
|-damage|p2a: Tangrowth|85/100|[from] Stealth Rock
|switch|p1a: Landorus|Landorus-Therian, M|66/100 tox
|-ability|p1a: Landorus|Intimidate|boost
|-unboost|p2a: Tangrowth|atk|1
|
|-heal|p1a: Landorus|72/100 tox|[from] item: Leftovers
|-damage|p1a: Landorus|66/100 tox|[from] psn
|-fieldend|Misty Terrain
|upkeep
|turn|38
|
|t:|1665048579
|move|p1a: Landorus|Toxic|p2a: Tangrowth
|-status|p2a: Tangrowth|tox
|move|p2a: Tangrowth|Knock Off|p1a: Landorus
|-damage|p1a: Landorus|51/100 tox
|-enditem|p1a: Landorus|Leftovers|[from] move: Knock Off|[of] p2a: Tangrowth
|
|-damage|p1a: Landorus|39/100 tox|[from] psn
|-damage|p2a: Tangrowth|79/100 tox|[from] psn
|upkeep
|turn|39
|
|t:|1665048586
|move|p1a: Landorus|U-turn|p2a: Tangrowth
|-supereffective|p2a: Tangrowth
|-damage|p2a: Tangrowth|57/100 tox
|-damage|p1a: Landorus|22/100 tox|[from] item: Rocky Helmet|[of] p2a: Tangrowth
|
|t:|1665048591
|switch|p1a: Tapu Fini|Tapu Fini|57/100|[from]move: U-turn
|-fieldstart|move: Misty Terrain|[from] ability: Misty Surge|[of] p1a: Tapu Fini
|move|p2a: Tangrowth|Giga Drain|p1a: Tapu Fini
|-supereffective|p1a: Tapu Fini
|-damage|p1a: Tapu Fini|10/100
|-heal|p2a: Tangrowth|77/100 tox|[from] drain|[of] p1a: Tapu Fini
|
|-damage|p2a: Tangrowth|64/100 tox|[from] psn
|upkeep
|turn|40
|
|t:|1665048600
|switch|p1a: Dragapult|Dragapult, F|42/100
|switch|p2a: Heatran|Heatran, M|95/100
|-damage|p2a: Heatran|83/100|[from] Stealth Rock
|
|upkeep
|turn|41
|
|t:|1665048610
|move|p1a: Dragapult|Shadow Ball|p2a: Heatran
|-damage|p2a: Heatran|27/100
|move|p2a: Heatran|Magma Storm|p1a: Dragapult
|-resisted|p1a: Dragapult
|-damage|p1a: Dragapult|7/100
|-activate|p1a: Dragapult|move: Magma Storm|[of] p2a: Heatran
|
|-damage|p1a: Dragapult|0 fnt|[from] move: Magma Storm|[partiallytrapped]
|faint|p1a: Dragapult
|upkeep
|-message|stimo96 forfeited.
|
|win|minimax_ai
|raw|stimo96's rating: 1584 &rarr; <strong>1560</strong><br />(-24 for losing)
|raw|minimax_ai's rating: 1508 &rarr; <strong>1532</strong><br />(+24 for winning)
|c|☆minimax_ai|gg
|l|☆stimo96
