|j|☆noudle soop
|j|☆Shootingwolf
|t:|1595929995
|player|p1|noudle soop|45|1831
|player|p2|Shootingwolf|erika|1771
|teamsize|p1|6
|teamsize|p2|6
|gametype|singles
|gen|8
|tier|[Gen 8] OU
|rated|
|html|<div class="broadcast-blue"><strong>OU is currently suspecting Magearna! For information on how to participate check out the <a href="https://www.smogon.com/forums/threads/3667669/">suspect thread</a>.</strong></div>
|clearpoke
|poke|p1|Scizor, M|
|poke|p1|Dragapult, M|
|poke|p1|Magearna|
|poke|p1|Excadrill, F|
|poke|p1|Volcarona, M|
|poke|p1|Golisopod, F|
|poke|p2|Zeraora|
|poke|p2|Urshifu-*, M|
|poke|p2|Cinderace, F|
|poke|p2|Toxapex, M|
|poke|p2|Clefable, F|
|poke|p2|Excadrill, M|
|rule|Sleep Clause Mod: Limit one foe put to sleep
|rule|Species Clause: Limit one of each Pokémon
|rule|OHKO Clause: OHKO moves are banned
|rule|Evasion Moves Clause: Evasion moves are banned
|rule|Endless Battle Clause: Forcing endless battles is banned
|rule|HP Percentage Mod: HP is shown in percentages
|rule|Dynamax Clause: You cannot dynamax
|teampreview
|inactive|Battle timer is ON: inactive players will automatically lose when time's up. (requested by noudle soop)
|
|t:|1595930021
|start
|switch|p1a: Excadrill|Excadrill, F|100/100
|switch|p2a: Cinderace|Cinderace, F|100/100
|-ability|p1a: Excadrill|Mold Breaker
|turn|1
|
|t:|1595930024
|switch|p1a: Dragapult|Dragapult, M|100/100
|move|p2a: Cinderace|U-turn|p1a: Dragapult
|-start|p2a: Cinderace|typechange|Bug|[from] ability: Libero
|-resisted|p1a: Dragapult
|-damage|p1a: Dragapult|74/100
|j| user1_ou
|
|t:|1595930034
|switch|p2a: Clefable|Clefable, F|100/100|[from]move: U-turn
|
|upkeep
|turn|2
|
|t:|1595930038
|move|p1a: Dragapult|U-turn|p2a: Clefable
|-resisted|p2a: Clefable
|-damage|p2a: Clefable|91/100
|
|t:|1595930040
|switch|p1a: Excadrill|Excadrill, F|100/100|[from]move: U-turn
|-ability|p1a: Excadrill|Mold Breaker
|move|p2a: Clefable|Teleport|p2a: Clefable
|
|t:|1595930063
|switch|p2a: Cinderace|Cinderace, F|100/100|[from]move: Teleport
|
|upkeep
|turn|3
|
|t:|1595930066
|switch|p1a: Dragapult|Dragapult, M|74/100
|move|p2a: Cinderace|U-turn|p1a: Dragapult
|-start|p2a: Cinderace|typechange|Bug|[from] ability: Libero
|-resisted|p1a: Dragapult
|-damage|p1a: Dragapult|48/100
|
|t:|1595930077
|switch|p2a: Zeraora|Zeraora|100/100|[from]move: U-turn
|
|upkeep
|turn|4
|
|t:|1595930091
|switch|p2a: Cinderace|Cinderace, F|100/100
|switch|p1a: Magearna|Magearna|100/100
|
|upkeep
|turn|5
|
|t:|1595930097
|switch|p1a: Golisopod|Golisopod, F|100/100
|move|p2a: Cinderace|Pyro Ball|p1a: Golisopod
|-damage|p1a: Golisopod|51/100
|
|upkeep
|turn|6
|j| min min
|
|t:|1595930104
|switch|p2a: Toxapex|Toxapex, M|100/100
|move|p1a: Golisopod|Aqua Jet|p2a: Toxapex
|-resisted|p2a: Toxapex
|-damage|p2a: Toxapex|92/100
|
|-heal|p2a: Toxapex|98/100|[from] item: Black Sludge
|upkeep
|turn|7
|
|t:|1595930107
|move|p1a: Golisopod|Knock Off|p2a: Toxapex
|-damage|p2a: Toxapex|72/100
|-enditem|p2a: Toxapex|Black Sludge|[from] move: Knock Off|[of] p1a: Golisopod
|move|p2a: Toxapex|Scald|p1a: Golisopod
|-resisted|p1a: Golisopod
|-damage|p1a: Golisopod|43/100
|-activate|p1a: Golisopod|ability: Emergency Exit
|
|t:|1595930113
|switch|p1a: Excadrill|Excadrill, F|100/100
|-ability|p1a: Excadrill|Mold Breaker
|
|upkeep
|turn|8
|
|t:|1595930116
|move|p1a: Excadrill|Stealth Rock|p2a: Toxapex
|-sidestart|p2: Shootingwolf|move: Stealth Rock
|move|p2a: Toxapex|Scald|p1a: Excadrill
|-supereffective|p1a: Excadrill
|-damage|p1a: Excadrill|62/100
|
|-heal|p1a: Excadrill|68/100|[from] item: Leftovers
|upkeep
|turn|9
|
|t:|1595930127
|move|p1a: Excadrill|Earthquake|p2a: Toxapex
|-supereffective|p2a: Toxapex
|-damage|p2a: Toxapex|0 fnt
|faint|p2a: Toxapex
|
|-heal|p1a: Excadrill|74/100|[from] item: Leftovers
|upkeep
|
|t:|1595930137
|switch|p2a: Cinderace|Cinderace, F|100/100
|turn|10
|
|t:|1595930143
|move|p2a: Cinderace|Pyro Ball|p1a: Excadrill
|-supereffective|p1a: Excadrill
|-damage|p1a: Excadrill|0 fnt
|faint|p1a: Excadrill
|
|upkeep
|
|t:|1595930146
|switch|p1a: Dragapult|Dragapult, M|48/100
|turn|11
|
|t:|1595930154
|switch|p2a: Excadrill|Excadrill, M, shiny|100/100
|-damage|p2a: Excadrill|98/100|[from] Stealth Rock
|-ability|p2a: Excadrill|Mold Breaker
|move|p1a: Dragapult|Will-O-Wisp|p2a: Excadrill
|-status|p2a: Excadrill|brn
|
|-heal|p2a: Excadrill|100/100 brn|[from] item: Leftovers
|-damage|p2a: Excadrill|94/100 brn|[from] brn
|upkeep
|turn|12
|
|t:|1595930163
|move|p1a: Dragapult|U-turn|p2a: Excadrill
|-resisted|p2a: Excadrill
|-damage|p2a: Excadrill|79/100 brn
|
|t:|1595930165
|switch|p1a: Volcarona|Volcarona, M|100/100|[from]move: U-turn
|move|p2a: Excadrill|Toxic|p1a: Volcarona
|-status|p1a: Volcarona|tox
|
|-heal|p2a: Excadrill|86/100 brn|[from] item: Leftovers
|-damage|p1a: Volcarona|94/100 tox|[from] psn
|-damage|p2a: Excadrill|79/100 brn|[from] brn
|upkeep
|turn|13
|
|t:|1595930170
|move|p1a: Volcarona|Fire Blast|p2a: Excadrill
|-supereffective|p2a: Excadrill
|-damage|p2a: Excadrill|0 fnt
|faint|p2a: Excadrill
|
|-damage|p1a: Volcarona|82/100 tox|[from] psn
|upkeep
|
|t:|1595930175
|switch|p2a: Cinderace|Cinderace, F|100/100
|turn|14
|j| ShadyxBanana
|
|t:|1595930182
|move|p2a: Cinderace|Pyro Ball|p1a: Volcarona
|-damage|p1a: Volcarona|0 fnt
|faint|p1a: Volcarona
|
|upkeep
|
|t:|1595930185
|switch|p1a: Dragapult|Dragapult, M|48/100
|turn|15
|
|t:|1595930191
|move|p1a: Dragapult|U-turn|p2a: Cinderace
|-resisted|p2a: Cinderace
|-damage|p2a: Cinderace|82/100
|
|t:|1595930195
|switch|p1a: Golisopod|Golisopod, F|43/100|[from]move: U-turn
|move|p2a: Cinderace|Zen Headbutt|p1a: Golisopod
|-start|p2a: Cinderace|typechange|Psychic|[from] ability: Libero
|-damage|p1a: Golisopod|10/100
|
|upkeep
|turn|16
|
|t:|1595930200
|switch|p2a: Clefable|Clefable, F|91/100
|-damage|p2a: Clefable|79/100|[from] Stealth Rock
|move|p1a: Golisopod|First Impression|p2a: Clefable
|-resisted|p2a: Clefable
|-damage|p2a: Clefable|61/100
|
|-heal|p2a: Clefable|67/100|[from] item: Leftovers
|upkeep
|turn|17
|
|t:|1595930207
|move|p1a: Golisopod|Knock Off|p2a: Clefable
|-resisted|p2a: Clefable
|-damage|p2a: Clefable|54/100
|-enditem|p2a: Clefable|Leftovers|[from] move: Knock Off|[of] p1a: Golisopod
|move|p2a: Clefable|Teleport|p2a: Clefable
|
|t:|1595930210
|switch|p2a: Zeraora|Zeraora|100/100|[from]move: Teleport
|-damage|p2a: Zeraora|88/100|[from] Stealth Rock
|
|upkeep
|turn|18
|j| Sabka nunnu chota
|
|t:|1595930228
|switch|p1a: Magearna|Magearna|100/100
|move|p2a: Zeraora|Volt Switch|p1a: Magearna
|-damage|p1a: Magearna|76/100
|
|t:|1595930230
|switch|p2a: Cinderace|Cinderace, F|82/100|[from]move: Volt Switch
|
|upkeep
|turn|19
|
|t:|1595930235
|switch|p1a: Dragapult|Dragapult, M|48/100
|move|p2a: Cinderace|Pyro Ball|p1a: Dragapult
|-resisted|p1a: Dragapult
|-damage|p1a: Dragapult|5/100
|
|upkeep
|turn|20
|
|t:|1595930243
|switch|p2a: Clefable|Clefable, F|54/100
|-damage|p2a: Clefable|42/100|[from] Stealth Rock
|move|p1a: Dragapult|Dragon Darts|p2a: Clefable
|-immune|p2a: Clefable
|
|upkeep
|turn|21
|
|t:|1595930247
|move|p1a: Dragapult|Steel Wing|p2a: Clefable
|-supereffective|p2a: Clefable
|-damage|p2a: Clefable|1/100
|move|p2a: Clefable|Wish|p2a: Clefable
|
|upkeep
|turn|22
|
|t:|1595930254
|move|p2a: Clefable|Protect|p2a: Clefable
|-singleturn|p2a: Clefable|Protect
|move|p1a: Dragapult|U-turn|p2a: Clefable
|-activate|p2a: Clefable|move: Protect
|
|-heal|p2a: Clefable|51/100|[from] move: Wish|[wisher] Clefable
|upkeep
|turn|23
|
|t:|1595930265
|move|p1a: Dragapult|U-turn|p2a: Clefable
|-resisted|p2a: Clefable
|-damage|p2a: Clefable|41/100
|
|t:|1595930268
|switch|p1a: Magearna|Magearna|76/100|[from]move: U-turn
|move|p2a: Clefable|Teleport|p2a: Clefable
|
|t:|1595930270
|switch|p2a: Cinderace|Cinderace, F|82/100|[from]move: Teleport
|
|upkeep
|turn|24
|
|t:|1595930277
|switch|p1a: Dragapult|Dragapult, M|5/100
|move|p2a: Cinderace|Pyro Ball|p1a: Dragapult
|-resisted|p1a: Dragapult
|-damage|p1a: Dragapult|0 fnt
|faint|p1a: Dragapult
|
|upkeep
|
|t:|1595930279
|switch|p1a: Golisopod|Golisopod, F|10/100
|turn|25
|
|t:|1595930287
|switch|p2a: Clefable|Clefable, F|41/100
|-damage|p2a: Clefable|28/100|[from] Stealth Rock
|switch|p1a: Magearna|Magearna|76/100
|
|upkeep
|turn|26
|
|t:|1595930290
|move|p1a: Magearna|Volt Switch|p2a: Clefable
|-damage|p2a: Clefable|0 fnt
|faint|p2a: Clefable
|-ability|p1a: Magearna|Soul-Heart|boost
|-boost|p1a: Magearna|spa|1
|
|t:|1595930297
|switch|p1a: Scizor|Scizor, M|100/100|[from]move: Volt Switch
|
|upkeep
|
|t:|1595930299
|switch|p2a: Cinderace|Cinderace, F|82/100
|turn|27
|
|t:|1595930305
|move|p1a: Scizor|Quick Attack|p2a: Cinderace
|-damage|p2a: Cinderace|36/100
|move|p2a: Cinderace|Pyro Ball|p1a: Scizor
|-supereffective|p1a: Scizor
|-damage|p1a: Scizor|0 fnt
|faint|p1a: Scizor
|
|upkeep
|
|t:|1595930308
|switch|p1a: Golisopod|Golisopod, F|10/100
|turn|28
|
|t:|1595930327
|switch|p1a: Magearna|Magearna|76/100
|move|p2a: Cinderace|Pyro Ball|p1a: Magearna
|-supereffective|p1a: Magearna
|-damage|p1a: Magearna|0 fnt
|faint|p1a: Magearna
|
|upkeep
|-message|noudle soop forfeited.
|
|win|Shootingwolf
|l|☆noudle soop
|raw|noudle soop's rating: 1831 &rarr; <strong>1807</strong><br />(-24 for losing)
|raw|Shootingwolf's rating: 1771 &rarr; <strong>1795</strong><br />(+24 for winning)
