|j|☆tesla roadster
|j|☆JojoOui
|inactive|Battle timer is ON: inactive players will automatically lose when time's up.
|t:|1667229796
|gametype|singles
|player|p1|tesla roadster|169|
|player|p2|JojoOui|erika|
|teamsize|p1|6
|teamsize|p2|6
|gen|8
|tier|[Gen 8] OU
|rated|Tournament battle
|rule|Sleep Clause Mod: Limit one foe put to sleep
|rule|Species Clause: Limit one of each Pokémon
|rule|OHKO Clause: OHKO moves are banned
|rule|Evasion Items Clause: Evasion items are banned
|rule|Evasion Moves Clause: Evasion moves are banned
|rule|Endless Battle Clause: Forcing endless battles is banned
|rule|HP Percentage Mod: HP is shown in percentages
|rule|Dynamax Clause: You cannot dynamax
|clearpoke
|poke|p1|Kommo-o, F|
|poke|p1|Clefable, F|
|poke|p1|Ferrothorn, F|
|poke|p1|Zapdos-Galar|
|poke|p1|Zeraora|
|poke|p1|Landorus-Therian, M|
|poke|p2|Weavile, F|
|poke|p2|Rillaboom, M|
|poke|p2|Volcanion|
|poke|p2|Dragapult, M|
|poke|p2|Urshifu-*, F|
|poke|p2|Landorus-Therian, M|
|teampreview
|inactive|JojoOui also wants the timer to be on.
|j|@Sww-Suwa
|j| cypherstest
|j| SkipTheDripBayless
|c|☆JojoOui|glhf
|c|☆tesla roadster|hf
|j| ty-tyui↻
|j| IamEating rightnow
|j| Henry moseley
|j| yeshahr
|j| PoobleMaster945
|j|@moondazing
|inactive|tesla roadster has 120 seconds left.
|inactive|JojoOui has 120 seconds left.
|j| I am zangetsu
|j| hgfjhjfhf
|
|t:|1667229836
|start
|switch|p1a: Zeraora|Zeraora|100/100
|switch|p2a: Landorus|Landorus-Therian, M|100/100
|-ability|p2a: Landorus|Intimidate|boost
|-unboost|p1a: Zeraora|atk|1
|turn|1
|j| ViviCetus
|
|t:|1667229849
|move|p1a: Zeraora|Knock Off|p2a: Landorus
|-damage|p2a: Landorus|78/100
|-enditem|p2a: Landorus|Focus Sash|[from] move: Knock Off|[of] p1a: Zeraora
|move|p2a: Landorus|Earthquake|p1a: Zeraora
|-supereffective|p1a: Zeraora
|-damage|p1a: Zeraora|0 fnt
|faint|p1a: Zeraora
|
|upkeep
|c|☆JojoOui|why
|
|t:|1667229858
|switch|p1a: Zapdos|Zapdos-Galar|100/100
|turn|2
|
|t:|1667229865
|move|p1a: Zapdos|Brave Bird|p2a: Landorus
|-damage|p2a: Landorus|0 fnt
|faint|p2a: Landorus
|-damage|p1a: Zapdos|75/100|[from] Recoil
|
|upkeep
|j| trxgic★
|
|t:|1667229871
|switch|p2a: Dragapult|Dragapult, M|100/100
|turn|3
|c|☆tesla roadster|im sped
|c|☆tesla roadster|i just assumed u were goinf for uturn
|
|t:|1667229893
|switch|p1a: Clefable|Clefable, F|100/100
|move|p2a: Dragapult|Draco Meteor|p1a: Clefable
|-immune|p1a: Clefable
|
|upkeep
|turn|4
|c| IamEating rightnow|good trade off
|inactive|tesla roadster has 120 seconds left.
|inactive|JojoOui has 120 seconds left.
|c|☆JojoOui|I anticipated all this
|
|t:|1667229930
|switch|p2a: Volcanion|Volcanion|100/100
|switch|p1a: Kommo-o|Kommo-o, F|100/100
|
|upkeep
|turn|5
|c| trxgic★|bro wants to be the main character
|inactive|tesla roadster has 120 seconds left.
|inactive|JojoOui has 120 seconds left.
|c| IamEating rightnow|wow sounds like Aizen
|c| trxgic★|LMFAO
|j| testingteams888
|j| Jejejddjdk
|c| I am zangetsu|aizen
|c| IamEating rightnow|ayy
|c| I am zangetsu|did you say aizen
|c| trxgic★|mf wanna be aizen so bad💀
|
|t:|1667229963
|switch|p2a: Dragapult|Dragapult, M|100/100
|move|p1a: Kommo-o|Toxic|p2a: Dragapult
|-status|p2a: Dragapult|tox
|
|-damage|p2a: Dragapult|95/100 tox|[from] psn
|upkeep
|turn|6
|c| IamEating rightnow|haha lmaao
|
|t:|1667229968
|switch|p1a: Clefable|Clefable, F|100/100
|move|p2a: Dragapult|U-turn|p1a: Clefable
|-resisted|p1a: Clefable
|-damage|p1a: Clefable|94/100
|c| I am zangetsu|lmao
|
|t:|1667229974
|switch|p2a: Volcanion|Volcanion|100/100|[from]move: U-turn
|
|-heal|p1a: Clefable|100/100|[from] item: Leftovers
|upkeep
|turn|7
|c| SkipTheDripBayless|bro got a master plan
|c| trxgic★|you anticipated everything except your team being weak asf to clef
|
|t:|1667229986
|switch|p1a: Kommo-o|Kommo-o, F|100/100
|move|p2a: Volcanion|Sludge Wave|p1a: Kommo-o
|-damage|p1a: Kommo-o|76/100
|-status|p1a: Kommo-o|psn
|
|-damage|p1a: Kommo-o|63/100 psn|[from] psn
|upkeep
|turn|8
|c| trxgic★|LMFAO
|c|☆JojoOui|lol
|c|☆tesla roadster|lol
|inactive|tesla roadster has 120 seconds left.
|c| IamEating rightnow|He's seen 20 turns in the future we still on turn 8
|inactive|JojoOui has 90 seconds left.
|c| trxgic★|bro thinks he's diavolo 💀💀💀
|inactive|JojoOui has 60 seconds left.
|
|t:|1667230051
|switch|p2a: Dragapult|Dragapult, M|95/100 tox
|move|p1a: Kommo-o|Earthquake|p2a: Dragapult
|-damage|p2a: Dragapult|61/100 tox
|
|-damage|p2a: Dragapult|55/100 tox|[from] psn
|-damage|p1a: Kommo-o|51/100 psn|[from] psn
|upkeep
|turn|9
|j| mimilimi
|c|☆tesla roadster|u already know
|inactive|tesla roadster has 90 seconds left.
|c| mimilimi|vas y jojooui
|c|☆tesla roadster|he's either L or he's taking the L
|c|☆JojoOui|mdr mimilimi
|j| nempoleon complex
|
|t:|1667230095
|switch|p1a: Clefable|Clefable, F|100/100
|move|p2a: Dragapult|U-turn|p1a: Clefable
|-resisted|p1a: Clefable
|-damage|p1a: Clefable|93/100
|
|t:|1667230098
|switch|p2a: Volcanion|Volcanion|100/100|[from]move: U-turn
|
|-heal|p1a: Clefable|99/100|[from] item: Leftovers
|upkeep
|turn|10
|l| yeshahr
|
|t:|1667230104
|switch|p1a: Kommo-o|Kommo-o, F|51/100 psn
|move|p2a: Volcanion|Steam Eruption|p1a: Kommo-o
|-resisted|p1a: Kommo-o
|-damage|p1a: Kommo-o|30/100 psn
|
|-damage|p1a: Kommo-o|17/100 psn|[from] psn
|upkeep
|turn|11
|c| mimilimi|mdr, je vous aies affrontés tout les deux plusieurs fois sur le ladd
|c| trxgic★|french??
|c| mimilimi|ye
|c| IamEating rightnow|They frenchmans
|inactive|tesla roadster has 60 seconds left.
|inactive|JojoOui has 60 seconds left.
|c| IamEating rightnow|even jojo
|l| mimilimi
|
|t:|1667230164
|switch|p2a: Rillaboom|Rillaboom, M|100/100
|-fieldstart|move: Grassy Terrain|[from] ability: Grassy Surge|[of] p2a: Rillaboom
|move|p1a: Kommo-o|Earthquake|p2a: Rillaboom
|-resisted|p2a: Rillaboom
|-damage|p2a: Rillaboom|95/100
|
|-heal|p1a: Kommo-o|23/100 psn|[from] Grassy Terrain
|-heal|p2a: Rillaboom|100/100|[from] Grassy Terrain
|-damage|p1a: Kommo-o|11/100 psn|[from] psn
|upkeep
|turn|12
|j| mimilimi
|c| trxgic★|je ne parle pas francias tres bien
|c| trxgic★|sadly
|
|t:|1667230181
|move|p2a: Rillaboom|Grassy Glide|p1a: Kommo-o
|-resisted|p1a: Kommo-o
|-damage|p1a: Kommo-o|0 fnt
|-damage|p2a: Rillaboom|84/100|[from] item: Rocky Helmet|[of] p1a: Kommo-o
|faint|p1a: Kommo-o
|
|-heal|p2a: Rillaboom|90/100|[from] Grassy Terrain
|-heal|p2a: Rillaboom|96/100|[from] item: Leftovers
|upkeep
|c| IamEating rightnow|kinda unique havent seen too many french players on here
|
|t:|1667230185
|switch|p1a: Zapdos|Zapdos-Galar|75/100
|turn|13
|c| I am zangetsu|bro is mc
|c| trxgic★|bro wanna be red from pallet town 💀
|c|☆tesla roadster|nah france has a lot of players
|c| SkipTheDripBayless|the french players
|c|☆tesla roadster|i know
|c| SkipTheDripBayless|are evil
|inactive|JojoOui has 30 seconds left.
|c| I am zangetsu|na bro know benkai
|c| mimilimi|fun team tesla, i love kommo o
|
|t:|1667230223
|switch|p2a: Pouil|Weavile, F|100/100
|-ability|p2a: Pouil|Pressure
|move|p1a: Zapdos|Drill Peck|p2a: Pouil
|-damage|p2a: Pouil|0 fnt
|faint|p2a: Pouil
|
|upkeep
|c|☆tesla roadster|ty
|c| mimilimi|ah, why?
|inactive|JojoOui has 30 seconds left.
|
|t:|1667230231
|switch|p2a: Dragapult|Dragapult, M|55/100 tox
|turn|14
|c| trxgic★|that banded peck goes hard
|
|t:|1667230245
|switch|p1a: Landorus|Landorus-Therian, M|100/100
|-ability|p1a: Landorus|Intimidate|boost
|-unboost|p2a: Dragapult|atk|1
|move|p2a: Dragapult|Shadow Ball|p1a: Landorus
|-damage|p1a: Landorus|59/100
|
|-heal|p2a: Dragapult|61/100 tox|[from] Grassy Terrain
|-heal|p1a: Landorus|65/100|[from] item: Leftovers
|-damage|p2a: Dragapult|55/100 tox|[from] psn
|upkeep
|turn|15
|c| IamEating rightnow|two for two
|c| I am zangetsu|true
|
|t:|1667230261
|move|p2a: Dragapult|Shadow Ball|p1a: Landorus
|-damage|p1a: Landorus|27/100
|-unboost|p1a: Landorus|spd|1
|move|p1a: Landorus|U-turn|p2a: Dragapult
|-resisted|p2a: Dragapult
|-damage|p2a: Dragapult|42/100 tox
|
|t:|1667230264
|switch|p1a: Clefable|Clefable, F|99/100|[from]move: U-turn
|
|-heal|p2a: Dragapult|48/100 tox|[from] Grassy Terrain
|-heal|p1a: Clefable|100/100|[from] Grassy Terrain
|-damage|p2a: Dragapult|36/100 tox|[from] psn
|-fieldend|move: Grassy Terrain
|upkeep
|turn|16
|
|t:|1667230268
|switch|p2a: Volcanion|Volcanion|100/100
|move|p1a: Clefable|Wish|p1a: Clefable
|
|upkeep
|turn|17
|inactive|tesla roadster has 60 seconds left.
|c| I am zangetsu|banded is soso strong
|
|t:|1667230284
|switch|p1a: Landorus|Landorus-Therian, M|27/100
|-ability|p1a: Landorus|Intimidate|boost
|-unboost|p2a: Volcanion|atk|1
|move|p2a: Volcanion|Steam Eruption|p1a: Landorus
|-supereffective|p1a: Landorus
|-damage|p1a: Landorus|0 fnt
|faint|p1a: Landorus
|
|upkeep
|
|t:|1667230287
|switch|p1a: Zapdos|Zapdos-Galar|75/100
|turn|18
|inactive|tesla roadster has 60 seconds left.
|l| mimilimi
|inactive|JojoOui has 60 seconds left.
|c| trxgic★|time for band bird
|j| 228i996
|l| hgfjhjfhf
|j| mimilimi
|inactive|JojoOui has 30 seconds left.
|c| I am zangetsu|it will take a kill
|inactive|JojoOui has 20 seconds left.
|inactive|JojoOui has 15 seconds left.
|c| I am zangetsu|its hungry for blood
|c| IamEating rightnow|hope he dont time out
|inactive|JojoOui has 10 seconds left.
|
|t:|1667230350
|switch|p2a: Urshifu|Urshifu-Rapid-Strike, F|100/100
|move|p1a: Zapdos|Close Combat|p2a: Urshifu
|-damage|p2a: Urshifu|16/100
|-unboost|p1a: Zapdos|def|1
|-unboost|p1a: Zapdos|spd|1
|
|upkeep
|turn|19
|inactive|JojoOui has 20 seconds left this turn.
|inactive|tesla roadster has 60 seconds left.
|inactive|JojoOui has 15 seconds left.
|
|t:|1667230356
|switch|p1a: Ferrothorn|Ferrothorn, F|100/100
|move|p2a: Urshifu|Surging Strikes|p1a: Ferrothorn
|-resisted|p1a: Ferrothorn
|-crit|p1a: Ferrothorn
|-damage|p1a: Ferrothorn|94/100
|-damage|p2a: Urshifu|4/100|[from] ability: Iron Barbs|[of] p1a: Ferrothorn
|-resisted|p1a: Ferrothorn
|-crit|p1a: Ferrothorn
|-damage|p1a: Ferrothorn|89/100
|-damage|p2a: Urshifu|0 fnt|[from] ability: Iron Barbs|[of] p1a: Ferrothorn
|faint|p2a: Urshifu
|-hitcount|p1a: Ferrothorn|2
|
|-heal|p1a: Ferrothorn|95/100|[from] item: Leftovers
|upkeep
|inactive|JojoOui has 20 seconds left this turn.
|
|t:|1667230360
|switch|p2a: Volcanion|Volcanion|100/100
|turn|20
|inactive|JojoOui has 30 seconds left this turn.
|l| Jejejddjdk
|c|@moondazing|these timers are scaring me
|c| IamEating rightnow|^
|
|t:|1667230371
|move|p2a: Volcanion|Flamethrower|p1a: Ferrothorn
|-supereffective|p1a: Ferrothorn
|-damage|p1a: Ferrothorn|0 fnt
|faint|p1a: Ferrothorn
|
|upkeep
|
|t:|1667230373
|switch|p1a: Zapdos|Zapdos-Galar|75/100
|turn|21
|c| trxgic★|cant the players choose to turn timer off?
|c| ViviCetus|mean ferro switch
|l| Henry moseley
|c|@Sww-Suwa|trxgic★ not in roomtours
|c| trxgic★|yea i meant like
|inactive|tesla roadster has 60 seconds left.
|c| trxgic★|ask a mod to turn it off
|c| trxgic★|if they both agree
|c| trxgic★|or smth
|
|t:|1667230406
|move|p1a: Zapdos|Drill Peck|p2a: Volcanion
|-damage|p2a: Volcanion|40/100
|move|p2a: Volcanion|Steam Eruption|p1a: Zapdos
|-damage|p1a: Zapdos|5/100
|
|upkeep
|turn|22
|c|☆tesla roadster|ye gg
|
|t:|1667230425
|switch|p2a: Dragapult|Dragapult, M|36/100 tox
|move|p1a: Zapdos|Drill Peck|p2a: Dragapult
|-damage|p2a: Dragapult|0 fnt
|faint|p2a: Dragapult
|
|upkeep
|c| trxgic★|if clef was cm it set up and won
|
|t:|1667230429
|switch|p2a: Rillaboom|Rillaboom, M|96/100
|-fieldstart|move: Grassy Terrain|[from] ability: Grassy Surge|[of] p2a: Rillaboom
|turn|23
|
|t:|1667230438
|switch|p1a: Clefable|Clefable, F|100/100
|move|p2a: Rillaboom|Grassy Glide|p1a: Clefable
|-damage|p1a: Clefable|58/100
|
|-heal|p2a: Rillaboom|100/100|[from] Grassy Terrain
|-heal|p1a: Clefable|64/100|[from] Grassy Terrain
|-heal|p1a: Clefable|70/100|[from] item: Leftovers
|upkeep
|turn|24
|c| mimilimi|no, rilla destroy clef without ftrower
|c| trxgic★|wait it still might
|inactive|tesla roadster has 60 seconds left.
|
|t:|1667230456
|move|p2a: Rillaboom|Swords Dance|p2a: Rillaboom
|-boost|p2a: Rillaboom|atk|2
|move|p1a: Clefable|Wish|p1a: Clefable
|
|-heal|p1a: Clefable|76/100|[from] Grassy Terrain
|-heal|p1a: Clefable|82/100|[from] item: Leftovers
|upkeep
|turn|25
|c| I am zangetsu|tesla roadster good game
|
|t:|1667230463
|move|p2a: Rillaboom|Grassy Glide|p1a: Clefable
|-damage|p1a: Clefable|0 fnt
|faint|p1a: Clefable
|
|upkeep
|
|t:|1667230468
|switch|p1a: Zapdos|Zapdos-Galar|5/100
|turn|26
|c|☆tesla roadster|gg
|c| trxgic★|yikes
|c| trxgic★|gg
|c|☆JojoOui|gg
|
|t:|1667230472
|move|p2a: Rillaboom|Grassy Glide|p1a: Zapdos
|-resisted|p1a: Zapdos
|-damage|p1a: Zapdos|0 fnt
|faint|p1a: Zapdos
|
|win|JojoOui
|n|☆tesla roadster|teslaroadster
|n|☆JojoOui|jojooui
|n| Sww-Suwa|swwsuwa
|n| cypherstest|cypherstest
|n| SkipTheDripBayless|skipthedripbayless
|n| ty-tyui↻|tytyui
|n| IamEating rightnow|iameatingrightnow
|n| PoobleMaster945|pooblemaster945
|n|+moondazing|moondazing
|n| I am zangetsu|iamzangetsu
|n| ViviCetus|vivicetus
|n| trxgic★|trxgic
|n| testingteams888|testingteams888
|n| nempoleon complex|nempoleoncomplex
|n| 228i996|228i996
|n| mimilimi|mimilimi
|l| SkipTheDripBayless
|c| ViviCetus|gg
|c| trxgic★|he was actually aizen
|l|☆tesla roadster
|c| IamEating rightnow|Oh no he did ANticipate
|l| mimilimi
|l| Sww-Suwa
|l| I am zangetsu
|l| cypherstest
|c| trxgic★|he actually saw the outcome
|l| ty-tyui↻
|c| IamEating rightnow|ggs good fight
|l| trxgic★
