|j|☆Steez Ibanez
|j|☆GORAN EL DRACO
|t:|1651112493
|gametype|singles
|player|p1|Steez Ibanez|blue-gen1rbchampion|1869
|player|p2|GORAN EL DRACO|harlequin|1825
|teamsize|p1|6
|teamsize|p2|6
|gen|8
|tier|[Gen 8] OU
|rated|
|rule|Sleep Clause Mod: Limit one foe put to sleep
|rule|Species Clause: Limit one of each Pokémon
|rule|OHKO Clause: OHKO moves are banned
|rule|Evasion Moves Clause: Evasion moves are banned
|rule|Endless Battle Clause: Forcing endless battles is banned
|rule|HP Percentage Mod: HP is shown in percentages
|rule|Dynamax Clause: You cannot dynamax
|clearpoke
|poke|p1|Nidoking, M|
|poke|p1|Zapdos|
|poke|p1|Garchomp, M|
|poke|p1|Tapu Fini|
|poke|p1|Ferrothorn, M|
|poke|p1|Landorus-Therian, M|
|poke|p2|Celesteela|
|poke|p2|Urshifu-*, M|
|poke|p2|Landorus-Therian, M|
|poke|p2|Blacephalon|
|poke|p2|Nihilego|
|poke|p2|Dragapult, M|
|teampreview
|inactive|Battle timer is ON: inactive players will automatically lose when time's up. (requested by GORAN EL DRACO)
|
|t:|1651112498
|start
|switch|p1a: Simba|Landorus-Therian, M|100/100
|switch|p2a: Dragapult|Dragapult, M|100/100
|-ability|p1a: Simba|Intimidate|boost
|-fail|p2a: Dragapult|unboost|[from] ability: Clear Body|[of] p2a: Dragapult
|turn|1
|
|t:|1651112504
|switch|p2a: Landorus|Landorus-Therian, M|100/100
|-ability|p2a: Landorus|Intimidate|boost
|-unboost|p1a: Simba|atk|1
|move|p1a: Simba|Knock Off|p2a: Landorus
|-damage|p2a: Landorus|77/100
|-enditem|p2a: Landorus|Heavy-Duty Boots|[from] move: Knock Off|[of] p1a: Simba
|
|upkeep
|turn|2
|
|t:|1651112510
|switch|p1a: Abomination|Ferrothorn, M|100/100
|move|p2a: Landorus|U-turn|p1a: Abomination
|-damage|p1a: Abomination|87/100
|-damage|p2a: Landorus|64/100|[from] ability: Iron Barbs|[of] p1a: Abomination
|-damage|p2a: Landorus|48/100|[from] item: Rocky Helmet|[of] p1a: Abomination
|j| 50 at max
|
|t:|1651112518
|switch|p2a: Dragapult|Dragapult, M|100/100|[from]move: U-turn
|
|upkeep
|turn|3
|
|t:|1651112524
|move|p2a: Dragapult|Shadow Ball|p1a: Abomination
|-damage|p1a: Abomination|40/100
|move|p1a: Abomination|Spikes|p2a: Dragapult
|-sidestart|p2: GORAN EL DRACO|Spikes
|
|upkeep
|turn|4
|
|t:|1651112530
|switch|p1a: Simba|Landorus-Therian, M|100/100
|-ability|p1a: Simba|Intimidate|boost
|-fail|p2a: Dragapult|unboost|[from] ability: Clear Body|[of] p2a: Dragapult
|move|p2a: Dragapult|Shadow Ball|p1a: Simba
|-damage|p1a: Simba|22/100
|
|upkeep
|turn|5
|
|t:|1651112535
|switch|p2a: Landorus|Landorus-Therian, M|48/100
|-ability|p2a: Landorus|Intimidate|boost
|-unboost|p1a: Simba|atk|1
|move|p1a: Simba|Knock Off|p2a: Landorus
|-damage|p2a: Landorus|32/100
|
|upkeep
|turn|6
|
|t:|1651112538
|switch|p1a: Abomination|Ferrothorn, M|40/100
|move|p2a: Landorus|Stealth Rock|p1a: Abomination
|-sidestart|p1: Steez Ibanez|move: Stealth Rock
|
|upkeep
|turn|7
|
|t:|1651112541
|move|p2a: Landorus|Earthquake|p1a: Abomination
|-damage|p1a: Abomination|14/100
|move|p1a: Abomination|Spikes|p2a: Landorus
|-sidestart|p2: GORAN EL DRACO|Spikes
|
|upkeep
|turn|8
|
|t:|1651112549
|move|p2a: Landorus|Earthquake|p1a: Abomination
|-damage|p1a: Abomination|0 fnt
|faint|p1a: Abomination
|
|upkeep
|
|t:|1651112551
|switch|p1a: Samehada|Garchomp, M|100/100
|-damage|p1a: Samehada|94/100|[from] Stealth Rock
|turn|9
|
|t:|1651112558
|move|p1a: Samehada|Scale Shot|p2a: Landorus|[miss]
|-miss|p1a: Samehada|p2a: Landorus
|move|p2a: Landorus|Earthquake|p1a: Samehada
|-damage|p1a: Samehada|46/100
|
|-heal|p1a: Samehada|53/100|[from] item: Leftovers
|upkeep
|turn|10
|j| Yb is BETTER
|
|t:|1651112568
|move|p1a: Samehada|Scale Shot|p2a: Landorus
|-damage|p2a: Landorus|19/100
|-damage|p2a: Landorus|5/100
|-damage|p2a: Landorus|0 fnt
|faint|p2a: Landorus
|-hitcount|p2: Landorus|3
|-unboost|p1a: Samehada|def|1
|-boost|p1a: Samehada|spe|1
|
|-heal|p1a: Samehada|59/100|[from] item: Leftovers
|upkeep
|
|t:|1651112569
|switch|p2a: Urshifu|Urshifu-Rapid-Strike, M|100/100
|-damage|p2a: Urshifu|84/100|[from] Spikes
|turn|11
|
|t:|1651112573
|switch|p1a: Bolt|Zapdos|100/100
|move|p2a: Urshifu|Surging Strikes|p1a: Bolt
|-crit|p1a: Bolt
|-damage|p1a: Bolt|78/100
|-status|p2a: Urshifu|par|[from] ability: Static|[of] p1a: Bolt
|-crit|p1a: Bolt
|-damage|p1a: Bolt|54/100
|-crit|p1a: Bolt
|-damage|p1a: Bolt|30/100
|-hitcount|p1a: Bolt|3
|
|upkeep
|turn|12
|
|t:|1651112578
|move|p1a: Bolt|Discharge|p2a: Urshifu
|-supereffective|p2a: Urshifu
|-damage|p2a: Urshifu|0 fnt
|faint|p2a: Urshifu
|
|upkeep
|
|t:|1651112581
|switch|p2a: Blacephalon|Blacephalon|100/100
|-damage|p2a: Blacephalon|84/100|[from] Spikes
|turn|13
|
|t:|1651112584
|move|p2a: Blacephalon|Shadow Ball|p1a: Bolt
|-damage|p1a: Bolt|0 fnt
|faint|p1a: Bolt
|-ability|p2a: Blacephalon|Beast Boost|boost
|-boost|p2a: Blacephalon|spa|1
|
|upkeep
|
|t:|1651112585
|switch|p1a: Watcher|Tapu Fini|100/100
|-damage|p1a: Watcher|88/100|[from] Stealth Rock
|-fieldstart|move: Misty Terrain|[from] ability: Misty Surge|[of] p1a: Watcher
|turn|14
|
|t:|1651112590
|switch|p2a: zoner ?|Celesteela|100/100
|move|p1a: Watcher|Surf|p2a: zoner ?
|-crit|p2a: zoner ?
|-damage|p2a: zoner ?|53/100
|
|-heal|p1a: Watcher|94/100|[from] item: Leftovers
|upkeep
|turn|15
|
|t:|1651112598
|move|p1a: Watcher|Calm Mind|p1a: Watcher
|-boost|p1a: Watcher|spa|1
|-boost|p1a: Watcher|spd|1
|move|p2a: zoner ?|Autotomize|p2a: zoner ?
|-boost|p2a: zoner ?|spe|2
|-start|p2a: zoner ?|Autotomize
|
|-heal|p1a: Watcher|100/100|[from] item: Leftovers
|upkeep
|turn|16
|
|t:|1651112600
|move|p2a: zoner ?|Meteor Beam||[still]
|-prepare|p2a: zoner ?|Meteor Beam
|-boost|p2a: zoner ?|spa|1
|-enditem|p2a: zoner ?|Power Herb
|-anim|p2a: zoner ?|Meteor Beam|p1a: Watcher
|-crit|p1a: Watcher
|-damage|p1a: Watcher|32/100
|move|p1a: Watcher|Surf|p2a: zoner ?
|-damage|p2a: zoner ?|11/100
|
|-heal|p1a: Watcher|38/100|[from] item: Leftovers
|upkeep
|turn|17
|
|t:|1651112606
|move|p2a: zoner ?|Air Slash|p1a: Watcher
|-damage|p1a: Watcher|7/100
|cant|p1a: Watcher|flinch
|
|-heal|p1a: Watcher|13/100|[from] item: Leftovers
|upkeep
|turn|18
|c|☆Steez Ibanez|Lol
|c|☆Steez Ibanez|jesus
|
|t:|1651112616
|move|p2a: zoner ?|Air Slash|p1a: Watcher
|-damage|p1a: Watcher|0 fnt
|faint|p1a: Watcher
|-ability|p2a: zoner ?|Beast Boost|boost
|-boost|p2a: zoner ?|spa|1
|
|-fieldend|Misty Terrain
|upkeep
|
|t:|1651112617
|switch|p1a: Simba|Landorus-Therian, M|22/100
|-damage|p1a: Simba|10/100|[from] Stealth Rock
|-ability|p1a: Simba|Intimidate|boost
|-unboost|p2a: zoner ?|atk|1
|turn|19
|
|t:|1651112620
|move|p1a: Simba|Knock Off|p2a: zoner ?
|-damage|p2a: zoner ?|0 fnt
|faint|p2a: zoner ?
|
|upkeep
|
|t:|1651112626
|switch|p2a: Blacephalon|Blacephalon|84/100
|-damage|p2a: Blacephalon|67/100|[from] Spikes
|turn|20
|j| Narwhale37
|
|t:|1651112631
|move|p2a: Blacephalon|Shadow Ball|p1a: Simba
|-damage|p1a: Simba|0 fnt
|faint|p1a: Simba
|-ability|p2a: Blacephalon|Beast Boost|boost
|-boost|p2a: Blacephalon|spa|1
|
|upkeep
|-message|Steez Ibanez forfeited.
|
|win|GORAN EL DRACO
|raw|Steez Ibanez's rating: 1869 &rarr; <strong>1846</strong><br />(-23 for losing)
|raw|GORAN EL DRACO's rating: 1825 &rarr; <strong>1848</strong><br />(+23 for winning)
|l|☆Steez Ibanez
||Ladder isn't responding, score probably updated but might not have (Request timeout).
|n| deathby1000cuts|goraneldraco
|l| Yb is BETTER
