|j|☆cogonahorse
|j|☆JooshP
|t:|1658932867
|gametype|singles
|player|p1|cogonahorse|hilbert-wonderlauncher|1657
|player|p2|JooshP|red|1781
|teamsize|p1|6
|teamsize|p2|6
|gen|8
|tier|[Gen 8] OU
|rated|
|rule|Sleep Clause Mod: Limit one foe put to sleep
|rule|Species Clause: Limit one of each Pokémon
|rule|OHKO Clause: OHKO moves are banned
|rule|Evasion Moves Clause: Evasion moves are banned
|rule|Endless Battle Clause: Forcing endless battles is banned
|rule|HP Percentage Mod: HP is shown in percentages
|rule|Dynamax Clause: You cannot dynamax
|clearpoke
|poke|p1|Buzzwole|
|poke|p1|Heatran, M|
|poke|p1|Gastrodon, F|
|poke|p1|Landorus-Therian, M|
|poke|p1|Kartana|
|poke|p1|Weavile, M|
|poke|p2|Bisharp, F|
|poke|p2|Zapdos|
|poke|p2|Blacephalon|
|poke|p2|Tapu Lele|
|poke|p2|Excadrill, M|
|poke|p2|Salamence, M|
|teampreview
|
|t:|1658932877
|start
|switch|p1a: Kartana|Kartana|100/100
|switch|p2a: Excadrill|Excadrill, M|100/100
|-ability|p2a: Excadrill|Mold Breaker
|turn|1
|
|t:|1658932887
|move|p1a: Kartana|Leaf Blade|p2a: Excadrill
|-damage|p2a: Excadrill|21/100
|move|p2a: Excadrill|Earthquake|p1a: Kartana
|-damage|p1a: Kartana|54/100
|
|upkeep
|turn|2
|
|t:|1658932893
|switch|p2a: Zapdos|Zapdos|100/100
|move|p1a: Kartana|Leaf Blade|p2a: Zapdos
|-resisted|p2a: Zapdos
|-damage|p2a: Zapdos|79/100
|
|upkeep
|turn|3
|
|t:|1658932900
|switch|p1a: Gastrodon|Gastrodon, F|100/100
|switch|p2a: Excadrill|Excadrill, M|21/100
|-ability|p2a: Excadrill|Mold Breaker
|
|upkeep
|turn|4
|
|t:|1658932911
|move|p2a: Excadrill|Toxic|p1a: Gastrodon|[miss]
|-miss|p2a: Excadrill|p1a: Gastrodon
|move|p1a: Gastrodon|Scald|p2a: Excadrill
|-supereffective|p2a: Excadrill
|-damage|p2a: Excadrill|0 fnt
|faint|p2a: Excadrill
|
|upkeep
|
|t:|1658932914
|switch|p2a: Tapu Lele|Tapu Lele|100/100
|-fieldstart|move: Psychic Terrain|[from] ability: Psychic Surge|[of] p2a: Tapu Lele
|turn|5
|
|t:|1658932920
|move|p2a: Tapu Lele|Psyshock|p1a: Gastrodon
|-damage|p1a: Gastrodon|15/100
|move|p1a: Gastrodon|Recover|p1a: Gastrodon
|-heal|p1a: Gastrodon|65/100
|
|-heal|p1a: Gastrodon|71/100|[from] item: Leftovers
|upkeep
|turn|6
|j| phegba
|
|t:|1658932925
|switch|p2a: Zapdos|Zapdos|79/100
|switch|p1a: Heatran|Heatran, M|100/100
|
|upkeep
|turn|7
|
|t:|1658932933
|switch|p2a: Salamence|Salamence, M|100/100
|move|p1a: Heatran|Stealth Rock|p2a: Salamence
|-sidestart|p2: JooshP|move: Stealth Rock
|
|upkeep
|turn|8
|l| phegba
|
|t:|1658932941
|switch|p1a: Landorus|Landorus-Therian, M|100/100
|-ability|p1a: Landorus|Intimidate|boost
|-unboost|p2a: Salamence|atk|1
|move|p2a: Salamence|Dragon Dance|p2a: Salamence
|-boost|p2a: Salamence|atk|1
|-boost|p2a: Salamence|spe|1
|
|upkeep
|turn|9
|
|t:|1658932952
|move|p2a: Salamence|Dragon Claw|p1a: Landorus
|-damage|p1a: Landorus|57/100
|move|p1a: Landorus|U-turn|p2a: Salamence
|-resisted|p2a: Salamence
|-damage|p2a: Salamence|86/100
|
|t:|1658932955
|switch|p1a: Weavile|Weavile, M|100/100|[from]move: U-turn
|-ability|p1a: Weavile|Pressure
|
|-fieldend|move: Psychic Terrain
|upkeep
|turn|10
|
|t:|1658932959
|switch|p2a: Tapu Lele|Tapu Lele|100/100
|-damage|p2a: Tapu Lele|88/100|[from] Stealth Rock
|-fieldstart|move: Psychic Terrain|[from] ability: Psychic Surge|[of] p2a: Tapu Lele
|move|p1a: Weavile|Ice Shard|p2a: Tapu Lele
|-activate|p2a: Tapu Lele|move: Psychic Terrain
|
|upkeep
|turn|11
|
|t:|1658932964
|switch|p1a: Gastrodon|Gastrodon, F|71/100
|move|p2a: Tapu Lele|Psyshock|p1a: Gastrodon
|-damage|p1a: Gastrodon|0 fnt
|faint|p1a: Gastrodon
|
|upkeep
|
|t:|1658932966
|switch|p1a: Heatran|Heatran, M|100/100
|turn|12
|
|t:|1658932972
|switch|p2a: Salamence|Salamence, M|86/100
|switch|p1a: Weavile|Weavile, M|100/100
|-ability|p1a: Weavile|Pressure
|
|upkeep
|turn|13
|
|t:|1658932982
|switch|p2a: Bisharp|Bisharp, F|100/100
|-damage|p2a: Bisharp|95/100|[from] Stealth Rock
|move|p1a: Weavile|Triple Axel|p2a: Bisharp|[miss]
|-miss|p1a: Weavile|p2a: Bisharp
|
|upkeep
|turn|14
|
|t:|1658932988
|switch|p1a: Buzzwole|Buzzwole|100/100
|move|p2a: Bisharp|Knock Off|p1a: Buzzwole
|-resisted|p1a: Buzzwole
|-damage|p1a: Buzzwole|85/100
|-damage|p2a: Bisharp|78/100|[from] item: Rocky Helmet|[of] p1a: Buzzwole
|-enditem|p1a: Buzzwole|Rocky Helmet|[from] move: Knock Off|[of] p2a: Bisharp
|
|-fieldend|move: Psychic Terrain
|upkeep
|turn|15
|
|t:|1658932993
|switch|p2a: Zapdos|Zapdos|79/100
|move|p1a: Buzzwole|Ice Punch|p2a: Zapdos
|-supereffective|p2a: Zapdos
|-damage|p2a: Zapdos|44/100
|-status|p1a: Buzzwole|par|[from] ability: Static|[of] p2a: Zapdos
|
|upkeep
|turn|16
|
|t:|1658932997
|switch|p1a: Heatran|Heatran, M|100/100
|move|p2a: Zapdos|Roost|p2a: Zapdos
|-heal|p2a: Zapdos|94/100
|-singleturn|p2a: Zapdos|move: Roost
|
|upkeep
|turn|17
|
|t:|1658933003
|switch|p2a: Salamence|Salamence, M|86/100
|move|p1a: Heatran|Taunt|p2a: Salamence
|-start|p2a: Salamence|move: Taunt
|
|upkeep
|turn|18
|
|t:|1658933009
|switch|p1a: Weavile|Weavile, M|100/100
|-ability|p1a: Weavile|Pressure
|move|p2a: Salamence|Earthquake|p1a: Weavile
|-damage|p1a: Weavile|30/100
|
|upkeep
|turn|19
|
|t:|1658933016
|switch|p2a: Bisharp|Bisharp, F|78/100
|-damage|p2a: Bisharp|72/100|[from] Stealth Rock
|move|p1a: Weavile|Knock Off|p2a: Bisharp
|-resisted|p2a: Bisharp
|-damage|p2a: Bisharp|41/100
|-enditem|p2a: Bisharp|Black Glasses|[from] move: Knock Off|[of] p1a: Weavile
|
|upkeep
|turn|20
|
|t:|1658933023
|switch|p1a: Buzzwole|Buzzwole|85/100 par
|move|p2a: Bisharp|Sucker Punch||[still]
|-fail|p2a: Bisharp
|
|upkeep
|turn|21
|
|t:|1658933030
|switch|p2a: Tapu Lele|Tapu Lele|88/100
|-damage|p2a: Tapu Lele|76/100|[from] Stealth Rock
|-fieldstart|move: Psychic Terrain|[from] ability: Psychic Surge|[of] p2a: Tapu Lele
|cant|p1a: Buzzwole|par
|
|upkeep
|turn|22
|
|t:|1658933037
|switch|p1a: Heatran|Heatran, M|100/100
|move|p2a: Tapu Lele|Moonblast|p1a: Heatran
|-resisted|p1a: Heatran
|-damage|p1a: Heatran|88/100
|-unboost|p1a: Heatran|spa|1
|
|-heal|p1a: Heatran|95/100|[from] item: Leftovers
|upkeep
|turn|23
|
|t:|1658933045
|switch|p2a: Salamence|Salamence, M|86/100
|move|p1a: Heatran|Taunt|p2a: Salamence
|-start|p2a: Salamence|move: Taunt
|
|-heal|p1a: Heatran|100/100|[from] item: Leftovers
|upkeep
|turn|24
|
|t:|1658933053
|switch|p1a: Landorus|Landorus-Therian, M|57/100
|-ability|p1a: Landorus|Intimidate|boost
|-unboost|p2a: Salamence|atk|1
|move|p2a: Salamence|Dragon Claw|p1a: Landorus
|-damage|p1a: Landorus|27/100
|
|-heal|p1a: Landorus|33/100|[from] item: Leftovers
|upkeep
|turn|25
|
|t:|1658933061
|switch|p2a: Zapdos|Zapdos|94/100
|move|p1a: Landorus|Toxic|p2a: Zapdos
|-status|p2a: Zapdos|tox
|
|-heal|p1a: Landorus|40/100|[from] item: Leftovers
|-damage|p2a: Zapdos|87/100 tox|[from] psn
|-fieldend|move: Psychic Terrain
|upkeep
|turn|26
|
|t:|1658933067
|switch|p1a: Heatran|Heatran, M|100/100
|move|p2a: Zapdos|Defog|p1a: Heatran
|-unboost|p1a: Heatran|evasion|1
|-sideend|p2: JooshP|Stealth Rock|[from] move: Defog|[of] p2a: Zapdos
|
|-damage|p2a: Zapdos|75/100 tox|[from] psn
|upkeep
|turn|27
|
|t:|1658933073
|switch|p2a: Salamence|Salamence, M|86/100
|move|p1a: Heatran|Taunt|p2a: Salamence
|-start|p2a: Salamence|move: Taunt
|
|upkeep
|turn|28
|
|t:|1658933076
|switch|p1a: Kartana|Kartana|54/100
|move|p2a: Salamence|Earthquake|p1a: Kartana
|-damage|p1a: Kartana|15/100
|
|upkeep
|turn|29
|j| LT_Alt1
|
|t:|1658933085
|switch|p2a: Zapdos|Zapdos|75/100 tox
|move|p1a: Kartana|Knock Off|p2a: Zapdos
|-damage|p2a: Zapdos|41/100 tox
|-enditem|p2a: Zapdos|Heavy-Duty Boots|[from] move: Knock Off|[of] p1a: Kartana
|
|-damage|p2a: Zapdos|35/100 tox|[from] psn
|upkeep
|turn|30
|
|t:|1658933090
|switch|p1a: Heatran|Heatran, M|100/100
|move|p2a: Zapdos|Roost|p2a: Zapdos
|-heal|p2a: Zapdos|85/100 tox
|-singleturn|p2a: Zapdos|move: Roost
|
|-damage|p2a: Zapdos|72/100 tox|[from] psn
|upkeep
|turn|31
|
|t:|1658933097
|switch|p2a: Bisharp|Bisharp, F|41/100
|move|p1a: Heatran|Taunt|p2a: Bisharp
|-start|p2a: Bisharp|move: Taunt
|
|upkeep
|turn|32
|
|t:|1658933104
|switch|p2a: Salamence|Salamence, M|86/100
|move|p1a: Heatran|Magma Storm|p2a: Salamence
|-resisted|p2a: Salamence
|-crit|p2a: Salamence
|-damage|p2a: Salamence|48/100
|-activate|p2a: Salamence|move: Magma Storm|[of] p1a: Heatran
|
|-damage|p2a: Salamence|36/100|[from] move: Magma Storm|[partiallytrapped]
|upkeep
|turn|33
|j| Auleng
|
|t:|1658933111
|switch|p1a: Landorus|Landorus-Therian, M|40/100
|-ability|p1a: Landorus|Intimidate|boost
|-unboost|p2a: Salamence|atk|1
|move|p2a: Salamence|Earthquake|p1a: Landorus
|-immune|p1a: Landorus
|
|-heal|p1a: Landorus|46/100|[from] item: Leftovers
|-end|p2a: Salamence|Magma Storm|[partiallytrapped]|[silent]
|upkeep
|turn|34
|
|t:|1658933122
|move|p2a: Salamence|Dragon Claw|p1a: Landorus
|-damage|p1a: Landorus|17/100
|move|p1a: Landorus|U-turn|p2a: Salamence
|-resisted|p2a: Salamence
|-damage|p2a: Salamence|23/100
|
|t:|1658933130
|switch|p1a: Weavile|Weavile, M|30/100|[from]move: U-turn
|-ability|p1a: Weavile|Pressure
|
|upkeep
|turn|35
|
|t:|1658933135
|switch|p2a: Bisharp|Bisharp, F|41/100
|move|p1a: Weavile|Triple Axel|p2a: Bisharp
|-resisted|p2a: Bisharp
|-damage|p2a: Bisharp|34/100
|-hitcount|p2a: Bisharp|1
|
|upkeep
|turn|36
|
|t:|1658933145
|switch|p1a: Buzzwole|Buzzwole|85/100 par
|move|p2a: Bisharp|Swords Dance|p2a: Bisharp
|-boost|p2a: Bisharp|atk|2
|
|upkeep
|turn|37
|
|t:|1658933154
|move|p2a: Bisharp|Iron Head|p1a: Buzzwole
|-damage|p1a: Buzzwole|42/100 par
|move|p1a: Buzzwole|Earthquake|p2a: Bisharp
|-supereffective|p2a: Bisharp
|-damage|p2a: Bisharp|0 fnt
|faint|p2a: Bisharp
|-ability|p1a: Buzzwole|Beast Boost|boost
|-boost|p1a: Buzzwole|def|1
|
|upkeep
|
|t:|1658933164
|switch|p2a: Blacephalon|Blacephalon|100/100
|turn|38
|
|t:|1658933171
|switch|p1a: Heatran|Heatran, M|100/100
|move|p2a: Blacephalon|Shadow Ball|p1a: Heatran
|-damage|p1a: Heatran|71/100
|
|-heal|p1a: Heatran|77/100|[from] item: Leftovers
|upkeep
|turn|39
|
|t:|1658933180
|switch|p2a: Zapdos|Zapdos|72/100 tox
|move|p1a: Heatran|Magma Storm|p2a: Zapdos
|-damage|p2a: Zapdos|31/100 tox
|-activate|p2a: Zapdos|move: Magma Storm|[of] p1a: Heatran
|
|-heal|p1a: Heatran|83/100|[from] item: Leftovers
|-damage|p2a: Zapdos|25/100 tox|[from] psn
|-damage|p2a: Zapdos|12/100 tox|[from] move: Magma Storm|[partiallytrapped]
|upkeep
|turn|40
|
|t:|1658933192
|move|p2a: Zapdos|Discharge|p1a: Heatran
|-damage|p1a: Heatran|64/100
|move|p1a: Heatran|Stealth Rock|p2a: Zapdos
|-sidestart|p2: JooshP|move: Stealth Rock
|
|-heal|p1a: Heatran|70/100|[from] item: Leftovers
|-damage|p2a: Zapdos|0 fnt|[from] psn
|faint|p2a: Zapdos
|upkeep
|
|t:|1658933197
|switch|p2a: Salamence|Salamence, M|23/100
|turn|41
|
|t:|1658933203
|switch|p1a: Buzzwole|Buzzwole|42/100 par
|move|p2a: Salamence|Dragon Claw|p1a: Buzzwole
|-crit|p1a: Buzzwole
|-damage|p1a: Buzzwole|9/100 par
|
|upkeep
|turn|42
|
|t:|1658933207
|move|p2a: Salamence|Dragon Claw|p1a: Buzzwole
|-damage|p1a: Buzzwole|0 fnt
|faint|p1a: Buzzwole
|-ability|p2a: Salamence|Moxie|boost
|-boost|p2a: Salamence|atk|1
|
|upkeep
|
|t:|1658933215
|switch|p1a: Kartana|Kartana|15/100
|turn|43
|
|t:|1658933222
|move|p1a: Kartana|Knock Off|p2a: Salamence
|-damage|p2a: Salamence|0 fnt
|-enditem|p2a: Salamence|Heavy-Duty Boots|[from] move: Knock Off|[of] p1a: Kartana
|faint|p2a: Salamence
|-ability|p1a: Kartana|Beast Boost|boost
|-boost|p1a: Kartana|atk|1
|
|upkeep
|
|t:|1658933226
|switch|p2a: Blacephalon|Blacephalon|100/100
|-damage|p2a: Blacephalon|76/100|[from] Stealth Rock
|turn|44
|
|t:|1658933233
|move|p1a: Kartana|Knock Off|p2a: Blacephalon
|-supereffective|p2a: Blacephalon
|-damage|p2a: Blacephalon|0 fnt
|-enditem|p2a: Blacephalon|Choice Scarf|[from] move: Knock Off|[of] p1a: Kartana
|faint|p2a: Blacephalon
|-ability|p1a: Kartana|Beast Boost|boost
|-boost|p1a: Kartana|atk|1
|
|upkeep
|-message|JooshP forfeited.
|
|win|cogonahorse
|raw|cogonahorse's rating: 1657 &rarr; <strong>1684</strong><br />(+27 for winning)
|raw|JooshP's rating: 1781 &rarr; <strong>1754</strong><br />(-27 for losing)
|l|☆JooshP
