|raw|<div class="broadcast-blue"><strong>This battle is required to be public due to a player having a name starting with 'lt81yl'.</div>
|j|☆LT81YL Popstar
|j|☆Lenape
|t:|1625251953
|gametype|singles
|player|p1|LT81YL Popstar|lady-gen4|1959
|player|p2|Lenape|2|1938
|teamsize|p1|6
|teamsize|p2|6
|gen|8
|tier|[Gen 8] OU
|rated|
|rule|Sleep Clause Mod: Limit one foe put to sleep
|rule|Species Clause: Limit one of each Pokémon
|rule|OHKO Clause: OHKO moves are banned
|rule|Evasion Moves Clause: Evasion moves are banned
|rule|Endless Battle Clause: Forcing endless battles is banned
|rule|HP Percentage Mod: HP is shown in percentages
|rule|Dynamax Clause: You cannot dynamax
|clearpoke
|poke|p1|Landorus-Therian, M|
|poke|p1|Ferrothorn, M|
|poke|p1|Clefable, M|
|poke|p1|Tornadus-Therian, M|
|poke|p1|Slowbro, F|
|poke|p1|Heatran, M|
|poke|p2|Rotom-Heat|
|poke|p2|Corviknight, M|
|poke|p2|Sylveon, F|
|poke|p2|Rhyperior, M|
|poke|p2|Toxapex, F|
|poke|p2|Umbreon, M|
|teampreview
|j| Isza
|j| egalvanc
|j| Neon
|j| applezucchini
|j| reje
|inactive|Battle timer is ON: inactive players will automatically lose when time's up. (requested by Lenape)
|j| Maxance
|
|t:|1625251963
|start
|switch|p1a: Tornadus|Tornadus-Therian, M|100/100
|switch|p2a: Rotom|Rotom-Heat|100/100
|turn|1
|l| Maxance
|j| BasedWhat? ♪
|
|t:|1625251972
|move|p1a: Tornadus|U-turn|p2a: Rotom
|-resisted|p2a: Rotom
|-damage|p2a: Rotom|94/100
|j| LT81YL yarx
|j| 64 squares
|j| Maxance
|l| Maxance
|
|t:|1625251986
|switch|p1a: Slowbro|Slowbro, F|100/100|[from]move: U-turn
|move|p2a: Rotom|Trick|p1a: Slowbro
|-activate|p2a: Rotom|move: Trick|[of] p1a: Slowbro
|-item|p1a: Slowbro|Choice Scarf|[from] move: Trick
|-item|p2a: Rotom|Rocky Helmet|[from] move: Trick
|
|upkeep
|turn|2
|
|t:|1625251997
|move|p2a: Rotom|Discharge|p1a: Slowbro
|-supereffective|p1a: Slowbro
|-damage|p1a: Slowbro|43/100
|-status|p1a: Slowbro|par
|move|p1a: Slowbro|Scald|p2a: Rotom
|-supereffective|p2a: Rotom
|-damage|p2a: Rotom|39/100
|
|upkeep
|turn|3
|
|t:|1625252012
|switch|p1a: Tornadus|Tornadus-Therian, M|100/100
|move|p2a: Rotom|Discharge|p1a: Tornadus
|-supereffective|p1a: Tornadus
|-damage|p1a: Tornadus|43/100
|
|upkeep
|turn|4
|
|t:|1625252019
|move|p1a: Tornadus|U-turn|p2a: Rotom
|-resisted|p2a: Rotom
|-damage|p2a: Rotom|32/100
|-damage|p1a: Tornadus|27/100|[from] item: Rocky Helmet|[of] p2a: Rotom
|
|t:|1625252024
|switch|p1a: Heatran|Heatran, M|100/100|[from]move: U-turn
|move|p2a: Rotom|Will-O-Wisp|p1a: Heatran
|-start|p1a: Heatran|ability: Flash Fire
|
|upkeep
|turn|5
|j| mael
|j| LT81YL Tace
|
|t:|1625252031
|move|p2a: Rotom|Discharge|p1a: Heatran
|-crit|p1a: Heatran
|-damage|p1a: Heatran|73/100
|move|p1a: Heatran|Magma Storm|p2a: Rotom|[miss]
|-miss|p1a: Heatran|p2a: Rotom
|
|-heal|p1a: Heatran|79/100|[from] item: Leftovers
|upkeep
|turn|6
|
|t:|1625252035
|move|p2a: Rotom|Discharge|p1a: Heatran
|-damage|p1a: Heatran|60/100
|move|p1a: Heatran|Magma Storm|p2a: Rotom|[miss]
|-miss|p1a: Heatran|p2a: Rotom
|
|-heal|p1a: Heatran|66/100|[from] item: Leftovers
|upkeep
|turn|7
|
|t:|1625252038
|move|p2a: Rotom|Discharge|p1a: Heatran
|-damage|p1a: Heatran|48/100
|move|p1a: Heatran|Magma Storm|p2a: Rotom|[miss]
|-miss|p1a: Heatran|p2a: Rotom
|
|-heal|p1a: Heatran|55/100|[from] item: Leftovers
|upkeep
|turn|8
|
|t:|1625252041
|move|p2a: Rotom|Discharge|p1a: Heatran
|-damage|p1a: Heatran|37/100
|move|p1a: Heatran|Magma Storm|p2a: Rotom
|-resisted|p2a: Rotom
|-damage|p2a: Rotom|1/100
|-activate|p2a: Rotom|move: Magma Storm|[of] p1a: Heatran
|
|-heal|p1a: Heatran|43/100|[from] item: Leftovers
|-damage|p2a: Rotom|0 fnt|[from] move: Magma Storm|[partiallytrapped]
|faint|p2a: Rotom
|upkeep
|
|t:|1625252044
|switch|p2a: Rhyperior|Rhyperior, M|100/100
|turn|9
|
|t:|1625252051
|-end|p1a: Heatran|ability: Flash Fire|[silent]
|switch|p1a: Landorus|Landorus-Therian, M|100/100
|-ability|p1a: Landorus|Intimidate|boost
|-unboost|p2a: Rhyperior|atk|1
|move|p2a: Rhyperior|Stealth Rock|p1a: Landorus
|-sidestart|p1: LT81YL Popstar|move: Stealth Rock
|
|upkeep
|turn|10
|
|t:|1625252058
|switch|p2a: Corviknight|Corviknight, M|100/100
|-ability|p2a: Corviknight|Pressure
|move|p1a: Landorus|U-turn|p2a: Corviknight
|-resisted|p2a: Corviknight
|-damage|p2a: Corviknight|96/100
|
|t:|1625252061
|switch|p1a: Tornadus|Tornadus-Therian, M|60/100|[from]move: U-turn
|
|upkeep
|turn|11
|j| aimcrazygirl
|
|t:|1625252065
|switch|p2a: Rhyperior|Rhyperior, M|100/100
|move|p1a: Tornadus|Defog|p2a: Rhyperior
|-unboost|p2a: Rhyperior|evasion|1
|-sideend|p1: LT81YL Popstar|Stealth Rock|[from] move: Defog|[of] p1a: Tornadus
|
|upkeep
|turn|12
|
|t:|1625252069
|move|p1a: Tornadus|U-turn|p2a: Rhyperior
|-damage|p2a: Rhyperior|93/100
|
|t:|1625252071
|switch|p1a: Landorus|Landorus-Therian, M|100/100|[from]move: U-turn
|-ability|p1a: Landorus|Intimidate|boost
|-unboost|p2a: Rhyperior|atk|1
|move|p2a: Rhyperior|Stealth Rock|p1a: Landorus
|-sidestart|p1: LT81YL Popstar|move: Stealth Rock
|
|-heal|p2a: Rhyperior|99/100|[from] item: Leftovers
|upkeep
|turn|13
|j| Cachou10
|
|t:|1625252077
|switch|p2a: Corviknight|Corviknight, M|96/100
|-ability|p2a: Corviknight|Pressure
|move|p1a: Landorus|Knock Off|p2a: Corviknight
|-damage|p2a: Corviknight|72/100
|-enditem|p2a: Corviknight|Life Orb|[from] move: Knock Off|[of] p1a: Landorus
|
|upkeep
|turn|14
|
|t:|1625252084
|move|p1a: Landorus|U-turn|p2a: Corviknight
|-resisted|p2a: Corviknight
|-damage|p2a: Corviknight|68/100
|
|t:|1625252088
|switch|p1a: Clefable|Clefable, M|100/100|[from]move: U-turn
|move|p2a: Corviknight|Substitute|p2a: Corviknight
|-start|p2a: Corviknight|Substitute
|-damage|p2a: Corviknight|43/100
|
|upkeep
|turn|15
|
|t:|1625252092
|move|p2a: Corviknight|Roost|p2a: Corviknight
|-heal|p2a: Corviknight|93/100
|-singleturn|p2a: Corviknight|move: Roost
|move|p1a: Clefable|Calm Mind|p1a: Clefable
|-boost|p1a: Clefable|spa|1
|-boost|p1a: Clefable|spd|1
|
|upkeep
|turn|16
|
|t:|1625252095
|move|p2a: Corviknight|Brave Bird|p1a: Clefable
|-damage|p1a: Clefable|56/100
|-damage|p2a: Corviknight|79/100|[from] Recoil
|move|p1a: Clefable|Calm Mind|p1a: Clefable
|-boost|p1a: Clefable|spa|1
|-boost|p1a: Clefable|spd|1
|
|upkeep
|turn|17
|
|t:|1625252098
|move|p2a: Corviknight|Brave Bird|p1a: Clefable
|-damage|p1a: Clefable|10/100
|-damage|p2a: Corviknight|64/100|[from] Recoil
|move|p1a: Clefable|Soft-Boiled|p1a: Clefable
|-heal|p1a: Clefable|60/100
|
|upkeep
|turn|18
|
|t:|1625252101
|move|p2a: Corviknight|Brave Bird|p1a: Clefable
|-damage|p1a: Clefable|17/100
|-damage|p2a: Corviknight|50/100|[from] Recoil
|move|p1a: Clefable|Soft-Boiled|p1a: Clefable
|-heal|p1a: Clefable|67/100
|
|upkeep
|turn|19
|
|t:|1625252104
|move|p2a: Corviknight|Roost|p2a: Corviknight
|-heal|p2a: Corviknight|99/100
|-singleturn|p2a: Corviknight|move: Roost
|move|p1a: Clefable|Soft-Boiled|p1a: Clefable
|-heal|p1a: Clefable|100/100
|
|upkeep
|turn|20
|j| Shiox
|
|t:|1625252117
|switch|p2a: Toxapex|Toxapex, F|100/100
|move|p1a: Clefable|Moonblast|p2a: Toxapex
|-resisted|p2a: Toxapex
|-damage|p2a: Toxapex|66/100
|-unboost|p2a: Toxapex|spa|1
|
|-heal|p2a: Toxapex|73/100|[from] item: Black Sludge
|upkeep
|turn|21
|
|t:|1625252120
|move|p1a: Clefable|Thunder|p2a: Toxapex
|-supereffective|p2a: Toxapex
|-damage|p2a: Toxapex|0 fnt
|faint|p2a: Toxapex
|
|upkeep
|
|t:|1625252123
|switch|p2a: Rhyperior|Rhyperior, M|99/100
|turn|22
|
|t:|1625252125
|move|p1a: Clefable|Moonblast|p2a: Rhyperior
|-crit|p2a: Rhyperior
|-damage|p2a: Rhyperior|0 fnt
|faint|p2a: Rhyperior
|
|upkeep
|
|t:|1625252129
|switch|p2a: Sylveon|Sylveon, F|100/100
|turn|23
|
|t:|1625252130
|move|p1a: Clefable|Moonblast|p2a: Sylveon
|-damage|p2a: Sylveon|57/100
|move|p2a: Sylveon|Calm Mind|p2a: Sylveon
|-boost|p2a: Sylveon|spa|1
|-boost|p2a: Sylveon|spd|1
|
|-heal|p2a: Sylveon|63/100|[from] item: Leftovers
|upkeep
|turn|24
|
|t:|1625252138
|switch|p1a: Heatran|Heatran, M|43/100
|-damage|p1a: Heatran|31/100|[from] Stealth Rock
|move|p2a: Sylveon|Wish|p2a: Sylveon
|
|-heal|p1a: Heatran|37/100|[from] item: Leftovers
|-heal|p2a: Sylveon|69/100|[from] item: Leftovers
|upkeep
|turn|25
|
|t:|1625252144
|move|p1a: Heatran|Toxic|p2a: Sylveon
|-status|p2a: Sylveon|tox
|move|p2a: Sylveon|Calm Mind|p2a: Sylveon
|-boost|p2a: Sylveon|spa|1
|-boost|p2a: Sylveon|spd|1
|
|-heal|p2a: Sylveon|100/100 tox|[from] move: Wish|[wisher] Sylveon
|-heal|p1a: Heatran|43/100|[from] item: Leftovers
|-damage|p2a: Sylveon|94/100 tox|[from] psn
|upkeep
|turn|26
|j| Zoro666
|
|t:|1625252148
|move|p1a: Heatran|Taunt|p2a: Sylveon
|-start|p2a: Sylveon|move: Taunt
|move|p2a: Sylveon|Hyper Voice|p1a: Heatran
|-resisted|p1a: Heatran
|-damage|p1a: Heatran|32/100
|
|-heal|p1a: Heatran|38/100|[from] item: Leftovers
|-heal|p2a: Sylveon|100/100 tox|[from] item: Leftovers
|-damage|p2a: Sylveon|88/100 tox|[from] psn
|upkeep
|turn|27
|
|t:|1625252152
|switch|p2a: Umbreon|Umbreon, M|100/100
|move|p1a: Heatran|Earth Power|p2a: Umbreon
|-damage|p2a: Umbreon|83/100
|
|-heal|p1a: Heatran|44/100|[from] item: Leftovers
|-heal|p2a: Umbreon|89/100|[from] item: Leftovers
|upkeep
|turn|28
|
|t:|1625252155
|switch|p1a: Tornadus|Tornadus-Therian, M|93/100
|move|p2a: Umbreon|Foul Play|p1a: Tornadus
|-damage|p1a: Tornadus|61/100
|
|-heal|p2a: Umbreon|95/100|[from] item: Leftovers
|upkeep
|turn|29
|
|t:|1625252159
|move|p1a: Tornadus|Defog|p2a: Umbreon
|-unboost|p2a: Umbreon|evasion|1
|-sideend|p1: LT81YL Popstar|Stealth Rock|[from] move: Defog|[of] p1a: Tornadus
|move|p2a: Umbreon|Heal Bell|p2a: Umbreon
|-activate|p2a: Umbreon|move: Heal Bell
|-curestatus|p2: Sylveon|tox|[msg]
|
|-heal|p2a: Umbreon|100/100|[from] item: Leftovers
|upkeep
|turn|30
|
|t:|1625252162
|move|p1a: Tornadus|U-turn|p2a: Umbreon
|-supereffective|p2a: Umbreon
|-damage|p2a: Umbreon|83/100
|j| TM_Temp
|
|t:|1625252166
|switch|p1a: Clefable|Clefable, M|100/100|[from]move: U-turn
|move|p2a: Umbreon|Wish|p2a: Umbreon
|
|-heal|p2a: Umbreon|89/100|[from] item: Leftovers
|upkeep
|turn|31
|
|t:|1625252170
|switch|p2a: Sylveon|Sylveon, F|88/100
|move|p1a: Clefable|Calm Mind|p1a: Clefable
|-boost|p1a: Clefable|spa|1
|-boost|p1a: Clefable|spd|1
|
|-heal|p2a: Sylveon|100/100|[from] move: Wish|[wisher] Umbreon
|upkeep
|turn|32
|
|t:|1625252176
|switch|p1a: Landorus|Landorus-Therian, M|100/100
|-ability|p1a: Landorus|Intimidate|boost
|-unboost|p2a: Sylveon|atk|1
|move|p2a: Sylveon|Calm Mind|p2a: Sylveon
|-boost|p2a: Sylveon|spa|1
|-boost|p2a: Sylveon|spd|1
|
|upkeep
|turn|33
|
|t:|1625252178
|move|p2a: Sylveon|Protect|p2a: Sylveon
|-singleturn|p2a: Sylveon|Protect
|move|p1a: Landorus|Stealth Rock|p2a: Sylveon
|-sidestart|p2: Lenape|move: Stealth Rock
|
|upkeep
|turn|34
|
|t:|1625252182
|move|p1a: Landorus|Knock Off|p2a: Sylveon
|-resisted|p2a: Sylveon
|-damage|p2a: Sylveon|81/100
|-enditem|p2a: Sylveon|Leftovers|[from] move: Knock Off|[of] p1a: Landorus
|move|p2a: Sylveon|Hyper Voice|p1a: Landorus
|-damage|p1a: Landorus|44/100
|
|-heal|p1a: Landorus|50/100|[from] item: Leftovers
|upkeep
|turn|35
|
|t:|1625252187
|move|p1a: Landorus|U-turn|p2a: Sylveon
|-resisted|p2a: Sylveon
|-damage|p2a: Sylveon|67/100
|
|t:|1625252189
|switch|p1a: Ferrothorn|Ferrothorn, M|100/100|[from]move: U-turn
|move|p2a: Sylveon|Hyper Voice|p1a: Ferrothorn
|-resisted|p1a: Ferrothorn
|-crit|p1a: Ferrothorn
|-damage|p1a: Ferrothorn|66/100
|
|-heal|p1a: Ferrothorn|72/100|[from] item: Leftovers
|upkeep
|turn|36
|
|t:|1625252195
|move|p2a: Sylveon|Wish|p2a: Sylveon
|move|p1a: Ferrothorn|Leech Seed|p2a: Sylveon
|-start|p2a: Sylveon|move: Leech Seed
|
|-heal|p1a: Ferrothorn|78/100|[from] item: Leftovers
|-damage|p2a: Sylveon|55/100|[from] Leech Seed|[of] p1a: Ferrothorn
|-heal|p1a: Ferrothorn|92/100|[silent]
|upkeep
|turn|37
|
|t:|1625252197
|move|p2a: Sylveon|Calm Mind|p2a: Sylveon
|-boost|p2a: Sylveon|spa|1
|-boost|p2a: Sylveon|spd|1
|move|p1a: Ferrothorn|Leech Seed||[still]
|-fail|p1a: Ferrothorn
|
|-heal|p2a: Sylveon|100/100|[from] move: Wish|[wisher] Sylveon
|-heal|p1a: Ferrothorn|98/100|[from] item: Leftovers
|-damage|p2a: Sylveon|88/100|[from] Leech Seed|[of] p1a: Ferrothorn
|-heal|p1a: Ferrothorn|100/100|[silent]
|upkeep
|turn|38
|
|t:|1625252200
|switch|p2a: Corviknight|Corviknight, M|99/100
|-damage|p2a: Corviknight|87/100|[from] Stealth Rock
|-ability|p2a: Corviknight|Pressure
|move|p1a: Ferrothorn|Iron Head|p2a: Corviknight
|-resisted|p2a: Corviknight
|-damage|p2a: Corviknight|77/100
|
|upkeep
|turn|39
|
|t:|1625252203
|switch|p1a: Heatran|Heatran, M|44/100
|move|p2a: Corviknight|Substitute|p2a: Corviknight
|-start|p2a: Corviknight|Substitute
|-damage|p2a: Corviknight|52/100
|
|-heal|p1a: Heatran|50/100|[from] item: Leftovers
|upkeep
|turn|40
|
|t:|1625252206
|move|p1a: Heatran|Taunt|p2a: Corviknight
|-start|p2a: Corviknight|move: Taunt
|move|p2a: Corviknight|Brave Bird|p1a: Heatran
|-resisted|p1a: Heatran
|-crit|p1a: Heatran
|-damage|p1a: Heatran|18/100
|-damage|p2a: Corviknight|42/100|[from] Recoil
|
|-heal|p1a: Heatran|24/100|[from] item: Leftovers
|upkeep
|turn|41
|
|t:|1625252215
|switch|p1a: Ferrothorn|Ferrothorn, M|100/100
|move|p2a: Corviknight|Brave Bird|p1a: Ferrothorn
|-damage|p1a: Ferrothorn|67/100
|-damage|p2a: Corviknight|30/100|[from] ability: Iron Barbs|[of] p1a: Ferrothorn
|-damage|p2a: Corviknight|20/100|[from] Recoil
|
|-heal|p1a: Ferrothorn|73/100|[from] item: Leftovers
|upkeep
|turn|42
|-message|Lenape forfeited.
|
|win|LT81YL Popstar
|raw|LT81YL Popstar's rating: 1959 &rarr; <strong>1978</strong><br />(+19 for winning)
|raw|Lenape's rating: 1938 &rarr; <strong>1919</strong><br />(-19 for losing)
|l|☆Lenape
|l|☆LT81YL Popstar
|l| aimcrazygirl
|l| 64 squares
|l| reje
||Ladder isn't responding, score probably updated but might not have (Request timeout).
|l| TM_Temp
|l| Zoro666
|l| LT81YL Tace
