|j|☆LexVivaire
|j|☆Mel2345
|inactive|Battle timer is ON: inactive players will automatically lose when time's up.
|t:|1636475196
|gametype|singles
|player|p1|LexVivaire|byron|
|player|p2|Mel2345|cheren-gen5bw2|
|teamsize|p1|6
|teamsize|p2|6
|gen|8
|tier|[Gen 8] OU
|rated|Tournament battle
|rule|Sleep Clause Mod: Limit one foe put to sleep
|rule|Species Clause: Limit one of each Pokémon
|rule|OHKO Clause: OHKO moves are banned
|rule|Evasion Moves Clause: Evasion moves are banned
|rule|Endless Battle Clause: Forcing endless battles is banned
|rule|HP Percentage Mod: HP is shown in percentages
|rule|Dynamax Clause: You cannot dynamax
|clearpoke
|poke|p1|Tapu Koko|
|poke|p1|Melmetal|
|poke|p1|Clefable, F|
|poke|p1|Landorus-Therian, M|
|poke|p1|Toxapex, M|
|poke|p1|Tornadus-Therian, M|
|poke|p2|Cresselia, F|
|poke|p2|Marowak-Alola, M|
|poke|p2|Melmetal|
|poke|p2|Crawdaunt, M|
|poke|p2|Hatterene, F|
|poke|p2|Porygon2|
|teampreview
|j|*Lady Monita ☽
|j| BB-8-NU
|inactive|Mel2345 also wants the timer to be on.
|j| JoseGabriel1303
|j| marko14404444
|j| daniYSB
|j| Junior743
|c|☆Mel2345|hf
|j| Tiru
|j| hexadrigon
|
|t:|1636475216
|start
|switch|p1a: Tapu Koko|Tapu Koko|100/100
|switch|p2a: Hatterene|Hatterene, F|100/100
|-fieldstart|move: Electric Terrain|[from] ability: Electric Surge|[of] p1a: Tapu Koko
|turn|1
|
|t:|1636475221
|move|p1a: Tapu Koko|Thunderbolt|p2a: Hatterene
|-damage|p2a: Hatterene|53/100
|move|p2a: Hatterene|Trick Room|p2a: Hatterene
|-fieldstart|move: Trick Room|[of] p2a: Hatterene
|
|upkeep
|turn|2
|
|t:|1636475225
|move|p2a: Hatterene|Psychic|p1a: Tapu Koko
|-damage|p1a: Tapu Koko|42/100
|-unboost|p1a: Tapu Koko|spd|1
|move|p1a: Tapu Koko|Volt Switch|p2a: Hatterene
|-damage|p2a: Hatterene|15/100
|j| Manuacs05
|
|t:|1636475254
|switch|p1a: Tornadus|Tornadus-Therian, M|100/100|[from]move: Volt Switch
|
|upkeep
|turn|3
|
|t:|1636475260
|move|p2a: Hatterene|Psychic|p1a: Tornadus
|-damage|p1a: Tornadus|62/100
|move|p1a: Tornadus|Knock Off|p2a: Hatterene
|-damage|p2a: Hatterene|0 fnt
|-enditem|p2a: Hatterene|Focus Sash|[from] move: Knock Off|[of] p1a: Tornadus
|faint|p2a: Hatterene
|
|upkeep
|j| ii77
|
|t:|1636475268
|switch|p2a: Marowak|Marowak-Alola, M|100/100
|turn|4
|j| Tiberius the Great
|
|t:|1636475273
|switch|p1a: Landorus|Landorus-Therian, M|100/100
|-ability|p1a: Landorus|Intimidate|boost
|-unboost|p2a: Marowak|atk|1
|move|p2a: Marowak|Poltergeist|p1a: Landorus
|-activate|p1a: Landorus|move: Poltergeist|Leftovers
|-damage|p1a: Landorus|41/100
|
|-heal|p1a: Landorus|47/100|[from] item: Leftovers
|upkeep
|turn|5
|l| Tiberius the Great
|j| Oreotrague
|
|t:|1636475283
|move|p2a: Marowak|Poltergeist|p1a: Landorus
|-activate|p1a: Landorus|move: Poltergeist|Leftovers
|-damage|p1a: Landorus|0 fnt
|faint|p1a: Landorus
|
|-fieldend|move: Trick Room
|-fieldend|move: Electric Terrain
|upkeep
|j| Arjun_OP
|
|t:|1636475292
|switch|p1a: Tornadus|Tornadus-Therian, M|95/100
|turn|6
|l| Arjun_OP
|
|t:|1636475298
|switch|p2a: Porygon2|Porygon2|100/100
|move|p1a: Tornadus|U-turn|p2a: Porygon2
|-crit|p2a: Porygon2
|-damage|p2a: Porygon2|89/100
|
|t:|1636475304
|switch|p1a: Melmetal|Melmetal|100/100|[from]move: U-turn
|
|upkeep
|turn|7
|
|t:|1636475307
|move|p1a: Melmetal|Substitute|p1a: Melmetal
|-start|p1a: Melmetal|Substitute
|-damage|p1a: Melmetal|76/100
|move|p2a: Porygon2|Trick Room|p2a: Porygon2
|-fieldstart|move: Trick Room|[of] p2a: Porygon2
|
|-heal|p1a: Melmetal|82/100|[from] item: Leftovers
|upkeep
|turn|8
|j| thelegendsrevamped
|
|t:|1636475313
|move|p1a: Melmetal|Acid Armor|p1a: Melmetal
|-boost|p1a: Melmetal|def|2
|move|p2a: Porygon2|Teleport|p2a: Porygon2
|
|t:|1636475319
|switch|p2a: Marowak|Marowak-Alola, M|100/100|[from]move: Teleport
|
|-heal|p1a: Melmetal|88/100|[from] item: Leftovers
|upkeep
|turn|9
|
|t:|1636475324
|move|p2a: Marowak|Flare Blitz|p1a: Melmetal
|-supereffective|p1a: Melmetal
|-end|p1a: Melmetal|Substitute
|move|p1a: Melmetal|Double Iron Bash|p2a: Marowak
|-resisted|p2a: Marowak
|-damage|p2a: Marowak|84/100
|-resisted|p2a: Marowak
|-damage|p2a: Marowak|66/100
|-hitcount|p2a: Marowak|2
|
|-heal|p1a: Melmetal|94/100|[from] item: Leftovers
|upkeep
|turn|10
|c| thelegendsrevamped|owo,
|
|t:|1636475332
|switch|p1a: Toxapex|Toxapex, M|100/100
|move|p2a: Marowak|Flare Blitz|p1a: Toxapex
|-resisted|p1a: Toxapex
|-damage|p1a: Toxapex|64/100
|
|upkeep
|turn|11
|
|t:|1636475342
|move|p1a: Toxapex|Scald|p2a: Marowak
|-supereffective|p2a: Marowak
|-damage|p2a: Marowak|27/100
|move|p2a: Marowak|Earthquake|p1a: Toxapex
|-supereffective|p1a: Toxapex
|-damage|p1a: Toxapex|0 fnt
|faint|p1a: Toxapex
|
|-fieldend|move: Trick Room
|upkeep
|
|t:|1636475350
|switch|p1a: Tornadus|Tornadus-Therian, M|100/100
|turn|12
|
|t:|1636475356
|switch|p2a: Porygon2|Porygon2|89/100
|move|p1a: Tornadus|Knock Off|p2a: Porygon2
|-damage|p2a: Porygon2|78/100
|-enditem|p2a: Porygon2|Eviolite|[from] move: Knock Off|[of] p1a: Tornadus
|
|upkeep
|turn|13
|
|t:|1636475361
|move|p1a: Tornadus|U-turn|p2a: Porygon2
|-damage|p2a: Porygon2|67/100
|
|t:|1636475363
|switch|p1a: Melmetal|Melmetal|94/100|[from]move: U-turn
|move|p2a: Porygon2|Trick Room|p2a: Porygon2
|-fieldstart|move: Trick Room|[of] p2a: Porygon2
|
|-heal|p1a: Melmetal|99/100|[from] item: Leftovers
|upkeep
|turn|14
|
|t:|1636475366
|move|p1a: Melmetal|Substitute|p1a: Melmetal
|-start|p1a: Melmetal|Substitute
|-damage|p1a: Melmetal|75/100
|move|p2a: Porygon2|Teleport|p2a: Porygon2
|
|t:|1636475369
|switch|p2a: Marowak|Marowak-Alola, M|27/100|[from]move: Teleport
|
|-heal|p1a: Melmetal|82/100|[from] item: Leftovers
|upkeep
|turn|15
|
|t:|1636475375
|move|p2a: Marowak|Flare Blitz|p1a: Melmetal
|-supereffective|p1a: Melmetal
|-end|p1a: Melmetal|Substitute
|move|p1a: Melmetal|Double Iron Bash|p2a: Marowak
|-resisted|p2a: Marowak
|-damage|p2a: Marowak|9/100
|-resisted|p2a: Marowak
|-damage|p2a: Marowak|0 fnt
|faint|p2a: Marowak
|-hitcount|p2: Marowak|2
|
|-heal|p1a: Melmetal|88/100|[from] item: Leftovers
|upkeep
|
|t:|1636475379
|switch|p2a: Melmetal|Melmetal|100/100
|turn|16
|
|t:|1636475390
|switch|p1a: Tornadus|Tornadus-Therian, M|100/100
|move|p2a: Melmetal|Double Iron Bash|p1a: Tornadus
|-damage|p1a: Tornadus|29/100
|-damage|p1a: Tornadus|0 fnt
|faint|p1a: Tornadus
|-hitcount|p1: Tornadus|2
|
|upkeep
|
|t:|1636475404
|switch|p1a: Tapu Koko|Tapu Koko|42/100
|-fieldstart|move: Electric Terrain|[from] ability: Electric Surge|[of] p1a: Tapu Koko
|turn|17
|l| daniYSB
|
|t:|1636475418
|move|p2a: Melmetal|Double Iron Bash|p1a: Tapu Koko
|-damage|p1a: Tapu Koko|0 fnt
|faint|p1a: Tapu Koko
|-hitcount|p1: Tapu Koko|1
|
|-fieldend|move: Trick Room
|upkeep
|
|t:|1636475420
|switch|p1a: Melmetal|Melmetal|88/100
|turn|18
|
|t:|1636475426
|move|p1a: Melmetal|Acid Armor|p1a: Melmetal
|-boost|p1a: Melmetal|def|2
|move|p2a: Melmetal|Double Iron Bash|p1a: Melmetal
|-resisted|p1a: Melmetal
|-damage|p1a: Melmetal|79/100
|-resisted|p1a: Melmetal
|-damage|p1a: Melmetal|70/100
|-hitcount|p1a: Melmetal|2
|
|-heal|p1a: Melmetal|76/100|[from] item: Leftovers
|upkeep
|turn|19
|
|t:|1636475430
|switch|p2a: Cresselia|Cresselia, F|100/100
|move|p1a: Melmetal|Substitute|p1a: Melmetal
|-start|p1a: Melmetal|Substitute
|-damage|p1a: Melmetal|51/100
|
|-heal|p1a: Melmetal|57/100|[from] item: Leftovers
|upkeep
|turn|20
|
|t:|1636475434
|move|p1a: Melmetal|Acid Armor|p1a: Melmetal
|-boost|p1a: Melmetal|def|2
|move|p2a: Cresselia|Trick Room|p2a: Cresselia
|-fieldstart|move: Trick Room|[of] p2a: Cresselia
|
|-heal|p1a: Melmetal|63/100|[from] item: Leftovers
|upkeep
|turn|21
|
|t:|1636475443
|move|p1a: Melmetal|Acid Armor|p1a: Melmetal
|-boost|p1a: Melmetal|def|2
|move|p2a: Cresselia|Lunar Dance|p2a: Cresselia
|faint|p2a: Cresselia
|
|-heal|p1a: Melmetal|70/100|[from] item: Leftovers
|-fieldend|move: Electric Terrain
|upkeep
|
|t:|1636475445
|switch|p2a: Crawdaunt|Crawdaunt, M|100/100
|turn|22
|
|t:|1636475449
|move|p2a: Crawdaunt|Crabhammer|p1a: Melmetal
|-activate|p1a: Melmetal|move: Substitute|[damage]
|-damage|p2a: Crawdaunt|90/100|[from] item: Life Orb
|move|p1a: Melmetal|Body Press|p2a: Crawdaunt
|-supereffective|p2a: Crawdaunt
|-damage|p2a: Crawdaunt|0 fnt
|faint|p2a: Crawdaunt
|
|-heal|p1a: Melmetal|76/100|[from] item: Leftovers
|upkeep
|
|t:|1636475453
|switch|p2a: Melmetal|Melmetal|100/100
|-heal|p2a: Melmetal|100/100|[from] move: Lunar Dance
|turn|23
|
|t:|1636475458
|move|p2a: Melmetal|Earthquake|p1a: Melmetal
|-supereffective|p1a: Melmetal
|-end|p1a: Melmetal|Substitute
|move|p1a: Melmetal|Substitute|p1a: Melmetal
|-start|p1a: Melmetal|Substitute
|-damage|p1a: Melmetal|51/100
|
|-heal|p1a: Melmetal|57/100|[from] item: Leftovers
|upkeep
|turn|24
|
|t:|1636475463
|move|p2a: Melmetal|Earthquake|p1a: Melmetal
|-supereffective|p1a: Melmetal
|-activate|p1a: Melmetal|move: Substitute|[damage]
|move|p1a: Melmetal|Body Press|p2a: Melmetal
|-supereffective|p2a: Melmetal
|-damage|p2a: Melmetal|0 fnt
|faint|p2a: Melmetal
|
|-heal|p1a: Melmetal|63/100|[from] item: Leftovers
|-fieldend|move: Trick Room
|upkeep
|
|t:|1636475466
|switch|p2a: Porygon2|Porygon2|67/100
|turn|25
|c|☆Mel2345|gg
|
|t:|1636475471
|move|p2a: Porygon2|Ice Beam|p1a: Melmetal
|-resisted|p1a: Melmetal
|-activate|p1a: Melmetal|move: Substitute|[damage]
|move|p1a: Melmetal|Body Press|p2a: Porygon2
|-supereffective|p2a: Porygon2
|-damage|p2a: Porygon2|0 fnt
|faint|p2a: Porygon2
|
|win|LexVivaire
|n|☆LexVivaire|lexvivaire
|n|☆Mel2345|mel2345
|n|*Lady Monita ☽|ladymonita
|n| BB-8-NU|bb8nu
|n| JoseGabriel1303|josegabriel1303
|n| marko14404444|marko14404444
|n| Junior743|junior743
|n| Tiru|tiru
|n| hexadrigon|hexadrigon
|n| Manuacs05|manuacs05
|n| ii77|ii77
|n| Oreotrague|oreotrague
|n| thelegendsrevamped|thelegendsrevamped
|l|*Lady Monita ☽
|l| BB-8-NU
|l| hexadrigon
|j| 8gates
|l|☆Mel2345
|l| Junior743
