|j|☆GeektorSenpai
|j|☆PQPP214
|t:|1645664232
|gametype|singles
|player|p1|GeektorSenpai|101|1414
|player|p2|PQPP214|266|1456
|teamsize|p1|6
|teamsize|p2|6
|gen|8
|tier|[Gen 8] OU
|rated|
|rule|Sleep Clause Mod: Limit one foe put to sleep
|rule|Species Clause: Limit one of each Pokémon
|rule|OHKO Clause: OHKO moves are banned
|rule|Evasion Moves Clause: Evasion moves are banned
|rule|Endless Battle Clause: Forcing endless battles is banned
|rule|HP Percentage Mod: HP is shown in percentages
|rule|Dynamax Clause: You cannot dynamax
|clearpoke
|poke|p1|Blacephalon|
|poke|p1|Tapu Lele|
|poke|p1|Blissey, F|
|poke|p1|Toxapex, M|
|poke|p1|Landorus-Therian, M|
|poke|p1|Tornadus-Therian, M|
|poke|p2|Landorus-Therian, M|
|poke|p2|Tornadus-Therian, M|
|poke|p2|Zeraora|
|poke|p2|Zapdos-Galar|
|poke|p2|Jirachi|
|poke|p2|Toxapex, M|
|teampreview
|inactive|Battle timer is ON: inactive players will automatically lose when time's up. (requested by PQPP214)
|
|t:|1645664255
|start
|switch|p1a: Tornadus|Tornadus-Therian, M|100/100
|switch|p2a: Zapdos|Zapdos-Galar|100/100
|turn|1
|
|t:|1645664262
|switch|p2a: Toxapex|Toxapex, M, shiny|100/100
|move|p1a: Tornadus|Hurricane|p2a: Toxapex|[miss]
|-miss|p1a: Tornadus|p2a: Toxapex
|
|upkeep
|turn|2
|
|t:|1645664272
|switch|p2a: Landorus|Landorus-Therian, M, shiny|100/100
|-ability|p2a: Landorus|Intimidate|boost
|-unboost|p1a: Tornadus|atk|1
|move|p1a: Tornadus|Hurricane|p2a: Landorus
|-damage|p2a: Landorus|72/100
|-start|p2a: Landorus|confusion
|
|-heal|p2a: Landorus|78/100|[from] item: Leftovers
|upkeep
|turn|3
|
|t:|1645664282
|switch|p2a: Tornadus|Tornadus-Therian, M, shiny|100/100
|move|p1a: Tornadus|Knock Off|p2a: Tornadus
|-damage|p2a: Tornadus|86/100
|-enditem|p2a: Tornadus|Heavy-Duty Boots|[from] move: Knock Off|[of] p1a: Tornadus
|
|upkeep
|turn|4
|
|t:|1645664294
|switch|p1a: Blissey|Blissey, F|100/100
|move|p2a: Tornadus|Knock Off|p1a: Blissey
|-damage|p1a: Blissey|82/100
|-enditem|p1a: Blissey|Heavy-Duty Boots|[from] move: Knock Off|[of] p2a: Tornadus
|
|upkeep
|turn|5
|
|t:|1645664301
|move|p2a: Tornadus|U-turn|p1a: Blissey
|-damage|p1a: Blissey|70/100
|
|t:|1645664304
|switch|p2a: Jirachi|Jirachi, shiny|100/100|[from]move: U-turn
|move|p1a: Blissey|Teleport|p1a: Blissey
|
|t:|1645664312
|switch|p1a: Blacephalon|Blacephalon|100/100|[from]move: Teleport
|
|upkeep
|turn|6
|
|t:|1645664317
|switch|p2a: Toxapex|Toxapex, M, shiny|100/100
|move|p1a: Blacephalon|Shadow Ball|p2a: Toxapex
|-damage|p2a: Toxapex|63/100
|
|upkeep
|turn|7
|
|t:|1645664343
|switch|p1a: Toxapex|Toxapex, M|100/100
|move|p2a: Toxapex|Knock Off|p1a: Toxapex
|-damage|p1a: Toxapex|92/100
|-damage|p2a: Toxapex|46/100|[from] item: Rocky Helmet|[of] p1a: Toxapex
|-enditem|p1a: Toxapex|Rocky Helmet|[from] move: Knock Off|[of] p2a: Toxapex
|
|upkeep
|turn|8
|
|t:|1645664354
|switch|p1a: Blissey|Blissey, F|70/100
|switch|p2a: Zeraora|Zeraora, shiny|100/100
|
|upkeep
|turn|9
|
|t:|1645664359
|switch|p1a: Landorus|Landorus-Therian, M|100/100
|-ability|p1a: Landorus|Intimidate|boost
|-unboost|p2a: Zeraora|atk|1
|move|p2a: Zeraora|Knock Off|p1a: Landorus
|-damage|p1a: Landorus|82/100
|-enditem|p1a: Landorus|Leftovers|[from] move: Knock Off|[of] p2a: Zeraora
|
|upkeep
|turn|10
|
|t:|1645664366
|switch|p2a: Landorus|Landorus-Therian, M, shiny|78/100
|-ability|p2a: Landorus|Intimidate|boost
|-unboost|p1a: Landorus|atk|1
|move|p1a: Landorus|Stealth Rock|p2a: Landorus
|-sidestart|p2: PQPP214|move: Stealth Rock
|
|-heal|p2a: Landorus|84/100|[from] item: Leftovers
|upkeep
|turn|11
|
|t:|1645664374
|move|p1a: Landorus|Toxic|p2a: Landorus
|-status|p2a: Landorus|tox
|move|p2a: Landorus|Defog|p1a: Landorus
|-unboost|p1a: Landorus|evasion|1
|-sideend|p2: PQPP214|Stealth Rock|[from] move: Defog|[of] p2a: Landorus
|
|-heal|p2a: Landorus|90/100 tox|[from] item: Leftovers
|-damage|p2a: Landorus|84/100 tox|[from] psn
|upkeep
|turn|12
|
|t:|1645664378
|move|p1a: Landorus|Stealth Rock|p2a: Landorus
|-sidestart|p2: PQPP214|move: Stealth Rock
|move|p2a: Landorus|Toxic|p1a: Landorus
|-status|p1a: Landorus|tox
|
|-heal|p2a: Landorus|90/100 tox|[from] item: Leftovers
|-damage|p1a: Landorus|76/100 tox|[from] psn
|-damage|p2a: Landorus|78/100 tox|[from] psn
|upkeep
|turn|13
|
|t:|1645664388
|switch|p1a: Tapu Lele|Tapu Lele|100/100
|-fieldstart|move: Psychic Terrain|[from] ability: Psychic Surge|[of] p1a: Tapu Lele
|move|p2a: Landorus|Defog|p1a: Tapu Lele
|-unboost|p1a: Tapu Lele|evasion|1
|-sideend|p2: PQPP214|Stealth Rock|[from] move: Defog|[of] p2a: Landorus
|-fieldend|move: Psychic Terrain
|
|-heal|p2a: Landorus|84/100 tox|[from] item: Leftovers
|-damage|p2a: Landorus|66/100 tox|[from] psn
|upkeep
|turn|14
|
|t:|1645664415
|switch|p2a: Jirachi|Jirachi, shiny|100/100
|move|p1a: Tapu Lele|Thunderbolt|p2a: Jirachi
|-damage|p2a: Jirachi|66/100
|-status|p2a: Jirachi|par
|
|-heal|p2a: Jirachi|72/100 par|[from] item: Leftovers
|upkeep
|turn|15
|
|t:|1645664424
|switch|p1a: Tornadus|Tornadus-Therian, M|100/100
|cant|p2a: Jirachi|par
|
|-heal|p2a: Jirachi|79/100 par|[from] item: Leftovers
|upkeep
|turn|16
|
|t:|1645664437
|switch|p2a: Toxapex|Toxapex, M, shiny|80/100
|move|p1a: Tornadus|Hurricane|p2a: Toxapex
|-damage|p2a: Toxapex|47/100
|
|upkeep
|turn|17
|
|t:|1645664446
|switch|p2a: Tornadus|Tornadus-Therian, M, shiny|100/100
|move|p1a: Tornadus|Hurricane|p2a: Tornadus
|-damage|p2a: Tornadus|58/100
|-start|p2a: Tornadus|confusion
|
|upkeep
|turn|18
|
|t:|1645664454
|switch|p2a: Toxapex|Toxapex, M, shiny|80/100
|move|p1a: Tornadus|U-turn|p2a: Toxapex
|-resisted|p2a: Toxapex
|-damage|p2a: Toxapex|76/100
|-damage|p1a: Tornadus|84/100|[from] item: Rocky Helmet|[of] p2a: Toxapex
|
|t:|1645664458
|switch|p1a: Tapu Lele|Tapu Lele|100/100|[from]move: U-turn
|-fieldstart|move: Psychic Terrain|[from] ability: Psychic Surge|[of] p1a: Tapu Lele
|
|upkeep
|turn|19
|
|t:|1645664465
|switch|p2a: Jirachi|Jirachi, shiny|79/100 par
|move|p1a: Tapu Lele|Psychic|p2a: Jirachi
|-resisted|p2a: Jirachi
|-damage|p2a: Jirachi|64/100 par
|
|-heal|p2a: Jirachi|70/100 par|[from] item: Leftovers
|upkeep
|turn|20
|
|t:|1645664475
|switch|p1a: Landorus|Landorus-Therian, M|76/100 tox
|-ability|p1a: Landorus|Intimidate|boost
|-unboost|p2a: Jirachi|atk|1
|move|p2a: Jirachi|Stealth Rock|p1a: Landorus
|-sidestart|p1: GeektorSenpai|move: Stealth Rock
|
|-heal|p2a: Jirachi|77/100 par|[from] item: Leftovers
|-damage|p1a: Landorus|70/100 tox|[from] psn
|upkeep
|turn|21
|
|t:|1645664485
|switch|p2a: Tornadus|Tornadus-Therian, M, shiny|91/100
|move|p1a: Landorus|Stealth Rock|p2a: Tornadus
|-sidestart|p2: PQPP214|move: Stealth Rock
|
|-damage|p1a: Landorus|58/100 tox|[from] psn
|upkeep
|turn|22
|
|t:|1645664490
|move|p2a: Tornadus|Hurricane|p1a: Landorus|[miss]
|-miss|p2a: Tornadus|p1a: Landorus
|move|p1a: Landorus|Toxic|p2a: Tornadus
|-status|p2a: Tornadus|tox
|
|-damage|p2a: Tornadus|85/100 tox|[from] psn
|-damage|p1a: Landorus|41/100 tox|[from] psn
|-fieldend|move: Psychic Terrain
|upkeep
|turn|23
|
|t:|1645664496
|switch|p1a: Tornadus|Tornadus-Therian, M|100/100
|move|p2a: Tornadus|Hurricane|p1a: Tornadus
|-damage|p1a: Tornadus|58/100
|
|-damage|p2a: Tornadus|73/100 tox|[from] psn
|upkeep
|turn|24
|
|t:|1645664506
|move|p1a: Tornadus|Hurricane|p2a: Tornadus
|-damage|p2a: Tornadus|30/100 tox
|-start|p2a: Tornadus|confusion
|-activate|p2a: Tornadus|confusion
|-damage|p2a: Tornadus|23/100 tox|[from] confusion
|
|-damage|p2a: Tornadus|4/100 tox|[from] psn
|upkeep
|turn|25
|
|t:|1645664520
|switch|p2a: Zeraora|Zeraora, shiny|100/100
|move|p1a: Tornadus|Hurricane|p2a: Zeraora
|-resisted|p2a: Zeraora
|-damage|p2a: Zeraora|76/100
|
|upkeep
|turn|26
|
|t:|1645664529
|switch|p1a: Landorus|Landorus-Therian, M|41/100 tox
|-damage|p1a: Landorus|28/100 tox|[from] Stealth Rock
|-ability|p1a: Landorus|Intimidate|boost
|-unboost|p2a: Zeraora|atk|1
|move|p2a: Zeraora|Knock Off|p1a: Landorus
|-damage|p1a: Landorus|16/100 tox
|
|-damage|p1a: Landorus|10/100 tox|[from] psn
|upkeep
|turn|27
|
|t:|1645664540
|move|p2a: Zeraora|Knock Off|p1a: Landorus
|-damage|p1a: Landorus|0 fnt
|faint|p1a: Landorus
|
|upkeep
|
|t:|1645664554
|switch|p1a: Blacephalon|Blacephalon|100/100
|-damage|p1a: Blacephalon|76/100|[from] Stealth Rock
|turn|28
|
|t:|1645664559
|switch|p2a: Toxapex|Toxapex, M, shiny|100/100
|-damage|p2a: Toxapex|88/100|[from] Stealth Rock
|move|p1a: Blacephalon|Shadow Ball|p2a: Toxapex
|-damage|p2a: Toxapex|48/100
|
|upkeep
|turn|29
|
|t:|1645664585
|switch|p1a: Tornadus|Tornadus-Therian, M|91/100
|move|p2a: Toxapex|Knock Off|p1a: Tornadus
|-damage|p1a: Tornadus|74/100
|-enditem|p1a: Tornadus|Heavy-Duty Boots|[from] move: Knock Off|[of] p2a: Toxapex
|
|upkeep
|turn|30
|
|t:|1645664599
|move|p1a: Tornadus|Knock Off|p2a: Toxapex
|-damage|p2a: Toxapex|35/100
|-damage|p1a: Tornadus|58/100|[from] item: Rocky Helmet|[of] p2a: Toxapex
|-enditem|p2a: Toxapex|Rocky Helmet|[from] move: Knock Off|[of] p1a: Tornadus
|move|p2a: Toxapex|Recover|p2a: Toxapex
|-heal|p2a: Toxapex|86/100
|
|upkeep
|turn|31
|
|t:|1645664608
|move|p1a: Tornadus|Hurricane|p2a: Toxapex|[miss]
|-miss|p1a: Tornadus|p2a: Toxapex
|move|p2a: Toxapex|Scald|p1a: Tornadus
|-damage|p1a: Tornadus|39/100
|
|upkeep
|turn|32
|
|t:|1645664613
|switch|p1a: Blissey|Blissey, F|70/100
|-damage|p1a: Blissey|58/100|[from] Stealth Rock
|move|p2a: Toxapex|Recover|p2a: Toxapex
|-heal|p2a: Toxapex|100/100
|
|upkeep
|turn|33
|
|t:|1645664619
|switch|p2a: Zapdos|Zapdos-Galar|100/100
|-damage|p2a: Zapdos|88/100|[from] Stealth Rock
|move|p1a: Blissey|Soft-Boiled|p1a: Blissey
|-heal|p1a: Blissey|100/100
|
|upkeep
|turn|34
|
|t:|1645664626
|switch|p1a: Toxapex|Toxapex, M|100/100
|-damage|p1a: Toxapex|88/100|[from] Stealth Rock
|move|p2a: Zapdos|U-turn|p1a: Toxapex
|-resisted|p1a: Toxapex
|-damage|p1a: Toxapex|78/100
|
|t:|1645664633
|switch|p2a: Zeraora|Zeraora, shiny|76/100|[from]move: U-turn
|
|upkeep
|turn|35
|
|t:|1645664639
|move|p2a: Zeraora|Plasma Fists|p1a: Toxapex
|-supereffective|p1a: Toxapex
|-damage|p1a: Toxapex|16/100
|-fieldactivate|move: Ion Deluge
|-hint|Normal-type moves become Electric-type after using Plasma Fists.
|move|p1a: Toxapex|Knock Off|p2a: Zeraora
|-damage|p2a: Zeraora|58/100
|-enditem|p2a: Zeraora|Heavy-Duty Boots|[from] move: Knock Off|[of] p1a: Toxapex
|
|upkeep
|turn|36
|
|t:|1645664653
|switch|p1a: Blissey|Blissey, F|100/100
|-damage|p1a: Blissey|88/100|[from] Stealth Rock
|move|p2a: Zeraora|Plasma Fists|p1a: Blissey
|-damage|p1a: Blissey|45/100
|-fieldactivate|move: Ion Deluge
|-hint|Normal-type moves become Electric-type after using Plasma Fists.
|
|upkeep
|turn|37
|
|t:|1645664661
|move|p2a: Zeraora|Close Combat|p1a: Blissey
|-supereffective|p1a: Blissey
|-damage|p1a: Blissey|0 fnt
|-unboost|p2a: Zeraora|def|1
|-unboost|p2a: Zeraora|spd|1
|faint|p1a: Blissey
|
|upkeep
|
|t:|1645664671
|switch|p1a: Tapu Lele|Tapu Lele|100/100
|-damage|p1a: Tapu Lele|88/100|[from] Stealth Rock
|-fieldstart|move: Psychic Terrain|[from] ability: Psychic Surge|[of] p1a: Tapu Lele
|turn|38
|
|t:|1645664678
|switch|p2a: Jirachi|Jirachi, shiny|77/100 par
|-damage|p2a: Jirachi|70/100 par|[from] Stealth Rock
|move|p1a: Tapu Lele|Thunderbolt|p2a: Jirachi
|-damage|p2a: Jirachi|41/100 par
|
|-heal|p2a: Jirachi|47/100 par|[from] item: Leftovers
|upkeep
|turn|39
|
|t:|1645664686
|move|p1a: Tapu Lele|Thunderbolt|p2a: Jirachi
|-damage|p2a: Jirachi|18/100 par
|cant|p2a: Jirachi|par
|
|-heal|p2a: Jirachi|25/100 par|[from] item: Leftovers
|upkeep
|turn|40
|
|t:|1645664692
|switch|p1a: Blacephalon|Blacephalon|76/100
|-damage|p1a: Blacephalon|51/100|[from] Stealth Rock
|switch|p2a: Zeraora|Zeraora, shiny|58/100
|-damage|p2a: Zeraora|46/100|[from] Stealth Rock
|
|upkeep
|turn|41
|
|t:|1645664704
|switch|p2a: Toxapex|Toxapex, M, shiny|100/100
|-damage|p2a: Toxapex|88/100|[from] Stealth Rock
|move|p1a: Blacephalon|Shadow Ball|p2a: Toxapex
|-damage|p2a: Toxapex|46/100
|
|upkeep
|turn|42
|
|t:|1645664714
|switch|p1a: Toxapex|Toxapex, M|49/100
|-damage|p1a: Toxapex|37/100|[from] Stealth Rock
|move|p2a: Toxapex|Knock Off|p1a: Toxapex
|-damage|p1a: Toxapex|31/100
|
|-fieldend|move: Psychic Terrain
|upkeep
|turn|43
|
|t:|1645664722
|move|p1a: Toxapex|Recover|p1a: Toxapex
|-heal|p1a: Toxapex|81/100
|move|p2a: Toxapex|Recover|p2a: Toxapex
|-heal|p2a: Toxapex|97/100
|
|upkeep
|turn|44
|
|t:|1645664734
|switch|p2a: Tornadus|Tornadus-Therian, M, shiny|38/100 tox
|-damage|p2a: Tornadus|13/100 tox|[from] Stealth Rock
|move|p1a: Toxapex|Toxic Spikes|p2a: Tornadus
|-sidestart|p2: PQPP214|move: Toxic Spikes
|
|-damage|p2a: Tornadus|7/100 tox|[from] psn
|upkeep
|turn|45
|
|t:|1645664743
|move|p2a: Tornadus|Hurricane|p1a: Toxapex
|-damage|p1a: Toxapex|47/100
|move|p1a: Toxapex|Toxic Spikes|p2a: Tornadus
|-sidestart|p2: PQPP214|move: Toxic Spikes
|
|-damage|p2a: Tornadus|0 fnt|[from] psn
|faint|p2a: Tornadus
|upkeep
|
|t:|1645664748
|switch|p2a: Landorus|Landorus-Therian, M, shiny|66/100 tox
|-damage|p2a: Landorus|54/100 tox|[from] Stealth Rock
|-ability|p2a: Landorus|Intimidate|boost
|-unboost|p1a: Toxapex|atk|1
|turn|46
|
|t:|1645664759
|switch|p1a: Tapu Lele|Tapu Lele|88/100
|-damage|p1a: Tapu Lele|76/100|[from] Stealth Rock
|-fieldstart|move: Psychic Terrain|[from] ability: Psychic Surge|[of] p1a: Tapu Lele
|move|p2a: Landorus|Defog|p1a: Tapu Lele
|-unboost|p1a: Tapu Lele|evasion|1
|-sideend|p1: GeektorSenpai|Stealth Rock|[from] move: Defog|[of] p2a: Landorus
|-sideend|p2: PQPP214|Toxic Spikes|[from] move: Defog|[of] p2a: Landorus
|-sideend|p2: PQPP214|Stealth Rock|[from] move: Defog|[of] p2a: Landorus
|-fieldend|move: Psychic Terrain
|
|-heal|p2a: Landorus|60/100 tox|[from] item: Leftovers
|-damage|p2a: Landorus|54/100 tox|[from] psn
|upkeep
|turn|47
|
|t:|1645664767
|move|p1a: Tapu Lele|Psychic|p2a: Landorus
|-crit|p2a: Landorus
|-damage|p2a: Landorus|0 fnt
|faint|p2a: Landorus
|
|upkeep
|
|t:|1645664773
|switch|p2a: Jirachi|Jirachi, shiny|25/100 par
|turn|48
|
|t:|1645664778
|switch|p1a: Toxapex|Toxapex, M|80/100
|move|p2a: Jirachi|U-turn|p1a: Toxapex
|-resisted|p1a: Toxapex
|-damage|p1a: Toxapex|76/100
|
|t:|1645664783
|switch|p2a: Zeraora|Zeraora, shiny|46/100|[from]move: U-turn
|
|upkeep
|turn|49
|inactive|GeektorSenpai has 120 seconds left.
|
|t:|1645664836
|move|p2a: Zeraora|Plasma Fists|p1a: Toxapex
|-supereffective|p1a: Toxapex
|-damage|p1a: Toxapex|22/100
|-fieldactivate|move: Ion Deluge
|-hint|Normal-type moves become Electric-type after using Plasma Fists.
|move|p1a: Toxapex|Toxic Spikes|p2a: Zeraora
|-sidestart|p2: PQPP214|move: Toxic Spikes
|
|upkeep
|turn|50
|
|t:|1645664851
|switch|p1a: Tornadus|Tornadus-Therian, M|72/100
|move|p2a: Zeraora|Plasma Fists|p1a: Tornadus
|-supereffective|p1a: Tornadus
|-damage|p1a: Tornadus|0 fnt
|-fieldactivate|move: Ion Deluge
|-hint|Normal-type moves become Electric-type after using Plasma Fists.
|faint|p1a: Tornadus
|
|upkeep
|
|t:|1645664855
|switch|p1a: Blacephalon|Blacephalon|51/100
|turn|51
|
|t:|1645664859
|switch|p1a: Tapu Lele|Tapu Lele|76/100
|-fieldstart|move: Psychic Terrain|[from] ability: Psychic Surge|[of] p1a: Tapu Lele
|switch|p2a: Toxapex|Toxapex, M, shiny|100/100
|-sideend|p2: PQPP214|move: Toxic Spikes|[of] p2a: Toxapex
|
|upkeep
|turn|52
|inactive|GeektorSenpai has 120 seconds left.
|
|t:|1645664868
|switch|p2a: Zapdos|Zapdos-Galar|88/100
|move|p1a: Tapu Lele|Psychic|p2a: Zapdos
|-supereffective|p2a: Zapdos
|-damage|p2a: Zapdos|0 fnt
|faint|p2a: Zapdos
|
|upkeep
|
|t:|1645664875
|switch|p2a: Jirachi|Jirachi, shiny|25/100 par
|turn|53
|
|t:|1645664881
|move|p1a: Tapu Lele|Psychic|p2a: Jirachi
|-resisted|p2a: Jirachi
|-damage|p2a: Jirachi|8/100 par
|move|p2a: Jirachi|U-turn|p1a: Tapu Lele
|-crit|p1a: Tapu Lele
|-damage|p1a: Tapu Lele|40/100
|
|t:|1645664890
|switch|p2a: Zeraora|Zeraora, shiny|46/100|[from]move: U-turn
|
|upkeep
|turn|54
|
|t:|1645664897
|switch|p1a: Toxapex|Toxapex, M|55/100
|move|p2a: Zeraora|Plasma Fists|p1a: Toxapex
|-supereffective|p1a: Toxapex
|-damage|p1a: Toxapex|0 fnt
|-fieldactivate|move: Ion Deluge
|-hint|Normal-type moves become Electric-type after using Plasma Fists.
|faint|p1a: Toxapex
|
|upkeep
|
|t:|1645664899
|switch|p1a: Blacephalon|Blacephalon|51/100
|turn|55
|
|t:|1645664908
|switch|p2a: Toxapex|Toxapex, M, shiny|100/100
|move|p1a: Blacephalon|Shadow Ball|p2a: Toxapex
|-damage|p2a: Toxapex|61/100
|
|-fieldend|move: Psychic Terrain
|upkeep
|turn|56
|
|t:|1645664916
|switch|p1a: Tapu Lele|Tapu Lele|40/100
|-fieldstart|move: Psychic Terrain|[from] ability: Psychic Surge|[of] p1a: Tapu Lele
|move|p2a: Toxapex|Knock Off|p1a: Tapu Lele
|-crit|p1a: Tapu Lele
|-damage|p1a: Tapu Lele|3/100
|-enditem|p1a: Tapu Lele|Choice Specs|[from] move: Knock Off|[of] p2a: Toxapex
|
|upkeep
|turn|57
|
|t:|1645664929
|switch|p2a: Jirachi|Jirachi, shiny|8/100 par
|move|p1a: Tapu Lele|Psychic|p2a: Jirachi
|-resisted|p2a: Jirachi
|-damage|p2a: Jirachi|0 fnt
|faint|p2a: Jirachi
|
|upkeep
|
|t:|1645664933
|switch|p2a: Zeraora|Zeraora, shiny|46/100
|turn|58
|
|t:|1645664937
|move|p2a: Zeraora|Knock Off|p1a: Tapu Lele
|-damage|p1a: Tapu Lele|0 fnt
|faint|p1a: Tapu Lele
|
|upkeep
|
|t:|1645664940
|switch|p1a: Blacephalon|Blacephalon|51/100
|turn|59
|
|t:|1645664943
|switch|p2a: Toxapex|Toxapex, M, shiny|94/100
|move|p1a: Blacephalon|Shadow Ball|p2a: Toxapex
|-damage|p2a: Toxapex|55/100
|
|upkeep
|turn|60
|
|t:|1645664950
|move|p1a: Blacephalon|Shadow Ball|p2a: Toxapex
|-damage|p2a: Toxapex|19/100
|-unboost|p2a: Toxapex|spd|1
|move|p2a: Toxapex|Recover|p2a: Toxapex
|-heal|p2a: Toxapex|69/100
|
|-fieldend|move: Psychic Terrain
|upkeep
|turn|61
|
|t:|1645664955
|move|p1a: Blacephalon|Shadow Ball|p2a: Toxapex
|-damage|p2a: Toxapex|7/100
|move|p2a: Toxapex|Knock Off|p1a: Blacephalon
|-supereffective|p1a: Blacephalon
|-damage|p1a: Blacephalon|0 fnt
|-enditem|p1a: Blacephalon|Choice Scarf|[from] move: Knock Off|[of] p2a: Toxapex
|faint|p1a: Blacephalon
|
|win|PQPP214
|raw|GeektorSenpai's rating: 1414 &rarr; <strong>1396</strong><br />(-18 for losing)
|raw|PQPP214's rating: 1456 &rarr; <strong>1474</strong><br />(+18 for winning)
|l|☆GeektorSenpai
