|j|☆bramitoboy
|j|☆Stoutberg
|t:|1661364274
|gametype|singles
|player|p1|bramitoboy|169|1743
|player|p2|Stoutberg|ethan|1822
|teamsize|p1|6
|teamsize|p2|6
|gen|8
|tier|[Gen 8] OU
|rated|
|rule|Sleep Clause Mod: Limit one foe put to sleep
|rule|Species Clause: Limit one of each Pokémon
|rule|OHKO Clause: OHKO moves are banned
|rule|Evasion Items Clause: Evasion items are banned
|rule|Evasion Moves Clause: Evasion moves are banned
|rule|Endless Battle Clause: Forcing endless battles is banned
|rule|HP Percentage Mod: HP is shown in percentages
|rule|Dynamax Clause: You cannot dynamax
|clearpoke
|poke|p1|Zarude-Dada|
|poke|p1|Keldeo-Resolute|
|poke|p1|Tapu Lele|
|poke|p1|Tapu Koko|
|poke|p1|Heatran, F|
|poke|p1|Landorus-Therian, M|
|poke|p2|Clefable, F|
|poke|p2|Skarmory, F|
|poke|p2|Gastrodon-East, F|
|poke|p2|Heatran, M|
|poke|p2|Tapu Koko|
|poke|p2|Dragonite, M|
|teampreview
|c|☆Stoutberg|hd
|c|☆Stoutberg|hf
|c|☆bramitoboy|u2
|
|t:|1661364291
|start
|switch|p1a: Heatran|Heatran, F|100/100
|switch|p2a: Clefable|Clefable, F|100/100
|-item|p1a: Heatran|Air Balloon
|turn|1
|
|t:|1661364297
|move|p1a: Heatran|Taunt|p2a: Clefable
|-start|p2a: Clefable|move: Taunt
|move|p2a: Clefable|Knock Off|p1a: Heatran
|-damage|p1a: Heatran|88/100
|-enditem|p1a: Heatran|Air Balloon
|
|upkeep
|turn|2
|
|t:|1661364304
|switch|p2a: Heatran|Heatran, M|100/100
|move|p1a: Heatran|Stealth Rock|p2a: Heatran
|-sidestart|p2: Stoutberg|move: Stealth Rock
|
|upkeep
|turn|3
|inactive|Battle timer is ON: inactive players will automatically lose when time's up. (requested by bramitoboy)
|
|t:|1661364310
|switch|p1a: Landorus|Landorus-Therian, M|100/100
|-ability|p1a: Landorus|Intimidate|boost
|-unboost|p2a: Heatran|atk|1
|switch|p2a: Dragonite|Dragonite, M|100/100
|
|upkeep
|turn|4
|
|t:|1661364314
|move|p2a: Dragonite|Ice Punch|p1a: Landorus
|-supereffective|p1a: Landorus
|-damage|p1a: Landorus|31/100
|-damage|p2a: Dragonite|84/100|[from] item: Rocky Helmet|[of] p1a: Landorus
|move|p1a: Landorus|Knock Off|p2a: Dragonite
|-damage|p2a: Dragonite|51/100
|-enditem|p2a: Dragonite|Heavy-Duty Boots|[from] move: Knock Off|[of] p1a: Landorus
|
|upkeep
|turn|5
|
|t:|1661364322
|switch|p1a: Tapu Lele|Tapu Lele|100/100
|-fieldstart|move: Psychic Terrain|[from] ability: Psychic Surge|[of] p1a: Tapu Lele
|move|p2a: Dragonite|Roost|p2a: Dragonite
|-heal|p2a: Dragonite|100/100
|-singleturn|p2a: Dragonite|move: Roost
|
|upkeep
|turn|6
|
|t:|1661364326
|switch|p2a: Heatran|Heatran, M|100/100
|-damage|p2a: Heatran|88/100|[from] Stealth Rock
|move|p1a: Tapu Lele|Focus Blast|p2a: Heatran|[miss]
|-miss|p1a: Tapu Lele|p2a: Heatran
|
|-heal|p2a: Heatran|94/100|[from] item: Leftovers
|upkeep
|turn|7
|
|t:|1661364334
|move|p1a: Tapu Lele|Focus Blast|p2a: Heatran
|-supereffective|p2a: Heatran
|-damage|p2a: Heatran|34/100
|move|p2a: Heatran|Stealth Rock|p1a: Tapu Lele
|-sidestart|p1: bramitoboy|move: Stealth Rock
|
|-heal|p2a: Heatran|40/100|[from] item: Leftovers
|upkeep
|turn|8
|
|t:|1661364339
|switch|p2a: Tapu Koko|Tapu Koko|100/100
|-fieldstart|move: Electric Terrain|[from] ability: Electric Surge|[of] p2a: Tapu Koko
|move|p1a: Tapu Lele|Focus Blast|p2a: Tapu Koko
|-resisted|p2a: Tapu Koko
|-damage|p2a: Tapu Koko|66/100
|
|upkeep
|turn|9
|
|t:|1661364343
|move|p2a: Tapu Koko|U-turn|p1a: Tapu Lele
|-damage|p1a: Tapu Lele|75/100
|
|t:|1661364345
|switch|p2a: Clefable|Clefable, F|100/100|[from]move: U-turn
|move|p1a: Tapu Lele|Moonblast|p2a: Clefable
|-damage|p2a: Clefable|53/100
|-unboost|p2a: Clefable|spa|1
|
|-heal|p2a: Clefable|59/100|[from] item: Leftovers
|upkeep
|turn|10
|
|t:|1661364351
|move|p1a: Tapu Lele|Moonblast|p2a: Clefable
|-damage|p2a: Clefable|8/100
|move|p2a: Clefable|Soft-Boiled|p2a: Clefable
|-heal|p2a: Clefable|58/100
|
|-heal|p2a: Clefable|64/100|[from] item: Leftovers
|upkeep
|turn|11
|
|t:|1661364355
|switch|p2a: Gastrodon|Gastrodon-East, F|100/100
|move|p1a: Tapu Lele|Moonblast|p2a: Gastrodon
|-damage|p2a: Gastrodon|64/100
|-unboost|p2a: Gastrodon|spa|1
|
|upkeep
|turn|12
|
|t:|1661364361
|move|p1a: Tapu Lele|Psyshock|p2a: Gastrodon
|-damage|p2a: Gastrodon|17/100
|move|p2a: Gastrodon|Recover|p2a: Gastrodon
|-heal|p2a: Gastrodon|67/100
|
|-fieldend|move: Electric Terrain
|upkeep
|turn|13
|
|t:|1661364365
|move|p1a: Tapu Lele|Psyshock|p2a: Gastrodon
|-damage|p2a: Gastrodon|20/100
|move|p2a: Gastrodon|Recover|p2a: Gastrodon
|-heal|p2a: Gastrodon|71/100
|
|upkeep
|turn|14
|
|t:|1661364369
|move|p1a: Tapu Lele|Psyshock|p2a: Gastrodon
|-damage|p2a: Gastrodon|18/100
|move|p2a: Gastrodon|Recover|p2a: Gastrodon
|-heal|p2a: Gastrodon|68/100
|
|upkeep
|turn|15
|
|t:|1661364374
|switch|p2a: Skarmory|Skarmory, F|100/100
|-damage|p2a: Skarmory|88/100|[from] Stealth Rock
|move|p1a: Tapu Lele|Psyshock|p2a: Skarmory
|-resisted|p2a: Skarmory
|-damage|p2a: Skarmory|76/100
|
|upkeep
|turn|16
|
|t:|1661364377
|move|p1a: Tapu Lele|Thunderbolt|p2a: Skarmory
|-supereffective|p2a: Skarmory
|-damage|p2a: Skarmory|0 fnt
|faint|p2a: Skarmory
|
|upkeep
|c|☆Stoutberg|tf
|c|☆Stoutberg|my mu
|c|☆Stoutberg|of him
|
|t:|1661364383
|switch|p2a: Heatran|Heatran, M|40/100
|-damage|p2a: Heatran|27/100|[from] Stealth Rock
|turn|17
|c|☆bramitoboy|it's not the mu
|c|☆bramitoboy|it's the fact that
|c|☆bramitoboy|tapu lele is good without scarf/specs
|
|t:|1661364403
|move|p1a: Tapu Lele|Thunderbolt|p2a: Heatran
|-damage|p2a: Heatran|3/100
|move|p2a: Heatran|Heavy Slam|p1a: Tapu Lele
|-supereffective|p1a: Tapu Lele
|-damage|p1a: Tapu Lele|0 fnt
|faint|p1a: Tapu Lele
|
|-heal|p2a: Heatran|9/100|[from] item: Leftovers
|upkeep
|
|t:|1661364408
|switch|p1a: Keldeo|Keldeo-Resolute|100/100
|-damage|p1a: Keldeo|94/100|[from] Stealth Rock
|turn|18
|c|☆Stoutberg|i mean 4 atk lele no lock
|c|☆Stoutberg|just autowin
|
|t:|1661364418
|move|p1a: Keldeo|Secret Sword|p2a: Heatran
|-supereffective|p2a: Heatran
|-damage|p2a: Heatran|0 fnt
|faint|p2a: Heatran
|
|-heal|p1a: Keldeo|100/100|[from] item: Leftovers
|upkeep
|
|t:|1661364420
|switch|p2a: Tapu Koko|Tapu Koko|66/100
|-fieldstart|move: Electric Terrain|[from] ability: Electric Surge|[of] p2a: Tapu Koko
|turn|19
|c|☆bramitoboy|so, why doesn't anyone use it?
|c|☆Stoutberg|idk
|c|☆Stoutberg|tbh
|c|☆bramitoboy|man, simply
|c|☆bramitoboy|it is not that easy to use
|
|t:|1661364444
|switch|p1a: Landorus|Landorus-Therian, M|31/100
|-damage|p1a: Landorus|19/100|[from] Stealth Rock
|-ability|p1a: Landorus|Intimidate|boost
|-unboost|p2a: Tapu Koko|atk|1
|move|p2a: Tapu Koko|Thunderbolt|p1a: Landorus
|-immune|p1a: Landorus
|
|upkeep
|turn|20
|
|t:|1661364450
|move|p2a: Tapu Koko|U-turn|p1a: Landorus
|-resisted|p1a: Landorus
|-damage|p1a: Landorus|15/100
|-damage|p2a: Tapu Koko|49/100|[from] item: Rocky Helmet|[of] p1a: Landorus
|
|t:|1661364452
|switch|p2a: Clefable|Clefable, F|64/100|[from]move: U-turn
|move|p1a: Landorus|Knock Off|p2a: Clefable
|-resisted|p2a: Clefable
|-damage|p2a: Clefable|52/100
|-enditem|p2a: Clefable|Leftovers|[from] move: Knock Off|[of] p1a: Landorus
|
|upkeep
|turn|21
|
|t:|1661364460
|move|p1a: Landorus|Earthquake|p2a: Clefable
|-damage|p2a: Clefable|9/100
|move|p2a: Clefable|Soft-Boiled|p2a: Clefable
|-heal|p2a: Clefable|59/100
|
|upkeep
|turn|22
|
|t:|1661364465
|move|p1a: Landorus|Swords Dance|p1a: Landorus
|-boost|p1a: Landorus|atk|2
|move|p2a: Clefable|Soft-Boiled|p2a: Clefable
|-heal|p2a: Clefable|100/100
|
|upkeep
|turn|23
|
|t:|1661364469
|move|p1a: Landorus|Earthquake|p2a: Clefable
|-damage|p2a: Clefable|16/100
|move|p2a: Clefable|Moonblast|p1a: Landorus
|-damage|p1a: Landorus|0 fnt
|faint|p1a: Landorus
|
|-fieldend|move: Electric Terrain
|upkeep
|
|t:|1661364480
|switch|p1a: Zarude|Zarude-Dada|100/100
|-damage|p1a: Zarude|88/100|[from] Stealth Rock
|turn|24
|
|t:|1661364485
|switch|p2a: Tapu Koko|Tapu Koko|49/100
|-fieldstart|move: Electric Terrain|[from] ability: Electric Surge|[of] p2a: Tapu Koko
|move|p1a: Zarude|Darkest Lariat|p2a: Tapu Koko
|-resisted|p2a: Tapu Koko
|-damage|p2a: Tapu Koko|14/100
|-damage|p1a: Zarude|78/100|[from] item: Life Orb
|
|upkeep
|turn|25
|
|t:|1661364493
|move|p2a: Tapu Koko|Roost|p2a: Tapu Koko
|-heal|p2a: Tapu Koko|64/100
|-singleturn|p2a: Tapu Koko|move: Roost
|move|p1a: Zarude|Power Whip|p2a: Tapu Koko
|-damage|p2a: Tapu Koko|0 fnt
|faint|p2a: Tapu Koko
|-damage|p1a: Zarude|68/100|[from] item: Life Orb
|
|upkeep
|
|t:|1661364498
|switch|p2a: Dragonite|Dragonite, M|100/100
|-damage|p2a: Dragonite|76/100|[from] Stealth Rock
|turn|26
|
|t:|1661364501
|move|p1a: Zarude|Bulk Up|p1a: Zarude
|-boost|p1a: Zarude|atk|1
|-boost|p1a: Zarude|def|1
|move|p2a: Dragonite|Roost|p2a: Dragonite
|-heal|p2a: Dragonite|100/100
|-singleturn|p2a: Dragonite|move: Roost
|
|upkeep
|turn|27
|
|t:|1661364507
|move|p1a: Zarude|Darkest Lariat|p2a: Dragonite
|-damage|p2a: Dragonite|58/100
|-damage|p1a: Zarude|58/100|[from] item: Life Orb
|move|p2a: Dragonite|Dragon Dance|p2a: Dragonite
|-boost|p2a: Dragonite|atk|1
|-boost|p2a: Dragonite|spe|1
|
|upkeep
|turn|28
|
|t:|1661364512
|move|p2a: Dragonite|Ice Punch|p1a: Zarude
|-supereffective|p1a: Zarude
|-damage|p1a: Zarude|17/100
|move|p1a: Zarude|Darkest Lariat|p2a: Dragonite
|-damage|p2a: Dragonite|0 fnt
|faint|p2a: Dragonite
|-damage|p1a: Zarude|7/100|[from] item: Life Orb
|
|-fieldend|move: Electric Terrain
|upkeep
|c|☆Stoutberg|i choked
|c|☆Stoutberg|gg
|
|t:|1661364520
|switch|p2a: Clefable|Clefable, F|16/100
|turn|29
|c|☆bramitoboy|gg
|
|t:|1661364525
|move|p1a: Zarude|Darkest Lariat|p2a: Clefable
|-resisted|p2a: Clefable
|-damage|p2a: Clefable|0 fnt
|faint|p2a: Clefable
|-damage|p1a: Zarude|0 fnt|[from] item: Life Orb
|faint|p1a: Zarude
|
|upkeep
|c|☆Stoutberg|i should stall LO and went gastro against koko
|
|t:|1661364537
|switch|p1a: Keldeo|Keldeo-Resolute|100/100
|switch|p2a: Gastrodon|Gastrodon-East, F|68/100
|-damage|p1a: Keldeo|94/100|[from] Stealth Rock
|turn|30
|c|☆bramitoboy|yes
|
|t:|1661364545
|move|p1a: Keldeo|Calm Mind|p1a: Keldeo
|-boost|p1a: Keldeo|spa|1
|-boost|p1a: Keldeo|spd|1
|move|p2a: Gastrodon|Toxic|p1a: Keldeo
|-status|p1a: Keldeo|tox
|
|-heal|p1a: Keldeo|100/100 tox|[from] item: Leftovers
|-damage|p1a: Keldeo|94/100 tox|[from] psn
|upkeep
|turn|31
|
|t:|1661364550
|move|p1a: Keldeo|Secret Sword|p2a: Gastrodon
|-damage|p2a: Gastrodon|0 fnt
|faint|p2a: Gastrodon
|
|win|bramitoboy
|raw|bramitoboy's rating: 1743 &rarr; <strong>1767</strong><br />(+24 for winning)
|raw|Stoutberg's rating: 1822 &rarr; <strong>1798</strong><br />(-24 for losing)
|l|☆Stoutberg
||Ladder isn't responding, score probably updated but might not have (Request timeout).
