|j|☆ldailey19
|j|‽Agent00Beef
|t:|1664781879
|gametype|singles
|player|p1|ldailey19|lance|1494
|player|p2|Agent00Beef|1|1539
|teamsize|p1|6
|teamsize|p2|6
|gen|8
|tier|[Gen 8] OU
|rated|
|rule|Sleep Clause Mod: Limit one foe put to sleep
|rule|Species Clause: Limit one of each Pokémon
|rule|OHKO Clause: OHKO moves are banned
|rule|Evasion Items Clause: Evasion items are banned
|rule|Evasion Moves Clause: Evasion moves are banned
|rule|Endless Battle Clause: Forcing endless battles is banned
|rule|HP Percentage Mod: HP is shown in percentages
|rule|Dynamax Clause: You cannot dynamax
|clearpoke
|poke|p1|Magnezone|
|poke|p1|Weavile, M|
|poke|p1|Urshifu-*, F|
|poke|p1|Heatran, M|
|poke|p1|Landorus-Therian, M|
|poke|p1|Dragapult, M|
|poke|p2|Mew|
|poke|p2|Weavile, M|
|poke|p2|Celesteela|
|poke|p2|Crawdaunt, F|
|poke|p2|Garchomp, M|
|poke|p2|Blacephalon|
|teampreview
|inactive|Battle timer is ON: inactive players will automatically lose when time's up. (requested by ldailey19)
|
|t:|1664781904
|start
|switch|p1a: Dragapult|Dragapult, M, shiny|100/100
|switch|p2a: Mew|Mew, shiny|100/100
|turn|1
|
|t:|1664781911
|switch|p2a: Weavile|Weavile, M, shiny|100/100
|-ability|p2a: Weavile|Pressure
|move|p1a: Dragapult|U-turn|p2a: Weavile
|-supereffective|p2a: Weavile
|-damage|p2a: Weavile|21/100
|
|t:|1664781923
|switch|p1a: Urshifu|Urshifu-Rapid-Strike, F|100/100|[from]move: U-turn
|
|upkeep
|turn|2
|
|t:|1664781929
|switch|p2a: Mew|Mew, shiny|100/100
|move|p1a: Urshifu|Aqua Jet|p2a: Mew
|-damage|p2a: Mew|82/100
|
|upkeep
|turn|3
|
|t:|1664781936
|switch|p1a: Weavile|Weavile, M|100/100
|-ability|p1a: Weavile|Pressure
|move|p2a: Mew|Stealth Rock|p1a: Weavile
|-sidestart|p1: ldailey19|move: Stealth Rock
|
|upkeep
|turn|4
|
|t:|1664781942
|move|p1a: Weavile|Knock Off|p2a: Mew
|-supereffective|p2a: Mew
|-enditem|p2a: Mew|Colbur Berry|[eat]
|-enditem|p2a: Mew|Colbur Berry|[weaken]
|-damage|p2a: Mew|17/100
|move|p2a: Mew|Thunder Wave|p1a: Weavile
|-status|p1a: Weavile|par
|
|upkeep
|turn|5
|
|t:|1664781952
|move|p2a: Mew|Spikes|p1a: Weavile
|-sidestart|p1: ldailey19|Spikes
|move|p1a: Weavile|Knock Off|p2a: Mew
|-supereffective|p2a: Mew
|-damage|p2a: Mew|0 fnt
|faint|p2a: Mew
|
|upkeep
|
|t:|1664781977
|switch|p2a: Crawdaunt|Crawdaunt, F, shiny|100/100
|turn|6
|inactive|Agent00Beef has 120 seconds left.
|
|t:|1664781999
|move|p2a: Crawdaunt|Crabhammer|p1a: Weavile
|-crit|p1a: Weavile
|-damage|p1a: Weavile|0 fnt
|faint|p1a: Weavile
|-damage|p2a: Crawdaunt|91/100|[from] item: Life Orb
|
|upkeep
|
|t:|1664782010
|switch|p1a: Landorus|Landorus-Therian, M|100/100
|-damage|p1a: Landorus|88/100|[from] Stealth Rock
|-ability|p1a: Landorus|Intimidate|boost
|-unboost|p2a: Crawdaunt|atk|1
|turn|7
|inactive|Agent00Beef has 120 seconds left.
|
|t:|1664782036
|move|p1a: Landorus|Defog|p2a: Crawdaunt
|-unboost|p2a: Crawdaunt|evasion|1
|-sideend|p1: ldailey19|Spikes|[from] move: Defog|[of] p1a: Landorus
|-sideend|p1: ldailey19|Stealth Rock|[from] move: Defog|[of] p1a: Landorus
|move|p2a: Crawdaunt|Crabhammer|p1a: Landorus
|-supereffective|p1a: Landorus
|-damage|p1a: Landorus|0 fnt
|-damage|p2a: Crawdaunt|74/100|[from] item: Rocky Helmet|[of] p1a: Landorus
|faint|p1a: Landorus
|-damage|p2a: Crawdaunt|65/100|[from] item: Life Orb
|
|upkeep
|
|t:|1664782057
|switch|p1a: Urshifu|Urshifu-Rapid-Strike, F|100/100
|turn|8
|
|t:|1664782072
|switch|p2a: Garchomp|Garchomp, M, shiny|100/100
|move|p1a: Urshifu|Thunder Punch|p2a: Garchomp
|-immune|p2a: Garchomp
|
|upkeep
|turn|9
|
|t:|1664782086
|move|p2a: Garchomp|Earthquake|p1a: Urshifu
|-damage|p1a: Urshifu|51/100
|move|p1a: Urshifu|Close Combat|p2a: Garchomp
|-damage|p2a: Garchomp|42/100
|-unboost|p1a: Urshifu|def|1
|-unboost|p1a: Urshifu|spd|1
|-damage|p1a: Urshifu|39/100|[from] ability: Rough Skin|[of] p2a: Garchomp
|
|upkeep
|turn|10
|inactive|Agent00Beef has 120 seconds left.
|
|t:|1664782095
|switch|p1a: Heatran|Heatran, M, shiny|100/100
|-item|p1a: Heatran|Air Balloon
|move|p2a: Garchomp|Scale Shot|p1a: Heatran
|-resisted|p1a: Heatran
|-damage|p1a: Heatran|95/100
|-enditem|p1a: Heatran|Air Balloon
|-resisted|p1a: Heatran
|-damage|p1a: Heatran|90/100
|-resisted|p1a: Heatran
|-damage|p1a: Heatran|84/100
|-hitcount|p1a: Heatran|3
|-unboost|p2a: Garchomp|def|1
|-boost|p2a: Garchomp|spe|1
|
|upkeep
|turn|11
|inactive|Agent00Beef has 120 seconds left.
|
|t:|1664782113
|switch|p1a: Magnezone|Magnezone, shiny|100/100
|move|p2a: Garchomp|Earthquake|p1a: Magnezone
|-supereffective|p1a: Magnezone
|-damage|p1a: Magnezone|0 fnt
|faint|p1a: Magnezone
|
|upkeep
|
|t:|1664782125
|switch|p1a: Urshifu|Urshifu-Rapid-Strike, F|39/100
|turn|12
|inactive|Agent00Beef has 120 seconds left.
|
|t:|1664782144
|switch|p2a: Celesteela|Celesteela, shiny|100/100
|move|p1a: Urshifu|Aqua Jet|p2a: Celesteela
|-damage|p2a: Celesteela|80/100
|
|upkeep
|turn|13
|
|t:|1664782155
|move|p1a: Urshifu|Close Combat|p2a: Celesteela
|-damage|p2a: Celesteela|22/100
|-unboost|p1a: Urshifu|def|1
|-unboost|p1a: Urshifu|spd|1
|move|p2a: Celesteela|Meteor Beam||[still]
|-prepare|p2a: Celesteela|Meteor Beam
|-boost|p2a: Celesteela|spa|1
|-enditem|p2a: Celesteela|Power Herb
|-anim|p2a: Celesteela|Meteor Beam|p1a: Urshifu
|-resisted|p1a: Urshifu
|-damage|p1a: Urshifu|0 fnt
|faint|p1a: Urshifu
|-ability|p2a: Celesteela|Beast Boost|boost
|-boost|p2a: Celesteela|spa|1
|
|upkeep
|
|t:|1664782169
|switch|p1a: Dragapult|Dragapult, M, shiny|100/100
|turn|14
|
|t:|1664782175
|move|p1a: Dragapult|Flamethrower|p2a: Celesteela
|-supereffective|p2a: Celesteela
|-damage|p2a: Celesteela|0 fnt
|faint|p2a: Celesteela
|
|upkeep
|
|t:|1664782181
|switch|p2a: Blacephalon|Blacephalon, shiny|100/100
|turn|15
|
|t:|1664782191
|switch|p1a: Heatran|Heatran, M, shiny|84/100
|move|p2a: Blacephalon|Shadow Ball|p1a: Heatran
|-damage|p1a: Heatran|46/100
|
|upkeep
|turn|16
|
|t:|1664782200
|switch|p2a: Garchomp|Garchomp, M, shiny|42/100
|move|p1a: Heatran|Earth Power|p2a: Garchomp
|-damage|p2a: Garchomp|13/100
|
|upkeep
|turn|17
|
|t:|1664782210
|move|p2a: Garchomp|Earthquake|p1a: Heatran
|-supereffective|p1a: Heatran
|-damage|p1a: Heatran|0 fnt
|faint|p1a: Heatran
|
|upkeep
|
|t:|1664782212
|switch|p1a: Dragapult|Dragapult, M, shiny|100/100
|turn|18
|
|t:|1664782219
|move|p1a: Dragapult|Dragon Darts|p2a: Garchomp
|-supereffective|p2a: Garchomp
|-damage|p2a: Garchomp|0 fnt
|faint|p2a: Garchomp
|
|upkeep
|
|t:|1664782225
|switch|p2a: Blacephalon|Blacephalon, shiny|100/100
|turn|19
|
|t:|1664782230
|move|p2a: Blacephalon|Shadow Ball|p1a: Dragapult
|-supereffective|p1a: Dragapult
|-enditem|p1a: Dragapult|Focus Sash
|-damage|p1a: Dragapult|1/100
|-unboost|p1a: Dragapult|spd|1
|move|p1a: Dragapult|Dragon Darts|p2a: Blacephalon
|-damage|p2a: Blacephalon|45/100
|-anim|p1a: Dragapult|Dragon Darts|p2a: Blacephalon
|-damage|p2a: Blacephalon|0 fnt
|faint|p2a: Blacephalon
|
|upkeep
|
|t:|1664782241
|switch|p2a: Crawdaunt|Crawdaunt, F, shiny|65/100
|turn|20
|
|t:|1664782244
|move|p2a: Crawdaunt|Aqua Jet|p1a: Dragapult
|-resisted|p1a: Dragapult
|-damage|p1a: Dragapult|0 fnt
|faint|p1a: Dragapult
|-damage|p2a: Crawdaunt|55/100|[from] item: Life Orb
|
|win|Agent00Beef
|raw|ldailey19's rating: 1494 &rarr; <strong>1477</strong><br />(-17 for losing)
|raw|Agent00Beef's rating: 1539 &rarr; <strong>1556</strong><br />(+17 for winning)
|l|☆ldailey19
