|j|☆someidiot19
|j|☆notsotinyturtle
|t:|1664859793
|gametype|singles
|player|p1|someidiot19|teacher-gen2|1599
|player|p2|notsotinyturtle|palmer|1633
|teamsize|p1|6
|teamsize|p2|6
|gen|8
|tier|[Gen 8] OU
|rated|
|rule|Sleep Clause Mod: Limit one foe put to sleep
|rule|Species Clause: Limit one of each Pokémon
|rule|OHKO Clause: OHKO moves are banned
|rule|Evasion Items Clause: Evasion items are banned
|rule|Evasion Moves Clause: Evasion moves are banned
|rule|Endless Battle Clause: Forcing endless battles is banned
|rule|HP Percentage Mod: HP is shown in percentages
|rule|Dynamax Clause: You cannot dynamax
|clearpoke
|poke|p1|Torkoal, F|
|poke|p1|Charizard, M|
|poke|p1|Blaziken, M|
|poke|p1|Incineroar, F|
|poke|p1|Blacephalon|
|poke|p1|Ninetales, M|
|poke|p2|Garchomp, M|
|poke|p2|Arctozolt|
|poke|p2|Ninetales-Alola, F|
|poke|p2|Mandibuzz, F|
|poke|p2|Slowking-Galar, F|
|poke|p2|Primarina, F|
|teampreview
|inactive|Battle timer is ON: inactive players will automatically lose when time's up. (requested by someidiot19)
|
|t:|1664859816
|start
|switch|p1a: Torkoal|Torkoal, F|100/100
|switch|p2a: Primarina|Primarina, F|100/100
|-weather|SunnyDay|[from] ability: Drought|[of] p1a: Torkoal
|turn|1
|
|t:|1664859823
|move|p2a: Primarina|Substitute|p2a: Primarina
|-start|p2a: Primarina|Substitute
|-damage|p2a: Primarina|75/100
|move|p1a: Torkoal|Toxic||[still]
|-fail|p1a: Torkoal
|
|-weather|SunnyDay|[upkeep]
|-heal|p2a: Primarina|82/100|[from] item: Leftovers
|upkeep
|turn|2
|
|t:|1664859827
|switch|p1a: Ninetales|Ninetales, M|100/100
|move|p2a: Primarina|Calm Mind|p2a: Primarina
|-boost|p2a: Primarina|spa|1
|-boost|p2a: Primarina|spd|1
|
|-weather|SunnyDay|[upkeep]
|-heal|p2a: Primarina|88/100|[from] item: Leftovers
|upkeep
|turn|3
|
|t:|1664859833
|move|p1a: Ninetales|Encore|p2a: Primarina
|-start|p2a: Primarina|Encore
|move|p2a: Primarina|Calm Mind|p2a: Primarina
|-boost|p2a: Primarina|spa|1
|-boost|p2a: Primarina|spd|1
|
|-weather|SunnyDay|[upkeep]
|-heal|p2a: Primarina|94/100|[from] item: Leftovers
|upkeep
|turn|4
|
|t:|1664859841
|switch|p1a: Blaziken|Blaziken, M|100/100
|move|p2a: Primarina|Calm Mind|p2a: Primarina
|-boost|p2a: Primarina|spa|1
|-boost|p2a: Primarina|spd|1
|
|-weather|SunnyDay|[upkeep]
|-heal|p2a: Primarina|99/100|[from] item: Leftovers
|upkeep
|turn|5
|
|t:|1664859844
|move|p1a: Blaziken|Flare Blitz|p2a: Primarina
|-resisted|p2a: Primarina
|-end|p2a: Primarina|Substitute
|-damage|p1a: Blaziken|91/100|[from] Recoil|[of] p2a: Primarina
|-damage|p1a: Blaziken|81/100|[from] item: Life Orb
|move|p2a: Primarina|Calm Mind|p2a: Primarina
|-boost|p2a: Primarina|spa|1
|-boost|p2a: Primarina|spd|1
|
|-weather|SunnyDay|[upkeep]
|-heal|p2a: Primarina|100/100|[from] item: Leftovers
|-end|p2a: Primarina|Encore
|-ability|p1a: Blaziken|Speed Boost|boost
|-boost|p1a: Blaziken|spe|1
|upkeep
|turn|6
|
|t:|1664859851
|switch|p1a: Ninetales|Ninetales, M|100/100
|move|p2a: Primarina|Scald|p1a: Ninetales
|-supereffective|p1a: Ninetales
|-damage|p1a: Ninetales|30/100
|
|-weather|SunnyDay|[upkeep]
|upkeep
|turn|7
|
|t:|1664859859
|move|p1a: Ninetales|Toxic|p2a: Primarina
|-status|p2a: Primarina|tox
|move|p2a: Primarina|Scald|p1a: Ninetales
|-supereffective|p1a: Ninetales
|-damage|p1a: Ninetales|0 fnt
|faint|p1a: Ninetales
|
|-weather|SunnyDay|[upkeep]
|-damage|p2a: Primarina|94/100 tox|[from] psn
|upkeep
|
|t:|1664859871
|switch|p1a: Blacephalon|Blacephalon|100/100
|turn|8
|
|t:|1664859873
|move|p1a: Blacephalon|Substitute|p1a: Blacephalon
|-start|p1a: Blacephalon|Substitute
|-damage|p1a: Blacephalon|76/100
|move|p2a: Primarina|Scald|p1a: Blacephalon
|-supereffective|p1a: Blacephalon
|-end|p1a: Blacephalon|Substitute
|
|-weather|none
|-heal|p2a: Primarina|100/100 tox|[from] item: Leftovers
|-damage|p2a: Primarina|88/100 tox|[from] psn
|upkeep
|turn|9
|
|t:|1664859881
|switch|p2a: Garchomp|Garchomp, M|100/100
|move|p1a: Blacephalon|Substitute|p1a: Blacephalon
|-start|p1a: Blacephalon|Substitute
|-damage|p1a: Blacephalon|51/100
|
|upkeep
|turn|10
|
|t:|1664859883
|move|p1a: Blacephalon|Toxic|p2a: Garchomp
|-status|p2a: Garchomp|tox
|move|p2a: Garchomp|Earthquake|p1a: Blacephalon
|-supereffective|p1a: Blacephalon
|-end|p1a: Blacephalon|Substitute
|
|-damage|p2a: Garchomp|94/100 tox|[from] psn
|upkeep
|turn|11
|
|t:|1664859889
|move|p1a: Blacephalon|Substitute|p1a: Blacephalon
|-start|p1a: Blacephalon|Substitute
|-damage|p1a: Blacephalon|26/100
|move|p2a: Garchomp|Earthquake|p1a: Blacephalon
|-supereffective|p1a: Blacephalon
|-end|p1a: Blacephalon|Substitute
|
|-heal|p2a: Garchomp|100/100 tox|[from] item: Leftovers
|-damage|p2a: Garchomp|88/100 tox|[from] psn
|upkeep
|turn|12
|
|t:|1664859896
|move|p1a: Blacephalon|Substitute|p1a: Blacephalon
|-start|p1a: Blacephalon|Substitute
|-damage|p1a: Blacephalon|2/100
|move|p2a: Garchomp|Stealth Rock|p1a: Blacephalon
|-sidestart|p1: someidiot19|move: Stealth Rock
|
|-heal|p2a: Garchomp|94/100 tox|[from] item: Leftovers
|-damage|p2a: Garchomp|76/100 tox|[from] psn
|upkeep
|turn|13
|
|t:|1664859898
|move|p1a: Blacephalon|Shadow Ball|p2a: Garchomp
|-damage|p2a: Garchomp|42/100 tox
|move|p2a: Garchomp|Earthquake|p1a: Blacephalon
|-supereffective|p1a: Blacephalon
|-end|p1a: Blacephalon|Substitute
|
|-heal|p2a: Garchomp|48/100 tox|[from] item: Leftovers
|-damage|p2a: Garchomp|23/100 tox|[from] psn
|upkeep
|turn|14
|
|t:|1664859903
|move|p1a: Blacephalon|Shadow Ball|p2a: Garchomp
|-damage|p2a: Garchomp|0 fnt
|faint|p2a: Garchomp
|-ability|p1a: Blacephalon|Beast Boost|boost
|-boost|p1a: Blacephalon|spa|1
|
|upkeep
|
|t:|1664859907
|switch|p2a: Ninetales|Ninetales-Alola, F|100/100
|-weather|Hail|[from] ability: Snow Warning|[of] p2a: Ninetales
|turn|15
|inactive|notsotinyturtle has 120 seconds left.
|
|t:|1664859952
|switch|p2a: Arctozolt|Arctozolt|100/100
|switch|p1a: Torkoal|Torkoal, F|100/100
|-damage|p1a: Torkoal|76/100|[from] Stealth Rock
|-weather|SunnyDay|[from] ability: Drought|[of] p1a: Torkoal
|
|-weather|SunnyDay|[upkeep]
|upkeep
|turn|16
|
|t:|1664859963
|switch|p1a: Incineroar|Incineroar, F|100/100
|-ability|p1a: Incineroar|Intimidate|boost
|-unboost|p2a: Arctozolt|atk|1
|move|p2a: Arctozolt|Bolt Beak|p1a: Incineroar
|-damage|p1a: Incineroar|38/100
|-damage|p2a: Arctozolt|91/100|[from] item: Life Orb
|
|-weather|SunnyDay|[upkeep]
|upkeep
|turn|17
|
|t:|1664859971
|move|p2a: Arctozolt|Bolt Beak|p1a: Incineroar
|-damage|p1a: Incineroar|0 fnt
|faint|p1a: Incineroar
|-damage|p2a: Arctozolt|81/100|[from] item: Life Orb
|
|-weather|SunnyDay|[upkeep]
|upkeep
|
|t:|1664859976
|switch|p1a: Blaziken|Blaziken, M|81/100
|-damage|p1a: Blaziken|68/100|[from] Stealth Rock
|turn|18
|
|t:|1664859985
|move|p1a: Blaziken|Close Combat|p2a: Arctozolt
|-supereffective|p2a: Arctozolt
|-damage|p2a: Arctozolt|0 fnt
|-unboost|p1a: Blaziken|def|1
|-unboost|p1a: Blaziken|spd|1
|faint|p2a: Arctozolt
|-damage|p1a: Blaziken|58/100|[from] item: Life Orb
|
|-weather|SunnyDay|[upkeep]
|-ability|p1a: Blaziken|Speed Boost|boost
|-boost|p1a: Blaziken|spe|1
|upkeep
|
|t:|1664859994
|switch|p2a: Primarina|Primarina, F|88/100 tox
|turn|19
|
|t:|1664859999
|move|p1a: Blaziken|Protect|p1a: Blaziken
|-singleturn|p1a: Blaziken|Protect
|move|p2a: Primarina|Scald|p1a: Blaziken
|-activate|p1a: Blaziken|move: Protect
|
|-weather|SunnyDay|[upkeep]
|-heal|p2a: Primarina|94/100 tox|[from] item: Leftovers
|-damage|p2a: Primarina|88/100 tox|[from] psn
|-ability|p1a: Blaziken|Speed Boost|boost
|-boost|p1a: Blaziken|spe|1
|upkeep
|turn|20
|inactive|someidiot19 has 120 seconds left.
|
|t:|1664860038
|move|p1a: Blaziken|Flare Blitz|p2a: Primarina
|-resisted|p2a: Primarina
|-damage|p2a: Primarina|30/100 tox
|-damage|p1a: Blaziken|35/100|[from] Recoil
|-damage|p1a: Blaziken|25/100|[from] item: Life Orb
|move|p2a: Primarina|Scald|p1a: Blaziken
|-supereffective|p1a: Blaziken
|-damage|p1a: Blaziken|0 fnt
|faint|p1a: Blaziken
|
|-weather|SunnyDay|[upkeep]
|-heal|p2a: Primarina|36/100 tox|[from] item: Leftovers
|-damage|p2a: Primarina|24/100 tox|[from] psn
|upkeep
|
|t:|1664860044
|switch|p1a: Blacephalon|Blacephalon|2/100
|turn|21
|
|t:|1664860052
|move|p1a: Blacephalon|Shadow Ball|p2a: Primarina
|-damage|p2a: Primarina|0 fnt
|faint|p2a: Primarina
|-ability|p1a: Blacephalon|Beast Boost|boost
|-boost|p1a: Blacephalon|spa|1
|
|-weather|SunnyDay|[upkeep]
|upkeep
|
|t:|1664860055
|switch|p2a: Ninetales|Ninetales-Alola, F|100/100
|-weather|Hail|[from] ability: Snow Warning|[of] p2a: Ninetales
|turn|22
|
|t:|1664860059
|move|p2a: Ninetales|Aurora Veil|p2a: Ninetales
|-sidestart|p2: notsotinyturtle|move: Aurora Veil
|move|p1a: Blacephalon|Flamethrower|p2a: Ninetales
|-supereffective|p2a: Ninetales
|-damage|p2a: Ninetales|8/100
|
|-weather|Hail|[upkeep]
|-damage|p1a: Blacephalon|0 fnt|[from] Hail
|faint|p1a: Blacephalon
|upkeep
|
|t:|1664860062
|switch|p1a: Torkoal|Torkoal, F|76/100
|-damage|p1a: Torkoal|51/100|[from] Stealth Rock
|-weather|SunnyDay|[from] ability: Drought|[of] p1a: Torkoal
|turn|23
|
|t:|1664860067
|move|p2a: Ninetales|Moonblast|p1a: Torkoal
|-resisted|p1a: Torkoal
|-damage|p1a: Torkoal|29/100
|-unboost|p1a: Torkoal|spa|1
|move|p1a: Torkoal|Rapid Spin|p2a: Ninetales
|-damage|p2a: Ninetales|2/100
|-boost|p1a: Torkoal|spe|1
|-sideend|p1: someidiot19|Stealth Rock|[from] move: Rapid Spin|[of] p1a: Torkoal
|
|-weather|SunnyDay|[upkeep]
|upkeep
|turn|24
|
|t:|1664860076
|move|p2a: Ninetales|Encore|p1a: Torkoal
|-start|p1a: Torkoal|Encore
|move|p1a: Torkoal|Rapid Spin|p2a: Ninetales
|-damage|p2a: Ninetales|0 fnt
|-boost|p1a: Torkoal|spe|1
|faint|p2a: Ninetales
|
|-weather|SunnyDay|[upkeep]
|upkeep
|
|t:|1664860078
|switch|p2a: Slowking|Slowking-Galar, F|100/100
|turn|25
|
|t:|1664860083
|switch|p1a: Charizard|Charizard, M|100/100
|move|p2a: Slowking|Future Sight|p1a: Charizard
|-start|p2a: Slowking|move: Future Sight
|
|-weather|SunnyDay|[upkeep]
|-damage|p1a: Charizard|88/100|[from] ability: Solar Power|[of] p1a: Charizard
|upkeep
|turn|26
|
|t:|1664860087
|move|p1a: Charizard|Weather Ball|p2a: Slowking
|-damage|p2a: Slowking|59/100
|move|p2a: Slowking|Sludge Bomb|p1a: Charizard
|-damage|p1a: Charizard|26/100
|
|-weather|SunnyDay|[upkeep]
|-damage|p1a: Charizard|14/100|[from] ability: Solar Power|[of] p1a: Charizard
|-sideend|p2: notsotinyturtle|move: Aurora Veil
|upkeep
|turn|27
|
|t:|1664860113
|switch|p1a: Torkoal|Torkoal, F|29/100
|move|p2a: Slowking|Sludge Bomb|p1a: Torkoal
|-damage|p1a: Torkoal|0 fnt
|faint|p1a: Torkoal
|
|-weather|SunnyDay|[upkeep]
|-hint|Future Sight did not hit because the target is fainted.
|upkeep
|
|t:|1664860118
|switch|p1a: Charizard|Charizard, M|14/100
|turn|28
|
|t:|1664860123
|move|p1a: Charizard|Weather Ball|p2a: Slowking
|-damage|p2a: Slowking|0 fnt
|faint|p2a: Slowking
|
|-weather|SunnyDay|[upkeep]
|-damage|p1a: Charizard|1/100|[from] ability: Solar Power|[of] p1a: Charizard
|upkeep
|
|t:|1664860126
|switch|p2a: Mandibuzz|Mandibuzz, F|100/100
|turn|29
|
|t:|1664860131
|move|p1a: Charizard|Weather Ball|p2a: Mandibuzz
|-damage|p2a: Mandibuzz|0 fnt
|faint|p2a: Mandibuzz
|
|win|someidiot19
|raw|someidiot19's rating: 1599 &rarr; <strong>1621</strong><br />(+22 for winning)
|raw|notsotinyturtle's rating: 1633 &rarr; <strong>1611</strong><br />(-22 for losing)
|l|☆notsotinyturtle
