|raw|<div class="broadcast-blue"><strong>This battle is required to be public due to a player having a name starting with 'LT73IU'.</div>
|j|☆LT73IU Lio
|j|☆ezwz
|t:|1598473170
|player|p1|LT73IU Lio|266|1891
|player|p2|ezwz|youngster-gen4|1905
|teamsize|p1|6
|teamsize|p2|6
|gametype|singles
|gen|8
|tier|[Gen 8] OU
|rated|
|clearpoke
|poke|p1|Excadrill, F|
|poke|p1|Magnezone|
|poke|p1|Hippowdon, M|
|poke|p1|Togekiss, F|
|poke|p1|Dragapult, F|
|poke|p1|Tangrowth, M|
|poke|p2|Tyranitar, M|
|poke|p2|Excadrill, M|
|poke|p2|Ferrothorn, F|
|poke|p2|Clefable, M|
|poke|p2|Dragapult, M|
|poke|p2|Corviknight, M|
|rule|Sleep Clause Mod: Limit one foe put to sleep
|rule|Species Clause: Limit one of each Pokémon
|rule|OHKO Clause: OHKO moves are banned
|rule|Evasion Moves Clause: Evasion moves are banned
|rule|Endless Battle Clause: Forcing endless battles is banned
|rule|HP Percentage Mod: HP is shown in percentages
|rule|Dynamax Clause: You cannot dynamax
|teampreview
|j| digital siren
|j| Tace
|j| Livio ElTito
|j| Nacho Varga
|
|t:|1598473196
|start
|switch|p1a: Dragapult|Dragapult, F|100/100
|switch|p2a: Dragapult|Dragapult, M|100/100
|turn|1
|j| lt73iu luca fan
|
|t:|1598473204
|switch|p1a: Hippowdon|Hippowdon, M|100/100
|-weather|Sandstorm|[from] ability: Sand Stream|[of] p1a: Hippowdon
|switch|p2a: Clefable|Clefable, M|100/100
|
|-weather|Sandstorm|[upkeep]
|upkeep
|turn|2
|
|t:|1598473208
|move|p2a: Clefable|Trick|p1a: Hippowdon
|-activate|p2a: Clefable|move: Trick|[of] p1a: Hippowdon
|-item|p1a: Hippowdon|Sticky Barb|[from] move: Trick
|-item|p2a: Clefable|Leftovers|[from] move: Trick
|move|p1a: Hippowdon|Stealth Rock|p2a: Clefable
|-sidestart|p2: ezwz|move: Stealth Rock
|
|-weather|Sandstorm|[upkeep]
|-damage|p1a: Hippowdon|88/100|[from] item: Sticky Barb
|upkeep
|turn|3
|
|t:|1598473221
|switch|p2a: Ferrothorn|Ferrothorn, F|100/100
|-damage|p2a: Ferrothorn|94/100|[from] Stealth Rock
|switch|p1a: Excadrill|Excadrill, F|100/100
|
|-weather|Sandstorm|[upkeep]
|-heal|p2a: Ferrothorn|100/100|[from] item: Leftovers
|upkeep
|turn|4
|j| Separation
|
|t:|1598473241
|switch|p1a: Dragapult|Dragapult, F|100/100
|move|p2a: Ferrothorn|Spikes|p1a: Dragapult
|-sidestart|p1: LT73IU Lio|Spikes
|
|-weather|Sandstorm|[upkeep]
|-damage|p1a: Dragapult|95/100|[from] Sandstorm
|upkeep
|turn|5
|j| Storm Zone
|j| LT73IU HAXX
|j| LT73IU Ox
|l| LT73IU HAXX
|
|t:|1598473273
|switch|p2a: Clefable|Clefable, M|100/100
|move|p1a: Dragapult|Shadow Ball|p2a: Clefable
|-damage|p2a: Clefable|49/100
|
|-weather|none
|-heal|p2a: Clefable|55/100|[from] item: Leftovers
|upkeep
|turn|6
|
|t:|1598473281
|switch|p2a: Tyranitar|Tyranitar, M|100/100
|-damage|p2a: Tyranitar|88/100|[from] Stealth Rock
|-weather|Sandstorm|[from] ability: Sand Stream|[of] p2a: Tyranitar
|move|p1a: Dragapult|Shadow Ball|p2a: Tyranitar
|-resisted|p2a: Tyranitar
|-damage|p2a: Tyranitar|75/100
|
|-weather|Sandstorm|[upkeep]
|-damage|p1a: Dragapult|89/100|[from] Sandstorm
|upkeep
|turn|7
|j| Frostigar479
|
|t:|1598473292
|switch|p1a: Tangrowth|Tangrowth, M|100/100
|-damage|p1a: Tangrowth|88/100|[from] Spikes
|switch|p2a: Ferrothorn|Ferrothorn, F|100/100
|-damage|p2a: Ferrothorn|94/100|[from] Stealth Rock
|
|-weather|Sandstorm|[upkeep]
|-damage|p1a: Tangrowth|82/100|[from] Sandstorm
|-heal|p2a: Ferrothorn|100/100|[from] item: Leftovers
|upkeep
|turn|8
|
|t:|1598473306
|move|p1a: Tangrowth|Knock Off|p2a: Ferrothorn
|-damage|p2a: Ferrothorn|87/100
|-damage|p1a: Tangrowth|70/100|[from] ability: Iron Barbs|[of] p2a: Ferrothorn
|-enditem|p2a: Ferrothorn|Leftovers|[from] move: Knock Off|[of] p1a: Tangrowth
|move|p2a: Ferrothorn|Knock Off|p1a: Tangrowth
|-crit|p1a: Tangrowth
|-damage|p1a: Tangrowth|53/100
|-damage|p2a: Ferrothorn|70/100|[from] item: Rocky Helmet|[of] p1a: Tangrowth
|-enditem|p1a: Tangrowth|Rocky Helmet|[from] move: Knock Off|[of] p2a: Ferrothorn
|
|-weather|Sandstorm|[upkeep]
|-damage|p1a: Tangrowth|47/100|[from] Sandstorm
|upkeep
|turn|9
|
|t:|1598473314
|switch|p1a: Togekiss|Togekiss, F|100/100
|move|p2a: Ferrothorn|Spikes|p1a: Togekiss
|-sidestart|p1: LT73IU Lio|Spikes
|
|-weather|Sandstorm|[upkeep]
|-damage|p1a: Togekiss|94/100|[from] Sandstorm
|upkeep
|turn|10
|
|t:|1598473321
|switch|p2a: Excadrill|Excadrill, M|100/100
|-damage|p2a: Excadrill|97/100|[from] Stealth Rock
|move|p1a: Togekiss|Air Slash|p2a: Excadrill
|-resisted|p2a: Excadrill
|-damage|p2a: Excadrill|78/100
|
|-weather|Sandstorm|[upkeep]
|-damage|p1a: Togekiss|88/100|[from] Sandstorm
|-heal|p2a: Excadrill|84/100|[from] item: Leftovers
|upkeep
|turn|11
|
|t:|1598473333
|switch|p1a: Tangrowth|Tangrowth, M|80/100
|-damage|p1a: Tangrowth|63/100|[from] Spikes
|move|p2a: Excadrill|Iron Head|p1a: Tangrowth
|-damage|p1a: Tangrowth|39/100
|
|-weather|Sandstorm|[upkeep]
|-damage|p1a: Tangrowth|32/100|[from] Sandstorm
|-heal|p2a: Excadrill|91/100|[from] item: Leftovers
|upkeep
|turn|12
|
|t:|1598473338
|switch|p2a: Ferrothorn|Ferrothorn, F|70/100
|-damage|p2a: Ferrothorn|64/100|[from] Stealth Rock
|move|p1a: Tangrowth|Giga Drain|p2a: Ferrothorn
|-resisted|p2a: Ferrothorn
|-damage|p2a: Ferrothorn|58/100
|-heal|p1a: Tangrowth|35/100|[from] drain|[of] p2a: Ferrothorn
|
|-weather|Sandstorm|[upkeep]
|-damage|p1a: Tangrowth|29/100|[from] Sandstorm
|upkeep
|turn|13
|l| Frostigar479
|
|t:|1598473352
|move|p1a: Tangrowth|Giga Drain|p2a: Ferrothorn
|-resisted|p2a: Ferrothorn
|-damage|p2a: Ferrothorn|52/100
|-heal|p1a: Tangrowth|31/100|[from] drain|[of] p2a: Ferrothorn
|move|p2a: Ferrothorn|Spikes|p1a: Tangrowth
|-sidestart|p1: LT73IU Lio|Spikes
|
|-weather|none
|upkeep
|turn|14
|
|t:|1598473355
|move|p1a: Tangrowth|Giga Drain|p2a: Ferrothorn
|-resisted|p2a: Ferrothorn
|-damage|p2a: Ferrothorn|46/100
|-heal|p1a: Tangrowth|34/100|[from] drain|[of] p2a: Ferrothorn
|move|p2a: Ferrothorn|Body Press|p1a: Tangrowth
|-damage|p1a: Tangrowth|19/100
|
|upkeep
|turn|15
|
|t:|1598473359
|switch|p1a: Togekiss|Togekiss, F|88/100
|move|p2a: Ferrothorn|Knock Off|p1a: Togekiss
|-resisted|p1a: Togekiss
|-damage|p1a: Togekiss|80/100
|-enditem|p1a: Togekiss|Heavy-Duty Boots|[from] move: Knock Off|[of] p2a: Ferrothorn
|
|upkeep
|turn|16
|
|t:|1598473368
|switch|p1a: Excadrill|Excadrill, F|100/100
|-damage|p1a: Excadrill|76/100|[from] Spikes
|switch|p2a: Tyranitar|Tyranitar, M|75/100
|-damage|p2a: Tyranitar|63/100|[from] Stealth Rock
|-weather|Sandstorm|[from] ability: Sand Stream|[of] p2a: Tyranitar
|
|-weather|Sandstorm|[upkeep]
|upkeep
|turn|17
|
|t:|1598473376
|switch|p2a: Corviknight|Corviknight, M|100/100
|-damage|p2a: Corviknight|88/100|[from] Stealth Rock
|-ability|p2a: Corviknight|Pressure
|move|p1a: Excadrill|Earthquake|p2a: Corviknight
|-immune|p2a: Corviknight
|
|-weather|Sandstorm|[upkeep]
|-heal|p2a: Corviknight|94/100|[from] item: Leftovers
|upkeep
|turn|18
|
|t:|1598473380
|switch|p1a: Magnezone|Magnezone|100/100
|-damage|p1a: Magnezone|76/100|[from] Spikes
|switch|p2a: Dragapult|Dragapult, M|100/100
|-damage|p2a: Dragapult|88/100|[from] Stealth Rock
|
|-weather|Sandstorm|[upkeep]
|-damage|p2a: Dragapult|82/100|[from] Sandstorm
|-heal|p2a: Dragapult|88/100|[from] item: Leftovers
|upkeep
|turn|19
|j| popiopjo
|
|t:|1598473395
|switch|p2a: Excadrill|Excadrill, M|91/100
|-damage|p2a: Excadrill|88/100|[from] Stealth Rock
|move|p1a: Magnezone|Flash Cannon|p2a: Excadrill
|-resisted|p2a: Excadrill
|-damage|p2a: Excadrill|47/100
|
|-weather|Sandstorm|[upkeep]
|-heal|p2a: Excadrill|53/100|[from] item: Leftovers
|upkeep
|turn|20
|
|t:|1598473410
|switch|p1a: Togekiss|Togekiss, F|80/100
|move|p2a: Excadrill|Rapid Spin|p1a: Togekiss
|-damage|p1a: Togekiss|64/100
|-boost|p2a: Excadrill|spe|1
|-sideend|p2: ezwz|Stealth Rock|[from] move: Rapid Spin|[of] p2a: Excadrill
|
|-weather|Sandstorm|[upkeep]
|-damage|p1a: Togekiss|58/100|[from] Sandstorm
|-heal|p2a: Excadrill|59/100|[from] item: Leftovers
|upkeep
|turn|21
|
|t:|1598473420
|move|p2a: Excadrill|Iron Head|p1a: Togekiss
|-supereffective|p1a: Togekiss
|-damage|p1a: Togekiss|0 fnt
|faint|p1a: Togekiss
|
|-weather|Sandstorm|[upkeep]
|-heal|p2a: Excadrill|65/100|[from] item: Leftovers
|upkeep
|
|t:|1598473425
|switch|p1a: Hippowdon|Hippowdon, M|88/100
|-damage|p1a: Hippowdon|63/100|[from] Spikes
|turn|22
|
|t:|1598473446
|switch|p2a: Dragapult|Dragapult, M|88/100
|move|p1a: Hippowdon|Earthquake|p2a: Dragapult
|-damage|p2a: Dragapult|33/100
|
|-weather|Sandstorm|[upkeep]
|-damage|p2a: Dragapult|27/100|[from] Sandstorm
|-heal|p2a: Dragapult|33/100|[from] item: Leftovers
|-damage|p1a: Hippowdon|51/100|[from] item: Sticky Barb
|upkeep
|turn|23
|l| Separation
|
|t:|1598473456
|move|p2a: Dragapult|Will-O-Wisp|p1a: Hippowdon
|-status|p1a: Hippowdon|brn
|move|p1a: Hippowdon|Earthquake|p2a: Dragapult
|-damage|p2a: Dragapult|6/100
|
|-weather|none
|-heal|p2a: Dragapult|12/100|[from] item: Leftovers
|-damage|p1a: Hippowdon|45/100 brn|[from] brn
|-damage|p1a: Hippowdon|32/100 brn|[from] item: Sticky Barb
|upkeep
|turn|24
|
|t:|1598473468
|move|p2a: Dragapult|Hex|p1a: Hippowdon
|-damage|p1a: Hippowdon|0 fnt
|faint|p1a: Hippowdon
|
|-heal|p2a: Dragapult|18/100|[from] item: Leftovers
|upkeep
|
|t:|1598473471
|switch|p1a: Dragapult|Dragapult, F|89/100
|-damage|p1a: Dragapult|64/100|[from] Spikes
|turn|25
|l| popiopjo
|inactive|Battle timer is ON: inactive players will automatically lose when time's up. (requested by LT73IU Lio)
|
|t:|1598473535
|switch|p2a: Tyranitar|Tyranitar, M|63/100
|-weather|Sandstorm|[from] ability: Sand Stream|[of] p2a: Tyranitar
|move|p1a: Dragapult|Shadow Ball|p2a: Tyranitar
|-resisted|p2a: Tyranitar
|-damage|p2a: Tyranitar|51/100
|
|-weather|Sandstorm|[upkeep]
|-damage|p1a: Dragapult|58/100|[from] Sandstorm
|upkeep
|turn|26
|-message|LT73IU Lio forfeited.
|
|win|ezwz
|l|☆LT73IU Lio
|l|☆ezwz
||Ladder (probably) updated, but score could not be retrieved (Request timeout).
|l| digital siren
|l| LT73IU Ox
|l| Tace
|l| Storm Zone
