|html|<div class="broadcast-blue"><strong>[Gen 8] OU is currently suspecting Melmetal! For information on how to participate check out the <a href="https://www.smogon.com/forums/threads/np-ss-ou-suspect-process-round-12-monster-mash.3709234/">suspect thread</a>.</strong></div>
|j|☆CocoBiceps
|j|☆ty-tyui↻
|t:|1665934084
|gametype|singles
|player|p1|CocoBiceps|byron|1633
|player|p2|ty-tyui↻|grace|1707
|teamsize|p1|6
|teamsize|p2|6
|gen|8
|tier|[Gen 8] OU
|rated|
|rule|Sleep Clause Mod: Limit one foe put to sleep
|rule|Species Clause: Limit one of each Pokémon
|rule|OHKO Clause: OHKO moves are banned
|rule|Evasion Items Clause: Evasion items are banned
|rule|Evasion Moves Clause: Evasion moves are banned
|rule|Endless Battle Clause: Forcing endless battles is banned
|rule|HP Percentage Mod: HP is shown in percentages
|rule|Dynamax Clause: You cannot dynamax
|clearpoke
|poke|p1|Urshifu-*, M|
|poke|p1|Heatran, M|
|poke|p1|Rotom-Wash|
|poke|p1|Landorus-Therian, M|
|poke|p1|Tapu Lele|
|poke|p1|Kartana|
|poke|p2|Mienshao, M|
|poke|p2|Ninetales-Alola, M|
|poke|p2|Blacephalon|
|poke|p2|Landorus-Therian, M|
|poke|p2|Corviknight, M|
|poke|p2|Rotom-Wash|
|teampreview
|j| RazorForce21
|
|t:|1665934097
|start
|switch|p1a: Rotom|Rotom-Wash, shiny|100/100
|switch|p2a: Rotom|Rotom-Wash|100/100
|turn|1
|
|t:|1665934101
|move|p2a: Rotom|Volt Switch|p1a: Rotom
|-damage|p1a: Rotom|81/100
|
|t:|1665934108
|switch|p2a: Ninetales|Ninetales-Alola, M|100/100|[from]move: Volt Switch
|-weather|Hail|[from] ability: Snow Warning|[of] p2a: Ninetales
|move|p1a: Rotom|Volt Switch|p2a: Ninetales
|-damage|p2a: Ninetales|70/100
|inactive|Battle timer is ON: inactive players will automatically lose when time's up. (requested by ty-tyui↻)
|
|t:|1665934117
|switch|p1a: Tapu Lele|Tapu Lele|100/100|[from]move: Volt Switch
|-fieldstart|move: Psychic Terrain|[from] ability: Psychic Surge|[of] p1a: Tapu Lele
|
|-weather|Hail|[upkeep]
|-damage|p1a: Tapu Lele|94/100|[from] Hail
|upkeep
|turn|2
|
|t:|1665934125
|move|p1a: Tapu Lele|Moonblast|p2a: Ninetales
|-damage|p2a: Ninetales|15/100
|-unboost|p2a: Ninetales|spa|1
|move|p2a: Ninetales|Blizzard|p1a: Tapu Lele
|-damage|p1a: Tapu Lele|46/100
|
|-weather|Hail|[upkeep]
|-damage|p1a: Tapu Lele|40/100|[from] Hail
|upkeep
|turn|3
|
|t:|1665934133
|switch|p2a: Corviknight|Corviknight, M|100/100
|-ability|p2a: Corviknight|Pressure
|move|p1a: Tapu Lele|Moonblast|p2a: Corviknight
|-resisted|p2a: Corviknight
|-damage|p2a: Corviknight|80/100
|
|-weather|Hail|[upkeep]
|-damage|p1a: Tapu Lele|34/100|[from] Hail
|-damage|p2a: Corviknight|73/100|[from] Hail
|upkeep
|turn|4
|
|t:|1665934136
|switch|p1a: Heatran|Heatran, M|100/100
|-item|p1a: Heatran|Air Balloon
|move|p2a: Corviknight|U-turn|p1a: Heatran
|-resisted|p1a: Heatran
|-damage|p1a: Heatran|97/100
|-enditem|p1a: Heatran|Air Balloon
|
|t:|1665934139
|switch|p2a: Mienshao|Mienshao, M, shiny|100/100|[from]move: U-turn
|
|-weather|Hail|[upkeep]
|-damage|p2a: Mienshao|94/100|[from] Hail
|-damage|p1a: Heatran|91/100|[from] Hail
|upkeep
|turn|5
|
|t:|1665934142
|switch|p1a: Landorus|Landorus-Therian, M|100/100
|-ability|p1a: Landorus|Intimidate|boost
|-unboost|p2a: Mienshao|atk|1
|move|p2a: Mienshao|Knock Off|p1a: Landorus
|-damage|p1a: Landorus|71/100
|-enditem|p1a: Landorus|Leftovers|[from] move: Knock Off|[of] p2a: Mienshao
|-damage|p2a: Mienshao|84/100|[from] item: Life Orb
|
|-weather|none
|-fieldend|move: Psychic Terrain
|upkeep
|turn|6
|
|t:|1665934146
|move|p2a: Mienshao|U-turn|p1a: Landorus
|-resisted|p1a: Landorus
|-damage|p1a: Landorus|61/100
|-damage|p2a: Mienshao|74/100|[from] item: Life Orb
|
|t:|1665934149
|switch|p2a: Corviknight|Corviknight, M|73/100|[from]move: U-turn
|-ability|p2a: Corviknight|Pressure
|move|p1a: Landorus|U-turn|p2a: Corviknight
|-resisted|p2a: Corviknight
|-damage|p2a: Corviknight|70/100
|-damage|p1a: Landorus|45/100|[from] item: Rocky Helmet|[of] p2a: Corviknight
|
|t:|1665934152
|switch|p1a: Heatran|Heatran, M|91/100|[from]move: U-turn
|
|upkeep
|turn|7
|
|t:|1665934157
|switch|p2a: Rotom|Rotom-Wash|100/100
|move|p1a: Heatran|Stealth Rock|p2a: Rotom
|-sidestart|p2: ty-tyui↻|move: Stealth Rock
|
|upkeep
|turn|8
|
|t:|1665934165
|switch|p1a: Kartana|Kartana, shiny|100/100
|move|p2a: Rotom|Volt Switch|p1a: Kartana
|-resisted|p1a: Kartana
|-damage|p1a: Kartana|61/100
|
|t:|1665934168
|switch|p2a: Corviknight|Corviknight, M|70/100|[from]move: Volt Switch
|-damage|p2a: Corviknight|57/100|[from] Stealth Rock
|-ability|p2a: Corviknight|Pressure
|
|upkeep
|turn|9
|
|t:|1665934173
|switch|p1a: Heatran|Heatran, M|91/100
|move|p2a: Corviknight|Defog|p1a: Heatran
|-unboost|p1a: Heatran|evasion|1
|-sideend|p2: ty-tyui↻|Stealth Rock|[from] move: Defog|[of] p2a: Corviknight
|
|upkeep
|turn|10
|
|t:|1665934175
|move|p1a: Heatran|Stealth Rock|p2a: Corviknight
|-sidestart|p2: ty-tyui↻|move: Stealth Rock
|move|p2a: Corviknight|Roost|p2a: Corviknight
|-heal|p2a: Corviknight|100/100
|-singleturn|p2a: Corviknight|move: Roost
|
|upkeep
|turn|11
|
|t:|1665934178
|switch|p2a: Rotom|Rotom-Wash|100/100
|-damage|p2a: Rotom|88/100|[from] Stealth Rock
|move|p1a: Heatran|Magma Storm|p2a: Rotom
|-resisted|p2a: Rotom
|-damage|p2a: Rotom|66/100
|-activate|p2a: Rotom|move: Magma Storm|[of] p1a: Heatran
|
|-heal|p2a: Rotom|72/100|[from] item: Leftovers
|-damage|p2a: Rotom|59/100|[from] move: Magma Storm|[partiallytrapped]
|upkeep
|turn|12
|
|t:|1665934181
|move|p1a: Heatran|Taunt|p2a: Rotom
|-start|p2a: Rotom|move: Taunt
|move|p2a: Rotom|Hydro Pump|p1a: Heatran
|-supereffective|p1a: Heatran
|-damage|p1a: Heatran|17/100
|
|-heal|p2a: Rotom|66/100|[from] item: Leftovers
|-damage|p2a: Rotom|53/100|[from] move: Magma Storm|[partiallytrapped]
|upkeep
|turn|13
|
|t:|1665934190
|switch|p1a: Landorus|Landorus-Therian, M|45/100
|-ability|p1a: Landorus|Intimidate|boost
|-unboost|p2a: Rotom|atk|1
|move|p2a: Rotom|Volt Switch|p1a: Landorus
|-immune|p1a: Landorus
|
|-heal|p2a: Rotom|59/100|[from] item: Leftovers
|-end|p2a: Rotom|Magma Storm|[partiallytrapped]|[silent]
|upkeep
|turn|14
|
|t:|1665934197
|move|p2a: Rotom|Hydro Pump|p1a: Landorus
|-supereffective|p1a: Landorus
|-damage|p1a: Landorus|0 fnt
|faint|p1a: Landorus
|
|-heal|p2a: Rotom|66/100|[from] item: Leftovers
|-end|p2a: Rotom|move: Taunt
|upkeep
|
|t:|1665934199
|switch|p1a: Kartana|Kartana, shiny|61/100
|turn|15
|
|t:|1665934201
|switch|p2a: Corviknight|Corviknight, M|100/100
|-damage|p2a: Corviknight|88/100|[from] Stealth Rock
|-ability|p2a: Corviknight|Pressure
|move|p1a: Kartana|Swords Dance|p1a: Kartana
|-boost|p1a: Kartana|atk|2
|
|upkeep
|turn|16
|
|t:|1665934214
|move|p1a: Kartana|Knock Off|p2a: Corviknight
|-damage|p2a: Corviknight|26/100
|-enditem|p2a: Corviknight|Rocky Helmet|[from] move: Knock Off|[of] p1a: Kartana
|move|p2a: Corviknight|U-turn|p1a: Kartana
|-damage|p1a: Kartana|45/100
|
|t:|1665934218
|switch|p2a: Blacephalon|Blacephalon, shiny|100/100|[from]move: U-turn
|-damage|p2a: Blacephalon|76/100|[from] Stealth Rock
|
|upkeep
|turn|17
|
|t:|1665934222
|switch|p1a: Rotom|Rotom-Wash, shiny|81/100
|move|p2a: Blacephalon|Shadow Ball|p1a: Rotom
|-damage|p1a: Rotom|42/100
|-unboost|p1a: Rotom|spd|1
|
|-heal|p1a: Rotom|48/100|[from] item: Leftovers
|upkeep
|turn|18
|
|t:|1665934228
|move|p2a: Blacephalon|Shadow Ball|p1a: Rotom
|-damage|p1a: Rotom|0 fnt
|faint|p1a: Rotom
|-ability|p2a: Blacephalon|Beast Boost|boost
|-boost|p2a: Blacephalon|spa|1
|
|upkeep
|
|t:|1665934229
|switch|p1a: Urshifu|Urshifu-Rapid-Strike, M|100/100
|turn|19
|
|t:|1665934232
|switch|p2a: Rotom|Rotom-Wash|66/100
|-damage|p2a: Rotom|53/100|[from] Stealth Rock
|move|p1a: Urshifu|Aqua Jet|p2a: Rotom
|-resisted|p2a: Rotom
|-damage|p2a: Rotom|35/100
|
|-heal|p2a: Rotom|42/100|[from] item: Leftovers
|upkeep
|turn|20
|
|t:|1665934236
|switch|p1a: Heatran|Heatran, M|17/100
|move|p2a: Rotom|Volt Switch|p1a: Heatran
|-damage|p1a: Heatran|0 fnt
|faint|p1a: Heatran
|
|t:|1665934245
|switch|p2a: Ninetales|Ninetales-Alola, M|15/100|[from]move: Volt Switch
|-damage|p2a: Ninetales|0 fnt|[from] Stealth Rock
|faint|p2a: Ninetales
|
|upkeep
|
|t:|1665934254
|switch|p2a: Mienshao|Mienshao, M, shiny|100/100
|switch|p1a: Urshifu|Urshifu-Rapid-Strike, M|100/100
|-damage|p2a: Mienshao|94/100|[from] Stealth Rock
|turn|21
|
|t:|1665934259
|move|p2a: Mienshao|Close Combat|p1a: Urshifu
|-damage|p1a: Urshifu|21/100
|-unboost|p2a: Mienshao|def|1
|-unboost|p2a: Mienshao|spd|1
|-damage|p2a: Mienshao|84/100|[from] item: Life Orb
|move|p1a: Urshifu|Surging Strikes|p2a: Mienshao
|-crit|p2a: Mienshao
|-damage|p2a: Mienshao|1/100
|-crit|p2a: Mienshao
|-damage|p2a: Mienshao|0 fnt
|faint|p2a: Mienshao
|-hitcount|p2: Mienshao|2
|
|upkeep
|
|t:|1665934274
|switch|p2a: Corviknight|Corviknight, M|26/100
|-damage|p2a: Corviknight|13/100|[from] Stealth Rock
|-ability|p2a: Corviknight|Pressure
|turn|22
|
|t:|1665934276
|move|p1a: Urshifu|Surging Strikes|p2a: Corviknight
|-crit|p2a: Corviknight
|-damage|p2a: Corviknight|0 fnt
|faint|p2a: Corviknight
|-hitcount|p2: Corviknight|1
|
|upkeep
|
|t:|1665934280
|switch|p2a: Blacephalon|Blacephalon, shiny|76/100
|-damage|p2a: Blacephalon|51/100|[from] Stealth Rock
|turn|23
|
|t:|1665934284
|move|p2a: Blacephalon|Shadow Ball|p1a: Urshifu
|-damage|p1a: Urshifu|0 fnt
|faint|p1a: Urshifu
|-ability|p2a: Blacephalon|Beast Boost|boost
|-boost|p2a: Blacephalon|spa|1
|
|upkeep
|
|t:|1665934286
|switch|p1a: Tapu Lele|Tapu Lele|34/100
|-fieldstart|move: Psychic Terrain|[from] ability: Psychic Surge|[of] p1a: Tapu Lele
|turn|24
|
|t:|1665934288
|move|p2a: Blacephalon|Shadow Ball|p1a: Tapu Lele
|-supereffective|p1a: Tapu Lele
|-damage|p1a: Tapu Lele|0 fnt
|faint|p1a: Tapu Lele
|-ability|p2a: Blacephalon|Beast Boost|boost
|-boost|p2a: Blacephalon|spa|1
|
|upkeep
|
|t:|1665934290
|switch|p1a: Kartana|Kartana, shiny|45/100
|turn|25
|
|t:|1665934291
|move|p2a: Blacephalon|Shadow Ball|p1a: Kartana
|-damage|p1a: Kartana|0 fnt
|faint|p1a: Kartana
|
|win|ty-tyui↻
|raw|CocoBiceps's rating: 1633 &rarr; <strong>1617</strong><br />(-16 for losing)
|raw|ty-tyui↻'s rating: 1707 &rarr; <strong>1723</strong><br />(+16 for winning)
