|j|☆DJ CRIB DEF
|j|☆SteakSavoureux
|player|p1|DJ CRIB DEF|101|1237
|player|p2|SteakSavoureux|219|1204
|teamsize|p1|6
|teamsize|p2|6
|gametype|singles
|gen|8
|tier|[Gen 8] OU
|rated|
|rule|Sleep Clause Mod: Limit one foe put to sleep
|rule|Species Clause: Limit one of each Pokémon
|rule|OHKO Clause: OHKO moves are banned
|rule|Evasion Moves Clause: Evasion moves are banned
|rule|Endless Battle Clause: Forcing endless battles is banned
|rule|HP Percentage Mod: HP is shown in percentages
|clearpoke
|poke|p1|Flapple, M|
|poke|p1|Grimmsnarl, M|
|poke|p1|Mr. Rime, F|
|poke|p1|Rotom-Heat|
|poke|p1|Tyranitar, M|
|poke|p1|Excadrill, F|
|poke|p2|Grimmsnarl, M|
|poke|p2|Ribombee, F|
|poke|p2|Dracovish|
|poke|p2|Pelipper, M|
|poke|p2|Darmanitan-Galar, M|
|poke|p2|Ferrothorn, F|
|teampreview
|inactive|Battle timer is ON: inactive players will automatically lose when time's up. (requested by DJ CRIB DEF)
|
|start
|switch|p1a: Rotom|Rotom-Heat|100/100
|switch|p2a: Ribombee|Ribombee, F|100/100
|turn|1
|
|move|p2a: Ribombee|Sticky Web|p1a: Rotom
|-sidestart|p1: DJ CRIB DEF|move: Sticky Web
|move|p1a: Rotom|Overheat|p2a: Ribombee|[miss]
|-miss|p1a: Rotom|p2a: Ribombee
|
|upkeep
|turn|2
|
|move|p2a: Ribombee|U-turn|p1a: Rotom
|-resisted|p1a: Rotom
|-damage|p1a: Rotom|91/100
|
|switch|p2a: Pelipper|Pelipper, M|100/100|[from]move: U-turn
|-weather|RainDance|[from] ability: Drizzle|[of] p2a: Pelipper
|move|p1a: Rotom|Overheat|p2a: Pelipper
|-resisted|p2a: Pelipper
|-damage|p2a: Pelipper|79/100
|-unboost|p1a: Rotom|spa|2
|-enditem|p1a: Rotom|Eject Pack
|
|switch|p1a: Mr. Rime|Mr. Rime, F|100/100
|-activate|p1a: Mr. Rime|move: Sticky Web
|-unboost|p1a: Mr. Rime|spe|1
|
|-weather|RainDance|[upkeep]
|-heal|p2a: Pelipper|85/100|[from] item: Leftovers
|upkeep
|turn|3
|
|move|p1a: Mr. Rime|Rapid Spin|p2a: Pelipper
|-damage|p2a: Pelipper|79/100
|-sideend|p1: DJ CRIB DEF|Sticky Web|[from] move: Rapid Spin|[of] p1a: Mr. Rime
|-boost|p1a: Mr. Rime|spe|1
|move|p2a: Pelipper|U-turn|p1a: Mr. Rime
|-supereffective|p1a: Mr. Rime
|-damage|p1a: Mr. Rime|82/100
|-enditem|p1a: Mr. Rime|Weakness Policy
|-boost|p1a: Mr. Rime|atk|2
|-boost|p1a: Mr. Rime|spa|2
|
|switch|p2a: Dracovish|Dracovish|100/100|[from]move: U-turn
|
|-weather|RainDance|[upkeep]
|upkeep
|turn|4
|
|move|p2a: Dracovish|Fishious Rend|p1a: Mr. Rime
|-damage|p1a: Mr. Rime|0 fnt
|faint|p1a: Mr. Rime
|
|-weather|RainDance|[upkeep]
|upkeep
|
|switch|p1a: Grimmsnarl|Grimmsnarl, M|100/100
|turn|5
|
|move|p1a: Grimmsnarl|Reflect|p1a: Grimmsnarl
|-sidestart|p1: DJ CRIB DEF|Reflect
|move|p2a: Dracovish|Fishious Rend|p1a: Grimmsnarl
|-damage|p1a: Grimmsnarl|51/100
|
|-weather|RainDance|[upkeep]
|upkeep
|turn|6
|
|move|p2a: Dracovish|Fishious Rend|p1a: Grimmsnarl
|-damage|p1a: Grimmsnarl|0 fnt
|faint|p1a: Grimmsnarl
|
|-weather|none
|upkeep
|
|switch|p1a: Flapple|Flapple, M|100/100
|turn|7
|
|switch|p2a: Darmanitan|Darmanitan-Galar, M|100/100
|move|p1a: Flapple|Dragon Dance|p1a: Flapple
|-boost|p1a: Flapple|atk|1
|-boost|p1a: Flapple|spe|1
|
|upkeep
|turn|8
|
|switch|p1a: Rotom|Rotom-Heat|91/100
|move|p2a: Darmanitan|Icicle Crash|p1a: Rotom
|-resisted|p1a: Rotom
|-damage|p1a: Rotom|68/100
|
|upkeep
|turn|9
|
|switch|p2a: Ribombee|Ribombee, F|100/100
|move|p1a: Rotom|Volt Switch|p2a: Ribombee
|-damage|p2a: Ribombee|54/100
|
|switch|p1a: Excadrill|Excadrill, F|100/100|[from]move: Volt Switch
|
|upkeep
|turn|10
|
|move|p2a: Ribombee|Sticky Web|p1a: Excadrill
|-sidestart|p1: DJ CRIB DEF|move: Sticky Web
|move|p1a: Excadrill|Substitute|p1a: Excadrill
|-start|p1a: Excadrill|Substitute
|-damage|p1a: Excadrill|76/100
|
|-heal|p1a: Excadrill|82/100|[from] item: Leftovers
|upkeep
|turn|11
|
|move|p2a: Ribombee|U-turn|p1a: Excadrill
|-resisted|p1a: Excadrill
|-crit|p1a: Excadrill
|-activate|p1a: Excadrill|move: Substitute|[damage]
|
|switch|p2a: Pelipper|Pelipper, M|79/100|[from]move: U-turn
|-weather|RainDance|[from] ability: Drizzle|[of] p2a: Pelipper
|move|p1a: Excadrill|Swords Dance|p1a: Excadrill
|-boost|p1a: Excadrill|atk|2
|
|-weather|RainDance|[upkeep]
|-heal|p1a: Excadrill|88/100|[from] item: Leftovers
|-heal|p2a: Pelipper|85/100|[from] item: Leftovers
|upkeep
|turn|12
|
|move|p1a: Excadrill|Iron Head|p2a: Pelipper
|-resisted|p2a: Pelipper
|-damage|p2a: Pelipper|55/100
|move|p2a: Pelipper|Scald|p1a: Excadrill
|-supereffective|p1a: Excadrill
|-end|p1a: Excadrill|Substitute
|
|-weather|RainDance|[upkeep]
|-heal|p1a: Excadrill|94/100|[from] item: Leftovers
|-heal|p2a: Pelipper|61/100|[from] item: Leftovers
|-sideend|p1: DJ CRIB DEF|Reflect
|upkeep
|turn|13
|
|move|p1a: Excadrill|Iron Head|p2a: Pelipper
|-resisted|p2a: Pelipper
|-damage|p2a: Pelipper|29/100
|cant|p2a: Pelipper|flinch
|
|-weather|RainDance|[upkeep]
|-heal|p1a: Excadrill|99/100|[from] item: Leftovers
|-heal|p2a: Pelipper|35/100|[from] item: Leftovers
|upkeep
|turn|14
|
|-start|p1a: Excadrill|Dynamax
|-heal|p1a: Excadrill|99/100|[silent]
|move|p1a: Excadrill|Max Steelspike|p2a: Pelipper
|-resisted|p2a: Pelipper
|-damage|p2a: Pelipper|0 fnt
|-boost|p1a: Excadrill|def|1
|faint|p2a: Pelipper
|
|-weather|RainDance|[upkeep]
|-heal|p1a: Excadrill|100/100|[from] item: Leftovers
|upkeep
|inactive|SteakSavoureux has 120 seconds left.
|
|switch|p2a: Dracovish|Dracovish|100/100
|turn|15
|inactive|SteakSavoureux has 120 seconds left.
|
|move|p1a: Excadrill|Max Guard|p1a: Excadrill
|-singleturn|p1a: Excadrill|Max Guard
|move|p2a: Dracovish|Fishious Rend|p1a: Excadrill
|-activate|p1a: Excadrill|move: Max Guard
|
|-weather|none
|upkeep
|turn|16
|
|move|p2a: Dracovish|Fishious Rend|p1a: Excadrill
|-supereffective|p1a: Excadrill
|-damage|p1a: Excadrill|0 fnt
|faint|p1a: Excadrill
|
|upkeep
|c|☆DJ CRIB DEF|gg
|-message|DJ CRIB DEF forfeited.
|
|win|SteakSavoureux
|c|☆SteakSavoureux|Gg
|raw|DJ CRIB DEF's rating: 1237 &rarr; <strong>1210</strong><br />(-27 for losing)
|raw|SteakSavoureux's rating: 1204 &rarr; <strong>1232</strong><br />(+28 for winning)
