|html|<div class="broadcast-blue"><strong>[Gen 8] OU is currently suspecting Melmetal! For information on how to participate check out the <a href="https://www.smogon.com/forums/threads/np-ss-ou-suspect-process-round-12-monster-mash.3709234/">suspect thread</a>.</strong></div>
|j|☆mcp3
|j|☆ChandosH
|t:|1666930963
|gametype|singles
|player|p1|mcp3|scientistf|1733
|player|p2|ChandosH|n-masters|1787
|teamsize|p1|6
|teamsize|p2|6
|gen|8
|tier|[Gen 8] OU
|rated|
|rule|Sleep Clause Mod: Limit one foe put to sleep
|rule|Species Clause: Limit one of each Pokémon
|rule|OHKO Clause: OHKO moves are banned
|rule|Evasion Items Clause: Evasion items are banned
|rule|Evasion Moves Clause: Evasion moves are banned
|rule|Endless Battle Clause: Forcing endless battles is banned
|rule|HP Percentage Mod: HP is shown in percentages
|rule|Dynamax Clause: You cannot dynamax
|clearpoke
|poke|p1|Chansey, F|
|poke|p1|Skarmory, F|
|poke|p1|Garchomp, F|
|poke|p1|Melmetal|
|poke|p1|Tornadus-Therian, M|
|poke|p1|Clefable, M|
|poke|p2|Toxapex, F|
|poke|p2|Skarmory, M|
|poke|p2|Clefable, F|
|poke|p2|Tapu Koko|
|poke|p2|Hippowdon, M|
|poke|p2|Reuniclus, M|
|teampreview
|inactive|Battle timer is ON: inactive players will automatically lose when time's up. (requested by mcp3)
|
|t:|1666930999
|start
|switch|p1a: REBENGAAAAA|Skarmory, F|100/100
|switch|p2a: Skarmory|Skarmory, M|100/100
|turn|1
|
|t:|1666931004
|move|p1a: REBENGAAAAA|Taunt|p2a: Skarmory
|-start|p2a: Skarmory|move: Taunt
|cant|p2a: Skarmory|move: Taunt|Spikes
|
|upkeep
|turn|2
|
|t:|1666931009
|switch|p2a: Tapu Koko|Tapu Koko|100/100
|-fieldstart|move: Electric Terrain|[from] ability: Electric Surge|[of] p2a: Tapu Koko
|move|p1a: REBENGAAAAA|Spikes|p2a: Tapu Koko
|-sidestart|p2: ChandosH|Spikes
|
|upkeep
|turn|3
|
|t:|1666931019
|move|p2a: Tapu Koko|Dazzling Gleam|p1a: REBENGAAAAA
|-resisted|p1a: REBENGAAAAA
|-damage|p1a: REBENGAAAAA|78/100
|move|p1a: REBENGAAAAA|Spikes|p2a: Tapu Koko
|-sidestart|p2: ChandosH|Spikes
|
|upkeep
|turn|4
|
|t:|1666931025
|switch|p1a: Rise Like Easter|Chansey, F|100/100
|move|p2a: Tapu Koko|Dazzling Gleam|p1a: Rise Like Easter
|-damage|p1a: Rise Like Easter|90/100
|
|upkeep
|turn|5
|
|t:|1666931031
|switch|p2a: Skarmory|Skarmory, M|100/100
|move|p1a: Rise Like Easter|Stealth Rock|p2a: Skarmory
|-sidestart|p2: ChandosH|move: Stealth Rock
|
|upkeep
|turn|6
|
|t:|1666931035
|switch|p1a: Moltisanti|Tornadus-Therian, M|100/100
|move|p2a: Skarmory|Spikes|p1a: Moltisanti
|-sidestart|p1: mcp3|Spikes
|
|-fieldend|move: Electric Terrain
|upkeep
|turn|7
|
|t:|1666931040
|switch|p2a: Tapu Koko|Tapu Koko|100/100
|-fieldstart|move: Electric Terrain|[from] ability: Electric Surge|[of] p2a: Tapu Koko
|move|p1a: Moltisanti|Knock Off|p2a: Tapu Koko
|-resisted|p2a: Tapu Koko
|-damage|p2a: Tapu Koko|87/100
|-enditem|p2a: Tapu Koko|Heavy-Duty Boots|[from] move: Knock Off|[of] p1a: Moltisanti
|
|upkeep
|turn|8
|j| punyakoko
|j| Faceblue
|j| Sww-Suwa
|
|t:|1666931058
|switch|p1a: Rise Like Easter|Chansey, F|90/100
|-damage|p1a: Rise Like Easter|77/100|[from] Spikes
|move|p2a: Tapu Koko|Thunderbolt|p1a: Rise Like Easter
|-damage|p1a: Rise Like Easter|62/100
|
|upkeep
|turn|9
|j| SlorboSupremi
|
|t:|1666931069
|move|p2a: Tapu Koko|Volt Switch|p1a: Rise Like Easter
|-damage|p1a: Rise Like Easter|50/100
|
|t:|1666931074
|switch|p2a: Skarmory|Skarmory, M|100/100|[from]move: Volt Switch
|-damage|p2a: Skarmory|88/100|[from] Stealth Rock
|move|p1a: Rise Like Easter|Soft-Boiled|p1a: Rise Like Easter
|-heal|p1a: Rise Like Easter|99/100
|
|upkeep
|turn|10
|
|t:|1666931081
|switch|p1a: Moltisanti|Tornadus-Therian, M|100/100
|move|p2a: Skarmory|Spikes|p1a: Moltisanti
|-sidestart|p1: mcp3|Spikes
|
|upkeep
|turn|11
|
|t:|1666931086
|switch|p2a: Tapu Koko|Tapu Koko|87/100
|-damage|p2a: Tapu Koko|70/100|[from] Spikes
|-damage|p2a: Tapu Koko|58/100|[from] Stealth Rock
|move|p1a: Moltisanti|Hurricane|p2a: Tapu Koko|[miss]
|-miss|p1a: Moltisanti|p2a: Tapu Koko
|
|-fieldend|move: Electric Terrain
|upkeep
|turn|12
|j| X-Wing Fighter
|
|t:|1666931091
|switch|p1a: Rise Like Easter|Chansey, F|99/100
|-damage|p1a: Rise Like Easter|83/100|[from] Spikes
|move|p2a: Tapu Koko|Roost|p2a: Tapu Koko
|-heal|p2a: Tapu Koko|100/100
|-singleturn|p2a: Tapu Koko|move: Roost
|
|upkeep
|turn|13
|j| Ctannn
|
|t:|1666931099
|move|p2a: Tapu Koko|Volt Switch|p1a: Rise Like Easter
|-damage|p1a: Rise Like Easter|74/100
|
|t:|1666931103
|switch|p2a: Skarmory|Skarmory, M|88/100|[from]move: Volt Switch
|-damage|p2a: Skarmory|76/100|[from] Stealth Rock
|move|p1a: Rise Like Easter|Seismic Toss|p2a: Skarmory
|-damage|p2a: Skarmory|46/100
|-damage|p1a: Rise Like Easter|57/100|[from] item: Rocky Helmet|[of] p2a: Skarmory
|
|upkeep
|turn|14
|j| NEO THEORY FANTASY
|j| BEASTADARSH
|j| outdseniorcitizen
|
|t:|1666931114
|switch|p1a: REBENGAAAAA|Skarmory, F|78/100
|move|p2a: Skarmory|Roost|p2a: Skarmory
|-heal|p2a: Skarmory|96/100
|-singleturn|p2a: Skarmory|move: Roost
|
|upkeep
|turn|15
|l| outdseniorcitizen
|j| Leavers
|
|t:|1666931128
|switch|p2a: Reuniclus|Reuniclus, M|100/100
|move|p1a: REBENGAAAAA|Spikes|p2a: Reuniclus
|-sidestart|p2: ChandosH|Spikes
|
|upkeep
|turn|16
|
|t:|1666931135
|switch|p1a: Tony Montana|Garchomp, F|100/100
|-damage|p1a: Tony Montana|84/100|[from] Spikes
|move|p2a: Reuniclus|Psyshock|p1a: Tony Montana
|-damage|p1a: Tony Montana|57/100
|
|-heal|p1a: Tony Montana|63/100|[from] item: Leftovers
|upkeep
|turn|17
|j| Amaterus
|
|t:|1666931146
|switch|p2a: Clefable|Clefable, F|100/100
|move|p1a: Tony Montana|Earthquake|p2a: Clefable
|-damage|p2a: Clefable|63/100
|
|-heal|p1a: Tony Montana|69/100|[from] item: Leftovers
|-heal|p2a: Clefable|69/100|[from] item: Leftovers
|upkeep
|turn|18
|
|t:|1666931157
|switch|p1a: Tony Soprano|Melmetal|100/100
|-damage|p1a: Tony Soprano|84/100|[from] Spikes
|move|p2a: Clefable|Soft-Boiled|p2a: Clefable
|-heal|p2a: Clefable|100/100
|
|-heal|p1a: Tony Soprano|90/100|[from] item: Leftovers
|upkeep
|turn|19
|j| BOO!sien
|
|t:|1666931168
|switch|p2a: Skarmory|Skarmory, M|96/100
|-damage|p2a: Skarmory|84/100|[from] Stealth Rock
|switch|p1a: Moltisanti|Tornadus-Therian, M|100/100
|
|upkeep
|turn|20
|
|t:|1666931175
|switch|p1a: Rise Like Easter|Chansey, F|57/100
|-damage|p1a: Rise Like Easter|40/100|[from] Spikes
|switch|p2a: Tapu Koko|Tapu Koko|100/100
|-damage|p2a: Tapu Koko|76/100|[from] Spikes
|-damage|p2a: Tapu Koko|63/100|[from] Stealth Rock
|-fieldstart|move: Electric Terrain|[from] ability: Electric Surge|[of] p2a: Tapu Koko
|
|upkeep
|turn|21
|
|t:|1666931183
|move|p2a: Tapu Koko|Roost|p2a: Tapu Koko
|-heal|p2a: Tapu Koko|100/100
|-singleturn|p2a: Tapu Koko|move: Roost
|move|p1a: Rise Like Easter|Soft-Boiled|p1a: Rise Like Easter
|-heal|p1a: Rise Like Easter|90/100
|
|upkeep
|turn|22
|
|t:|1666931192
|move|p2a: Tapu Koko|Volt Switch|p1a: Rise Like Easter
|-damage|p1a: Rise Like Easter|78/100
|
|t:|1666931196
|switch|p2a: Skarmory|Skarmory, M|84/100|[from]move: Volt Switch
|-damage|p2a: Skarmory|71/100|[from] Stealth Rock
|move|p1a: Rise Like Easter|Seismic Toss|p2a: Skarmory
|-damage|p2a: Skarmory|42/100
|-damage|p1a: Rise Like Easter|61/100|[from] item: Rocky Helmet|[of] p2a: Skarmory
|
|upkeep
|turn|23
|
|t:|1666931202
|switch|p1a: RENT NOV 1|Clefable, M|100/100
|move|p2a: Skarmory|Roost|p2a: Skarmory
|-heal|p2a: Skarmory|92/100
|-singleturn|p2a: Skarmory|move: Roost
|
|upkeep
|turn|24
|j| FENDINI
|
|t:|1666931227
|switch|p2a: Reuniclus|Reuniclus, M|100/100
|move|p1a: RENT NOV 1|Calm Mind|p1a: RENT NOV 1
|-boost|p1a: RENT NOV 1|spa|1
|-boost|p1a: RENT NOV 1|spd|1
|
|-fieldend|move: Electric Terrain
|upkeep
|turn|25
|
|t:|1666931234
|move|p1a: RENT NOV 1|Thunder|p2a: Reuniclus
|-damage|p2a: Reuniclus|66/100
|move|p2a: Reuniclus|Calm Mind|p2a: Reuniclus
|-boost|p2a: Reuniclus|spa|1
|-boost|p2a: Reuniclus|spd|1
|
|-heal|p2a: Reuniclus|72/100|[from] item: Leftovers
|upkeep
|turn|26
|
|t:|1666931246
|move|p1a: RENT NOV 1|Moonblast|p2a: Reuniclus
|-damage|p2a: Reuniclus|45/100
|-unboost|p2a: Reuniclus|spa|1
|move|p2a: Reuniclus|Calm Mind|p2a: Reuniclus
|-boost|p2a: Reuniclus|spa|1
|-boost|p2a: Reuniclus|spd|1
|
|-heal|p2a: Reuniclus|51/100|[from] item: Leftovers
|upkeep
|turn|27
|
|t:|1666931253
|move|p1a: RENT NOV 1|Moonblast|p2a: Reuniclus
|-damage|p2a: Reuniclus|29/100
|move|p2a: Reuniclus|Recover|p2a: Reuniclus
|-heal|p2a: Reuniclus|79/100
|
|-heal|p2a: Reuniclus|85/100|[from] item: Leftovers
|upkeep
|turn|28
|
|t:|1666931265
|switch|p1a: Tony Soprano|Melmetal|90/100
|-damage|p1a: Tony Soprano|73/100|[from] Spikes
|move|p2a: Reuniclus|Calm Mind|p2a: Reuniclus
|-boost|p2a: Reuniclus|spa|1
|-boost|p2a: Reuniclus|spd|1
|
|-heal|p2a: Reuniclus|91/100|[from] item: Leftovers
|-heal|p1a: Tony Soprano|79/100|[from] item: Leftovers
|upkeep
|turn|29
|
|t:|1666931275
|move|p2a: Reuniclus|Thunder|p1a: Tony Soprano
|-damage|p1a: Tony Soprano|36/100
|-status|p1a: Tony Soprano|par
|move|p1a: Tony Soprano|Double Iron Bash|p2a: Reuniclus
|-damage|p2a: Reuniclus|68/100
|-damage|p2a: Reuniclus|43/100
|-hitcount|p2a: Reuniclus|2
|
|-heal|p2a: Reuniclus|49/100|[from] item: Leftovers
|-heal|p1a: Tony Soprano|42/100 par|[from] item: Leftovers
|upkeep
|turn|30
|
|t:|1666931283
|move|p2a: Reuniclus|Recover|p2a: Reuniclus
|-heal|p2a: Reuniclus|99/100
|cant|p1a: Tony Soprano|par
|
|-heal|p2a: Reuniclus|100/100|[from] item: Leftovers
|-heal|p1a: Tony Soprano|48/100 par|[from] item: Leftovers
|upkeep
|turn|31
|
|t:|1666931292
|move|p2a: Reuniclus|Calm Mind|p2a: Reuniclus
|-boost|p2a: Reuniclus|spa|1
|-boost|p2a: Reuniclus|spd|1
|move|p1a: Tony Soprano|Double Iron Bash|p2a: Reuniclus
|-damage|p2a: Reuniclus|75/100
|-damage|p2a: Reuniclus|51/100
|-hitcount|p2a: Reuniclus|2
|
|-heal|p2a: Reuniclus|57/100|[from] item: Leftovers
|-heal|p1a: Tony Soprano|55/100 par|[from] item: Leftovers
|upkeep
|turn|32
|
|t:|1666931300
|move|p2a: Reuniclus|Recover|p2a: Reuniclus
|-heal|p2a: Reuniclus|100/100
|move|p1a: Tony Soprano|Double Iron Bash|p2a: Reuniclus
|-crit|p2a: Reuniclus
|-damage|p2a: Reuniclus|66/100
|-damage|p2a: Reuniclus|41/100
|-hitcount|p2a: Reuniclus|2
|
|-heal|p2a: Reuniclus|47/100|[from] item: Leftovers
|-heal|p1a: Tony Soprano|61/100 par|[from] item: Leftovers
|upkeep
|turn|33
|l| Amaterus
|j| Amaterus
|
|t:|1666931308
|move|p2a: Reuniclus|Recover|p2a: Reuniclus
|-heal|p2a: Reuniclus|97/100
|move|p1a: Tony Soprano|Double Iron Bash|p2a: Reuniclus
|-crit|p2a: Reuniclus
|-damage|p2a: Reuniclus|63/100
|-damage|p2a: Reuniclus|38/100
|-hitcount|p2a: Reuniclus|2
|
|-heal|p2a: Reuniclus|44/100|[from] item: Leftovers
|-heal|p1a: Tony Soprano|67/100 par|[from] item: Leftovers
|upkeep
|turn|34
|
|t:|1666931315
|move|p2a: Reuniclus|Recover|p2a: Reuniclus
|-heal|p2a: Reuniclus|94/100
|move|p1a: Tony Soprano|Double Iron Bash|p2a: Reuniclus
|-damage|p2a: Reuniclus|67/100
|-damage|p2a: Reuniclus|43/100
|-hitcount|p2a: Reuniclus|2
|
|-heal|p2a: Reuniclus|49/100|[from] item: Leftovers
|-heal|p1a: Tony Soprano|73/100 par|[from] item: Leftovers
|upkeep
|turn|35
|
|t:|1666931321
|move|p2a: Reuniclus|Recover|p2a: Reuniclus
|-heal|p2a: Reuniclus|99/100
|move|p1a: Tony Soprano|Double Iron Bash|p2a: Reuniclus
|-damage|p2a: Reuniclus|76/100
|-damage|p2a: Reuniclus|53/100
|-hitcount|p2a: Reuniclus|2
|
|-heal|p2a: Reuniclus|59/100|[from] item: Leftovers
|-heal|p1a: Tony Soprano|79/100 par|[from] item: Leftovers
|upkeep
|turn|36
|
|t:|1666931328
|move|p2a: Reuniclus|Recover|p2a: Reuniclus
|-heal|p2a: Reuniclus|100/100
|move|p1a: Tony Soprano|Double Iron Bash|p2a: Reuniclus
|-damage|p2a: Reuniclus|76/100
|-damage|p2a: Reuniclus|51/100
|-hitcount|p2a: Reuniclus|2
|
|-heal|p2a: Reuniclus|57/100|[from] item: Leftovers
|-heal|p1a: Tony Soprano|85/100 par|[from] item: Leftovers
|upkeep
|turn|37
|
|t:|1666931334
|move|p2a: Reuniclus|Recover|p2a: Reuniclus
|-heal|p2a: Reuniclus|100/100
|cant|p1a: Tony Soprano|par
|
|-heal|p1a: Tony Soprano|91/100 par|[from] item: Leftovers
|upkeep
|turn|38
|
|t:|1666931339
|move|p2a: Reuniclus|Calm Mind|p2a: Reuniclus
|-boost|p2a: Reuniclus|spa|1
|-boost|p2a: Reuniclus|spd|1
|move|p1a: Tony Soprano|Earthquake|p2a: Reuniclus
|-damage|p2a: Reuniclus|78/100
|
|-heal|p2a: Reuniclus|84/100|[from] item: Leftovers
|-heal|p1a: Tony Soprano|97/100 par|[from] item: Leftovers
|upkeep
|turn|39
|
|t:|1666931347
|move|p2a: Reuniclus|Thunder|p1a: Tony Soprano
|-damage|p1a: Tony Soprano|39/100 par
|cant|p1a: Tony Soprano|par
|
|-heal|p2a: Reuniclus|90/100|[from] item: Leftovers
|-heal|p1a: Tony Soprano|45/100 par|[from] item: Leftovers
|upkeep
|turn|40
|
|t:|1666931355
|cant|p1a: Tony Soprano|par
|move|p2a: Reuniclus|Thunder|p1a: Tony Soprano
|-damage|p1a: Tony Soprano|0 fnt
|faint|p1a: Tony Soprano
|
|-heal|p2a: Reuniclus|96/100|[from] item: Leftovers
|upkeep
|c|☆mcp3|gg
|c|☆ChandosH|Gg
|-message|mcp3 forfeited.
|
|win|ChandosH
|raw|mcp3's rating: 1733 &rarr; <strong>1716</strong><br />(-17 for losing)
|raw|ChandosH's rating: 1787 &rarr; <strong>1804</strong><br />(+17 for winning)
|l|☆mcp3
|l| NEO THEORY FANTASY
