|html|<div class="broadcast-blue"><strong>[Gen 8] OU is currently suspecting Melmetal! For information on how to participate check out the <a href="https://www.smogon.com/forums/threads/np-ss-ou-suspect-process-round-12-monster-mash.3709234/">suspect thread</a>.</strong></div>
|j|☆Delibird Heart
|j|☆minimax_ai
|t:|1666569947
|gametype|singles
|player|p1|Delibird Heart|guitarist-gen4|1494
|player|p2|minimax_ai|lusamine-nihilego|1419
|teamsize|p1|6
|teamsize|p2|6
|gen|8
|tier|[Gen 8] OU
|rated|
|rule|Sleep Clause Mod: Limit one foe put to sleep
|rule|Species Clause: Limit one of each Pokémon
|rule|OHKO Clause: OHKO moves are banned
|rule|Evasion Items Clause: Evasion items are banned
|rule|Evasion Moves Clause: Evasion moves are banned
|rule|Endless Battle Clause: Forcing endless battles is banned
|rule|HP Percentage Mod: HP is shown in percentages
|rule|Dynamax Clause: You cannot dynamax
|clearpoke
|poke|p1|Ninetales-Alola, F|
|poke|p1|Arctozolt|
|poke|p1|Blissey, F|
|poke|p1|Zapdos|
|poke|p1|Garchomp, F|
|poke|p1|Ferrothorn, M|
|poke|p2|Rotom-Wash|
|poke|p2|Weavile, F|
|poke|p2|Landorus-Therian, M|
|poke|p2|Heatran, M|
|poke|p2|Tangrowth, F|
|poke|p2|Melmetal|
|teampreview
|inactive|Battle timer is ON: inactive players will automatically lose when time's up. (requested by Delibird Heart)
|c|☆minimax_ai|hf
|inactive|minimax_ai also wants the timer to be on.
|
|t:|1666569956
|start
|switch|p1a: Garchomp|Garchomp, F|100/100
|switch|p2a: landorustherian|Landorus-Therian, M|100/100
|-ability|p2a: landorustherian|Intimidate|boost
|-unboost|p1a: Garchomp|atk|1
|turn|1
|
|t:|1666569958
|move|p1a: Garchomp|Toxic|p2a: landorustherian
|-status|p2a: landorustherian|tox
|move|p2a: landorustherian|Earthquake|p1a: Garchomp
|-damage|p1a: Garchomp|70/100
|
|-damage|p2a: landorustherian|94/100 tox|[from] psn
|upkeep
|turn|2
|
|t:|1666569962
|switch|p2a: Heatran|Heatran, M|100/100
|-item|p2a: Heatran|Air Balloon
|move|p1a: Garchomp|Stealth Rock|p2a: Heatran
|-sidestart|p2: minimax_ai|move: Stealth Rock
|
|upkeep
|turn|3
|
|t:|1666569966
|switch|p1a: Blissey|Blissey, F|100/100
|move|p2a: Heatran|Magma Storm|p1a: Blissey
|-damage|p1a: Blissey|82/100
|-activate|p1a: Blissey|move: Magma Storm|[of] p2a: Heatran
|
|-damage|p1a: Blissey|70/100|[from] move: Magma Storm|[partiallytrapped]
|upkeep
|turn|4
|
|t:|1666569968
|move|p2a: Heatran|Magma Storm|p1a: Blissey
|-damage|p1a: Blissey|50/100
|move|p1a: Blissey|Seismic Toss|p2a: Heatran
|-damage|p2a: Heatran|70/100
|-enditem|p2a: Heatran|Air Balloon
|
|-damage|p1a: Blissey|37/100|[from] move: Magma Storm|[partiallytrapped]
|upkeep
|turn|5
|
|t:|1666569970
|move|p2a: Heatran|Stealth Rock|p1a: Blissey
|-sidestart|p1: Delibird Heart|move: Stealth Rock
|move|p1a: Blissey|Seismic Toss|p2a: Heatran
|-damage|p2a: Heatran|39/100
|
|-damage|p1a: Blissey|25/100|[from] move: Magma Storm|[partiallytrapped]
|upkeep
|turn|6
|
|t:|1666569972
|switch|p2a: Melmetal|Melmetal|100/100
|-damage|p2a: Melmetal|94/100|[from] Stealth Rock
|move|p1a: Blissey|Seismic Toss|p2a: Melmetal
|-damage|p2a: Melmetal|72/100
|
|-end|p1a: Blissey|Magma Storm|[partiallytrapped]|[silent]
|upkeep
|turn|7
|
|t:|1666569976
|switch|p1a: Zapdos|Zapdos|100/100
|move|p2a: Melmetal|Earthquake|p1a: Zapdos
|-immune|p1a: Zapdos
|
|upkeep
|turn|8
|
|t:|1666569981
|move|p1a: Zapdos|Volt Switch|p2a: Melmetal
|-damage|p2a: Melmetal|57/100
|
|t:|1666569984
|switch|p1a: Ferrothorn|Ferrothorn, M|100/100|[from]move: Volt Switch
|-damage|p1a: Ferrothorn|95/100|[from] Stealth Rock
|move|p2a: Melmetal|Ice Punch|p1a: Ferrothorn
|-damage|p1a: Ferrothorn|73/100
|-damage|p2a: Melmetal|44/100|[from] ability: Iron Barbs|[of] p1a: Ferrothorn
|
|-heal|p1a: Ferrothorn|79/100|[from] item: Leftovers
|upkeep
|turn|9
|
|t:|1666569987
|switch|p1a: Zapdos|Zapdos|100/100
|move|p2a: Melmetal|Ice Punch|p1a: Zapdos
|-supereffective|p1a: Zapdos
|-damage|p1a: Zapdos|49/100
|
|upkeep
|turn|10
|
|t:|1666569992
|move|p1a: Zapdos|Roost|p1a: Zapdos
|-heal|p1a: Zapdos|99/100
|-singleturn|p1a: Zapdos|move: Roost
|move|p2a: Melmetal|Ice Punch|p1a: Zapdos
|-damage|p1a: Zapdos|76/100
|
|upkeep
|turn|11
|
|t:|1666569999
|move|p1a: Zapdos|Heat Wave|p2a: Melmetal
|-supereffective|p2a: Melmetal
|-damage|p2a: Melmetal|14/100
|move|p2a: Melmetal|Ice Punch|p1a: Zapdos
|-supereffective|p1a: Zapdos
|-damage|p1a: Zapdos|27/100
|-status|p2a: Melmetal|par|[from] ability: Static|[of] p1a: Zapdos
|
|upkeep
|turn|12
|
|t:|1666570007
|move|p1a: Zapdos|Volt Switch|p2a: Melmetal
|-damage|p2a: Melmetal|0 fnt
|faint|p2a: Melmetal
|
|t:|1666570021
|switch|p1a: Garchomp|Garchomp, F|70/100|[from]move: Volt Switch
|-damage|p1a: Garchomp|63/100|[from] Stealth Rock
|
|upkeep
|
|t:|1666570021
|switch|p2a: Weavile|Weavile, F|100/100
|-damage|p2a: Weavile|76/100|[from] Stealth Rock
|-ability|p2a: Weavile|Pressure
|turn|13
|
|t:|1666570027
|switch|p2a: rotomwash|Rotom-Wash|100/100
|-damage|p2a: rotomwash|88/100|[from] Stealth Rock
|switch|p1a: Blissey|Blissey, F|25/100
|
|-heal|p2a: rotomwash|94/100|[from] item: Leftovers
|upkeep
|turn|14
|
|t:|1666570029
|move|p2a: rotomwash|Nasty Plot|p2a: rotomwash
|-boost|p2a: rotomwash|spa|2
|move|p1a: Blissey|Soft-Boiled|p1a: Blissey
|-heal|p1a: Blissey|75/100
|
|-heal|p2a: rotomwash|100/100|[from] item: Leftovers
|upkeep
|turn|15
|
|t:|1666570031
|move|p2a: rotomwash|Thunderbolt|p1a: Blissey
|-damage|p1a: Blissey|49/100
|move|p1a: Blissey|Toxic|p2a: rotomwash
|-status|p2a: rotomwash|tox
|
|-damage|p2a: rotomwash|94/100 tox|[from] psn
|upkeep
|turn|16
|
|t:|1666570033
|move|p2a: rotomwash|Nasty Plot|p2a: rotomwash
|-boost|p2a: rotomwash|spa|2
|move|p1a: Blissey|Soft-Boiled|p1a: Blissey
|-heal|p1a: Blissey|99/100
|
|-heal|p2a: rotomwash|100/100 tox|[from] item: Leftovers
|-damage|p2a: rotomwash|88/100 tox|[from] psn
|upkeep
|turn|17
|
|t:|1666570035
|move|p2a: rotomwash|Thunderbolt|p1a: Blissey
|-damage|p1a: Blissey|61/100
|move|p1a: Blissey|Seismic Toss|p2a: rotomwash
|-damage|p2a: rotomwash|55/100 tox
|
|-heal|p2a: rotomwash|61/100 tox|[from] item: Leftovers
|-damage|p2a: rotomwash|43/100 tox|[from] psn
|upkeep
|turn|18
|
|t:|1666570037
|move|p2a: rotomwash|Pain Split|p1a: Blissey
|-sethp|p1a: Blissey|40/100|[from] move: Pain Split|[silent]
|-sethp|p2a: rotomwash|92/100 tox|[from] move: Pain Split
|move|p1a: Blissey|Soft-Boiled|p1a: Blissey
|-heal|p1a: Blissey|90/100
|
|-heal|p2a: rotomwash|99/100 tox|[from] item: Leftovers
|-damage|p2a: rotomwash|74/100 tox|[from] psn
|upkeep
|turn|19
|
|t:|1666570040
|move|p2a: rotomwash|Hydro Pump|p1a: Blissey
|-damage|p1a: Blissey|42/100
|move|p1a: Blissey|Seismic Toss|p2a: rotomwash
|-damage|p2a: rotomwash|41/100 tox
|
|-heal|p2a: rotomwash|47/100 tox|[from] item: Leftovers
|-damage|p2a: rotomwash|16/100 tox|[from] psn
|upkeep
|turn|20
|
|t:|1666570043
|move|p2a: rotomwash|Hydro Pump|p1a: Blissey
|-damage|p1a: Blissey|0 fnt
|faint|p1a: Blissey
|
|-heal|p2a: rotomwash|22/100 tox|[from] item: Leftovers
|-damage|p2a: rotomwash|0 fnt|[from] psn
|faint|p2a: rotomwash
|upkeep
|
|t:|1666570054
|switch|p2a: Heatran|Heatran, M|39/100
|switch|p1a: Garchomp|Garchomp, F|63/100
|-damage|p2a: Heatran|26/100|[from] Stealth Rock
|-damage|p1a: Garchomp|57/100|[from] Stealth Rock
|turn|21
|
|t:|1666570056
|move|p2a: Heatran|Earth Power|p1a: Garchomp
|-damage|p1a: Garchomp|29/100
|move|p1a: Garchomp|Earthquake|p2a: Heatran
|-supereffective|p2a: Heatran
|-damage|p2a: Heatran|0 fnt
|faint|p2a: Heatran
|
|upkeep
|
|t:|1666570056
|switch|p2a: Weavile|Weavile, F|76/100
|-damage|p2a: Weavile|51/100|[from] Stealth Rock
|-ability|p2a: Weavile|Pressure
|turn|22
|
|t:|1666570059
|move|p2a: Weavile|Knock Off|p1a: Garchomp
|-damage|p1a: Garchomp|0 fnt
|-damage|p2a: Weavile|38/100|[from] ability: Rough Skin|[of] p1a: Garchomp
|-damage|p2a: Weavile|22/100|[from] item: Rocky Helmet|[of] p1a: Garchomp
|-enditem|p1a: Garchomp|Rocky Helmet|[from] move: Knock Off|[of] p2a: Weavile
|faint|p1a: Garchomp
|
|upkeep
|
|t:|1666570064
|switch|p1a: Ferrothorn|Ferrothorn, M|79/100
|-damage|p1a: Ferrothorn|73/100|[from] Stealth Rock
|turn|23
|
|t:|1666570065
|move|p2a: Weavile|Knock Off|p1a: Ferrothorn
|-damage|p1a: Ferrothorn|35/100
|-damage|p2a: Weavile|9/100|[from] ability: Iron Barbs|[of] p1a: Ferrothorn
|-enditem|p1a: Ferrothorn|Leftovers|[from] move: Knock Off|[of] p2a: Weavile
|move|p1a: Ferrothorn|Gyro Ball|p2a: Weavile
|-supereffective|p2a: Weavile
|-damage|p2a: Weavile|0 fnt
|faint|p2a: Weavile
|
|upkeep
|
|t:|1666570065
|switch|p2a: Tangrowth|Tangrowth, F|100/100
|-damage|p2a: Tangrowth|88/100|[from] Stealth Rock
|turn|24
|
|t:|1666570068
|move|p2a: Tangrowth|Sleep Powder|p1a: Ferrothorn
|-immune|p1a: Ferrothorn
|move|p1a: Ferrothorn|Knock Off|p2a: Tangrowth
|-damage|p2a: Tangrowth|76/100
|-damage|p1a: Ferrothorn|18/100|[from] item: Rocky Helmet|[of] p2a: Tangrowth
|-enditem|p2a: Tangrowth|Rocky Helmet|[from] move: Knock Off|[of] p1a: Ferrothorn
|
|upkeep
|turn|25
|
|t:|1666570072
|move|p2a: Tangrowth|Sleep Powder|p1a: Ferrothorn
|-immune|p1a: Ferrothorn
|move|p1a: Ferrothorn|Gyro Ball|p2a: Tangrowth
|-damage|p2a: Tangrowth|63/100
|
|upkeep
|turn|26
|
|t:|1666570074
|move|p2a: Tangrowth|Sleep Powder|p1a: Ferrothorn
|-immune|p1a: Ferrothorn
|move|p1a: Ferrothorn|Gyro Ball|p2a: Tangrowth
|-damage|p2a: Tangrowth|51/100
|
|upkeep
|turn|27
|
|t:|1666570075
|move|p2a: Tangrowth|Sleep Powder|p1a: Ferrothorn
|-immune|p1a: Ferrothorn
|move|p1a: Ferrothorn|Gyro Ball|p2a: Tangrowth
|-damage|p2a: Tangrowth|38/100
|
|upkeep
|turn|28
|
|t:|1666570077
|move|p2a: Tangrowth|Sleep Powder|p1a: Ferrothorn
|-immune|p1a: Ferrothorn
|move|p1a: Ferrothorn|Gyro Ball|p2a: Tangrowth
|-damage|p2a: Tangrowth|25/100
|
|upkeep
|turn|29
|
|t:|1666570079
|move|p2a: Tangrowth|Sleep Powder|p1a: Ferrothorn
|-immune|p1a: Ferrothorn
|move|p1a: Ferrothorn|Gyro Ball|p2a: Tangrowth
|-damage|p2a: Tangrowth|11/100
|
|upkeep
|turn|30
|
|t:|1666570080
|move|p2a: Tangrowth|Sleep Powder|p1a: Ferrothorn
|-immune|p1a: Ferrothorn
|move|p1a: Ferrothorn|Gyro Ball|p2a: Tangrowth
|-damage|p2a: Tangrowth|0 fnt
|faint|p2a: Tangrowth
|
|upkeep
|
|t:|1666570080
|switch|p2a: landorustherian|Landorus-Therian, M|94/100 tox
|-damage|p2a: landorustherian|82/100 tox|[from] Stealth Rock
|-ability|p2a: landorustherian|Intimidate|boost
|-unboost|p1a: Ferrothorn|atk|1
|turn|31
|
|t:|1666570083
|switch|p1a: Zapdos|Zapdos|27/100
|move|p2a: landorustherian|Earthquake|p1a: Zapdos
|-immune|p1a: Zapdos
|
|-heal|p2a: landorustherian|88/100 tox|[from] item: Leftovers
|-damage|p2a: landorustherian|82/100 tox|[from] psn
|upkeep
|turn|32
|
|t:|1666570085
|move|p1a: Zapdos|Defog|p2a: landorustherian
|-unboost|p2a: landorustherian|evasion|1
|-sideend|p2: minimax_ai|Stealth Rock|[from] move: Defog|[of] p1a: Zapdos
|-sideend|p1: Delibird Heart|Stealth Rock|[from] move: Defog|[of] p1a: Zapdos
|move|p2a: landorustherian|Toxic|p1a: Zapdos
|-status|p1a: Zapdos|tox
|
|-heal|p2a: landorustherian|88/100 tox|[from] item: Leftovers
|-damage|p1a: Zapdos|21/100 tox|[from] psn
|-damage|p2a: landorustherian|76/100 tox|[from] psn
|upkeep
|turn|33
|
|t:|1666570088
|switch|p1a: Ninetales|Ninetales-Alola, F|100/100
|-weather|Hail|[from] ability: Snow Warning|[of] p1a: Ninetales
|move|p2a: landorustherian|Earthquake|p1a: Ninetales
|-damage|p1a: Ninetales|34/100
|
|-weather|Hail|[upkeep]
|-damage|p2a: landorustherian|70/100 tox|[from] Hail
|-heal|p2a: landorustherian|76/100 tox|[from] item: Leftovers
|-damage|p2a: landorustherian|58/100 tox|[from] psn
|upkeep
|turn|34
|
|t:|1666570090
|move|p1a: Ninetales|Blizzard|p2a: landorustherian
|-supereffective|p2a: landorustherian
|-damage|p2a: landorustherian|0 fnt
|faint|p2a: landorustherian
|
|win|Delibird Heart
|raw|Delibird Heart's rating: 1494 &rarr; <strong>1510</strong><br />(+16 for winning)
|raw|minimax_ai's rating: 1419 &rarr; <strong>1403</strong><br />(-16 for losing)
|c|☆minimax_ai|gg
