|j|☆Lil Plasma
|j|☆Down$hift
|t:|1657198500
|gametype|singles
|player|p1|Lil Plasma|ghetsis|1616
|player|p2|Down$hift|teamrocket|1648
|teamsize|p1|6
|teamsize|p2|6
|gen|8
|tier|[Gen 8] OU
|rated|
|rule|Sleep Clause Mod: Limit one foe put to sleep
|rule|Species Clause: Limit one of each Pokémon
|rule|OHKO Clause: OHKO moves are banned
|rule|Evasion Moves Clause: Evasion moves are banned
|rule|Endless Battle Clause: Forcing endless battles is banned
|rule|HP Percentage Mod: HP is shown in percentages
|rule|Dynamax Clause: You cannot dynamax
|clearpoke
|poke|p1|Amoonguss, F|
|poke|p1|Keldeo-Resolute|
|poke|p1|Skarmory, M|
|poke|p1|Blissey, F|
|poke|p1|Heatran, F|
|poke|p1|Bisharp, F|
|poke|p2|Magnezone|
|poke|p2|Volcarona, M|
|poke|p2|Clefable, F|
|poke|p2|Tornadus-Therian, M|
|poke|p2|Toxapex, F|
|poke|p2|Landorus-Therian, M|
|teampreview
|c|☆Down$hift|hf
|c|☆Lil Plasma|ohh shid
|c|☆Lil Plasma|u2
|inactive|Battle timer is ON: inactive players will automatically lose when time's up. (requested by Lil Plasma)
|
|t:|1657198530
|start
|switch|p1a: obese 30 y/o brony|Keldeo-Resolute|100/100
|switch|p2a: Torn Anus|Tornadus-Therian, M|100/100
|turn|1
|inactive|Lil Plasma has 120 seconds left.
|
|t:|1657198570
|switch|p1a: Fatass Egg|Blissey, F|100/100
|move|p2a: Torn Anus|Air Slash|p1a: Fatass Egg
|-damage|p1a: Fatass Egg|89/100
|
|upkeep
|turn|2
|
|t:|1657198575
|move|p2a: Torn Anus|Taunt|p1a: Fatass Egg
|-start|p1a: Fatass Egg|move: Taunt
|move|p1a: Fatass Egg|Seismic Toss|p2a: Torn Anus
|-damage|p2a: Torn Anus|73/100
|
|upkeep
|turn|3
|
|t:|1657198585
|switch|p2a: Pink Menace|Clefable, F|100/100
|move|p1a: Fatass Egg|Seismic Toss|p2a: Pink Menace
|-damage|p2a: Pink Menace|75/100
|-damage|p1a: Fatass Egg|72/100|[from] item: Rocky Helmet|[of] p2a: Pink Menace
|
|upkeep
|turn|4
|
|t:|1657198593
|switch|p1a: Whole Lotta Red|Heatran, F|100/100
|-item|p1a: Whole Lotta Red|Air Balloon
|move|p2a: Pink Menace|Stealth Rock|p1a: Whole Lotta Red
|-sidestart|p1: Lil Plasma|move: Stealth Rock
|
|upkeep
|turn|5
|
|t:|1657198598
|switch|p2a: Prédastérie|Toxapex, F|100/100
|move|p1a: Whole Lotta Red|Magma Storm|p2a: Prédastérie
|-resisted|p2a: Prédastérie
|-damage|p2a: Prédastérie|86/100
|-activate|p2a: Prédastérie|move: Magma Storm|[of] p1a: Whole Lotta Red
|-enditem|p2a: Prédastérie|Eject Button
|
|t:|1657198601
|switch|p2a: $wagnezone|Magnezone|100/100
|
|upkeep
|turn|6
|
|t:|1657198605
|move|p1a: Whole Lotta Red|Earth Power|p2a: $wagnezone
|-supereffective|p2a: $wagnezone
|-damage|p2a: $wagnezone|26/100
|move|p2a: $wagnezone|Mirror Coat|p1a: Whole Lotta Red
|-damage|p1a: Whole Lotta Red|0 fnt
|-enditem|p1a: Whole Lotta Red|Air Balloon
|faint|p1a: Whole Lotta Red
|
|upkeep
|
|t:|1657198624
|switch|p1a: obese 30 y/o brony|Keldeo-Resolute|100/100
|-damage|p1a: obese 30 y/o brony|94/100|[from] Stealth Rock
|turn|7
|
|t:|1657198627
|switch|p2a: Prédastérie|Toxapex, F|100/100
|move|p1a: obese 30 y/o brony|Substitute|p1a: obese 30 y/o brony
|-start|p1a: obese 30 y/o brony|Substitute
|-damage|p1a: obese 30 y/o brony|69/100
|
|-heal|p1a: obese 30 y/o brony|76/100|[from] item: Leftovers
|upkeep
|turn|8
|
|t:|1657198635
|switch|p2a: Torn Anus|Tornadus-Therian, M|100/100
|move|p1a: obese 30 y/o brony|Calm Mind|p1a: obese 30 y/o brony
|-boost|p1a: obese 30 y/o brony|spa|1
|-boost|p1a: obese 30 y/o brony|spd|1
|
|-heal|p1a: obese 30 y/o brony|82/100|[from] item: Leftovers
|upkeep
|turn|9
|
|t:|1657198638
|move|p2a: Torn Anus|Air Slash|p1a: obese 30 y/o brony
|-supereffective|p1a: obese 30 y/o brony
|-end|p1a: obese 30 y/o brony|Substitute
|move|p1a: obese 30 y/o brony|Calm Mind|p1a: obese 30 y/o brony
|-boost|p1a: obese 30 y/o brony|spa|1
|-boost|p1a: obese 30 y/o brony|spd|1
|
|-heal|p1a: obese 30 y/o brony|88/100|[from] item: Leftovers
|upkeep
|turn|10
|
|t:|1657198666
|move|p2a: Torn Anus|Air Slash|p1a: obese 30 y/o brony
|-supereffective|p1a: obese 30 y/o brony
|-damage|p1a: obese 30 y/o brony|60/100
|move|p1a: obese 30 y/o brony|Substitute|p1a: obese 30 y/o brony
|-start|p1a: obese 30 y/o brony|Substitute
|-damage|p1a: obese 30 y/o brony|35/100
|
|-heal|p1a: obese 30 y/o brony|41/100|[from] item: Leftovers
|upkeep
|turn|11
|
|t:|1657198670
|move|p2a: Torn Anus|Air Slash|p1a: obese 30 y/o brony|[miss]
|-miss|p2a: Torn Anus|p1a: obese 30 y/o brony
|move|p1a: obese 30 y/o brony|Calm Mind|p1a: obese 30 y/o brony
|-boost|p1a: obese 30 y/o brony|spa|1
|-boost|p1a: obese 30 y/o brony|spd|1
|
|-heal|p1a: obese 30 y/o brony|48/100|[from] item: Leftovers
|upkeep
|turn|12
|c|☆Lil Plasma|GOAT
|c|☆Down$hift|fuck/
|
|t:|1657198678
|switch|p2a: Prédastérie|Toxapex, F|100/100
|move|p1a: obese 30 y/o brony|Scald|p2a: Prédastérie
|-resisted|p2a: Prédastérie
|-damage|p2a: Prédastérie|74/100
|
|-heal|p1a: obese 30 y/o brony|54/100|[from] item: Leftovers
|upkeep
|turn|13
|j| AlIoutdragadarts
|
|t:|1657198681
|move|p1a: obese 30 y/o brony|Secret Sword|p2a: Prédastérie
|-resisted|p2a: Prédastérie
|-damage|p2a: Prédastérie|41/100
|move|p2a: Prédastérie|Haze|p2a: Prédastérie
|-clearallboost
|
|-heal|p1a: obese 30 y/o brony|60/100|[from] item: Leftovers
|upkeep
|turn|14
|l| AlIoutdragadarts
|
|t:|1657198685
|switch|p2a: Torn Anus|Tornadus-Therian, M|100/100
|move|p1a: obese 30 y/o brony|Calm Mind|p1a: obese 30 y/o brony
|-boost|p1a: obese 30 y/o brony|spa|1
|-boost|p1a: obese 30 y/o brony|spd|1
|
|-heal|p1a: obese 30 y/o brony|66/100|[from] item: Leftovers
|upkeep
|turn|15
|
|t:|1657198688
|move|p2a: Torn Anus|Air Slash|p1a: obese 30 y/o brony
|-supereffective|p1a: obese 30 y/o brony
|-end|p1a: obese 30 y/o brony|Substitute
|move|p1a: obese 30 y/o brony|Calm Mind|p1a: obese 30 y/o brony
|-boost|p1a: obese 30 y/o brony|spa|1
|-boost|p1a: obese 30 y/o brony|spd|1
|
|-heal|p1a: obese 30 y/o brony|72/100|[from] item: Leftovers
|upkeep
|turn|16
|
|t:|1657198696
|move|p2a: Torn Anus|Nasty Plot|p2a: Torn Anus
|-boost|p2a: Torn Anus|spa|2
|move|p1a: obese 30 y/o brony|Substitute|p1a: obese 30 y/o brony
|-start|p1a: obese 30 y/o brony|Substitute
|-damage|p1a: obese 30 y/o brony|48/100
|
|-heal|p1a: obese 30 y/o brony|54/100|[from] item: Leftovers
|upkeep
|turn|17
|
|t:|1657198698
|move|p2a: Torn Anus|Air Slash|p1a: obese 30 y/o brony
|-supereffective|p1a: obese 30 y/o brony
|-end|p1a: obese 30 y/o brony|Substitute
|move|p1a: obese 30 y/o brony|Scald|p2a: Torn Anus
|-damage|p2a: Torn Anus|35/100
|
|-heal|p1a: obese 30 y/o brony|60/100|[from] item: Leftovers
|upkeep
|turn|18
|
|t:|1657198707
|switch|p1a: Fatass Egg|Blissey, F|72/100
|move|p2a: Torn Anus|Air Slash|p1a: Fatass Egg
|-damage|p1a: Fatass Egg|51/100
|
|upkeep
|turn|19
|
|t:|1657198714
|move|p2a: Torn Anus|Taunt|p1a: Fatass Egg
|-start|p1a: Fatass Egg|move: Taunt
|cant|p1a: Fatass Egg|move: Taunt|Soft-Boiled
|
|upkeep
|turn|20
|
|t:|1657198722
|move|p2a: Torn Anus|Air Slash|p1a: Fatass Egg
|-crit|p1a: Fatass Egg
|-damage|p1a: Fatass Egg|17/100
|move|p1a: Fatass Egg|Seismic Toss|p2a: Torn Anus
|-damage|p2a: Torn Anus|7/100
|
|upkeep
|turn|21
|
|t:|1657198729
|move|p2a: Torn Anus|Air Slash|p1a: Fatass Egg
|-damage|p1a: Fatass Egg|0 fnt
|faint|p1a: Fatass Egg
|
|upkeep
|
|t:|1657198731
|switch|p1a: Hot Girl Slummer|Bisharp, F|100/100
|-damage|p1a: Hot Girl Slummer|95/100|[from] Stealth Rock
|turn|22
|
|t:|1657198736
|move|p2a: Torn Anus|Heat Wave|p1a: Hot Girl Slummer
|-supereffective|p1a: Hot Girl Slummer
|-damage|p1a: Hot Girl Slummer|0 fnt
|faint|p1a: Hot Girl Slummer
|
|upkeep
|c|☆Lil Plasma|gg
|c|☆Down$hift|gg
|-message|Lil Plasma forfeited.
|
|win|Down$hift
|raw|Lil Plasma's rating: 1616 &rarr; <strong>1598</strong><br />(-18 for losing)
|raw|Down$hift's rating: 1648 &rarr; <strong>1666</strong><br />(+18 for winning)
|l|☆Lil Plasma
||Ladder isn't responding, score probably updated but might not have (Request timeout).
