|j|☆lothlorien2001
|j|‽Cowsrule247
|t:|1660966622
|gametype|singles
|player|p1|lothlorien2001|steven|1588
|player|p2|Cowsrule247|skyla|1536
|teamsize|p1|6
|teamsize|p2|6
|gen|8
|tier|[Gen 8] OU
|rated|
|rule|Sleep Clause Mod: Limit one foe put to sleep
|rule|Species Clause: Limit one of each Pokémon
|rule|OHKO Clause: OHKO moves are banned
|rule|Evasion Items Clause: Evasion items are banned
|rule|Evasion Moves Clause: Evasion moves are banned
|rule|Endless Battle Clause: Forcing endless battles is banned
|rule|HP Percentage Mod: HP is shown in percentages
|rule|Dynamax Clause: You cannot dynamax
|clearpoke
|poke|p1|Mew|
|poke|p1|Clefable, M|
|poke|p1|Hippowdon, M|
|poke|p1|Mandibuzz, F|
|poke|p1|Ferrothorn, F|
|poke|p1|Dragonite, M|
|poke|p2|Corviknight, F|
|poke|p2|Gastrodon-East, M|
|poke|p2|Toxapex, M|
|poke|p2|Buzzwole|
|poke|p2|Clefable, F|
|poke|p2|Blissey, F|
|teampreview
|inactive|Battle timer is ON: inactive players will automatically lose when time's up. (requested by Cowsrule247)
|
|t:|1660966628
|start
|switch|p1a: Mew|Mew|100/100
|switch|p2a: Gastrodon|Gastrodon-East, M|100/100
|turn|1
|
|t:|1660966631
|move|p1a: Mew|Taunt|p2a: Gastrodon
|-start|p2a: Gastrodon|move: Taunt
|cant|p2a: Gastrodon|move: Taunt|Toxic
|
|upkeep
|turn|2
|
|t:|1660966636
|move|p1a: Mew|Cosmic Power|p1a: Mew
|-boost|p1a: Mew|def|1
|-boost|p1a: Mew|spd|1
|move|p2a: Gastrodon|Scald|p1a: Mew
|-damage|p1a: Mew|87/100
|
|upkeep
|turn|3
|
|t:|1660966647
|switch|p2a: Toxapex|Toxapex, M|100/100
|move|p1a: Mew|Cosmic Power|p1a: Mew
|-boost|p1a: Mew|def|1
|-boost|p1a: Mew|spd|1
|
|upkeep
|turn|4
|
|t:|1660966652
|move|p1a: Mew|Taunt|p2a: Toxapex
|-start|p2a: Toxapex|move: Taunt
|move|p2a: Toxapex|Knock Off|p1a: Mew
|-supereffective|p1a: Mew
|-damage|p1a: Mew|74/100
|-enditem|p1a: Mew|Weakness Policy
|-boost|p1a: Mew|atk|2|[from] item: Weakness Policy
|-boost|p1a: Mew|spa|2|[from] item: Weakness Policy
|
|upkeep
|turn|5
|
|t:|1660966657
|switch|p2a: Clefable|Clefable, F|100/100
|move|p1a: Mew|Cosmic Power|p1a: Mew
|-boost|p1a: Mew|def|1
|-boost|p1a: Mew|spd|1
|
|upkeep
|turn|6
|
|t:|1660966663
|move|p1a: Mew|Stored Power|p2a: Clefable
|-damage|p2a: Clefable|30/100
|move|p2a: Clefable|Wish|p2a: Clefable
|
|-heal|p2a: Clefable|36/100|[from] item: Leftovers
|upkeep
|turn|7
|
|t:|1660966671
|move|p2a: Clefable|Protect|p2a: Clefable
|-singleturn|p2a: Clefable|Protect
|move|p1a: Mew|Cosmic Power|p1a: Mew
|-boost|p1a: Mew|def|1
|-boost|p1a: Mew|spd|1
|
|-heal|p2a: Clefable|86/100|[from] move: Wish|[wisher] Clefable
|-heal|p2a: Clefable|92/100|[from] item: Leftovers
|upkeep
|turn|8
|
|t:|1660966676
|move|p1a: Mew|Taunt|p2a: Clefable
|-start|p2a: Clefable|move: Taunt
|cant|p2a: Clefable|move: Taunt|Wish
|
|-heal|p2a: Clefable|98/100|[from] item: Leftovers
|upkeep
|turn|9
|
|t:|1660966687
|move|p1a: Mew|Stored Power|p2a: Clefable
|-damage|p2a: Clefable|12/100
|move|p2a: Clefable|Moonblast|p1a: Mew
|-damage|p1a: Mew|51/100
|
|-heal|p2a: Clefable|19/100|[from] item: Leftovers
|upkeep
|turn|10
|
|t:|1660966691
|move|p1a: Mew|Stored Power|p2a: Clefable
|-damage|p2a: Clefable|0 fnt
|faint|p2a: Clefable
|
|upkeep
|
|t:|1660966693
|switch|p2a: Blissey|Blissey, F|100/100
|turn|11
|
|t:|1660966699
|move|p1a: Mew|Taunt|p2a: Blissey
|-start|p2a: Blissey|move: Taunt
|move|p2a: Blissey|Seismic Toss|p1a: Mew
|-damage|p1a: Mew|25/100
|
|upkeep
|turn|12
|
|t:|1660966701
|move|p1a: Mew|Roost|p1a: Mew
|-heal|p1a: Mew|75/100
|-singleturn|p1a: Mew|move: Roost
|move|p2a: Blissey|Seismic Toss|p1a: Mew
|-damage|p1a: Mew|50/100
|
|upkeep
|turn|13
|
|t:|1660966703
|move|p1a: Mew|Roost|p1a: Mew
|-heal|p1a: Mew|99/100
|-singleturn|p1a: Mew|move: Roost
|move|p2a: Blissey|Seismic Toss|p1a: Mew
|-damage|p1a: Mew|75/100
|
|-end|p2a: Blissey|move: Taunt
|upkeep
|turn|14
|
|t:|1660966706
|move|p1a: Mew|Taunt|p2a: Blissey
|-start|p2a: Blissey|move: Taunt
|move|p2a: Blissey|Seismic Toss|p1a: Mew
|-damage|p1a: Mew|50/100
|
|upkeep
|turn|15
|
|t:|1660966708
|move|p1a: Mew|Roost|p1a: Mew
|-heal|p1a: Mew|99/100
|-singleturn|p1a: Mew|move: Roost
|move|p2a: Blissey|Seismic Toss|p1a: Mew
|-damage|p1a: Mew|74/100
|
|upkeep
|turn|16
|
|t:|1660966710
|move|p1a: Mew|Stored Power|p2a: Blissey
|-damage|p2a: Blissey|21/100
|move|p2a: Blissey|Seismic Toss|p1a: Mew
|-damage|p1a: Mew|49/100
|
|-end|p2a: Blissey|move: Taunt
|upkeep
|turn|17
|
|t:|1660966714
|move|p1a: Mew|Stored Power|p2a: Blissey
|-damage|p2a: Blissey|0 fnt
|faint|p2a: Blissey
|
|upkeep
|
|t:|1660966716
|switch|p2a: Buzzwole|Buzzwole, shiny|100/100
|turn|18
|
|t:|1660966718
|move|p1a: Mew|Stored Power|p2a: Buzzwole
|-supereffective|p2a: Buzzwole
|-damage|p2a: Buzzwole|0 fnt
|faint|p2a: Buzzwole
|
|upkeep
|-message|Cowsrule247 forfeited.
|
|win|lothlorien2001
|raw|lothlorien2001's rating: 1588 &rarr; <strong>1605</strong><br />(+17 for winning)
|raw|Cowsrule247's rating: 1536 &rarr; <strong>1519</strong><br />(-17 for losing)
|l|‽Cowsrule247
||Ladder isn't responding, score probably updated but might not have (Request timeout).
