|j|☆tf →→←
|j|☆mimilimi ♫☯
|t:|1659284114
|gametype|singles
|player|p1|tf →→←|hexmaniac-gen6|
|player|p2|mimilimi ♫☯|juggler|
|teamsize|p1|6
|teamsize|p2|6
|gen|8
|tier|[Gen 8] OU
|rated|Tournament battle
|rule|Sleep Clause Mod: Limit one foe put to sleep
|rule|Species Clause: Limit one of each Pokémon
|rule|OHKO Clause: OHKO moves are banned
|rule|Evasion Moves Clause: Evasion moves are banned
|rule|Endless Battle Clause: Forcing endless battles is banned
|rule|HP Percentage Mod: HP is shown in percentages
|rule|Dynamax Clause: You cannot dynamax
|clearpoke
|poke|p1|Nihilego|
|poke|p1|Zapdos-Galar|
|poke|p1|Kartana|
|poke|p1|Celesteela|
|poke|p1|Garchomp, F|
|poke|p1|Tapu Fini|
|poke|p2|Clefable, F|
|poke|p2|Ferrothorn, F|
|poke|p2|Mandibuzz, F|
|poke|p2|Toxapex, M|
|poke|p2|Mew|
|poke|p2|Landorus-Therian, M|
|teampreview
|c|☆tf →→←|hf
|c|☆mimilimi ♫☯|Sample :(
|j|+Giga㋛Chandelure-☂
|c|☆mimilimi ♫☯|Gl
|c|☆tf →→←|je joue pas le tier autrement :d
|c|+Giga㋛Chandelure-☂|oui je me disais
|
|t:|1659284147
|start
|switch|p1a: Garchomp|Garchomp, F|100/100
|switch|p2a: Clefable|Clefable, F|100/100
|turn|1
|
|t:|1659284151
|move|p1a: Garchomp|Stealth Rock|p2a: Clefable
|-sidestart|p2: mimilimi ♫☯|move: Stealth Rock
|move|p2a: Clefable|Moonblast|p1a: Garchomp
|-supereffective|p1a: Garchomp
|-damage|p1a: Garchomp|21/100
|
|upkeep
|turn|2
|j| Guild Wars 1
|
|t:|1659284159
|switch|p1a: Tapu Fini|Tapu Fini|100/100
|-fieldstart|move: Misty Terrain|[from] ability: Misty Surge|[of] p1a: Tapu Fini
|move|p2a: Clefable|Moonblast|p1a: Tapu Fini
|-damage|p1a: Tapu Fini|69/100
|
|-heal|p1a: Tapu Fini|75/100|[from] item: Leftovers
|upkeep
|turn|3
|
|t:|1659284165
|switch|p2a: Ferrothorn|Ferrothorn, F|100/100
|-damage|p2a: Ferrothorn|94/100|[from] Stealth Rock
|move|p1a: Tapu Fini|Taunt|p2a: Ferrothorn
|-start|p2a: Ferrothorn|move: Taunt
|
|-heal|p1a: Tapu Fini|82/100|[from] item: Leftovers
|-heal|p2a: Ferrothorn|100/100|[from] item: Leftovers
|upkeep
|turn|4
|j| Oreotrague★✿
|
|t:|1659284175
|switch|p1a: Zapdos|Zapdos-Galar|100/100
|move|p2a: Ferrothorn|Power Whip|p1a: Zapdos
|-resisted|p1a: Zapdos
|-damage|p1a: Zapdos|79/100
|
|upkeep
|turn|5
|l| Oreotrague★✿
|
|t:|1659284186
|switch|p2a: Toxapex|Toxapex, M|100/100
|-damage|p2a: Toxapex|88/100|[from] Stealth Rock
|move|p1a: Zapdos|Brave Bird|p2a: Toxapex
|-damage|p2a: Toxapex|35/100
|-damage|p1a: Zapdos|62/100|[from] Recoil
|
|upkeep
|turn|6
|
|t:|1659284192
|switch|p2a: Mandibuzz|Mandibuzz, F|100/100
|move|p1a: Zapdos|Brave Bird|p2a: Mandibuzz
|-damage|p2a: Mandibuzz|39/100
|-damage|p1a: Zapdos|35/100|[from] Recoil
|
|-fieldend|Misty Terrain
|upkeep
|turn|7
|
|t:|1659284198
|switch|p2a: Toxapex|Toxapex, M|69/100
|-damage|p2a: Toxapex|56/100|[from] Stealth Rock
|move|p1a: Zapdos|Brave Bird|p2a: Toxapex
|-damage|p2a: Toxapex|4/100
|-damage|p1a: Zapdos|19/100|[from] Recoil
|
|upkeep
|turn|8
|
|t:|1659284209
|switch|p2a: Mandibuzz|Mandibuzz, F|39/100
|move|p1a: Zapdos|Brave Bird|p2a: Mandibuzz
|-damage|p2a: Mandibuzz|0 fnt
|faint|p2a: Mandibuzz
|-damage|p1a: Zapdos|3/100|[from] Recoil
|
|upkeep
|c|☆mimilimi ♫☯|Ah :(
|
|t:|1659284219
|switch|p2a: Ferrothorn|Ferrothorn, F|100/100
|-damage|p2a: Ferrothorn|94/100|[from] Stealth Rock
|turn|9
|
|t:|1659284223
|move|p1a: Zapdos|Brave Bird|p2a: Ferrothorn
|-damage|p2a: Ferrothorn|41/100
|-damage|p1a: Zapdos|0 fnt|[from] ability: Iron Barbs|[of] p2a: Ferrothorn
|faint|p1a: Zapdos
|move|p2a: Ferrothorn|Spikes|p1: Zapdos
|-sidestart|p1: tf →→←|Spikes
|
|-heal|p2a: Ferrothorn|48/100|[from] item: Leftovers
|upkeep
|j| The Delta Maybca☆〜
|l| The Delta Maybca☆〜
|
|t:|1659284238
|switch|p1a: Celesteela|Celesteela|100/100
|turn|10
|
|t:|1659284250
|move|p1a: Celesteela|Flamethrower|p2a: Ferrothorn
|-supereffective|p2a: Ferrothorn
|-damage|p2a: Ferrothorn|0 fnt
|faint|p2a: Ferrothorn
|-ability|p1a: Celesteela|Beast Boost|boost
|-boost|p1a: Celesteela|spa|1
|
|upkeep
|
|t:|1659284258
|switch|p2a: Mew|Mew|100/100
|-damage|p2a: Mew|88/100|[from] Stealth Rock
|turn|11
|
|t:|1659284266
|move|p2a: Mew|Cosmic Power|p2a: Mew
|-boost|p2a: Mew|def|1
|-boost|p2a: Mew|spd|1
|move|p1a: Celesteela|Autotomize|p1a: Celesteela
|-boost|p1a: Celesteela|spe|2
|-start|p1a: Celesteela|Autotomize
|
|upkeep
|turn|12
|c|☆mimilimi ♫☯|Je suis 6-0 par celesteela
|
|t:|1659284283
|move|p1a: Celesteela|Meteor Beam||[still]
|-prepare|p1a: Celesteela|Meteor Beam
|-boost|p1a: Celesteela|spa|1
|-enditem|p1a: Celesteela|Power Herb
|-anim|p1a: Celesteela|Meteor Beam|p2a: Mew
|-damage|p2a: Mew|41/100
|move|p2a: Mew|Soft-Boiled|p2a: Mew
|-heal|p2a: Mew|91/100
|
|upkeep
|turn|13
|c|☆tf →→←|ui :d
|
|t:|1659284289
|move|p1a: Celesteela|Air Slash|p2a: Mew
|-damage|p2a: Mew|49/100
|move|p2a: Mew|Cosmic Power|p2a: Mew
|-boost|p2a: Mew|def|1
|-boost|p2a: Mew|spd|1
|
|upkeep
|turn|14
|c|+Giga㋛Chandelure-☂|c'est pas un pokémon méga courant dans le tier non plus
|
|t:|1659284294
|move|p1a: Celesteela|Air Slash|p2a: Mew|[miss]
|-miss|p1a: Celesteela|p2a: Mew
|move|p2a: Mew|Soft-Boiled|p2a: Mew
|-heal|p2a: Mew|99/100
|
|upkeep
|turn|15
|c|+Giga㋛Chandelure-☂|noon
|
|t:|1659284299
|move|p1a: Celesteela|Meteor Beam||[still]
|-prepare|p1a: Celesteela|Meteor Beam
|-boost|p1a: Celesteela|spa|1
|move|p2a: Mew|Cosmic Power|p2a: Mew
|-boost|p2a: Mew|def|1
|-boost|p2a: Mew|spd|1
|
|upkeep
|turn|16
|
|t:|1659284301
|move|p1a: Celesteela|Meteor Beam|p2a: Mew|[from]lockedmove
|-damage|p2a: Mew|66/100
|move|p2a: Mew|Cosmic Power|p2a: Mew
|-boost|p2a: Mew|def|1
|-boost|p2a: Mew|spd|1
|
|upkeep
|turn|17
|
|t:|1659284304
|move|p1a: Celesteela|Air Slash|p2a: Mew
|-damage|p2a: Mew|38/100
|move|p2a: Mew|Soft-Boiled|p2a: Mew
|-heal|p2a: Mew|88/100
|
|upkeep
|turn|18
|
|t:|1659284311
|move|p1a: Celesteela|Meteor Beam||[still]
|-prepare|p1a: Celesteela|Meteor Beam
|-boost|p1a: Celesteela|spa|1
|move|p2a: Mew|Cosmic Power|p2a: Mew
|-boost|p2a: Mew|def|1
|-boost|p2a: Mew|spd|1
|
|upkeep
|turn|19
|
|t:|1659284313
|move|p1a: Celesteela|Meteor Beam|p2a: Mew|[from]lockedmove
|-damage|p2a: Mew|56/100
|move|p2a: Mew|Soft-Boiled|p2a: Mew
|-heal|p2a: Mew|100/100
|
|upkeep
|turn|20
|
|t:|1659284316
|move|p1a: Celesteela|Meteor Beam||[still]
|-prepare|p1a: Celesteela|Meteor Beam
|-boost|p1a: Celesteela|spa|1
|move|p2a: Mew|Stored Power|p1a: Celesteela
|-resisted|p1a: Celesteela
|-damage|p1a: Celesteela|62/100
|
|upkeep
|turn|21
|
|t:|1659284319
|move|p1a: Celesteela|Meteor Beam|p2a: Mew|[from]lockedmove
|-damage|p2a: Mew|69/100
|move|p2a: Mew|Stored Power|p1a: Celesteela
|-resisted|p1a: Celesteela
|-damage|p1a: Celesteela|25/100
|
|upkeep
|turn|22
|
|t:|1659284325
|move|p1a: Celesteela|Air Slash|p2a: Mew
|-damage|p2a: Mew|37/100
|move|p2a: Mew|Soft-Boiled|p2a: Mew
|-heal|p2a: Mew|87/100
|
|upkeep
|turn|23
|
|t:|1659284329
|move|p1a: Celesteela|Air Slash|p2a: Mew
|-damage|p2a: Mew|54/100
|move|p2a: Mew|Stored Power|p1a: Celesteela
|-resisted|p1a: Celesteela
|-damage|p1a: Celesteela|0 fnt
|faint|p1a: Celesteela
|
|upkeep
|
|t:|1659284336
|switch|p1a: Garchomp|Garchomp, F|21/100
|-damage|p1a: Garchomp|8/100|[from] Spikes
|turn|24
|c|☆mimilimi ♫☯|Hehe
|c|☆mimilimi ♫☯|Toxic stv
|
|t:|1659284349
|move|p1a: Garchomp|Toxic|p2a: Mew
|-status|p2a: Mew|tox
|-activate|p2a: Mew|ability: Synchronize
|-status|p1a: Garchomp|tox
|move|p2a: Mew|Stored Power|p1a: Garchomp
|-damage|p1a: Garchomp|0 fnt
|faint|p1a: Garchomp
|
|-damage|p2a: Mew|48/100 tox|[from] psn
|upkeep
|
|t:|1659284362
|switch|p1a: Tapu Fini|Tapu Fini|82/100
|-damage|p1a: Tapu Fini|69/100|[from] Spikes
|-fieldstart|move: Misty Terrain|[from] ability: Misty Surge|[of] p1a: Tapu Fini
|turn|25
|
|t:|1659284378
|move|p2a: Mew|Stored Power|p1a: Tapu Fini
|-damage|p1a: Tapu Fini|10/100
|move|p1a: Tapu Fini|Calm Mind|p1a: Tapu Fini
|-boost|p1a: Tapu Fini|spa|1
|-boost|p1a: Tapu Fini|spd|1
|
|-heal|p1a: Tapu Fini|16/100|[from] item: Leftovers
|-damage|p2a: Mew|36/100 tox|[from] psn
|upkeep
|turn|26
|l|☆mimilimi ♫☯
|player|p2|
|c|☆tf →→←|je timer à 23
|j|☆mimilimi ♫☯
|player|p2|mimilimi ♫☯|juggler
|l|☆mimilimi ♫☯
|player|p2|
|c|☆tf →→←|pas besoin ~~rip~~
|c|☆tf →→←|ah
|c|☆tf →→←|23 qm :d
|j| ty-tyui↻
|l| Guild Wars 1
|c|+Giga㋛Chandelure-☂|5 secondes
|inactive|Battle timer is ON: inactive players will automatically lose when time's up. (requested by tf →→←)
|c|+Giga㋛Chandelure-☂|pile à temps
|c|☆tf →→←|le timer ?
|j|☆mimilimi ♫☯
|inactive|mimilimi ♫☯ reconnected and has 130 seconds left.
|player|p2|mimilimi ♫☯|juggler
|c|☆tf →→←|j'étais entrain de regarder le nombre exact de secondes sur le truc de mon pc :d
|inactive|mimilimi ♫☯ has 120 seconds left.
|
|t:|1659284614
|move|p2a: Mew|Stored Power|p1a: Tapu Fini
|-damage|p1a: Tapu Fini|0 fnt
|faint|p1a: Tapu Fini
|
|-damage|p2a: Mew|17/100 tox|[from] psn
|upkeep
|
|t:|1659284631
|switch|p1a: Nihilego|Nihilego|100/100
|-damage|p1a: Nihilego|88/100|[from] Spikes
|turn|27
|c|☆mimilimi ♫☯|Merci pour m’avoir attendu
|c|+Giga㋛Chandelure-☂|et là ça miss
|
|t:|1659284643
|move|p1a: Nihilego|Meteor Beam||[still]
|-prepare|p1a: Nihilego|Meteor Beam
|-boost|p1a: Nihilego|spa|1
|-enditem|p1a: Nihilego|Power Herb
|-anim|p1a: Nihilego|Meteor Beam|p2a: Mew
|-damage|p2a: Mew|0 fnt
|faint|p2a: Mew
|-ability|p1a: Nihilego|Beast Boost|boost
|-boost|p1a: Nihilego|spe|1
|
|upkeep
|c|☆tf →→←|np
|
|t:|1659284649
|switch|p2a: Landorus|Landorus-Therian, M|100/100
|-damage|p2a: Landorus|88/100|[from] Stealth Rock
|-ability|p2a: Landorus|Intimidate|boost
|-unboost|p1a: Nihilego|atk|1
|turn|28
|c|☆tf →→←|jure js suis + speed
|
|t:|1659284655
|move|p1a: Nihilego|Power Gem|p2a: Landorus
|-damage|p2a: Landorus|43/100
|move|p2a: Landorus|Earthquake|p1a: Nihilego
|-supereffective|p1a: Nihilego
|-crit|p1a: Nihilego
|-damage|p1a: Nihilego|0 fnt
|faint|p1a: Nihilego
|
|-heal|p2a: Landorus|49/100|[from] item: Leftovers
|upkeep
|c|☆tf →→←|trop bien
|
|t:|1659284661
|switch|p1a: Kartana|Kartana|100/100
|-damage|p1a: Kartana|88/100|[from] Spikes
|turn|29
|c|☆mimilimi ♫☯|Gg
|j| The Delta Maybca☆〜
|
|t:|1659284682
|move|p1a: Kartana|Leaf Blade|p2a: Landorus
|-damage|p2a: Landorus|0 fnt
|faint|p2a: Landorus
|-ability|p1a: Kartana|Beast Boost|boost
|-boost|p1a: Kartana|atk|1
|
|-fieldend|Misty Terrain
|upkeep
|c|☆tf →→←|gg
|
|t:|1659284685
|switch|p2a: Clefable|Clefable, F|100/100
|turn|30
|
|t:|1659284688
|move|p1a: Kartana|Leaf Blade|p2a: Clefable
|-damage|p2a: Clefable|26/100
|move|p2a: Clefable|Thunder|p1a: Kartana|[miss]
|-miss|p2a: Clefable|p1a: Kartana
|
|upkeep
|turn|31
|c|☆tf →→←|mb
|c|+Giga㋛Chandelure-☂|mérit"
|c|☆tf →→←|fin' il aurait fallu que ça para
|c|☆tf →→←|c'était en ma faveur, en soi
|
|t:|1659284703
|move|p1a: Kartana|Leaf Blade|p2a: Clefable
|-damage|p2a: Clefable|0 fnt
|faint|p2a: Clefable
|-ability|p1a: Kartana|Beast Boost|boost
|-boost|p1a: Kartana|atk|1
|
|upkeep
|
|t:|1659284712
|switch|p2a: Toxapex|Toxapex, M|37/100
|-damage|p2a: Toxapex|25/100|[from] Stealth Rock
|turn|32
|c|☆tf →→←|gg
|
|t:|1659284721
|move|p1a: Kartana|Leaf Blade|p2a: Toxapex
|-damage|p2a: Toxapex|0 fnt
|faint|p2a: Toxapex
|
|win|tf →→←
|n|☆tf →→←|tf
|n| Giga㋛Chandelure-☂|gigachandelure
|n| ty-tyui↻|tytyui
|n|☆mimilimi ♫☯|mimilimi
|n| The Delta Maybca☆〜|thedeltamaybca
