|j|☆maxinyuuu
|j|☆Libski
|t:|1665389785
|gametype|singles
|player|p1|maxinyuuu|1|1542
|player|p2|Libski|bianca-pwt|1639
|teamsize|p1|6
|teamsize|p2|6
|gen|8
|tier|[Gen 8] OU
|rated|
|rule|Sleep Clause Mod: Limit one foe put to sleep
|rule|Species Clause: Limit one of each Pokémon
|rule|OHKO Clause: OHKO moves are banned
|rule|Evasion Items Clause: Evasion items are banned
|rule|Evasion Moves Clause: Evasion moves are banned
|rule|Endless Battle Clause: Forcing endless battles is banned
|rule|HP Percentage Mod: HP is shown in percentages
|rule|Dynamax Clause: You cannot dynamax
|clearpoke
|poke|p1|Melmetal|
|poke|p1|Marowak-Alola, M|
|poke|p1|Crawdaunt, F|
|poke|p1|Cresselia, F|
|poke|p1|Hatterene, F|
|poke|p1|Porygon2|
|poke|p2|Darmanitan, M|
|poke|p2|Hatterene, F|
|poke|p2|Torkoal, M|
|poke|p2|Melmetal|
|poke|p2|Dragapult, M|
|poke|p2|Buzzwole|
|teampreview
|inactive|Battle timer is ON: inactive players will automatically lose when time's up. (requested by Libski)
|
|t:|1665389826
|start
|switch|p1a: Hatterene|Hatterene, F|100/100
|switch|p2a: Melmetal|Melmetal|100/100
|turn|1
|
|t:|1665389834
|switch|p1a: Marowak|Marowak-Alola, M|100/100
|move|p2a: Melmetal|Double Iron Bash|p1a: Marowak
|-resisted|p1a: Marowak
|-damage|p1a: Marowak|80/100
|-resisted|p1a: Marowak
|-crit|p1a: Marowak
|-damage|p1a: Marowak|50/100
|-hitcount|p1a: Marowak|2
|
|upkeep
|turn|2
|
|t:|1665389840
|move|p2a: Melmetal|Earthquake|p1a: Marowak
|-supereffective|p1a: Marowak
|-damage|p1a: Marowak|0 fnt
|faint|p1a: Marowak
|
|upkeep
|
|t:|1665389848
|switch|p1a: Cresselia|Cresselia, F|100/100
|turn|3
|
|t:|1665389851
|move|p2a: Melmetal|Double Iron Bash|p1a: Cresselia
|-damage|p1a: Cresselia|75/100
|-damage|p2a: Melmetal|84/100|[from] item: Rocky Helmet|[of] p1a: Cresselia
|-damage|p1a: Cresselia|47/100
|-damage|p2a: Melmetal|67/100|[from] item: Rocky Helmet|[of] p1a: Cresselia
|-hitcount|p1a: Cresselia|2
|cant|p1a: Cresselia|flinch
|
|-heal|p2a: Melmetal|73/100|[from] item: Leftovers
|upkeep
|turn|4
|
|t:|1665389855
|move|p2a: Melmetal|Double Iron Bash|p1a: Cresselia
|-damage|p1a: Cresselia|21/100
|-damage|p2a: Melmetal|57/100|[from] item: Rocky Helmet|[of] p1a: Cresselia
|-damage|p1a: Cresselia|0 fnt
|-damage|p2a: Melmetal|40/100|[from] item: Rocky Helmet|[of] p1a: Cresselia
|faint|p1a: Cresselia
|-hitcount|p1: Cresselia|2
|
|-heal|p2a: Melmetal|46/100|[from] item: Leftovers
|upkeep
|
|t:|1665389858
|switch|p1a: Melmetal|Melmetal|100/100
|turn|5
|
|t:|1665389863
|switch|p2a: Buzzwole|Buzzwole|100/100
|move|p1a: Melmetal|Earthquake|p2a: Buzzwole
|-resisted|p2a: Buzzwole
|-damage|p2a: Buzzwole|85/100
|
|upkeep
|turn|6
|j| x_jrh_x
|
|t:|1665389877
|switch|p2a: Torkoal|Torkoal, M|100/100
|-weather|SunnyDay|[from] ability: Drought|[of] p2a: Torkoal
|switch|p1a: Hatterene|Hatterene, F|100/100
|
|-weather|SunnyDay|[upkeep]
|upkeep
|turn|7
|l| x_jrh_x
|
|t:|1665389891
|move|p2a: Torkoal|Lava Plume|p1a: Hatterene
|-damage|p1a: Hatterene|64/100
|-status|p1a: Hatterene|brn
|move|p1a: Hatterene|Trick Room|p1a: Hatterene
|-fieldstart|move: Trick Room|[of] p1a: Hatterene
|
|-weather|SunnyDay|[upkeep]
|-damage|p1a: Hatterene|58/100 brn|[from] brn
|upkeep
|turn|8
|
|t:|1665389896
|move|p2a: Torkoal|Lava Plume|p1a: Hatterene
|-damage|p1a: Hatterene|16/100 brn
|move|p1a: Hatterene|Psychic|p2a: Torkoal
|-damage|p2a: Torkoal|31/100
|-enditem|p2a: Torkoal|Eject Button
|
|t:|1665389904
|switch|p2a: Melmetal|Melmetal|46/100
|
|-weather|SunnyDay|[upkeep]
|-heal|p2a: Melmetal|53/100|[from] item: Leftovers
|-damage|p1a: Hatterene|10/100 brn|[from] brn
|upkeep
|turn|9
|
|t:|1665389909
|move|p2a: Melmetal|Protect|p2a: Melmetal
|-singleturn|p2a: Melmetal|Protect
|move|p1a: Hatterene|Mystical Fire|p2a: Melmetal
|-activate|p2a: Melmetal|move: Protect
|
|-weather|SunnyDay|[upkeep]
|-heal|p2a: Melmetal|59/100|[from] item: Leftovers
|-damage|p1a: Hatterene|4/100 brn|[from] brn
|upkeep
|turn|10
|
|t:|1665389917
|switch|p2a: Hatterene|Hatterene, F|100/100
|move|p1a: Hatterene|Mystical Fire|p2a: Hatterene
|-crit|p2a: Hatterene
|-damage|p2a: Hatterene|26/100
|-unboost|p2a: Hatterene|spa|1
|
|-weather|none
|-heal|p2a: Hatterene|32/100|[from] item: Leftovers
|-damage|p1a: Hatterene|0 fnt|[from] brn
|faint|p1a: Hatterene
|upkeep
|
|t:|1665389922
|switch|p1a: Melmetal|Melmetal|100/100
|turn|11
|
|t:|1665389926
|switch|p2a: Buzzwole|Buzzwole|85/100
|move|p1a: Melmetal|Double Iron Bash|p2a: Buzzwole
|-damage|p2a: Buzzwole|53/100
|-damage|p1a: Melmetal|84/100|[from] item: Rocky Helmet|[of] p2a: Buzzwole
|-damage|p2a: Buzzwole|20/100
|-damage|p1a: Melmetal|67/100|[from] item: Rocky Helmet|[of] p2a: Buzzwole
|-hitcount|p2a: Buzzwole|2
|
|-fieldend|move: Trick Room
|upkeep
|turn|12
|
|t:|1665389932
|move|p2a: Buzzwole|Roost|p2a: Buzzwole
|-heal|p2a: Buzzwole|70/100
|-singleturn|p2a: Buzzwole|move: Roost
|move|p1a: Melmetal|Double Iron Bash|p2a: Buzzwole
|-damage|p2a: Buzzwole|38/100
|-damage|p1a: Melmetal|50/100|[from] item: Rocky Helmet|[of] p2a: Buzzwole
|-damage|p2a: Buzzwole|9/100
|-damage|p1a: Melmetal|34/100|[from] item: Rocky Helmet|[of] p2a: Buzzwole
|-hitcount|p2a: Buzzwole|2
|
|upkeep
|turn|13
|
|t:|1665389940
|switch|p1a: Porygon2|Porygon2|100/100
|-ability|p1a: Porygon2|Beast Boost|[from] ability: Trace|[of] p2a: Buzzwole
|move|p2a: Buzzwole|Drain Punch|p1a: Porygon2
|-supereffective|p1a: Porygon2
|-damage|p1a: Porygon2|56/100
|-heal|p2a: Buzzwole|29/100|[from] drain|[of] p1a: Porygon2
|
|upkeep
|turn|14
|
|t:|1665389946
|move|p2a: Buzzwole|Drain Punch|p1a: Porygon2
|-supereffective|p1a: Porygon2
|-damage|p1a: Porygon2|5/100
|-heal|p2a: Buzzwole|52/100|[from] drain|[of] p1a: Porygon2
|move|p1a: Porygon2|Ice Beam|p2a: Buzzwole
|-damage|p2a: Buzzwole|22/100
|
|upkeep
|turn|15
|
|t:|1665389951
|move|p2a: Buzzwole|Drain Punch|p1a: Porygon2
|-supereffective|p1a: Porygon2
|-damage|p1a: Porygon2|0 fnt
|-heal|p2a: Buzzwole|24/100|[from] drain|[of] p1a: Porygon2
|faint|p1a: Porygon2
|-ability|p2a: Buzzwole|Beast Boost|boost
|-boost|p2a: Buzzwole|def|1
|
|upkeep
|-message|maxinyuuu forfeited.
|
|win|Libski
|raw|maxinyuuu's rating: 1542 &rarr; <strong>1527</strong><br />(-15 for losing)
|raw|Libski's rating: 1639 &rarr; <strong>1654</strong><br />(+15 for winning)
|l|☆maxinyuuu
|c|☆Libski|gg
