|j|☆minimax_ai
|j|☆damorush
|t:|1663148662
|gametype|singles
|player|p1|minimax_ai|lusamine-nihilego|1599
|player|p2|damorush|102|1667
|teamsize|p1|6
|teamsize|p2|6
|gen|8
|tier|[Gen 8] OU
|rated|
|rule|Sleep Clause Mod: Limit one foe put to sleep
|rule|Species Clause: Limit one of each Pokémon
|rule|OHKO Clause: OHKO moves are banned
|rule|Evasion Items Clause: Evasion items are banned
|rule|Evasion Moves Clause: Evasion moves are banned
|rule|Endless Battle Clause: Forcing endless battles is banned
|rule|HP Percentage Mod: HP is shown in percentages
|rule|Dynamax Clause: You cannot dynamax
|clearpoke
|poke|p1|Rotom-Wash|
|poke|p1|Weavile, F|
|poke|p1|Landorus-Therian, M|
|poke|p1|Heatran, M|
|poke|p1|Tangrowth, M|
|poke|p1|Melmetal|
|poke|p2|Mew|
|poke|p2|Dragonite, M|
|poke|p2|Rillaboom, M|
|poke|p2|Kartana|
|poke|p2|Nidoking, M|
|poke|p2|Urshifu-*, M|
|teampreview
|
|t:|1663148664
|start
|switch|p1a: rotomwash|Rotom-Wash|100/100
|switch|p2a: Mew|Mew|100/100
|turn|1
|c|☆minimax_ai|hf
|inactive|Battle timer is ON: inactive players will automatically lose when time's up. (requested by minimax_ai)
|
|t:|1663148670
|move|p2a: Mew|Stealth Rock|p1a: rotomwash
|-sidestart|p1: minimax_ai|move: Stealth Rock
|move|p1a: rotomwash|Nasty Plot|p1a: rotomwash
|-boost|p1a: rotomwash|spa|2
|
|upkeep
|turn|2
|
|t:|1663148678
|move|p2a: Mew|Spikes|p1a: rotomwash
|-sidestart|p1: minimax_ai|Spikes
|move|p1a: rotomwash|Thunderbolt|p2a: Mew
|-damage|p2a: Mew|29/100
|
|upkeep
|turn|3
|
|t:|1663148683
|move|p2a: Mew|Spikes|p1a: rotomwash
|-sidestart|p1: minimax_ai|Spikes
|move|p1a: rotomwash|Thunderbolt|p2a: Mew
|-crit|p2a: Mew
|-damage|p2a: Mew|0 fnt
|faint|p2a: Mew
|
|upkeep
|
|t:|1663148696
|switch|p2a: Rillaboom|Rillaboom, M|100/100
|-fieldstart|move: Grassy Terrain|[from] ability: Grassy Surge|[of] p2a: Rillaboom
|turn|4
|
|t:|1663148700
|switch|p1a: landorustherian|Landorus-Therian, M|100/100
|-damage|p1a: landorustherian|88/100|[from] Stealth Rock
|-ability|p1a: landorustherian|Intimidate|boost
|-unboost|p2a: Rillaboom|atk|1
|move|p2a: Rillaboom|Grassy Glide|p1a: landorustherian
|-crit|p1a: landorustherian
|-damage|p1a: landorustherian|0 fnt
|faint|p1a: landorustherian
|-damage|p2a: Rillaboom|91/100|[from] item: Life Orb
|
|-heal|p2a: Rillaboom|97/100|[from] Grassy Terrain
|upkeep
|
|t:|1663148700
|switch|p1a: Heatran|Heatran, M|100/100
|-damage|p1a: Heatran|88/100|[from] Stealth Rock
|-item|p1a: Heatran|Air Balloon
|turn|5
|
|t:|1663148718
|switch|p2a: Urshifu|Urshifu-Rapid-Strike, M|100/100
|move|p1a: Heatran|Eruption|p2a: Urshifu
|-resisted|p2a: Urshifu
|-damage|p2a: Urshifu|48/100
|
|-heal|p2a: Urshifu|54/100|[from] Grassy Terrain
|upkeep
|turn|6
|
|t:|1663148727
|switch|p1a: Tangrowth|Tangrowth, M|100/100
|-damage|p1a: Tangrowth|88/100|[from] Stealth Rock
|-damage|p1a: Tangrowth|72/100|[from] Spikes
|move|p2a: Urshifu|U-turn|p1a: Tangrowth
|-supereffective|p1a: Tangrowth
|-damage|p1a: Tangrowth|47/100
|
|t:|1663148735
|switch|p2a: Nidoking|Nidoking, M|100/100|[from]move: U-turn
|
|-heal|p1a: Tangrowth|53/100|[from] Grassy Terrain
|upkeep
|turn|7
|
|t:|1663148741
|switch|p1a: Heatran|Heatran, M|88/100
|-damage|p1a: Heatran|76/100|[from] Stealth Rock
|-item|p1a: Heatran|Air Balloon
|move|p2a: Nidoking|Ice Beam|p1a: Heatran
|-resisted|p1a: Heatran
|-damage|p1a: Heatran|66/100
|-enditem|p1a: Heatran|Air Balloon
|
|-heal|p1a: Heatran|72/100|[from] Grassy Terrain
|upkeep
|turn|8
|
|t:|1663148753
|move|p1a: Heatran|Magma Storm|p2a: Nidoking
|-damage|p2a: Nidoking|27/100
|-activate|p2a: Nidoking|move: Magma Storm|[of] p1a: Heatran
|move|p2a: Nidoking|Earth Power|p1a: Heatran
|-supereffective|p1a: Heatran
|-damage|p1a: Heatran|0 fnt
|faint|p1a: Heatran
|
|-heal|p2a: Nidoking|33/100|[from] Grassy Terrain
|-end|p2a: Nidoking|Magma Storm|[partiallytrapped]|[silent]
|-fieldend|move: Grassy Terrain
|upkeep
|
|t:|1663148753
|switch|p1a: rotomwash|Rotom-Wash|100/100
|-damage|p1a: rotomwash|88/100|[from] Stealth Rock
|turn|9
|
|t:|1663148767
|move|p1a: rotomwash|Hydro Pump|p2a: Nidoking
|-supereffective|p2a: Nidoking
|-damage|p2a: Nidoking|0 fnt
|faint|p2a: Nidoking
|
|-heal|p1a: rotomwash|94/100|[from] item: Leftovers
|upkeep
|
|t:|1663148774
|switch|p2a: Kartana|Kartana|100/100
|turn|10
|j| ggnhax
|
|t:|1663148778
|switch|p1a: Tangrowth|Tangrowth, M|86/100
|-damage|p1a: Tangrowth|74/100|[from] Stealth Rock
|-damage|p1a: Tangrowth|57/100|[from] Spikes
|move|p2a: Kartana|Swords Dance|p2a: Kartana
|-boost|p2a: Kartana|atk|2
|
|upkeep
|turn|11
|
|t:|1663148787
|move|p2a: Kartana|Knock Off|p1a: Tangrowth
|-damage|p1a: Tangrowth|21/100
|-enditem|p1a: Tangrowth|Rocky Helmet|[from] move: Knock Off|[of] p2a: Kartana
|move|p1a: Tangrowth|Giga Drain|p2a: Kartana
|-resisted|p2a: Kartana
|-damage|p2a: Kartana|83/100
|-heal|p1a: Tangrowth|28/100|[from] drain|[of] p2a: Kartana
|
|upkeep
|turn|12
|
|t:|1663148796
|move|p2a: Kartana|Sacred Sword|p1a: Tangrowth
|-damage|p1a: Tangrowth|0 fnt
|faint|p1a: Tangrowth
|-ability|p2a: Kartana|Beast Boost|boost
|-boost|p2a: Kartana|spe|1
|
|upkeep
|
|t:|1663148796
|switch|p1a: Weavile|Weavile, F|100/100
|-damage|p1a: Weavile|76/100|[from] Stealth Rock
|-damage|p1a: Weavile|59/100|[from] Spikes
|-ability|p1a: Weavile|Pressure
|turn|13
|
|t:|1663148808
|move|p1a: Weavile|Ice Shard|p2a: Kartana
|-damage|p2a: Kartana|57/100
|move|p2a: Kartana|Leaf Blade|p1a: Weavile
|-damage|p1a: Weavile|0 fnt
|faint|p1a: Weavile
|-ability|p2a: Kartana|Beast Boost|boost
|-boost|p2a: Kartana|spe|1
|
|upkeep
|
|t:|1663148808
|switch|p1a: Melmetal|Melmetal|100/100
|-damage|p1a: Melmetal|94/100|[from] Stealth Rock
|-damage|p1a: Melmetal|78/100|[from] Spikes
|turn|14
|
|t:|1663148823
|move|p2a: Kartana|Sacred Sword|p1a: Melmetal
|-supereffective|p1a: Melmetal
|-damage|p1a: Melmetal|13/100
|move|p1a: Melmetal|Ice Punch|p2a: Kartana
|-damage|p2a: Kartana|29/100
|
|upkeep
|turn|15
|
|t:|1663148831
|move|p2a: Kartana|Knock Off|p1a: Melmetal
|-damage|p1a: Melmetal|0 fnt
|-enditem|p1a: Melmetal|Assault Vest|[from] move: Knock Off|[of] p2a: Kartana
|faint|p1a: Melmetal
|-ability|p2a: Kartana|Beast Boost|boost
|-boost|p2a: Kartana|spe|1
|
|upkeep
|
|t:|1663148831
|switch|p1a: rotomwash|Rotom-Wash|94/100
|-damage|p1a: rotomwash|82/100|[from] Stealth Rock
|turn|16
|
|t:|1663148840
|move|p2a: Kartana|Leaf Blade|p1a: rotomwash
|-supereffective|p1a: rotomwash
|-damage|p1a: rotomwash|0 fnt
|faint|p1a: rotomwash
|
|win|damorush
|raw|minimax_ai's rating: 1599 &rarr; <strong>1583</strong><br />(-16 for losing)
|raw|damorush's rating: 1667 &rarr; <strong>1683</strong><br />(+16 for winning)
|c|☆minimax_ai|gg
