|j|☆Sunfor
|j|☆Stunfisk2140
|t:|1643971933
|gametype|singles
|player|p1|Sunfor|ingo|1540
|player|p2|Stunfisk2140|2|1545
|teamsize|p1|6
|teamsize|p2|6
|gen|8
|tier|[Gen 8] OU
|rated|
|rule|Sleep Clause Mod: Limit one foe put to sleep
|rule|Species Clause: Limit one of each Pokémon
|rule|OHKO Clause: OHKO moves are banned
|rule|Evasion Moves Clause: Evasion moves are banned
|rule|Endless Battle Clause: Forcing endless battles is banned
|rule|HP Percentage Mod: HP is shown in percentages
|rule|Dynamax Clause: You cannot dynamax
|clearpoke
|poke|p1|Ninetales-Alola, F|
|poke|p1|Arctozolt|
|poke|p1|Ferrothorn, M|
|poke|p1|Tornadus-Therian, M|
|poke|p1|Landorus-Therian, M|
|poke|p1|Toxapex, F|
|poke|p2|Metagross|
|poke|p2|Grimmsnarl, M|
|poke|p2|Garchomp, M|
|poke|p2|Togekiss, M|
|poke|p2|Zapdos-Galar|
|poke|p2|Zeraora|
|teampreview
|
|t:|1643971950
|start
|switch|p1a: Ferrothorn|Ferrothorn, M|100/100
|switch|p2a: I Am Sped|Zeraora|100/100
|turn|1
|
|t:|1643971959
|move|p2a: I Am Sped|Bulk Up|p2a: I Am Sped
|-boost|p2a: I Am Sped|atk|1
|-boost|p2a: I Am Sped|def|1
|move|p1a: Ferrothorn|Leech Seed|p2a: I Am Sped
|-start|p2a: I Am Sped|move: Leech Seed
|
|-damage|p2a: I Am Sped|88/100|[from] Leech Seed|[of] p1a: Ferrothorn
|upkeep
|turn|2
|
|t:|1643971969
|switch|p2a: Thicc Legs|Zapdos-Galar|100/100
|move|p1a: Ferrothorn|Knock Off|p2a: Thicc Legs
|-resisted|p2a: Thicc Legs
|-crit|p2a: Thicc Legs
|-damage|p2a: Thicc Legs|81/100
|-enditem|p2a: Thicc Legs|Choice Band|[from] move: Knock Off|[of] p1a: Ferrothorn
|
|upkeep
|turn|3
|
|t:|1643971978
|switch|p1a: Toxapex|Toxapex, F|100/100
|move|p2a: Thicc Legs|Close Combat|p1a: Toxapex
|-resisted|p1a: Toxapex
|-damage|p1a: Toxapex|82/100
|-unboost|p2a: Thicc Legs|def|1
|-unboost|p2a: Thicc Legs|spd|1
|
|-heal|p1a: Toxapex|88/100|[from] item: Black Sludge
|upkeep
|turn|4
|
|t:|1643971992
|move|p2a: Thicc Legs|Brave Bird|p1a: Toxapex
|-damage|p1a: Toxapex|50/100
|-damage|p2a: Thicc Legs|69/100|[from] Recoil
|move|p1a: Toxapex|Scald|p2a: Thicc Legs
|-damage|p2a: Thicc Legs|39/100
|
|-heal|p1a: Toxapex|56/100|[from] item: Black Sludge
|upkeep
|turn|5
|
|t:|1643972003
|move|p2a: Thicc Legs|Brave Bird|p1a: Toxapex
|-damage|p1a: Toxapex|21/100
|-damage|p2a: Thicc Legs|28/100|[from] Recoil
|move|p1a: Toxapex|Scald|p2a: Thicc Legs
|-damage|p2a: Thicc Legs|0 fnt
|faint|p2a: Thicc Legs
|
|-heal|p1a: Toxapex|27/100|[from] item: Black Sludge
|upkeep
|
|t:|1643972016
|switch|p2a: Melmetal's Son|Metagross|100/100
|turn|6
|
|t:|1643972020
|switch|p1a: Ferrothorn|Ferrothorn, M|100/100
|move|p2a: Melmetal's Son|Earthquake|p1a: Ferrothorn
|-damage|p1a: Ferrothorn|79/100
|
|-heal|p1a: Ferrothorn|85/100|[from] item: Leftovers
|upkeep
|turn|7
|
|t:|1643972030
|move|p2a: Melmetal's Son|Agility|p2a: Melmetal's Son
|-boost|p2a: Melmetal's Son|spe|2
|move|p1a: Ferrothorn|Knock Off|p2a: Melmetal's Son
|-supereffective|p2a: Melmetal's Son
|-damage|p2a: Melmetal's Son|59/100
|-enditem|p2a: Melmetal's Son|Weakness Policy
|-boost|p2a: Melmetal's Son|atk|2|[from] item: Weakness Policy
|-boost|p2a: Melmetal's Son|spa|2|[from] item: Weakness Policy
|
|-heal|p1a: Ferrothorn|91/100|[from] item: Leftovers
|upkeep
|turn|8
|
|t:|1643972042
|switch|p1a: Landorus|Landorus-Therian, M|100/100
|-ability|p1a: Landorus|Intimidate|boost
|-fail|p2a: Melmetal's Son|unboost|[from] ability: Clear Body|[of] p2a: Melmetal's Son
|move|p2a: Melmetal's Son|Earthquake|p1a: Landorus
|-immune|p1a: Landorus
|
|upkeep
|turn|9
|
|t:|1643972051
|move|p2a: Melmetal's Son|Ice Punch|p1a: Landorus
|-supereffective|p1a: Landorus
|-damage|p1a: Landorus|0 fnt
|faint|p1a: Landorus
|
|upkeep
|
|t:|1643972060
|switch|p1a: Ninetales|Ninetales-Alola, F|100/100
|-weather|Hail|[from] ability: Snow Warning|[of] p1a: Ninetales
|turn|10
|
|t:|1643972065
|switch|p1a: Ferrothorn|Ferrothorn, M|91/100
|move|p2a: Melmetal's Son|Meteor Mash|p1a: Ferrothorn
|-resisted|p1a: Ferrothorn
|-damage|p1a: Ferrothorn|63/100
|-damage|p2a: Melmetal's Son|47/100|[from] ability: Iron Barbs|[of] p1a: Ferrothorn
|
|-weather|Hail|[upkeep]
|-damage|p2a: Melmetal's Son|41/100|[from] Hail
|-damage|p1a: Ferrothorn|57/100|[from] Hail
|-heal|p1a: Ferrothorn|63/100|[from] item: Leftovers
|upkeep
|turn|11
|
|t:|1643972078
|move|p2a: Melmetal's Son|Earthquake|p1a: Ferrothorn
|-damage|p1a: Ferrothorn|22/100
|move|p1a: Ferrothorn|Leech Seed|p2a: Melmetal's Son
|-start|p2a: Melmetal's Son|move: Leech Seed
|
|-weather|Hail|[upkeep]
|-damage|p2a: Melmetal's Son|35/100|[from] Hail
|-damage|p1a: Ferrothorn|16/100|[from] Hail
|-heal|p1a: Ferrothorn|22/100|[from] item: Leftovers
|-damage|p2a: Melmetal's Son|22/100|[from] Leech Seed|[of] p1a: Ferrothorn
|-heal|p1a: Ferrothorn|32/100|[silent]
|upkeep
|turn|12
|
|t:|1643972091
|switch|p1a: Tornadus|Tornadus-Therian, M|100/100
|move|p2a: Melmetal's Son|Ice Punch|p1a: Tornadus
|-supereffective|p1a: Tornadus
|-damage|p1a: Tornadus|0 fnt
|faint|p1a: Tornadus
|
|-weather|Hail|[upkeep]
|-damage|p2a: Melmetal's Son|16/100|[from] Hail
|upkeep
|
|t:|1643972098
|switch|p1a: Toxapex|Toxapex, F|61/100
|turn|13
|
|t:|1643972104
|switch|p1a: Ninetales|Ninetales-Alola, F|100/100
|move|p2a: Melmetal's Son|Earthquake|p1a: Ninetales
|-crit|p1a: Ninetales
|-damage|p1a: Ninetales|0 fnt
|faint|p1a: Ninetales
|
|-weather|Hail|[upkeep]
|-damage|p2a: Melmetal's Son|10/100|[from] Hail
|upkeep
|
|t:|1643972107
|switch|p1a: Ferrothorn|Ferrothorn, M|32/100
|turn|14
|
|t:|1643972117
|move|p2a: Melmetal's Son|Earthquake|p1a: Ferrothorn
|-damage|p1a: Ferrothorn|0 fnt
|faint|p1a: Ferrothorn
|
|-weather|Hail|[upkeep]
|-damage|p2a: Melmetal's Son|4/100|[from] Hail
|upkeep
|-message|Sunfor forfeited.
|
|win|Stunfisk2140
|raw|Sunfor's rating: 1540 &rarr; <strong>1520</strong><br />(-20 for losing)
|raw|Stunfisk2140's rating: 1545 &rarr; <strong>1565</strong><br />(+20 for winning)
|l|☆Sunfor
