|j|☆chansey and lulu
|j|☆Last Second Run
|t:|1667489017
|gametype|singles
|player|p1|chansey and lulu|hooligans|1766
|player|p2|Last Second Run|drayden|1708
|teamsize|p1|6
|teamsize|p2|6
|gen|8
|tier|[Gen 8] OU
|rated|
|rule|Sleep Clause Mod: Limit one foe put to sleep
|rule|Species Clause: Limit one of each Pokémon
|rule|OHKO Clause: OHKO moves are banned
|rule|Evasion Items Clause: Evasion items are banned
|rule|Evasion Moves Clause: Evasion moves are banned
|rule|Endless Battle Clause: Forcing endless battles is banned
|rule|HP Percentage Mod: HP is shown in percentages
|rule|Dynamax Clause: You cannot dynamax
|clearpoke
|poke|p1|Tapu Lele|
|poke|p1|Tyranitar, M|
|poke|p1|Excadrill, F|
|poke|p1|Ferrothorn, M|
|poke|p1|Zapdos|
|poke|p1|Urshifu-*, M|
|poke|p2|Crawdaunt, M|
|poke|p2|Tapu Koko|
|poke|p2|Ferrothorn, M|
|poke|p2|Landorus-Therian, M|
|poke|p2|Slowking, F|
|poke|p2|Tornadus-Therian, M|
|teampreview
|
|t:|1667489035
|start
|switch|p1a: Zapdos|Zapdos|100/100
|switch|p2a: Tapu Koko|Tapu Koko|100/100
|-fieldstart|move: Electric Terrain|[from] ability: Electric Surge|[of] p2a: Tapu Koko
|turn|1
|
|t:|1667489046
|switch|p1a: Ferrothorn|Ferrothorn, M|100/100
|move|p2a: Tapu Koko|Toxic|p1a: Ferrothorn
|-immune|p1a: Ferrothorn
|
|upkeep
|turn|2
|
|t:|1667489055
|switch|p2a: Ferrothorn|Ferrothorn, M|100/100
|move|p1a: Ferrothorn|Knock Off|p2a: Ferrothorn
|-damage|p2a: Ferrothorn|88/100
|-damage|p1a: Ferrothorn|88/100|[from] ability: Iron Barbs|[of] p2a: Ferrothorn
|-enditem|p2a: Ferrothorn|Leftovers|[from] move: Knock Off|[of] p1a: Ferrothorn
|
|-heal|p1a: Ferrothorn|94/100|[from] item: Leftovers
|upkeep
|turn|3
|j| Fantominus83
|
|t:|1667489064
|move|p1a: Ferrothorn|Stealth Rock|p2a: Ferrothorn
|-sidestart|p2: Last Second Run|move: Stealth Rock
|move|p2a: Ferrothorn|Spikes|p1a: Ferrothorn
|-sidestart|p1: chansey and lulu|Spikes
|
|-heal|p1a: Ferrothorn|100/100|[from] item: Leftovers
|upkeep
|turn|4
|
|t:|1667489071
|switch|p1a: Zapdos|Zapdos|100/100
|move|p2a: Ferrothorn|Spikes|p1a: Zapdos
|-sidestart|p1: chansey and lulu|Spikes
|
|upkeep
|turn|5
|
|t:|1667489077
|switch|p2a: Landorus|Landorus-Therian, M|100/100
|-damage|p2a: Landorus|88/100|[from] Stealth Rock
|-ability|p2a: Landorus|Intimidate|boost
|-unboost|p1a: Zapdos|atk|1
|move|p1a: Zapdos|Heat Wave|p2a: Landorus
|-damage|p2a: Landorus|68/100
|
|-heal|p2a: Landorus|74/100|[from] item: Leftovers
|-fieldend|move: Electric Terrain
|upkeep
|turn|6
|
|t:|1667489088
|move|p1a: Zapdos|Hurricane|p2a: Landorus
|-damage|p2a: Landorus|43/100
|move|p2a: Landorus|Stealth Rock|p1a: Zapdos
|-sidestart|p1: chansey and lulu|move: Stealth Rock
|
|-heal|p2a: Landorus|49/100|[from] item: Leftovers
|upkeep
|turn|7
|
|t:|1667489094
|move|p1a: Zapdos|Hurricane|p2a: Landorus
|-damage|p2a: Landorus|13/100
|-start|p2a: Landorus|confusion
|-activate|p2a: Landorus|confusion
|move|p2a: Landorus|Toxic|p1a: Zapdos
|-status|p1a: Zapdos|tox
|
|-heal|p2a: Landorus|19/100|[from] item: Leftovers
|-damage|p1a: Zapdos|94/100 tox|[from] psn
|upkeep
|turn|8
|l| Fantominus83
|
|t:|1667489104
|switch|p2a: Tapu Koko|Tapu Koko|100/100
|-fieldstart|move: Electric Terrain|[from] ability: Electric Surge|[of] p2a: Tapu Koko
|move|p1a: Zapdos|Heat Wave|p2a: Tapu Koko
|-damage|p2a: Tapu Koko|58/100
|
|-damage|p1a: Zapdos|82/100 tox|[from] psn
|upkeep
|turn|9
|
|t:|1667489113
|move|p2a: Tapu Koko|Thunderbolt|p1a: Zapdos
|-damage|p1a: Zapdos|37/100 tox
|move|p1a: Zapdos|Volt Switch|p2a: Tapu Koko
|-resisted|p2a: Tapu Koko
|-damage|p2a: Tapu Koko|37/100
|j| Fantominus83
|
|t:|1667489119
|switch|p1a: Excadrill|Excadrill, F|100/100|[from]move: Volt Switch
|-damage|p1a: Excadrill|84/100|[from] Spikes
|-damage|p1a: Excadrill|81/100|[from] Stealth Rock
|
|upkeep
|turn|10
|
|t:|1667489126
|move|p2a: Tapu Koko|U-turn|p1a: Excadrill
|-resisted|p1a: Excadrill
|-damage|p1a: Excadrill|70/100
|
|t:|1667489129
|switch|p2a: Agency Classic|Crawdaunt, M|100/100|[from]move: U-turn
|-damage|p2a: Agency Classic|88/100|[from] Stealth Rock
|move|p1a: Excadrill|Rapid Spin|p2a: Agency Classic
|-damage|p2a: Agency Classic|45/100
|-boost|p1a: Excadrill|spe|1
|-sideend|p1: chansey and lulu|Spikes|[from] move: Rapid Spin|[of] p1a: Excadrill
|-sideend|p1: chansey and lulu|Stealth Rock|[from] move: Rapid Spin|[of] p1a: Excadrill
|
|upkeep
|turn|11
|
|t:|1667489138
|switch|p1a: Zapdos|Zapdos|37/100 tox
|move|p2a: Agency Classic|Knock Off|p1a: Zapdos
|-damage|p1a: Zapdos|0 fnt
|-enditem|p1a: Zapdos|Heavy-Duty Boots|[from] move: Knock Off|[of] p2a: Agency Classic
|faint|p1a: Zapdos
|
|upkeep
|
|t:|1667489146
|switch|p1a: Urshifu|Urshifu-Rapid-Strike, M|100/100
|turn|12
|
|t:|1667489149
|switch|p2a: Tornadus|Tornadus-Therian, M|100/100
|move|p1a: Urshifu|U-turn|p2a: Tornadus
|-resisted|p2a: Tornadus
|-damage|p2a: Tornadus|86/100
|
|t:|1667489155
|switch|p1a: Tyranitar|Tyranitar, M|100/100|[from]move: U-turn
|-weather|Sandstorm|[from] ability: Sand Stream|[of] p1a: Tyranitar
|
|-weather|Sandstorm|[upkeep]
|-damage|p2a: Tornadus|80/100|[from] Sandstorm
|-fieldend|move: Electric Terrain
|upkeep
|turn|13
|
|t:|1667489163
|move|p2a: Tornadus|U-turn|p1a: Tyranitar
|-supereffective|p1a: Tyranitar
|-damage|p1a: Tyranitar|75/100
|
|t:|1667489166
|switch|p2a: Landorus|Landorus-Therian, M|19/100|[from]move: U-turn
|-damage|p2a: Landorus|6/100|[from] Stealth Rock
|-ability|p2a: Landorus|Intimidate|boost
|-unboost|p1a: Tyranitar|atk|1
|move|p1a: Tyranitar|Fire Punch|p2a: Landorus
|-crit|p2a: Landorus
|-damage|p2a: Landorus|0 fnt
|faint|p2a: Landorus
|
|-weather|Sandstorm|[upkeep]
|upkeep
|
|t:|1667489174
|switch|p2a: Agency Classic|Crawdaunt, M|45/100
|-damage|p2a: Agency Classic|33/100|[from] Stealth Rock
|turn|14
|
|t:|1667489180
|switch|p1a: Urshifu|Urshifu-Rapid-Strike, M|100/100
|move|p2a: Agency Classic|Close Combat|p1a: Urshifu
|-damage|p1a: Urshifu|32/100
|-unboost|p2a: Agency Classic|def|1
|-unboost|p2a: Agency Classic|spd|1
|
|-weather|Sandstorm|[upkeep]
|-damage|p1a: Urshifu|25/100|[from] Sandstorm
|-damage|p2a: Agency Classic|27/100|[from] Sandstorm
|upkeep
|turn|15
|
|t:|1667489189
|switch|p2a: Tornadus|Tornadus-Therian, M|100/100
|move|p1a: Urshifu|U-turn|p2a: Tornadus
|-resisted|p2a: Tornadus
|-damage|p2a: Tornadus|88/100
|
|t:|1667489195
|switch|p1a: Tyranitar|Tyranitar, M|75/100|[from]move: U-turn
|
|-weather|Sandstorm|[upkeep]
|-damage|p2a: Tornadus|82/100|[from] Sandstorm
|upkeep
|turn|16
|
|t:|1667489204
|move|p2a: Tornadus|U-turn|p1a: Tyranitar
|-supereffective|p1a: Tyranitar
|-damage|p1a: Tyranitar|46/100
|
|t:|1667489207
|switch|p2a: Slowking|Slowking, F|100/100|[from]move: U-turn
|move|p1a: Tyranitar|Crunch|p2a: Slowking
|-supereffective|p2a: Slowking
|-damage|p2a: Slowking|0 fnt
|faint|p2a: Slowking
|
|-weather|none
|upkeep
|
|t:|1667489247
|switch|p2a: Agency Classic|Crawdaunt, M|27/100
|-damage|p2a: Agency Classic|15/100|[from] Stealth Rock
|turn|17
|
|t:|1667489251
|move|p1a: Tyranitar|Crunch|p2a: Agency Classic
|-resisted|p2a: Agency Classic
|-damage|p2a: Agency Classic|0 fnt
|faint|p2a: Agency Classic
|
|upkeep
|
|t:|1667489265
|switch|p2a: Ferrothorn|Ferrothorn, M|88/100
|-damage|p2a: Ferrothorn|82/100|[from] Stealth Rock
|turn|18
|
|t:|1667489270
|switch|p1a: Ferrothorn|Ferrothorn, M|100/100
|move|p2a: Ferrothorn|Spikes|p1a: Ferrothorn
|-sidestart|p1: chansey and lulu|Spikes
|
|upkeep
|turn|19
|
|t:|1667489276
|switch|p1a: Urshifu|Urshifu-Rapid-Strike, M|25/100
|-damage|p1a: Urshifu|13/100|[from] Spikes
|move|p2a: Ferrothorn|Spikes|p1a: Urshifu
|-sidestart|p1: chansey and lulu|Spikes
|
|upkeep
|turn|20
|
|t:|1667489282
|switch|p2a: Tornadus|Tornadus-Therian, M|100/100
|move|p1a: Urshifu|Surging Strikes|p2a: Tornadus
|-crit|p2a: Tornadus
|-damage|p2a: Tornadus|79/100
|-crit|p2a: Tornadus
|-damage|p2a: Tornadus|56/100
|-crit|p2a: Tornadus
|-damage|p2a: Tornadus|34/100
|-hitcount|p2a: Tornadus|3
|
|upkeep
|turn|21
|
|t:|1667489298
|move|p2a: Tornadus|U-turn|p1a: Urshifu
|-resisted|p1a: Urshifu
|-damage|p1a: Urshifu|5/100
|
|t:|1667489301
|switch|p2a: Ferrothorn|Ferrothorn, M|82/100|[from]move: U-turn
|-damage|p2a: Ferrothorn|75/100|[from] Stealth Rock
|move|p1a: Urshifu|Close Combat|p2a: Ferrothorn
|-supereffective|p2a: Ferrothorn
|-damage|p2a: Ferrothorn|8/100
|-unboost|p1a: Urshifu|def|1
|-unboost|p1a: Urshifu|spd|1
|-activate|p2a: Ferrothorn|ability: Iron Barbs
|-activate|p1a: Urshifu|item: Protective Pads
|
|upkeep
|turn|22
|
|t:|1667489317
|move|p1a: Urshifu|Surging Strikes|p2a: Ferrothorn
|-resisted|p2a: Ferrothorn
|-crit|p2a: Ferrothorn
|-damage|p2a: Ferrothorn|2/100
|-activate|p2a: Ferrothorn|ability: Iron Barbs
|-activate|p1a: Urshifu|item: Protective Pads
|-resisted|p2a: Ferrothorn
|-crit|p2a: Ferrothorn
|-damage|p2a: Ferrothorn|0 fnt
|-activate|p2a: Ferrothorn|ability: Iron Barbs
|-activate|p1a: Urshifu|item: Protective Pads
|faint|p2a: Ferrothorn
|-hitcount|p2: Ferrothorn|2
|
|upkeep
|
|t:|1667489318
|switch|p2a: Tornadus|Tornadus-Therian, M|67/100
|turn|23
|
|t:|1667489331
|switch|p1a: Tyranitar|Tyranitar, M|46/100
|-damage|p1a: Tyranitar|30/100|[from] Spikes
|-weather|Sandstorm|[from] ability: Sand Stream|[of] p1a: Tyranitar
|move|p2a: Tornadus|Knock Off|p1a: Tyranitar
|-resisted|p1a: Tyranitar
|-damage|p1a: Tyranitar|21/100
|-enditem|p1a: Tyranitar|Choice Band|[from] move: Knock Off|[of] p2a: Tornadus
|
|-weather|Sandstorm|[upkeep]
|-damage|p2a: Tornadus|61/100|[from] Sandstorm
|upkeep
|turn|24
|
|t:|1667489343
|move|p2a: Tornadus|U-turn|p1a: Tyranitar
|-supereffective|p1a: Tyranitar
|-damage|p1a: Tyranitar|0 fnt
|faint|p1a: Tyranitar
|
|t:|1667489345
|switch|p2a: Tapu Koko|Tapu Koko|37/100|[from]move: U-turn
|-fieldstart|move: Electric Terrain|[from] ability: Electric Surge|[of] p2a: Tapu Koko
|
|-weather|Sandstorm|[upkeep]
|-damage|p2a: Tapu Koko|31/100|[from] Sandstorm
|upkeep
|
|t:|1667489353
|switch|p1a: Excadrill|Excadrill, F|70/100
|-damage|p1a: Excadrill|53/100|[from] Spikes
|turn|25
|
|t:|1667489357
|move|p1a: Excadrill|Iron Head|p2a: Tapu Koko
|-damage|p2a: Tapu Koko|0 fnt
|faint|p2a: Tapu Koko
|
|-weather|Sandstorm|[upkeep]
|upkeep
|
|t:|1667489359
|switch|p2a: Tornadus|Tornadus-Therian, M|94/100
|turn|26
|
|t:|1667489366
|move|p1a: Excadrill|Iron Head|p2a: Tornadus
|-crit|p2a: Tornadus
|-damage|p2a: Tornadus|0 fnt
|faint|p2a: Tornadus
|
|win|chansey and lulu
|raw|chansey and lulu's rating: 1766 &rarr; <strong>1783</strong><br />(+17 for winning)
|raw|Last Second Run's rating: 1708 &rarr; <strong>1691</strong><br />(-17 for losing)
|l|☆chansey and lulu
|l| Fantominus83
|l|☆Last Second Run
||Ladder isn't responding, score probably updated but might not have (Request timeout).
