|raw|<div class="broadcast-blue"><strong>This battle is required to be public due to a player having a name starting with 'lt92pf'.</div>
|j|☆pick of the litter
|j|☆LT92PF Eeveectory
|t:|1659979367
|gametype|singles
|player|p1|pick of the litter|265|1742
|player|p2|LT92PF Eeveectory|acetrainersnow|1781
|teamsize|p1|6
|teamsize|p2|6
|gen|8
|tier|[Gen 8] OU
|rated|
|rule|Sleep Clause Mod: Limit one foe put to sleep
|rule|Species Clause: Limit one of each Pokémon
|rule|OHKO Clause: OHKO moves are banned
|rule|Evasion Items Clause: Evasion items are banned
|rule|Evasion Moves Clause: Evasion moves are banned
|rule|Endless Battle Clause: Forcing endless battles is banned
|rule|HP Percentage Mod: HP is shown in percentages
|rule|Dynamax Clause: You cannot dynamax
|clearpoke
|poke|p1|Blacephalon|
|poke|p1|Buzzwole|
|poke|p1|Hydreigon, M|
|poke|p1|Slowking-Galar, M|
|poke|p1|Landorus-Therian, M|
|poke|p1|Ferrothorn, M|
|poke|p2|Obstagoon, M|
|poke|p2|Rillaboom, M|
|poke|p2|Landorus-Therian, M|
|poke|p2|Scizor, M|
|poke|p2|Primarina, F|
|poke|p2|Dragapult, M|
|teampreview
|inactive|Battle timer is ON: inactive players will automatically lose when time's up. (requested by pick of the litter)
|inactive|pick of the litter has 120 seconds left.
|inactive|pick of the litter has 90 seconds left.
|
|t:|1659979432
|start
|switch|p1a: Buzzwole|Buzzwole|100/100
|switch|p2a: Boomer|Rillaboom, M|100/100
|-fieldstart|move: Grassy Terrain|[from] ability: Grassy Surge|[of] p2a: Boomer
|turn|1
|
|t:|1659979451
|switch|p2a: Ashirene|Primarina, F|100/100
|move|p1a: Buzzwole|Close Combat|p2a: Ashirene
|-resisted|p2a: Ashirene
|-damage|p2a: Ashirene|74/100
|-unboost|p1a: Buzzwole|def|1
|-unboost|p1a: Buzzwole|spd|1
|-damage|p1a: Buzzwole|84/100|[from] item: Rocky Helmet|[of] p2a: Ashirene
|
|-heal|p1a: Buzzwole|90/100|[from] Grassy Terrain
|-heal|p2a: Ashirene|80/100|[from] Grassy Terrain
|upkeep
|turn|2
|
|t:|1659979457
|switch|p1a: Slowking|Slowking-Galar, M|100/100
|move|p2a: Ashirene|Flip Turn|p1a: Slowking
|-damage|p1a: Slowking|82/100
|
|t:|1659979460
|switch|p2a: The Goon|Obstagoon, M|100/100|[from]move: Flip Turn
|
|-heal|p1a: Slowking|88/100|[from] Grassy Terrain
|-status|p2a: The Goon|brn|[from] item: Flame Orb
|upkeep
|turn|3
|
|t:|1659979467
|switch|p1a: Ferrothorn|Ferrothorn, M|100/100
|move|p2a: The Goon|Facade|p1a: Ferrothorn
|-resisted|p1a: Ferrothorn
|-damage|p1a: Ferrothorn|75/100
|-damage|p2a: The Goon|88/100 brn|[from] ability: Iron Barbs|[of] p1a: Ferrothorn
|
|-heal|p2a: The Goon|94/100 brn|[from] Grassy Terrain
|-heal|p1a: Ferrothorn|81/100|[from] Grassy Terrain
|-heal|p1a: Ferrothorn|87/100|[from] item: Leftovers
|-damage|p2a: The Goon|88/100 brn|[from] brn
|upkeep
|turn|4
|
|t:|1659979474
|switch|p1a: Buzzwole|Buzzwole|90/100
|move|p2a: The Goon|Fire Punch|p1a: Buzzwole
|-supereffective|p1a: Buzzwole
|-damage|p1a: Buzzwole|38/100
|
|-heal|p1a: Buzzwole|44/100|[from] Grassy Terrain
|-heal|p2a: The Goon|94/100 brn|[from] Grassy Terrain
|-damage|p2a: The Goon|88/100 brn|[from] brn
|upkeep
|turn|5
|
|t:|1659979482
|move|p1a: Buzzwole|Close Combat|p2a: The Goon
|-supereffective|p2a: The Goon
|-damage|p2a: The Goon|0 fnt
|-unboost|p1a: Buzzwole|def|1
|-unboost|p1a: Buzzwole|spd|1
|faint|p2a: The Goon
|-ability|p1a: Buzzwole|Beast Boost|boost
|-boost|p1a: Buzzwole|atk|1
|
|-heal|p1a: Buzzwole|51/100|[from] Grassy Terrain
|-fieldend|move: Grassy Terrain
|upkeep
|
|t:|1659979503
|switch|p2a: Spyro|Dragapult, M|100/100
|turn|6
|
|t:|1659979516
|switch|p1a: Slowking|Slowking-Galar, M|100/100
|move|p2a: Spyro|Shadow Ball|p1a: Slowking
|-supereffective|p1a: Slowking
|-damage|p1a: Slowking|54/100
|
|upkeep
|turn|7
|
|t:|1659979526
|switch|p1a: Hydreigon|Hydreigon, M|100/100
|move|p2a: Spyro|Shadow Ball|p1a: Hydreigon
|-resisted|p1a: Hydreigon
|-damage|p1a: Hydreigon|70/100
|-unboost|p1a: Hydreigon|spd|1
|
|upkeep
|turn|8
|
|t:|1659979533
|switch|p2a: Ashirene|Primarina, F|80/100
|move|p1a: Hydreigon|Roost|p1a: Hydreigon
|-heal|p1a: Hydreigon|100/100
|-singleturn|p1a: Hydreigon|move: Roost
|
|upkeep
|turn|9
|j| union boss
|-message|LT92PF Eeveectory forfeited.
|
|win|pick of the litter
|raw|pick of the litter's rating: 1742 &rarr; <strong>1764</strong><br />(+22 for winning)
|raw|LT92PF Eeveectory's rating: 1781 &rarr; <strong>1759</strong><br />(-22 for losing)
|l|☆LT92PF Eeveectory
||Ladder isn't responding, score probably updated but might not have (Request timeout).
