|j|☆I'M AT MY LIMIT!
|j|☆Blastoise Expert
|t:|1606527187
|player|p1|I'M AT MY LIMIT!|ethan|
|player|p2|Blastoise Expert|pokemaniac|
|teamsize|p1|6
|teamsize|p2|6
|gametype|singles
|gen|8
|tier|[Gen 8] OU
|rated|Tournament battle
|clearpoke
|poke|p1|Tangrowth, F|
|poke|p1|Toxapex, F|
|poke|p1|Tornadus-Therian, M|
|poke|p1|Cinderace, F|
|poke|p1|Buzzwole|
|poke|p1|Pheromosa|
|poke|p2|Magearna|
|poke|p2|Pheromosa|
|poke|p2|Gastrodon-East, F|
|poke|p2|Volcarona, M|
|poke|p2|Ninetales-Alola, F|
|poke|p2|Grimmsnarl, M|
|rule|Sleep Clause Mod: Limit one foe put to sleep
|rule|Species Clause: Limit one of each Pokémon
|rule|OHKO Clause: OHKO moves are banned
|rule|Evasion Moves Clause: Evasion moves are banned
|rule|Endless Battle Clause: Forcing endless battles is banned
|rule|HP Percentage Mod: HP is shown in percentages
|rule|Dynamax Clause: You cannot dynamax
|teampreview
|j| PenguinMLESJ
|j| SenatoroTogekiss
|
|t:|1606527229
|start
|switch|p1a: Cinderace|Cinderace, F|100/100
|switch|p2a: Spice Girl|Pheromosa|100/100
|turn|1
|
|t:|1606527234
|switch|p2a: Ocean Man|Gastrodon-East, F|100/100
|switch|p1a: Toxapex|Toxapex, F|100/100
|
|upkeep
|turn|2
|c|☆I'M AT MY LIMIT!|Wow
|
|t:|1606527241
|move|p1a: Toxapex|Toxic Spikes|p2a: Ocean Man
|-sidestart|p2: Blastoise Expert|move: Toxic Spikes
|move|p2a: Ocean Man|Earthquake|p1a: Toxapex
|-supereffective|p1a: Toxapex
|-damage|p1a: Toxapex|67/100
|
|upkeep
|turn|3
|
|t:|1606527245
|switch|p2a: Spice Girl|Pheromosa|100/100
|-status|p2a: Spice Girl|psn
|move|p1a: Toxapex|Recover|p1a: Toxapex
|-heal|p1a: Toxapex|100/100
|
|-damage|p2a: Spice Girl|88/100 psn|[from] psn
|upkeep
|turn|4
|
|t:|1606527250
|move|p2a: Spice Girl|Quiver Dance|p2a: Spice Girl
|-boost|p2a: Spice Girl|spa|1
|-boost|p2a: Spice Girl|spd|1
|-boost|p2a: Spice Girl|spe|1
|move|p1a: Toxapex|Scald|p2a: Spice Girl
|-damage|p2a: Spice Girl|61/100 psn
|
|-damage|p2a: Spice Girl|49/100 psn|[from] psn
|upkeep
|turn|5
|
|t:|1606527268
|switch|p1a: Tangrowth|Tangrowth, F|100/100
|move|p2a: Spice Girl|Quiver Dance|p2a: Spice Girl
|-boost|p2a: Spice Girl|spa|1
|-boost|p2a: Spice Girl|spd|1
|-boost|p2a: Spice Girl|spe|1
|
|-damage|p2a: Spice Girl|37/100 psn|[from] psn
|upkeep
|turn|6
|
|t:|1606527278
|move|p2a: Spice Girl|Ice Beam|p1a: Tangrowth
|-supereffective|p1a: Tangrowth
|-damage|p1a: Tangrowth|0 fnt
|-damage|p2a: Spice Girl|27/100 psn|[from] item: Life Orb
|faint|p1a: Tangrowth
|-ability|p2a: Spice Girl|Beast Boost|boost
|-boost|p2a: Spice Girl|spa|1
|
|-damage|p2a: Spice Girl|14/100 psn|[from] psn
|upkeep
|
|t:|1606527290
|switch|p1a: Cinderace|Cinderace, F|100/100
|turn|7
|
|t:|1606527353
|switch|p1a: Toxapex|Toxapex, F|100/100
|move|p2a: Spice Girl|Quiver Dance|p2a: Spice Girl
|-boost|p2a: Spice Girl|spa|1
|-boost|p2a: Spice Girl|spd|1
|-boost|p2a: Spice Girl|spe|1
|
|-damage|p2a: Spice Girl|2/100 psn|[from] psn
|upkeep
|turn|8
|
|t:|1606527369
|switch|p1a: Tornadus|Tornadus-Therian, M|100/100
|move|p2a: Spice Girl|Shock Wave|p1a: Tornadus
|-supereffective|p1a: Tornadus
|-damage|p1a: Tornadus|0 fnt
|-damage|p2a: Spice Girl|0 fnt|[from] item: Life Orb
|faint|p1a: Tornadus
|faint|p2a: Spice Girl
|
|upkeep
|
|t:|1606527382
|switch|p2a: Scary Monsters|Grimmsnarl, M|100/100
|switch|p1a: Buzzwole|Buzzwole|100/100
|-status|p2a: Scary Monsters|psn
|turn|9
|
|t:|1606527386
|switch|p1a: Toxapex|Toxapex, F|100/100
|move|p2a: Scary Monsters|Taunt|p1a: Toxapex
|-start|p1a: Toxapex|move: Taunt
|
|-damage|p2a: Scary Monsters|88/100 psn|[from] psn
|upkeep
|turn|10
|
|t:|1606527389
|move|p2a: Scary Monsters|Light Screen|p2a: Scary Monsters
|-sidestart|p2: Blastoise Expert|move: Light Screen
|move|p1a: Toxapex|Scald|p2a: Scary Monsters
|-damage|p2a: Scary Monsters|81/100 psn
|
|-damage|p2a: Scary Monsters|69/100 psn|[from] psn
|upkeep
|turn|11
|
|t:|1606527392
|move|p2a: Scary Monsters|Thunder Wave|p1a: Toxapex
|-status|p1a: Toxapex|par
|move|p1a: Toxapex|Scald|p2a: Scary Monsters
|-damage|p2a: Scary Monsters|63/100 psn
|
|-damage|p2a: Scary Monsters|50/100 psn|[from] psn
|-end|p1a: Toxapex|move: Taunt
|upkeep
|turn|12
|
|t:|1606527395
|move|p2a: Scary Monsters|Taunt|p1a: Toxapex
|-start|p1a: Toxapex|move: Taunt
|move|p1a: Toxapex|Scald|p2a: Scary Monsters
|-damage|p2a: Scary Monsters|44/100 psn
|
|-damage|p2a: Scary Monsters|32/100 psn|[from] psn
|upkeep
|turn|13
|
|t:|1606527399
|move|p2a: Scary Monsters|Reflect|p2a: Scary Monsters
|-sidestart|p2: Blastoise Expert|Reflect
|move|p1a: Toxapex|Scald|p2a: Scary Monsters
|-damage|p2a: Scary Monsters|26/100 psn
|
|-damage|p2a: Scary Monsters|13/100 psn|[from] psn
|upkeep
|turn|14
|
|t:|1606527404
|switch|p2a: Cinderella|Magearna|100/100
|move|p1a: Toxapex|Scald|p2a: Cinderella
|-damage|p2a: Cinderella|94/100
|-status|p2a: Cinderella|brn
|
|-heal|p2a: Cinderella|99/100 brn|[from] item: Leftovers
|-damage|p2a: Cinderella|94/100 brn|[from] brn
|-end|p1a: Toxapex|move: Taunt
|upkeep
|turn|15
|
|t:|1606527407
|switch|p1a: Cinderace|Cinderace, F|100/100
|move|p2a: Cinderella|Shift Gear|p2a: Cinderella
|-boost|p2a: Cinderella|spe|2
|-boost|p2a: Cinderella|atk|1
|
|-heal|p2a: Cinderella|99/100 brn|[from] item: Leftovers
|-damage|p2a: Cinderella|94/100 brn|[from] brn
|upkeep
|turn|16
|
|t:|1606527411
|move|p1a: Cinderace|Pyro Ball|p2a: Cinderella
|-supereffective|p2a: Cinderella
|-damage|p2a: Cinderella|44/100 brn
|move|p2a: Cinderella|Calm Mind|p2a: Cinderella
|-boost|p2a: Cinderella|spa|1
|-boost|p2a: Cinderella|spd|1
|
|-heal|p2a: Cinderella|50/100 brn|[from] item: Leftovers
|-damage|p2a: Cinderella|44/100 brn|[from] brn
|upkeep
|turn|17
|
|t:|1606527414
|move|p1a: Cinderace|Pyro Ball|p2a: Cinderella|[miss]
|-miss|p1a: Cinderace|p2a: Cinderella
|move|p2a: Cinderella|Stored Power|p1a: Cinderace
|-damage|p1a: Cinderace|2/100
|
|-heal|p2a: Cinderella|50/100 brn|[from] item: Leftovers
|-damage|p2a: Cinderella|44/100 brn|[from] brn
|-sideend|p2: Blastoise Expert|move: Light Screen
|upkeep
|turn|18
|
|t:|1606527423
|switch|p2a: Ocean Man|Gastrodon-East, F|100/100
|-status|p2a: Ocean Man|psn
|move|p1a: Cinderace|Pyro Ball|p2a: Ocean Man
|-resisted|p2a: Ocean Man
|-damage|p2a: Ocean Man|90/100 psn
|
|-heal|p2a: Ocean Man|96/100 psn|[from] item: Leftovers
|-damage|p2a: Ocean Man|84/100 psn|[from] psn
|upkeep
|turn|19
|c|☆I'M AT MY LIMIT!|I can relate
|-message|I'M AT MY LIMIT! forfeited.
|
|win|Blastoise Expert
|l| PenguinMLESJ
|l|☆Blastoise Expert
