|j|☆Delibird Heart
|j|☆Shim-0N
|t:|1667321313
|gametype|singles
|player|p1|Delibird Heart|guitarist-gen4|1704
|player|p2|Shim-0N|preschooler|1639
|teamsize|p1|6
|teamsize|p2|6
|gen|8
|tier|[Gen 8] OU
|rated|
|rule|Sleep Clause Mod: Limit one foe put to sleep
|rule|Species Clause: Limit one of each Pokémon
|rule|OHKO Clause: OHKO moves are banned
|rule|Evasion Items Clause: Evasion items are banned
|rule|Evasion Moves Clause: Evasion moves are banned
|rule|Endless Battle Clause: Forcing endless battles is banned
|rule|HP Percentage Mod: HP is shown in percentages
|rule|Dynamax Clause: You cannot dynamax
|clearpoke
|poke|p1|Ninetales-Alola, M|
|poke|p1|Arctozolt|
|poke|p1|Blissey, F|
|poke|p1|Zapdos|
|poke|p1|Garchomp, M|
|poke|p1|Ferrothorn, F|
|poke|p2|Pelipper, F|
|poke|p2|Barraskewda, F|
|poke|p2|Regieleki|
|poke|p2|Tapu Lele|
|poke|p2|Landorus-Therian, M|
|poke|p2|Ferrothorn, F|
|teampreview
|inactive|Battle timer is ON: inactive players will automatically lose when time's up. (requested by Shim-0N)
|inactive|Delibird Heart also wants the timer to be on.
|
|t:|1667321334
|start
|switch|p1a: Zapdos|Zapdos|100/100
|switch|p2a: Pelipper|Pelipper, F|100/100
|-weather|RainDance|[from] ability: Drizzle|[of] p2a: Pelipper
|turn|1
|
|t:|1667321344
|switch|p1a: Ninetales|Ninetales-Alola, M|100/100
|-weather|Hail|[from] ability: Snow Warning|[of] p1a: Ninetales
|switch|p2a: Ferrothorn|Ferrothorn, F|100/100
|
|-weather|Hail|[upkeep]
|-damage|p2a: Ferrothorn|95/100|[from] Hail
|-heal|p2a: Ferrothorn|100/100|[from] item: Leftovers
|upkeep
|turn|2
|
|t:|1667321364
|switch|p1a: Ferrothorn|Ferrothorn, F|100/100
|switch|p2a: Pelipper|Pelipper, F|100/100
|-weather|RainDance|[from] ability: Drizzle|[of] p2a: Pelipper
|
|-weather|RainDance|[upkeep]
|upkeep
|turn|3
|
|t:|1667321372
|move|p2a: Pelipper|Hurricane|p1a: Ferrothorn
|-damage|p1a: Ferrothorn|35/100
|-start|p1a: Ferrothorn|confusion
|-activate|p1a: Ferrothorn|confusion
|move|p1a: Ferrothorn|Knock Off|p2a: Pelipper
|-damage|p2a: Pelipper|70/100
|-enditem|p2a: Pelipper|Choice Specs|[from] move: Knock Off|[of] p1a: Ferrothorn
|
|-weather|RainDance|[upkeep]
|-heal|p1a: Ferrothorn|41/100|[from] item: Leftovers
|upkeep
|turn|4
|
|t:|1667321385
|switch|p1a: Blissey|Blissey, F|100/100
|move|p2a: Pelipper|Hydro Pump|p1a: Blissey|[miss]
|-miss|p2a: Pelipper|p1a: Blissey
|
|-weather|RainDance|[upkeep]
|upkeep
|turn|5
|
|t:|1667321394
|switch|p2a: Ferrothorn|Ferrothorn, F|100/100
|move|p1a: Blissey|Toxic|p2a: Ferrothorn
|-immune|p2a: Ferrothorn
|
|-weather|RainDance|[upkeep]
|upkeep
|turn|6
|
|t:|1667321403
|switch|p1a: Ferrothorn|Ferrothorn, F|41/100
|move|p2a: Ferrothorn|Spikes|p1a: Ferrothorn
|-sidestart|p1: Delibird Heart|Spikes
|
|-weather|none
|-heal|p1a: Ferrothorn|47/100|[from] item: Leftovers
|upkeep
|turn|7
|
|t:|1667321411
|move|p2a: Ferrothorn|Knock Off|p1a: Ferrothorn
|-damage|p1a: Ferrothorn|35/100
|-damage|p2a: Ferrothorn|88/100|[from] ability: Iron Barbs|[of] p1a: Ferrothorn
|-enditem|p1a: Ferrothorn|Leftovers|[from] move: Knock Off|[of] p2a: Ferrothorn
|move|p1a: Ferrothorn|Spikes|p2a: Ferrothorn
|-sidestart|p2: Shim-0N|Spikes
|
|-heal|p2a: Ferrothorn|94/100|[from] item: Leftovers
|upkeep
|turn|8
|
|t:|1667321421
|move|p2a: Ferrothorn|Spikes|p1a: Ferrothorn
|-sidestart|p1: Delibird Heart|Spikes
|move|p1a: Ferrothorn|Knock Off|p2a: Ferrothorn
|-damage|p2a: Ferrothorn|80/100
|-damage|p1a: Ferrothorn|22/100|[from] ability: Iron Barbs|[of] p2a: Ferrothorn
|-enditem|p2a: Ferrothorn|Leftovers|[from] move: Knock Off|[of] p1a: Ferrothorn
|
|upkeep
|turn|9
|
|t:|1667321429
|move|p2a: Ferrothorn|Body Press|p1a: Ferrothorn
|-supereffective|p1a: Ferrothorn
|-damage|p1a: Ferrothorn|0 fnt
|-damage|p2a: Ferrothorn|68/100|[from] ability: Iron Barbs|[of] p1a: Ferrothorn
|faint|p1a: Ferrothorn
|
|upkeep
|
|t:|1667321433
|switch|p1a: Zapdos|Zapdos|100/100
|turn|10
|
|t:|1667321441
|move|p1a: Zapdos|Heat Wave|p2a: Ferrothorn
|-supereffective|p2a: Ferrothorn
|-damage|p2a: Ferrothorn|0 fnt
|faint|p2a: Ferrothorn
|
|upkeep
|
|t:|1667321447
|switch|p2a: Tapu Lele|Tapu Lele|100/100
|-damage|p2a: Tapu Lele|88/100|[from] Spikes
|-fieldstart|move: Psychic Terrain|[from] ability: Psychic Surge|[of] p2a: Tapu Lele
|turn|11
|
|t:|1667321455
|move|p2a: Tapu Lele|Psyshock|p1a: Zapdos
|-damage|p1a: Zapdos|41/100
|move|p1a: Zapdos|Defog|p2a: Tapu Lele
|-unboost|p2a: Tapu Lele|evasion|1
|-sideend|p2: Shim-0N|Spikes|[from] move: Defog|[of] p1a: Zapdos
|-sideend|p1: Delibird Heart|Spikes|[from] move: Defog|[of] p1a: Zapdos
|-fieldend|move: Psychic Terrain
|
|upkeep
|turn|12
|inactive|Delibird Heart has 120 seconds left.
|j| Ran Kob
|inactive|Delibird Heart has 90 seconds left.
|
|t:|1667321537
|switch|p1a: Garchomp|Garchomp, M|100/100
|move|p2a: Tapu Lele|Psyshock|p1a: Garchomp
|-damage|p1a: Garchomp|59/100
|
|upkeep
|turn|13
|
|t:|1667321552
|switch|p2a: Landorus|Landorus-Therian, M|100/100
|-ability|p2a: Landorus|Intimidate|boost
|-unboost|p1a: Garchomp|atk|1
|move|p1a: Garchomp|Earthquake|p2a: Landorus
|-immune|p2a: Landorus
|
|upkeep
|turn|14
|
|t:|1667321560
|move|p1a: Garchomp|Stealth Rock|p2a: Landorus
|-sidestart|p2: Shim-0N|move: Stealth Rock
|move|p2a: Landorus|Stealth Rock|p1a: Garchomp
|-sidestart|p1: Delibird Heart|move: Stealth Rock
|
|upkeep
|turn|15
|
|t:|1667321566
|move|p1a: Garchomp|Toxic|p2a: Landorus|[miss]
|-miss|p1a: Garchomp|p2a: Landorus
|move|p2a: Landorus|Toxic|p1a: Garchomp
|-status|p1a: Garchomp|tox
|
|-damage|p1a: Garchomp|53/100 tox|[from] psn
|upkeep
|turn|16
|
|t:|1667321575
|move|p1a: Garchomp|Toxic|p2a: Landorus
|-status|p2a: Landorus|tox
|move|p2a: Landorus|Earthquake|p1a: Garchomp
|-damage|p1a: Garchomp|21/100 tox
|
|-damage|p1a: Garchomp|9/100 tox|[from] psn
|-damage|p2a: Landorus|94/100 tox|[from] psn
|upkeep
|turn|17
|
|t:|1667321584
|move|p1a: Garchomp|Rest|p1a: Garchomp
|-status|p1a: Garchomp|slp|[from] move: Rest
|-heal|p1a: Garchomp|100/100 slp|[silent]
|move|p2a: Landorus|U-turn|p1a: Garchomp
|-damage|p1a: Garchomp|87/100 slp
|-damage|p2a: Landorus|82/100 tox|[from] ability: Rough Skin|[of] p1a: Garchomp
|-damage|p2a: Landorus|66/100 tox|[from] item: Rocky Helmet|[of] p1a: Garchomp
|
|t:|1667321592
|switch|p2a: Tapu Lele|Tapu Lele|88/100|[from]move: U-turn
|-damage|p2a: Tapu Lele|76/100|[from] Stealth Rock
|-fieldstart|move: Psychic Terrain|[from] ability: Psychic Surge|[of] p2a: Tapu Lele
|
|upkeep
|turn|18
|
|t:|1667321601
|switch|p1a: Blissey|Blissey, F|100/100
|move|p2a: Tapu Lele|Psyshock|p1a: Blissey
|-damage|p1a: Blissey|25/100
|
|upkeep
|turn|19
|inactive|Delibird Heart has 120 seconds left.
|
|t:|1667321611
|move|p2a: Tapu Lele|Psyshock|p1a: Blissey
|-damage|p1a: Blissey|0 fnt
|faint|p1a: Blissey
|
|upkeep
|
|t:|1667321613
|switch|p1a: Ninetales|Ninetales-Alola, M|100/100
|-damage|p1a: Ninetales|76/100|[from] Stealth Rock
|-weather|Hail|[from] ability: Snow Warning|[of] p1a: Ninetales
|turn|20
|
|t:|1667321623
|switch|p1a: Zapdos|Zapdos|41/100
|switch|p2a: Pelipper|Pelipper, F|70/100
|-damage|p2a: Pelipper|45/100|[from] Stealth Rock
|-weather|RainDance|[from] ability: Drizzle|[of] p2a: Pelipper
|
|-weather|RainDance|[upkeep]
|upkeep
|turn|21
|inactive|Delibird Heart has 120 seconds left.
|
|t:|1667321643
|switch|p2a: Regieleki|Regieleki|100/100
|move|p1a: Zapdos|Roost|p1a: Zapdos
|-heal|p1a: Zapdos|91/100
|-singleturn|p1a: Zapdos|move: Roost
|
|-weather|RainDance|[upkeep]
|-fieldend|move: Psychic Terrain
|upkeep
|turn|22
|inactive|Delibird Heart has 120 seconds left.
|
|t:|1667321652
|move|p2a: Regieleki|Rapid Spin|p1a: Zapdos
|-damage|p1a: Zapdos|84/100
|-boost|p2a: Regieleki|spe|1
|-sideend|p2: Shim-0N|Stealth Rock|[from] move: Rapid Spin|[of] p2a: Regieleki
|move|p1a: Zapdos|Defog|p2a: Regieleki
|-unboost|p2a: Regieleki|evasion|1
|-sideend|p1: Delibird Heart|Stealth Rock|[from] move: Defog|[of] p1a: Zapdos
|
|-weather|RainDance|[upkeep]
|upkeep
|turn|23
|
|t:|1667321662
|switch|p1a: Garchomp|Garchomp, M|87/100 slp
|move|p2a: Regieleki|Electro Ball|p1a: Garchomp
|-immune|p1a: Garchomp
|
|-weather|RainDance|[upkeep]
|upkeep
|turn|24
|
|t:|1667321670
|switch|p2a: Tapu Lele|Tapu Lele|76/100
|-fieldstart|move: Psychic Terrain|[from] ability: Psychic Surge|[of] p2a: Tapu Lele
|switch|p1a: Ninetales|Ninetales-Alola, M|76/100
|-weather|Hail|[from] ability: Snow Warning|[of] p1a: Ninetales
|
|-weather|Hail|[upkeep]
|-damage|p2a: Tapu Lele|70/100|[from] Hail
|upkeep
|turn|25
|
|t:|1667321699
|switch|p1a: Zapdos|Zapdos|84/100
|move|p2a: Tapu Lele|Psychic|p1a: Zapdos
|-damage|p1a: Zapdos|0 fnt
|faint|p1a: Zapdos
|
|-weather|Hail|[upkeep]
|-damage|p2a: Tapu Lele|63/100|[from] Hail
|upkeep
|
|t:|1667321702
|switch|p1a: Arctozolt|Arctozolt|100/100
|turn|26
|
|t:|1667321712
|switch|p2a: Landorus|Landorus-Therian, M|66/100 tox
|-ability|p2a: Landorus|Intimidate|boost
|-unboost|p1a: Arctozolt|atk|1
|move|p1a: Arctozolt|Icicle Crash|p2a: Landorus
|-supereffective|p2a: Landorus
|-damage|p2a: Landorus|0 fnt
|faint|p2a: Landorus
|-damage|p1a: Arctozolt|91/100|[from] item: Life Orb
|
|-weather|Hail|[upkeep]
|upkeep
|
|t:|1667321726
|switch|p2a: Pelipper|Pelipper, F|45/100
|-weather|RainDance|[from] ability: Drizzle|[of] p2a: Pelipper
|turn|27
|
|t:|1667321732
|switch|p2a: Regieleki|Regieleki|100/100
|switch|p1a: Ninetales|Ninetales-Alola, M|76/100
|-weather|Hail|[from] ability: Snow Warning|[of] p1a: Ninetales
|
|-weather|Hail|[upkeep]
|-damage|p2a: Regieleki|95/100|[from] Hail
|upkeep
|turn|28
|inactive|Delibird Heart has 120 seconds left.
|inactive|Delibird Heart has 90 seconds left.
|inactive|Delibird Heart has 60 seconds left.
|
|t:|1667321823
|switch|p1a: Garchomp|Garchomp, M|87/100 slp
|move|p2a: Regieleki|Ancient Power|p1a: Garchomp
|-resisted|p1a: Garchomp
|-damage|p1a: Garchomp|79/100 slp
|
|-weather|Hail|[upkeep]
|-damage|p2a: Regieleki|89/100|[from] Hail
|-damage|p1a: Garchomp|72/100 slp|[from] Hail
|-fieldend|move: Psychic Terrain
|upkeep
|turn|29
|inactive|Delibird Heart has 60 seconds left.
|
|t:|1667321839
|switch|p2a: Pelipper|Pelipper, F|45/100
|-weather|RainDance|[from] ability: Drizzle|[of] p2a: Pelipper
|cant|p1a: Garchomp|slp
|
|-weather|RainDance|[upkeep]
|upkeep
|turn|30
|inactive|Delibird Heart has 60 seconds left.
|
|t:|1667321853
|cant|p1a: Garchomp|slp
|move|p2a: Pelipper|Hydro Pump|p1a: Garchomp
|-damage|p1a: Garchomp|2/100 slp
|
|-weather|RainDance|[upkeep]
|upkeep
|turn|31
|inactive|Delibird Heart has 60 seconds left.
|
|t:|1667321863
|-curestatus|p1a: Garchomp|slp|[msg]
|move|p1a: Garchomp|Stealth Rock|p2a: Pelipper
|-sidestart|p2: Shim-0N|move: Stealth Rock
|move|p2a: Pelipper|U-turn|p1a: Garchomp
|-damage|p1a: Garchomp|0 fnt
|-damage|p2a: Pelipper|33/100|[from] ability: Rough Skin|[of] p1a: Garchomp
|-damage|p2a: Pelipper|16/100|[from] item: Rocky Helmet|[of] p1a: Garchomp
|faint|p1a: Garchomp
|
|t:|1667321874
|switch|p2a: Barraskewda|Barraskewda, F|100/100|[from]move: U-turn
|-damage|p2a: Barraskewda|88/100|[from] Stealth Rock
|
|-weather|RainDance|[upkeep]
|upkeep
|
|t:|1667321879
|switch|p1a: Ninetales|Ninetales-Alola, M|76/100
|-weather|Hail|[from] ability: Snow Warning|[of] p1a: Ninetales
|turn|32
|
|t:|1667321884
|move|p2a: Barraskewda|Liquidation|p1a: Ninetales
|-damage|p1a: Ninetales|0 fnt
|faint|p1a: Ninetales
|
|-weather|Hail|[upkeep]
|-damage|p2a: Barraskewda|82/100|[from] Hail
|upkeep
|
|t:|1667321885
|switch|p1a: Arctozolt|Arctozolt|91/100
|turn|33
|
|t:|1667321894
|switch|p2a: Regieleki|Regieleki|89/100
|move|p1a: Arctozolt|Bolt Beak|p2a: Regieleki
|-resisted|p2a: Regieleki
|-damage|p2a: Regieleki|0 fnt
|faint|p2a: Regieleki
|-damage|p1a: Arctozolt|81/100|[from] item: Life Orb
|
|-weather|Hail|[upkeep]
|upkeep
|
|t:|1667321910
|switch|p2a: Tapu Lele|Tapu Lele|63/100
|-damage|p2a: Tapu Lele|51/100|[from] Stealth Rock
|-fieldstart|move: Psychic Terrain|[from] ability: Psychic Surge|[of] p2a: Tapu Lele
|turn|34
|
|t:|1667321916
|move|p1a: Arctozolt|Bolt Beak|p2a: Tapu Lele
|-damage|p2a: Tapu Lele|0 fnt
|faint|p2a: Tapu Lele
|-damage|p1a: Arctozolt|71/100|[from] item: Life Orb
|
|-weather|Hail|[upkeep]
|upkeep
|
|t:|1667321928
|switch|p2a: Barraskewda|Barraskewda, F|82/100
|-damage|p2a: Barraskewda|70/100|[from] Stealth Rock
|turn|35
|inactive|Delibird Heart has 120 seconds left.
|
|t:|1667321934
|switch|p2a: Pelipper|Pelipper, F|16/100
|-damage|p2a: Pelipper|0 fnt|[from] Stealth Rock
|faint|p2a: Pelipper
|move|p1a: Arctozolt|Freeze-Dry|p2: Pelipper|[notarget]
|-fail|p1a: Arctozolt
|
|-weather|Hail|[upkeep]
|upkeep
|
|t:|1667321943
|switch|p2a: Barraskewda|Barraskewda, F|70/100
|-damage|p2a: Barraskewda|58/100|[from] Stealth Rock
|turn|36
|
|t:|1667321947
|move|p1a: Arctozolt|Freeze-Dry|p2a: Barraskewda
|-supereffective|p2a: Barraskewda
|-damage|p2a: Barraskewda|0 fnt
|faint|p2a: Barraskewda
|-damage|p1a: Arctozolt|61/100|[from] item: Life Orb
|
|win|Delibird Heart
|raw|Delibird Heart's rating: 1704 &rarr; <strong>1720</strong><br />(+16 for winning)
|raw|Shim-0N's rating: 1639 &rarr; <strong>1623</strong><br />(-16 for losing)
|l|☆Shim-0N
|c|☆Delibird Heart|gg
