|j|☆yaboiAshK.
|j|☆Delibird Heart
|t:|1652488555
|gametype|singles
|player|p1|yaboiAshK.|ash-alola|1625
|player|p2|Delibird Heart|koga-gen1|1674
|teamsize|p1|6
|teamsize|p2|6
|gen|8
|tier|[Gen 8] OU
|rated|
|rule|Sleep Clause Mod: Limit one foe put to sleep
|rule|Species Clause: Limit one of each Pokémon
|rule|OHKO Clause: OHKO moves are banned
|rule|Evasion Moves Clause: Evasion moves are banned
|rule|Endless Battle Clause: Forcing endless battles is banned
|rule|HP Percentage Mod: HP is shown in percentages
|rule|Dynamax Clause: You cannot dynamax
|clearpoke
|poke|p1|Landorus-Therian, M|
|poke|p1|Weavile, M|
|poke|p1|Heatran, M|
|poke|p1|Zapdos|
|poke|p1|Urshifu-*, M|
|poke|p1|Tapu Bulu|
|poke|p2|Dragapult, M|
|poke|p2|Hippowdon, M|
|poke|p2|Zapdos|
|poke|p2|Clefable, M|
|poke|p2|Porygon-Z|
|poke|p2|Urshifu-*, F|
|teampreview
|inactive|Battle timer is ON: inactive players will automatically lose when time's up. (requested by Delibird Heart)
|inactive|yaboiAshK. also wants the timer to be on.
|
|t:|1652488566
|start
|switch|p1a: Yogi the Pooh|Urshifu-Rapid-Strike, M|100/100
|switch|p2a: Dragapult|Dragapult, M|100/100
|turn|1
|
|t:|1652488574
|switch|p1a: Tryhard|Heatran, M|100/100
|move|p2a: Dragapult|U-turn|p1a: Tryhard
|-resisted|p1a: Tryhard
|-damage|p1a: Tryhard|98/100
|
|t:|1652488578
|switch|p2a: Urshifu|Urshifu-Rapid-Strike, F|100/100|[from]move: U-turn
|
|-heal|p1a: Tryhard|100/100|[from] item: Leftovers
|upkeep
|turn|2
|
|t:|1652488587
|switch|p1a: Bullshit|Tapu Bulu|100/100
|-fieldstart|move: Grassy Terrain|[from] ability: Grassy Surge|[of] p1a: Bullshit
|move|p2a: Urshifu|U-turn|p1a: Bullshit
|-damage|p1a: Bullshit|73/100
|
|t:|1652488592
|switch|p2a: Zapdos|Zapdos|100/100|[from]move: U-turn
|
|-heal|p1a: Bullshit|79/100|[from] Grassy Terrain
|upkeep
|turn|3
|
|t:|1652488598
|switch|p1a: Fuckboy Lando|Landorus-Therian, M|100/100
|-ability|p1a: Fuckboy Lando|Intimidate|boost
|-unboost|p2a: Zapdos|atk|1
|switch|p2a: Hippowdon|Hippowdon, M|100/100
|-weather|Sandstorm|[from] ability: Sand Stream|[of] p2a: Hippowdon
|
|-weather|Sandstorm|[upkeep]
|upkeep
|turn|4
|
|t:|1652488608
|move|p1a: Fuckboy Lando|Toxic|p2a: Hippowdon|[miss]
|-miss|p1a: Fuckboy Lando|p2a: Hippowdon
|move|p2a: Hippowdon|Stealth Rock|p1a: Fuckboy Lando
|-sidestart|p1: yaboiAshK.|move: Stealth Rock
|
|-weather|Sandstorm|[upkeep]
|upkeep
|turn|5
|
|t:|1652488614
|move|p1a: Fuckboy Lando|U-turn|p2a: Hippowdon
|-damage|p2a: Hippowdon|90/100
|
|t:|1652488619
|switch|p1a: Yogi the Pooh|Urshifu-Rapid-Strike, M|100/100|[from]move: U-turn
|-damage|p1a: Yogi the Pooh|94/100|[from] Stealth Rock
|move|p2a: Hippowdon|Toxic|p1a: Yogi the Pooh
|-status|p1a: Yogi the Pooh|tox
|
|-weather|Sandstorm|[upkeep]
|-damage|p1a: Yogi the Pooh|88/100 tox|[from] Sandstorm
|-heal|p1a: Yogi the Pooh|94/100 tox|[from] Grassy Terrain
|-heal|p2a: Hippowdon|96/100|[from] Grassy Terrain
|-heal|p2a: Hippowdon|100/100|[from] item: Leftovers
|-damage|p1a: Yogi the Pooh|88/100 tox|[from] psn
|upkeep
|turn|6
|
|t:|1652488623
|switch|p2a: Zapdos|Zapdos|100/100
|move|p1a: Yogi the Pooh|U-turn|p2a: Zapdos
|-resisted|p2a: Zapdos
|-damage|p2a: Zapdos|92/100
|
|t:|1652488626
|switch|p1a: Mittens|Weavile, M|100/100|[from]move: U-turn
|-damage|p1a: Mittens|76/100|[from] Stealth Rock
|-ability|p1a: Mittens|Pressure
|
|-weather|Sandstorm|[upkeep]
|-damage|p1a: Mittens|70/100|[from] Sandstorm
|-damage|p2a: Zapdos|86/100|[from] Sandstorm
|-heal|p1a: Mittens|76/100|[from] Grassy Terrain
|-fieldend|move: Grassy Terrain
|upkeep
|turn|7
|
|t:|1652488632
|switch|p2a: Urshifu|Urshifu-Rapid-Strike, F|100/100
|move|p1a: Mittens|Triple Axel|p2a: Urshifu
|-resisted|p2a: Urshifu
|-damage|p2a: Urshifu|92/100
|-resisted|p2a: Urshifu
|-damage|p2a: Urshifu|74/100
|-resisted|p2a: Urshifu
|-damage|p2a: Urshifu|51/100
|-hitcount|p2a: Urshifu|3
|
|-weather|none
|upkeep
|turn|8
|j| Celtis
|
|t:|1652488647
|switch|p1a: Tryhard|Heatran, M|100/100
|-damage|p1a: Tryhard|88/100|[from] Stealth Rock
|move|p2a: Urshifu|Surging Strikes|p1a: Tryhard
|-supereffective|p1a: Tryhard
|-crit|p1a: Tryhard
|-damage|p1a: Tryhard|60/100
|-supereffective|p1a: Tryhard
|-crit|p1a: Tryhard
|-damage|p1a: Tryhard|32/100
|-status|p2a: Urshifu|brn|[from] ability: Flame Body|[of] p1a: Tryhard
|-supereffective|p1a: Tryhard
|-crit|p1a: Tryhard
|-damage|p1a: Tryhard|18/100
|-hitcount|p1a: Tryhard|3
|
|-heal|p1a: Tryhard|24/100|[from] item: Leftovers
|-damage|p2a: Urshifu|45/100 brn|[from] brn
|upkeep
|turn|9
|
|t:|1652488656
|switch|p1a: Bullshit|Tapu Bulu|79/100
|-damage|p1a: Bullshit|67/100|[from] Stealth Rock
|-fieldstart|move: Grassy Terrain|[from] ability: Grassy Surge|[of] p1a: Bullshit
|move|p2a: Urshifu|Surging Strikes|p1a: Bullshit
|-resisted|p1a: Bullshit
|-crit|p1a: Bullshit
|-damage|p1a: Bullshit|60/100
|-resisted|p1a: Bullshit
|-crit|p1a: Bullshit
|-damage|p1a: Bullshit|55/100
|-resisted|p1a: Bullshit
|-crit|p1a: Bullshit
|-damage|p1a: Bullshit|49/100
|-hitcount|p1a: Bullshit|3
|
|-heal|p2a: Urshifu|51/100 brn|[from] Grassy Terrain
|-heal|p1a: Bullshit|55/100|[from] Grassy Terrain
|-damage|p2a: Urshifu|45/100 brn|[from] brn
|upkeep
|turn|10
|
|t:|1652488661
|move|p2a: Urshifu|Surging Strikes|p1a: Bullshit
|-resisted|p1a: Bullshit
|-crit|p1a: Bullshit
|-damage|p1a: Bullshit|50/100
|-resisted|p1a: Bullshit
|-crit|p1a: Bullshit
|-damage|p1a: Bullshit|44/100
|-resisted|p1a: Bullshit
|-crit|p1a: Bullshit
|-damage|p1a: Bullshit|38/100
|-hitcount|p1a: Bullshit|3
|move|p1a: Bullshit|Stone Edge|p2a: Urshifu
|-resisted|p2a: Urshifu
|-damage|p2a: Urshifu|16/100 brn
|
|-heal|p2a: Urshifu|22/100 brn|[from] Grassy Terrain
|-heal|p1a: Bullshit|44/100|[from] Grassy Terrain
|-damage|p2a: Urshifu|16/100 brn|[from] brn
|upkeep
|turn|11
|
|t:|1652488672
|switch|p1a: Yogi the Pooh|Urshifu-Rapid-Strike, M|88/100 tox
|-damage|p1a: Yogi the Pooh|82/100 tox|[from] Stealth Rock
|move|p2a: Urshifu|Surging Strikes|p1a: Yogi the Pooh
|-resisted|p1a: Yogi the Pooh
|-crit|p1a: Yogi the Pooh
|-damage|p1a: Yogi the Pooh|77/100 tox
|-resisted|p1a: Yogi the Pooh
|-crit|p1a: Yogi the Pooh
|-damage|p1a: Yogi the Pooh|71/100 tox
|-resisted|p1a: Yogi the Pooh
|-crit|p1a: Yogi the Pooh
|-damage|p1a: Yogi the Pooh|66/100 tox
|-hitcount|p1a: Yogi the Pooh|3
|
|-heal|p1a: Yogi the Pooh|72/100 tox|[from] Grassy Terrain
|-heal|p2a: Urshifu|22/100 brn|[from] Grassy Terrain
|-damage|p1a: Yogi the Pooh|66/100 tox|[from] psn
|-damage|p2a: Urshifu|16/100 brn|[from] brn
|upkeep
|turn|12
|j| M0ng0l
|
|t:|1652488681
|switch|p2a: Zapdos|Zapdos|86/100
|move|p1a: Yogi the Pooh|Surging Strikes|p2a: Zapdos
|-crit|p2a: Zapdos
|-damage|p2a: Zapdos|72/100
|-crit|p2a: Zapdos
|-damage|p2a: Zapdos|58/100
|-crit|p2a: Zapdos
|-damage|p2a: Zapdos|44/100
|-hitcount|p2a: Zapdos|3
|
|-heal|p1a: Yogi the Pooh|72/100 tox|[from] Grassy Terrain
|-damage|p1a: Yogi the Pooh|60/100 tox|[from] psn
|upkeep
|turn|13
|
|t:|1652488686
|move|p1a: Yogi the Pooh|Surging Strikes|p2a: Zapdos
|-crit|p2a: Zapdos
|-damage|p2a: Zapdos|30/100
|-crit|p2a: Zapdos
|-damage|p2a: Zapdos|16/100
|-crit|p2a: Zapdos
|-damage|p2a: Zapdos|2/100
|-hitcount|p2a: Zapdos|3
|move|p2a: Zapdos|Roost|p2a: Zapdos
|-heal|p2a: Zapdos|52/100
|-singleturn|p2a: Zapdos|move: Roost
|
|-heal|p1a: Yogi the Pooh|66/100 tox|[from] Grassy Terrain
|-heal|p2a: Zapdos|58/100|[from] Grassy Terrain
|-damage|p1a: Yogi the Pooh|48/100 tox|[from] psn
|-fieldend|move: Grassy Terrain
|upkeep
|turn|14
|
|t:|1652488690
|switch|p1a: Fuckboy Lando|Landorus-Therian, M|100/100
|-damage|p1a: Fuckboy Lando|88/100|[from] Stealth Rock
|-ability|p1a: Fuckboy Lando|Intimidate|boost
|-unboost|p2a: Zapdos|atk|1
|move|p2a: Zapdos|Roost|p2a: Zapdos
|-heal|p2a: Zapdos|100/100
|-singleturn|p2a: Zapdos|move: Roost
|
|-heal|p1a: Fuckboy Lando|94/100|[from] item: Leftovers
|upkeep
|turn|15
|
|t:|1652488696
|switch|p2a: Bray-Z|Porygon-Z|100/100
|-ability|p2a: Bray-Z|Download|boost
|-boost|p2a: Bray-Z|atk|1
|move|p1a: Fuckboy Lando|Defog|p2a: Bray-Z
|-unboost|p2a: Bray-Z|evasion|1
|-sideend|p1: yaboiAshK.|Stealth Rock|[from] move: Defog|[of] p1a: Fuckboy Lando
|
|-heal|p1a: Fuckboy Lando|99/100|[from] item: Leftovers
|upkeep
|turn|16
|
|t:|1652488714
|switch|p1a: Tryhard|Heatran, M|24/100
|move|p2a: Bray-Z|Ice Beam|p1a: Tryhard
|-resisted|p1a: Tryhard
|-damage|p1a: Tryhard|15/100
|-damage|p2a: Bray-Z|91/100|[from] item: Life Orb
|
|-heal|p1a: Tryhard|21/100|[from] item: Leftovers
|upkeep
|turn|17
|j| agramon_loves_you
|
|t:|1652488726
|move|p2a: Bray-Z|Thunderbolt|p1a: Tryhard
|-damage|p1a: Tryhard|0 fnt
|faint|p1a: Tryhard
|-damage|p2a: Bray-Z|81/100|[from] item: Life Orb
|
|upkeep
|
|t:|1652488734
|switch|p1a: Mittens|Weavile, M|76/100
|-ability|p1a: Mittens|Pressure
|turn|18
|inactive|Delibird Heart has 120 seconds left.
|
|t:|1652488767
|switch|p2a: Urshifu|Urshifu-Rapid-Strike, F|16/100 brn
|move|p1a: Mittens|Triple Axel|p2a: Urshifu
|-resisted|p2a: Urshifu
|-damage|p2a: Urshifu|8/100 brn
|-resisted|p2a: Urshifu
|-damage|p2a: Urshifu|0 fnt
|faint|p2a: Urshifu
|-hitcount|p2: Urshifu|2
|
|upkeep
|
|t:|1652488771
|switch|p2a: Clefable|Clefable, M|100/100
|turn|19
|j| Lethal Clefairy
|
|t:|1652488776
|switch|p1a: Fuckboy Lando|Landorus-Therian, M|99/100
|-ability|p1a: Fuckboy Lando|Intimidate|boost
|-unboost|p2a: Clefable|atk|1
|move|p2a: Clefable|Teleport|p2a: Clefable
|
|t:|1652488781
|switch|p2a: Bray-Z|Porygon-Z|81/100|[from]move: Teleport
|-ability|p2a: Bray-Z|Download|boost
|-boost|p2a: Bray-Z|atk|1
|
|-heal|p1a: Fuckboy Lando|100/100|[from] item: Leftovers
|upkeep
|turn|20
|l| Lethal Clefairy
|inactive|Delibird Heart has 120 seconds left.
|
|t:|1652488802
|move|p2a: Bray-Z|Tri Attack|p1a: Fuckboy Lando
|-damage|p1a: Fuckboy Lando|56/100
|-damage|p2a: Bray-Z|71/100|[from] item: Life Orb
|move|p1a: Fuckboy Lando|Earthquake|p2a: Bray-Z
|-damage|p2a: Bray-Z|0 fnt
|faint|p2a: Bray-Z
|
|-heal|p1a: Fuckboy Lando|62/100|[from] item: Leftovers
|upkeep
|inactive|Delibird Heart has 120 seconds left.
|
|t:|1652488813
|switch|p2a: Dragapult|Dragapult, M|100/100
|turn|21
|inactive|Delibird Heart has 120 seconds left.
|
|t:|1652488825
|move|p2a: Dragapult|Draco Meteor|p1a: Fuckboy Lando
|-damage|p1a: Fuckboy Lando|0 fnt
|-unboost|p2a: Dragapult|spa|2
|faint|p1a: Fuckboy Lando
|
|upkeep
|
|t:|1652488829
|switch|p1a: Mittens|Weavile, M|76/100
|-ability|p1a: Mittens|Pressure
|turn|22
|
|t:|1652488836
|move|p2a: Dragapult|Draco Meteor|p1a: Mittens
|-damage|p1a: Mittens|14/100
|-unboost|p2a: Dragapult|spa|2
|move|p1a: Mittens|Triple Axel|p2a: Dragapult
|-supereffective|p2a: Dragapult
|-damage|p2a: Dragapult|51/100
|-supereffective|p2a: Dragapult
|-damage|p2a: Dragapult|0 fnt
|faint|p2a: Dragapult
|-hitcount|p2: Dragapult|2
|
|upkeep
|
|t:|1652488840
|switch|p2a: Clefable|Clefable, M|100/100
|turn|23
|
|t:|1652488852
|switch|p1a: Bullshit|Tapu Bulu|44/100
|-fieldstart|move: Grassy Terrain|[from] ability: Grassy Surge|[of] p1a: Bullshit
|move|p2a: Clefable|Moonblast|p1a: Bullshit
|-damage|p1a: Bullshit|1/100
|
|-heal|p1a: Bullshit|7/100|[from] Grassy Terrain
|upkeep
|turn|24
|
|t:|1652488858
|move|p1a: Bullshit|Horn Leech|p2a: Clefable
|-damage|p2a: Clefable|5/100
|-heal|p1a: Bullshit|73/100|[from] drain|[of] p2a: Clefable
|move|p2a: Clefable|Moonblast|p1a: Bullshit
|-damage|p1a: Bullshit|36/100
|
|-heal|p1a: Bullshit|42/100|[from] Grassy Terrain
|-heal|p2a: Clefable|11/100|[from] Grassy Terrain
|-heal|p2a: Clefable|17/100|[from] item: Leftovers
|upkeep
|turn|25
|-message|Delibird Heart forfeited.
|
|win|yaboiAshK.
|raw|yaboiAshK.'s rating: 1625 &rarr; <strong>1648</strong><br />(+23 for winning)
|raw|Delibird Heart's rating: 1674 &rarr; <strong>1651</strong><br />(-23 for losing)
|l|☆Delibird Heart
