|j|☆LiIIy
|j|☆BeastyJ157
|inactive|Battle timer is ON: inactive players will automatically lose when time's up.
|t:|1651005176
|gametype|singles
|player|p1|LiIIy|tuber|
|player|p2|BeastyJ157|skierf|
|teamsize|p1|6
|teamsize|p2|6
|gen|8
|tier|[Gen 8] OU
|rated|Tournament battle
|rule|Sleep Clause Mod: Limit one foe put to sleep
|rule|Species Clause: Limit one of each Pokémon
|rule|OHKO Clause: OHKO moves are banned
|rule|Evasion Moves Clause: Evasion moves are banned
|rule|Endless Battle Clause: Forcing endless battles is banned
|rule|HP Percentage Mod: HP is shown in percentages
|rule|Dynamax Clause: You cannot dynamax
|clearpoke
|poke|p1|Zygarde|
|poke|p1|Arctozolt|
|poke|p1|Ninetales-Alola, F|
|poke|p1|Abomasnow, F|
|poke|p1|Sandslash-Alola, M|
|poke|p1|Beartic, M|
|poke|p2|Dubwool, F|
|poke|p2|Ferrothorn, M|
|poke|p2|Zapdos|
|poke|p2|Urshifu-*, F|
|poke|p2|Tapu Lele|
|poke|p2|Zygarde|
|teampreview
|inactive|BeastyJ157 also wants the timer to be on.
|j| Ice type 4 ever
|j| SubmergedWater
|c| Ice type 4 ever|glhf
|j|%htcl (>◡<)
|inactive|BeastyJ157 has 120 seconds left.
|c|☆LiIIy|Dubwool bout to f me up
|c|☆BeastyJ157|im tempted to do something
|inactive|BeastyJ157 has 90 seconds left.
|c| Ice type 4 ever|Is that a mono ice team you cannibalised LiIIy?
|c|☆LiIIy|Maybe
|c| Ice type 4 ever|I'm in love
|inactive|BeastyJ157 has 60 seconds left.
|
|t:|1651005271
|start
|switch|p1a: Abomasnow|Abomasnow, F|100/100
|switch|p2a: Urshifu|Urshifu-Rapid-Strike, F|100/100
|-weather|Hail|[from] ability: Snow Warning|[of] p1a: Abomasnow
|turn|1
|inactive|BeastyJ157 has 120 seconds left.
|
|t:|1651005291
|move|p2a: Urshifu|Close Combat|p1a: Abomasnow
|-supereffective|p1a: Abomasnow
|-damage|p1a: Abomasnow|0 fnt
|-unboost|p2a: Urshifu|def|1
|-unboost|p2a: Urshifu|spd|1
|faint|p1a: Abomasnow
|
|-weather|Hail|[upkeep]
|-damage|p2a: Urshifu|94/100|[from] Hail
|upkeep
|
|t:|1651005294
|switch|p1a: Arctozolt|Arctozolt|100/100
|turn|2
|
|t:|1651005299
|switch|p2a: Dubwool|Dubwool, F|100/100
|move|p1a: Arctozolt|Substitute|p1a: Arctozolt
|-start|p1a: Arctozolt|Substitute
|-damage|p1a: Arctozolt|76/100
|
|-weather|Hail|[upkeep]
|-damage|p2a: Dubwool|94/100|[from] Hail
|-heal|p1a: Arctozolt|82/100|[from] item: Leftovers
|-heal|p2a: Dubwool|100/100|[from] item: Leftovers
|upkeep
|turn|3
|
|t:|1651005303
|move|p1a: Arctozolt|Bolt Beak|p2a: Dubwool
|-damage|p2a: Dubwool|74/100
|move|p2a: Dubwool|Cotton Guard|p2a: Dubwool
|-boost|p2a: Dubwool|def|3
|
|-weather|Hail|[upkeep]
|-damage|p2a: Dubwool|68/100|[from] Hail
|-heal|p1a: Arctozolt|88/100|[from] item: Leftovers
|-heal|p2a: Dubwool|74/100|[from] item: Leftovers
|upkeep
|turn|4
|c|☆BeastyJ157|LOL
|c|☆BeastyJ157|ATE
|c| Ice type 4 ever|ive arctozolt dragon dance
|
|t:|1651005320
|move|p1a: Arctozolt|Blizzard|p2a: Dubwool
|-damage|p2a: Dubwool|25/100
|move|p2a: Dubwool|Cotton Guard|p2a: Dubwool
|-boost|p2a: Dubwool|def|3
|
|-weather|Hail|[upkeep]
|-damage|p2a: Dubwool|19/100|[from] Hail
|-heal|p1a: Arctozolt|94/100|[from] item: Leftovers
|-heal|p2a: Dubwool|25/100|[from] item: Leftovers
|upkeep
|turn|5
|c|☆LiIIy|U were saying
|j| TheNewBrends11
|c|☆BeastyJ157|well
|c| Ice type 4 ever|ate lol
|c| Ice type 4 ever|ate death
|
|t:|1651005343
|switch|p2a: Ferrothorn|Ferrothorn, M|100/100
|move|p1a: Arctozolt|Blizzard|p2a: Ferrothorn
|-damage|p2a: Ferrothorn|75/100
|
|-weather|none
|-heal|p1a: Arctozolt|100/100|[from] item: Leftovers
|-heal|p2a: Ferrothorn|81/100|[from] item: Leftovers
|upkeep
|turn|6
|
|t:|1651005352
|move|p1a: Arctozolt|Low Kick|p2a: Ferrothorn
|-supereffective|p2a: Ferrothorn
|-damage|p2a: Ferrothorn|37/100
|-damage|p1a: Arctozolt|88/100|[from] ability: Iron Barbs|[of] p2a: Ferrothorn
|move|p2a: Ferrothorn|Power Whip|p1a: Arctozolt
|-end|p1a: Arctozolt|Substitute
|
|-heal|p1a: Arctozolt|94/100|[from] item: Leftovers
|-heal|p2a: Ferrothorn|44/100|[from] item: Leftovers
|upkeep
|turn|7
|
|t:|1651005365
|switch|p1a: Ninetales|Ninetales-Alola, F|100/100
|-weather|Hail|[from] ability: Snow Warning|[of] p1a: Ninetales
|switch|p2a: Zapdos|Zapdos|100/100
|
|-weather|Hail|[upkeep]
|-damage|p2a: Zapdos|94/100|[from] Hail
|upkeep
|turn|8
|
|t:|1651005371
|move|p1a: Ninetales|Aurora Veil|p1a: Ninetales
|-sidestart|p1: LiIIy|move: Aurora Veil
|move|p2a: Zapdos|Discharge|p1a: Ninetales
|-damage|p1a: Ninetales|79/100
|-status|p1a: Ninetales|par
|
|-weather|Hail|[upkeep]
|-damage|p2a: Zapdos|88/100|[from] Hail
|upkeep
|turn|9
|
|t:|1651005378
|switch|p1a: Arctozolt|Arctozolt|94/100
|move|p2a: Zapdos|Defog|p1a: Arctozolt
|-unboost|p1a: Arctozolt|evasion|1
|-sideend|p1: LiIIy|move: Aurora Veil
|
|-weather|Hail|[upkeep]
|-damage|p2a: Zapdos|82/100|[from] Hail
|-heal|p1a: Arctozolt|100/100|[from] item: Leftovers
|upkeep
|turn|10
|
|t:|1651005383
|move|p1a: Arctozolt|Blizzard|p2a: Zapdos
|-supereffective|p2a: Zapdos
|-damage|p2a: Zapdos|4/100
|move|p2a: Zapdos|Roost|p2a: Zapdos
|-heal|p2a: Zapdos|54/100
|-singleturn|p2a: Zapdos|move: Roost
|
|-weather|Hail|[upkeep]
|-damage|p2a: Zapdos|48/100|[from] Hail
|upkeep
|turn|11
|
|t:|1651005404
|switch|p2a: Ferrothorn|Ferrothorn, M|44/100
|move|p1a: Arctozolt|Blizzard|p2a: Ferrothorn
|-damage|p2a: Ferrothorn|20/100
|-status|p2a: Ferrothorn|frz
|
|-weather|Hail|[upkeep]
|-damage|p2a: Ferrothorn|13/100 frz|[from] Hail
|-heal|p2a: Ferrothorn|20/100 frz|[from] item: Leftovers
|upkeep
|turn|12
|
|t:|1651005410
|move|p1a: Arctozolt|Blizzard|p2a: Ferrothorn
|-damage|p2a: Ferrothorn|0 fnt
|faint|p2a: Ferrothorn
|
|-weather|Hail|[upkeep]
|upkeep
|c| Ice type 4 ever|lol
|
|t:|1651005421
|switch|p2a: Urshifu|Urshifu-Rapid-Strike, F|94/100
|turn|13
|
|t:|1651005428
|switch|p2a: Zygarde|Zygarde|100/100
|move|p1a: Arctozolt|Bolt Beak|p2a: Zygarde
|-immune|p2a: Zygarde
|
|-weather|Hail|[upkeep]
|-damage|p2a: Zygarde|94/100|[from] Hail
|-heal|p2a: Zygarde|100/100|[from] item: Leftovers
|upkeep
|turn|14
|
|t:|1651005431
|switch|p2a: Zapdos|Zapdos|48/100
|move|p1a: Arctozolt|Blizzard|p2a: Zapdos
|-supereffective|p2a: Zapdos
|-damage|p2a: Zapdos|0 fnt
|faint|p2a: Zapdos
|
|-weather|none
|upkeep
|
|t:|1651005433
|switch|p2a: Dubwool|Dubwool, F|25/100
|turn|15
|
|t:|1651005443
|move|p2a: Dubwool|Rest|p2a: Dubwool
|-status|p2a: Dubwool|slp|[from] move: Rest
|-heal|p2a: Dubwool|100/100 slp|[silent]
|move|p1a: Arctozolt|Blizzard|p2a: Dubwool
|-damage|p2a: Dubwool|53/100 slp
|
|-heal|p2a: Dubwool|59/100 slp|[from] item: Leftovers
|upkeep
|turn|16
|
|t:|1651005448
|switch|p1a: Ninetales|Ninetales-Alola, F|79/100 par
|-weather|Hail|[from] ability: Snow Warning|[of] p1a: Ninetales
|cant|p2a: Dubwool|slp
|move|p2a: Dubwool|Sleep Talk|p2a: Dubwool
|move|p2a: Dubwool|Body Press|p1a: Ninetales|[from]move: Sleep Talk
|-damage|p1a: Ninetales|40/100 par
|
|-weather|Hail|[upkeep]
|-damage|p2a: Dubwool|53/100 slp|[from] Hail
|-heal|p2a: Dubwool|59/100 slp|[from] item: Leftovers
|upkeep
|turn|17
|
|t:|1651005452
|cant|p2a: Dubwool|slp
|move|p2a: Dubwool|Sleep Talk|p2a: Dubwool
|move|p2a: Dubwool|Rest||[from]move: Sleep Talk|[still]
|-fail|p2a: Dubwool
|move|p1a: Ninetales|Blizzard|p2a: Dubwool
|-damage|p2a: Dubwool|7/100 slp
|
|-weather|Hail|[upkeep]
|-damage|p2a: Dubwool|1/100 slp|[from] Hail
|-heal|p2a: Dubwool|7/100 slp|[from] item: Leftovers
|upkeep
|turn|18
|
|t:|1651005472
|-curestatus|p2a: Dubwool|slp|[msg]
|move|p2a: Dubwool|Rest|p2a: Dubwool
|-status|p2a: Dubwool|slp|[from] move: Rest
|-heal|p2a: Dubwool|100/100 slp|[silent]
|move|p1a: Ninetales|Freeze-Dry|p2a: Dubwool
|-damage|p2a: Dubwool|70/100 slp
|
|-weather|Hail|[upkeep]
|-damage|p2a: Dubwool|64/100 slp|[from] Hail
|-heal|p2a: Dubwool|70/100 slp|[from] item: Leftovers
|upkeep
|turn|19
|c|☆LiIIy|Why is dubwool a whole ass threat
|
|t:|1651005481
|cant|p2a: Dubwool|slp
|move|p2a: Dubwool|Sleep Talk|p2a: Dubwool
|move|p2a: Dubwool|Body Press|p1a: Ninetales|[from]move: Sleep Talk
|-damage|p1a: Ninetales|0 fnt
|faint|p1a: Ninetales
|
|-weather|Hail|[upkeep]
|-damage|p2a: Dubwool|64/100 slp|[from] Hail
|-heal|p2a: Dubwool|70/100 slp|[from] item: Leftovers
|upkeep
|
|t:|1651005492
|switch|p1a: Arctozolt|Arctozolt|100/100
|turn|20
|
|t:|1651005500
|move|p1a: Arctozolt|Blizzard|p2a: Dubwool
|-damage|p2a: Dubwool|23/100 slp
|cant|p2a: Dubwool|slp
|move|p2a: Dubwool|Sleep Talk|p2a: Dubwool
|move|p2a: Dubwool|Cotton Guard|p2a: Dubwool|[from]move: Sleep Talk
|-boost|p2a: Dubwool|def|3
|
|-weather|Hail|[upkeep]
|-damage|p2a: Dubwool|17/100 slp|[from] Hail
|-heal|p2a: Dubwool|23/100 slp|[from] item: Leftovers
|upkeep
|turn|21
|
|t:|1651005511
|move|p1a: Arctozolt|Bolt Beak|p2a: Dubwool
|-damage|p2a: Dubwool|13/100 slp
|-curestatus|p2a: Dubwool|slp|[msg]
|move|p2a: Dubwool|Body Press|p1a: Arctozolt
|-supereffective|p1a: Arctozolt
|-damage|p1a: Arctozolt|0 fnt
|faint|p1a: Arctozolt
|
|-weather|Hail|[upkeep]
|-damage|p2a: Dubwool|7/100|[from] Hail
|-heal|p2a: Dubwool|13/100|[from] item: Leftovers
|upkeep
|c|☆BeastyJ157|bruh
|c|☆BeastyJ157|w mon
|
|t:|1651005522
|switch|p1a: Beartic|Beartic, M|100/100
|turn|22
|
|t:|1651005525
|move|p1a: Beartic|Superpower|p2a: Dubwool
|-supereffective|p2a: Dubwool
|-damage|p2a: Dubwool|0 fnt
|-unboost|p1a: Beartic|atk|1
|-unboost|p1a: Beartic|def|1
|faint|p2a: Dubwool
|-damage|p1a: Beartic|91/100|[from] item: Life Orb
|
|-weather|Hail|[upkeep]
|upkeep
|
|t:|1651005535
|switch|p2a: Urshifu|Urshifu-Rapid-Strike, F|94/100
|turn|23
|
|t:|1651005537
|move|p1a: Beartic|Superpower|p2a: Urshifu
|-damage|p2a: Urshifu|60/100
|-unboost|p1a: Beartic|atk|1
|-unboost|p1a: Beartic|def|1
|-damage|p1a: Beartic|81/100|[from] item: Life Orb
|move|p2a: Urshifu|Surging Strikes|p1a: Beartic
|-crit|p1a: Beartic
|-damage|p1a: Beartic|4/100
|-crit|p1a: Beartic
|-damage|p1a: Beartic|0 fnt
|faint|p1a: Beartic
|-hitcount|p1: Beartic|2
|
|-weather|none
|upkeep
|
|t:|1651005542
|switch|p1a: Zygarde|Zygarde|100/100
|turn|24
|
|t:|1651005545
|move|p2a: Urshifu|Surging Strikes|p1a: Zygarde
|-crit|p1a: Zygarde
|-damage|p1a: Zygarde|78/100
|-crit|p1a: Zygarde
|-damage|p1a: Zygarde|52/100
|-crit|p1a: Zygarde
|-damage|p1a: Zygarde|27/100
|-hitcount|p1a: Zygarde|3
|move|p1a: Zygarde|Dragon Dance|p1a: Zygarde
|-boost|p1a: Zygarde|atk|1
|-boost|p1a: Zygarde|spe|1
|
|-heal|p1a: Zygarde|33/100|[from] item: Leftovers
|-activate|p1a: Zygarde|ability: Power Construct
|detailschange|p1a: Zygarde|Zygarde-Complete
|-heal|p1a: Zygarde|58/100|[silent]
|upkeep
|turn|25
|
|t:|1651005551
|move|p1a: Zygarde|Dragon Dance|p1a: Zygarde
|-boost|p1a: Zygarde|atk|1
|-boost|p1a: Zygarde|spe|1
|move|p2a: Urshifu|Surging Strikes|p1a: Zygarde
|-crit|p1a: Zygarde
|-damage|p1a: Zygarde|44/100
|-crit|p1a: Zygarde
|-damage|p1a: Zygarde|28/100
|-crit|p1a: Zygarde
|-damage|p1a: Zygarde|13/100
|-hitcount|p1a: Zygarde|3
|
|-heal|p1a: Zygarde|19/100|[from] item: Leftovers
|upkeep
|turn|26
|
|t:|1651005558
|switch|p2a: Tapu Lele|Tapu Lele|100/100
|-fieldstart|move: Psychic Terrain|[from] ability: Psychic Surge|[of] p2a: Tapu Lele
|move|p1a: Zygarde|Thousand Arrows|p2a: Tapu Lele
|-damage|p2a: Tapu Lele|0 fnt
|faint|p2a: Tapu Lele
|
|-heal|p1a: Zygarde|25/100|[from] item: Leftovers
|upkeep
|
|t:|1651005562
|switch|p2a: Zygarde|Zygarde|100/100
|turn|27
|c|☆LiIIy|Gg
|c|☆LiIIy|Wouldve won with outrage lmao
|inactive|BeastyJ157 has 120 seconds left.
|
|t:|1651005597
|move|p1a: Zygarde|Thousand Arrows|p2a: Zygarde
|-damage|p2a: Zygarde|42/100
|move|p2a: Zygarde|Glare|p1a: Zygarde
|-status|p1a: Zygarde|par
|
|-heal|p2a: Zygarde|48/100|[from] item: Leftovers
|-heal|p1a: Zygarde|32/100 par|[from] item: Leftovers
|-activate|p2a: Zygarde|ability: Power Construct
|detailschange|p2a: Zygarde|Zygarde-Complete
|-heal|p2a: Zygarde|68/100|[silent]
|upkeep
|turn|28
|inactive|BeastyJ157 has 120 seconds left.
|
|t:|1651005611
|move|p1a: Zygarde|Thousand Arrows|p2a: Zygarde
|-damage|p2a: Zygarde|26/100
|move|p2a: Zygarde|Dragon Dance|p2a: Zygarde
|-boost|p2a: Zygarde|atk|1
|-boost|p2a: Zygarde|spe|1
|
|-heal|p2a: Zygarde|33/100|[from] item: Leftovers
|-heal|p1a: Zygarde|38/100 par|[from] item: Leftovers
|upkeep
|turn|29
|
|t:|1651005616
|move|p2a: Zygarde|Thousand Arrows|p1a: Zygarde
|-crit|p1a: Zygarde
|-damage|p1a: Zygarde|0 fnt
|faint|p1a: Zygarde
|
|-heal|p2a: Zygarde|39/100|[from] item: Leftovers
|upkeep
|
|t:|1651005619
|switch|p1a: Sandslash|Sandslash-Alola, M|100/100
|turn|30
|
|t:|1651005624
|move|p2a: Zygarde|Thousand Arrows|p1a: Sandslash
|-supereffective|p1a: Sandslash
|-damage|p1a: Sandslash|0 fnt
|faint|p1a: Sandslash
|
|win|BeastyJ157
|n|☆LiIIy|liiiy
|n|☆BeastyJ157|beastyj157
|n| Ice type 4 ever|icetype4ever
|n| SubmergedWater|submergedwater
|n| htcl (>◡<)|htcl
|n| TheNewBrends11|thenewbrends11
|c|☆BeastyJ157|gg
