|j|☆Pok et glace
|j|☆Jonas100t~
|inactive|Battle timer is ON: inactive players will automatically lose when time's up.
|t:|1663499678
|gametype|singles
|player|p1|Pok et glace|cynthia-masters|
|player|p2|Jonas100t~|102|
|teamsize|p1|3
|teamsize|p2|3
|gen|8
|tier|[Gen 8] OU
|rated|Tournament battle
|rule|Sleep Clause Mod: Limit one foe put to sleep
|rule|Species Clause: Limit one of each Pokémon
|rule|OHKO Clause: OHKO moves are banned
|rule|Evasion Items Clause: Evasion items are banned
|rule|Evasion Moves Clause: Evasion moves are banned
|rule|Endless Battle Clause: Forcing endless battles is banned
|rule|HP Percentage Mod: HP is shown in percentages
|rule|Dynamax Clause: You cannot dynamax
|clearpoke
|poke|p1|Snorlax, M|
|poke|p1|Escavalier, F|
|poke|p1|Claydol|
|poke|p2|Thwackey, F|
|poke|p2|Volcarona, F|
|poke|p2|Barbaracle, F|
|teampreview
|j|*Lady Monita
|c|☆Pok et glace|hf
|
|t:|1663499695
|start
|switch|p1a: Claydol|Claydol|100/100
|switch|p2a: Barbaracle|Barbaracle, F|100/100
|turn|1
|
|t:|1663499698
|move|p2a: Barbaracle|Shell Smash|p2a: Barbaracle
|-unboost|p2a: Barbaracle|def|1
|-unboost|p2a: Barbaracle|spd|1
|-boost|p2a: Barbaracle|atk|2
|-boost|p2a: Barbaracle|spa|2
|-boost|p2a: Barbaracle|spe|2
|move|p1a: Claydol|Earth Power|p2a: Barbaracle
|-supereffective|p2a: Barbaracle
|-damage|p2a: Barbaracle|2/100
|
|upkeep
|turn|2
|
|t:|1663499703
|move|p2a: Barbaracle|Liquidation|p1a: Claydol
|-supereffective|p1a: Claydol
|-crit|p1a: Claydol
|-damage|p1a: Claydol|0 fnt
|faint|p1a: Claydol
|
|upkeep
|j| Prc11
|
|t:|1663499706
|switch|p1a: Escavalier|Escavalier, F|100/100
|turn|3
|
|t:|1663499708
|move|p2a: Barbaracle|Liquidation|p1a: Escavalier
|-damage|p1a: Escavalier|2/100
|-unboost|p1a: Escavalier|def|1
|move|p1a: Escavalier|Knock Off|p2a: Barbaracle
|-damage|p2a: Barbaracle|0 fnt
|-enditem|p2a: Barbaracle|Focus Sash|[from] move: Knock Off|[of] p1a: Escavalier
|faint|p2a: Barbaracle
|
|-heal|p1a: Escavalier|8/100|[from] item: Leftovers
|upkeep
|
|t:|1663499717
|switch|p2a: Volcarona|Volcarona, F|100/100
|turn|4
|
|t:|1663499719
|switch|p1a: Snorlax|Snorlax, M|100/100
|move|p2a: Volcarona|Fiery Dance|p1a: Snorlax
|-damage|p1a: Snorlax|87/100
|-boost|p2a: Volcarona|spa|1
|
|-heal|p1a: Snorlax|93/100|[from] item: Leftovers
|upkeep
|turn|5
|
|t:|1663499723
|switch|p2a: Thwackey|Thwackey, F|100/100
|-fieldstart|move: Grassy Terrain|[from] ability: Grassy Surge|[of] p2a: Thwackey
|move|p1a: Snorlax|Curse|p1a: Snorlax
|-unboost|p1a: Snorlax|spe|1
|-boost|p1a: Snorlax|atk|1
|-boost|p1a: Snorlax|def|1
|
|-heal|p1a: Snorlax|99/100|[from] Grassy Terrain
|-heal|p1a: Snorlax|100/100|[from] item: Leftovers
|upkeep
|turn|6
|
|t:|1663499728
|move|p2a: Thwackey|Drain Punch|p1a: Snorlax
|-supereffective|p1a: Snorlax
|-damage|p1a: Snorlax|70/100
|move|p1a: Snorlax|Curse|p1a: Snorlax
|-unboost|p1a: Snorlax|spe|1
|-boost|p1a: Snorlax|atk|1
|-boost|p1a: Snorlax|def|1
|
|-heal|p1a: Snorlax|76/100|[from] Grassy Terrain
|-heal|p1a: Snorlax|82/100|[from] item: Leftovers
|upkeep
|turn|7
|
|t:|1663499732
|switch|p2a: Volcarona|Volcarona, F|100/100
|move|p1a: Snorlax|Body Slam|p2a: Volcarona
|-damage|p2a: Volcarona|0 fnt
|faint|p2a: Volcarona
|
|-heal|p1a: Snorlax|88/100|[from] Grassy Terrain
|-heal|p1a: Snorlax|94/100|[from] item: Leftovers
|upkeep
|
|t:|1663499734
|switch|p2a: Thwackey|Thwackey, F|100/100
|turn|8
|j| t1a2n3i4s5h6
|
|t:|1663499741
|move|p2a: Thwackey|Drain Punch|p1a: Snorlax
|-supereffective|p1a: Snorlax
|-damage|p1a: Snorlax|70/100
|move|p1a: Snorlax|Body Slam|p2a: Thwackey
|-damage|p2a: Thwackey|0 fnt
|faint|p2a: Thwackey
|
|win|Pok et glace
|n|☆Pok et glace|poketglace
|n|☆Jonas100t~|jonas100t
|n|*Lady Monita|ladymonita
|n| Prc11|prc11
|n| t1a2n3i4s5h6|t1a2n3i4s5h6
