|j|☆Storm Zone
|j|☆TheLindomar
|player|p1|Storm Zone|zinnia|1798
|player|p2|TheLindomar|163|1680
|teamsize|p1|6
|teamsize|p2|6
|gametype|singles
|gen|8
|tier|[Gen 8] OU
|rated|
|clearpoke
|poke|p1|Torkoal, M|
|poke|p1|Shiftry, M|
|poke|p1|Dugtrio, M|
|poke|p1|Durant, M|
|poke|p1|Cinderace, M|
|poke|p1|Togekiss, M|
|poke|p2|Crawdaunt, M|
|poke|p2|Kommo-o, M|
|poke|p2|Corviknight, M|
|poke|p2|Rotom-Mow|
|poke|p2|Claydol|
|poke|p2|Togekiss, M|
|rule|Sleep Clause Mod: Limit one foe put to sleep
|rule|Species Clause: Limit one of each Pokémon
|rule|OHKO Clause: OHKO moves are banned
|rule|Evasion Moves Clause: Evasion moves are banned
|rule|Endless Battle Clause: Forcing endless battles is banned
|rule|HP Percentage Mod: HP is shown in percentages
|rule|Dynamax Clause: You cannot dynamax
|teampreview
|inactive|Battle timer is ON: inactive players will automatically lose when time's up. (requested by TheLindomar)
|j| Oemmel
|inactive|Storm Zone has 120 seconds left.
|inactive|Storm Zone has 90 seconds left.
|
|start
|switch|p1a: Kazame|Torkoal, M|100/100
|switch|p2a: ORACLE|Claydol|100/100
|-weather|SunnyDay|[from] ability: Drought|[of] p1a: Kazame
|turn|1
|
|move|p2a: ORACLE|Earth Power|p1a: Kazame
|-supereffective|p1a: Kazame
|-damage|p1a: Kazame|6/100
|move|p1a: Kazame|Stealth Rock|p2a: ORACLE
|-sidestart|p2: TheLindomar|move: Stealth Rock
|
|-weather|SunnyDay|[upkeep]
|upkeep
|turn|2
|
|switch|p1a: Cl0ud n1n3|Togekiss, M|100/100
|move|p2a: ORACLE|Future Sight|p1a: Cl0ud n1n3
|-start|p2a: ORACLE|move: Future Sight
|
|-weather|SunnyDay|[upkeep]
|upkeep
|turn|3
|
|switch|p1a: Liberacy|Cinderace, M|100/100
|move|p2a: ORACLE|Ice Beam|p1a: Liberacy
|-resisted|p1a: Liberacy
|-damage|p1a: Liberacy|85/100
|
|-weather|SunnyDay|[upkeep]
|upkeep
|turn|4
|
|move|p1a: Liberacy|Pyro Ball|p2a: ORACLE
|-damage|p2a: ORACLE|0 fnt
|faint|p2a: ORACLE
|
|-weather|SunnyDay|[upkeep]
|-end|p1a: Liberacy|move: Future Sight
|-damage|p1a: Liberacy|18/100
|upkeep
|
|switch|p2a: ANKYLOZORD|Kommo-o, M, shiny|100/100
|-damage|p2a: ANKYLOZORD|95/100|[from] Stealth Rock
|turn|5
|
|switch|p1a: Cl0ud n1n3|Togekiss, M|100/100
|move|p2a: ANKYLOZORD|Stealth Rock|p1a: Cl0ud n1n3
|-sidestart|p1: Storm Zone|move: Stealth Rock
|
|-weather|SunnyDay|[upkeep]
|-heal|p2a: ANKYLOZORD|100/100|[from] item: Leftovers
|upkeep
|turn|6
|
|switch|p2a: WHIS|Togekiss, M|100/100
|move|p1a: Cl0ud n1n3|Mystical Fire|p2a: WHIS
|-damage|p2a: WHIS|70/100
|-unboost|p2a: WHIS|spa|1
|
|-weather|SunnyDay|[upkeep]
|upkeep
|turn|7
|
|move|p1a: Cl0ud n1n3|Mystical Fire|p2a: WHIS
|-damage|p2a: WHIS|41/100
|-unboost|p2a: WHIS|spa|1
|move|p2a: WHIS|Air Slash|p1a: Cl0ud n1n3
|-damage|p1a: Cl0ud n1n3|86/100
|
|-weather|SunnyDay|[upkeep]
|upkeep
|turn|8
|
|move|p1a: Cl0ud n1n3|Mystical Fire|p2a: WHIS
|-damage|p2a: WHIS|11/100
|-unboost|p2a: WHIS|spa|1
|move|p2a: WHIS|Morning Sun|p2a: WHIS
|-heal|p2a: WHIS|78/100
|
|-weather|none
|upkeep
|turn|9
|
|move|p1a: Cl0ud n1n3|Mystical Fire|p2a: WHIS
|-damage|p2a: WHIS|57/100
|-unboost|p2a: WHIS|spa|1
|move|p2a: WHIS|Nasty Plot|p2a: WHIS
|-boost|p2a: WHIS|spa|2
|
|upkeep
|turn|10
|
|switch|p1a: Predator|Durant, M|100/100
|-damage|p1a: Predator|88/100|[from] Stealth Rock
|move|p2a: WHIS|Flamethrower|p1a: Predator
|-supereffective|p1a: Predator
|-damage|p1a: Predator|0 fnt
|faint|p1a: Predator
|
|upkeep
|
|switch|p1a: Son of Hades|Dugtrio, M|100/100
|-damage|p1a: Son of Hades|94/100|[from] Stealth Rock
|turn|11
|
|switch|p2a: ANKYLOZORD|Kommo-o, M, shiny|100/100
|-damage|p2a: ANKYLOZORD|95/100|[from] Stealth Rock
|move|p1a: Son of Hades|Stone Edge|p2a: ANKYLOZORD
|-resisted|p2a: ANKYLOZORD
|-crit|p2a: ANKYLOZORD
|-damage|p2a: ANKYLOZORD|81/100
|
|-heal|p2a: ANKYLOZORD|87/100|[from] item: Leftovers
|upkeep
|turn|12
|c|☆Storm Zone|ggs bro
|-message|Storm Zone forfeited.
|
|win|TheLindomar
|l|☆Storm Zone
|l| Oemmel
|c|☆TheLindomar|gg
