|raw|<div class="broadcast-blue"><strong>This battle is required to be public due to a player having a name starting with 'lt82zw'.</div>
|j|☆LT82ZW MimiQutie
|j|☆Kanye is batman
|t:|1626160802
|gametype|singles
|player|p1|LT82ZW MimiQutie|will|1640
|player|p2|Kanye is batman|silver|1681
|teamsize|p1|6
|teamsize|p2|6
|gen|8
|tier|[Gen 8] OU
|rated|
|rule|Sleep Clause Mod: Limit one foe put to sleep
|rule|Species Clause: Limit one of each Pokémon
|rule|OHKO Clause: OHKO moves are banned
|rule|Evasion Moves Clause: Evasion moves are banned
|rule|Endless Battle Clause: Forcing endless battles is banned
|rule|HP Percentage Mod: HP is shown in percentages
|rule|Dynamax Clause: You cannot dynamax
|clearpoke
|poke|p1|Landorus-Therian, M|
|poke|p1|Weavile, M|
|poke|p1|Volcarona, M|
|poke|p1|Rillaboom, F|
|poke|p1|Melmetal|
|poke|p1|Dragapult, M|
|poke|p2|Pelipper, M|
|poke|p2|Barraskewda, F|
|poke|p2|Ferrothorn, F|
|poke|p2|Seismitoad, M|
|poke|p2|Tapu Koko|
|poke|p2|Tornadus-Therian, M|
|teampreview
|inactive|Battle timer is ON: inactive players will automatically lose when time's up. (requested by LT82ZW MimiQutie)
|
|t:|1626160807
|start
|switch|p1a: Landorus|Landorus-Therian, M|100/100
|switch|p2a: Big Gulp sponsor|Pelipper, M|100/100
|-ability|p1a: Landorus|Intimidate|boost
|-unboost|p2a: Big Gulp sponsor|atk|1
|-weather|RainDance|[from] ability: Drizzle|[of] p2a: Big Gulp sponsor
|turn|1
|j| Machineraptor
|
|t:|1626160817
|move|p1a: Landorus|Stealth Rock|p2a: Big Gulp sponsor
|-sidestart|p2: Kanye is batman|move: Stealth Rock
|move|p2a: Big Gulp sponsor|Scald|p1a: Landorus
|-supereffective|p1a: Landorus
|-damage|p1a: Landorus|20/100
|
|-weather|RainDance|[upkeep]
|-heal|p1a: Landorus|26/100|[from] item: Leftovers
|upkeep
|turn|2
|
|t:|1626160821
|move|p1a: Landorus|U-turn|p2a: Big Gulp sponsor
|-resisted|p2a: Big Gulp sponsor
|-damage|p2a: Big Gulp sponsor|92/100
|
|t:|1626160826
|switch|p1a: Melmetal|Melmetal|100/100|[from]move: U-turn
|move|p2a: Big Gulp sponsor|Defog|p1a: Melmetal
|-unboost|p1a: Melmetal|evasion|1
|-sideend|p2: Kanye is batman|Stealth Rock|[from] move: Defog|[of] p2a: Big Gulp sponsor
|
|-weather|RainDance|[upkeep]
|upkeep
|turn|3
|
|t:|1626160829
|move|p2a: Big Gulp sponsor|U-turn|p1a: Melmetal
|-resisted|p1a: Melmetal
|-damage|p1a: Melmetal|99/100
|
|t:|1626160832
|switch|p2a: Hates rain|Ferrothorn, F|100/100|[from]move: U-turn
|move|p1a: Melmetal|Thunder Punch|p2a: Hates rain
|-resisted|p2a: Hates rain
|-damage|p2a: Hates rain|91/100
|-status|p2a: Hates rain|par
|-damage|p1a: Melmetal|87/100|[from] ability: Iron Barbs|[of] p2a: Hates rain
|
|-weather|RainDance|[upkeep]
|-heal|p2a: Hates rain|97/100 par|[from] item: Leftovers
|upkeep
|turn|4
|
|t:|1626160839
|switch|p1a: Volcarona|Volcarona, M|100/100
|move|p2a: Hates rain|Spikes|p1a: Volcarona
|-sidestart|p1: LT82ZW MimiQutie|Spikes
|
|-weather|RainDance|[upkeep]
|-heal|p2a: Hates rain|100/100 par|[from] item: Leftovers
|upkeep
|turn|5
|
|t:|1626160843
|switch|p2a: One fish two fish|Barraskewda, F|100/100
|move|p1a: Volcarona|Bug Buzz|p2a: One fish two fish
|-damage|p2a: One fish two fish|0 fnt
|faint|p2a: One fish two fish
|
|-weather|RainDance|[upkeep]
|upkeep
|
|t:|1626160846
|switch|p2a: Agent ¥|Seismitoad, M|100/100
|turn|6
|
|t:|1626160855
|switch|p1a: Landorus|Landorus-Therian, M|26/100
|-ability|p1a: Landorus|Intimidate|boost
|-unboost|p2a: Agent ¥|atk|1
|move|p2a: Agent ¥|Sludge Wave|p1a: Landorus
|-resisted|p1a: Landorus
|-damage|p1a: Landorus|7/100
|-damage|p2a: Agent ¥|91/100|[from] item: Life Orb
|
|-weather|RainDance|[upkeep]
|-heal|p1a: Landorus|13/100|[from] item: Leftovers
|upkeep
|turn|7
|
|t:|1626160861
|move|p2a: Agent ¥|Surf|p1a: Landorus
|-supereffective|p1a: Landorus
|-damage|p1a: Landorus|0 fnt
|faint|p1a: Landorus
|-damage|p2a: Agent ¥|81/100|[from] item: Life Orb
|
|-weather|RainDance|[upkeep]
|upkeep
|
|t:|1626160866
|switch|p1a: Rillaboom|Rillaboom, F|100/100
|-damage|p1a: Rillaboom|88/100|[from] Spikes
|-fieldstart|move: Grassy Terrain|[from] ability: Grassy Surge|[of] p1a: Rillaboom
|turn|8
|
|t:|1626160870
|switch|p2a: Tornadus|Tornadus-Therian, M|100/100
|move|p1a: Rillaboom|Swords Dance|p1a: Rillaboom
|-boost|p1a: Rillaboom|atk|2
|
|-weather|none
|-heal|p1a: Rillaboom|94/100|[from] Grassy Terrain
|upkeep
|turn|9
|
|t:|1626160878
|move|p2a: Tornadus|Hurricane|p1a: Rillaboom
|-supereffective|p1a: Rillaboom
|-damage|p1a: Rillaboom|0 fnt
|faint|p1a: Rillaboom
|
|upkeep
|
|t:|1626160893
|switch|p1a: Melmetal|Melmetal|87/100
|-damage|p1a: Melmetal|74/100|[from] Spikes
|turn|10
|
|t:|1626160901
|move|p2a: Tornadus|U-turn|p1a: Melmetal
|-resisted|p1a: Melmetal
|-damage|p1a: Melmetal|70/100
|
|t:|1626160904
|switch|p2a: Big Gulp sponsor|Pelipper, M|92/100|[from]move: U-turn
|-weather|RainDance|[from] ability: Drizzle|[of] p2a: Big Gulp sponsor
|move|p1a: Melmetal|Ice Punch|p2a: Big Gulp sponsor
|-damage|p2a: Big Gulp sponsor|69/100
|
|-weather|RainDance|[upkeep]
|-heal|p1a: Melmetal|76/100|[from] Grassy Terrain
|upkeep
|turn|11
|
|t:|1626160910
|move|p2a: Big Gulp sponsor|Scald|p1a: Melmetal
|-damage|p1a: Melmetal|57/100
|move|p1a: Melmetal|Thunder Punch|p2a: Big Gulp sponsor
|-supereffective|p2a: Big Gulp sponsor
|-damage|p2a: Big Gulp sponsor|0 fnt
|faint|p2a: Big Gulp sponsor
|
|-weather|RainDance|[upkeep]
|-heal|p1a: Melmetal|63/100|[from] Grassy Terrain
|upkeep
|
|t:|1626160916
|switch|p2a: Agent ¥|Seismitoad, M|81/100
|turn|12
|
|t:|1626160938
|move|p2a: Agent ¥|Earth Power|p1a: Melmetal
|-supereffective|p1a: Melmetal
|-damage|p1a: Melmetal|15/100
|-damage|p2a: Agent ¥|71/100|[from] item: Life Orb
|move|p1a: Melmetal|High Horsepower|p2a: Agent ¥
|-damage|p2a: Agent ¥|33/100
|
|-weather|RainDance|[upkeep]
|-heal|p2a: Agent ¥|39/100|[from] Grassy Terrain
|-heal|p1a: Melmetal|21/100|[from] Grassy Terrain
|-fieldend|move: Grassy Terrain
|upkeep
|turn|13
|
|t:|1626160946
|move|p2a: Agent ¥|Earth Power|p1a: Melmetal
|-supereffective|p1a: Melmetal
|-damage|p1a: Melmetal|0 fnt
|faint|p1a: Melmetal
|-damage|p2a: Agent ¥|29/100|[from] item: Life Orb
|
|-weather|RainDance|[upkeep]
|upkeep
|
|t:|1626160952
|switch|p1a: Weavile|Weavile, M|100/100
|-damage|p1a: Weavile|88/100|[from] Spikes
|-ability|p1a: Weavile|Pressure
|turn|14
|
|t:|1626160960
|switch|p2a: Hates rain|Ferrothorn, F|100/100 par
|move|p1a: Weavile|Ice Shard|p2a: Hates rain
|-damage|p2a: Hates rain|83/100 par
|-damage|p1a: Weavile|78/100|[from] item: Life Orb
|
|-weather|RainDance|[upkeep]
|-heal|p2a: Hates rain|90/100 par|[from] item: Leftovers
|upkeep
|turn|15
|
|t:|1626160963
|switch|p1a: Volcarona|Volcarona, M|100/100
|switch|p2a: Tornadus|Tornadus-Therian, M|100/100
|
|-weather|RainDance|[upkeep]
|upkeep
|turn|16
|
|t:|1626160970
|switch|p1a: Weavile|Weavile, M|78/100
|-damage|p1a: Weavile|66/100|[from] Spikes
|-ability|p1a: Weavile|Pressure
|move|p2a: Tornadus|Hurricane|p1a: Weavile
|-damage|p1a: Weavile|12/100
|-start|p1a: Weavile|confusion
|
|-weather|RainDance|[upkeep]
|upkeep
|turn|17
|
|t:|1626160975
|move|p2a: Tornadus|U-turn|p1a: Weavile
|-supereffective|p1a: Weavile
|-damage|p1a: Weavile|0 fnt
|faint|p1a: Weavile
|
|t:|1626160980
|switch|p2a: Agent ¥|Seismitoad, M|29/100|[from]move: U-turn
|
|-weather|none
|upkeep
|
|t:|1626160988
|switch|p1a: Volcarona|Volcarona, M|100/100
|turn|18
|
|t:|1626160993
|move|p1a: Volcarona|Quiver Dance|p1a: Volcarona
|-boost|p1a: Volcarona|spa|1
|-boost|p1a: Volcarona|spd|1
|-boost|p1a: Volcarona|spe|1
|move|p2a: Agent ¥|Surf|p1a: Volcarona
|-supereffective|p1a: Volcarona
|-damage|p1a: Volcarona|25/100
|-damage|p2a: Agent ¥|19/100|[from] item: Life Orb
|
|upkeep
|turn|19
|
|t:|1626160997
|move|p1a: Volcarona|Bug Buzz|p2a: Agent ¥
|-damage|p2a: Agent ¥|0 fnt
|faint|p2a: Agent ¥
|
|upkeep
|
|t:|1626161001
|switch|p2a: Tornadus|Tornadus-Therian, M|100/100
|turn|20
|
|t:|1626161005
|move|p1a: Volcarona|Flamethrower|p2a: Tornadus
|-damage|p2a: Tornadus|26/100
|move|p2a: Tornadus|Hurricane|p1a: Volcarona
|-supereffective|p1a: Volcarona
|-damage|p1a: Volcarona|0 fnt
|faint|p1a: Volcarona
|
|upkeep
|
|t:|1626161008
|switch|p1a: Dragapult|Dragapult, M|100/100
|-damage|p1a: Dragapult|88/100|[from] Spikes
|turn|21
|
|t:|1626161016
|move|p1a: Dragapult|Dragon Dance|p1a: Dragapult
|-boost|p1a: Dragapult|atk|1
|-boost|p1a: Dragapult|spe|1
|move|p2a: Tornadus|Knock Off|p1a: Dragapult
|-supereffective|p1a: Dragapult
|-damage|p1a: Dragapult|26/100
|-enditem|p1a: Dragapult|Life Orb|[from] move: Knock Off|[of] p2a: Tornadus
|
|upkeep
|turn|22
|
|t:|1626161021
|move|p1a: Dragapult|Dragon Darts|p2a: Tornadus
|-damage|p2a: Tornadus|0 fnt
|faint|p2a: Tornadus
|
|upkeep
|
|t:|1626161024
|switch|p2a: Speed Overdose|Tapu Koko|100/100
|-fieldstart|move: Electric Terrain|[from] ability: Electric Surge|[of] p2a: Speed Overdose
|turn|23
|
|t:|1626161028
|move|p1a: Dragapult|Phantom Force||[still]
|-prepare|p1a: Dragapult|Phantom Force
|move|p2a: Speed Overdose|Dazzling Gleam|p1a: Dragapult|[miss]
|-miss|p2a: Speed Overdose|p1a: Dragapult
|
|upkeep
|turn|24
|
|t:|1626161034
|move|p1a: Dragapult|Phantom Force|p2a: Speed Overdose|[from]lockedmove
|-damage|p2a: Speed Overdose|6/100
|move|p2a: Speed Overdose|Dazzling Gleam|p1a: Dragapult
|-supereffective|p1a: Dragapult
|-damage|p1a: Dragapult|0 fnt
|faint|p1a: Dragapult
|
|win|Kanye is batman
|raw|LT82ZW MimiQutie's rating: 1640 &rarr; <strong>1622</strong><br />(-18 for losing)
|raw|Kanye is batman's rating: 1681 &rarr; <strong>1699</strong><br />(+18 for winning)
|l|☆LT82ZW MimiQutie
|c| Machineraptor|Nice
|c|☆Kanye is batman|gg
|l|kanyeisbatman
|l| Machineraptor
|j| Ban lando t guy jk
