|j|☆Kwaga
|j|☆tesla roadster
|t:|1661070304
|gametype|singles
|player|p1|Kwaga|bruno-gen3|1643
|player|p2|tesla roadster|2|1634
|teamsize|p1|6
|teamsize|p2|6
|gen|8
|tier|[Gen 8] OU
|rated|
|rule|Sleep Clause Mod: Limit one foe put to sleep
|rule|Species Clause: Limit one of each Pokémon
|rule|OHKO Clause: OHKO moves are banned
|rule|Evasion Items Clause: Evasion items are banned
|rule|Evasion Moves Clause: Evasion moves are banned
|rule|Endless Battle Clause: Forcing endless battles is banned
|rule|HP Percentage Mod: HP is shown in percentages
|rule|Dynamax Clause: You cannot dynamax
|clearpoke
|poke|p1|Weavile, F|
|poke|p1|Zapdos-Galar|
|poke|p1|Kartana|
|poke|p1|Toxapex, M|
|poke|p1|Heatran, M|
|poke|p1|Landorus-Therian, M|
|poke|p2|Torkoal, F|
|poke|p2|Venusaur, M|
|poke|p2|Heatran, F|
|poke|p2|Landorus-Therian, M|
|poke|p2|Darmanitan, M|
|poke|p2|Blacephalon|
|teampreview
|inactive|Battle timer is ON: inactive players will automatically lose when time's up. (requested by tesla roadster)
|
|t:|1661070315
|start
|switch|p1a: Weavile|Weavile, F|100/100
|switch|p2a: Torkoal|Torkoal, F|100/100
|-ability|p1a: Weavile|Pressure
|-weather|SunnyDay|[from] ability: Drought|[of] p2a: Torkoal
|turn|1
|
|t:|1661070325
|switch|p1a: Heatran|Heatran, M|100/100
|move|p2a: Torkoal|Body Press|p1a: Heatran
|-supereffective|p1a: Heatran
|-crit|p1a: Heatran
|-damage|p1a: Heatran|18/100
|
|-weather|SunnyDay|[upkeep]
|-heal|p1a: Heatran|24/100|[from] item: Leftovers
|upkeep
|turn|2
|
|t:|1661070330
|move|p1a: Heatran|Stealth Rock|p2a: Torkoal
|-sidestart|p2: tesla roadster|move: Stealth Rock
|move|p2a: Torkoal|Body Press|p1a: Heatran
|-supereffective|p1a: Heatran
|-damage|p1a: Heatran|0 fnt
|faint|p1a: Heatran
|
|-weather|SunnyDay|[upkeep]
|upkeep
|
|t:|1661070335
|switch|p1a: Landorus|Landorus-Therian, M|100/100
|-ability|p1a: Landorus|Intimidate|boost
|-unboost|p2a: Torkoal|atk|1
|turn|3
|
|t:|1661070343
|switch|p1a: Zapdos|Zapdos-Galar|100/100
|move|p2a: Torkoal|Rapid Spin|p1a: Zapdos
|-damage|p1a: Zapdos|94/100
|-boost|p2a: Torkoal|spe|1
|-sideend|p2: tesla roadster|Stealth Rock|[from] move: Rapid Spin|[of] p2a: Torkoal
|
|-weather|SunnyDay|[upkeep]
|upkeep
|turn|4
|
|t:|1661070356
|move|p1a: Zapdos|U-turn|p2a: Torkoal
|-resisted|p2a: Torkoal
|-damage|p2a: Torkoal|90/100
|
|t:|1661070362
|switch|p1a: Landorus|Landorus-Therian, M|100/100|[from]move: U-turn
|-ability|p1a: Landorus|Intimidate|boost
|-unboost|p2a: Torkoal|atk|1
|move|p2a: Torkoal|Lava Plume|p1a: Landorus
|-damage|p1a: Landorus|73/100
|
|-weather|SunnyDay|[upkeep]
|-heal|p1a: Landorus|79/100|[from] item: Leftovers
|upkeep
|turn|5
|
|t:|1661070374
|switch|p2a: Landorus|Landorus-Therian, M|100/100
|-ability|p2a: Landorus|Intimidate|boost
|-unboost|p1a: Landorus|atk|1
|move|p1a: Landorus|Stealth Rock|p2a: Landorus
|-sidestart|p2: tesla roadster|move: Stealth Rock
|
|-weather|SunnyDay|[upkeep]
|-heal|p1a: Landorus|85/100|[from] item: Leftovers
|upkeep
|turn|6
|inactive|Kwaga has 120 seconds left.
|
|t:|1661070407
|move|p2a: Landorus|Defog|p1a: Landorus
|-unboost|p1a: Landorus|evasion|1
|-sideend|p2: tesla roadster|Stealth Rock|[from] move: Defog|[of] p2a: Landorus
|move|p1a: Landorus|Toxic|p2a: Landorus
|-status|p2a: Landorus|tox
|
|-weather|SunnyDay|[upkeep]
|-heal|p1a: Landorus|91/100|[from] item: Leftovers
|-damage|p2a: Landorus|94/100 tox|[from] psn
|upkeep
|turn|7
|
|t:|1661070416
|move|p2a: Landorus|U-turn|p1a: Landorus
|-resisted|p1a: Landorus
|-damage|p1a: Landorus|80/100
|
|t:|1661070421
|switch|p2a: Darmanitan|Darmanitan, M|100/100|[from]move: U-turn
|move|p1a: Landorus|Stealth Rock|p2a: Darmanitan
|-sidestart|p2: tesla roadster|move: Stealth Rock
|
|-weather|SunnyDay|[upkeep]
|-heal|p1a: Landorus|86/100|[from] item: Leftovers
|upkeep
|turn|8
|
|t:|1661070426
|switch|p1a: Toxapex|Toxapex, M|100/100
|move|p2a: Darmanitan|Flare Blitz|p1a: Toxapex
|-resisted|p1a: Toxapex
|-damage|p1a: Toxapex|39/100
|-damage|p2a: Darmanitan|83/100|[from] Recoil
|
|-weather|none
|upkeep
|turn|9
|
|t:|1661070430
|move|p2a: Darmanitan|Flare Blitz|p1a: Toxapex
|-resisted|p1a: Toxapex
|-damage|p1a: Toxapex|1/100
|-damage|p2a: Darmanitan|72/100|[from] Recoil
|move|p1a: Toxapex|Recover|p1a: Toxapex
|-heal|p1a: Toxapex|51/100
|
|upkeep
|turn|10
|c|☆tesla roadster|ofc
|
|t:|1661070447
|move|p2a: Darmanitan|Flare Blitz|p1a: Toxapex
|-resisted|p1a: Toxapex
|-damage|p1a: Toxapex|14/100
|-damage|p2a: Darmanitan|61/100|[from] Recoil
|move|p1a: Toxapex|Scald|p2a: Darmanitan
|-supereffective|p2a: Darmanitan
|-damage|p2a: Darmanitan|8/100
|
|upkeep
|turn|11
|
|t:|1661070450
|switch|p1a: Landorus|Landorus-Therian, M|86/100
|-ability|p1a: Landorus|Intimidate|boost
|-unboost|p2a: Darmanitan|atk|1
|move|p2a: Darmanitan|Flare Blitz|p1a: Landorus
|-damage|p1a: Landorus|4/100
|-damage|p2a: Darmanitan|0 fnt|[from] Recoil
|faint|p2a: Darmanitan
|
|-heal|p1a: Landorus|10/100|[from] item: Leftovers
|upkeep
|j| Cyvygugguc
|
|t:|1661070461
|switch|p2a: Landorus|Landorus-Therian, M|94/100 tox
|-ability|p2a: Landorus|Intimidate|boost
|-unboost|p1a: Landorus|atk|1
|turn|12
|
|t:|1661070473
|switch|p1a: Zapdos|Zapdos-Galar|94/100
|move|p2a: Landorus|Knock Off|p1a: Zapdos
|-resisted|p1a: Zapdos
|-damage|p1a: Zapdos|75/100
|-enditem|p1a: Zapdos|Choice Band|[from] move: Knock Off|[of] p2a: Landorus
|
|-damage|p2a: Landorus|88/100 tox|[from] psn
|upkeep
|turn|13
|
|t:|1661070478
|move|p1a: Zapdos|Brave Bird|p2a: Landorus
|-damage|p2a: Landorus|26/100 tox
|-damage|p1a: Zapdos|51/100|[from] Recoil
|move|p2a: Landorus|Defog|p1a: Zapdos
|-unboost|p1a: Zapdos|evasion|1
|-ability|p1a: Zapdos|Defiant
|-boost|p1a: Zapdos|atk|2
|-sideend|p2: tesla roadster|Stealth Rock|[from] move: Defog|[of] p2a: Landorus
|
|-damage|p2a: Landorus|14/100 tox|[from] psn
|upkeep
|turn|14
|
|t:|1661070487
|move|p1a: Zapdos|Brave Bird|p2a: Landorus
|-damage|p2a: Landorus|0 fnt
|faint|p2a: Landorus
|-damage|p1a: Zapdos|45/100|[from] Recoil
|
|upkeep
|
|t:|1661070489
|switch|p2a: Blacephalon|Blacephalon|100/100
|turn|15
|
|t:|1661070502
|switch|p1a: Landorus|Landorus-Therian, M|10/100
|-ability|p1a: Landorus|Intimidate|boost
|-unboost|p2a: Blacephalon|atk|1
|move|p2a: Blacephalon|Shadow Ball|p1a: Landorus
|-damage|p1a: Landorus|0 fnt
|faint|p1a: Landorus
|-ability|p2a: Blacephalon|Beast Boost|boost
|-boost|p2a: Blacephalon|spa|1
|
|upkeep
|
|t:|1661070504
|switch|p1a: Weavile|Weavile, F|100/100
|-ability|p1a: Weavile|Pressure
|turn|16
|
|t:|1661070516
|switch|p2a: Venusaur|Venusaur, M|100/100
|move|p1a: Weavile|Knock Off|p2a: Venusaur
|-damage|p2a: Venusaur|0 fnt
|-enditem|p2a: Venusaur|Life Orb|[from] move: Knock Off|[of] p1a: Weavile
|faint|p2a: Venusaur
|
|upkeep
|
|t:|1661070525
|switch|p2a: Blacephalon|Blacephalon|100/100
|turn|17
|inactive|Kwaga has 120 seconds left.
|
|t:|1661070555
|switch|p1a: Toxapex|Toxapex, M|47/100
|move|p2a: Blacephalon|Shadow Ball|p1a: Toxapex
|-damage|p1a: Toxapex|7/100
|-enditem|p1a: Toxapex|Eject Button
|
|t:|1661070558
|switch|p1a: Weavile|Weavile, F|100/100
|-ability|p1a: Weavile|Pressure
|
|upkeep
|turn|18
|
|t:|1661070572
|switch|p2a: Heatran|Heatran, F|100/100
|-item|p2a: Heatran|Air Balloon
|move|p1a: Weavile|Knock Off|p2a: Heatran
|-damage|p2a: Heatran|22/100
|-enditem|p2a: Heatran|Air Balloon
|
|upkeep
|turn|19
|
|t:|1661070580
|move|p1a: Weavile|Knock Off|p2a: Heatran
|-crit|p2a: Heatran
|-damage|p2a: Heatran|0 fnt
|faint|p2a: Heatran
|
|upkeep
|
|t:|1661070582
|switch|p2a: Blacephalon|Blacephalon|100/100
|turn|20
|
|t:|1661070587
|switch|p1a: Toxapex|Toxapex, M|40/100
|move|p2a: Blacephalon|Fire Blast|p1a: Toxapex
|-resisted|p1a: Toxapex
|-damage|p1a: Toxapex|12/100
|
|upkeep
|turn|21
|
|t:|1661070597
|switch|p1a: Zapdos|Zapdos-Galar|45/100
|move|p2a: Blacephalon|Fire Blast|p1a: Zapdos
|-damage|p1a: Zapdos|0 fnt
|faint|p1a: Zapdos
|-ability|p2a: Blacephalon|Beast Boost|boost
|-boost|p2a: Blacephalon|spa|1
|
|upkeep
|
|t:|1661070599
|switch|p1a: Toxapex|Toxapex, M|46/100
|turn|22
|
|t:|1661070603
|move|p2a: Blacephalon|Fire Blast|p1a: Toxapex
|-resisted|p1a: Toxapex
|-damage|p1a: Toxapex|8/100
|move|p1a: Toxapex|Recover|p1a: Toxapex
|-heal|p1a: Toxapex|58/100
|
|upkeep
|turn|23
|inactive|Kwaga has 120 seconds left.
|
|t:|1661070637
|switch|p2a: Torkoal|Torkoal, F|90/100
|-weather|SunnyDay|[from] ability: Drought|[of] p2a: Torkoal
|move|p1a: Toxapex|Recover|p1a: Toxapex
|-heal|p1a: Toxapex|100/100
|
|-weather|SunnyDay|[upkeep]
|upkeep
|turn|24
|
|t:|1661070653
|move|p1a: Toxapex|Scald|p2a: Torkoal
|-supereffective|p2a: Torkoal
|-damage|p2a: Torkoal|69/100
|move|p2a: Torkoal|Lava Plume|p1a: Toxapex
|-resisted|p1a: Toxapex
|-damage|p1a: Toxapex|85/100
|
|-weather|SunnyDay|[upkeep]
|upkeep
|turn|25
|j| Disrespectn
|inactive|Kwaga has 120 seconds left.
|
|t:|1661070692
|switch|p2a: Blacephalon|Blacephalon|100/100
|move|p1a: Toxapex|Scald|p2a: Blacephalon
|-supereffective|p2a: Blacephalon
|-damage|p2a: Blacephalon|73/100
|
|-weather|SunnyDay|[upkeep]
|upkeep
|turn|26
|
|t:|1661070699
|move|p1a: Toxapex|Baneful Bunker|p1a: Toxapex
|-singleturn|p1a: Toxapex|move: Protect
|move|p2a: Blacephalon|Trick|p1a: Toxapex
|-activate|p1a: Toxapex|move: Protect
|
|-weather|SunnyDay|[upkeep]
|upkeep
|turn|27
|-message|tesla roadster forfeited.
|
|win|Kwaga
|raw|Kwaga's rating: 1643 &rarr; <strong>1662</strong><br />(+19 for winning)
|raw|tesla roadster's rating: 1634 &rarr; <strong>1615</strong><br />(-19 for losing)
|l|☆tesla roadster
