|j|☆return nirvana
|j|☆AdrianOnTop
|inactive|Battle timer is ON: inactive players will automatically lose when time's up.
|t:|1654656416
|gametype|singles
|player|p1|return nirvana|gambler-gen1|
|player|p2|AdrianOnTop|harlequin|
|teamsize|p1|6
|teamsize|p2|6
|gen|8
|tier|[Gen 8] OU
|rated|Tournament battle
|rule|Sleep Clause Mod: Limit one foe put to sleep
|rule|Species Clause: Limit one of each Pokémon
|rule|OHKO Clause: OHKO moves are banned
|rule|Evasion Moves Clause: Evasion moves are banned
|rule|Endless Battle Clause: Forcing endless battles is banned
|rule|HP Percentage Mod: HP is shown in percentages
|rule|Dynamax Clause: You cannot dynamax
|clearpoke
|poke|p1|Syclant, M|
|poke|p1|Magnezone|
|poke|p1|Nihilego|
|poke|p1|Ferrothorn, M|
|poke|p1|Landorus-Therian, M|
|poke|p1|Tapu Fini|
|poke|p2|Steelix, M|
|poke|p2|Toxapex, F|
|poke|p2|Corviknight, M|
|poke|p2|Dragapult, M|
|poke|p2|Clefable, M|
|poke|p2|Weavile, F|
|teampreview
|inactive|AdrianOnTop also wants the timer to be on.
|inactive|AdrianOnTop no longer wants the timer on, but the timer is staying on because staff still does.
|
|t:|1654656431
|start
|switch|p1a: Nihilego|Nihilego, shiny|100/100
|switch|p2a: Dragapult|Dragapult, M|100/100
|turn|1
|
|t:|1654656460
|move|p2a: Dragapult|U-turn|p1a: Nihilego
|-resisted|p1a: Nihilego
|-damage|p1a: Nihilego|85/100
|
|t:|1654656462
|switch|p2a: Weavile|Weavile, F|100/100|[from]move: U-turn
|-ability|p2a: Weavile|Pressure
|move|p1a: Nihilego|Stealth Rock|p2a: Weavile
|-sidestart|p2: AdrianOnTop|move: Stealth Rock
|
|upkeep
|turn|2
|
|t:|1654656467
|switch|p1a: Ferrothorn|Ferrothorn, M, shiny|100/100
|move|p2a: Weavile|Knock Off|p1a: Ferrothorn
|-crit|p1a: Ferrothorn
|-damage|p1a: Ferrothorn|62/100
|-damage|p2a: Weavile|88/100|[from] ability: Iron Barbs|[of] p1a: Ferrothorn
|-damage|p2a: Weavile|72/100|[from] item: Rocky Helmet|[of] p1a: Ferrothorn
|-enditem|p1a: Ferrothorn|Rocky Helmet|[from] move: Knock Off|[of] p2a: Weavile
|
|upkeep
|turn|3
|j| Notmarclabreche
|
|t:|1654656474
|switch|p2a: Corviknight|Corviknight, M|100/100
|-damage|p2a: Corviknight|88/100|[from] Stealth Rock
|-ability|p2a: Corviknight|Pressure
|move|p1a: Ferrothorn|Leech Seed|p2a: Corviknight
|-start|p2a: Corviknight|move: Leech Seed
|
|-heal|p2a: Corviknight|94/100|[from] item: Leftovers
|-damage|p2a: Corviknight|82/100|[from] Leech Seed|[of] p1a: Ferrothorn
|-heal|p1a: Ferrothorn|76/100|[silent]
|upkeep
|turn|4
|
|t:|1654656476
|move|p2a: Corviknight|U-turn|p1a: Ferrothorn
|-damage|p1a: Ferrothorn|67/100
|-damage|p2a: Corviknight|69/100|[from] ability: Iron Barbs|[of] p1a: Ferrothorn
|
|t:|1654656479
|switch|p2a: Steelix|Steelix, M|100/100|[from]move: U-turn
|-damage|p2a: Steelix|97/100|[from] Stealth Rock
|move|p1a: Ferrothorn|Spikes|p2a: Steelix
|-sidestart|p2: AdrianOnTop|Spikes
|
|upkeep
|turn|5
|l| Notmarclabreche
|
|t:|1654656482
|switch|p1a: Magnezone|Magnezone, shiny|100/100
|-item|p1a: Magnezone|Air Balloon
|move|p2a: Steelix|Fire Fang|p1a: Magnezone
|-supereffective|p1a: Magnezone
|-damage|p1a: Magnezone|45/100
|-enditem|p1a: Magnezone|Air Balloon
|
|upkeep
|turn|6
|
|t:|1654656490
|move|p1a: Magnezone|Body Press|p2a: Steelix
|-supereffective|p2a: Steelix
|-damage|p2a: Steelix|59/100
|move|p2a: Steelix|Ice Fang|p1a: Magnezone
|-resisted|p1a: Magnezone
|-damage|p1a: Magnezone|33/100
|
|upkeep
|turn|7
|
|t:|1654656493
|move|p1a: Magnezone|Body Press|p2a: Steelix
|-supereffective|p2a: Steelix
|-damage|p2a: Steelix|24/100
|move|p2a: Steelix|Fire Fang|p1a: Magnezone|[miss]
|-miss|p2a: Steelix|p1a: Magnezone
|
|upkeep
|turn|8
|
|t:|1654656496
|move|p1a: Magnezone|Body Press|p2a: Steelix
|-supereffective|p2a: Steelix
|-damage|p2a: Steelix|0 fnt
|faint|p2a: Steelix
|
|upkeep
|
|t:|1654656498
|switch|p2a: Dragapult|Dragapult, M|100/100
|-damage|p2a: Dragapult|88/100|[from] Stealth Rock
|-damage|p2a: Dragapult|76/100|[from] Spikes
|turn|9
|
|t:|1654656502
|move|p2a: Dragapult|Shadow Ball|p1a: Magnezone
|-damage|p1a: Magnezone|0 fnt
|faint|p1a: Magnezone
|
|upkeep
|j| HOF69
|
|t:|1654656507
|switch|p1a: Syclant|Syclant, M|100/100
|turn|10
|j| Mega Pinsir Test
|
|t:|1654656510
|switch|p2a: Toxapex|Toxapex, F|100/100
|-damage|p2a: Toxapex|88/100|[from] Stealth Rock
|-damage|p2a: Toxapex|76/100|[from] Spikes
|move|p1a: Syclant|Earthquake|p2a: Toxapex
|-supereffective|p2a: Toxapex
|-damage|p2a: Toxapex|40/100
|
|upkeep
|turn|11
|j| WalrusPatty
|j| Deepfriedmagikarp
|
|t:|1654656515
|move|p1a: Syclant|U-turn|p2a: Toxapex
|-resisted|p2a: Toxapex
|-damage|p2a: Toxapex|29/100
|
|t:|1654656517
|switch|p1a: Nihilego|Nihilego, shiny|85/100|[from]move: U-turn
|move|p2a: Toxapex|Recover|p2a: Toxapex
|-heal|p2a: Toxapex|79/100
|
|upkeep
|turn|12
|
|t:|1654656520
|move|p1a: Nihilego|Meteor Beam||[still]
|-prepare|p1a: Nihilego|Meteor Beam
|-boost|p1a: Nihilego|spa|1
|-enditem|p1a: Nihilego|Power Herb
|-anim|p1a: Nihilego|Meteor Beam|p2a: Toxapex
|-damage|p2a: Toxapex|10/100
|move|p2a: Toxapex|Knock Off|p1a: Nihilego
|-damage|p1a: Nihilego|67/100
|
|upkeep
|turn|13
|
|t:|1654656526
|switch|p2a: Clefable|Clefable, M|100/100
|move|p1a: Nihilego|Power Gem|p2a: Clefable
|-damage|p2a: Clefable|56/100
|
|-heal|p2a: Clefable|62/100|[from] item: Leftovers
|upkeep
|turn|14
|j| CrimsonCrow17
|
|t:|1654656529
|move|p1a: Nihilego|Sludge Wave|p2a: Clefable
|-supereffective|p2a: Clefable
|-damage|p2a: Clefable|0 fnt
|faint|p2a: Clefable
|-ability|p1a: Nihilego|Beast Boost|boost
|-boost|p1a: Nihilego|spe|1
|
|upkeep
|j| yaboiAshK.
|
|t:|1654656532
|switch|p2a: Weavile|Weavile, F|72/100
|-ability|p2a: Weavile|Pressure
|turn|15
|
|t:|1654656538
|move|p2a: Weavile|Ice Shard|p1a: Nihilego
|-damage|p1a: Nihilego|31/100
|move|p1a: Nihilego|Sludge Wave|p2a: Weavile
|-damage|p2a: Weavile|0 fnt
|faint|p2a: Weavile
|-ability|p1a: Nihilego|Beast Boost|boost
|-boost|p1a: Nihilego|spe|1
|
|upkeep
|-message|AdrianOnTop forfeited.
|
|win|return nirvana
|n|☆return nirvana|returnnirvana
|n|☆AdrianOnTop|adrianontop
|n| HOF69|hof69
|n| Mega Pinsir Test|megapinsirtest
|n| WalrusPatty|walruspatty
|n| Deepfriedmagikarp|deepfriedmagikarp
|n| CrimsonCrow17|crimsoncrow17
|n| yaboiAshK.|yaboiashk
|l|☆AdrianOnTop
