|j|☆SkipTheDripBayless
|j|☆naw3
|t:|1610326458
|player|p1|SkipTheDripBayless|wally-gen3|1743
|player|p2|naw3|mina|1734
|teamsize|p1|6
|teamsize|p2|6
|gametype|singles
|gen|8
|tier|[Gen 8] OU
|rated|
|clearpoke
|poke|p1|Slowking-Galar, M|
|poke|p1|Landorus-Therian, M|
|poke|p1|Umbreon, F|
|poke|p1|Ditto|
|poke|p1|Corviknight, F|
|poke|p1|Tapu Fini|
|poke|p2|Weavile, M|
|poke|p2|Slowbro, M|
|poke|p2|Excadrill, F|
|poke|p2|Hydreigon, M|
|poke|p2|Clefable, F|
|poke|p2|Zapdos|
|rule|Sleep Clause Mod: Limit one foe put to sleep
|rule|Species Clause: Limit one of each Pokémon
|rule|OHKO Clause: OHKO moves are banned
|rule|Evasion Moves Clause: Evasion moves are banned
|rule|Endless Battle Clause: Forcing endless battles is banned
|rule|HP Percentage Mod: HP is shown in percentages
|rule|Dynamax Clause: You cannot dynamax
|teampreview
|inactive|Battle timer is ON: inactive players will automatically lose when time's up. (requested by SkipTheDripBayless)
|j| AverageJoe326
|
|t:|1610326478
|start
|switch|p1a: Ditto|Ditto|100/100
|switch|p2a: Zapdos|Zapdos|100/100
|-transform|p1a: Ditto|p2a: Zapdos|[from] ability: Imposter
|turn|1
|
|t:|1610326497
|switch|p2a: Excadrill|Excadrill, F|100/100
|-ability|p2a: Excadrill|Mold Breaker
|move|p1a: Ditto|Heat Wave|p2a: Excadrill
|-supereffective|p2a: Excadrill
|-damage|p2a: Excadrill|42/100
|
|-heal|p2a: Excadrill|48/100|[from] item: Leftovers
|upkeep
|turn|2
|
|t:|1610326509
|switch|p2a: Slowbro|Slowbro, M|100/100
|move|p1a: Ditto|Heat Wave|p2a: Slowbro|[miss]
|-miss|p1a: Ditto|p2a: Slowbro
|
|upkeep
|turn|3
|
|t:|1610326515
|switch|p1a: Umbreon|Umbreon, F|100/100
|move|p2a: Slowbro|Future Sight|p1a: Umbreon
|-start|p2a: Slowbro|move: Future Sight
|
|upkeep
|turn|4
|j| Xusep pedrerol 14
|
|t:|1610326528
|move|p1a: Umbreon|Wish|p1a: Umbreon
|move|p2a: Slowbro|Teleport|p2a: Slowbro
|
|t:|1610326542
|switch|p2a: Clefable|Clefable, F|100/100|[from]move: Teleport
|
|upkeep
|turn|5
|
|t:|1610326547
|switch|p1a: Slowking|Slowking-Galar, M|100/100
|move|p2a: Clefable|Stealth Rock|p1a: Slowking
|-sidestart|p1: SkipTheDripBayless|move: Stealth Rock
|
|-end|p1a: Slowking|move: Future Sight
|-damage|p1a: Slowking|73/100
|-heal|p1a: Slowking|100/100|[from] move: Wish|[wisher] Umbreon
|upkeep
|turn|6
|
|t:|1610326558
|switch|p2a: Hydreigon|Hydreigon, M|100/100
|move|p1a: Slowking|Nasty Plot|p1a: Slowking
|-boost|p1a: Slowking|spa|2
|
|upkeep
|turn|7
|
|t:|1610326564
|move|p2a: Hydreigon|Dark Pulse|p1a: Slowking
|-supereffective|p1a: Slowking
|-damage|p1a: Slowking|48/100
|cant|p1a: Slowking|flinch
|
|-heal|p1a: Slowking|54/100|[from] item: Black Sludge
|upkeep
|turn|8
|j| Vessev
|
|t:|1610326573
|switch|p1a: Umbreon|Umbreon, F|100/100
|-damage|p1a: Umbreon|88/100|[from] Stealth Rock
|move|p2a: Hydreigon|Dark Pulse|p1a: Umbreon
|-resisted|p1a: Umbreon
|-damage|p1a: Umbreon|77/100
|
|-heal|p1a: Umbreon|83/100|[from] item: Leftovers
|upkeep
|turn|9
|j| JKongh
|
|t:|1610326577
|switch|p2a: Clefable|Clefable, F|100/100
|move|p1a: Umbreon|Foul Play|p2a: Clefable
|-resisted|p2a: Clefable
|-damage|p2a: Clefable|94/100
|
|-heal|p1a: Umbreon|89/100|[from] item: Leftovers
|upkeep
|turn|10
|l| JKongh
|j| monkey man 2.0
|
|t:|1610326584
|move|p1a: Umbreon|Protect|p1a: Umbreon
|-singleturn|p1a: Umbreon|Protect
|move|p2a: Clefable|Trick|p1a: Umbreon
|-activate|p1a: Umbreon|move: Protect
|
|-heal|p1a: Umbreon|95/100|[from] item: Leftovers
|upkeep
|turn|11
|j| DragonHunter994
|j| testinsunny
|
|t:|1610326605
|switch|p1a: Slowking|Slowking-Galar, M|88/100
|-damage|p1a: Slowking|75/100|[from] Stealth Rock
|move|p2a: Clefable|Moonblast|p1a: Slowking
|-resisted|p1a: Slowking
|-damage|p1a: Slowking|65/100
|-unboost|p1a: Slowking|spa|1
|
|-heal|p1a: Slowking|71/100|[from] item: Black Sludge
|upkeep
|turn|12
|
|t:|1610326614
|switch|p2a: Excadrill|Excadrill, F|48/100
|-ability|p2a: Excadrill|Mold Breaker
|move|p1a: Slowking|Sludge Bomb|p2a: Excadrill
|-immune|p2a: Excadrill
|
|-heal|p2a: Excadrill|54/100|[from] item: Leftovers
|-heal|p1a: Slowking|77/100|[from] item: Black Sludge
|upkeep
|turn|13
|l| testinsunny
|
|t:|1610326632
|switch|p2a: Zapdos|Zapdos|100/100
|switch|p1a: Landorus|Landorus-Therian, M|100/100
|-damage|p1a: Landorus|88/100|[from] Stealth Rock
|-ability|p1a: Landorus|Intimidate|boost
|-unboost|p2a: Zapdos|atk|1
|
|upkeep
|turn|14
|
|t:|1610326638
|switch|p1a: Slowking|Slowking-Galar, M|100/100
|-damage|p1a: Slowking|88/100|[from] Stealth Rock
|move|p2a: Zapdos|Hurricane|p1a: Slowking
|-damage|p1a: Slowking|55/100
|-start|p1a: Slowking|confusion
|
|-heal|p1a: Slowking|61/100|[from] item: Black Sludge
|upkeep
|turn|15
|
|t:|1610326643
|move|p2a: Zapdos|Volt Switch|p1a: Slowking
|-damage|p1a: Slowking|39/100
|
|t:|1610326650
|switch|p2a: Hydreigon|Hydreigon, M|100/100|[from]move: Volt Switch
|-activate|p1a: Slowking|confusion
|move|p1a: Slowking|Sludge Bomb|p2a: Hydreigon
|-damage|p2a: Hydreigon|64/100
|-status|p2a: Hydreigon|psn
|
|-heal|p2a: Hydreigon|70/100 psn|[from] item: Leftovers
|-heal|p1a: Slowking|45/100|[from] item: Black Sludge
|-damage|p2a: Hydreigon|58/100 psn|[from] psn
|upkeep
|turn|16
|j| Xnddksksls
|
|t:|1610326661
|switch|p2a: Zapdos|Zapdos|100/100
|switch|p1a: Umbreon|Umbreon, F|95/100
|-damage|p1a: Umbreon|82/100|[from] Stealth Rock
|
|-heal|p1a: Umbreon|89/100|[from] item: Leftovers
|upkeep
|turn|17
|
|t:|1610326664
|move|p2a: Zapdos|Volt Switch|p1a: Umbreon
|-damage|p1a: Umbreon|70/100
|
|t:|1610326667
|switch|p2a: Clefable|Clefable, F|94/100|[from]move: Volt Switch
|move|p1a: Umbreon|Wish|p1a: Umbreon
|
|-heal|p1a: Umbreon|76/100|[from] item: Leftovers
|upkeep
|turn|18
|
|t:|1610326679
|move|p1a: Umbreon|Protect|p1a: Umbreon
|-singleturn|p1a: Umbreon|Protect
|move|p2a: Clefable|Trick|p1a: Umbreon
|-activate|p1a: Umbreon|move: Protect
|
|-heal|p1a: Umbreon|100/100|[from] move: Wish|[wisher] Umbreon
|upkeep
|turn|19
|
|t:|1610326694
|switch|p1a: Slowking|Slowking-Galar, M|78/100
|-damage|p1a: Slowking|66/100|[from] Stealth Rock
|move|p2a: Clefable|Trick|p1a: Slowking
|-activate|p2a: Clefable|move: Trick|[of] p1a: Slowking
|-item|p1a: Slowking|Sticky Barb|[from] move: Trick
|-item|p2a: Clefable|Black Sludge|[from] move: Trick
|
|-damage|p1a: Slowking|54/100|[from] item: Sticky Barb
|upkeep
|turn|20
|
|t:|1610326700
|switch|p2a: Excadrill|Excadrill, F|54/100
|-ability|p2a: Excadrill|Mold Breaker
|move|p1a: Slowking|Flamethrower|p2a: Excadrill
|-supereffective|p2a: Excadrill
|-damage|p2a: Excadrill|14/100
|-status|p2a: Excadrill|brn
|
|-heal|p2a: Excadrill|20/100 brn|[from] item: Leftovers
|-damage|p2a: Excadrill|14/100 brn|[from] brn
|-damage|p1a: Slowking|41/100|[from] item: Sticky Barb
|upkeep
|turn|21
|
|t:|1610326710
|switch|p1a: Landorus|Landorus-Therian, M|88/100
|-damage|p1a: Landorus|76/100|[from] Stealth Rock
|-ability|p1a: Landorus|Intimidate|boost
|-unboost|p2a: Excadrill|atk|1
|move|p2a: Excadrill|Earthquake|p1a: Landorus
|-immune|p1a: Landorus
|
|-heal|p2a: Excadrill|20/100 brn|[from] item: Leftovers
|-damage|p2a: Excadrill|14/100 brn|[from] brn
|upkeep
|turn|22
|
|t:|1610326714
|switch|p2a: Clefable|Clefable, F|94/100
|move|p1a: Landorus|Toxic|p2a: Clefable
|-status|p2a: Clefable|tox
|
|upkeep
|turn|23
|
|t:|1610326727
|switch|p1a: Slowking|Slowking-Galar, M|74/100
|-damage|p1a: Slowking|62/100|[from] Stealth Rock
|switch|p2a: Zapdos|Zapdos|100/100
|
|-damage|p1a: Slowking|49/100|[from] item: Sticky Barb
|upkeep
|turn|24
|
|t:|1610326731
|switch|p1a: Umbreon|Umbreon, F|100/100
|-damage|p1a: Umbreon|88/100|[from] Stealth Rock
|move|p2a: Zapdos|Volt Switch|p1a: Umbreon
|-damage|p1a: Umbreon|71/100
|
|t:|1610326748
|switch|p2a: Clefable|Clefable, F|94/100 tox|[from]move: Volt Switch
|
|-heal|p1a: Umbreon|77/100|[from] item: Leftovers
|upkeep
|turn|25
|
|t:|1610326753
|move|p1a: Umbreon|Protect|p1a: Umbreon
|-singleturn|p1a: Umbreon|Protect
|move|p2a: Clefable|Moonblast|p1a: Umbreon
|-activate|p1a: Umbreon|move: Protect
|
|-heal|p1a: Umbreon|83/100|[from] item: Leftovers
|upkeep
|turn|26
|
|t:|1610326756
|switch|p1a: Slowking|Slowking-Galar, M|83/100
|-damage|p1a: Slowking|70/100|[from] Stealth Rock
|switch|p2a: Weavile|Weavile, M|100/100
|-ability|p2a: Weavile|Pressure
|
|-damage|p1a: Slowking|58/100|[from] item: Sticky Barb
|upkeep
|turn|27
|
|t:|1610326760
|switch|p1a: Corviknight|Corviknight, F|100/100
|-damage|p1a: Corviknight|88/100|[from] Stealth Rock
|-ability|p1a: Corviknight|Pressure
|move|p2a: Weavile|Knock Off|p1a: Corviknight
|-damage|p1a: Corviknight|43/100
|-enditem|p1a: Corviknight|Leftovers|[from] move: Knock Off|[of] p2a: Weavile
|
|upkeep
|turn|28
|
|t:|1610326766
|switch|p2a: Zapdos|Zapdos|100/100
|move|p1a: Corviknight|Roost|p1a: Corviknight
|-heal|p1a: Corviknight|93/100
|-singleturn|p1a: Corviknight|move: Roost
|
|upkeep
|turn|29
|
|t:|1610326774
|switch|p1a: Umbreon|Umbreon, F|83/100
|-damage|p1a: Umbreon|71/100|[from] Stealth Rock
|move|p2a: Zapdos|Thunderbolt|p1a: Umbreon
|-damage|p1a: Umbreon|49/100
|
|-heal|p1a: Umbreon|55/100|[from] item: Leftovers
|upkeep
|turn|30
|
|t:|1610326777
|move|p2a: Zapdos|Volt Switch|p1a: Umbreon
|-damage|p1a: Umbreon|37/100
|
|t:|1610326780
|switch|p2a: Clefable|Clefable, F|94/100 tox|[from]move: Volt Switch
|move|p1a: Umbreon|Wish|p1a: Umbreon
|
|-heal|p1a: Umbreon|43/100|[from] item: Leftovers
|upkeep
|turn|31
|
|t:|1610326786
|move|p1a: Umbreon|Protect|p1a: Umbreon
|-singleturn|p1a: Umbreon|Protect
|move|p2a: Clefable|Moonblast|p1a: Umbreon
|-activate|p1a: Umbreon|move: Protect
|
|-heal|p1a: Umbreon|93/100|[from] move: Wish|[wisher] Umbreon
|-heal|p1a: Umbreon|99/100|[from] item: Leftovers
|upkeep
|turn|32
|
|t:|1610326789
|switch|p1a: Slowking|Slowking-Galar, M|91/100
|-damage|p1a: Slowking|79/100|[from] Stealth Rock
|move|p2a: Clefable|Moonblast|p1a: Slowking
|-resisted|p1a: Slowking
|-damage|p1a: Slowking|68/100
|
|-damage|p1a: Slowking|56/100|[from] item: Sticky Barb
|upkeep
|turn|33
|
|t:|1610326797
|switch|p2a: Excadrill|Excadrill, F|14/100 brn
|-ability|p2a: Excadrill|Mold Breaker
|move|p1a: Slowking|Sludge Bomb|p2a: Excadrill
|-immune|p2a: Excadrill
|
|-heal|p2a: Excadrill|20/100 brn|[from] item: Leftovers
|-damage|p2a: Excadrill|14/100 brn|[from] brn
|-damage|p1a: Slowking|43/100|[from] item: Sticky Barb
|upkeep
|turn|34
|
|t:|1610326812
|switch|p2a: Zapdos|Zapdos|100/100
|switch|p1a: Umbreon|Umbreon, F|99/100
|-damage|p1a: Umbreon|86/100|[from] Stealth Rock
|
|-heal|p1a: Umbreon|92/100|[from] item: Leftovers
|upkeep
|turn|35
|
|t:|1610326817
|move|p1a: Umbreon|Protect|p1a: Umbreon
|-singleturn|p1a: Umbreon|Protect
|move|p2a: Zapdos|Volt Switch|p1a: Umbreon
|-activate|p1a: Umbreon|move: Protect
|
|-heal|p1a: Umbreon|98/100|[from] item: Leftovers
|upkeep
|turn|36
|
|t:|1610326821
|move|p2a: Zapdos|Volt Switch|p1a: Umbreon
|-damage|p1a: Umbreon|81/100
|
|t:|1610326827
|switch|p2a: Clefable|Clefable, F|94/100 tox|[from]move: Volt Switch
|move|p1a: Umbreon|Foul Play|p2a: Clefable
|-resisted|p2a: Clefable
|-damage|p2a: Clefable|87/100 tox
|
|-heal|p1a: Umbreon|87/100|[from] item: Leftovers
|upkeep
|turn|37
|
|t:|1610326833
|move|p1a: Umbreon|Protect|p1a: Umbreon
|-singleturn|p1a: Umbreon|Protect
|move|p2a: Clefable|Moonblast|p1a: Umbreon
|-activate|p1a: Umbreon|move: Protect
|
|-heal|p1a: Umbreon|93/100|[from] item: Leftovers
|upkeep
|turn|38
|
|t:|1610326839
|switch|p1a: Slowking|Slowking-Galar, M|77/100
|-damage|p1a: Slowking|64/100|[from] Stealth Rock
|switch|p2a: Weavile|Weavile, M|100/100
|-ability|p2a: Weavile|Pressure
|
|-damage|p1a: Slowking|52/100|[from] item: Sticky Barb
|upkeep
|turn|39
|
|t:|1610326845
|switch|p1a: Tapu Fini|Tapu Fini, shiny|100/100
|-damage|p1a: Tapu Fini|88/100|[from] Stealth Rock
|-fieldstart|move: Misty Terrain|[from] ability: Misty Surge|[of] p1a: Tapu Fini
|move|p2a: Weavile|Triple Axel|p1a: Tapu Fini
|-resisted|p1a: Tapu Fini
|-damage|p1a: Tapu Fini|84/100
|-resisted|p1a: Tapu Fini
|-damage|p1a: Tapu Fini|74/100
|-resisted|p1a: Tapu Fini
|-damage|p1a: Tapu Fini|59/100
|-hitcount|p1a: Tapu Fini|3
|
|-heal|p1a: Tapu Fini|65/100|[from] item: Leftovers
|upkeep
|turn|40
|
|t:|1610326854
|switch|p2a: Zapdos|Zapdos|100/100
|move|p1a: Tapu Fini|Surf|p2a: Zapdos
|-damage|p2a: Zapdos|68/100
|
|-heal|p1a: Tapu Fini|71/100|[from] item: Leftovers
|upkeep
|turn|41
|
|t:|1610326862
|switch|p1a: Umbreon|Umbreon, F|93/100
|-damage|p1a: Umbreon|80/100|[from] Stealth Rock
|move|p2a: Zapdos|Volt Switch|p1a: Umbreon
|-damage|p1a: Umbreon|64/100
|
|t:|1610326866
|switch|p2a: Weavile|Weavile, M|100/100|[from]move: Volt Switch
|-ability|p2a: Weavile|Pressure
|
|-heal|p1a: Umbreon|70/100|[from] item: Leftovers
|upkeep
|turn|42
|
|t:|1610326869
|move|p1a: Umbreon|Protect|p1a: Umbreon
|-singleturn|p1a: Umbreon|Protect
|move|p2a: Weavile|Triple Axel|p1a: Umbreon
|-activate|p1a: Umbreon|move: Protect
|
|-heal|p1a: Umbreon|76/100|[from] item: Leftovers
|upkeep
|turn|43
|j| ppev
|inactive|SkipTheDripBayless has 120 seconds left.
|
|t:|1610326903
|switch|p1a: Landorus|Landorus-Therian, M|76/100
|-damage|p1a: Landorus|64/100|[from] Stealth Rock
|-ability|p1a: Landorus|Intimidate|boost
|-unboost|p2a: Weavile|atk|1
|move|p2a: Weavile|Triple Axel|p1a: Landorus
|-supereffective|p1a: Landorus
|-damage|p1a: Landorus|31/100
|-damage|p2a: Weavile|84/100|[from] item: Rocky Helmet|[of] p1a: Landorus
|-supereffective|p1a: Landorus
|-damage|p1a: Landorus|0 fnt
|-damage|p2a: Weavile|68/100|[from] item: Rocky Helmet|[of] p1a: Landorus
|-hitcount|p1a: Landorus|2
|faint|p1a: Landorus
|
|-fieldend|Misty Terrain
|upkeep
|
|t:|1610326905
|switch|p1a: Ditto|Ditto|100/100
|-damage|p1a: Ditto|88/100|[from] Stealth Rock
|-transform|p1a: Ditto|p2a: Weavile|[from] ability: Imposter
|-ability|p1a: Ditto|Pressure
|turn|44
|
|t:|1610326920
|switch|p2a: Slowbro|Slowbro, M|100/100
|move|p1a: Ditto|Knock Off|p2a: Slowbro
|-supereffective|p2a: Slowbro
|-damage|p2a: Slowbro|61/100
|-damage|p1a: Ditto|71/100|[from] item: Rocky Helmet|[of] p2a: Slowbro
|-enditem|p2a: Slowbro|Rocky Helmet|[from] move: Knock Off|[of] p1a: Ditto
|
|upkeep
|turn|45
|j| DittoTang
|
|t:|1610326932
|switch|p1a: Corviknight|Corviknight, F|93/100
|-damage|p1a: Corviknight|81/100|[from] Stealth Rock
|-ability|p1a: Corviknight|Pressure
|move|p2a: Slowbro|Teleport|p2a: Slowbro
|
|t:|1610326935
|switch|p2a: Zapdos|Zapdos|68/100|[from]move: Teleport
|
|upkeep
|turn|46
|
|t:|1610326941
|switch|p1a: Umbreon|Umbreon, F|76/100
|-damage|p1a: Umbreon|64/100|[from] Stealth Rock
|move|p2a: Zapdos|Volt Switch|p1a: Umbreon
|-damage|p1a: Umbreon|46/100
|j| razorclaw123
|
|t:|1610326952
|switch|p2a: Weavile|Weavile, M|68/100|[from]move: Volt Switch
|-ability|p2a: Weavile|Pressure
|
|-heal|p1a: Umbreon|53/100|[from] item: Leftovers
|upkeep
|turn|47
|
|t:|1610326955
|move|p1a: Umbreon|Protect|p1a: Umbreon
|-singleturn|p1a: Umbreon|Protect
|move|p2a: Weavile|Triple Axel|p1a: Umbreon
|-activate|p1a: Umbreon|move: Protect
|
|-heal|p1a: Umbreon|59/100|[from] item: Leftovers
|upkeep
|turn|48
|
|t:|1610326962
|switch|p1a: Corviknight|Corviknight, F|81/100
|-damage|p1a: Corviknight|68/100|[from] Stealth Rock
|-ability|p1a: Corviknight|Pressure
|move|p2a: Weavile|Triple Axel|p1a: Corviknight
|-damage|p1a: Corviknight|59/100
|-damage|p1a: Corviknight|40/100
|-damage|p1a: Corviknight|13/100
|-hitcount|p1a: Corviknight|3
|
|upkeep
|turn|49
|
|t:|1610326972
|move|p2a: Weavile|Triple Axel|p1a: Corviknight
|-damage|p1a: Corviknight|4/100
|-crit|p1a: Corviknight
|-damage|p1a: Corviknight|0 fnt
|-hitcount|p1a: Corviknight|2
|faint|p1a: Corviknight
|
|upkeep
|
|t:|1610326974
|switch|p1a: Ditto|Ditto|71/100
|-damage|p1a: Ditto|59/100|[from] Stealth Rock
|-transform|p1a: Ditto|p2a: Weavile|[from] ability: Imposter
|-ability|p1a: Ditto|Pressure
|turn|50
|j| angrrry
|
|t:|1610326983
|switch|p2a: Slowbro|Slowbro, M|94/100
|move|p1a: Ditto|Triple Axel|p2a: Slowbro
|-resisted|p2a: Slowbro
|-damage|p2a: Slowbro|91/100
|-resisted|p2a: Slowbro
|-damage|p2a: Slowbro|85/100
|-resisted|p2a: Slowbro
|-damage|p2a: Slowbro|77/100
|-hitcount|p2a: Slowbro|3
|
|upkeep
|turn|51
|j| testinsunny
|
|t:|1610326992
|move|p1a: Ditto|Triple Axel|p2a: Slowbro
|-resisted|p2a: Slowbro
|-damage|p2a: Slowbro|74/100
|-resisted|p2a: Slowbro
|-damage|p2a: Slowbro|69/100
|-resisted|p2a: Slowbro
|-damage|p2a: Slowbro|59/100
|-hitcount|p2a: Slowbro|3
|move|p2a: Slowbro|Teleport|p2a: Slowbro
|
|t:|1610327002
|switch|p2a: Weavile|Weavile, M|68/100|[from]move: Teleport
|-ability|p2a: Weavile|Pressure
|
|upkeep
|turn|52
|l| testinsunny
|
|t:|1610327007
|switch|p1a: Tapu Fini|Tapu Fini, shiny|71/100
|-damage|p1a: Tapu Fini|58/100|[from] Stealth Rock
|-fieldstart|move: Misty Terrain|[from] ability: Misty Surge|[of] p1a: Tapu Fini
|switch|p2a: Slowbro|Slowbro, M|92/100
|
|-heal|p1a: Tapu Fini|64/100|[from] item: Leftovers
|upkeep
|turn|53
|
|t:|1610327012
|switch|p2a: Zapdos|Zapdos|68/100
|move|p1a: Tapu Fini|Calm Mind|p1a: Tapu Fini
|-boost|p1a: Tapu Fini|spa|1
|-boost|p1a: Tapu Fini|spd|1
|
|-heal|p1a: Tapu Fini|71/100|[from] item: Leftovers
|upkeep
|turn|54
|
|t:|1610327016
|move|p2a: Zapdos|Thunderbolt|p1a: Tapu Fini
|-supereffective|p1a: Tapu Fini
|-damage|p1a: Tapu Fini|21/100
|move|p1a: Tapu Fini|Surf|p2a: Zapdos
|-damage|p2a: Zapdos|18/100
|
|-heal|p1a: Tapu Fini|27/100|[from] item: Leftovers
|upkeep
|turn|55
|
|t:|1610327029
|switch|p1a: Slowking|Slowking-Galar, M|85/100
|-damage|p1a: Slowking|73/100|[from] Stealth Rock
|move|p2a: Zapdos|Volt Switch|p1a: Slowking
|-damage|p1a: Slowking|51/100
|j| WaleTheTop-Notch
|
|t:|1610327035
|switch|p2a: Weavile|Weavile, M|68/100|[from]move: Volt Switch
|-ability|p2a: Weavile|Pressure
|
|-damage|p1a: Slowking|39/100|[from] item: Sticky Barb
|upkeep
|turn|56
|
|t:|1610327041
|move|p2a: Weavile|Knock Off|p1a: Slowking
|-supereffective|p1a: Slowking
|-damage|p1a: Slowking|0 fnt
|-enditem|p1a: Slowking|Sticky Barb|[from] move: Knock Off|[of] p2a: Weavile
|faint|p1a: Slowking
|
|-fieldend|Misty Terrain
|upkeep
|
|t:|1610327043
|switch|p1a: Umbreon|Umbreon, F|59/100
|-damage|p1a: Umbreon|46/100|[from] Stealth Rock
|turn|57
|
|t:|1610327059
|switch|p2a: Clefable|Clefable, F|87/100 tox
|move|p1a: Umbreon|Wish|p1a: Umbreon
|
|-heal|p1a: Umbreon|52/100|[from] item: Leftovers
|upkeep
|turn|58
|l| Xnddksksls
|
|t:|1610327068
|move|p1a: Umbreon|Protect|p1a: Umbreon
|-singleturn|p1a: Umbreon|Protect
|move|p2a: Clefable|Moonblast|p1a: Umbreon
|-activate|p1a: Umbreon|move: Protect
|
|-heal|p1a: Umbreon|100/100|[from] move: Wish|[wisher] Umbreon
|upkeep
|turn|59
|
|t:|1610327075
|move|p1a: Umbreon|Wish|p1a: Umbreon
|move|p2a: Clefable|Trick|p1a: Umbreon
|-activate|p2a: Clefable|move: Trick|[of] p1a: Umbreon
|-item|p1a: Umbreon|Black Sludge|[from] move: Trick
|-item|p2a: Clefable|Leftovers|[from] move: Trick
|
|-damage|p1a: Umbreon|88/100|[from] item: Black Sludge
|-heal|p2a: Clefable|93/100 tox|[from] item: Leftovers
|upkeep
|turn|60
|
|t:|1610327081
|switch|p1a: Ditto|Ditto|59/100
|-damage|p1a: Ditto|47/100|[from] Stealth Rock
|-transform|p1a: Ditto|p2a: Clefable|[from] ability: Imposter
|move|p2a: Clefable|Moonblast|p1a: Ditto
|-damage|p1a: Ditto|8/100
|
|-heal|p1a: Ditto|73/100|[from] move: Wish|[wisher] Umbreon
|-heal|p2a: Clefable|99/100 tox|[from] item: Leftovers
|upkeep
|turn|61
|
|t:|1610327096
|switch|p2a: Hydreigon|Hydreigon, M|58/100 psn
|move|p1a: Ditto|Trick|p2a: Hydreigon
|-activate|p1a: Ditto|move: Trick|[of] p2a: Hydreigon
|-item|p2a: Hydreigon|Choice Scarf|[from] move: Trick
|-item|p1a: Ditto|Leftovers|[from] move: Trick
|
|-heal|p1a: Ditto|79/100|[from] item: Leftovers
|-damage|p2a: Hydreigon|46/100 psn|[from] psn
|upkeep
|turn|62
|
|t:|1610327101
|move|p2a: Hydreigon|Flash Cannon|p1a: Ditto
|-supereffective|p1a: Ditto
|-damage|p1a: Ditto|11/100
|move|p1a: Ditto|Stealth Rock|p2a: Hydreigon
|-sidestart|p2: naw3|move: Stealth Rock
|
|-heal|p1a: Ditto|17/100|[from] item: Leftovers
|-damage|p2a: Hydreigon|33/100 psn|[from] psn
|upkeep
|turn|63
|
|t:|1610327106
|switch|p1a: Umbreon|Umbreon, F|88/100
|-damage|p1a: Umbreon|76/100|[from] Stealth Rock
|move|p2a: Hydreigon|Flash Cannon|p1a: Umbreon
|-damage|p1a: Umbreon|62/100
|
|-damage|p1a: Umbreon|50/100|[from] item: Black Sludge
|-damage|p2a: Hydreigon|21/100 psn|[from] psn
|upkeep
|turn|64
|
|t:|1610327115
|move|p2a: Hydreigon|Flash Cannon|p1a: Umbreon
|-damage|p1a: Umbreon|37/100
|move|p1a: Umbreon|Wish|p1a: Umbreon
|
|-damage|p1a: Umbreon|24/100|[from] item: Black Sludge
|-damage|p2a: Hydreigon|9/100 psn|[from] psn
|upkeep
|turn|65
|
|t:|1610327120
|move|p1a: Umbreon|Protect|p1a: Umbreon
|-singleturn|p1a: Umbreon|Protect
|move|p2a: Hydreigon|Flash Cannon|p1a: Umbreon
|-activate|p1a: Umbreon|move: Protect
|
|-heal|p1a: Umbreon|74/100|[from] move: Wish|[wisher] Umbreon
|-damage|p1a: Umbreon|62/100|[from] item: Black Sludge
|-damage|p2a: Hydreigon|0 fnt|[from] psn
|faint|p2a: Hydreigon
|upkeep
|
|t:|1610327144
|switch|p2a: Clefable|Clefable, F|99/100 tox
|turn|66
|j|+rosa
|j| Coxie Normus
|j| Liker of Mudkips
|
|t:|1610327167
|move|p1a: Umbreon|Foul Play|p2a: Clefable
|-resisted|p2a: Clefable
|-damage|p2a: Clefable|93/100 tox
|move|p2a: Clefable|Moonblast|p1a: Umbreon
|-supereffective|p1a: Umbreon
|-damage|p1a: Umbreon|31/100
|
|-damage|p1a: Umbreon|19/100|[from] item: Black Sludge
|-heal|p2a: Clefable|99/100 tox|[from] item: Leftovers
|upkeep
|turn|67
|l| ppev
|
|t:|1610327173
|move|p1a: Umbreon|Wish|p1a: Umbreon
|move|p2a: Clefable|Moonblast|p1a: Umbreon
|-supereffective|p1a: Umbreon
|-damage|p1a: Umbreon|0 fnt
|faint|p1a: Umbreon
|
|-heal|p2a: Clefable|100/100 tox|[from] item: Leftovers
|upkeep
|
|t:|1610327176
|switch|p1a: Tapu Fini|Tapu Fini, shiny|27/100
|-damage|p1a: Tapu Fini|15/100|[from] Stealth Rock
|-fieldstart|move: Misty Terrain|[from] ability: Misty Surge|[of] p1a: Tapu Fini
|turn|68
|
|t:|1610327178
|move|p1a: Tapu Fini|Draining Kiss|p2a: Clefable
|-damage|p2a: Clefable|86/100 tox
|-heal|p1a: Tapu Fini|27/100|[from] drain|[of] p2a: Clefable
|move|p2a: Clefable|Moonblast|p1a: Tapu Fini
|-damage|p1a: Tapu Fini|3/100
|
|-heal|p1a: Tapu Fini|61/100|[from] move: Wish|[wisher] Umbreon
|-heal|p1a: Tapu Fini|67/100|[from] item: Leftovers
|-heal|p2a: Clefable|92/100 tox|[from] item: Leftovers
|upkeep
|turn|69
|
|t:|1610327185
|switch|p2a: Zapdos|Zapdos|18/100
|move|p1a: Tapu Fini|Calm Mind|p1a: Tapu Fini
|-boost|p1a: Tapu Fini|spa|1
|-boost|p1a: Tapu Fini|spd|1
|
|-heal|p1a: Tapu Fini|73/100|[from] item: Leftovers
|upkeep
|turn|70
|
|t:|1610327189
|move|p2a: Zapdos|Volt Switch|p1a: Tapu Fini
|-supereffective|p1a: Tapu Fini
|-damage|p1a: Tapu Fini|39/100
|
|t:|1610327192
|switch|p2a: Excadrill|Excadrill, F|14/100 brn|[from]move: Volt Switch
|-damage|p2a: Excadrill|11/100 brn|[from] Stealth Rock
|-ability|p2a: Excadrill|Mold Breaker
|move|p1a: Tapu Fini|Draining Kiss|p2a: Excadrill
|-resisted|p2a: Excadrill
|-damage|p2a: Excadrill|0 fnt
|-heal|p1a: Tapu Fini|48/100|[from] drain|[of] p2a: Excadrill
|faint|p2a: Excadrill
|
|-heal|p1a: Tapu Fini|54/100|[from] item: Leftovers
|upkeep
|
|t:|1610327195
|switch|p2a: Zapdos|Zapdos|18/100
|turn|71
|j| gay for pray
|
|t:|1610327198
|move|p2a: Zapdos|Thunderbolt|p1a: Tapu Fini
|-supereffective|p1a: Tapu Fini
|-damage|p1a: Tapu Fini|8/100
|move|p1a: Tapu Fini|Draining Kiss|p2a: Zapdos
|-damage|p2a: Zapdos|0 fnt
|-heal|p1a: Tapu Fini|21/100|[from] drain|[of] p2a: Zapdos
|faint|p2a: Zapdos
|
|-heal|p1a: Tapu Fini|27/100|[from] item: Leftovers
|upkeep
|
|t:|1610327205
|switch|p2a: Weavile|Weavile, M|68/100
|-damage|p2a: Weavile|43/100|[from] Stealth Rock
|-ability|p2a: Weavile|Pressure
|turn|72
|
|t:|1610327208
|move|p2a: Weavile|Knock Off|p1a: Tapu Fini
|-resisted|p1a: Tapu Fini
|-damage|p1a: Tapu Fini|6/100
|-enditem|p1a: Tapu Fini|Leftovers|[from] move: Knock Off|[of] p2a: Weavile
|move|p1a: Tapu Fini|Calm Mind|p1a: Tapu Fini
|-boost|p1a: Tapu Fini|spa|1
|-boost|p1a: Tapu Fini|spd|1
|
|-fieldend|Misty Terrain
|upkeep
|turn|73
|-message|SkipTheDripBayless forfeited.
|
|win|naw3
|l|☆SkipTheDripBayless
|l|☆naw3
|raw|SkipTheDripBayless's rating: 1744 &rarr; <strong>1723</strong><br />(-21 for losing)
|raw|naw3's rating: 1734 &rarr; <strong>1755</strong><br />(+21 for winning)
|l| AverageJoe326
|l|+rosa
|l| Liker of Mudkips
|l| WaleTheTop-Notch
