|j|☆Raimei Hakkei
|j|☆brettfavreinnocent
|t:|1665389449
|gametype|singles
|player|p1|Raimei Hakkei|2|1757
|player|p2|brettfavreinnocent|harlequin|1848
|teamsize|p1|6
|teamsize|p2|6
|gen|8
|tier|[Gen 8] OU
|rated|
|rule|Sleep Clause Mod: Limit one foe put to sleep
|rule|Species Clause: Limit one of each Pokémon
|rule|OHKO Clause: OHKO moves are banned
|rule|Evasion Items Clause: Evasion items are banned
|rule|Evasion Moves Clause: Evasion moves are banned
|rule|Endless Battle Clause: Forcing endless battles is banned
|rule|HP Percentage Mod: HP is shown in percentages
|rule|Dynamax Clause: You cannot dynamax
|clearpoke
|poke|p1|Landorus-Therian, M|
|poke|p1|Urshifu-*, F|
|poke|p1|Dragonite, M|
|poke|p1|Tyrantrum, M|
|poke|p1|Aegislash, M|
|poke|p1|Chansey, F|
|poke|p2|Zapdos-Galar|
|poke|p2|Weavile, F|
|poke|p2|Hippowdon, F|
|poke|p2|Tapu Lele|
|poke|p2|Celesteela|
|poke|p2|Volcanion|
|teampreview
|inactive|Battle timer is ON: inactive players will automatically lose when time's up. (requested by brettfavreinnocent)
|inactive|Raimei Hakkei also wants the timer to be on.
|j| hsh3184
|
|t:|1665389464
|start
|switch|p1a: Aegislash|Aegislash, M|100/100
|switch|p2a: Hippowdon|Hippowdon, F|100/100
|-weather|Sandstorm|[from] ability: Sand Stream|[of] p2a: Hippowdon
|turn|1
|
|t:|1665389468
|switch|p1a: Chansey|Chansey, F|100/100
|move|p2a: Hippowdon|Earthquake|p1a: Chansey
|-damage|p1a: Chansey|77/100
|
|-weather|Sandstorm|[upkeep]
|-damage|p1a: Chansey|71/100|[from] Sandstorm
|upkeep
|turn|2
|
|t:|1665389471
|move|p2a: Hippowdon|Stealth Rock|p1a: Chansey
|-sidestart|p1: Raimei Hakkei|move: Stealth Rock
|move|p1a: Chansey|Teleport|p1a: Chansey
|
|t:|1665389475
|switch|p1a: Urshifu|Urshifu-Rapid-Strike, F|100/100|[from]move: Teleport
|-damage|p1a: Urshifu|94/100|[from] Stealth Rock
|
|-weather|Sandstorm|[upkeep]
|-damage|p1a: Urshifu|88/100|[from] Sandstorm
|upkeep
|turn|3
|
|t:|1665389482
|switch|p2a: Volcanion|Volcanion|100/100
|move|p1a: Urshifu|Surging Strikes|p2a: Volcanion
|-immune|p2a: Volcanion|[from] ability: Water Absorb
|
|-weather|Sandstorm|[upkeep]
|-damage|p1a: Urshifu|82/100|[from] Sandstorm
|-damage|p2a: Volcanion|94/100|[from] Sandstorm
|upkeep
|turn|4
|
|t:|1665389489
|switch|p2a: Weavile|Weavile, F|100/100
|-ability|p2a: Weavile|Pressure
|move|p1a: Urshifu|Surging Strikes|p2a: Weavile
|-crit|p2a: Weavile
|-damage|p2a: Weavile|48/100
|-crit|p2a: Weavile
|-damage|p2a: Weavile|0 fnt
|faint|p2a: Weavile
|-hitcount|p2: Weavile|2
|
|-weather|Sandstorm|[upkeep]
|-damage|p1a: Urshifu|76/100|[from] Sandstorm
|upkeep
|
|t:|1665389494
|switch|p2a: Volcanion|Volcanion|94/100
|turn|5
|
|t:|1665389502
|switch|p1a: Dragonite|Dragonite, M|100/100
|switch|p2a: Zapdos|Zapdos-Galar|100/100
|
|-weather|none
|upkeep
|turn|6
|
|t:|1665389509
|switch|p2a: Hippowdon|Hippowdon, F|100/100
|-weather|Sandstorm|[from] ability: Sand Stream|[of] p2a: Hippowdon
|move|p1a: Dragonite|Dual Wingbeat|p2a: Hippowdon
|-damage|p2a: Hippowdon|87/100
|-damage|p1a: Dragonite|84/100|[from] item: Rocky Helmet|[of] p2a: Hippowdon
|-damage|p2a: Hippowdon|73/100
|-damage|p1a: Dragonite|68/100|[from] item: Rocky Helmet|[of] p2a: Hippowdon
|-hitcount|p2a: Hippowdon|2
|
|-weather|Sandstorm|[upkeep]
|-damage|p1a: Dragonite|61/100|[from] Sandstorm
|upkeep
|turn|7
|
|t:|1665389517
|switch|p2a: Zapdos|Zapdos-Galar|100/100
|move|p1a: Dragonite|Roost|p1a: Dragonite
|-heal|p1a: Dragonite|100/100
|-singleturn|p1a: Dragonite|move: Roost
|
|-weather|Sandstorm|[upkeep]
|-damage|p2a: Zapdos|94/100|[from] Sandstorm
|-damage|p1a: Dragonite|94/100|[from] Sandstorm
|upkeep
|turn|8
|
|t:|1665389521
|switch|p2a: Celesteela|Celesteela|100/100
|move|p1a: Dragonite|Dragon Dance|p1a: Dragonite
|-boost|p1a: Dragonite|atk|1
|-boost|p1a: Dragonite|spe|1
|
|-weather|Sandstorm|[upkeep]
|-damage|p1a: Dragonite|88/100|[from] Sandstorm
|upkeep
|turn|9
|
|t:|1665389534
|switch|p1a: Chansey|Chansey, F|71/100
|-damage|p1a: Chansey|59/100|[from] Stealth Rock
|move|p2a: Celesteela|Meteor Beam||[still]
|-prepare|p2a: Celesteela|Meteor Beam
|-boost|p2a: Celesteela|spa|1
|-enditem|p2a: Celesteela|Power Herb
|-anim|p2a: Celesteela|Meteor Beam|p1a: Chansey
|-damage|p1a: Chansey|41/100
|
|-weather|Sandstorm|[upkeep]
|-damage|p1a: Chansey|34/100|[from] Sandstorm
|upkeep
|turn|10
|
|t:|1665389545
|switch|p2a: Zapdos|Zapdos-Galar|94/100
|move|p1a: Chansey|Soft-Boiled|p1a: Chansey
|-heal|p1a: Chansey|84/100
|
|-weather|none
|upkeep
|turn|11
|
|t:|1665389557
|move|p2a: Zapdos|Brave Bird|p1a: Chansey
|-damage|p1a: Chansey|44/100
|-damage|p2a: Zapdos|66/100|[from] Recoil
|move|p1a: Chansey|Soft-Boiled|p1a: Chansey
|-heal|p1a: Chansey|94/100
|
|upkeep
|turn|12
|
|t:|1665389566
|move|p2a: Zapdos|Brave Bird|p1a: Chansey
|-damage|p1a: Chansey|51/100
|-damage|p2a: Zapdos|37/100|[from] Recoil
|move|p1a: Chansey|Toxic|p2a: Zapdos
|-status|p2a: Zapdos|tox
|
|-damage|p2a: Zapdos|31/100 tox|[from] psn
|upkeep
|turn|13
|
|t:|1665389570
|move|p2a: Zapdos|Close Combat|p1a: Chansey
|-supereffective|p1a: Chansey
|-damage|p1a: Chansey|0 fnt
|-unboost|p2a: Zapdos|def|1
|-unboost|p2a: Zapdos|spd|1
|faint|p1a: Chansey
|
|-damage|p2a: Zapdos|18/100 tox|[from] psn
|upkeep
|
|t:|1665389585
|switch|p1a: Aegislash|Aegislash, M|100/100
|-damage|p1a: Aegislash|94/100|[from] Stealth Rock
|turn|14
|
|t:|1665389590
|move|p2a: Zapdos|Brave Bird|p1a: Aegislash
|-resisted|p1a: Aegislash
|-damage|p1a: Aegislash|56/100
|-damage|p2a: Zapdos|8/100 tox|[from] Recoil
|-formechange|p1a: Aegislash|Aegislash-Blade||[from] ability: Stance Change
|move|p1a: Aegislash|Shadow Ball|p2a: Zapdos
|-damage|p2a: Zapdos|0 fnt
|faint|p2a: Zapdos
|
|upkeep
|
|t:|1665389599
|switch|p2a: Volcanion|Volcanion|94/100
|turn|15
|
|t:|1665389602
|-formechange|p1a: Aegislash|Aegislash||[from] ability: Stance Change
|move|p1a: Aegislash|King's Shield|p1a: Aegislash
|-singleturn|p1a: Aegislash|Protect
|move|p2a: Volcanion|Steam Eruption|p1a: Aegislash
|-activate|p1a: Aegislash|move: Protect
|
|upkeep
|turn|16
|
|t:|1665389605
|switch|p1a: Dragonite|Dragonite, M|88/100
|move|p2a: Volcanion|Steam Eruption|p1a: Dragonite
|-resisted|p1a: Dragonite
|-damage|p1a: Dragonite|53/100
|
|upkeep
|turn|17
|
|t:|1665389612
|move|p1a: Dragonite|Dual Wingbeat|p2a: Volcanion
|-damage|p2a: Volcanion|74/100
|-damage|p2a: Volcanion|52/100
|-hitcount|p2a: Volcanion|2
|move|p2a: Volcanion|Steam Eruption|p1a: Dragonite
|-resisted|p1a: Dragonite
|-damage|p1a: Dragonite|20/100
|-status|p1a: Dragonite|brn
|
|-damage|p1a: Dragonite|14/100 brn|[from] brn
|upkeep
|turn|18
|
|t:|1665389621
|switch|p2a: Celesteela|Celesteela|100/100
|move|p1a: Dragonite|Dual Wingbeat|p2a: Celesteela|[miss]
|-miss|p1a: Dragonite|p2a: Celesteela
|
|-damage|p1a: Dragonite|8/100 brn|[from] brn
|upkeep
|turn|19
|
|t:|1665389629
|move|p1a: Dragonite|Roost|p1a: Dragonite
|-heal|p1a: Dragonite|58/100 brn
|-singleturn|p1a: Dragonite|move: Roost
|move|p2a: Celesteela|Autotomize|p2a: Celesteela
|-boost|p2a: Celesteela|spe|2
|-start|p2a: Celesteela|Autotomize
|
|-damage|p1a: Dragonite|52/100 brn|[from] brn
|upkeep
|turn|20
|
|t:|1665389634
|switch|p1a: Tyrantrum|Tyrantrum, M|100/100
|-damage|p1a: Tyrantrum|88/100|[from] Stealth Rock
|move|p2a: Celesteela|Meteor Beam||[still]
|-prepare|p2a: Celesteela|Meteor Beam
|-boost|p2a: Celesteela|spa|1
|
|upkeep
|turn|21
|
|t:|1665389640
|move|p2a: Celesteela|Meteor Beam|p1a: Tyrantrum|[from]lockedmove
|-crit|p1a: Tyrantrum
|-damage|p1a: Tyrantrum|0 fnt
|faint|p1a: Tyrantrum
|-ability|p2a: Celesteela|Beast Boost|boost
|-boost|p2a: Celesteela|spa|1
|
|upkeep
|c|☆Raimei Hakkei|lucky mf
|-message|Raimei Hakkei forfeited.
|
|win|brettfavreinnocent
|raw|Raimei Hakkei's rating: 1757 &rarr; <strong>1742</strong><br />(-15 for losing)
|raw|brettfavreinnocent's rating: 1848 &rarr; <strong>1863</strong><br />(+15 for winning)
|c|☆brettfavreinnocent|i got no clue if that mattered
|c|☆brettfavreinnocent|sorty
|c|☆brettfavreinnocent|sorry*
|l|☆Raimei Hakkei
|l|☆brettfavreinnocent
|j|☆brettfavreinnocent
|player|p2|brettfavreinnocent|harlequin
