|j|☆Storm Zone
|j|☆Rorschach I
|player|p1|Storm Zone|zinnia|1737
|player|p2|Rorschach I|cynthia|1765
|teamsize|p1|6
|teamsize|p2|6
|gametype|singles
|gen|8
|tier|[Gen 8] OU
|rated|
|clearpoke
|poke|p1|Torkoal, M|
|poke|p1|Necrozma|
|poke|p1|Shiftry, M|
|poke|p1|Durant, M|
|poke|p1|Cinderace, M|
|poke|p1|Togekiss, M|
|poke|p2|Terrakion|
|poke|p2|Aegislash, M|
|poke|p2|Crawdaunt, M|
|poke|p2|Zeraora|
|poke|p2|Kyurem|
|poke|p2|Togekiss, M|
|rule|Sleep Clause Mod: Limit one foe put to sleep
|rule|Species Clause: Limit one of each Pokémon
|rule|OHKO Clause: OHKO moves are banned
|rule|Evasion Moves Clause: Evasion moves are banned
|rule|Endless Battle Clause: Forcing endless battles is banned
|rule|HP Percentage Mod: HP is shown in percentages
|rule|Dynamax Clause: You cannot dynamax
|teampreview
|
|start
|switch|p1a: Megatronus|Necrozma|100/100
|switch|p2a: Terrakion|Terrakion|100/100
|turn|1
|j| yuy
|
|move|p2a: Terrakion|Taunt|p1a: Megatronus
|-start|p1a: Megatronus|move: Taunt
|move|p1a: Megatronus|Earth Power|p2a: Terrakion
|-supereffective|p2a: Terrakion
|-enditem|p2a: Terrakion|Focus Sash
|-damage|p2a: Terrakion|1/100
|
|upkeep
|turn|2
|
|switch|p1a: Kazame|Torkoal, M|100/100
|-weather|SunnyDay|[from] ability: Drought|[of] p1a: Kazame
|move|p2a: Terrakion|Stealth Rock|p1a: Kazame
|-sidestart|p1: Storm Zone|move: Stealth Rock
|
|-weather|SunnyDay|[upkeep]
|upkeep
|turn|3
|
|move|p2a: Terrakion|Taunt|p1a: Kazame
|-start|p1a: Kazame|move: Taunt
|move|p1a: Kazame|Rapid Spin|p2a: Terrakion
|-resisted|p2a: Terrakion
|-damage|p2a: Terrakion|0 fnt
|-boost|p1a: Kazame|spe|1
|-sideend|p1: Storm Zone|Stealth Rock|[from] move: Rapid Spin|[of] p1a: Kazame
|faint|p2a: Terrakion
|
|-weather|SunnyDay|[upkeep]
|upkeep
|
|switch|p2a: Togekiss|Togekiss, M|100/100
|turn|4
|j| i love dynamax
|
|move|p2a: Togekiss|Air Slash|p1a: Kazame
|-damage|p1a: Kazame|51/100
|move|p1a: Kazame|Lava Plume|p2a: Togekiss
|-damage|p2a: Togekiss|66/100
|
|-weather|SunnyDay|[upkeep]
|upkeep
|turn|5
|
|switch|p1a: Cl0ud n1n3|Togekiss, M|100/100
|move|p2a: Togekiss|Air Slash|p1a: Cl0ud n1n3
|-crit|p1a: Cl0ud n1n3
|-damage|p1a: Cl0ud n1n3|48/100
|
|-weather|SunnyDay|[upkeep]
|upkeep
|turn|6
|
|move|p1a: Cl0ud n1n3|Air Slash|p2a: Togekiss
|-damage|p2a: Togekiss|31/100
|cant|p2a: Togekiss|flinch
|
|-weather|SunnyDay|[upkeep]
|upkeep
|turn|7
|
|switch|p2a: Aegislash|Aegislash, M|100/100
|-item|p2a: Aegislash|Air Balloon
|move|p1a: Cl0ud n1n3|Air Slash|p2a: Aegislash
|-resisted|p2a: Aegislash
|-damage|p2a: Aegislash|83/100
|-enditem|p2a: Aegislash|Air Balloon
|
|-weather|SunnyDay|[upkeep]
|upkeep
|turn|8
|
|switch|p1a: Megatronus|Necrozma|100/100
|-formechange|p2a: Aegislash|Aegislash-Blade||[from] ability: Stance Change
|move|p2a: Aegislash|Close Combat|p1a: Megatronus
|-resisted|p1a: Megatronus
|-damage|p1a: Megatronus|77/100
|-unboost|p2a: Aegislash|def|1
|-unboost|p2a: Aegislash|spd|1
|
|-weather|SunnyDay|[upkeep]
|upkeep
|turn|9
|
|switch|p2a: Kyurem|Kyurem|100/100
|-ability|p2a: Kyurem|Pressure
|move|p1a: Megatronus|Heat Wave|p2a: Kyurem
|-damage|p2a: Kyurem|31/100
|
|-weather|none
|upkeep
|turn|10
|
|move|p2a: Kyurem|Ice Beam|p1a: Megatronus
|-damage|p1a: Megatronus|4/100
|move|p1a: Megatronus|Heat Wave|p2a: Kyurem
|-damage|p2a: Kyurem|0 fnt
|faint|p2a: Kyurem
|
|upkeep
|
|switch|p2a: Togekiss|Togekiss, M|31/100
|turn|11
|
|move|p2a: Togekiss|Air Slash|p1a: Megatronus
|-damage|p1a: Megatronus|0 fnt
|faint|p1a: Megatronus
|
|upkeep
|
|switch|p1a: Cl0ud n1n3|Togekiss, M|48/100
|turn|12
|
|move|p2a: Togekiss|Air Slash|p1a: Cl0ud n1n3
|-damage|p1a: Cl0ud n1n3|10/100
|cant|p1a: Cl0ud n1n3|flinch
|
|upkeep
|turn|13
|
|move|p2a: Togekiss|Air Slash|p1a: Cl0ud n1n3
|-damage|p1a: Cl0ud n1n3|0 fnt
|faint|p1a: Cl0ud n1n3
|
|upkeep
|
|switch|p1a: Liberacy|Cinderace, M|100/100
|turn|14
|
|move|p1a: Liberacy|Sucker Punch|p2a: Togekiss
|-resisted|p2a: Togekiss
|-damage|p2a: Togekiss|11/100
|move|p2a: Togekiss|Air Slash|p1a: Liberacy
|-damage|p1a: Liberacy|46/100
|
|upkeep
|turn|15
|
|switch|p2a: Crawdaunt|Crawdaunt, M|100/100
|switch|p1a: Kazame|Torkoal, M|51/100
|-weather|SunnyDay|[from] ability: Drought|[of] p1a: Kazame
|
|-weather|SunnyDay|[upkeep]
|upkeep
|turn|16
|
|move|p2a: Crawdaunt|Knock Off|p1a: Kazame
|-damage|p1a: Kazame|2/100
|-enditem|p1a: Kazame|Heat Rock|[from] move: Knock Off|[of] p2a: Crawdaunt
|-damage|p2a: Crawdaunt|91/100|[from] item: Life Orb
|move|p1a: Kazame|Will-O-Wisp|p2a: Crawdaunt
|-status|p2a: Crawdaunt|brn
|
|-weather|SunnyDay|[upkeep]
|-damage|p2a: Crawdaunt|85/100 brn|[from] brn
|upkeep
|turn|17
|
|move|p2a: Crawdaunt|Knock Off|p1a: Kazame
|-damage|p1a: Kazame|0 fnt
|-damage|p2a: Crawdaunt|75/100 brn|[from] item: Life Orb
|faint|p1a: Kazame
|
|-weather|SunnyDay|[upkeep]
|-damage|p2a: Crawdaunt|69/100 brn|[from] brn
|upkeep
|
|switch|p1a: Assassin|Shiftry, M|100/100
|turn|18
|
|move|p1a: Assassin|Growth|p1a: Assassin
|-boost|p1a: Assassin|atk|2
|-boost|p1a: Assassin|spa|2
|move|p2a: Crawdaunt|Knock Off|p1a: Assassin
|-resisted|p1a: Assassin
|-damage|p1a: Assassin|61/100
|-enditem|p1a: Assassin|Life Orb|[from] move: Knock Off|[of] p2a: Crawdaunt
|-damage|p2a: Crawdaunt|59/100 brn|[from] item: Life Orb
|
|-weather|SunnyDay|[upkeep]
|-damage|p2a: Crawdaunt|53/100 brn|[from] brn
|upkeep
|turn|19
|
|move|p1a: Assassin|Leaf Blade|p2a: Crawdaunt
|-supereffective|p2a: Crawdaunt
|-crit|p2a: Crawdaunt
|-damage|p2a: Crawdaunt|0 fnt
|faint|p2a: Crawdaunt
|
|-weather|SunnyDay|[upkeep]
|upkeep
|
|switch|p2a: Aegislash|Aegislash, M|83/100
|turn|20
|
|move|p1a: Assassin|Heat Wave|p2a: Aegislash
|-supereffective|p2a: Aegislash
|-damage|p2a: Aegislash|0 fnt
|faint|p2a: Aegislash
|
|-weather|SunnyDay|[upkeep]
|upkeep
|
|switch|p2a: Zeraora|Zeraora|100/100
|turn|21
|
|move|p1a: Assassin|Leaf Blade|p2a: Zeraora
|-damage|p2a: Zeraora|0 fnt
|faint|p2a: Zeraora
|
|-weather|SunnyDay|[upkeep]
|upkeep
|c|☆Rorschach I|gg
|c|☆Storm Zone|gg
|-message|Rorschach I forfeited.
|
|win|Storm Zone
|l|☆Rorschach I
