|j|☆Greengamer12
|j|☆The Worst (69)
|t:|1645251601
|gametype|singles
|player|p1|Greengamer12|266|1315
|player|p2|The Worst (69)|barry|1331
|teamsize|p1|6
|teamsize|p2|6
|gen|8
|tier|[Gen 8] OU
|rated|
|rule|Sleep Clause Mod: Limit one foe put to sleep
|rule|Species Clause: Limit one of each Pokémon
|rule|OHKO Clause: OHKO moves are banned
|rule|Evasion Moves Clause: Evasion moves are banned
|rule|Endless Battle Clause: Forcing endless battles is banned
|rule|HP Percentage Mod: HP is shown in percentages
|rule|Dynamax Clause: You cannot dynamax
|clearpoke
|poke|p1|Tapu Koko|
|poke|p1|Regieleki|
|poke|p1|Jirachi|
|poke|p1|Landorus-Therian, M|
|poke|p1|Slowbro, M|
|poke|p1|Ferrothorn, M|
|poke|p2|Pelipper, M|
|poke|p2|Kingdra, F|
|poke|p2|Kabutops, M|
|poke|p2|Seismitoad, F|
|poke|p2|Clefable, F|
|poke|p2|Corviknight, M|
|teampreview
|inactive|Battle timer is ON: inactive players will automatically lose when time's up. (requested by The Worst (69))
|
|t:|1645251627
|start
|switch|p1a: Tapu Koko|Tapu Koko|100/100
|switch|p2a: Pelipper|Pelipper, M|100/100
|-fieldstart|move: Electric Terrain|[from] ability: Electric Surge|[of] p1a: Tapu Koko
|-weather|RainDance|[from] ability: Drizzle|[of] p2a: Pelipper
|turn|1
|
|t:|1645251631
|switch|p2a: Seismitoad|Seismitoad, F|100/100
|move|p1a: Tapu Koko|U-turn|p2a: Seismitoad
|-damage|p2a: Seismitoad|82/100
|
|t:|1645251639
|switch|p1a: Ferrothorn|Ferrothorn, M|100/100|[from]move: U-turn
|
|-weather|RainDance|[upkeep]
|upkeep
|turn|2
|
|t:|1645251645
|move|p2a: Seismitoad|Stealth Rock|p1a: Ferrothorn
|-sidestart|p1: Greengamer12|move: Stealth Rock
|move|p1a: Ferrothorn|Leech Seed|p2a: Seismitoad
|-start|p2a: Seismitoad|move: Leech Seed
|
|-weather|RainDance|[upkeep]
|-damage|p2a: Seismitoad|69/100|[from] Leech Seed|[of] p1a: Ferrothorn
|upkeep
|turn|3
|
|t:|1645251649
|switch|p2a: Clefable|Clefable, F|100/100
|move|p1a: Ferrothorn|Stealth Rock|p2a: Clefable
|-sidestart|p2: The Worst (69)|move: Stealth Rock
|
|-weather|RainDance|[upkeep]
|upkeep
|turn|4
|inactive|Greengamer12 has 120 seconds left.
|
|t:|1645251680
|switch|p2a: Pelipper|Pelipper, M|100/100
|-damage|p2a: Pelipper|76/100|[from] Stealth Rock
|switch|p1a: Slowbro|Slowbro, M|100/100
|
|-weather|RainDance|[upkeep]
|upkeep
|turn|5
|
|t:|1645251683
|move|p2a: Pelipper|Defog|p1a: Slowbro
|-unboost|p1a: Slowbro|evasion|1
|-sideend|p1: Greengamer12|Stealth Rock|[from] move: Defog|[of] p2a: Pelipper
|-sideend|p2: The Worst (69)|Stealth Rock|[from] move: Defog|[of] p2a: Pelipper
|-fieldend|move: Electric Terrain
|move|p1a: Slowbro|Future Sight|p2a: Pelipper
|-start|p1a: Slowbro|move: Future Sight
|
|-weather|RainDance|[upkeep]
|upkeep
|turn|6
|
|t:|1645251690
|move|p2a: Pelipper|U-turn|p1a: Slowbro
|-supereffective|p1a: Slowbro
|-damage|p1a: Slowbro|90/100
|
|t:|1645251699
|switch|p2a: Kingdra|Kingdra, F|100/100|[from]move: U-turn
|move|p1a: Slowbro|Teleport|p1a: Slowbro
|inactive|Greengamer12 has 120 seconds left.
|
|t:|1645251741
|switch|p1a: Ferrothorn|Ferrothorn, M|100/100|[from]move: Teleport
|
|-weather|RainDance|[upkeep]
|upkeep
|turn|7
|
|t:|1645251762
|move|p2a: Kingdra|Hurricane|p1a: Ferrothorn
|-damage|p1a: Ferrothorn|66/100
|-start|p1a: Ferrothorn|confusion
|-activate|p1a: Ferrothorn|confusion
|move|p1a: Ferrothorn|Stealth Rock|p2a: Kingdra
|-sidestart|p2: The Worst (69)|move: Stealth Rock
|
|-weather|RainDance|[upkeep]
|-end|p2a: Kingdra|move: Future Sight
|-damage|p2a: Kingdra|50/100
|-heal|p1a: Ferrothorn|73/100|[from] item: Leftovers
|upkeep
|turn|8
|inactive|Greengamer12 has 120 seconds left.
|
|t:|1645251781
|switch|p2a: Clefable|Clefable, F|100/100
|-activate|p1a: Ferrothorn|confusion
|-damage|p1a: Ferrothorn|65/100|[from] confusion
|
|-weather|none
|-heal|p1a: Ferrothorn|72/100|[from] item: Leftovers
|upkeep
|turn|9
|inactive|Greengamer12 has 120 seconds left.
|
|t:|1645251787
|switch|p1a: Tapu Koko|Tapu Koko|100/100
|-fieldstart|move: Electric Terrain|[from] ability: Electric Surge|[of] p1a: Tapu Koko
|move|p2a: Clefable|Calm Mind|p2a: Clefable
|-boost|p2a: Clefable|spa|1
|-boost|p2a: Clefable|spd|1
|
|upkeep
|turn|10
|
|t:|1645251792
|move|p1a: Tapu Koko|U-turn|p2a: Clefable
|-resisted|p2a: Clefable
|-damage|p2a: Clefable|91/100
|
|t:|1645251798
|switch|p1a: Landorus|Landorus-Therian, M|100/100|[from]move: U-turn
|-ability|p1a: Landorus|Intimidate|boost
|-unboost|p2a: Clefable|atk|1
|move|p2a: Clefable|Moonblast|p1a: Landorus
|-damage|p1a: Landorus|67/100
|
|-heal|p1a: Landorus|73/100|[from] item: Leftovers
|-heal|p2a: Clefable|97/100|[from] item: Leftovers
|upkeep
|turn|11
|
|t:|1645251807
|switch|p2a: Corviknight|Corviknight, M|100/100
|-damage|p2a: Corviknight|88/100|[from] Stealth Rock
|-ability|p2a: Corviknight|Pressure
|move|p1a: Landorus|Earthquake|p2a: Corviknight
|-immune|p2a: Corviknight
|
|-heal|p1a: Landorus|80/100|[from] item: Leftovers
|upkeep
|turn|12
|
|t:|1645251812
|move|p1a: Landorus|U-turn|p2a: Corviknight
|-resisted|p2a: Corviknight
|-damage|p2a: Corviknight|84/100
|-damage|p1a: Landorus|63/100|[from] item: Rocky Helmet|[of] p2a: Corviknight
|
|t:|1645251818
|switch|p1a: Regieleki|Regieleki|100/100|[from]move: U-turn
|move|p2a: Corviknight|U-turn|p1a: Regieleki
|-damage|p1a: Regieleki|71/100
|
|t:|1645251828
|switch|p2a: Pelipper|Pelipper, M|76/100|[from]move: U-turn
|-damage|p2a: Pelipper|51/100|[from] Stealth Rock
|-weather|RainDance|[from] ability: Drizzle|[of] p2a: Pelipper
|
|-weather|RainDance|[upkeep]
|upkeep
|turn|13
|
|t:|1645251840
|switch|p1a: Jirachi|Jirachi|100/100
|switch|p2a: Seismitoad|Seismitoad, F|69/100
|-damage|p2a: Seismitoad|63/100|[from] Stealth Rock
|
|-weather|RainDance|[upkeep]
|-fieldend|move: Electric Terrain
|upkeep
|turn|14
|
|t:|1645251850
|move|p2a: Seismitoad|Weather Ball|p1a: Jirachi
|-damage|p1a: Jirachi|34/100
|-damage|p2a: Seismitoad|53/100|[from] item: Life Orb
|move|p1a: Jirachi|Trick|p2a: Seismitoad
|-activate|p1a: Jirachi|move: Trick|[of] p2a: Seismitoad
|-item|p2a: Seismitoad|Ring Target|[from] move: Trick
|-item|p1a: Jirachi|Life Orb|[from] move: Trick
|
|-weather|RainDance|[upkeep]
|upkeep
|turn|15
|
|t:|1645251866
|switch|p1a: Slowbro|Slowbro, M|100/100
|move|p2a: Seismitoad|Weather Ball|p1a: Slowbro
|-resisted|p1a: Slowbro
|-damage|p1a: Slowbro|68/100
|
|-weather|RainDance|[upkeep]
|upkeep
|turn|16
|
|t:|1645251870
|move|p2a: Seismitoad|Stealth Rock|p1a: Slowbro
|-sidestart|p1: Greengamer12|move: Stealth Rock
|move|p1a: Slowbro|Slack Off|p1a: Slowbro
|-heal|p1a: Slowbro|100/100
|
|-weather|RainDance|[upkeep]
|upkeep
|turn|17
|
|t:|1645251877
|move|p2a: Seismitoad|Weather Ball|p1a: Slowbro
|-resisted|p1a: Slowbro
|-damage|p1a: Slowbro|68/100
|move|p1a: Slowbro|Teleport|p1a: Slowbro
|
|t:|1645251882
|switch|p1a: Tapu Koko|Tapu Koko|100/100|[from]move: Teleport
|-fieldstart|move: Electric Terrain|[from] ability: Electric Surge|[of] p1a: Tapu Koko
|
|-weather|RainDance|[upkeep]
|upkeep
|turn|18
|
|t:|1645251893
|switch|p1a: Landorus|Landorus-Therian, M|63/100
|-damage|p1a: Landorus|51/100|[from] Stealth Rock
|-ability|p1a: Landorus|Intimidate|boost
|-unboost|p2a: Seismitoad|atk|1
|move|p2a: Seismitoad|Weather Ball|p1a: Landorus
|-supereffective|p1a: Landorus
|-damage|p1a: Landorus|0 fnt
|faint|p1a: Landorus
|
|-weather|RainDance|[upkeep]
|upkeep
|
|t:|1645251904
|switch|p1a: Regieleki|Regieleki|71/100
|-damage|p1a: Regieleki|59/100|[from] Stealth Rock
|turn|19
|
|t:|1645251910
|switch|p2a: Clefable|Clefable, F|97/100
|move|p1a: Regieleki|Rising Voltage|p2a: Clefable
|-damage|p2a: Clefable|0 fnt
|faint|p2a: Clefable
|
|-weather|none
|upkeep
|
|t:|1645251918
|switch|p2a: Pelipper|Pelipper, M|51/100
|-damage|p2a: Pelipper|26/100|[from] Stealth Rock
|-weather|RainDance|[from] ability: Drizzle|[of] p2a: Pelipper
|turn|20
|
|t:|1645251921
|move|p1a: Regieleki|Rising Voltage|p2a: Pelipper
|-supereffective|p2a: Pelipper
|-damage|p2a: Pelipper|0 fnt
|faint|p2a: Pelipper
|
|-weather|RainDance|[upkeep]
|upkeep
|
|t:|1645251925
|switch|p2a: Kingdra|Kingdra, F|50/100
|-damage|p2a: Kingdra|37/100|[from] Stealth Rock
|turn|21
|
|t:|1645251929
|switch|p1a: Ferrothorn|Ferrothorn, M|72/100
|-damage|p1a: Ferrothorn|65/100|[from] Stealth Rock
|move|p2a: Kingdra|Surf|p1a: Ferrothorn
|-resisted|p1a: Ferrothorn
|-damage|p1a: Ferrothorn|33/100
|
|-weather|RainDance|[upkeep]
|-heal|p1a: Ferrothorn|39/100|[from] item: Leftovers
|-fieldend|move: Electric Terrain
|upkeep
|turn|22
|
|t:|1645251934
|move|p2a: Kingdra|Surf|p1a: Ferrothorn
|-resisted|p1a: Ferrothorn
|-crit|p1a: Ferrothorn
|-damage|p1a: Ferrothorn|0 fnt
|faint|p1a: Ferrothorn
|
|-weather|RainDance|[upkeep]
|upkeep
|
|t:|1645251940
|switch|p1a: Slowbro|Slowbro, M|100/100
|turn|23
|
|t:|1645251945
|move|p2a: Kingdra|Surf|p1a: Slowbro
|-resisted|p1a: Slowbro
|-damage|p1a: Slowbro|54/100
|move|p1a: Slowbro|Slack Off|p1a: Slowbro
|-heal|p1a: Slowbro|100/100
|
|-weather|RainDance|[upkeep]
|upkeep
|turn|24
|
|t:|1645251953
|move|p2a: Kingdra|Surf|p1a: Slowbro
|-resisted|p1a: Slowbro
|-damage|p1a: Slowbro|48/100
|move|p1a: Slowbro|Slack Off|p1a: Slowbro
|-heal|p1a: Slowbro|98/100
|
|-weather|RainDance|[upkeep]
|upkeep
|turn|25
|
|t:|1645251964
|move|p2a: Kingdra|Surf|p1a: Slowbro
|-resisted|p1a: Slowbro
|-damage|p1a: Slowbro|52/100
|move|p1a: Slowbro|Slack Off|p1a: Slowbro
|-heal|p1a: Slowbro|100/100
|
|-weather|RainDance|[upkeep]
|upkeep
|turn|26
|
|t:|1645251974
|switch|p2a: Seismitoad|Seismitoad, F|53/100
|-damage|p2a: Seismitoad|48/100|[from] Stealth Rock
|move|p1a: Slowbro|Slack Off||[still]
|-fail|p1a: Slowbro|heal
|
|-weather|RainDance|[upkeep]
|upkeep
|turn|27
|
|t:|1645251980
|move|p2a: Seismitoad|Earth Power|p1a: Slowbro
|-damage|p1a: Slowbro|61/100
|move|p1a: Slowbro|Slack Off|p1a: Slowbro
|-heal|p1a: Slowbro|100/100
|
|-weather|none
|upkeep
|turn|28
|
|t:|1645251989
|switch|p2a: Kingdra|Kingdra, F|37/100
|-damage|p2a: Kingdra|25/100|[from] Stealth Rock
|move|p1a: Slowbro|Teleport|p1a: Slowbro
|
|t:|1645251993
|switch|p1a: Tapu Koko|Tapu Koko|100/100|[from]move: Teleport
|-fieldstart|move: Electric Terrain|[from] ability: Electric Surge|[of] p1a: Tapu Koko
|
|upkeep
|turn|29
|
|t:|1645251998
|switch|p1a: Jirachi|Jirachi|34/100
|-damage|p1a: Jirachi|28/100|[from] Stealth Rock
|move|p2a: Kingdra|Surf|p1a: Jirachi
|-damage|p1a: Jirachi|0 fnt
|faint|p1a: Jirachi
|
|upkeep
|
|t:|1645252012
|switch|p1a: Regieleki|Regieleki|59/100
|-damage|p1a: Regieleki|47/100|[from] Stealth Rock
|turn|30
|
|t:|1645252015
|move|p1a: Regieleki|Rising Voltage|p2a: Kingdra
|-damage|p2a: Kingdra|0 fnt
|faint|p2a: Kingdra
|
|upkeep
|
|t:|1645252022
|switch|p2a: Corviknight|Corviknight, M|84/100
|-damage|p2a: Corviknight|72/100|[from] Stealth Rock
|-ability|p2a: Corviknight|Pressure
|turn|31
|
|t:|1645252026
|move|p1a: Regieleki|Rising Voltage|p2a: Corviknight
|-supereffective|p2a: Corviknight
|-damage|p2a: Corviknight|0 fnt
|faint|p2a: Corviknight
|
|upkeep
|
|t:|1645252029
|switch|p2a: Seismitoad|Seismitoad, F|48/100
|-damage|p2a: Seismitoad|42/100|[from] Stealth Rock
|turn|32
|
|t:|1645252041
|move|p1a: Regieleki|Rising Voltage|p2a: Seismitoad
|-supereffective|p2a: Seismitoad
|-damage|p2a: Seismitoad|0 fnt
|faint|p2a: Seismitoad
|
|-fieldend|move: Electric Terrain
|upkeep
|-message|The Worst (69) forfeited.
|
|win|Greengamer12
|raw|Greengamer12's rating: 1315 &rarr; <strong>1336</strong><br />(+21 for winning)
|raw|The Worst (69)'s rating: 1331 &rarr; <strong>1310</strong><br />(-21 for losing)
|l|☆The Worst (69)
|c|☆Greengamer12|we gottem
