|j|☆Gilbraker kekkk
|j|☆Run For Me Plz
|t:|1662444589
|gametype|singles
|player|p1|Gilbraker kekkk|jogger|1444
|player|p2|Run For Me Plz|blue-gen2|1585
|teamsize|p1|6
|teamsize|p2|6
|gen|8
|tier|[Gen 8] OU
|rated|
|rule|Sleep Clause Mod: Limit one foe put to sleep
|rule|Species Clause: Limit one of each Pokémon
|rule|OHKO Clause: OHKO moves are banned
|rule|Evasion Items Clause: Evasion items are banned
|rule|Evasion Moves Clause: Evasion moves are banned
|rule|Endless Battle Clause: Forcing endless battles is banned
|rule|HP Percentage Mod: HP is shown in percentages
|rule|Dynamax Clause: You cannot dynamax
|clearpoke
|poke|p1|Chansey, F|
|poke|p1|Toxapex, F|
|poke|p1|Dragapult, F|
|poke|p1|Corviknight, M|
|poke|p1|Landorus-Therian, M|
|poke|p1|Tornadus-Therian, M|
|poke|p2|Mandibuzz, F|
|poke|p2|Blacephalon|
|poke|p2|Kartana|
|poke|p2|Tapu Lele|
|poke|p2|Urshifu-*, M|
|poke|p2|Garchomp, F|
|teampreview
|inactive|Battle timer is ON: inactive players will automatically lose when time's up. (requested by Gilbraker kekkk)
|
|t:|1662444596
|start
|switch|p1a: Tornadus|Tornadus-Therian, M|100/100
|switch|p2a: Urshifu|Urshifu-Rapid-Strike, M|100/100
|turn|1
|
|t:|1662444601
|switch|p2a: Mandibuzz|Mandibuzz, F|100/100
|move|p1a: Tornadus|U-turn|p2a: Mandibuzz
|-damage|p2a: Mandibuzz|89/100
|
|t:|1662444606
|switch|p1a: Toxapex|Toxapex, F, shiny|100/100|[from]move: U-turn
|
|upkeep
|turn|2
|
|t:|1662444611
|switch|p2a: Tapu Lele|Tapu Lele|100/100
|-fieldstart|move: Psychic Terrain|[from] ability: Psychic Surge|[of] p2a: Tapu Lele
|move|p1a: Toxapex|Scald|p2a: Tapu Lele
|-damage|p2a: Tapu Lele|83/100
|
|upkeep
|turn|3
|
|t:|1662444620
|switch|p1a: Chansey|Chansey, F|100/100
|move|p2a: Tapu Lele|Psyshock|p1a: Chansey
|-damage|p1a: Chansey|47/100
|
|upkeep
|turn|4
|
|t:|1662444624
|switch|p1a: Corviknight|Corviknight, M|100/100
|-ability|p1a: Corviknight|Pressure
|move|p2a: Tapu Lele|Psyshock|p1a: Corviknight
|-resisted|p1a: Corviknight
|-damage|p1a: Corviknight|76/100
|
|upkeep
|turn|5
|
|t:|1662444631
|switch|p2a: Blacephalon|Blacephalon, shiny|100/100
|switch|p1a: Tornadus|Tornadus-Therian, M|100/100
|
|upkeep
|turn|6
|
|t:|1662444634
|switch|p2a: Mandibuzz|Mandibuzz, F|89/100
|move|p1a: Tornadus|Knock Off|p2a: Mandibuzz
|-resisted|p2a: Mandibuzz
|-damage|p2a: Mandibuzz|81/100
|-enditem|p2a: Mandibuzz|Heavy-Duty Boots|[from] move: Knock Off|[of] p1a: Tornadus
|
|-fieldend|move: Psychic Terrain
|upkeep
|turn|7
|
|t:|1662444637
|move|p1a: Tornadus|Taunt|p2a: Mandibuzz
|-start|p2a: Mandibuzz|move: Taunt
|move|p2a: Mandibuzz|U-turn|p1a: Tornadus
|-resisted|p1a: Tornadus
|-damage|p1a: Tornadus|93/100
|
|t:|1662444640
|switch|p2a: Garchomp|Garchomp, F|100/100|[from]move: U-turn
|
|upkeep
|turn|8
|
|t:|1662444644
|move|p1a: Tornadus|Taunt|p2a: Garchomp
|-start|p2a: Garchomp|move: Taunt
|cant|p2a: Garchomp|move: Taunt|Toxic
|
|upkeep
|turn|9
|
|t:|1662444647
|switch|p2a: Mandibuzz|Mandibuzz, F|81/100
|move|p1a: Tornadus|Knock Off|p2a: Mandibuzz
|-resisted|p2a: Mandibuzz
|-damage|p2a: Mandibuzz|76/100
|
|upkeep
|turn|10
|
|t:|1662444651
|move|p1a: Tornadus|Taunt|p2a: Mandibuzz
|-start|p2a: Mandibuzz|move: Taunt
|move|p2a: Mandibuzz|U-turn|p1a: Tornadus
|-resisted|p1a: Tornadus
|-damage|p1a: Tornadus|85/100
|
|t:|1662444655
|switch|p2a: Tapu Lele|Tapu Lele|83/100|[from]move: U-turn
|-fieldstart|move: Psychic Terrain|[from] ability: Psychic Surge|[of] p2a: Tapu Lele
|
|upkeep
|turn|11
|
|t:|1662444658
|move|p1a: Tornadus|Knock Off|p2a: Tapu Lele
|-damage|p2a: Tapu Lele|44/100
|-enditem|p2a: Tapu Lele|Choice Specs|[from] move: Knock Off|[of] p1a: Tornadus
|move|p2a: Tapu Lele|Thunderbolt|p1a: Tornadus
|-supereffective|p1a: Tornadus
|-damage|p1a: Tornadus|0 fnt
|faint|p1a: Tornadus
|
|upkeep
|
|t:|1662444664
|switch|p1a: Chansey|Chansey, F|47/100
|turn|12
|
|t:|1662444666
|move|p2a: Tapu Lele|Psyshock|p1a: Chansey
|-damage|p1a: Chansey|8/100
|move|p1a: Chansey|Soft-Boiled|p1a: Chansey
|-heal|p1a: Chansey|59/100
|
|upkeep
|turn|13
|
|t:|1662444674
|switch|p2a: Blacephalon|Blacephalon, shiny|100/100
|move|p1a: Chansey|Soft-Boiled|p1a: Chansey
|-heal|p1a: Chansey|100/100
|
|upkeep
|turn|14
|
|t:|1662444676
|move|p2a: Blacephalon|Trick|p1a: Chansey
|-activate|p2a: Blacephalon|move: Trick|[of] p1a: Chansey
|-item|p1a: Chansey|Choice Specs|[from] move: Trick
|-item|p2a: Blacephalon|Eviolite|[from] move: Trick
|move|p1a: Chansey|Thunder Wave|p2a: Blacephalon
|-status|p2a: Blacephalon|par
|
|-fieldend|move: Psychic Terrain
|upkeep
|turn|15
|
|t:|1662444681
|switch|p2a: Garchomp|Garchomp, F|100/100
|switch|p1a: Toxapex|Toxapex, F, shiny|100/100
|
|upkeep
|turn|16
|
|t:|1662444685
|move|p2a: Garchomp|Stealth Rock|p1a: Toxapex
|-sidestart|p1: Gilbraker kekkk|move: Stealth Rock
|move|p1a: Toxapex|Toxic Spikes|p2a: Garchomp
|-sidestart|p2: Run For Me Plz|move: Toxic Spikes
|
|upkeep
|turn|17
|
|t:|1662444690
|switch|p1a: Corviknight|Corviknight, M|76/100
|-damage|p1a: Corviknight|63/100|[from] Stealth Rock
|-ability|p1a: Corviknight|Pressure
|move|p2a: Garchomp|Earthquake|p1a: Corviknight
|-immune|p1a: Corviknight
|
|upkeep
|turn|18
|
|t:|1662444693
|switch|p2a: Mandibuzz|Mandibuzz, F|76/100
|move|p1a: Corviknight|Roost|p1a: Corviknight
|-heal|p1a: Corviknight|100/100
|-singleturn|p1a: Corviknight|move: Roost
|
|upkeep
|turn|19
|
|t:|1662444695
|move|p2a: Mandibuzz|Defog|p1a: Corviknight
|-unboost|p1a: Corviknight|evasion|1
|-sideend|p1: Gilbraker kekkk|Stealth Rock|[from] move: Defog|[of] p2a: Mandibuzz
|-sideend|p2: Run For Me Plz|Toxic Spikes|[from] move: Defog|[of] p2a: Mandibuzz
|move|p1a: Corviknight|Iron Defense|p1a: Corviknight
|-boost|p1a: Corviknight|def|2
|
|upkeep
|turn|20
|
|t:|1662444705
|move|p2a: Mandibuzz|U-turn|p1a: Corviknight
|-resisted|p1a: Corviknight
|-damage|p1a: Corviknight|99/100
|-damage|p2a: Mandibuzz|59/100|[from] item: Rocky Helmet|[of] p1a: Corviknight
|
|t:|1662444709
|switch|p2a: Tapu Lele|Tapu Lele|44/100|[from]move: U-turn
|-fieldstart|move: Psychic Terrain|[from] ability: Psychic Surge|[of] p2a: Tapu Lele
|move|p1a: Corviknight|Brave Bird|p2a: Tapu Lele
|-damage|p2a: Tapu Lele|0 fnt
|faint|p2a: Tapu Lele
|-damage|p1a: Corviknight|90/100|[from] Recoil
|
|upkeep
|
|t:|1662444715
|switch|p2a: Blacephalon|Blacephalon, shiny|100/100 par
|turn|21
|
|t:|1662444723
|switch|p1a: Chansey|Chansey, F|100/100
|move|p2a: Blacephalon|Trick|p1a: Chansey
|-activate|p2a: Blacephalon|move: Trick|[of] p1a: Chansey
|-item|p1a: Chansey|Eviolite|[from] move: Trick
|-item|p2a: Blacephalon|Choice Specs|[from] move: Trick
|
|upkeep
|turn|22
|
|t:|1662444731
|switch|p1a: Toxapex|Toxapex, F, shiny|100/100
|move|p2a: Blacephalon|Trick|p1a: Toxapex
|-activate|p2a: Blacephalon|move: Trick|[of] p1a: Toxapex
|-item|p1a: Toxapex|Choice Specs|[from] move: Trick
|-item|p2a: Blacephalon|Rocky Helmet|[from] move: Trick
|
|upkeep
|turn|23
|
|t:|1662444739
|switch|p2a: Mandibuzz|Mandibuzz, F|59/100
|move|p1a: Toxapex|Scald|p2a: Mandibuzz
|-damage|p2a: Mandibuzz|38/100
|-status|p2a: Mandibuzz|brn
|
|-damage|p2a: Mandibuzz|32/100 brn|[from] brn
|upkeep
|turn|24
|
|t:|1662444748
|switch|p1a: Corviknight|Corviknight, M|90/100
|-ability|p1a: Corviknight|Pressure
|move|p2a: Mandibuzz|Roost|p2a: Mandibuzz
|-heal|p2a: Mandibuzz|82/100 brn
|-singleturn|p2a: Mandibuzz|move: Roost
|
|-damage|p2a: Mandibuzz|76/100 brn|[from] brn
|-fieldend|move: Psychic Terrain
|upkeep
|turn|25
|
|t:|1662444753
|move|p2a: Mandibuzz|U-turn|p1a: Corviknight
|-resisted|p1a: Corviknight
|-damage|p1a: Corviknight|89/100
|-damage|p2a: Mandibuzz|59/100 brn|[from] item: Rocky Helmet|[of] p1a: Corviknight
|
|t:|1662444755
|switch|p2a: Blacephalon|Blacephalon, shiny|100/100 par|[from]move: U-turn
|move|p1a: Corviknight|Brave Bird|p2a: Blacephalon
|-damage|p2a: Blacephalon|21/100 par
|-damage|p1a: Corviknight|72/100|[from] item: Rocky Helmet|[of] p2a: Blacephalon
|-damage|p1a: Corviknight|56/100|[from] Recoil
|
|upkeep
|turn|26
|
|t:|1662444763
|switch|p1a: Toxapex|Toxapex, F, shiny|100/100
|cant|p2a: Blacephalon|par
|
|upkeep
|turn|27
|
|t:|1662444769
|switch|p2a: Mandibuzz|Mandibuzz, F|59/100 brn
|move|p1a: Toxapex|Scald|p2a: Mandibuzz
|-damage|p2a: Mandibuzz|40/100 brn
|
|-damage|p2a: Mandibuzz|34/100 brn|[from] brn
|upkeep
|turn|28
|
|t:|1662444773
|switch|p1a: Corviknight|Corviknight, M|56/100
|-ability|p1a: Corviknight|Pressure
|move|p2a: Mandibuzz|Roost|p2a: Mandibuzz
|-heal|p2a: Mandibuzz|84/100 brn
|-singleturn|p2a: Mandibuzz|move: Roost
|
|-damage|p2a: Mandibuzz|78/100 brn|[from] brn
|upkeep
|turn|29
|
|t:|1662444776
|switch|p2a: Blacephalon|Blacephalon, shiny|21/100 par
|move|p1a: Corviknight|Roost|p1a: Corviknight
|-heal|p1a: Corviknight|100/100
|-singleturn|p1a: Corviknight|move: Roost
|
|upkeep
|turn|30
|
|t:|1662444780
|switch|p1a: Toxapex|Toxapex, F, shiny|100/100
|move|p2a: Blacephalon|Shadow Ball|p1a: Toxapex
|-damage|p1a: Toxapex|60/100
|
|upkeep
|turn|31
|
|t:|1662444784
|switch|p2a: Mandibuzz|Mandibuzz, F|78/100 brn
|move|p1a: Toxapex|Scald|p2a: Mandibuzz
|-damage|p2a: Mandibuzz|57/100 brn
|
|-damage|p2a: Mandibuzz|51/100 brn|[from] brn
|upkeep
|turn|32
|
|t:|1662444789
|move|p2a: Mandibuzz|Roost|p2a: Mandibuzz
|-heal|p2a: Mandibuzz|100/100 brn
|-singleturn|p2a: Mandibuzz|move: Roost
|move|p1a: Toxapex|Scald|p2a: Mandibuzz
|-damage|p2a: Mandibuzz|80/100 brn
|
|-damage|p2a: Mandibuzz|74/100 brn|[from] brn
|upkeep
|turn|33
|
|t:|1662444794
|move|p2a: Mandibuzz|Foul Play|p1a: Toxapex
|-damage|p1a: Toxapex|55/100
|move|p1a: Toxapex|Scald|p2a: Mandibuzz
|-damage|p2a: Mandibuzz|52/100 brn
|
|-damage|p2a: Mandibuzz|46/100 brn|[from] brn
|upkeep
|turn|34
|
|t:|1662444797
|move|p2a: Mandibuzz|Roost|p2a: Mandibuzz
|-heal|p2a: Mandibuzz|96/100 brn
|-singleturn|p2a: Mandibuzz|move: Roost
|move|p1a: Toxapex|Scald|p2a: Mandibuzz
|-damage|p2a: Mandibuzz|75/100 brn
|
|-damage|p2a: Mandibuzz|69/100 brn|[from] brn
|upkeep
|turn|35
|
|t:|1662444801
|move|p2a: Mandibuzz|Roost|p2a: Mandibuzz
|-heal|p2a: Mandibuzz|100/100 brn
|-singleturn|p2a: Mandibuzz|move: Roost
|move|p1a: Toxapex|Scald|p2a: Mandibuzz
|-damage|p2a: Mandibuzz|80/100 brn
|
|-damage|p2a: Mandibuzz|74/100 brn|[from] brn
|upkeep
|turn|36
|
|t:|1662444804
|switch|p2a: Garchomp|Garchomp, F|100/100
|move|p1a: Toxapex|Scald|p2a: Garchomp
|-damage|p2a: Garchomp|83/100
|-status|p2a: Garchomp|brn
|
|-heal|p2a: Garchomp|89/100 brn|[from] item: Leftovers
|-damage|p2a: Garchomp|83/100 brn|[from] brn
|upkeep
|turn|37
|
|t:|1662444811
|switch|p1a: Landorus|Landorus-Therian, M|100/100
|-ability|p1a: Landorus|Intimidate|boost
|-unboost|p2a: Garchomp|atk|1
|move|p2a: Garchomp|Stealth Rock|p1a: Landorus
|-sidestart|p1: Gilbraker kekkk|move: Stealth Rock
|
|-heal|p2a: Garchomp|89/100 brn|[from] item: Leftovers
|-damage|p2a: Garchomp|83/100 brn|[from] brn
|upkeep
|turn|38
|
|t:|1662444814
|move|p2a: Garchomp|Toxic|p1a: Landorus
|-status|p1a: Landorus|tox
|move|p1a: Landorus|Stealth Rock|p2a: Garchomp
|-sidestart|p2: Run For Me Plz|move: Stealth Rock
|
|-heal|p2a: Garchomp|89/100 brn|[from] item: Leftovers
|-damage|p1a: Landorus|94/100 tox|[from] psn
|-damage|p2a: Garchomp|83/100 brn|[from] brn
|upkeep
|turn|39
|
|t:|1662444823
|move|p2a: Garchomp|Protect|p2a: Garchomp
|-singleturn|p2a: Garchomp|Protect
|move|p1a: Landorus|Earthquake|p2a: Garchomp
|-activate|p2a: Garchomp|move: Protect
|
|-heal|p2a: Garchomp|89/100 brn|[from] item: Leftovers
|-damage|p1a: Landorus|82/100 tox|[from] psn
|-damage|p2a: Garchomp|83/100 brn|[from] brn
|upkeep
|turn|40
|
|t:|1662444830
|switch|p2a: Blacephalon|Blacephalon, shiny|21/100 par
|-damage|p2a: Blacephalon|0 fnt|[from] Stealth Rock
|faint|p2a: Blacephalon
|switch|p1a: Corviknight|Corviknight, M|100/100
|-damage|p1a: Corviknight|88/100|[from] Stealth Rock
|-ability|p1a: Corviknight|Pressure
|
|upkeep
|
|t:|1662444837
|switch|p2a: Urshifu|Urshifu-Rapid-Strike, M|100/100
|-damage|p2a: Urshifu|94/100|[from] Stealth Rock
|turn|41
|
|t:|1662444840
|switch|p1a: Toxapex|Toxapex, F, shiny|88/100
|-damage|p1a: Toxapex|76/100|[from] Stealth Rock
|move|p2a: Urshifu|Surging Strikes|p1a: Toxapex
|-resisted|p1a: Toxapex
|-crit|p1a: Toxapex
|-damage|p1a: Toxapex|70/100
|-resisted|p1a: Toxapex
|-crit|p1a: Toxapex
|-damage|p1a: Toxapex|64/100
|-resisted|p1a: Toxapex
|-crit|p1a: Toxapex
|-damage|p1a: Toxapex|58/100
|-hitcount|p1a: Toxapex|3
|
|upkeep
|turn|42
|
|t:|1662444845
|move|p2a: Urshifu|U-turn|p1a: Toxapex
|-resisted|p1a: Toxapex
|-damage|p1a: Toxapex|50/100
|
|t:|1662444846
|switch|p2a: Garchomp|Garchomp, F|83/100 brn|[from]move: U-turn
|-damage|p2a: Garchomp|76/100 brn|[from] Stealth Rock
|move|p1a: Toxapex|Scald|p2a: Garchomp
|-damage|p2a: Garchomp|59/100 brn
|
|-heal|p2a: Garchomp|65/100 brn|[from] item: Leftovers
|-damage|p2a: Garchomp|59/100 brn|[from] brn
|upkeep
|turn|43
|
|t:|1662444852
|switch|p2a: Urshifu|Urshifu-Rapid-Strike, M|94/100
|-damage|p2a: Urshifu|88/100|[from] Stealth Rock
|switch|p1a: Corviknight|Corviknight, M|88/100
|-damage|p1a: Corviknight|76/100|[from] Stealth Rock
|-ability|p1a: Corviknight|Pressure
|
|upkeep
|turn|44
|
|t:|1662444855
|switch|p1a: Toxapex|Toxapex, F, shiny|83/100
|-damage|p1a: Toxapex|71/100|[from] Stealth Rock
|move|p2a: Urshifu|Surging Strikes|p1a: Toxapex
|-resisted|p1a: Toxapex
|-crit|p1a: Toxapex
|-damage|p1a: Toxapex|65/100
|-resisted|p1a: Toxapex
|-crit|p1a: Toxapex
|-damage|p1a: Toxapex|58/100
|-resisted|p1a: Toxapex
|-crit|p1a: Toxapex
|-damage|p1a: Toxapex|52/100
|-hitcount|p1a: Toxapex|3
|
|upkeep
|turn|45
|
|t:|1662444859
|move|p2a: Urshifu|U-turn|p1a: Toxapex
|-resisted|p1a: Toxapex
|-damage|p1a: Toxapex|45/100
|
|t:|1662444860
|switch|p2a: Garchomp|Garchomp, F|59/100 brn|[from]move: U-turn
|-damage|p2a: Garchomp|53/100 brn|[from] Stealth Rock
|move|p1a: Toxapex|Scald|p2a: Garchomp
|-damage|p2a: Garchomp|35/100 brn
|
|-heal|p2a: Garchomp|42/100 brn|[from] item: Leftovers
|-damage|p2a: Garchomp|35/100 brn|[from] brn
|upkeep
|turn|46
|
|t:|1662444865
|switch|p2a: Kartana|Kartana|100/100
|-damage|p2a: Kartana|94/100|[from] Stealth Rock
|switch|p1a: Corviknight|Corviknight, M|76/100
|-damage|p1a: Corviknight|64/100|[from] Stealth Rock
|-ability|p1a: Corviknight|Pressure
|
|upkeep
|turn|47
|
|t:|1662444869
|move|p2a: Kartana|Knock Off|p1a: Corviknight
|-damage|p1a: Corviknight|36/100
|-damage|p2a: Kartana|78/100|[from] item: Rocky Helmet|[of] p1a: Corviknight
|-enditem|p1a: Corviknight|Rocky Helmet|[from] move: Knock Off|[of] p2a: Kartana
|move|p1a: Corviknight|Roost|p1a: Corviknight
|-heal|p1a: Corviknight|86/100
|-singleturn|p1a: Corviknight|move: Roost
|
|upkeep
|turn|48
|
|t:|1662444876
|switch|p2a: Urshifu|Urshifu-Rapid-Strike, M|88/100
|-damage|p2a: Urshifu|82/100|[from] Stealth Rock
|move|p1a: Corviknight|Brave Bird|p2a: Urshifu
|-supereffective|p2a: Urshifu
|-damage|p2a: Urshifu|5/100
|-damage|p1a: Corviknight|65/100|[from] Recoil
|
|upkeep
|turn|49
|
|t:|1662444879
|switch|p1a: Toxapex|Toxapex, F, shiny|78/100
|-damage|p1a: Toxapex|66/100|[from] Stealth Rock
|move|p2a: Urshifu|Surging Strikes|p1a: Toxapex
|-resisted|p1a: Toxapex
|-crit|p1a: Toxapex
|-damage|p1a: Toxapex|60/100
|-resisted|p1a: Toxapex
|-crit|p1a: Toxapex
|-damage|p1a: Toxapex|53/100
|-resisted|p1a: Toxapex
|-crit|p1a: Toxapex
|-damage|p1a: Toxapex|47/100
|-hitcount|p1a: Toxapex|3
|
|upkeep
|turn|50
|
|t:|1662444883
|move|p2a: Urshifu|Surging Strikes|p1a: Toxapex
|-resisted|p1a: Toxapex
|-crit|p1a: Toxapex
|-damage|p1a: Toxapex|40/100
|-resisted|p1a: Toxapex
|-crit|p1a: Toxapex
|-damage|p1a: Toxapex|34/100
|-resisted|p1a: Toxapex
|-crit|p1a: Toxapex
|-damage|p1a: Toxapex|27/100
|-hitcount|p1a: Toxapex|3
|move|p1a: Toxapex|Scald|p2a: Urshifu
|-resisted|p2a: Urshifu
|-damage|p2a: Urshifu|0 fnt
|faint|p2a: Urshifu
|
|upkeep
|
|t:|1662444887
|switch|p2a: Kartana|Kartana|78/100
|-damage|p2a: Kartana|72/100|[from] Stealth Rock
|turn|51
|c|☆Gilbraker kekkk|gg
|
|t:|1662444894
|switch|p1a: Corviknight|Corviknight, M|65/100
|-damage|p1a: Corviknight|52/100|[from] Stealth Rock
|-ability|p1a: Corviknight|Pressure
|move|p2a: Kartana|Sacred Sword|p1a: Corviknight
|-damage|p1a: Corviknight|29/100
|
|upkeep
|turn|52
|c|☆Gilbraker kekkk|24%
|
|t:|1662444904
|move|p2a: Kartana|Sacred Sword|p1a: Corviknight
|-damage|p1a: Corviknight|6/100
|move|p1a: Corviknight|Roost|p1a: Corviknight
|-heal|p1a: Corviknight|56/100
|-singleturn|p1a: Corviknight|move: Roost
|
|upkeep
|turn|53
|c|☆Gilbraker kekkk|crit
|-message|Run For Me Plz forfeited.
|
|win|Gilbraker kekkk
|raw|Gilbraker kekkk's rating: 1444 &rarr; <strong>1472</strong><br />(+28 for winning)
|raw|Run For Me Plz's rating: 1585 &rarr; <strong>1557</strong><br />(-28 for losing)
|l|☆Run For Me Plz
