|j|☆chansey and lulu
|j|☆LT94JE Allistair
|t:|1664027032
|gametype|singles
|player|p1|chansey and lulu|hooligans|1725
|player|p2|LT94JE Allistair|101|1814
|teamsize|p1|6
|teamsize|p2|6
|gen|8
|tier|[Gen 8] OU
|rated|
|rule|Sleep Clause Mod: Limit one foe put to sleep
|rule|Species Clause: Limit one of each Pokémon
|rule|OHKO Clause: OHKO moves are banned
|rule|Evasion Items Clause: Evasion items are banned
|rule|Evasion Moves Clause: Evasion moves are banned
|rule|Endless Battle Clause: Forcing endless battles is banned
|rule|HP Percentage Mod: HP is shown in percentages
|rule|Dynamax Clause: You cannot dynamax
|clearpoke
|poke|p1|Tapu Lele|
|poke|p1|Blacephalon|
|poke|p1|Tyranitar, F|
|poke|p1|Landorus-Therian, M|
|poke|p1|Corviknight, M|
|poke|p1|Toxapex, M|
|poke|p2|Mew|
|poke|p2|Slurpuff, F|
|poke|p2|Jirachi|
|poke|p2|Zeraora|
|poke|p2|Vanilluxe, F|
|poke|p2|Espeon, F|
|teampreview
|j| NDHB
|inactive|Battle timer is ON: inactive players will automatically lose when time's up. (requested by chansey and lulu)
|inactive|LT94JE Allistair has 120 seconds left.
|inactive|LT94JE Allistair has 90 seconds left.
|inactive|LT94JE Allistair has 60 seconds left.
|
|t:|1664027185
|start
|switch|p1a: Blacephalon|Blacephalon|100/100
|switch|p2a: Zeraora|Zeraora|100/100
|turn|1
|inactive|LT94JE Allistair has 120 seconds left.
|
|t:|1664027191
|switch|p1a: Landorus|Landorus-Therian, M|100/100
|-ability|p1a: Landorus|Intimidate|boost
|-unboost|p2a: Zeraora|atk|1
|move|p2a: Zeraora|Knock Off|p1a: Landorus
|-damage|p1a: Landorus|82/100
|-enditem|p1a: Landorus|Leftovers|[from] move: Knock Off|[of] p2a: Zeraora
|
|upkeep
|turn|2
|inactive|LT94JE Allistair has 120 seconds left.
|inactive|LT94JE Allistair has 90 seconds left.
|
|t:|1664027245
|switch|p2a: Vanilluxe|Vanilluxe, F|100/100
|-weather|Hail|[from] ability: Snow Warning|[of] p2a: Vanilluxe
|move|p1a: Landorus|U-turn|p2a: Vanilluxe
|-damage|p2a: Vanilluxe|68/100
|
|t:|1664027252
|switch|p1a: Tyranitar|Tyranitar, F|100/100|[from]move: U-turn
|-weather|Sandstorm|[from] ability: Sand Stream|[of] p1a: Tyranitar
|
|-weather|Sandstorm|[upkeep]
|-damage|p2a: Vanilluxe|62/100|[from] Sandstorm
|upkeep
|turn|3
|inactive|LT94JE Allistair has 90 seconds left.
|
|t:|1664027263
|move|p2a: Vanilluxe|Hail|p2a: Vanilluxe
|-weather|Hail
|move|p1a: Tyranitar|Crunch|p2a: Vanilluxe
|-damage|p2a: Vanilluxe|0 fnt
|faint|p2a: Vanilluxe
|
|-weather|Hail|[upkeep]
|-damage|p1a: Tyranitar|94/100|[from] Hail
|upkeep
|inactive|LT94JE Allistair has 90 seconds left.
|
|t:|1664027291
|switch|p2a: Slurpuff|Slurpuff, F|100/100
|turn|4
|
|t:|1664027299
|switch|p1a: Corviknight|Corviknight, M|100/100
|-ability|p1a: Corviknight|Pressure
|move|p2a: Slurpuff|Sticky Web|p1a: Corviknight
|-sidestart|p1: chansey and lulu|move: Sticky Web
|
|-weather|Hail|[upkeep]
|-damage|p2a: Slurpuff|94/100|[from] Hail
|-damage|p1a: Corviknight|94/100|[from] Hail
|upkeep
|turn|5
|
|t:|1664027309
|move|p2a: Slurpuff|Misty Explosion|p1a: Corviknight
|-resisted|p1a: Corviknight
|-damage|p1a: Corviknight|81/100
|faint|p2a: Slurpuff
|move|p1a: Corviknight|Defog|p2: Slurpuff|[notarget]
|-fail|p1a: Corviknight
|
|-weather|Hail|[upkeep]
|-damage|p1a: Corviknight|75/100|[from] Hail
|upkeep
|
|t:|1664027321
|switch|p2a: Jirachi|Jirachi|100/100
|turn|6
|
|t:|1664027325
|move|p2a: Jirachi|Cosmic Power|p2a: Jirachi
|-boost|p2a: Jirachi|def|1
|-boost|p2a: Jirachi|spd|1
|move|p1a: Corviknight|Defog|p2a: Jirachi
|-unboost|p2a: Jirachi|evasion|1
|-sideend|p1: chansey and lulu|Sticky Web|[from] move: Defog|[of] p1a: Corviknight
|
|-weather|Hail|[upkeep]
|-damage|p2a: Jirachi|94/100|[from] Hail
|-damage|p1a: Corviknight|69/100|[from] Hail
|upkeep
|turn|7
|
|t:|1664027336
|switch|p1a: Toxapex|Toxapex, M|100/100
|move|p2a: Jirachi|Cosmic Power|p2a: Jirachi
|-boost|p2a: Jirachi|def|1
|-boost|p2a: Jirachi|spd|1
|
|-weather|none
|upkeep
|turn|8
|
|t:|1664027344
|move|p2a: Jirachi|Stored Power|p1a: Toxapex
|-supereffective|p1a: Toxapex
|-damage|p1a: Toxapex|40/100
|-enditem|p1a: Toxapex|Eject Button
|
|t:|1664027349
|switch|p1a: Tyranitar|Tyranitar, F|94/100
|-weather|Sandstorm|[from] ability: Sand Stream|[of] p1a: Tyranitar
|
|-weather|Sandstorm|[upkeep]
|upkeep
|turn|9
|
|t:|1664027355
|switch|p1a: Toxapex|Toxapex, M|74/100
|move|p2a: Jirachi|Wish|p2a: Jirachi
|
|-weather|Sandstorm|[upkeep]
|-damage|p1a: Toxapex|68/100|[from] Sandstorm
|upkeep
|turn|10
|
|t:|1664027361
|move|p2a: Jirachi|Stored Power|p1a: Toxapex
|-supereffective|p1a: Toxapex
|-damage|p1a: Toxapex|6/100
|move|p1a: Toxapex|Haze|p1a: Toxapex
|-clearallboost
|
|-weather|Sandstorm|[upkeep]
|-damage|p1a: Toxapex|0 fnt|[from] Sandstorm
|faint|p1a: Toxapex
|-heal|p2a: Jirachi|100/100|[from] move: Wish|[wisher] Jirachi
|upkeep
|
|t:|1664027372
|switch|p1a: Blacephalon|Blacephalon|100/100
|turn|11
|
|t:|1664027375
|switch|p2a: Espeon|Espeon, F|100/100
|move|p1a: Blacephalon|Shadow Ball|p2a: Espeon
|-supereffective|p2a: Espeon
|-damage|p2a: Espeon|0 fnt
|faint|p2a: Espeon
|-ability|p1a: Blacephalon|Beast Boost|boost
|-boost|p1a: Blacephalon|spa|1
|
|-weather|Sandstorm|[upkeep]
|-damage|p1a: Blacephalon|94/100|[from] Sandstorm
|upkeep
|
|t:|1664027378
|switch|p2a: Zeraora|Zeraora|100/100
|turn|12
|
|t:|1664027388
|switch|p1a: Landorus|Landorus-Therian, M|82/100
|-ability|p1a: Landorus|Intimidate|boost
|-unboost|p2a: Zeraora|atk|1
|move|p2a: Zeraora|Knock Off|p1a: Landorus
|-damage|p1a: Landorus|69/100
|
|-weather|none
|upkeep
|turn|13
|
|t:|1664027401
|move|p2a: Zeraora|Taunt|p1a: Landorus
|-start|p1a: Landorus|move: Taunt
|move|p1a: Landorus|Earthquake|p2a: Zeraora
|-supereffective|p2a: Zeraora
|-damage|p2a: Zeraora|0 fnt
|faint|p2a: Zeraora
|
|upkeep
|
|t:|1664027404
|switch|p2a: Jirachi|Jirachi|100/100
|turn|14
|
|t:|1664027417
|move|p2a: Jirachi|Cosmic Power|p2a: Jirachi
|-boost|p2a: Jirachi|def|1
|-boost|p2a: Jirachi|spd|1
|move|p1a: Landorus|U-turn|p2a: Jirachi
|-damage|p2a: Jirachi|86/100
|
|t:|1664027424
|switch|p1a: Blacephalon|Blacephalon|94/100|[from]move: U-turn
|
|upkeep
|turn|15
|
|t:|1664027435
|move|p1a: Blacephalon|Shadow Ball|p2a: Jirachi
|-supereffective|p2a: Jirachi
|-damage|p2a: Jirachi|0 fnt
|faint|p2a: Jirachi
|-ability|p1a: Blacephalon|Beast Boost|boost
|-boost|p1a: Blacephalon|spa|1
|
|upkeep
|-message|LT94JE Allistair forfeited.
|
|win|chansey and lulu
|raw|chansey and lulu's rating: 1725 &rarr; <strong>1750</strong><br />(+25 for winning)
|raw|LT94JE Allistair's rating: 1814 &rarr; <strong>1789</strong><br />(-25 for losing)
|l|☆LT94JE Allistair
|l|☆chansey and lulu
||Ladder isn't responding, score probably updated but might not have (Request timeout).
