|j|☆swumpy mumpus
|j|☆d18l
|t:|1667181560
|gametype|singles
|player|p1|swumpy mumpus|101|1709
|player|p2|d18l|backpacker|1710
|teamsize|p1|6
|teamsize|p2|6
|gen|8
|tier|[Gen 8] OU
|rated|
|rule|Sleep Clause Mod: Limit one foe put to sleep
|rule|Species Clause: Limit one of each Pokémon
|rule|OHKO Clause: OHKO moves are banned
|rule|Evasion Items Clause: Evasion items are banned
|rule|Evasion Moves Clause: Evasion moves are banned
|rule|Endless Battle Clause: Forcing endless battles is banned
|rule|HP Percentage Mod: HP is shown in percentages
|rule|Dynamax Clause: You cannot dynamax
|clearpoke
|poke|p1|Rillaboom, F|
|poke|p1|Mandibuzz, F|
|poke|p1|Blaziken, M|
|poke|p1|Dracozolt|
|poke|p1|Kartana|
|poke|p1|Bronzong|
|poke|p2|Kartana|
|poke|p2|Heatran, F|
|poke|p2|Landorus-Therian, M|
|poke|p2|Slowbro, M|
|poke|p2|Umbreon, M|
|poke|p2|Tapu Koko|
|teampreview
|j| KMTQ
|j| Jongruenwald
|j| Ctannn
|inactive|Battle timer is ON: inactive players will automatically lose when time's up. (requested by swumpy mumpus)
|
|t:|1667181575
|start
|switch|p1a: Rillaboom|Rillaboom, F|100/100
|switch|p2a: Landorus|Landorus-Therian, M|100/100
|-fieldstart|move: Grassy Terrain|[from] ability: Grassy Surge|[of] p1a: Rillaboom
|-ability|p2a: Landorus|Intimidate|boost
|-unboost|p1a: Rillaboom|atk|1
|turn|1
|
|t:|1667181580
|switch|p2a: Heatran|Heatran, F|100/100
|move|p1a: Rillaboom|Knock Off|p2a: Heatran
|-crit|p2a: Heatran
|-damage|p2a: Heatran|67/100
|-enditem|p2a: Heatran|Leftovers|[from] move: Knock Off|[of] p1a: Rillaboom
|
|-heal|p2a: Heatran|73/100|[from] Grassy Terrain
|upkeep
|turn|2
|
|t:|1667181609
|switch|p1a: Mandibuzz|Mandibuzz, F|100/100
|move|p2a: Heatran|Stealth Rock|p1a: Mandibuzz
|-sidestart|p1: swumpy mumpus|move: Stealth Rock
|
|-heal|p2a: Heatran|79/100|[from] Grassy Terrain
|upkeep
|turn|3
|
|t:|1667181612
|move|p2a: Heatran|Protect|p2a: Heatran
|-singleturn|p2a: Heatran|Protect
|move|p1a: Mandibuzz|U-turn|p2a: Heatran
|-activate|p2a: Heatran|move: Protect
|
|-heal|p2a: Heatran|86/100|[from] Grassy Terrain
|upkeep
|turn|4
|
|t:|1667181615
|move|p1a: Mandibuzz|U-turn|p2a: Heatran
|-resisted|p2a: Heatran
|-damage|p2a: Heatran|84/100
|
|t:|1667181617
|switch|p1a: Blaziken|Blaziken, M|100/100|[from]move: U-turn
|-damage|p1a: Blaziken|88/100|[from] Stealth Rock
|move|p2a: Heatran|Toxic|p1a: Blaziken
|-status|p1a: Blaziken|tox
|
|-heal|p1a: Blaziken|94/100 tox|[from] Grassy Terrain
|-heal|p1a: Blaziken|100/100 tox|[from] item: Leftovers
|-heal|p2a: Heatran|90/100|[from] Grassy Terrain
|-damage|p1a: Blaziken|94/100 tox|[from] psn
|upkeep
|turn|5
|j| Ferchula123
|
|t:|1667181627
|switch|p2a: Landorus|Landorus-Therian, M|100/100
|-ability|p2a: Landorus|Intimidate|boost
|-unboost|p1a: Blaziken|atk|1
|move|p1a: Blaziken|Close Combat|p2a: Landorus
|-resisted|p2a: Landorus
|-crit|p2a: Landorus
|-damage|p2a: Landorus|51/100
|-unboost|p1a: Blaziken|def|1
|-unboost|p1a: Blaziken|spd|1
|
|-heal|p1a: Blaziken|100/100 tox|[from] Grassy Terrain
|-heal|p2a: Landorus|57/100|[from] item: Leftovers
|-damage|p1a: Blaziken|88/100 tox|[from] psn
|-fieldend|move: Grassy Terrain
|-ability|p1a: Blaziken|Speed Boost|boost
|-boost|p1a: Blaziken|spe|1
|upkeep
|turn|6
|
|t:|1667181648
|switch|p1a: Bronzong|Bronzong|100/100
|-damage|p1a: Bronzong|94/100|[from] Stealth Rock
|move|p2a: Landorus|Earthquake|p1a: Bronzong
|-immune|p1a: Bronzong|[from] ability: Levitate
|
|-heal|p2a: Landorus|63/100|[from] item: Leftovers
|upkeep
|turn|7
|inactive|d18l has 120 seconds left.
|
|t:|1667181676
|switch|p2a: Slowbro|Slowbro, M|100/100
|move|p1a: Bronzong|Stealth Rock|p2a: Slowbro
|-sidestart|p2: d18l|move: Stealth Rock
|
|upkeep
|turn|8
|
|t:|1667181682
|move|p1a: Bronzong|Toxic|p2a: Slowbro
|-status|p2a: Slowbro|tox
|move|p2a: Slowbro|Future Sight|p1a: Bronzong
|-start|p2a: Slowbro|move: Future Sight
|
|-damage|p2a: Slowbro|94/100 tox|[from] psn
|upkeep
|turn|9
|
|t:|1667181684
|move|p1a: Bronzong|Future Sight|p2a: Slowbro
|-start|p1a: Bronzong|move: Future Sight
|move|p2a: Slowbro|Teleport|p2a: Slowbro
|
|t:|1667181694
|switch|p2a: Kartana|Kartana|100/100|[from]move: Teleport
|-damage|p2a: Kartana|94/100|[from] Stealth Rock
|
|upkeep
|turn|10
|
|t:|1667181696
|move|p2a: Kartana|Knock Off|p1a: Bronzong
|-supereffective|p1a: Bronzong
|-enditem|p1a: Bronzong|Colbur Berry|[eat]
|-enditem|p1a: Bronzong|Colbur Berry|[weaken]
|-damage|p1a: Bronzong|49/100
|move|p1a: Bronzong|Body Press|p2a: Kartana
|-supereffective|p2a: Kartana
|-damage|p2a: Kartana|36/100
|
|-end|p1a: Bronzong|move: Future Sight
|-resisted|p1a: Bronzong
|-damage|p1a: Bronzong|42/100
|upkeep
|turn|11
|
|t:|1667181704
|switch|p2a: Slowbro|Slowbro, M|100/100 tox
|switch|p1a: Mandibuzz|Mandibuzz, F|100/100
|
|-end|p2a: Slowbro|move: Future Sight
|-resisted|p2a: Slowbro
|-damage|p2a: Slowbro|88/100 tox
|-damage|p2a: Slowbro|81/100 tox|[from] psn
|upkeep
|turn|12
|
|t:|1667181709
|move|p1a: Mandibuzz|Foul Play|p2a: Slowbro
|-supereffective|p2a: Slowbro
|-damage|p2a: Slowbro|46/100 tox
|move|p2a: Slowbro|Teleport|p2a: Slowbro
|
|t:|1667181712
|switch|p2a: Umbreon|Umbreon, M|100/100|[from]move: Teleport
|-damage|p2a: Umbreon|88/100|[from] Stealth Rock
|
|-heal|p2a: Umbreon|94/100|[from] item: Leftovers
|upkeep
|turn|13
|
|t:|1667181717
|move|p1a: Mandibuzz|U-turn|p2a: Umbreon
|-supereffective|p2a: Umbreon
|-damage|p2a: Umbreon|80/100
|
|t:|1667181723
|switch|p1a: Bronzong|Bronzong|42/100|[from]move: U-turn
|-damage|p1a: Bronzong|35/100|[from] Stealth Rock
|move|p2a: Umbreon|Wish|p2a: Umbreon
|
|-heal|p2a: Umbreon|87/100|[from] item: Leftovers
|upkeep
|turn|14
|j| ecall
|inactive|swumpy mumpus has 120 seconds left.
|
|t:|1667181759
|move|p2a: Umbreon|Foul Play|p1a: Bronzong
|-supereffective|p1a: Bronzong
|-damage|p1a: Bronzong|5/100
|move|p1a: Bronzong|Body Press|p2a: Umbreon
|-supereffective|p2a: Umbreon
|-damage|p2a: Umbreon|58/100
|
|-heal|p2a: Umbreon|100/100|[from] move: Wish|[wisher] Umbreon
|upkeep
|turn|15
|
|t:|1667181767
|move|p2a: Umbreon|Foul Play|p1a: Bronzong
|-supereffective|p1a: Bronzong
|-damage|p1a: Bronzong|0 fnt
|faint|p1a: Bronzong
|
|upkeep
|inactive|swumpy mumpus has 120 seconds left.
|
|t:|1667181777
|switch|p1a: Dracozolt|Dracozolt|100/100
|-damage|p1a: Dracozolt|88/100|[from] Stealth Rock
|turn|16
|
|t:|1667181788
|move|p1a: Dracozolt|Fire Spin|p2a: Umbreon
|-damage|p2a: Umbreon|96/100
|-activate|p2a: Umbreon|move: Fire Spin|[of] p1a: Dracozolt
|move|p2a: Umbreon|Wish|p2a: Umbreon
|
|-heal|p1a: Dracozolt|94/100|[from] item: Leftovers
|-heal|p2a: Umbreon|100/100|[from] item: Leftovers
|-damage|p2a: Umbreon|88/100|[from] move: Fire Spin|[partiallytrapped]
|upkeep
|turn|17
|
|t:|1667181795
|move|p1a: Dracozolt|Thunder Wave|p2a: Umbreon
|-status|p2a: Umbreon|par
|-activate|p2a: Umbreon|ability: Synchronize
|-immune|p1a: Dracozolt
|move|p2a: Umbreon|Foul Play|p1a: Dracozolt
|-damage|p1a: Dracozolt|72/100
|
|-heal|p2a: Umbreon|100/100 par|[from] move: Wish|[wisher] Umbreon
|-heal|p1a: Dracozolt|79/100|[from] item: Leftovers
|-damage|p2a: Umbreon|88/100 par|[from] move: Fire Spin|[partiallytrapped]
|upkeep
|turn|18
|
|t:|1667181805
|move|p1a: Dracozolt|Taunt|p2a: Umbreon
|-start|p2a: Umbreon|move: Taunt
|cant|p2a: Umbreon|move: Taunt|Wish
|
|-heal|p1a: Dracozolt|85/100|[from] item: Leftovers
|-heal|p2a: Umbreon|94/100 par|[from] item: Leftovers
|-damage|p2a: Umbreon|82/100 par|[from] move: Fire Spin|[partiallytrapped]
|upkeep
|turn|19
|
|t:|1667181808
|move|p1a: Dracozolt|Bolt Beak|p2a: Umbreon
|-damage|p2a: Umbreon|47/100 par
|move|p2a: Umbreon|Foul Play|p1a: Dracozolt
|-damage|p1a: Dracozolt|61/100
|
|-heal|p1a: Dracozolt|68/100|[from] item: Leftovers
|-heal|p2a: Umbreon|53/100 par|[from] item: Leftovers
|-damage|p2a: Umbreon|41/100 par|[from] move: Fire Spin|[partiallytrapped]
|upkeep
|turn|20
|
|t:|1667181810
|move|p1a: Dracozolt|Bolt Beak|p2a: Umbreon
|-damage|p2a: Umbreon|7/100 par
|cant|p2a: Umbreon|par
|
|-heal|p1a: Dracozolt|74/100|[from] item: Leftovers
|-heal|p2a: Umbreon|13/100 par|[from] item: Leftovers
|-damage|p2a: Umbreon|1/100 par|[from] move: Fire Spin|[partiallytrapped]
|-end|p2a: Umbreon|move: Taunt
|upkeep
|turn|21
|
|t:|1667181812
|move|p1a: Dracozolt|Bolt Beak|p2a: Umbreon
|-damage|p2a: Umbreon|0 fnt
|faint|p2a: Umbreon
|
|-heal|p1a: Dracozolt|80/100|[from] item: Leftovers
|upkeep
|
|t:|1667181825
|switch|p2a: Landorus|Landorus-Therian, M|63/100
|-damage|p2a: Landorus|51/100|[from] Stealth Rock
|-ability|p2a: Landorus|Intimidate|boost
|-unboost|p1a: Dracozolt|atk|1
|turn|22
|l| Ctannn
|
|t:|1667181831
|switch|p1a: Mandibuzz|Mandibuzz, F|100/100
|move|p2a: Landorus|U-turn|p1a: Mandibuzz
|-damage|p1a: Mandibuzz|86/100
|
|t:|1667181833
|switch|p2a: Tapu Koko|Tapu Koko|100/100|[from]move: U-turn
|-fieldstart|move: Electric Terrain|[from] ability: Electric Surge|[of] p2a: Tapu Koko
|
|upkeep
|turn|23
|
|t:|1667181840
|switch|p1a: Rillaboom|Rillaboom, F|100/100
|-damage|p1a: Rillaboom|88/100|[from] Stealth Rock
|-fieldstart|move: Grassy Terrain|[from] ability: Grassy Surge|[of] p1a: Rillaboom
|move|p2a: Tapu Koko|Dazzling Gleam|p1a: Rillaboom
|-damage|p1a: Rillaboom|47/100
|
|-heal|p1a: Rillaboom|54/100|[from] Grassy Terrain
|-heal|p1a: Rillaboom|60/100|[from] item: Leftovers
|upkeep
|turn|24
|
|t:|1667181850
|switch|p2a: Heatran|Heatran, F|90/100
|-damage|p2a: Heatran|78/100|[from] Stealth Rock
|move|p1a: Rillaboom|Swords Dance|p1a: Rillaboom
|-boost|p1a: Rillaboom|atk|2
|
|-heal|p1a: Rillaboom|66/100|[from] Grassy Terrain
|-heal|p1a: Rillaboom|72/100|[from] item: Leftovers
|-heal|p2a: Heatran|84/100|[from] Grassy Terrain
|upkeep
|turn|25
|j| Shotintheheart
|
|t:|1667181870
|switch|p2a: Tapu Koko|Tapu Koko|100/100
|-fieldstart|move: Electric Terrain|[from] ability: Electric Surge|[of] p2a: Tapu Koko
|move|p1a: Rillaboom|Drain Punch|p2a: Tapu Koko
|-resisted|p2a: Tapu Koko
|-damage|p2a: Tapu Koko|62/100
|-heal|p1a: Rillaboom|86/100|[from] drain|[of] p2a: Tapu Koko
|
|-heal|p1a: Rillaboom|92/100|[from] item: Leftovers
|upkeep
|turn|26
|j| mack865
|
|t:|1667181878
|move|p2a: Tapu Koko|Dazzling Gleam|p1a: Rillaboom
|-damage|p1a: Rillaboom|57/100
|move|p1a: Rillaboom|Drain Punch|p2a: Tapu Koko
|-resisted|p2a: Tapu Koko
|-damage|p2a: Tapu Koko|23/100
|-heal|p1a: Rillaboom|71/100|[from] drain|[of] p2a: Tapu Koko
|
|-heal|p1a: Rillaboom|77/100|[from] item: Leftovers
|upkeep
|turn|27
|
|t:|1667181883
|move|p2a: Tapu Koko|Dazzling Gleam|p1a: Rillaboom
|-damage|p1a: Rillaboom|38/100
|move|p1a: Rillaboom|Drain Punch|p2a: Tapu Koko
|-resisted|p2a: Tapu Koko
|-damage|p2a: Tapu Koko|0 fnt
|-heal|p1a: Rillaboom|46/100|[from] drain|[of] p2a: Tapu Koko
|faint|p2a: Tapu Koko
|
|-heal|p1a: Rillaboom|52/100|[from] item: Leftovers
|upkeep
|
|t:|1667181885
|switch|p2a: Kartana|Kartana|36/100
|-damage|p2a: Kartana|30/100|[from] Stealth Rock
|turn|28
|j| landmasterrrr
|l| landmasterrrr
|j| t-yeu
|inactive|d18l has 120 seconds left.
|
|t:|1667181941
|switch|p1a: Mandibuzz|Mandibuzz, F|86/100
|move|p2a: Kartana|Knock Off|p1a: Mandibuzz
|-resisted|p1a: Mandibuzz
|-damage|p1a: Mandibuzz|63/100
|-enditem|p1a: Mandibuzz|Heavy-Duty Boots|[from] move: Knock Off|[of] p2a: Kartana
|
|upkeep
|turn|29
|
|t:|1667181959
|switch|p2a: Heatran|Heatran, F|84/100
|-damage|p2a: Heatran|71/100|[from] Stealth Rock
|move|p1a: Mandibuzz|Roost|p1a: Mandibuzz
|-heal|p1a: Mandibuzz|100/100
|-singleturn|p1a: Mandibuzz|move: Roost
|
|-fieldend|move: Electric Terrain
|upkeep
|turn|30
|inactive|d18l has 90 seconds left.
|
|t:|1667181978
|move|p1a: Mandibuzz|U-turn|p2a: Heatran
|-resisted|p2a: Heatran
|-damage|p2a: Heatran|70/100
|
|t:|1667181980
|switch|p1a: Dracozolt|Dracozolt|80/100|[from]move: U-turn
|-damage|p1a: Dracozolt|68/100|[from] Stealth Rock
|move|p2a: Heatran|Lava Plume|p1a: Dracozolt
|-resisted|p1a: Dracozolt
|-damage|p1a: Dracozolt|49/100
|
|-heal|p1a: Dracozolt|55/100|[from] item: Leftovers
|upkeep
|turn|31
|
|t:|1667181987
|switch|p2a: Landorus|Landorus-Therian, M|51/100
|-damage|p2a: Landorus|39/100|[from] Stealth Rock
|-ability|p2a: Landorus|Intimidate|boost
|-unboost|p1a: Dracozolt|atk|1
|move|p1a: Dracozolt|Fire Spin|p2a: Landorus
|-damage|p2a: Landorus|34/100
|-activate|p2a: Landorus|move: Fire Spin|[of] p1a: Dracozolt
|
|-heal|p1a: Dracozolt|61/100|[from] item: Leftovers
|-heal|p2a: Landorus|40/100|[from] item: Leftovers
|-damage|p2a: Landorus|28/100|[from] move: Fire Spin|[partiallytrapped]
|upkeep
|turn|32
|
|t:|1667181992
|switch|p1a: Kartana|Kartana|100/100
|-damage|p1a: Kartana|94/100|[from] Stealth Rock
|move|p2a: Landorus|U-turn|p1a: Kartana
|-damage|p1a: Kartana|71/100
|-message|d18l forfeited.
|
|win|swumpy mumpus
|raw|swumpy mumpus's rating: 1709 &rarr; <strong>1729</strong><br />(+20 for winning)
|raw|d18l's rating: 1710 &rarr; <strong>1690</strong><br />(-20 for losing)
