|j|☆minimax_ai
|j|☆FvkboyCharmander
|t:|1667945167
|gametype|singles
|player|p1|minimax_ai|169|1689
|player|p2|FvkboyCharmander|1|1642
|teamsize|p1|6
|teamsize|p2|6
|gen|8
|tier|[Gen 8] OU
|rated|
|rule|Sleep Clause Mod: Limit one foe put to sleep
|rule|Species Clause: Limit one of each Pokémon
|rule|OHKO Clause: OHKO moves are banned
|rule|Evasion Items Clause: Evasion items are banned
|rule|Evasion Moves Clause: Evasion moves are banned
|rule|Endless Battle Clause: Forcing endless battles is banned
|rule|HP Percentage Mod: HP is shown in percentages
|rule|Dynamax Clause: You cannot dynamax
|clearpoke
|poke|p1|Rotom-Wash|
|poke|p1|Weavile, F|
|poke|p1|Landorus-Therian, M|
|poke|p1|Heatran, M|
|poke|p1|Tangrowth, M|
|poke|p1|Melmetal|
|poke|p2|Pikachu, F|
|poke|p2|Venusaur, M|
|poke|p2|Charizard, M|
|poke|p2|Blastoise, M|
|poke|p2|Snorlax, M|
|poke|p2|Mew|
|teampreview
|c|☆minimax_ai|hf
|inactive|Battle timer is ON: inactive players will automatically lose when time's up. (requested by minimax_ai)
|
|t:|1667945175
|start
|switch|p1a: rotomwash|Rotom-Wash|100/100
|switch|p2a: Mew|Mew, shiny|100/100
|turn|1
|
|t:|1667945179
|move|p2a: Mew|Stealth Rock|p1a: rotomwash
|-sidestart|p1: minimax_ai|move: Stealth Rock
|move|p1a: rotomwash|Nasty Plot|p1a: rotomwash
|-boost|p1a: rotomwash|spa|2
|
|upkeep
|turn|2
|
|t:|1667945184
|move|p2a: Mew|Sunny Day|p2a: Mew
|-weather|SunnyDay
|move|p1a: rotomwash|Thunderbolt|p2a: Mew
|-damage|p2a: Mew|36/100
|
|-weather|SunnyDay|[upkeep]
|upkeep
|turn|3
|
|t:|1667945188
|move|p2a: Mew|Toxic|p1a: rotomwash
|-status|p1a: rotomwash|tox
|move|p1a: rotomwash|Thunderbolt|p2a: Mew
|-damage|p2a: Mew|0 fnt
|faint|p2a: Mew
|
|-weather|SunnyDay|[upkeep]
|-damage|p1a: rotomwash|94/100 tox|[from] psn
|upkeep
|
|t:|1667945195
|switch|p2a: Venusaur|Venusaur, M, shiny|100/100
|turn|4
|
|t:|1667945198
|switch|p1a: landorustherian|Landorus-Therian, M|100/100
|-damage|p1a: landorustherian|88/100|[from] Stealth Rock
|-ability|p1a: landorustherian|Intimidate|boost
|-unboost|p2a: Venusaur|atk|1
|move|p2a: Venusaur|Growth|p2a: Venusaur
|-boost|p2a: Venusaur|atk|2
|-boost|p2a: Venusaur|spa|2
|
|-weather|SunnyDay|[upkeep]
|-heal|p1a: landorustherian|94/100|[from] item: Leftovers
|upkeep
|turn|5
|
|t:|1667945207
|switch|p1a: Heatran|Heatran, M|100/100
|-damage|p1a: Heatran|88/100|[from] Stealth Rock
|-item|p1a: Heatran|Air Balloon
|move|p2a: Venusaur|Weather Ball|p1a: Heatran
|-start|p1a: Heatran|ability: Flash Fire
|
|-weather|SunnyDay|[upkeep]
|upkeep
|turn|6
|
|t:|1667945216
|switch|p2a: Blastoise|Blastoise, M, shiny|100/100
|move|p1a: Heatran|Eruption|p2a: Blastoise
|-resisted|p2a: Blastoise
|-damage|p2a: Blastoise|49/100
|
|-weather|SunnyDay|[upkeep]
|-heal|p2a: Blastoise|55/100|[from] item: Leftovers
|upkeep
|turn|7
|
|t:|1667945226
|move|p1a: Heatran|Magma Storm|p2a: Blastoise
|-resisted|p2a: Blastoise
|-damage|p2a: Blastoise|16/100
|-activate|p2a: Blastoise|move: Magma Storm|[of] p1a: Heatran
|move|p2a: Blastoise|Rain Dance|p2a: Blastoise
|-weather|RainDance
|
|-weather|RainDance|[upkeep]
|-heal|p2a: Blastoise|22/100|[from] ability: Rain Dish
|-heal|p2a: Blastoise|28/100|[from] item: Leftovers
|-damage|p2a: Blastoise|15/100|[from] move: Magma Storm|[partiallytrapped]
|upkeep
|turn|8
|
|t:|1667945230
|move|p1a: Heatran|Eruption|p2a: Blastoise
|-resisted|p2a: Blastoise
|-damage|p2a: Blastoise|0 fnt
|faint|p2a: Blastoise
|
|-weather|RainDance|[upkeep]
|upkeep
|
|t:|1667945232
|switch|p2a: Pikachu|Pikachu, F, shiny|100/100
|turn|9
|
|t:|1667945235
|-end|p1a: Heatran|ability: Flash Fire|[silent]
|switch|p1a: Melmetal|Melmetal|100/100
|-damage|p1a: Melmetal|94/100|[from] Stealth Rock
|move|p2a: Pikachu|Volt Tackle|p1a: Melmetal
|-damage|p1a: Melmetal|52/100
|-status|p1a: Melmetal|par
|-damage|p2a: Pikachu|71/100|[from] Recoil
|
|-weather|RainDance|[upkeep]
|upkeep
|turn|10
|
|t:|1667945244
|move|p2a: Pikachu|Volt Tackle|p1a: Melmetal
|-damage|p1a: Melmetal|9/100 par
|-damage|p2a: Pikachu|42/100|[from] Recoil
|move|p1a: Melmetal|Double Iron Bash|p2a: Pikachu
|-resisted|p2a: Pikachu
|-damage|p2a: Pikachu|0 fnt
|faint|p2a: Pikachu
|-hitcount|p2: Pikachu|1
|
|-weather|RainDance|[upkeep]
|upkeep
|
|t:|1667945251
|switch|p2a: Snorlax|Snorlax, M, shiny|100/100
|turn|11
|
|t:|1667945253
|switch|p1a: landorustherian|Landorus-Therian, M|94/100
|-damage|p1a: landorustherian|82/100|[from] Stealth Rock
|-ability|p1a: landorustherian|Intimidate|boost
|-unboost|p2a: Snorlax|atk|1
|move|p2a: Snorlax|Gunk Shot|p1a: landorustherian
|-resisted|p1a: landorustherian
|-damage|p1a: landorustherian|70/100
|-status|p1a: landorustherian|psn
|
|-weather|none
|-heal|p1a: landorustherian|76/100 psn|[from] item: Leftovers
|-damage|p1a: landorustherian|64/100 psn|[from] psn
|upkeep
|turn|12
|
|t:|1667945257
|move|p1a: landorustherian|Defog|p2a: Snorlax
|-unboost|p2a: Snorlax|evasion|1
|-sideend|p1: minimax_ai|Stealth Rock|[from] move: Defog|[of] p1a: landorustherian
|move|p2a: Snorlax|Double-Edge|p1a: landorustherian
|-damage|p1a: landorustherian|24/100 psn
|-damage|p2a: Snorlax|90/100|[from] Recoil
|
|-heal|p1a: landorustherian|30/100 psn|[from] item: Leftovers
|-heal|p2a: Snorlax|96/100|[from] item: Leftovers
|-damage|p1a: landorustherian|18/100 psn|[from] psn
|upkeep
|turn|13
|
|t:|1667945261
|move|p1a: landorustherian|U-turn|p2a: Snorlax
|-damage|p2a: Snorlax|71/100
|
|t:|1667945261
|switch|p1a: Heatran|Heatran, M|88/100|[from]move: U-turn
|-item|p1a: Heatran|Air Balloon
|move|p2a: Snorlax|Curse|p2a: Snorlax
|-unboost|p2a: Snorlax|spe|1
|-boost|p2a: Snorlax|atk|1
|-boost|p2a: Snorlax|def|1
|
|-heal|p2a: Snorlax|77/100|[from] item: Leftovers
|upkeep
|turn|14
|
|t:|1667945266
|move|p1a: Heatran|Magma Storm|p2a: Snorlax
|-damage|p2a: Snorlax|64/100
|-activate|p2a: Snorlax|move: Magma Storm|[of] p1a: Heatran
|move|p2a: Snorlax|Double-Edge|p1a: Heatran
|-resisted|p1a: Heatran
|-damage|p1a: Heatran|59/100
|-enditem|p1a: Heatran|Air Balloon
|-damage|p2a: Snorlax|57/100|[from] Recoil
|
|-heal|p2a: Snorlax|63/100|[from] item: Leftovers
|-damage|p2a: Snorlax|51/100|[from] move: Magma Storm|[partiallytrapped]
|upkeep
|turn|15
|
|t:|1667945269
|switch|p1a: Melmetal|Melmetal|9/100 par
|move|p2a: Snorlax|Earthquake|p1a: Melmetal
|-supereffective|p1a: Melmetal
|-damage|p1a: Melmetal|0 fnt
|faint|p1a: Melmetal
|
|-heal|p2a: Snorlax|57/100|[from] item: Leftovers
|-end|p2a: Snorlax|Magma Storm|[partiallytrapped]|[silent]
|upkeep
|
|t:|1667945269
|switch|p1a: Weavile|Weavile, F|100/100
|-ability|p1a: Weavile|Pressure
|turn|16
|
|t:|1667945272
|move|p1a: Weavile|Low Kick|p2a: Snorlax
|-supereffective|p2a: Snorlax
|-damage|p2a: Snorlax|0 fnt
|faint|p2a: Snorlax
|
|upkeep
|
|t:|1667945276
|switch|p2a: Charizard|Charizard, M, shiny|100/100
|turn|17
|
|t:|1667945281
|switch|p1a: rotomwash|Rotom-Wash|94/100 tox
|move|p2a: Charizard|Scorching Sands|p1a: rotomwash
|-immune|p1a: rotomwash|[from] ability: Levitate
|
|-heal|p1a: rotomwash|100/100 tox|[from] item: Leftovers
|-damage|p1a: rotomwash|94/100 tox|[from] psn
|upkeep
|turn|18
|
|t:|1667945283
|switch|p1a: Weavile|Weavile, F|100/100
|-ability|p1a: Weavile|Pressure
|move|p2a: Charizard|Hurricane|p1a: Weavile
|-damage|p1a: Weavile|35/100
|
|upkeep
|turn|19
|
|t:|1667945292
|move|p1a: Weavile|Knock Off|p2a: Charizard
|-damage|p2a: Charizard|4/100
|-enditem|p2a: Charizard|Heavy-Duty Boots|[from] move: Knock Off|[of] p1a: Weavile
|move|p2a: Charizard|Hurricane|p1a: Weavile
|-damage|p1a: Weavile|0 fnt
|faint|p1a: Weavile
|
|upkeep
|
|t:|1667945292
|switch|p1a: rotomwash|Rotom-Wash|94/100 tox
|turn|20
|
|t:|1667945295
|move|p2a: Charizard|Hurricane|p1a: rotomwash
|-resisted|p1a: rotomwash
|-crit|p1a: rotomwash
|-damage|p1a: rotomwash|50/100 tox
|move|p1a: rotomwash|Thunderbolt|p2a: Charizard
|-supereffective|p2a: Charizard
|-damage|p2a: Charizard|0 fnt
|faint|p2a: Charizard
|
|-heal|p1a: rotomwash|57/100 tox|[from] item: Leftovers
|-damage|p1a: rotomwash|50/100 tox|[from] psn
|upkeep
|-message|FvkboyCharmander forfeited.
|
|win|minimax_ai
|raw|minimax_ai's rating: 1689 &rarr; <strong>1706</strong><br />(+17 for winning)
|raw|FvkboyCharmander's rating: 1642 &rarr; <strong>1625</strong><br />(-17 for losing)
|c|☆minimax_ai|gg
|l|☆FvkboyCharmander
