|j|☆Maitredouard2
|j|☆ramixi0596
|t:|1657202184
|gametype|singles
|player|p1|Maitredouard2|lance|1661
|player|p2|ramixi0596|candice|1685
|teamsize|p1|6
|teamsize|p2|6
|gen|8
|tier|[Gen 8] OU
|rated|
|rule|Sleep Clause Mod: Limit one foe put to sleep
|rule|Species Clause: Limit one of each Pokémon
|rule|OHKO Clause: OHKO moves are banned
|rule|Evasion Moves Clause: Evasion moves are banned
|rule|Endless Battle Clause: Forcing endless battles is banned
|rule|HP Percentage Mod: HP is shown in percentages
|rule|Dynamax Clause: You cannot dynamax
|clearpoke
|poke|p1|Mandibuzz, F|
|poke|p1|Landorus-Therian, M|
|poke|p1|Blissey, F|
|poke|p1|Heatran, M|
|poke|p1|Toxapex, M|
|poke|p1|Tapu Lele|
|poke|p2|Weavile, F|
|poke|p2|Urshifu-*, M|
|poke|p2|Slowking-Galar, M|
|poke|p2|Corviknight, M|
|poke|p2|Gastrodon, M|
|poke|p2|Clefable, M|
|teampreview
|inactive|Battle timer is ON: inactive players will automatically lose when time's up. (requested by ramixi0596)
|
|t:|1657202192
|start
|switch|p1a: Landorus|Landorus-Therian, M|100/100
|switch|p2a: Clefable|Clefable, M|100/100
|-ability|p1a: Landorus|Intimidate|boost
|-unboost|p2a: Clefable|atk|1
|turn|1
|
|t:|1657202200
|move|p1a: Landorus|Knock Off|p2a: Clefable
|-resisted|p2a: Clefable
|-damage|p2a: Clefable|86/100
|-enditem|p2a: Clefable|Heavy-Duty Boots|[from] move: Knock Off|[of] p1a: Landorus
|move|p2a: Clefable|Stealth Rock|p1a: Landorus
|-sidestart|p1: Maitredouard2|move: Stealth Rock
|
|upkeep
|turn|2
|
|t:|1657202211
|switch|p1a: Toxapex|Toxapex, M|100/100
|-damage|p1a: Toxapex|88/100|[from] Stealth Rock
|move|p2a: Clefable|Moonblast|p1a: Toxapex
|-resisted|p1a: Toxapex
|-damage|p1a: Toxapex|75/100
|
|upkeep
|turn|3
|
|t:|1657202221
|switch|p2a: Slowking|Slowking-Galar, M|100/100
|move|p1a: Toxapex|Toxic|p2a: Slowking
|-immune|p2a: Slowking
|
|upkeep
|turn|4
|
|t:|1657202228
|switch|p1a: Landorus|Landorus-Therian, M|100/100
|-damage|p1a: Landorus|88/100|[from] Stealth Rock
|-ability|p1a: Landorus|Intimidate|boost
|-unboost|p2a: Slowking|atk|1
|move|p2a: Slowking|Future Sight|p1a: Landorus
|-start|p2a: Slowking|move: Future Sight
|
|upkeep
|turn|5
|
|t:|1657202242
|switch|p2a: Urshifu|Urshifu-Rapid-Strike, M|100/100
|move|p1a: Landorus|Earthquake|p2a: Urshifu
|-damage|p2a: Urshifu|47/100
|
|upkeep
|turn|6
|
|t:|1657202248
|move|p1a: Landorus|Earthquake|p2a: Urshifu
|-damage|p2a: Urshifu|0 fnt
|faint|p2a: Urshifu
|
|-end|p1a: Landorus|move: Future Sight
|-damage|p1a: Landorus|6/100
|upkeep
|
|t:|1657202259
|switch|p2a: Corviknight|Corviknight, M|100/100
|-ability|p2a: Corviknight|Pressure
|turn|7
|
|t:|1657202263
|switch|p1a: Toxapex|Toxapex, M|100/100
|-damage|p1a: Toxapex|88/100|[from] Stealth Rock
|move|p2a: Corviknight|U-turn|p1a: Toxapex
|-resisted|p1a: Toxapex
|-damage|p1a: Toxapex|84/100
|-damage|p2a: Corviknight|84/100|[from] item: Rocky Helmet|[of] p1a: Toxapex
|
|t:|1657202266
|switch|p2a: Slowking|Slowking-Galar, M|100/100|[from]move: U-turn
|
|upkeep
|turn|8
|
|t:|1657202277
|move|p1a: Toxapex|Scald|p2a: Slowking
|-damage|p2a: Slowking|91/100
|-status|p2a: Slowking|brn
|move|p2a: Slowking|Future Sight|p1a: Toxapex
|-start|p2a: Slowking|move: Future Sight
|
|-damage|p2a: Slowking|85/100 brn|[from] brn
|upkeep
|turn|9
|
|t:|1657202292
|switch|p2a: Weavile|Weavile, F|100/100
|-ability|p2a: Weavile|Pressure
|move|p1a: Toxapex|Scald|p2a: Weavile
|-damage|p2a: Weavile|79/100
|
|upkeep
|turn|10
|
|t:|1657202300
|switch|p1a: Landorus|Landorus-Therian, M|6/100
|-damage|p1a: Landorus|0 fnt|[from] Stealth Rock
|faint|p1a: Landorus
|move|p2a: Weavile|Swords Dance|p2a: Weavile
|-boost|p2a: Weavile|atk|2
|
|-hint|Future Sight did not hit because the target is fainted.
|upkeep
|
|t:|1657202309
|switch|p1a: Heatran|Heatran, M|100/100
|-damage|p1a: Heatran|88/100|[from] Stealth Rock
|-item|p1a: Heatran|Air Balloon
|turn|11
|
|t:|1657202315
|move|p2a: Weavile|Knock Off|p1a: Heatran
|-damage|p1a: Heatran|8/100
|-enditem|p1a: Heatran|Air Balloon
|move|p1a: Heatran|Magma Storm|p2a: Weavile
|-supereffective|p2a: Weavile
|-damage|p2a: Weavile|0 fnt
|faint|p2a: Weavile
|
|upkeep
|
|t:|1657202323
|switch|p2a: Slowking|Slowking-Galar, M|100/100 brn
|turn|12
|
|t:|1657202328
|move|p1a: Heatran|Earth Power|p2a: Slowking
|-supereffective|p2a: Slowking
|-damage|p2a: Slowking|60/100 brn
|move|p2a: Slowking|Future Sight|p1a: Heatran
|-start|p2a: Slowking|move: Future Sight
|
|-damage|p2a: Slowking|54/100 brn|[from] brn
|upkeep
|turn|13
|
|t:|1657202336
|switch|p2a: Gastrodon|Gastrodon, M|100/100
|move|p1a: Heatran|Magma Storm|p2a: Gastrodon
|-resisted|p2a: Gastrodon
|-damage|p2a: Gastrodon|82/100
|-activate|p2a: Gastrodon|move: Magma Storm|[of] p1a: Heatran
|
|-heal|p2a: Gastrodon|88/100|[from] item: Leftovers
|-damage|p2a: Gastrodon|76/100|[from] move: Magma Storm|[partiallytrapped]
|upkeep
|turn|14
|j| Insanesweetroll
|
|t:|1657202346
|move|p1a: Heatran|Toxic|p2a: Gastrodon
|-status|p2a: Gastrodon|tox
|move|p2a: Gastrodon|Earthquake|p1a: Heatran
|-supereffective|p1a: Heatran
|-damage|p1a: Heatran|0 fnt
|faint|p1a: Heatran
|
|-hint|Future Sight did not hit because the target is fainted.
|-heal|p2a: Gastrodon|82/100 tox|[from] item: Leftovers
|-damage|p2a: Gastrodon|76/100 tox|[from] psn
|-end|p2a: Gastrodon|Magma Storm|[partiallytrapped]|[silent]
|upkeep
|
|t:|1657202357
|switch|p1a: Mandibuzz|Mandibuzz, F|100/100
|turn|15
|
|t:|1657202360
|move|p1a: Mandibuzz|Taunt|p2a: Gastrodon
|-start|p2a: Gastrodon|move: Taunt
|cant|p2a: Gastrodon|move: Taunt|Toxic
|
|-heal|p2a: Gastrodon|82/100 tox|[from] item: Leftovers
|-damage|p2a: Gastrodon|69/100 tox|[from] psn
|upkeep
|turn|16
|
|t:|1657202370
|switch|p2a: Clefable|Clefable, M|86/100
|move|p1a: Mandibuzz|Toxic|p2a: Clefable
|-status|p2a: Clefable|tox
|
|-damage|p2a: Clefable|80/100 tox|[from] psn
|upkeep
|turn|17
|
|t:|1657202379
|move|p1a: Mandibuzz|Taunt|p2a: Clefable
|-start|p2a: Clefable|move: Taunt
|move|p2a: Clefable|Moonblast|p1a: Mandibuzz
|-supereffective|p1a: Mandibuzz
|-damage|p1a: Mandibuzz|58/100
|
|-damage|p2a: Clefable|68/100 tox|[from] psn
|upkeep
|turn|18
|
|t:|1657202388
|switch|p2a: Slowking|Slowking-Galar, M|88/100 brn
|move|p1a: Mandibuzz|Roost|p1a: Mandibuzz
|-heal|p1a: Mandibuzz|100/100
|-singleturn|p1a: Mandibuzz|move: Roost
|
|-damage|p2a: Slowking|81/100 brn|[from] brn
|upkeep
|turn|19
|
|t:|1657202397
|move|p1a: Mandibuzz|Foul Play|p2a: Slowking
|-supereffective|p2a: Slowking
|-damage|p2a: Slowking|36/100 brn
|move|p2a: Slowking|Sludge Bomb|p1a: Mandibuzz
|-damage|p1a: Mandibuzz|70/100
|
|-damage|p2a: Slowking|30/100 brn|[from] brn
|upkeep
|turn|20
|
|t:|1657202408
|switch|p2a: Corviknight|Corviknight, M|84/100
|-ability|p2a: Corviknight|Pressure
|move|p1a: Mandibuzz|Foul Play|p2a: Corviknight
|-damage|p2a: Corviknight|67/100
|
|-heal|p2a: Corviknight|73/100|[from] item: Leftovers
|upkeep
|turn|21
|
|t:|1657202417
|move|p1a: Mandibuzz|Roost|p1a: Mandibuzz
|-heal|p1a: Mandibuzz|100/100
|-singleturn|p1a: Mandibuzz|move: Roost
|move|p2a: Corviknight|U-turn|p1a: Mandibuzz
|-supereffective|p1a: Mandibuzz
|-damage|p1a: Mandibuzz|80/100
|
|t:|1657202420
|switch|p2a: Slowking|Slowking-Galar, M|63/100 brn|[from]move: U-turn
|
|-damage|p2a: Slowking|57/100 brn|[from] brn
|upkeep
|turn|22
|
|t:|1657202437
|move|p1a: Mandibuzz|Foul Play|p2a: Slowking
|-supereffective|p2a: Slowking
|-damage|p2a: Slowking|10/100 brn
|move|p2a: Slowking|Sludge Bomb|p1a: Mandibuzz
|-damage|p1a: Mandibuzz|48/100
|-status|p1a: Mandibuzz|psn
|
|-damage|p1a: Mandibuzz|35/100 psn|[from] psn
|-damage|p2a: Slowking|4/100 brn|[from] brn
|upkeep
|turn|23
|
|t:|1657202448
|switch|p2a: Corviknight|Corviknight, M|73/100
|-ability|p2a: Corviknight|Pressure
|move|p1a: Mandibuzz|Roost|p1a: Mandibuzz
|-heal|p1a: Mandibuzz|85/100 psn
|-singleturn|p1a: Mandibuzz|move: Roost
|
|-heal|p2a: Corviknight|79/100|[from] item: Leftovers
|-damage|p1a: Mandibuzz|73/100 psn|[from] psn
|upkeep
|turn|24
|
|t:|1657202465
|move|p1a: Mandibuzz|Foul Play|p2a: Corviknight
|-damage|p2a: Corviknight|60/100
|move|p2a: Corviknight|U-turn|p1a: Mandibuzz
|-damage|p1a: Mandibuzz|64/100 psn
|
|t:|1657202468
|switch|p2a: Clefable|Clefable, M|68/100 tox|[from]move: U-turn
|
|-damage|p1a: Mandibuzz|51/100 psn|[from] psn
|-damage|p2a: Clefable|62/100 tox|[from] psn
|upkeep
|turn|25
|
|t:|1657202478
|move|p1a: Mandibuzz|Taunt|p2a: Clefable
|-start|p2a: Clefable|move: Taunt
|move|p2a: Clefable|Moonblast|p1a: Mandibuzz
|-supereffective|p1a: Mandibuzz
|-damage|p1a: Mandibuzz|9/100 psn
|-unboost|p1a: Mandibuzz|spa|1
|
|-damage|p1a: Mandibuzz|0 fnt|[from] psn
|faint|p1a: Mandibuzz
|-damage|p2a: Clefable|50/100 tox|[from] psn
|upkeep
|
|t:|1657202490
|switch|p1a: Tapu Lele|Tapu Lele|100/100
|-damage|p1a: Tapu Lele|88/100|[from] Stealth Rock
|-fieldstart|move: Psychic Terrain|[from] ability: Psychic Surge|[of] p1a: Tapu Lele
|turn|26
|
|t:|1657202497
|switch|p2a: Corviknight|Corviknight, M|60/100
|-ability|p2a: Corviknight|Pressure
|move|p1a: Tapu Lele|Shadow Ball|p2a: Corviknight
|-damage|p2a: Corviknight|19/100
|
|-heal|p2a: Corviknight|26/100|[from] item: Leftovers
|upkeep
|turn|27
|
|t:|1657202506
|switch|p2a: Gastrodon|Gastrodon, M|69/100 tox
|move|p1a: Tapu Lele|Shadow Ball|p2a: Gastrodon
|-damage|p2a: Gastrodon|40/100 tox
|
|-heal|p2a: Gastrodon|46/100 tox|[from] item: Leftovers
|-damage|p2a: Gastrodon|40/100 tox|[from] psn
|upkeep
|turn|28
|
|t:|1657202527
|move|p1a: Tapu Lele|Shadow Ball|p2a: Gastrodon
|-damage|p2a: Gastrodon|15/100 tox
|-unboost|p2a: Gastrodon|spd|1
|move|p2a: Gastrodon|Recover|p2a: Gastrodon
|-heal|p2a: Gastrodon|65/100 tox
|
|-heal|p2a: Gastrodon|71/100 tox|[from] item: Leftovers
|-damage|p2a: Gastrodon|59/100 tox|[from] psn
|upkeep
|turn|29
|
|t:|1657202543
|move|p1a: Tapu Lele|Shadow Ball|p2a: Gastrodon
|-damage|p2a: Gastrodon|18/100 tox
|move|p2a: Gastrodon|Recover|p2a: Gastrodon
|-heal|p2a: Gastrodon|68/100 tox
|
|-heal|p2a: Gastrodon|74/100 tox|[from] item: Leftovers
|-damage|p2a: Gastrodon|56/100 tox|[from] psn
|upkeep
|turn|30
|
|t:|1657202552
|move|p1a: Tapu Lele|Shadow Ball|p2a: Gastrodon
|-damage|p2a: Gastrodon|14/100 tox
|move|p2a: Gastrodon|Toxic|p1a: Tapu Lele
|-status|p1a: Tapu Lele|tox
|
|-heal|p2a: Gastrodon|20/100 tox|[from] item: Leftovers
|-damage|p1a: Tapu Lele|82/100 tox|[from] psn
|-damage|p2a: Gastrodon|0 fnt|[from] psn
|faint|p2a: Gastrodon
|-fieldend|move: Psychic Terrain
|upkeep
|
|t:|1657202560
|switch|p2a: Clefable|Clefable, M|50/100 tox
|turn|31
|
|t:|1657202566
|move|p1a: Tapu Lele|Shadow Ball|p2a: Clefable
|-damage|p2a: Clefable|11/100 tox
|move|p2a: Clefable|Soft-Boiled|p2a: Clefable
|-heal|p2a: Clefable|61/100 tox
|
|-damage|p1a: Tapu Lele|70/100 tox|[from] psn
|-damage|p2a: Clefable|55/100 tox|[from] psn
|upkeep
|turn|32
|
|t:|1657202575
|move|p1a: Tapu Lele|Shadow Ball|p2a: Clefable
|-damage|p2a: Clefable|19/100 tox
|move|p2a: Clefable|Soft-Boiled|p2a: Clefable
|-heal|p2a: Clefable|69/100 tox
|
|-damage|p1a: Tapu Lele|52/100 tox|[from] psn
|-damage|p2a: Clefable|57/100 tox|[from] psn
|upkeep
|turn|33
|
|t:|1657202585
|switch|p1a: Blissey|Blissey, F|100/100
|move|p2a: Clefable|Soft-Boiled|p2a: Clefable
|-heal|p2a: Clefable|100/100 tox
|
|-damage|p2a: Clefable|82/100 tox|[from] psn
|upkeep
|turn|34
|
|t:|1657202606
|move|p2a: Clefable|Aromatherapy|p2a: Clefable
|-activate|p2a: Clefable|move: Aromatherapy
|-curestatus|p2a: Clefable|tox|[msg]
|-curestatus|p2: Slowking|brn|[msg]
|move|p1a: Blissey|Teleport|p1a: Blissey
|
|t:|1657202615
|switch|p1a: Toxapex|Toxapex, M|100/100|[from]move: Teleport
|-damage|p1a: Toxapex|88/100|[from] Stealth Rock
|
|upkeep
|turn|35
|
|t:|1657202622
|switch|p2a: Corviknight|Corviknight, M|26/100
|-ability|p2a: Corviknight|Pressure
|move|p1a: Toxapex|Scald|p2a: Corviknight
|-damage|p2a: Corviknight|11/100
|-status|p2a: Corviknight|brn
|
|-heal|p2a: Corviknight|17/100 brn|[from] item: Leftovers
|-damage|p2a: Corviknight|11/100 brn|[from] brn
|upkeep
|turn|36
|-message|Maitredouard2 forfeited.
|
|win|ramixi0596
|raw|Maitredouard2's rating: 1661 &rarr; <strong>1642</strong><br />(-19 for losing)
|raw|ramixi0596's rating: 1685 &rarr; <strong>1704</strong><br />(+19 for winning)
|l|☆Maitredouard2
