|j|☆Dark Slub
|j|☆Pinks1ip
|t:|1667396115
|gametype|singles
|player|p1|Dark Slub|psychic-gen4|1505
|player|p2|Pinks1ip|skierf|1456
|teamsize|p1|6
|teamsize|p2|6
|gen|8
|tier|[Gen 8] OU
|rated|
|rule|Sleep Clause Mod: Limit one foe put to sleep
|rule|Species Clause: Limit one of each Pokémon
|rule|OHKO Clause: OHKO moves are banned
|rule|Evasion Items Clause: Evasion items are banned
|rule|Evasion Moves Clause: Evasion moves are banned
|rule|Endless Battle Clause: Forcing endless battles is banned
|rule|HP Percentage Mod: HP is shown in percentages
|rule|Dynamax Clause: You cannot dynamax
|clearpoke
|poke|p1|Ninetales-Alola, M|
|poke|p1|Arctozolt|
|poke|p1|Sandslash-Alola, M|
|poke|p1|Vanilluxe, M|
|poke|p1|Arctovish|
|poke|p1|Mamoswine, F|
|poke|p2|Garchomp, M|
|poke|p2|Weavile, F|
|poke|p2|Blacephalon|
|poke|p2|Mew|
|poke|p2|Azumarill, M|
|poke|p2|Celesteela|
|teampreview
|inactive|Battle timer is ON: inactive players will automatically lose when time's up. (requested by Dark Slub)
|
|t:|1667396130
|start
|switch|p1a: Vanilluxe|Vanilluxe, M|100/100
|switch|p2a: Azumarill|Azumarill, M|100/100
|-weather|Hail|[from] ability: Snow Warning|[of] p1a: Vanilluxe
|turn|1
|
|t:|1667396134
|move|p2a: Azumarill|Belly Drum|p2a: Azumarill
|-damage|p2a: Azumarill|50/100
|-setboost|p2a: Azumarill|atk|6|[from] move: Belly Drum
|-enditem|p2a: Azumarill|Sitrus Berry|[eat]
|-heal|p2a: Azumarill|75/100|[from] item: Sitrus Berry
|move|p1a: Vanilluxe|Freeze-Dry|p2a: Azumarill
|-supereffective|p2a: Azumarill
|-crit|p2a: Azumarill
|-damage|p2a: Azumarill|0 fnt
|faint|p2a: Azumarill
|
|-weather|Hail|[upkeep]
|upkeep
|
|t:|1667396137
|switch|p2a: Blacephalon|Blacephalon|100/100
|turn|2
|
|t:|1667396140
|switch|p1a: Arctovish|Arctovish|100/100
|move|p2a: Blacephalon|Flamethrower|p1a: Arctovish
|-damage|p1a: Arctovish|31/100
|
|-weather|Hail|[upkeep]
|-damage|p2a: Blacephalon|94/100|[from] Hail
|upkeep
|turn|3
|
|t:|1667396144
|move|p1a: Arctovish|Fishious Rend|p2a: Blacephalon
|-supereffective|p2a: Blacephalon
|-damage|p2a: Blacephalon|0 fnt
|faint|p2a: Blacephalon
|
|-weather|Hail|[upkeep]
|upkeep
|c|☆Pinks1ip|I’m bad at math
|inactive|Pinks1ip has 120 seconds left.
|l|☆Pinks1ip
|inactive|Pinks1ip disconnected and has a minute to reconnect!
|player|p2|
|j|☆Pinks1ip
|inactive|Pinks1ip reconnected and has 115 seconds left.
|player|p2|Pinks1ip|skierf
|c|☆Pinks1ip|Wait a minute no I’m not
|c|☆Pinks1ip|you’re scared
|c|☆Pinks1ip|scarf
|c|☆Pinks1ip|lmao
|c|☆Dark Slub|maybe
|inactive|Pinks1ip has 90 seconds left.
|c|☆Pinks1ip|my Blace was scarf I know you’re scarf bubba
|c|☆Dark Slub|noooo
|c|☆Pinks1ip|That’s hilarious
|c|☆Dark Slub|i would never
|c|☆Pinks1ip|never would have thought it that
|c|☆Pinks1ip|props to you
|inactive|Pinks1ip has 60 seconds left.
|
|t:|1667396239
|switch|p2a: Mew|Mew|100/100
|turn|4
|
|t:|1667396244
|switch|p1a: Sandslash|Sandslash-Alola, M|100/100
|move|p2a: Mew|Thunder Wave|p1a: Sandslash
|-status|p1a: Sandslash|par
|
|-weather|Hail|[upkeep]
|-damage|p2a: Mew|94/100|[from] Hail
|upkeep
|turn|5
|
|t:|1667396247
|move|p2a: Mew|Stealth Rock|p1a: Sandslash
|-sidestart|p1: Dark Slub|move: Stealth Rock
|move|p1a: Sandslash|Knock Off|p2a: Mew
|-supereffective|p2a: Mew
|-damage|p2a: Mew|43/100
|-enditem|p2a: Mew|Focus Sash|[from] move: Knock Off|[of] p1a: Sandslash
|
|-weather|Hail|[upkeep]
|-damage|p2a: Mew|37/100|[from] Hail
|upkeep
|turn|6
|
|t:|1667396250
|move|p2a: Mew|Spikes|p1a: Sandslash
|-sidestart|p1: Dark Slub|Spikes
|move|p1a: Sandslash|Rapid Spin|p2a: Mew
|-damage|p2a: Mew|23/100
|-boost|p1a: Sandslash|spe|1
|-sideend|p1: Dark Slub|Spikes|[from] move: Rapid Spin|[of] p1a: Sandslash
|-sideend|p1: Dark Slub|Stealth Rock|[from] move: Rapid Spin|[of] p1a: Sandslash
|
|-weather|Hail|[upkeep]
|-damage|p2a: Mew|16/100|[from] Hail
|upkeep
|turn|7
|
|t:|1667396252
|move|p2a: Mew|Stealth Rock|p1a: Sandslash
|-sidestart|p1: Dark Slub|move: Stealth Rock
|move|p1a: Sandslash|Triple Axel|p2a: Mew
|-damage|p2a: Mew|8/100
|-damage|p2a: Mew|0 fnt
|faint|p2a: Mew
|-hitcount|p2: Mew|2
|
|-weather|Hail|[upkeep]
|upkeep
|
|t:|1667396255
|switch|p2a: Celesteela|Celesteela|100/100
|turn|8
|
|t:|1667396261
|move|p1a: Sandslash|Rapid Spin|p2a: Celesteela
|-resisted|p2a: Celesteela
|-damage|p2a: Celesteela|93/100
|-boost|p1a: Sandslash|spe|1
|-sideend|p1: Dark Slub|Stealth Rock|[from] move: Rapid Spin|[of] p1a: Sandslash
|move|p2a: Celesteela|Autotomize|p2a: Celesteela
|-boost|p2a: Celesteela|spe|2
|-start|p2a: Celesteela|Autotomize
|
|-weather|none
|upkeep
|turn|9
|
|t:|1667396269
|switch|p1a: Vanilluxe|Vanilluxe, M|100/100
|-weather|Hail|[from] ability: Snow Warning|[of] p1a: Vanilluxe
|move|p2a: Celesteela|Autotomize|p2a: Celesteela
|-boost|p2a: Celesteela|spe|2
|-start|p2a: Celesteela|Autotomize
|
|-weather|Hail|[upkeep]
|-damage|p2a: Celesteela|87/100|[from] Hail
|upkeep
|turn|10
|
|t:|1667396271
|move|p2a: Celesteela|Meteor Beam||[still]
|-prepare|p2a: Celesteela|Meteor Beam
|-boost|p2a: Celesteela|spa|1
|-enditem|p2a: Celesteela|Power Herb
|-anim|p2a: Celesteela|Meteor Beam|p1a: Vanilluxe
|-supereffective|p1a: Vanilluxe
|-damage|p1a: Vanilluxe|0 fnt
|faint|p1a: Vanilluxe
|-ability|p2a: Celesteela|Beast Boost|boost
|-boost|p2a: Celesteela|spa|1
|
|-weather|Hail|[upkeep]
|-damage|p2a: Celesteela|81/100|[from] Hail
|upkeep
|
|t:|1667396280
|switch|p1a: Arctovish|Arctovish|31/100
|turn|11
|
|t:|1667396283
|move|p2a: Celesteela|Flamethrower|p1a: Arctovish
|-damage|p1a: Arctovish|0 fnt
|faint|p1a: Arctovish
|-ability|p2a: Celesteela|Beast Boost|boost
|-boost|p2a: Celesteela|spa|1
|
|-weather|Hail|[upkeep]
|-damage|p2a: Celesteela|75/100|[from] Hail
|upkeep
|
|t:|1667396285
|switch|p1a: Mamoswine|Mamoswine, F|100/100
|turn|12
|
|t:|1667396287
|move|p1a: Mamoswine|Ice Shard|p2a: Celesteela
|-damage|p2a: Celesteela|38/100
|move|p2a: Celesteela|Flamethrower|p1a: Mamoswine
|-supereffective|p1a: Mamoswine
|-damage|p1a: Mamoswine|4/100
|
|-weather|Hail|[upkeep]
|-damage|p2a: Celesteela|32/100|[from] Hail
|upkeep
|turn|13
|c|☆Dark Slub|oml
|
|t:|1667396301
|move|p1a: Mamoswine|Ice Shard|p2a: Celesteela
|-damage|p2a: Celesteela|0 fnt
|faint|p2a: Celesteela
|
|-weather|Hail|[upkeep]
|upkeep
|
|t:|1667396303
|switch|p2a: Weavile|Weavile, F|100/100
|-ability|p2a: Weavile|Pressure
|turn|14
|
|t:|1667396312
|switch|p1a: Sandslash|Sandslash-Alola, M|100/100 par
|move|p2a: Weavile|Swords Dance|p2a: Weavile
|-boost|p2a: Weavile|atk|2
|
|-weather|Hail|[upkeep]
|upkeep
|turn|15
|
|t:|1667396317
|move|p2a: Weavile|Knock Off|p1a: Sandslash
|-damage|p1a: Sandslash|0 fnt
|-enditem|p1a: Sandslash|Leftovers|[from] move: Knock Off|[of] p2a: Weavile
|faint|p1a: Sandslash
|-damage|p2a: Weavile|91/100|[from] item: Life Orb
|
|-weather|Hail|[upkeep]
|upkeep
|
|t:|1667396321
|switch|p1a: Arctozolt|Arctozolt|100/100
|turn|16
|
|t:|1667396324
|switch|p2a: Garchomp|Garchomp, M|100/100
|move|p1a: Arctozolt|Stone Edge|p2a: Garchomp
|-resisted|p2a: Garchomp
|-damage|p2a: Garchomp|86/100
|
|-weather|none
|upkeep
|turn|17
|
|t:|1667396330
|switch|p1a: Ninetales|Ninetales-Alola, M|100/100
|-weather|Hail|[from] ability: Snow Warning|[of] p1a: Ninetales
|move|p2a: Garchomp|Scale Shot|p1a: Ninetales
|-immune|p1a: Ninetales
|
|-weather|Hail|[upkeep]
|-damage|p2a: Garchomp|79/100|[from] Hail
|upkeep
|turn|18
|c|☆Pinks1ip|That was a terrible play
|c|☆Pinks1ip|what the hell was I thinking
|
|t:|1667396349
|move|p1a: Ninetales|Blizzard|p2a: Garchomp
|-supereffective|p2a: Garchomp
|-damage|p2a: Garchomp|0 fnt
|faint|p2a: Garchomp
|
|-weather|Hail|[upkeep]
|upkeep
|
|t:|1667396351
|switch|p2a: Weavile|Weavile, F|91/100
|-ability|p2a: Weavile|Pressure
|turn|19
|
|t:|1667396353
|switch|p1a: Mamoswine|Mamoswine, F|4/100
|move|p2a: Weavile|Swords Dance|p2a: Weavile
|-boost|p2a: Weavile|atk|2
|
|-weather|Hail|[upkeep]
|upkeep
|turn|20
|
|t:|1667396356
|move|p2a: Weavile|Ice Shard|p1a: Mamoswine
|-damage|p1a: Mamoswine|0 fnt
|faint|p1a: Mamoswine
|-damage|p2a: Weavile|81/100|[from] item: Life Orb
|
|-weather|Hail|[upkeep]
|upkeep
|
|t:|1667396357
|switch|p1a: Ninetales|Ninetales-Alola, M|100/100
|turn|21
|
|t:|1667396359
|move|p1a: Ninetales|Moonblast|p2a: Weavile
|-supereffective|p2a: Weavile
|-damage|p2a: Weavile|0 fnt
|faint|p2a: Weavile
|
|win|Dark Slub
|raw|Dark Slub's rating: 1505 &rarr; <strong>1522</strong><br />(+17 for winning)
|raw|Pinks1ip's rating: 1456 &rarr; <strong>1439</strong><br />(-17 for losing)
|c|☆Pinks1ip|gg
|c|☆Dark Slub|gg
|l|☆Pinks1ip
