|j|☆BOX MUNCHER
|j|☆Blacksponge
|t:|1652571760
|gametype|singles
|player|p1|BOX MUNCHER|scientist|1469
|player|p2|Blacksponge|lucas|1482
|teamsize|p1|6
|teamsize|p2|6
|gen|8
|tier|[Gen 8] OU
|rated|
|rule|Sleep Clause Mod: Limit one foe put to sleep
|rule|Species Clause: Limit one of each Pokémon
|rule|OHKO Clause: OHKO moves are banned
|rule|Evasion Moves Clause: Evasion moves are banned
|rule|Endless Battle Clause: Forcing endless battles is banned
|rule|HP Percentage Mod: HP is shown in percentages
|rule|Dynamax Clause: You cannot dynamax
|clearpoke
|poke|p1|Bewear, F|
|poke|p1|Shedinja|
|poke|p1|Heatran, M|
|poke|p1|Dragapult, F|
|poke|p1|Rillaboom, M|
|poke|p1|Keldeo-Resolute|
|poke|p2|Pelipper, F|
|poke|p2|Pikachu, M|
|poke|p2|Barraskewda, F|
|poke|p2|Blissey, F|
|poke|p2|Kartana|
|poke|p2|Garchomp, F|
|teampreview
|j| kaoyu
|inactive|Battle timer is ON: inactive players will automatically lose when time's up. (requested by BOX MUNCHER)
|
|t:|1652571784
|start
|switch|p1a: Dragapult|Dragapult, F|100/100
|switch|p2a: Garchomp|Garchomp, F|100/100
|turn|1
|
|t:|1652571793
|switch|p2a: Blissey|Blissey, F|100/100
|move|p1a: Dragapult|Substitute|p1a: Dragapult
|-start|p1a: Dragapult|Substitute
|-damage|p1a: Dragapult|76/100
|
|upkeep
|turn|2
|
|t:|1652571804
|move|p1a: Dragapult|Shadow Ball|p2a: Blissey
|-immune|p2a: Blissey
|move|p2a: Blissey|Teleport|p2a: Blissey
|
|t:|1652571811
|switch|p2a: Pelipper|Pelipper, F|100/100|[from]move: Teleport
|-weather|RainDance|[from] ability: Drizzle|[of] p2a: Pelipper
|
|-weather|RainDance|[upkeep]
|upkeep
|turn|3
|
|t:|1652571815
|switch|p2a: Blissey|Blissey, F|100/100
|move|p1a: Dragapult|Shadow Ball|p2a: Blissey
|-immune|p2a: Blissey
|
|-weather|RainDance|[upkeep]
|upkeep
|turn|4
|
|t:|1652571820
|move|p1a: Dragapult|Curse|p2a: Blissey
|-start|p2a: Blissey|Curse|[of] p1a: Dragapult
|-damage|p1a: Dragapult|26/100
|move|p2a: Blissey|Teleport|p2a: Blissey
|
|t:|1652571823
|switch|p2a: Pelipper|Pelipper, F|100/100|[from]move: Teleport
|
|-weather|RainDance|[upkeep]
|upkeep
|turn|5
|
|t:|1652571827
|switch|p2a: Blissey|Blissey, F|100/100
|move|p1a: Dragapult|U-turn|p2a: Blissey
|-damage|p2a: Blissey|87/100
|
|t:|1652571843
|switch|p1a: Bewear|Bewear, F|100/100|[from]move: U-turn
|
|-weather|RainDance|[upkeep]
|upkeep
|turn|6
|
|t:|1652571858
|move|p1a: Bewear|Bulk Up|p1a: Bewear
|-boost|p1a: Bewear|atk|1
|-boost|p1a: Bewear|def|1
|move|p2a: Blissey|Toxic|p1a: Bewear
|-status|p1a: Bewear|tox
|
|-weather|RainDance|[upkeep]
|-damage|p1a: Bewear|94/100 tox|[from] psn
|upkeep
|turn|7
|
|t:|1652571865
|switch|p2a: Garchomp|Garchomp, F|100/100
|move|p1a: Bewear|Body Slam|p2a: Garchomp
|-damage|p2a: Garchomp|62/100
|-status|p2a: Garchomp|par
|-damage|p1a: Bewear|82/100 tox|[from] ability: Rough Skin|[of] p2a: Garchomp
|-damage|p1a: Bewear|65/100 tox|[from] item: Rocky Helmet|[of] p2a: Garchomp
|
|-weather|RainDance|[upkeep]
|-damage|p1a: Bewear|53/100 tox|[from] psn
|upkeep
|turn|8
|
|t:|1652571870
|switch|p1a: Rillaboom|Rillaboom, M|100/100
|-fieldstart|move: Grassy Terrain|[from] ability: Grassy Surge|[of] p1a: Rillaboom
|cant|p2a: Garchomp|par
|
|-weather|RainDance|[upkeep]
|-heal|p2a: Garchomp|68/100 par|[from] Grassy Terrain
|upkeep
|turn|9
|
|t:|1652571882
|move|p1a: Rillaboom|Grassy Glide|p2a: Garchomp
|-crit|p2a: Garchomp
|-damage|p2a: Garchomp|0 fnt
|-damage|p1a: Rillaboom|88/100|[from] ability: Rough Skin|[of] p2a: Garchomp
|-damage|p1a: Rillaboom|72/100|[from] item: Rocky Helmet|[of] p2a: Garchomp
|faint|p2a: Garchomp
|
|-weather|none
|-heal|p1a: Rillaboom|78/100|[from] Grassy Terrain
|upkeep
|
|t:|1652571886
|switch|p2a: Kartana|Kartana|100/100
|turn|10
|
|t:|1652571898
|switch|p1a: Bewear|Bewear, F|53/100 tox
|move|p2a: Kartana|Knock Off|p1a: Bewear
|-resisted|p1a: Bewear
|-damage|p1a: Bewear|46/100 tox
|-damage|p2a: Kartana|84/100|[from] item: Rocky Helmet|[of] p1a: Bewear
|-enditem|p1a: Bewear|Rocky Helmet|[from] move: Knock Off|[of] p2a: Kartana
|
|-heal|p2a: Kartana|90/100|[from] Grassy Terrain
|-heal|p1a: Bewear|53/100 tox|[from] Grassy Terrain
|-damage|p1a: Bewear|46/100 tox|[from] psn
|upkeep
|turn|11
|
|t:|1652571924
|switch|p2a: Pelipper|Pelipper, F|100/100
|-weather|RainDance|[from] ability: Drizzle|[of] p2a: Pelipper
|move|p1a: Bewear|Body Slam|p2a: Pelipper
|-damage|p2a: Pelipper|71/100
|
|-weather|RainDance|[upkeep]
|-heal|p1a: Bewear|53/100 tox|[from] Grassy Terrain
|-damage|p1a: Bewear|40/100 tox|[from] psn
|upkeep
|turn|12
|
|t:|1652571943
|switch|p1a: Heatran|Heatran, M|100/100
|move|p2a: Pelipper|U-turn|p1a: Heatran
|-resisted|p1a: Heatran
|-damage|p1a: Heatran|99/100
|inactive|Blacksponge has 120 seconds left.
|
|t:|1652571970
|switch|p2a: Barraskewda|Barraskewda, F|100/100|[from]move: U-turn
|
|-weather|RainDance|[upkeep]
|-heal|p1a: Heatran|100/100|[from] Grassy Terrain
|-fieldend|move: Grassy Terrain
|upkeep
|turn|13
|
|t:|1652571982
|switch|p1a: Bewear|Bewear, F|40/100 tox
|move|p2a: Barraskewda|Crunch|p1a: Bewear
|-resisted|p1a: Bewear
|-damage|p1a: Bewear|34/100 tox
|-unboost|p1a: Bewear|def|1
|
|-weather|RainDance|[upkeep]
|-damage|p1a: Bewear|28/100 tox|[from] psn
|upkeep
|turn|14
|
|t:|1652571995
|switch|p2a: Pelipper|Pelipper, F|71/100
|move|p1a: Bewear|Body Slam|p2a: Pelipper
|-damage|p2a: Pelipper|45/100
|
|-weather|RainDance|[upkeep]
|-damage|p1a: Bewear|16/100 tox|[from] psn
|upkeep
|turn|15
|
|t:|1652572001
|move|p2a: Pelipper|Roost|p2a: Pelipper
|-heal|p2a: Pelipper|95/100
|-singleturn|p2a: Pelipper|move: Roost
|move|p1a: Bewear|Body Slam|p2a: Pelipper
|-damage|p2a: Pelipper|69/100
|-status|p2a: Pelipper|par
|
|-weather|RainDance|[upkeep]
|-damage|p1a: Bewear|0 fnt|[from] psn
|faint|p1a: Bewear
|upkeep
|
|t:|1652572007
|switch|p1a: Keldeo|Keldeo-Resolute|100/100
|turn|16
|
|t:|1652572011
|move|p1a: Keldeo|Substitute|p1a: Keldeo
|-start|p1a: Keldeo|Substitute
|-damage|p1a: Keldeo|76/100
|cant|p2a: Pelipper|par
|
|-weather|RainDance|[upkeep]
|-heal|p1a: Keldeo|82/100|[from] item: Leftovers
|upkeep
|turn|17
|
|t:|1652572015
|move|p1a: Keldeo|Calm Mind|p1a: Keldeo
|-boost|p1a: Keldeo|spa|1
|-boost|p1a: Keldeo|spd|1
|move|p2a: Pelipper|U-turn|p1a: Keldeo
|-resisted|p1a: Keldeo
|-activate|p1a: Keldeo|move: Substitute|[damage]
|
|t:|1652572018
|switch|p2a: Barraskewda|Barraskewda, F|100/100|[from]move: U-turn
|
|-weather|RainDance|[upkeep]
|-heal|p1a: Keldeo|88/100|[from] item: Leftovers
|upkeep
|turn|18
|
|t:|1652572024
|move|p2a: Barraskewda|Liquidation|p1a: Keldeo
|-resisted|p1a: Keldeo
|-end|p1a: Keldeo|Substitute
|move|p1a: Keldeo|Secret Sword|p2a: Barraskewda
|-damage|p2a: Barraskewda|0 fnt
|faint|p2a: Barraskewda
|
|-weather|none
|-heal|p1a: Keldeo|94/100|[from] item: Leftovers
|upkeep
|
|t:|1652572027
|switch|p2a: Kartana|Kartana|90/100
|turn|19
|
|t:|1652572039
|switch|p1a: Heatran|Heatran, M|100/100
|move|p2a: Kartana|Sacred Sword|p1a: Heatran
|-supereffective|p1a: Heatran
|-damage|p1a: Heatran|23/100
|
|upkeep
|turn|20
|
|t:|1652572046
|switch|p2a: Pelipper|Pelipper, F|69/100 par
|-weather|RainDance|[from] ability: Drizzle|[of] p2a: Pelipper
|switch|p1a: Dragapult|Dragapult, F|26/100
|
|-weather|RainDance|[upkeep]
|upkeep
|turn|21
|
|t:|1652572054
|switch|p2a: Blissey|Blissey, F|87/100
|move|p1a: Dragapult|Curse|p2a: Blissey
|-start|p2a: Blissey|Curse|[of] p1a: Dragapult
|-damage|p1a: Dragapult|0 fnt
|faint|p1a: Dragapult
|
|-weather|RainDance|[upkeep]
|-damage|p2a: Blissey|62/100|[from] Curse
|upkeep
|
|t:|1652572061
|switch|p1a: Keldeo|Keldeo-Resolute|94/100
|turn|22
|
|t:|1652572065
|move|p1a: Keldeo|Substitute|p1a: Keldeo
|-start|p1a: Keldeo|Substitute
|-damage|p1a: Keldeo|69/100
|move|p2a: Blissey|Seismic Toss|p1a: Keldeo
|-end|p1a: Keldeo|Substitute
|
|-weather|RainDance|[upkeep]
|-heal|p1a: Keldeo|76/100|[from] item: Leftovers
|-damage|p2a: Blissey|37/100|[from] Curse
|upkeep
|turn|23
|
|t:|1652572069
|move|p1a: Keldeo|Substitute|p1a: Keldeo
|-start|p1a: Keldeo|Substitute
|-damage|p1a: Keldeo|51/100
|move|p2a: Blissey|Seismic Toss|p1a: Keldeo
|-end|p1a: Keldeo|Substitute
|
|-weather|RainDance|[upkeep]
|-heal|p1a: Keldeo|57/100|[from] item: Leftovers
|-damage|p2a: Blissey|12/100|[from] Curse
|upkeep
|turn|24
|
|t:|1652572071
|move|p1a: Keldeo|Substitute|p1a: Keldeo
|-start|p1a: Keldeo|Substitute
|-damage|p1a: Keldeo|32/100
|move|p2a: Blissey|Seismic Toss|p1a: Keldeo
|-end|p1a: Keldeo|Substitute
|
|-weather|RainDance|[upkeep]
|-heal|p1a: Keldeo|38/100|[from] item: Leftovers
|-damage|p2a: Blissey|0 fnt|[from] Curse
|faint|p2a: Blissey
|upkeep
|
|t:|1652572075
|switch|p2a: Kartana|Kartana|90/100
|turn|25
|
|t:|1652572082
|move|p2a: Kartana|Leaf Blade|p1a: Keldeo
|-supereffective|p1a: Keldeo
|-damage|p1a: Keldeo|0 fnt
|faint|p1a: Keldeo
|-ability|p2a: Kartana|Beast Boost|boost
|-boost|p2a: Kartana|atk|1
|
|-weather|RainDance|[upkeep]
|upkeep
|
|t:|1652572090
|switch|p1a: Heatran|Heatran, M|23/100
|turn|26
|
|t:|1652572095
|switch|p2a: Pelipper|Pelipper, F|69/100 par
|move|p1a: Heatran|Rest|p1a: Heatran
|-status|p1a: Heatran|slp|[from] move: Rest
|-heal|p1a: Heatran|100/100 slp|[silent]
|
|-weather|RainDance|[upkeep]
|upkeep
|turn|27
|
|t:|1652572101
|switch|p1a: Shedinja|Shedinja|100/100
|move|p2a: Pelipper|U-turn|p1a: Shedinja
|-immune|p1a: Shedinja|[from] ability: Wonder Guard
|
|-weather|none
|upkeep
|turn|28
|
|t:|1652572112
|switch|p1a: Rillaboom|Rillaboom, M|78/100
|-fieldstart|move: Grassy Terrain|[from] ability: Grassy Surge|[of] p1a: Rillaboom
|switch|p2a: Pikachu|Pikachu, M|100/100
|
|-heal|p1a: Rillaboom|84/100|[from] Grassy Terrain
|upkeep
|turn|29
|
|t:|1652572121
|switch|p2a: Pelipper|Pelipper, F|69/100 par
|-weather|RainDance|[from] ability: Drizzle|[of] p2a: Pelipper
|move|p1a: Rillaboom|Grassy Glide|p2a: Pelipper
|-damage|p2a: Pelipper|20/100 par
|
|-weather|RainDance|[upkeep]
|-heal|p1a: Rillaboom|90/100|[from] Grassy Terrain
|upkeep
|turn|30
|
|t:|1652572126
|switch|p1a: Shedinja|Shedinja|100/100
|move|p2a: Pelipper|U-turn|p1a: Shedinja
|-immune|p1a: Shedinja|[from] ability: Wonder Guard
|
|-weather|RainDance|[upkeep]
|upkeep
|turn|31
|
|t:|1652572135
|switch|p2a: Kartana|Kartana|90/100
|move|p1a: Shedinja|Swords Dance|p1a: Shedinja
|-boost|p1a: Shedinja|atk|2
|
|-weather|RainDance|[upkeep]
|-heal|p2a: Kartana|96/100|[from] Grassy Terrain
|upkeep
|turn|32
|
|t:|1652572144
|switch|p1a: Heatran|Heatran, M|100/100 slp
|move|p2a: Kartana|Knock Off|p1a: Heatran
|-damage|p1a: Heatran|58/100 slp
|-enditem|p1a: Heatran|Heavy-Duty Boots|[from] move: Knock Off|[of] p2a: Kartana
|
|-weather|RainDance|[upkeep]
|-heal|p2a: Kartana|100/100|[from] Grassy Terrain
|-heal|p1a: Heatran|64/100 slp|[from] Grassy Terrain
|-fieldend|move: Grassy Terrain
|upkeep
|turn|33
|
|t:|1652572155
|move|p2a: Kartana|Knock Off|p1a: Heatran
|-damage|p1a: Heatran|35/100 slp
|cant|p1a: Heatran|slp
|move|p1a: Heatran|Sleep Talk|p1a: Heatran
|move|p1a: Heatran|Eruption|p2a: Kartana|[from]move: Sleep Talk
|-supereffective|p2a: Kartana
|-damage|p2a: Kartana|0 fnt
|faint|p2a: Kartana
|
|-weather|RainDance|[upkeep]
|upkeep
|
|t:|1652572162
|switch|p2a: Pikachu|Pikachu, M|100/100
|turn|34
|c|☆Blacksponge|nice bs
|-message|Blacksponge forfeited.
|
|win|BOX MUNCHER
|raw|BOX MUNCHER's rating: 1469 &rarr; <strong>1490</strong><br />(+21 for winning)
|raw|Blacksponge's rating: 1482 &rarr; <strong>1461</strong><br />(-21 for losing)
|l|☆Blacksponge
||Ladder isn't responding, score probably updated but might not have (Request timeout).
