|j|☆Altthiel
|j|☆groundt
|player|p1|Altthiel|lass|1470
|player|p2|groundt|101|1485
|teamsize|p1|6
|teamsize|p2|6
|gametype|singles
|gen|8
|tier|[Gen 8] OU
|rated|
|rule|Sleep Clause Mod: Limit one foe put to sleep
|rule|Species Clause: Limit one of each Pokémon
|rule|OHKO Clause: OHKO moves are banned
|rule|Evasion Moves Clause: Evasion moves are banned
|rule|Endless Battle Clause: Forcing endless battles is banned
|rule|HP Percentage Mod: HP is shown in percentages
|clearpoke
|poke|p1|Conkeldurr, M|item
|poke|p1|Dracovish|item
|poke|p1|Clefable, F|item
|poke|p1|Pelipper, M|item
|poke|p1|Rotom-Heat|item
|poke|p1|Excadrill, M|item
|poke|p2|Kommo-o, F|item
|poke|p2|Cinderace, F|item
|poke|p2|Dugtrio, M|item
|poke|p2|Dracozolt|item
|poke|p2|Corviknight, M|item
|poke|p2|Hydreigon, F|item
|teampreview
|inactive|Battle timer is ON: inactive players will automatically lose when time's up. (requested by Altthiel)
|
|start
|switch|p1a: Excadrill|Excadrill, M|100/100
|switch|p2a: Hydreigon|Hydreigon, F|100/100
|-ability|p1a: Excadrill|Mold Breaker
|turn|1
|
|move|p2a: Hydreigon|Dark Pulse|p1a: Excadrill
|-damage|p1a: Excadrill|50/100
|move|p1a: Excadrill|Stealth Rock|p2a: Hydreigon
|-sidestart|p2: groundt|move: Stealth Rock
|
|upkeep
|turn|2
|
|switch|p1a: Clefable|Clefable, F|100/100
|move|p2a: Hydreigon|Nasty Plot|p2a: Hydreigon
|-boost|p2a: Hydreigon|spa|2
|
|upkeep
|turn|3
|
|switch|p2a: Cinderace|Cinderace, F|100/100
|-start|p1a: Clefable|Dynamax
|-heal|p1a: Clefable|100/100|[silent]
|move|p1a: Clefable|Max Starfall|p2a: Cinderace
|-resisted|p2a: Cinderace
|-damage|p2a: Cinderace|48/100
|-fieldstart|move: Misty Terrain
|
|upkeep
|turn|4
|
|move|p2a: Cinderace|Court Change|p2a: Cinderace
|-sideend|p2: groundt|Stealth Rock|[from] move: Court Change|[of] p2a: Cinderace
|-sidestart|p1: Altthiel|move: Stealth Rock
|move|p1a: Clefable|Max Starfall|p2a: Cinderace
|-resisted|p2a: Cinderace
|-damage|p2a: Cinderace|0 fnt
|faint|p2a: Cinderace
|
|upkeep
|
|switch|p2a: Corviknight|Corviknight, M|100/100
|turn|5
|
|switch|p2a: Dracozolt|Dracozolt|100/100
|move|p1a: Clefable|Max Flare|p2a: Dracozolt
|-resisted|p2a: Dracozolt
|-damage|p2a: Dracozolt|62/100
|-weather|SunnyDay
|
|-weather|SunnyDay|[upkeep]
|-end|p1a: Clefable|Dynamax
|-heal|p1a: Clefable|100/100|[silent]
|upkeep
|turn|6
|
|switch|p2a: Dugtrio|Dugtrio, M|100/100
|switch|p1a: Excadrill|Excadrill, M|50/100
|-damage|p1a: Excadrill|47/100|[from] Stealth Rock
|-ability|p1a: Excadrill|Mold Breaker
|
|-weather|SunnyDay|[upkeep]
|upkeep
|turn|7
|
|move|p2a: Dugtrio|Earthquake|p1a: Excadrill
|-supereffective|p1a: Excadrill
|-damage|p1a: Excadrill|0 fnt
|faint|p1a: Excadrill
|
|-weather|SunnyDay|[upkeep]
|-fieldend|Misty Terrain
|upkeep
|
|switch|p1a: Conkeldurr|Conkeldurr, M|100/100
|-damage|p1a: Conkeldurr|94/100|[from] Stealth Rock
|turn|8
|
|switch|p2a: Corviknight|Corviknight, M|100/100
|move|p1a: Conkeldurr|Drain Punch|p2a: Corviknight
|-damage|p2a: Corviknight|73/100
|-heal|p1a: Conkeldurr|100/100|[from] drain|[of] p2a: Corviknight
|
|-weather|SunnyDay|[upkeep]
|-heal|p2a: Corviknight|79/100|[from] item: Leftovers
|-status|p1a: Conkeldurr|brn|[from] item: Flame Orb
|upkeep
|turn|9
|
|move|p2a: Corviknight|Bulk Up|p2a: Corviknight
|-boost|p2a: Corviknight|atk|1
|-boost|p2a: Corviknight|def|1
|move|p1a: Conkeldurr|Defog|p2a: Corviknight
|-ability|p2a: Corviknight|Mirror Armor
|-unboost|p1a: Conkeldurr|evasion|1
|-sideend|p1: Altthiel|Stealth Rock|[from] move: Defog|[of] p1a: Conkeldurr
|
|-weather|none
|-heal|p2a: Corviknight|86/100|[from] item: Leftovers
|-damage|p1a: Conkeldurr|94/100 brn|[from] brn
|upkeep
|turn|10
|
|switch|p1a: Rotom|Rotom-Heat|100/100
|move|p2a: Corviknight|Bulk Up|p2a: Corviknight
|-boost|p2a: Corviknight|atk|1
|-boost|p2a: Corviknight|def|1
|
|-heal|p2a: Corviknight|92/100|[from] item: Leftovers
|upkeep
|turn|11
|
|switch|p2a: Dracozolt|Dracozolt|62/100
|move|p1a: Rotom|Trick|p2a: Dracozolt
|-activate|p1a: Rotom|move: Trick|[of] p2a: Dracozolt
|-item|p2a: Dracozolt|Choice Scarf|[from] move: Trick
|-item|p1a: Rotom|Choice Scarf|[from] move: Trick
|
|upkeep
|turn|12
|
|move|p1a: Rotom|Will-O-Wisp|p2a: Dracozolt
|-status|p2a: Dracozolt|brn
|move|p2a: Dracozolt|Bolt Beak|p1a: Rotom|[miss]
|-miss|p2a: Dracozolt|p1a: Rotom
|
|-damage|p2a: Dracozolt|56/100 brn|[from] brn
|upkeep
|turn|13
|
|move|p1a: Rotom|Will-O-Wisp|p2a: Dracozolt
|-fail|p2a: Dracozolt|brn
|move|p2a: Dracozolt|Bolt Beak|p1a: Rotom
|-resisted|p1a: Rotom
|-damage|p1a: Rotom|87/100
|
|-damage|p2a: Dracozolt|50/100 brn|[from] brn
|upkeep
|turn|14
|
|move|p1a: Rotom|Will-O-Wisp|p2a: Dracozolt
|-fail|p2a: Dracozolt|brn
|move|p2a: Dracozolt|Bolt Beak|p1a: Rotom
|-resisted|p1a: Rotom
|-damage|p1a: Rotom|73/100
|
|-damage|p2a: Dracozolt|43/100 brn|[from] brn
|upkeep
|turn|15
|
|move|p1a: Rotom|Will-O-Wisp|p2a: Dracozolt
|-fail|p2a: Dracozolt|brn
|move|p2a: Dracozolt|Bolt Beak|p1a: Rotom
|-resisted|p1a: Rotom
|-damage|p1a: Rotom|59/100
|
|-damage|p2a: Dracozolt|37/100 brn|[from] brn
|upkeep
|turn|16
|
|switch|p1a: Pelipper|Pelipper, M|100/100
|-weather|RainDance|[from] ability: Drizzle|[of] p1a: Pelipper
|move|p2a: Dracozolt|Bolt Beak|p1a: Pelipper|[miss]
|-miss|p2a: Dracozolt|p1a: Pelipper
|
|-weather|RainDance|[upkeep]
|-damage|p2a: Dracozolt|31/100 brn|[from] brn
|upkeep
|turn|17
|
|switch|p1a: Dracovish|Dracovish|100/100
|move|p2a: Dracozolt|Bolt Beak|p1a: Dracovish
|-damage|p1a: Dracovish|38/100
|
|-weather|RainDance|[upkeep]
|-damage|p2a: Dracozolt|25/100 brn|[from] brn
|upkeep
|turn|18
|
|move|p2a: Dracozolt|Bolt Beak|p1a: Dracovish
|-damage|p1a: Dracovish|0 fnt
|faint|p1a: Dracovish
|
|-weather|RainDance|[upkeep]
|-damage|p2a: Dracozolt|19/100 brn|[from] brn
|upkeep
|
|switch|p1a: Conkeldurr|Conkeldurr, M|94/100 brn
|turn|19
|
|move|p1a: Conkeldurr|Mach Punch|p2a: Dracozolt
|-damage|p2a: Dracozolt|0 fnt
|faint|p2a: Dracozolt
|
|-weather|RainDance|[upkeep]
|-damage|p1a: Conkeldurr|88/100 brn|[from] brn
|upkeep
|
|switch|p2a: Corviknight|Corviknight, M|92/100
|turn|20
|
|switch|p1a: Rotom|Rotom-Heat|59/100
|move|p2a: Corviknight|Brave Bird|p1a: Rotom
|-resisted|p1a: Rotom
|-damage|p1a: Rotom|41/100
|-damage|p2a: Corviknight|87/100|[from] Recoil
|
|-weather|RainDance|[upkeep]
|-heal|p2a: Corviknight|93/100|[from] item: Leftovers
|upkeep
|turn|21
|
|move|p1a: Rotom|Trick|p2a: Corviknight
|-activate|p1a: Rotom|move: Trick|[of] p2a: Corviknight
|-item|p2a: Corviknight|Choice Scarf|[from] move: Trick
|-item|p1a: Rotom|Leftovers|[from] move: Trick
|move|p2a: Corviknight|Roost|p2a: Corviknight
|-heal|p2a: Corviknight|100/100
|-singleturn|p2a: Corviknight|move: Roost
|
|-weather|RainDance|[upkeep]
|-heal|p1a: Rotom|47/100|[from] item: Leftovers
|upkeep
|turn|22
|
|move|p1a: Rotom|Will-O-Wisp|p2a: Corviknight
|-status|p2a: Corviknight|brn
|move|p2a: Corviknight|Roost||[still]
|-fail|p2a: Corviknight|heal
|
|-weather|RainDance|[upkeep]
|-heal|p1a: Rotom|53/100|[from] item: Leftovers
|-damage|p2a: Corviknight|94/100 brn|[from] brn
|upkeep
|turn|23
|
|switch|p2a: Hydreigon|Hydreigon, F|100/100
|move|p1a: Rotom|Will-O-Wisp|p2a: Hydreigon
|-status|p2a: Hydreigon|brn
|
|-weather|none
|-heal|p1a: Rotom|59/100|[from] item: Leftovers
|-damage|p2a: Hydreigon|94/100 brn|[from] brn
|upkeep
|turn|24
|
|switch|p1a: Clefable|Clefable, F|100/100
|move|p2a: Hydreigon|Nasty Plot|p2a: Hydreigon
|-boost|p2a: Hydreigon|spa|2
|
|-heal|p2a: Hydreigon|100/100 brn|[from] item: Leftovers
|-damage|p2a: Hydreigon|94/100 brn|[from] brn
|upkeep
|turn|25
|
|move|p2a: Hydreigon|Flash Cannon|p1a: Clefable
|-supereffective|p1a: Clefable
|-damage|p1a: Clefable|16/100
|move|p1a: Clefable|Moonblast|p2a: Hydreigon
|-supereffective|p2a: Hydreigon
|-damage|p2a: Hydreigon|0 fnt
|faint|p2a: Hydreigon
|
|upkeep
|
|switch|p2a: Dugtrio|Dugtrio, M|100/100
|turn|26
|
|move|p2a: Dugtrio|Earthquake|p1a: Clefable
|-damage|p1a: Clefable|0 fnt
|faint|p1a: Clefable
|
|upkeep
|
|switch|p1a: Rotom|Rotom-Heat|59/100
|turn|27
|
|switch|p1a: Conkeldurr|Conkeldurr, M|88/100 brn
|move|p2a: Dugtrio|Memento|p1a: Conkeldurr
|-unboost|p1a: Conkeldurr|atk|2
|-unboost|p1a: Conkeldurr|spa|2
|faint|p2a: Dugtrio
|
|-damage|p1a: Conkeldurr|82/100 brn|[from] brn
|upkeep
|
|switch|p2a: Kommo-o|Kommo-o, F|100/100
|turn|28
|
|move|p2a: Kommo-o|Clangorous Soul|p2a: Kommo-o
|-boost|p2a: Kommo-o|atk|1
|-boost|p2a: Kommo-o|def|1
|-boost|p2a: Kommo-o|spa|1
|-boost|p2a: Kommo-o|spd|1
|-boost|p2a: Kommo-o|spe|1
|-damage|p2a: Kommo-o|67/100
|-enditem|p2a: Kommo-o|Throat Spray
|-boost|p2a: Kommo-o|spa|1
|move|p1a: Conkeldurr|Ice Punch|p2a: Kommo-o
|-supereffective|p2a: Kommo-o
|-damage|p2a: Kommo-o|40/100
|
|-damage|p1a: Conkeldurr|76/100 brn|[from] brn
|upkeep
|turn|29
|
|switch|p1a: Rotom|Rotom-Heat|59/100
|-start|p2a: Kommo-o|Dynamax
|-heal|p2a: Kommo-o|40/100|[silent]
|move|p2a: Kommo-o|Max Wyrmwind|p1a: Rotom
|-damage|p1a: Rotom|0 fnt
|faint|p1a: Rotom
|
|upkeep
|
|switch|p1a: Pelipper|Pelipper, M|100/100
|-weather|RainDance|[from] ability: Drizzle|[of] p1a: Pelipper
|turn|30
|
|move|p2a: Kommo-o|Max Wyrmwind|p1a: Pelipper
|-damage|p1a: Pelipper|0 fnt
|faint|p1a: Pelipper
|
|-weather|RainDance|[upkeep]
|upkeep
|
|switch|p1a: Conkeldurr|Conkeldurr, M|76/100 brn
|turn|31
|
|move|p2a: Kommo-o|Max Wyrmwind|p1a: Conkeldurr
|-crit|p1a: Conkeldurr
|-damage|p1a: Conkeldurr|0 fnt
|faint|p1a: Conkeldurr
|
|win|groundt
|l|☆Altthiel
||Ladder (probably) updated, but score could not be retrieved (Response not received).
