|j|☆Sp0oNl0rD
|j|☆RedDiamond1024
|t:|1647195142
|gametype|singles
|player|p1|Sp0oNl0rD|blackbelt-gen4dp|
|player|p2|RedDiamond1024|red|
|teamsize|p1|6
|teamsize|p2|6
|gen|8
|tier|[Gen 8] OU
|rule|Sleep Clause Mod: Limit one foe put to sleep
|rule|Species Clause: Limit one of each Pokémon
|rule|OHKO Clause: OHKO moves are banned
|rule|Evasion Moves Clause: Evasion moves are banned
|rule|Endless Battle Clause: Forcing endless battles is banned
|rule|HP Percentage Mod: HP is shown in percentages
|rule|Dynamax Clause: You cannot dynamax
|clearpoke
|poke|p1|Thundurus, M|
|poke|p1|Garchomp, F|
|poke|p1|Melmetal|
|poke|p1|Mew|
|poke|p1|Dragapult, M|
|poke|p1|Kartana|
|poke|p2|Rillaboom, F|
|poke|p2|Hawlucha, M|
|poke|p2|Heatran, M|
|poke|p2|Slowbro, F|
|poke|p2|Weavile, M|
|poke|p2|Landorus-Therian, M|
|teampreview
|inactive|Battle timer is ON: inactive players will automatically lose when time's up. (requested by Sp0oNl0rD)
|
|t:|1647195158
|start
|switch|p1a: Melmetal|Melmetal|100/100
|switch|p2a: David|Weavile, M|100/100
|-ability|p2a: David|Pressure
|turn|1
|
|t:|1647195168
|switch|p2a: Behemoth|Slowbro, F|100/100
|move|p1a: Melmetal|Double Iron Bash|p2a: Behemoth
|-resisted|p2a: Behemoth
|-damage|p2a: Behemoth|85/100
|-resisted|p2a: Behemoth
|-damage|p2a: Behemoth|71/100
|-hitcount|p2a: Behemoth|2
|
|upkeep
|turn|2
|
|t:|1647195176
|switch|p1a: Mew|Mew|100/100
|move|p2a: Behemoth|Teleport|p2a: Behemoth
|
|t:|1647195179
|switch|p2a: David|Weavile, M|100/100|[from]move: Teleport
|-ability|p2a: David|Pressure
|
|upkeep
|turn|3
|j| Zero0ne1
|
|t:|1647195186
|move|p2a: David|Knock Off|p1a: Mew
|-supereffective|p1a: Mew
|-damage|p1a: Mew|14/100
|-enditem|p1a: Mew|Custap Berry|[from] move: Knock Off|[of] p2a: David
|move|p1a: Mew|Thunder Wave|p2a: David
|-status|p2a: David|par
|
|upkeep
|turn|4
|
|t:|1647195194
|switch|p1a: Melmetal|Melmetal|100/100
|move|p2a: David|Ice Shard|p1a: Melmetal
|-resisted|p1a: Melmetal
|-damage|p1a: Melmetal|94/100
|
|upkeep
|turn|5
|
|t:|1647195200
|switch|p2a: Behemoth|Slowbro, F|100/100
|move|p1a: Melmetal|Thunder Punch|p2a: Behemoth
|-supereffective|p2a: Behemoth
|-damage|p2a: Behemoth|52/100
|
|upkeep
|turn|6
|
|t:|1647195214
|switch|p2a: Clout lion|Landorus-Therian, M|100/100
|-ability|p2a: Clout lion|Intimidate|boost
|-unboost|p1a: Melmetal|atk|1
|move|p1a: Melmetal|Thunder Punch|p2a: Clout lion
|-immune|p2a: Clout lion
|
|upkeep
|turn|7
|
|t:|1647195225
|switch|p1a: Mew|Mew|14/100
|move|p2a: Clout lion|U-turn|p1a: Mew
|-supereffective|p1a: Mew
|-damage|p1a: Mew|0 fnt
|faint|p1a: Mew
|
|t:|1647195240
|switch|p2a: Behemoth|Slowbro, F|85/100|[from]move: U-turn
|
|upkeep
|
|t:|1647195242
|switch|p1a: Thundurus|Thundurus, M|100/100
|turn|8
|
|t:|1647195251
|move|p1a: Thundurus|Taunt|p2a: Behemoth
|-start|p2a: Behemoth|move: Taunt
|cant|p2a: Behemoth|move: Taunt|Teleport
|
|upkeep
|turn|9
|
|t:|1647195258
|switch|p2a: David|Weavile, M|100/100 par
|-ability|p2a: David|Pressure
|move|p1a: Thundurus|Grass Knot|p2a: David
|-damage|p2a: David|65/100 par
|-damage|p1a: Thundurus|91/100|[from] item: Life Orb
|
|upkeep
|turn|10
|
|t:|1647195266
|move|p1a: Thundurus|Thunderbolt|p2a: David
|-damage|p2a: David|0 fnt
|faint|p2a: David
|-damage|p1a: Thundurus|81/100|[from] item: Life Orb
|
|upkeep
|
|t:|1647195271
|switch|p2a: Broly|Rillaboom, F, shiny|100/100
|-fieldstart|move: Grassy Terrain|[from] ability: Grassy Surge|[of] p2a: Broly
|turn|11
|
|t:|1647195280
|switch|p1a: Garchomp|Garchomp, F|100/100
|move|p2a: Broly|U-turn|p1a: Garchomp
|-damage|p1a: Garchomp|74/100
|-activate|p1a: Garchomp|ability: Rough Skin
|-activate|p2a: Broly|item: Protective Pads
|c|☆Sp0oNl0rD|interesting
|
|t:|1647195288
|switch|p2a: Clout lion|Landorus-Therian, M|100/100|[from]move: U-turn
|-ability|p2a: Clout lion|Intimidate|boost
|-unboost|p1a: Garchomp|atk|1
|
|-heal|p1a: Garchomp|80/100|[from] Grassy Terrain
|upkeep
|turn|12
|
|t:|1647195297
|move|p1a: Garchomp|Swords Dance|p1a: Garchomp
|-boost|p1a: Garchomp|atk|2
|move|p2a: Clout lion|Earth Power|p1a: Garchomp
|-damage|p1a: Garchomp|46/100
|
|-heal|p1a: Garchomp|52/100|[from] Grassy Terrain
|upkeep
|turn|13
|c|☆Sp0oNl0rD|ah makes sense
|
|t:|1647195307
|move|p1a: Garchomp|Scale Shot|p2a: Clout lion
|-damage|p2a: Clout lion|82/100
|-damage|p2a: Clout lion|63/100
|-damage|p2a: Clout lion|43/100
|-damage|p2a: Clout lion|21/100
|-hitcount|p2a: Clout lion|4
|-unboost|p1a: Garchomp|def|1
|-boost|p1a: Garchomp|spe|1
|move|p2a: Clout lion|Toxic|p1a: Garchomp
|-status|p1a: Garchomp|tox
|
|-heal|p1a: Garchomp|58/100 tox|[from] Grassy Terrain
|-heal|p2a: Clout lion|27/100|[from] item: Leftovers
|-damage|p1a: Garchomp|52/100 tox|[from] psn
|upkeep
|turn|14
|
|t:|1647195321
|switch|p2a: Behemoth|Slowbro, F|100/100
|move|p1a: Garchomp|Scale Shot|p2a: Behemoth
|-damage|p2a: Behemoth|87/100
|-damage|p2a: Behemoth|74/100
|-hitcount|p2a: Behemoth|2
|-unboost|p1a: Garchomp|def|1
|-boost|p1a: Garchomp|spe|1
|
|-heal|p1a: Garchomp|58/100 tox|[from] Grassy Terrain
|-heal|p2a: Behemoth|80/100|[from] Grassy Terrain
|-damage|p1a: Garchomp|46/100 tox|[from] psn
|upkeep
|turn|15
|
|t:|1647195337
|switch|p1a: Dragapult|Dragapult, M|100/100
|move|p2a: Behemoth|Slack Off|p2a: Behemoth
|-heal|p2a: Behemoth|100/100
|
|-fieldend|move: Grassy Terrain
|upkeep
|turn|16
|
|t:|1647195345
|move|p1a: Dragapult|Dragon Dance|p1a: Dragapult
|-boost|p1a: Dragapult|atk|1
|-boost|p1a: Dragapult|spe|1
|move|p2a: Behemoth|Teleport|p2a: Behemoth
|
|t:|1647195349
|switch|p2a: Broly|Rillaboom, F, shiny|100/100|[from]move: Teleport
|-fieldstart|move: Grassy Terrain|[from] ability: Grassy Surge|[of] p2a: Broly
|
|upkeep
|turn|17
|
|t:|1647195356
|switch|p2a: Clout lion|Landorus-Therian, M|27/100
|-ability|p2a: Clout lion|Intimidate|boost
|-fail|p1a: Dragapult|unboost|[from] ability: Clear Body|[of] p1a: Dragapult
|move|p1a: Dragapult|Dragon Darts|p2a: Clout lion
|-crit|p2a: Clout lion
|-damage|p2a: Clout lion|0 fnt
|faint|p2a: Clout lion
|-damage|p1a: Dragapult|91/100|[from] item: Life Orb
|
|-heal|p1a: Dragapult|97/100|[from] Grassy Terrain
|upkeep
|
|t:|1647195366
|switch|p2a: berserker|Hawlucha, M, shiny|100/100
|-enditem|p2a: berserker|Grassy Seed
|-boost|p2a: berserker|def|1|[from] item: Grassy Seed
|turn|18
|
|t:|1647195371
|switch|p1a: Garchomp|Garchomp, F|46/100 tox
|move|p2a: berserker|Swords Dance|p2a: berserker
|-boost|p2a: berserker|atk|2
|
|-heal|p1a: Garchomp|52/100 tox|[from] Grassy Terrain
|-damage|p1a: Garchomp|46/100 tox|[from] psn
|upkeep
|turn|19
|
|t:|1647195382
|move|p2a: berserker|Acrobatics|p1a: Garchomp
|-damage|p1a: Garchomp|0 fnt
|-damage|p2a: berserker|88/100|[from] ability: Rough Skin|[of] p1a: Garchomp
|faint|p1a: Garchomp
|
|upkeep
|
|t:|1647195384
|switch|p1a: Thundurus|Thundurus, M|81/100
|turn|20
|
|t:|1647195389
|move|p1a: Thundurus|Thunder Wave|p2a: berserker
|-status|p2a: berserker|par
|move|p2a: berserker|Stone Edge|p1a: Thundurus
|-supereffective|p1a: Thundurus
|-damage|p1a: Thundurus|0 fnt
|faint|p1a: Thundurus
|
|-fieldend|move: Grassy Terrain
|upkeep
|
|t:|1647195399
|switch|p1a: Kartana|Kartana, shiny|100/100
|turn|21
|
|t:|1647195402
|move|p1a: Kartana|Leaf Blade|p2a: berserker
|-resisted|p2a: berserker
|-damage|p2a: berserker|67/100 par
|move|p2a: berserker|Close Combat|p1a: Kartana
|-supereffective|p1a: Kartana
|-damage|p1a: Kartana|0 fnt
|-unboost|p2a: berserker|def|1
|-unboost|p2a: berserker|spd|1
|faint|p1a: Kartana
|
|upkeep
|
|t:|1647195405
|switch|p1a: Dragapult|Dragapult, M|97/100
|turn|22
|
|t:|1647195413
|move|p1a: Dragapult|Dragon Darts|p2a: berserker
|-damage|p2a: berserker|17/100 par
|-anim|p1a: Dragapult|Dragon Darts|p2a: berserker
|-damage|p2a: berserker|0 fnt
|faint|p2a: berserker
|-damage|p1a: Dragapult|87/100|[from] item: Life Orb
|
|upkeep
|
|t:|1647195419
|switch|p2a: Clout frog|Heatran, M|100/100
|-item|p2a: Clout frog|Air Balloon
|turn|23
|
|t:|1647195424
|move|p1a: Dragapult|Dragon Dance|p1a: Dragapult
|-boost|p1a: Dragapult|atk|1
|-boost|p1a: Dragapult|spe|1
|move|p2a: Clout frog|Earth Power|p1a: Dragapult
|-damage|p1a: Dragapult|41/100
|
|upkeep
|turn|24
|
|t:|1647195431
|switch|p2a: Behemoth|Slowbro, F|100/100
|move|p1a: Dragapult|Phantom Force||[still]
|-prepare|p1a: Dragapult|Phantom Force
|
|upkeep
|turn|25
|
|t:|1647195437
|move|p1a: Dragapult|Phantom Force|p2a: Behemoth|[from]lockedmove
|-supereffective|p2a: Behemoth
|-damage|p2a: Behemoth|0 fnt
|faint|p2a: Behemoth
|-damage|p1a: Dragapult|31/100|[from] item: Life Orb
|
|upkeep
|
|t:|1647195442
|switch|p2a: Broly|Rillaboom, F, shiny|100/100
|-fieldstart|move: Grassy Terrain|[from] ability: Grassy Surge|[of] p2a: Broly
|turn|26
|
|t:|1647195446
|switch|p1a: Melmetal|Melmetal|94/100
|move|p2a: Broly|Grassy Glide|p1a: Melmetal
|-resisted|p1a: Melmetal
|-damage|p1a: Melmetal|81/100
|
|-heal|p1a: Melmetal|87/100|[from] Grassy Terrain
|upkeep
|turn|27
|
|t:|1647195457
|switch|p1a: Dragapult|Dragapult, M|31/100
|move|p2a: Broly|Superpower|p1a: Dragapult
|-immune|p1a: Dragapult
|
|-heal|p1a: Dragapult|37/100|[from] Grassy Terrain
|upkeep
|turn|28
|
|t:|1647195466
|move|p2a: Broly|Grassy Glide|p1a: Dragapult
|-resisted|p1a: Dragapult
|-damage|p1a: Dragapult|0 fnt
|faint|p1a: Dragapult
|
|upkeep
|
|t:|1647195467
|switch|p1a: Melmetal|Melmetal|87/100
|turn|29
|
|t:|1647195472
|move|p2a: Broly|Superpower|p1a: Melmetal
|-supereffective|p1a: Melmetal
|-damage|p1a: Melmetal|34/100
|-unboost|p2a: Broly|atk|1
|-unboost|p2a: Broly|def|1
|move|p1a: Melmetal|Double Iron Bash|p2a: Broly
|-damage|p2a: Broly|29/100
|-damage|p2a: Broly|0 fnt
|faint|p2a: Broly
|-hitcount|p2: Broly|2
|
|-heal|p1a: Melmetal|40/100|[from] Grassy Terrain
|upkeep
|c|☆RedDiamond1024|gg
|l| Zero0ne1
|
|t:|1647195482
|switch|p2a: Clout frog|Heatran, M|100/100
|-item|p2a: Clout frog|Air Balloon
|turn|30
|c|☆Sp0oNl0rD|gg
|
|t:|1647195487
|move|p2a: Clout frog|Eruption|p1a: Melmetal
|-supereffective|p1a: Melmetal
|-damage|p1a: Melmetal|0 fnt
|faint|p1a: Melmetal
|
|win|RedDiamond1024
|l|☆Sp0oNl0rD
|j| on tha ladder pack
|l| on tha ladder pack
