|html|<div class="broadcast-blue"><strong>[Gen 8] OU is currently suspecting Melmetal! For information on how to participate check out the <a href="https://www.smogon.com/forums/threads/np-ss-ou-suspect-process-round-12-monster-mash.3709234/">suspect thread</a>.</strong></div>
|j|☆jawabarat
|j|☆Kagamiko0
|inactive|Battle timer is ON: inactive players will automatically lose when time's up.
|t:|1666563007
|gametype|singles
|player|p1|jawabarat|artist-gen4|
|player|p2|Kagamiko0|n|
|teamsize|p1|6
|teamsize|p2|6
|gen|8
|tier|[Gen 8] OU
|rated|Tournament battle
|rule|Sleep Clause Mod: Limit one foe put to sleep
|rule|Species Clause: Limit one of each Pokémon
|rule|OHKO Clause: OHKO moves are banned
|rule|Evasion Items Clause: Evasion items are banned
|rule|Evasion Moves Clause: Evasion moves are banned
|rule|Endless Battle Clause: Forcing endless battles is banned
|rule|HP Percentage Mod: HP is shown in percentages
|rule|Dynamax Clause: You cannot dynamax
|clearpoke
|poke|p1|Porygon-Z|
|poke|p1|Ferrothorn, F|
|poke|p1|Jellicent, F|
|poke|p1|Landorus-Therian, M|
|poke|p1|Tapu Koko|
|poke|p1|Dragonite, F|
|poke|p2|Porygon2|
|poke|p2|Dracozolt|
|poke|p2|Aegislash, M|
|poke|p2|Hatterene, F|
|poke|p2|Conkeldurr, M|
|poke|p2|Mimikyu, M|
|teampreview
|c|☆Kagamiko0|yop
|c|☆Kagamiko0|gl
|c|☆jawabarat|u2
|j| gxemoment
|inactive|jawabarat has 120 seconds left.
|
|t:|1666563038
|start
|switch|p1a: Jellicent|Jellicent, F|100/100
|switch|p2a: Trucs|Porygon2, shiny|100/100
|turn|1
|j| outddieblooclip
|
|t:|1666563044
|move|p1a: Jellicent|Taunt|p2a: Trucs
|-start|p2a: Trucs|move: Taunt
|cant|p2a: Trucs|move: Taunt|Trick Room
|
|upkeep
|turn|2
|l| gxemoment
|
|t:|1666563058
|switch|p1a: Porygon-Z|Porygon-Z|100/100
|-ability|p1a: Porygon-Z|Download|boost
|-boost|p1a: Porygon-Z|spa|1
|switch|p2a: Le chef du béton|Conkeldurr, M|100/100
|
|-status|p2a: Le chef du béton|brn|[from] item: Flame Orb
|upkeep
|turn|3
|j| gxemoment
|j| AzZoCcX
|j| CELESTIAL CONNECT
|j| Trogba Trogba
|
|t:|1666563084
|switch|p1a: Landorus|Landorus-Therian, M|100/100
|-ability|p1a: Landorus|Intimidate|boost
|-unboost|p2a: Le chef du béton|atk|1
|move|p2a: Le chef du béton|Knock Off|p1a: Landorus
|-damage|p1a: Landorus|64/100
|-enditem|p1a: Landorus|Leftovers|[from] move: Knock Off|[of] p2a: Le chef du béton
|
|-damage|p2a: Le chef du béton|94/100 brn|[from] brn
|upkeep
|turn|4
|
|t:|1666563095
|switch|p2a: Trucs|Porygon2, shiny|100/100
|move|p1a: Landorus|U-turn|p2a: Trucs
|-damage|p2a: Trucs|91/100
|l| gxemoment
|
|t:|1666563099
|switch|p1a: Porygon-Z|Porygon-Z|100/100|[from]move: U-turn
|-ability|p1a: Porygon-Z|Download|boost
|-boost|p1a: Porygon-Z|spa|1
|
|upkeep
|turn|5
|
|t:|1666563105
|move|p1a: Porygon-Z|Tri Attack|p2a: Trucs
|-damage|p2a: Trucs|33/100
|move|p2a: Trucs|Trick Room|p2a: Trucs
|-fieldstart|move: Trick Room|[of] p2a: Trucs
|
|upkeep
|turn|6
|
|t:|1666563112
|move|p1a: Porygon-Z|Tri Attack|p2a: Trucs
|-damage|p2a: Trucs|0 fnt
|faint|p2a: Trucs
|
|upkeep
|
|t:|1666563120
|switch|p2a: Lionel pessi|Aegislash, M|100/100
|turn|7
|
|t:|1666563127
|switch|p1a: Landorus|Landorus-Therian, M|64/100
|-ability|p1a: Landorus|Intimidate|boost
|-unboost|p2a: Lionel pessi|atk|1
|move|p2a: Lionel pessi|Swords Dance|p2a: Lionel pessi
|-boost|p2a: Lionel pessi|atk|2
|
|upkeep
|turn|8
|j| Micciu20250
|
|t:|1666563155
|switch|p1a: Ferrothorn|Ferrothorn, F|100/100
|move|p2a: Lionel pessi|Swords Dance|p2a: Lionel pessi
|-boost|p2a: Lionel pessi|atk|2
|
|upkeep
|turn|9
|l| Micciu20250
|
|t:|1666563163
|switch|p1a: Landorus|Landorus-Therian, M|64/100
|-ability|p1a: Landorus|Intimidate|boost
|-unboost|p2a: Lionel pessi|atk|1
|-formechange|p2a: Lionel pessi|Aegislash-Blade||[from] ability: Stance Change
|move|p2a: Lionel pessi|Sacred Sword|p1a: Landorus
|-resisted|p1a: Landorus
|-damage|p1a: Landorus|29/100
|
|-fieldend|move: Trick Room
|upkeep
|turn|10
|
|t:|1666563173
|move|p2a: Lionel pessi|Shadow Sneak|p1a: Landorus
|-damage|p1a: Landorus|0 fnt
|faint|p1a: Landorus
|
|upkeep
|
|t:|1666563176
|switch|p1a: Porygon-Z|Porygon-Z|100/100
|-ability|p1a: Porygon-Z|Download|boost
|-boost|p1a: Porygon-Z|atk|1
|turn|11
|inactive|jawabarat has 120 seconds left.
|
|t:|1666563208
|switch|p1a: Jellicent|Jellicent, F|100/100
|move|p2a: Lionel pessi|Sacred Sword|p1a: Jellicent
|-immune|p1a: Jellicent
|
|upkeep
|turn|12
|inactive|jawabarat has 120 seconds left.
|
|t:|1666563220
|switch|p1a: Ferrothorn|Ferrothorn, F|100/100
|move|p2a: Lionel pessi|Shadow Sneak|p1a: Ferrothorn
|-damage|p1a: Ferrothorn|72/100
|-damage|p2a: Lionel pessi|88/100|[from] ability: Iron Barbs|[of] p1a: Ferrothorn
|-damage|p2a: Lionel pessi|71/100|[from] item: Rocky Helmet|[of] p1a: Ferrothorn
|
|-heal|p2a: Lionel pessi|78/100|[from] item: Leftovers
|upkeep
|turn|13
|
|t:|1666563231
|switch|p1a: Jellicent|Jellicent, F|100/100
|move|p2a: Lionel pessi|Shadow Sneak|p1a: Jellicent
|-supereffective|p1a: Jellicent
|-damage|p1a: Jellicent|3/100
|
|-heal|p1a: Jellicent|9/100|[from] item: Leftovers
|-heal|p2a: Lionel pessi|84/100|[from] item: Leftovers
|upkeep
|turn|14
|
|t:|1666563246
|switch|p1a: Ferrothorn|Ferrothorn, F|72/100
|move|p2a: Lionel pessi|Swords Dance|p2a: Lionel pessi
|-boost|p2a: Lionel pessi|atk|2
|
|-heal|p2a: Lionel pessi|90/100|[from] item: Leftovers
|upkeep
|turn|15
|j| MRH1106
|
|t:|1666563258
|move|p2a: Lionel pessi|Sacred Sword|p1a: Ferrothorn
|-supereffective|p1a: Ferrothorn
|-crit|p1a: Ferrothorn
|-damage|p1a: Ferrothorn|0 fnt
|-damage|p2a: Lionel pessi|78/100|[from] ability: Iron Barbs|[of] p1a: Ferrothorn
|-damage|p2a: Lionel pessi|61/100|[from] item: Rocky Helmet|[of] p1a: Ferrothorn
|faint|p1a: Ferrothorn
|
|-heal|p2a: Lionel pessi|67/100|[from] item: Leftovers
|upkeep
|
|t:|1666563261
|switch|p1a: Porygon-Z|Porygon-Z|100/100
|-ability|p1a: Porygon-Z|Download|boost
|-boost|p1a: Porygon-Z|atk|1
|turn|16
|
|t:|1666563265
|move|p1a: Porygon-Z|Trick|p2a: Lionel pessi
|-activate|p1a: Porygon-Z|move: Trick|[of] p2a: Lionel pessi
|-item|p2a: Lionel pessi|Choice Specs|[from] move: Trick
|-item|p1a: Porygon-Z|Leftovers|[from] move: Trick
|move|p2a: Lionel pessi|Sacred Sword|p1a: Porygon-Z
|-supereffective|p1a: Porygon-Z
|-damage|p1a: Porygon-Z|0 fnt
|faint|p1a: Porygon-Z
|
|upkeep
|
|t:|1666563269
|switch|p1a: Jellicent|Jellicent, F|9/100
|turn|17
|
|t:|1666563282
|switch|p2a: SIUUUUU|Hatterene, F|100/100
|move|p1a: Jellicent|Recover|p1a: Jellicent
|-heal|p1a: Jellicent|60/100
|
|-heal|p1a: Jellicent|66/100|[from] item: Leftovers
|upkeep
|turn|18
|
|t:|1666563291
|move|p1a: Jellicent|Hex|p2a: SIUUUUU
|-supereffective|p2a: SIUUUUU
|-damage|p2a: SIUUUUU|56/100
|move|p2a: SIUUUUU|Trick Room|p2a: SIUUUUU
|-fieldstart|move: Trick Room|[of] p2a: SIUUUUU
|
|-heal|p2a: SIUUUUU|62/100|[from] item: Leftovers
|-heal|p1a: Jellicent|72/100|[from] item: Leftovers
|upkeep
|turn|19
|j| TBIC106
|
|t:|1666563318
|move|p2a: SIUUUUU|Healing Wish|p2a: SIUUUUU
|faint|p2a: SIUUUUU
|move|p1a: Jellicent|Recover|p1a: Jellicent
|-heal|p1a: Jellicent|100/100
|
|upkeep
|
|t:|1666563321
|switch|p2a: Lionel pessi|Aegislash, M|67/100
|-heal|p2a: Lionel pessi|100/100|[from] move: Healing Wish
|turn|20
|
|t:|1666563327
|switch|p1a: Dragonite|Dragonite, F|100/100
|move|p2a: Lionel pessi|Swords Dance|p2a: Lionel pessi
|-boost|p2a: Lionel pessi|atk|2
|
|upkeep
|turn|21
|inactive|Kagamiko0 has 120 seconds left.
|c|☆Kagamiko0|forgot the choice :clown:
|
|t:|1666563365
|switch|p2a: Pristiano Penaldo|Dracozolt|100/100
|move|p1a: Dragonite|Earthquake|p2a: Pristiano Penaldo
|-supereffective|p2a: Pristiano Penaldo
|-damage|p2a: Pristiano Penaldo|28/100
|
|upkeep
|turn|22
|inactive|Kagamiko0 has 120 seconds left.
|
|t:|1666563378
|switch|p1a: Tapu Koko|Tapu Koko|100/100
|-fieldstart|move: Electric Terrain|[from] ability: Electric Surge|[of] p1a: Tapu Koko
|move|p2a: Pristiano Penaldo|Outrage|p1a: Tapu Koko
|-immune|p1a: Tapu Koko
|
|-fieldend|move: Trick Room
|upkeep
|turn|23
|
|t:|1666563391
|switch|p2a: Sergio Ramos|Mimikyu, M|100/100
|move|p1a: Tapu Koko|U-turn|p2a: Sergio Ramos
|-activate|p2a: Sergio Ramos|ability: Disguise
|-damage|p2a: Sergio Ramos|100/100
|detailschange|p2a: Sergio Ramos|Mimikyu-Busted, M
|-damage|p2a: Sergio Ramos|88/100|[from] pokemon: Mimikyu-Busted
|-enditem|p2a: Sergio Ramos|Red Card|[of] p1a: Tapu Koko
|drag|p1a: Dragonite|Dragonite, F|100/100
|
|upkeep
|turn|24
|inactive|jawabarat has 120 seconds left.
|
|t:|1666563419
|move|p1a: Dragonite|Dragon Dance|p1a: Dragonite
|-boost|p1a: Dragonite|atk|1
|-boost|p1a: Dragonite|spe|1
|move|p2a: Sergio Ramos|Play Rough|p1a: Dragonite
|-supereffective|p1a: Dragonite
|-damage|p1a: Dragonite|58/100
|
|upkeep
|turn|25
|inactive|jawabarat has 120 seconds left.
|
|t:|1666563432
|move|p1a: Dragonite|Roost|p1a: Dragonite
|-heal|p1a: Dragonite|100/100
|-singleturn|p1a: Dragonite|move: Roost
|move|p2a: Sergio Ramos|Trick Room|p2a: Sergio Ramos
|-fieldstart|move: Trick Room|[of] p2a: Sergio Ramos
|
|upkeep
|turn|26
|inactive|jawabarat has 120 seconds left.
|inactive|Kagamiko0 has 120 seconds left.
|inactive|Kagamiko0 has 90 seconds left.
|j| AquaticCarlie
|
|t:|1666563478
|move|p2a: Sergio Ramos|Destiny Bond|p2a: Sergio Ramos
|-singlemove|p2a: Sergio Ramos|Destiny Bond
|move|p1a: Dragonite|Ice Punch|p2a: Sergio Ramos
|-damage|p2a: Sergio Ramos|32/100
|-status|p2a: Sergio Ramos|frz
|
|-fieldend|move: Electric Terrain
|upkeep
|turn|27
|inactive|Kagamiko0 has 90 seconds left.
|
|t:|1666563489
|cant|p2a: Sergio Ramos|frz
|move|p1a: Dragonite|Dragon Dance|p1a: Dragonite
|-boost|p1a: Dragonite|atk|1
|-boost|p1a: Dragonite|spe|1
|
|upkeep
|turn|28
|
|t:|1666563498
|-curestatus|p2a: Sergio Ramos|frz|[msg]
|move|p2a: Sergio Ramos|Destiny Bond|p2a: Sergio Ramos
|-singlemove|p2a: Sergio Ramos|Destiny Bond
|move|p1a: Dragonite|Roost||[still]
|-fail|p1a: Dragonite|heal
|
|upkeep
|turn|29
|
|t:|1666563509
|move|p2a: Sergio Ramos|Play Rough|p1a: Dragonite
|-supereffective|p1a: Dragonite
|-damage|p1a: Dragonite|56/100
|move|p1a: Dragonite|Dragon Dance|p1a: Dragonite
|-boost|p1a: Dragonite|atk|1
|-boost|p1a: Dragonite|spe|1
|
|-fieldend|move: Trick Room
|upkeep
|turn|30
|
|t:|1666563517
|move|p2a: Sergio Ramos|Shadow Sneak|p1a: Dragonite
|-damage|p1a: Dragonite|38/100
|move|p1a: Dragonite|Earthquake|p2a: Sergio Ramos
|-damage|p2a: Sergio Ramos|0 fnt
|faint|p2a: Sergio Ramos
|
|upkeep
|
|t:|1666563521
|switch|p2a: Le chef du béton|Conkeldurr, M|94/100 brn
|turn|31
|inactive|jawabarat has 120 seconds left.
|
|t:|1666563534
|move|p1a: Dragonite|Earthquake|p2a: Le chef du béton
|-damage|p2a: Le chef du béton|13/100 brn
|move|p2a: Le chef du béton|Ice Punch|p1a: Dragonite
|-supereffective|p1a: Dragonite
|-damage|p1a: Dragonite|0 fnt
|faint|p1a: Dragonite
|
|-damage|p2a: Le chef du béton|7/100 brn|[from] brn
|upkeep
|c|☆Kagamiko0|that int on the choice i m stupid ;-;
|inactive|jawabarat has 120 seconds left.
|
|t:|1666563540
|switch|p1a: Tapu Koko|Tapu Koko|100/100
|-fieldstart|move: Electric Terrain|[from] ability: Electric Surge|[of] p1a: Tapu Koko
|turn|32
|inactive|jawabarat has 120 seconds left.
|
|t:|1666563551
|move|p1a: Tapu Koko|Thunderbolt|p2a: Le chef du béton
|-damage|p2a: Le chef du béton|0 fnt
|faint|p2a: Le chef du béton
|
|upkeep
|
|t:|1666563556
|switch|p2a: Lionel pessi|Aegislash, M|100/100
|turn|33
|
|t:|1666563559
|-formechange|p2a: Lionel pessi|Aegislash-Blade||[from] ability: Stance Change
|move|p2a: Lionel pessi|Shadow Sneak|p1a: Tapu Koko
|-damage|p1a: Tapu Koko|75/100
|move|p1a: Tapu Koko|Thunderbolt|p2a: Lionel pessi
|-damage|p2a: Lionel pessi|36/100
|
|upkeep
|turn|34
|
|t:|1666563569
|switch|p2a: Pristiano Penaldo|Dracozolt|28/100
|move|p1a: Tapu Koko|Thunderbolt|p2a: Pristiano Penaldo
|-resisted|p2a: Pristiano Penaldo
|-damage|p2a: Pristiano Penaldo|17/100
|
|upkeep
|turn|35
|
|t:|1666563574
|move|p1a: Tapu Koko|U-turn|p2a: Pristiano Penaldo
|-damage|p2a: Pristiano Penaldo|0 fnt
|faint|p2a: Pristiano Penaldo
|
|t:|1666563578
|switch|p1a: Jellicent|Jellicent, F|100/100|[from]move: U-turn
|
|upkeep
|
|t:|1666563580
|switch|p2a: Lionel pessi|Aegislash, M|36/100
|turn|36
|
|t:|1666563594
|-formechange|p2a: Lionel pessi|Aegislash-Blade||[from] ability: Stance Change
|move|p2a: Lionel pessi|Shadow Sneak|p1a: Jellicent
|-supereffective|p1a: Jellicent
|-damage|p1a: Jellicent|54/100
|move|p1a: Jellicent|Hex|p2a: Lionel pessi
|-supereffective|p2a: Lionel pessi
|-damage|p2a: Lionel pessi|0 fnt
|faint|p2a: Lionel pessi
|
|win|jawabarat
|n|☆jawabarat|jawabarat
|n|☆Kagamiko0|kagamiko0
|n| outddieblooclip|outddieblooclip
|n| AzZoCcX|azzoccx
|n| CELESTIAL CONNECT|celestialconnect
|n| Trogba Trogba|trogbatrogba
|n| MRH1106|mrh1106
|n| TBIC106|tbic106
|n| AquaticCarlie|aquaticcarlie
|c|☆Kagamiko0|gg
|c|☆jawabarat|gg
|l| TBIC106
|l|☆Kagamiko0
|l|☆jawabarat
