|html|<div class="broadcast-blue"><strong>[Gen 8] OU is currently suspecting Melmetal! For information on how to participate check out the <a href="https://www.smogon.com/forums/threads/np-ss-ou-suspect-process-round-12-monster-mash.3709234/">suspect thread</a>.</strong></div>
|j|☆Newnan
|j|☆Maitredouard2
|t:|1666013651
|gametype|singles
|player|p1|Newnan|101|1657
|player|p2|Maitredouard2|lance|1632
|teamsize|p1|6
|teamsize|p2|6
|gen|8
|tier|[Gen 8] OU
|rated|
|rule|Sleep Clause Mod: Limit one foe put to sleep
|rule|Species Clause: Limit one of each Pokémon
|rule|OHKO Clause: OHKO moves are banned
|rule|Evasion Items Clause: Evasion items are banned
|rule|Evasion Moves Clause: Evasion moves are banned
|rule|Endless Battle Clause: Forcing endless battles is banned
|rule|HP Percentage Mod: HP is shown in percentages
|rule|Dynamax Clause: You cannot dynamax
|clearpoke
|poke|p1|Moltres|
|poke|p1|Hydreigon, F|
|poke|p1|Blaziken, M|
|poke|p1|Volcanion|
|poke|p1|Zapdos|
|poke|p1|Mamoswine, F|
|poke|p2|Mandibuzz, F|
|poke|p2|Landorus-Therian, M|
|poke|p2|Blissey, F|
|poke|p2|Heatran, M|
|poke|p2|Toxapex, F|
|poke|p2|Tapu Lele|
|teampreview
|inactive|Battle timer is ON: inactive players will automatically lose when time's up. (requested by Newnan)
|
|t:|1666013662
|start
|switch|p1a: Mamoswine|Mamoswine, F|100/100
|switch|p2a: Heatran|Heatran, M|100/100
|-item|p2a: Heatran|Air Balloon
|turn|1
|
|t:|1666013669
|switch|p1a: Moltres|Moltres|100/100
|move|p2a: Heatran|Magma Storm|p1a: Moltres|[miss]
|-miss|p2a: Heatran|p1a: Moltres
|
|upkeep
|turn|2
|
|t:|1666013676
|switch|p2a: Landorus|Landorus-Therian, M|100/100
|-ability|p2a: Landorus|Intimidate|boost
|-unboost|p1a: Moltres|atk|1
|move|p1a: Moltres|Brave Bird|p2a: Landorus
|-damage|p2a: Landorus|54/100
|-damage|p1a: Moltres|88/100|[from] Recoil
|
|upkeep
|turn|3
|
|t:|1666013686
|move|p2a: Landorus|Explosion|p1a: Moltres
|-damage|p1a: Moltres|3/100
|faint|p2a: Landorus
|move|p1a: Moltres|Brave Bird|p2: Landorus|[notarget]
|-fail|p1a: Moltres
|
|upkeep
|
|t:|1666013693
|switch|p2a: Tapu Lele|Tapu Lele|100/100
|-fieldstart|move: Psychic Terrain|[from] ability: Psychic Surge|[of] p2a: Tapu Lele
|turn|4
|
|t:|1666013698
|move|p2a: Tapu Lele|Moonblast|p1a: Moltres
|-resisted|p1a: Moltres
|-damage|p1a: Moltres|0 fnt
|faint|p1a: Moltres
|
|upkeep
|
|t:|1666013700
|switch|p1a: Volcanion|Volcanion|100/100
|turn|5
|
|t:|1666013707
|switch|p2a: Blissey|Blissey, F|100/100
|move|p1a: Volcanion|Steam Eruption|p2a: Blissey
|-damage|p2a: Blissey|77/100
|
|upkeep
|turn|6
|
|t:|1666013714
|switch|p1a: Mamoswine|Mamoswine, F|100/100
|move|p2a: Blissey|Teleport|p2a: Blissey
|
|t:|1666013717
|switch|p2a: Heatran|Heatran, M|100/100|[from]move: Teleport
|-item|p2a: Heatran|Air Balloon
|
|upkeep
|turn|7
|
|t:|1666013723
|switch|p1a: Volcanion|Volcanion|100/100
|move|p2a: Heatran|Magma Storm|p1a: Volcanion
|-resisted|p1a: Volcanion
|-damage|p1a: Volcanion|86/100
|-activate|p1a: Volcanion|move: Magma Storm|[of] p2a: Heatran
|
|-damage|p1a: Volcanion|74/100|[from] move: Magma Storm|[partiallytrapped]
|upkeep
|turn|8
|
|t:|1666013732
|switch|p2a: Blissey|Blissey, F|77/100
|move|p1a: Volcanion|Steam Eruption|p2a: Blissey
|-damage|p2a: Blissey|55/100
|
|-end|p1a: Volcanion|Magma Storm|[partiallytrapped]|[silent]
|-fieldend|move: Psychic Terrain
|upkeep
|turn|9
|
|t:|1666013739
|switch|p1a: Mamoswine|Mamoswine, F|100/100
|move|p2a: Blissey|Soft-Boiled|p2a: Blissey
|-heal|p2a: Blissey|100/100
|
|upkeep
|turn|10
|
|t:|1666013748
|move|p1a: Mamoswine|Icicle Crash|p2a: Blissey|[miss]
|-miss|p1a: Mamoswine|p2a: Blissey
|move|p2a: Blissey|Teleport|p2a: Blissey
|
|t:|1666013752
|switch|p2a: Heatran|Heatran, M|100/100|[from]move: Teleport
|-item|p2a: Heatran|Air Balloon
|
|upkeep
|turn|11
|
|t:|1666013760
|switch|p1a: Volcanion|Volcanion|74/100
|move|p2a: Heatran|Earth Power|p1a: Volcanion
|-supereffective|p1a: Volcanion
|-damage|p1a: Volcanion|0 fnt
|faint|p1a: Volcanion
|
|upkeep
|
|t:|1666013765
|switch|p1a: Blaziken|Blaziken, M|100/100
|turn|12
|
|t:|1666013771
|switch|p2a: Mandibuzz|Mandibuzz, F|100/100
|move|p1a: Blaziken|Knock Off|p2a: Mandibuzz
|-resisted|p2a: Mandibuzz
|-damage|p2a: Mandibuzz|89/100
|-enditem|p2a: Mandibuzz|Heavy-Duty Boots|[from] move: Knock Off|[of] p1a: Blaziken
|-damage|p1a: Blaziken|91/100|[from] item: Life Orb
|
|-ability|p1a: Blaziken|Speed Boost|boost
|-boost|p1a: Blaziken|spe|1
|upkeep
|turn|13
|
|t:|1666013781
|move|p1a: Blaziken|Overheat|p2a: Mandibuzz
|-damage|p2a: Mandibuzz|37/100
|-unboost|p1a: Blaziken|spa|2
|-damage|p1a: Blaziken|81/100|[from] item: Life Orb
|move|p2a: Mandibuzz|Toxic|p1a: Blaziken|[miss]
|-miss|p2a: Mandibuzz|p1a: Blaziken
|
|-ability|p1a: Blaziken|Speed Boost|boost
|-boost|p1a: Blaziken|spe|1
|upkeep
|turn|14
|
|t:|1666013791
|move|p1a: Blaziken|Close Combat|p2a: Mandibuzz
|-damage|p2a: Mandibuzz|0 fnt
|-unboost|p1a: Blaziken|def|1
|-unboost|p1a: Blaziken|spd|1
|faint|p2a: Mandibuzz
|-damage|p1a: Blaziken|71/100|[from] item: Life Orb
|
|-ability|p1a: Blaziken|Speed Boost|boost
|-boost|p1a: Blaziken|spe|1
|upkeep
|
|t:|1666013801
|switch|p2a: Tapu Lele|Tapu Lele|100/100
|-fieldstart|move: Psychic Terrain|[from] ability: Psychic Surge|[of] p2a: Tapu Lele
|turn|15
|
|t:|1666013806
|move|p1a: Blaziken|Knock Off|p2a: Tapu Lele
|-damage|p2a: Tapu Lele|41/100
|-enditem|p2a: Tapu Lele|Choice Specs|[from] move: Knock Off|[of] p1a: Blaziken
|-damage|p1a: Blaziken|61/100|[from] item: Life Orb
|move|p2a: Tapu Lele|Moonblast|p1a: Blaziken
|-damage|p1a: Blaziken|0 fnt
|faint|p1a: Blaziken
|
|upkeep
|
|t:|1666013819
|switch|p1a: Zapdos|Zapdos|100/100
|turn|16
|
|t:|1666013822
|move|p2a: Tapu Lele|Moonblast|p1a: Zapdos
|-damage|p1a: Zapdos|49/100
|move|p1a: Zapdos|Discharge|p2a: Tapu Lele
|-damage|p2a: Tapu Lele|0 fnt
|faint|p2a: Tapu Lele
|
|upkeep
|
|t:|1666013830
|switch|p2a: Blissey|Blissey, F|100/100
|turn|17
|
|t:|1666013838
|move|p1a: Zapdos|Roost|p1a: Zapdos
|-heal|p1a: Zapdos|99/100
|-singleturn|p1a: Zapdos|move: Roost
|move|p2a: Blissey|Toxic|p1a: Zapdos
|-status|p1a: Zapdos|tox
|
|-damage|p1a: Zapdos|93/100 tox|[from] psn
|upkeep
|turn|18
|
|t:|1666013847
|move|p1a: Zapdos|Discharge|p2a: Blissey
|-damage|p2a: Blissey|84/100
|move|p2a: Blissey|Toxic|p1a: Zapdos
|-fail|p1a: Zapdos|tox
|
|-damage|p1a: Zapdos|81/100 tox|[from] psn
|upkeep
|turn|19
|
|t:|1666013855
|switch|p1a: Mamoswine|Mamoswine, F|100/100
|move|p2a: Blissey|Toxic|p1a: Mamoswine
|-status|p1a: Mamoswine|tox
|
|-damage|p1a: Mamoswine|94/100 tox|[from] psn
|-fieldend|move: Psychic Terrain
|upkeep
|turn|20
|
|t:|1666013863
|move|p1a: Mamoswine|Stealth Rock|p2a: Blissey
|-sidestart|p2: Maitredouard2|move: Stealth Rock
|move|p2a: Blissey|Soft-Boiled|p2a: Blissey
|-heal|p2a: Blissey|100/100
|
|-damage|p1a: Mamoswine|82/100 tox|[from] psn
|upkeep
|turn|21
|
|t:|1666013871
|move|p1a: Mamoswine|Icicle Crash|p2a: Blissey
|-damage|p2a: Blissey|59/100
|cant|p2a: Blissey|flinch
|
|-damage|p1a: Mamoswine|64/100 tox|[from] psn
|upkeep
|turn|22
|
|t:|1666013879
|switch|p2a: Toxapex|Toxapex, F|100/100
|-damage|p2a: Toxapex|88/100|[from] Stealth Rock
|move|p1a: Mamoswine|Icicle Crash|p2a: Toxapex
|-resisted|p2a: Toxapex
|-damage|p2a: Toxapex|74/100
|
|-damage|p1a: Mamoswine|40/100 tox|[from] psn
|upkeep
|turn|23
|
|t:|1666013892
|switch|p1a: Zapdos|Zapdos|81/100 tox
|switch|p2a: Heatran|Heatran, M|100/100
|-damage|p2a: Heatran|88/100|[from] Stealth Rock
|-item|p2a: Heatran|Air Balloon
|
|-damage|p1a: Zapdos|75/100 tox|[from] psn
|upkeep
|turn|24
|
|t:|1666013902
|switch|p2a: Blissey|Blissey, F|59/100
|move|p1a: Zapdos|Discharge|p2a: Blissey
|-damage|p2a: Blissey|44/100
|
|-damage|p1a: Zapdos|63/100 tox|[from] psn
|upkeep
|turn|25
|
|t:|1666013910
|move|p1a: Zapdos|Discharge|p2a: Blissey
|-damage|p2a: Blissey|28/100
|move|p2a: Blissey|Soft-Boiled|p2a: Blissey
|-heal|p2a: Blissey|78/100
|
|-damage|p1a: Zapdos|45/100 tox|[from] psn
|upkeep
|turn|26
|
|t:|1666013919
|switch|p1a: Hydreigon|Hydreigon, F|100/100
|move|p2a: Blissey|Seismic Toss|p1a: Hydreigon
|-damage|p1a: Hydreigon|70/100
|
|upkeep
|turn|27
|j| Palladiawa D
|
|t:|1666013925
|move|p1a: Hydreigon|Superpower|p2a: Blissey
|-supereffective|p2a: Blissey
|-damage|p2a: Blissey|31/100
|-unboost|p1a: Hydreigon|atk|1
|-unboost|p1a: Hydreigon|def|1
|move|p2a: Blissey|Seismic Toss|p1a: Hydreigon
|-damage|p1a: Hydreigon|39/100
|
|upkeep
|turn|28
|
|t:|1666013934
|move|p1a: Hydreigon|Superpower|p2a: Blissey
|-supereffective|p2a: Blissey
|-damage|p2a: Blissey|0 fnt
|-unboost|p1a: Hydreigon|atk|1
|-unboost|p1a: Hydreigon|def|1
|faint|p2a: Blissey
|
|upkeep
|
|t:|1666013941
|switch|p2a: Toxapex|Toxapex, F|100/100
|-damage|p2a: Toxapex|88/100|[from] Stealth Rock
|turn|29
|
|t:|1666013946
|switch|p1a: Zapdos|Zapdos|45/100 tox
|move|p2a: Toxapex|Scald|p1a: Zapdos
|-damage|p1a: Zapdos|27/100 tox
|
|-damage|p1a: Zapdos|21/100 tox|[from] psn
|upkeep
|turn|30
|
|t:|1666013954
|move|p1a: Zapdos|Roost|p1a: Zapdos
|-heal|p1a: Zapdos|72/100 tox
|-singleturn|p1a: Zapdos|move: Roost
|move|p2a: Toxapex|Scald|p1a: Zapdos
|-damage|p1a: Zapdos|55/100 tox
|
|-damage|p1a: Zapdos|43/100 tox|[from] psn
|upkeep
|turn|31
|
|t:|1666013964
|move|p1a: Zapdos|Roost|p1a: Zapdos
|-heal|p1a: Zapdos|93/100 tox
|-singleturn|p1a: Zapdos|move: Roost
|move|p2a: Toxapex|Recover|p2a: Toxapex
|-heal|p2a: Toxapex|100/100
|
|-damage|p1a: Zapdos|75/100 tox|[from] psn
|upkeep
|turn|32
|
|t:|1666013973
|switch|p1a: Hydreigon|Hydreigon, F|39/100
|move|p2a: Toxapex|Recover||[still]
|-fail|p2a: Toxapex|heal
|
|upkeep
|turn|33
|
|t:|1666013979
|move|p1a: Hydreigon|Dark Pulse|p2a: Toxapex
|-damage|p2a: Toxapex|66/100
|cant|p2a: Toxapex|flinch
|
|upkeep
|turn|34
|
|t:|1666013985
|move|p1a: Hydreigon|Dark Pulse|p2a: Toxapex
|-damage|p2a: Toxapex|30/100
|move|p2a: Toxapex|Recover|p2a: Toxapex
|-heal|p2a: Toxapex|80/100
|
|upkeep
|turn|35
|
|t:|1666013991
|move|p1a: Hydreigon|Dark Pulse|p2a: Toxapex
|-damage|p2a: Toxapex|49/100
|move|p2a: Toxapex|Recover|p2a: Toxapex
|-heal|p2a: Toxapex|99/100
|
|upkeep
|turn|36
|
|t:|1666013997
|switch|p1a: Zapdos|Zapdos|75/100 tox
|move|p2a: Toxapex|Toxic|p1a: Zapdos
|-fail|p1a: Zapdos|tox
|
|-damage|p1a: Zapdos|69/100 tox|[from] psn
|upkeep
|turn|37
|
|t:|1666014005
|move|p1a: Zapdos|Discharge|p2a: Toxapex
|-supereffective|p2a: Toxapex
|-damage|p2a: Toxapex|21/100
|-status|p2a: Toxapex|par
|cant|p2a: Toxapex|par
|
|-damage|p1a: Zapdos|57/100 tox|[from] psn
|upkeep
|turn|38
|-message|Maitredouard2 forfeited.
|
|win|Newnan
|raw|Newnan's rating: 1657 &rarr; <strong>1676</strong><br />(+19 for winning)
|raw|Maitredouard2's rating: 1632 &rarr; <strong>1613</strong><br />(-19 for losing)
|l|☆Maitredouard2
