|j|☆BigMonsGuy
|j|☆8balljacketguy
|t:|1654836672
|gametype|singles
|player|p1|BigMonsGuy|giovanni|1522
|player|p2|8balljacketguy|red|1562
|teamsize|p1|6
|teamsize|p2|6
|gen|8
|tier|[Gen 8] OU
|rated|
|rule|Sleep Clause Mod: Limit one foe put to sleep
|rule|Species Clause: Limit one of each Pokémon
|rule|OHKO Clause: OHKO moves are banned
|rule|Evasion Moves Clause: Evasion moves are banned
|rule|Endless Battle Clause: Forcing endless battles is banned
|rule|HP Percentage Mod: HP is shown in percentages
|rule|Dynamax Clause: You cannot dynamax
|clearpoke
|poke|p1|Victini|
|poke|p1|Zeraora|
|poke|p1|Melmetal|
|poke|p1|Hydreigon, F|
|poke|p1|Landorus-Therian, M|
|poke|p1|Zapdos|
|poke|p2|Mew|
|poke|p2|Ninetales-Alola, F|
|poke|p2|Kommo-o, M|
|poke|p2|Polteageist|
|poke|p2|Slowbro-Galar, M|
|poke|p2|Zapdos-Galar|
|teampreview
|inactive|Battle timer is ON: inactive players will automatically lose when time's up. (requested by BigMonsGuy)
|j| ydrsfghjkd7y9y
|
|t:|1654836699
|start
|switch|p1a: Shockingly Bad|Zeraora, shiny|100/100
|switch|p2a: Mew|Mew|100/100
|turn|1
|
|t:|1654836709
|move|p1a: Shockingly Bad|Bulk Up|p1a: Shockingly Bad
|-boost|p1a: Shockingly Bad|atk|1
|-boost|p1a: Shockingly Bad|def|1
|move|p2a: Mew|Stealth Rock|p1a: Shockingly Bad
|-sidestart|p1: BigMonsGuy|move: Stealth Rock
|
|upkeep
|turn|2
|j| 50 at max
|
|t:|1654836733
|move|p1a: Shockingly Bad|Bulk Up|p1a: Shockingly Bad
|-boost|p1a: Shockingly Bad|atk|1
|-boost|p1a: Shockingly Bad|def|1
|move|p2a: Mew|Spikes|p1a: Shockingly Bad
|-sidestart|p1: BigMonsGuy|Spikes
|
|upkeep
|turn|3
|c|☆8balljacketguy|Keep going idc ill hax you LOL
|
|t:|1654836749
|move|p1a: Shockingly Bad|Bulk Up|p1a: Shockingly Bad
|-boost|p1a: Shockingly Bad|atk|1
|-boost|p1a: Shockingly Bad|def|1
|move|p2a: Mew|Spikes|p1a: Shockingly Bad
|-sidestart|p1: BigMonsGuy|Spikes
|
|upkeep
|turn|4
|inactive|BigMonsGuy has 120 seconds left.
|
|t:|1654836779
|move|p1a: Shockingly Bad|Knock Off|p2a: Mew
|-supereffective|p2a: Mew
|-crit|p2a: Mew
|-enditem|p2a: Mew|Colbur Berry|[eat]
|-enditem|p2a: Mew|Colbur Berry|[weaken]
|-damage|p2a: Mew|5/100
|move|p2a: Mew|Spikes|p1a: Shockingly Bad
|-sidestart|p1: BigMonsGuy|Spikes
|
|upkeep
|turn|5
|
|t:|1654836784
|move|p1a: Shockingly Bad|Knock Off|p2a: Mew
|-supereffective|p2a: Mew
|-damage|p2a: Mew|0 fnt
|faint|p2a: Mew
|
|upkeep
|
|t:|1654836798
|switch|p2a: Ninetales|Ninetales-Alola, F|100/100
|-weather|Hail|[from] ability: Snow Warning|[of] p2a: Ninetales
|turn|6
|
|t:|1654836808
|move|p1a: Shockingly Bad|Plasma Fists|p2a: Ninetales
|-damage|p2a: Ninetales|0 fnt
|-fieldactivate|move: Ion Deluge
|-hint|Normal-type moves become Electric-type after using Plasma Fists.
|faint|p2a: Ninetales
|
|-weather|Hail|[upkeep]
|-damage|p1a: Shockingly Bad|95/100|[from] Hail
|upkeep
|
|t:|1654836813
|switch|p2a: Zapdos|Zapdos-Galar|100/100
|turn|7
|
|t:|1654836816
|move|p2a: Zapdos|Close Combat|p1a: Shockingly Bad
|-damage|p1a: Shockingly Bad|63/100
|-unboost|p2a: Zapdos|def|1
|-unboost|p2a: Zapdos|spd|1
|move|p1a: Shockingly Bad|Plasma Fists|p2a: Zapdos
|-supereffective|p2a: Zapdos
|-damage|p2a: Zapdos|0 fnt
|-fieldactivate|move: Ion Deluge
|-hint|Normal-type moves become Electric-type after using Plasma Fists.
|faint|p2a: Zapdos
|
|-weather|Hail|[upkeep]
|-damage|p1a: Shockingly Bad|57/100|[from] Hail
|upkeep
|
|t:|1654836821
|switch|p2a: Slowbro|Slowbro-Galar, M|100/100
|turn|8
|
|t:|1654836823
|move|p1a: Shockingly Bad|Knock Off|p2a: Slowbro
|-supereffective|p2a: Slowbro
|-crit|p2a: Slowbro
|-damage|p2a: Slowbro|0 fnt
|-enditem|p2a: Slowbro|Quick Claw|[from] move: Knock Off|[of] p1a: Shockingly Bad
|faint|p2a: Slowbro
|
|-weather|Hail|[upkeep]
|-damage|p1a: Shockingly Bad|51/100|[from] Hail
|upkeep
|c|☆8balljacketguy|Noo
|
|t:|1654836829
|switch|p2a: Polteageist|Polteageist|100/100
|turn|9
|
|t:|1654836836
|move|p1a: Shockingly Bad|Knock Off|p2a: Polteageist
|-supereffective|p2a: Polteageist
|-crit|p2a: Polteageist
|-damage|p2a: Polteageist|0 fnt
|-enditem|p2a: Polteageist|White Herb|[from] move: Knock Off|[of] p1a: Shockingly Bad
|faint|p2a: Polteageist
|
|-weather|Hail|[upkeep]
|-damage|p1a: Shockingly Bad|45/100|[from] Hail
|upkeep
|
|t:|1654836837
|switch|p2a: Kommo-o|Kommo-o, M|100/100
|turn|10
|
|t:|1654836840
|move|p1a: Shockingly Bad|Close Combat|p2a: Kommo-o
|-damage|p2a: Kommo-o|3/100
|-unboost|p1a: Shockingly Bad|def|1
|-unboost|p1a: Shockingly Bad|spd|1
|-enditem|p2a: Kommo-o|Sitrus Berry|[eat]
|-heal|p2a: Kommo-o|28/100|[from] item: Sitrus Berry
|move|p2a: Kommo-o|Belly Drum||[still]
|-fail|p2a: Kommo-o
|
|-weather|none
|upkeep
|turn|11
|
|t:|1654836842
|move|p1a: Shockingly Bad|Close Combat|p2a: Kommo-o
|-damage|p2a: Kommo-o|0 fnt
|-unboost|p1a: Shockingly Bad|def|1
|-unboost|p1a: Shockingly Bad|spd|1
|faint|p2a: Kommo-o
|
|win|BigMonsGuy
|raw|BigMonsGuy's rating: 1522 &rarr; <strong>1544</strong><br />(+22 for winning)
|raw|8balljacketguy's rating: 1562 &rarr; <strong>1540</strong><br />(-22 for losing)
|c|☆BigMonsGuy|gg
|l|☆8balljacketguy
