|j|☆IIIodyne
|j|☆knexhawk2
|inactive|Battle timer is ON: inactive players will automatically lose when time's up.
|t:|1667587178
|gametype|singles
|player|p1|IIIodyne|1|
|player|p2|knexhawk2|red-masters|
|teamsize|p1|6
|teamsize|p2|6
|gen|8
|tier|[Gen 8] OU
|rated|Tournament battle
|rule|Sleep Clause Mod: Limit one foe put to sleep
|rule|Species Clause: Limit one of each Pokémon
|rule|OHKO Clause: OHKO moves are banned
|rule|Evasion Items Clause: Evasion items are banned
|rule|Evasion Moves Clause: Evasion moves are banned
|rule|Endless Battle Clause: Forcing endless battles is banned
|rule|HP Percentage Mod: HP is shown in percentages
|rule|Dynamax Clause: You cannot dynamax
|clearpoke
|poke|p1|Milotic, F|
|poke|p1|Weezing-Galar, F|
|poke|p1|Incineroar, M|
|poke|p1|Bronzong|
|poke|p1|Snorlax, M|
|poke|p1|Maractus, F|
|poke|p2|Gyarados, M|
|poke|p2|Zygarde-10%|
|poke|p2|Azelf|
|poke|p2|Mienshao, F|
|poke|p2|Crobat, F|
|poke|p2|Steelix, F|
|teampreview
|inactive|IIIodyne also wants the timer to be on.
|c|☆IIIodyne|hf'
|c|☆knexhawk2|u2
|
|t:|1667587186
|start
|switch|p1a: Incineroar|Incineroar, M|100/100
|switch|p2a: Steelix|Steelix, F|100/100
|-ability|p1a: Incineroar|Intimidate|boost
|-unboost|p2a: Steelix|atk|1
|turn|1
|
|t:|1667587191
|move|p1a: Incineroar|Will-O-Wisp|p2a: Steelix
|-status|p2a: Steelix|brn
|move|p2a: Steelix|Stealth Rock|p1a: Incineroar
|-sidestart|p1: IIIodyne|move: Stealth Rock
|
|-damage|p2a: Steelix|94/100 brn|[from] brn
|upkeep
|turn|2
|j| cypherstest
|
|t:|1667587197
|switch|p2a: Gyarados|Gyarados, M|100/100
|-ability|p2a: Gyarados|Intimidate|boost
|-unboost|p1a: Incineroar|atk|1
|move|p1a: Incineroar|Knock Off|p2a: Gyarados
|-damage|p2a: Gyarados|76/100
|-enditem|p2a: Gyarados|Heavy-Duty Boots|[from] move: Knock Off|[of] p1a: Incineroar
|
|upkeep
|turn|3
|
|t:|1667587208
|switch|p2a: Crobat|Crobat, F|100/100
|switch|p1a: Maractus|Maractus, F|100/100
|-damage|p1a: Maractus|88/100|[from] Stealth Rock
|
|-heal|p1a: Maractus|94/100|[from] item: Leftovers
|upkeep
|turn|4
|
|t:|1667587212
|switch|p1a: Bronzong|Bronzong|100/100
|-damage|p1a: Bronzong|94/100|[from] Stealth Rock
|move|p2a: Crobat|Poison Fang|p1a: Bronzong
|-immune|p1a: Bronzong
|
|upkeep
|turn|5
|
|t:|1667587221
|move|p2a: Crobat|Super Fang|p1a: Bronzong
|-damage|p1a: Bronzong|47/100
|move|p1a: Bronzong|Zen Headbutt|p2a: Crobat
|-supereffective|p2a: Crobat
|-damage|p2a: Crobat|37/100
|
|upkeep
|turn|6
|
|t:|1667587229
|move|p2a: Crobat|U-turn|p1a: Bronzong
|-damage|p1a: Bronzong|35/100
|
|t:|1667587232
|switch|p2a: Steelix|Steelix, F|94/100 brn|[from]move: U-turn
|move|p1a: Bronzong|Iron Head|p2a: Steelix
|-resisted|p2a: Steelix
|-damage|p2a: Steelix|85/100 brn
|
|-heal|p2a: Steelix|91/100 brn|[from] item: Leftovers
|-damage|p2a: Steelix|85/100 brn|[from] brn
|upkeep
|turn|7
|
|t:|1667587239
|move|p1a: Bronzong|Earthquake|p2a: Steelix
|-supereffective|p2a: Steelix
|-damage|p2a: Steelix|58/100 brn
|move|p2a: Steelix|Iron Head|p1a: Bronzong
|-resisted|p1a: Bronzong
|-damage|p1a: Bronzong|28/100
|
|-heal|p2a: Steelix|64/100 brn|[from] item: Leftovers
|-damage|p2a: Steelix|58/100 brn|[from] brn
|upkeep
|turn|8
|
|t:|1667587244
|switch|p2a: Azelf|Azelf|100/100
|move|p1a: Bronzong|Earthquake|p2a: Azelf
|-immune|p2a: Azelf|[from] ability: Levitate
|
|upkeep
|turn|9
|
|t:|1667587246
|move|p2a: Azelf|U-turn|p1a: Bronzong
|-damage|p1a: Bronzong|0 fnt
|faint|p1a: Bronzong
|
|t:|1667587253
|switch|p2a: Mienshao|Mienshao, F|100/100|[from]move: U-turn
|
|upkeep
|
|t:|1667587257
|switch|p1a: Weezing|Weezing-Galar, F|100/100
|-damage|p1a: Weezing|88/100|[from] Stealth Rock
|turn|10
|
|t:|1667587263
|move|p2a: Mienshao|Fake Out|p1a: Weezing
|-damage|p1a: Weezing|75/100
|-damage|p2a: Mienshao|84/100|[from] item: Rocky Helmet|[of] p1a: Weezing
|cant|p1a: Weezing|flinch
|
|upkeep
|turn|11
|
|t:|1667587268
|switch|p2a: Gyarados|Gyarados, M|76/100
|-ability|p2a: Gyarados|Intimidate|boost
|-unboost|p1a: Weezing|atk|1
|move|p1a: Weezing|Strange Steam|p2a: Gyarados
|-damage|p2a: Gyarados|60/100
|-start|p2a: Gyarados|confusion
|
|upkeep
|turn|12
|
|t:|1667587274
|switch|p2a: Crobat|Crobat, F|37/100
|switch|p1a: Incineroar|Incineroar, M|100/100
|-damage|p1a: Incineroar|76/100|[from] Stealth Rock
|-ability|p1a: Incineroar|Intimidate|boost
|-unboost|p2a: Crobat|atk|1
|
|-heal|p1a: Incineroar|82/100|[from] item: Leftovers
|upkeep
|turn|13
|
|t:|1667587280
|move|p2a: Crobat|U-turn|p1a: Incineroar
|-damage|p1a: Incineroar|72/100
|
|t:|1667587281
|switch|p2a: Gyarados|Gyarados, M|60/100|[from]move: U-turn
|-ability|p2a: Gyarados|Intimidate|boost
|-unboost|p1a: Incineroar|atk|1
|move|p1a: Incineroar|Will-O-Wisp|p2a: Gyarados|[miss]
|-miss|p1a: Incineroar|p2a: Gyarados
|
|-heal|p1a: Incineroar|78/100|[from] item: Leftovers
|upkeep
|turn|14
|
|t:|1667587287
|switch|p1a: Maractus|Maractus, F|94/100
|-damage|p1a: Maractus|82/100|[from] Stealth Rock
|move|p2a: Gyarados|Waterfall|p1a: Maractus
|-heal|p1a: Maractus|100/100|[from] ability: Water Absorb|[of] p2a: Gyarados
|
|upkeep
|turn|15
|
|t:|1667587293
|switch|p2a: Azelf|Azelf|100/100
|move|p1a: Maractus|Leech Seed|p2a: Azelf
|-start|p2a: Azelf|move: Leech Seed
|
|-damage|p2a: Azelf|88/100|[from] Leech Seed|[of] p1a: Maractus
|upkeep
|turn|16
|
|t:|1667587298
|move|p1a: Maractus|Spiky Shield|p1a: Maractus
|-singleturn|p1a: Maractus|move: Protect
|move|p2a: Azelf|U-turn|p1a: Maractus
|-activate|p1a: Maractus|move: Protect
|-damage|p2a: Azelf|76/100|[from] Spiky Shield|[of] p1a: Maractus
|
|-damage|p2a: Azelf|63/100|[from] Leech Seed|[of] p1a: Maractus
|upkeep
|turn|17
|
|t:|1667587304
|switch|p1a: Weezing|Weezing-Galar, F|75/100
|-damage|p1a: Weezing|62/100|[from] Stealth Rock
|move|p2a: Azelf|U-turn|p1a: Weezing
|-resisted|p1a: Weezing
|-damage|p1a: Weezing|56/100
|-damage|p2a: Azelf|47/100|[from] item: Rocky Helmet|[of] p1a: Weezing
|
|t:|1667587313
|switch|p2a: Zygarde|Zygarde-10%|100/100|[from]move: U-turn
|-ability|p2a: Zygarde|Aura Break
|
|upkeep
|turn|18
|
|t:|1667587320
|switch|p1a: Maractus|Maractus, F|100/100
|-damage|p1a: Maractus|88/100|[from] Stealth Rock
|move|p2a: Zygarde|Glare|p1a: Maractus
|-status|p1a: Maractus|par
|
|-heal|p1a: Maractus|94/100 par|[from] item: Leftovers
|upkeep
|turn|19
|
|t:|1667587326
|move|p2a: Zygarde|Coil|p2a: Zygarde
|-boost|p2a: Zygarde|atk|1
|-boost|p2a: Zygarde|def|1
|-boost|p2a: Zygarde|accuracy|1
|cant|p1a: Maractus|par
|
|-heal|p1a: Maractus|99/100 par|[from] item: Leftovers
|upkeep
|turn|20
|
|t:|1667587333
|move|p2a: Zygarde|Iron Tail|p1a: Maractus
|-damage|p1a: Maractus|38/100 par
|-unboost|p1a: Maractus|def|1
|cant|p1a: Maractus|par
|
|-heal|p1a: Maractus|44/100 par|[from] item: Leftovers
|upkeep
|turn|21
|
|t:|1667587338
|move|p1a: Maractus|Spiky Shield|p1a: Maractus
|-singleturn|p1a: Maractus|move: Protect
|move|p2a: Zygarde|Iron Tail|p1a: Maractus
|-activate|p1a: Maractus|move: Protect
|-damage|p2a: Zygarde|88/100|[from] Spiky Shield|[of] p1a: Maractus
|
|-heal|p2a: Zygarde|94/100|[from] item: Leftovers
|-heal|p1a: Maractus|50/100 par|[from] item: Leftovers
|upkeep
|turn|22
|
|t:|1667587342
|move|p2a: Zygarde|Iron Tail|p1a: Maractus
|-damage|p1a: Maractus|0 fnt
|faint|p1a: Maractus
|
|-heal|p2a: Zygarde|99/100|[from] item: Leftovers
|upkeep
|
|t:|1667587345
|switch|p1a: Milotic|Milotic, F|100/100
|-damage|p1a: Milotic|88/100|[from] Stealth Rock
|turn|23
|j|@SetsuStsna
|
|t:|1667587354
|move|p2a: Zygarde|Thousand Arrows|p1a: Milotic
|-damage|p1a: Milotic|42/100
|move|p1a: Milotic|Ice Beam|p2a: Zygarde
|-supereffective|p2a: Zygarde
|-damage|p2a: Zygarde|0 fnt
|faint|p2a: Zygarde
|
|-heal|p1a: Milotic|48/100|[from] item: Leftovers
|upkeep
|
|t:|1667587360
|switch|p2a: Azelf|Azelf|47/100
|turn|24
|
|t:|1667587374
|switch|p1a: Snorlax|Snorlax, M|100/100
|-damage|p1a: Snorlax|88/100|[from] Stealth Rock
|move|p2a: Azelf|Zen Headbutt|p1a: Snorlax
|-damage|p1a: Snorlax|31/100
|
|-heal|p1a: Snorlax|37/100|[from] item: Leftovers
|upkeep
|turn|25
|
|t:|1667587380
|switch|p2a: Gyarados|Gyarados, M|60/100
|-ability|p2a: Gyarados|Intimidate|boost
|-unboost|p1a: Snorlax|atk|1
|move|p1a: Snorlax|Curse|p1a: Snorlax
|-unboost|p1a: Snorlax|spe|1
|-boost|p1a: Snorlax|atk|1
|-boost|p1a: Snorlax|def|1
|
|-heal|p1a: Snorlax|43/100|[from] item: Leftovers
|upkeep
|turn|26
|j| Aftx
|
|t:|1667587385
|switch|p2a: Mienshao|Mienshao, F|84/100
|move|p1a: Snorlax|Curse|p1a: Snorlax
|-unboost|p1a: Snorlax|spe|1
|-boost|p1a: Snorlax|atk|1
|-boost|p1a: Snorlax|def|1
|
|-heal|p1a: Snorlax|49/100|[from] item: Leftovers
|upkeep
|turn|27
|
|t:|1667587387
|move|p2a: Mienshao|High Jump Kick|p1a: Snorlax
|-supereffective|p1a: Snorlax
|-damage|p1a: Snorlax|0 fnt
|faint|p1a: Snorlax
|
|upkeep
|
|t:|1667587393
|switch|p1a: Weezing|Weezing-Galar, F|56/100
|-damage|p1a: Weezing|44/100|[from] Stealth Rock
|turn|28
|
|t:|1667587395
|switch|p2a: Crobat|Crobat, F|37/100
|move|p1a: Weezing|Flamethrower|p2a: Crobat
|-damage|p2a: Crobat|19/100
|-status|p2a: Crobat|brn
|
|-damage|p2a: Crobat|13/100 brn|[from] brn
|upkeep
|turn|29
|
|t:|1667587404
|move|p2a: Crobat|Poison Fang|p1a: Weezing
|-damage|p1a: Weezing|39/100
|-damage|p2a: Crobat|0 fnt|[from] item: Rocky Helmet|[of] p1a: Weezing
|faint|p2a: Crobat
|move|p1a: Weezing|Strange Steam|p2: Crobat|[notarget]
|-fail|p1a: Weezing
|
|upkeep
|
|t:|1667587409
|switch|p2a: Azelf|Azelf|47/100
|turn|30
|
|t:|1667587420
|move|p2a: Azelf|Trick|p1a: Weezing
|-activate|p2a: Azelf|move: Trick|[of] p1a: Weezing
|-item|p1a: Weezing|Choice Band|[from] move: Trick
|-item|p2a: Azelf|Rocky Helmet|[from] move: Trick
|move|p1a: Weezing|Flamethrower|p2a: Azelf
|-damage|p2a: Azelf|21/100
|-status|p2a: Azelf|brn
|
|-damage|p2a: Azelf|15/100 brn|[from] brn
|upkeep
|turn|31
|
|t:|1667587432
|move|p2a: Azelf|Zen Headbutt|p1a: Weezing|[miss]
|-miss|p2a: Azelf|p1a: Weezing
|move|p1a: Weezing|Flamethrower|p2a: Azelf
|-damage|p2a: Azelf|0 fnt
|faint|p2a: Azelf
|
|upkeep
|
|t:|1667587434
|switch|p2a: Gyarados|Gyarados, M|60/100
|-ability|p2a: Gyarados|Intimidate|boost
|-unboost|p1a: Weezing|atk|1
|turn|32
|j| Unviabriel
|c|☆knexhawk2|pain
|
|t:|1667587442
|switch|p1a: Incineroar|Incineroar, M|78/100
|-damage|p1a: Incineroar|53/100|[from] Stealth Rock
|-ability|p1a: Incineroar|Intimidate|boost
|-unboost|p2a: Gyarados|atk|1
|move|p2a: Gyarados|Dragon Dance|p2a: Gyarados
|-boost|p2a: Gyarados|atk|1
|-boost|p2a: Gyarados|spe|1
|
|-heal|p1a: Incineroar|59/100|[from] item: Leftovers
|upkeep
|turn|33
|j| testingteams888
|
|t:|1667587448
|move|p2a: Gyarados|Dragon Dance|p2a: Gyarados
|-boost|p2a: Gyarados|atk|1
|-boost|p2a: Gyarados|spe|1
|move|p1a: Incineroar|Will-O-Wisp|p2a: Gyarados|[miss]
|-miss|p1a: Incineroar|p2a: Gyarados
|
|-heal|p1a: Incineroar|65/100|[from] item: Leftovers
|upkeep
|turn|34
|
|t:|1667587455
|move|p2a: Gyarados|Dragon Dance|p2a: Gyarados
|-boost|p2a: Gyarados|atk|1
|-boost|p2a: Gyarados|spe|1
|move|p1a: Incineroar|Will-O-Wisp|p2a: Gyarados
|-status|p2a: Gyarados|brn
|
|-heal|p1a: Incineroar|71/100|[from] item: Leftovers
|-damage|p2a: Gyarados|54/100 brn|[from] brn
|upkeep
|turn|35
|
|t:|1667587463
|move|p2a: Gyarados|Dragon Dance|p2a: Gyarados
|-boost|p2a: Gyarados|atk|1
|-boost|p2a: Gyarados|spe|1
|move|p1a: Incineroar|Parting Shot|p2a: Gyarados
|-unboost|p2a: Gyarados|atk|1
|-unboost|p2a: Gyarados|spa|1
|
|t:|1667587467
|switch|p1a: Weezing|Weezing-Galar, F|39/100|[from]move: Parting Shot
|-damage|p1a: Weezing|26/100|[from] Stealth Rock
|
|-damage|p2a: Gyarados|47/100 brn|[from] brn
|upkeep
|turn|36
|
|t:|1667587469
|move|p2a: Gyarados|Rest|p2a: Gyarados
|-status|p2a: Gyarados|slp|[from] move: Rest
|-heal|p2a: Gyarados|100/100 slp|[silent]
|move|p1a: Weezing|Clear Smog|p2a: Gyarados
|-damage|p2a: Gyarados|90/100 slp
|-clearboost|p2a: Gyarados
|
|upkeep
|turn|37
|
|t:|1667587473
|switch|p2a: Steelix|Steelix, F|58/100 brn
|switch|p1a: Incineroar|Incineroar, M|71/100
|-damage|p1a: Incineroar|47/100|[from] Stealth Rock
|-ability|p1a: Incineroar|Intimidate|boost
|-unboost|p2a: Steelix|atk|1
|
|-heal|p1a: Incineroar|53/100|[from] item: Leftovers
|-heal|p2a: Steelix|64/100 brn|[from] item: Leftovers
|-damage|p2a: Steelix|58/100 brn|[from] brn
|upkeep
|turn|38
|
|t:|1667587476
|switch|p2a: Gyarados|Gyarados, M|90/100 slp
|-ability|p2a: Gyarados|Intimidate|boost
|-unboost|p1a: Incineroar|atk|1
|move|p1a: Incineroar|Flare Blitz|p2a: Gyarados
|-resisted|p2a: Gyarados
|-damage|p2a: Gyarados|75/100 slp
|-damage|p1a: Incineroar|48/100|[from] Recoil
|
|-heal|p1a: Incineroar|54/100|[from] item: Leftovers
|upkeep
|turn|39
|
|t:|1667587481
|cant|p2a: Gyarados|slp
|move|p2a: Gyarados|Sleep Talk|p2a: Gyarados
|move|p2a: Gyarados|Dragon Dance|p2a: Gyarados|[from]move: Sleep Talk
|-boost|p2a: Gyarados|atk|1
|-boost|p2a: Gyarados|spe|1
|move|p1a: Incineroar|Parting Shot|p2a: Gyarados
|-unboost|p2a: Gyarados|atk|1
|-unboost|p2a: Gyarados|spa|1
|
|t:|1667587484
|switch|p1a: Milotic|Milotic, F|48/100|[from]move: Parting Shot
|-damage|p1a: Milotic|36/100|[from] Stealth Rock
|
|-heal|p1a: Milotic|42/100|[from] item: Leftovers
|upkeep
|turn|40
|
|t:|1667587486
|cant|p2a: Gyarados|slp
|move|p2a: Gyarados|Sleep Talk|p2a: Gyarados
|move|p2a: Gyarados|Rest||[from]move: Sleep Talk|[still]
|-fail|p2a: Gyarados
|move|p1a: Milotic|Recover|p1a: Milotic
|-heal|p1a: Milotic|92/100
|
|-heal|p1a: Milotic|98/100|[from] item: Leftovers
|upkeep
|turn|41
|
|t:|1667587488
|-curestatus|p2a: Gyarados|slp|[msg]
|move|p2a: Gyarados|Dragon Dance|p2a: Gyarados
|-boost|p2a: Gyarados|atk|1
|-boost|p2a: Gyarados|spe|1
|move|p1a: Milotic|Scald|p2a: Gyarados
|-resisted|p2a: Gyarados
|-damage|p2a: Gyarados|67/100
|
|-heal|p1a: Milotic|100/100|[from] item: Leftovers
|upkeep
|turn|42
|
|t:|1667587490
|move|p2a: Gyarados|Dragon Dance|p2a: Gyarados
|-boost|p2a: Gyarados|atk|1
|-boost|p2a: Gyarados|spe|1
|move|p1a: Milotic|Scald|p2a: Gyarados
|-resisted|p2a: Gyarados
|-damage|p2a: Gyarados|59/100
|
|upkeep
|turn|43
|
|t:|1667587492
|move|p2a: Gyarados|Dragon Dance|p2a: Gyarados
|-boost|p2a: Gyarados|atk|1
|-boost|p2a: Gyarados|spe|1
|move|p1a: Milotic|Scald|p2a: Gyarados
|-resisted|p2a: Gyarados
|-damage|p2a: Gyarados|49/100
|
|upkeep
|turn|44
|c|☆IIIodyne|gg
|c|☆knexhawk2|gg
|
|t:|1667587498
|move|p2a: Gyarados|Dragon Dance|p2a: Gyarados
|-boost|p2a: Gyarados|atk|1
|-boost|p2a: Gyarados|spe|1
|move|p1a: Milotic|Scald|p2a: Gyarados
|-resisted|p2a: Gyarados
|-damage|p2a: Gyarados|41/100
|
|upkeep
|turn|45
|
|t:|1667587500
|move|p2a: Gyarados|Dragon Dance|p2a: Gyarados
|-boost|p2a: Gyarados|atk|1
|-boost|p2a: Gyarados|spe|1
|move|p1a: Milotic|Scald|p2a: Gyarados
|-resisted|p2a: Gyarados
|-damage|p2a: Gyarados|32/100
|
|upkeep
|turn|46
|
|t:|1667587503
|move|p2a: Gyarados|Dragon Dance|p2a: Gyarados
|-boost|p2a: Gyarados|atk|1
|-boost|p2a: Gyarados|spe|0
|move|p1a: Milotic|Scald|p2a: Gyarados
|-resisted|p2a: Gyarados
|-damage|p2a: Gyarados|24/100
|
|upkeep
|turn|47
|
|t:|1667587505
|move|p2a: Gyarados|Waterfall|p1a: Milotic
|-resisted|p1a: Milotic
|-damage|p1a: Milotic|45/100
|move|p1a: Milotic|Scald|p2a: Gyarados
|-resisted|p2a: Gyarados
|-damage|p2a: Gyarados|15/100
|-status|p2a: Gyarados|brn
|
|-heal|p1a: Milotic|51/100|[from] item: Leftovers
|-damage|p2a: Gyarados|9/100 brn|[from] brn
|upkeep
|turn|48
|
|t:|1667587509
|move|p2a: Gyarados|Rest|p2a: Gyarados
|-status|p2a: Gyarados|slp|[from] move: Rest
|-heal|p2a: Gyarados|100/100 slp|[silent]
|move|p1a: Milotic|Scald|p2a: Gyarados
|-resisted|p2a: Gyarados
|-damage|p2a: Gyarados|91/100 slp
|
|-heal|p1a: Milotic|57/100|[from] item: Leftovers
|upkeep
|turn|49
|
|t:|1667587511
|switch|p1a: Weezing|Weezing-Galar, F|26/100
|-damage|p1a: Weezing|14/100|[from] Stealth Rock
|cant|p2a: Gyarados|slp
|move|p2a: Gyarados|Sleep Talk|p2a: Gyarados
|move|p2a: Gyarados|Waterfall|p1a: Weezing|[from]move: Sleep Talk
|-damage|p1a: Weezing|0 fnt
|faint|p1a: Weezing
|
|upkeep
|
|t:|1667587513
|switch|p1a: Milotic|Milotic, F|57/100
|-damage|p1a: Milotic|45/100|[from] Stealth Rock
|turn|50
|
|t:|1667587515
|cant|p2a: Gyarados|slp
|move|p2a: Gyarados|Sleep Talk|p2a: Gyarados
|move|p2a: Gyarados|Waterfall|p1a: Milotic|[from]move: Sleep Talk
|-resisted|p1a: Milotic
|-damage|p1a: Milotic|0 fnt
|faint|p1a: Milotic
|
|upkeep
|
|t:|1667587517
|switch|p1a: Incineroar|Incineroar, M|54/100
|-damage|p1a: Incineroar|29/100|[from] Stealth Rock
|-ability|p1a: Incineroar|Intimidate|boost
|-unboost|p2a: Gyarados|atk|1
|turn|51
|
|t:|1667587522
|-curestatus|p2a: Gyarados|slp|[msg]
|move|p2a: Gyarados|Waterfall|p1a: Incineroar
|-supereffective|p1a: Incineroar
|-damage|p1a: Incineroar|0 fnt
|faint|p1a: Incineroar
|
|win|knexhawk2
|n|☆IIIodyne|iiiodyne
|n|☆knexhawk2|knexhawk2
|n| cypherstest|cypherstest
|n| SetsuStsna|setsustsna
|n| Aftx|aftx
|n| Unviabriel|unviabriel
|n| testingteams888|testingteams888
|l| testingteams888
|l|☆knexhawk2
