|j|☆robopoke5
|j|☆Rorschach I
|player|p1|robopoke5|2|1680
|player|p2|Rorschach I|cynthia|1724
|teamsize|p1|6
|teamsize|p2|6
|gametype|singles
|gen|8
|tier|[Gen 8] OU
|rated|
|clearpoke
|poke|p1|Toxapex, M|
|poke|p1|Flygon, M|
|poke|p1|Pikachu, F|
|poke|p1|Diggersby, M|
|poke|p1|Excadrill, F|
|poke|p1|Tyranitar, M|
|poke|p2|Salazzle, F|
|poke|p2|Clefable, M|
|poke|p2|Seismitoad, F|
|poke|p2|Corviknight, M|
|poke|p2|Dragapult, M|
|poke|p2|Conkeldurr, M|
|rule|Sleep Clause Mod: Limit one foe put to sleep
|rule|Species Clause: Limit one of each Pokémon
|rule|OHKO Clause: OHKO moves are banned
|rule|Evasion Moves Clause: Evasion moves are banned
|rule|Endless Battle Clause: Forcing endless battles is banned
|rule|HP Percentage Mod: HP is shown in percentages
|rule|Dynamax Clause: You cannot dynamax
|teampreview
|
|start
|switch|p1a: Toxapex|Toxapex, M|100/100
|switch|p2a: Conkeldurr|Conkeldurr, M|100/100
|turn|1
|
|switch|p2a: Clefable|Clefable, M|100/100
|move|p1a: Toxapex|Toxic Spikes|p2a: Clefable
|-sidestart|p2: Rorschach I|move: Toxic Spikes
|
|upkeep
|turn|2
|
|move|p1a: Toxapex|Scald|p2a: Clefable
|-damage|p2a: Clefable|89/100
|move|p2a: Clefable|Teleport|p2a: Clefable
|
|switch|p2a: Salazzle|Salazzle, F|100/100|[from]move: Teleport
|-sideend|p2: Rorschach I|move: Toxic Spikes|[of] p2a: Salazzle
|
|upkeep
|turn|3
|
|switch|p1a: Flygon|Flygon, M|100/100
|move|p2a: Salazzle|Toxic|p1a: Flygon
|-status|p1a: Flygon|tox
|
|-damage|p1a: Flygon|95/100 tox|[from] psn
|upkeep
|turn|4
|
|switch|p2a: Corviknight|Corviknight, M|100/100
|-ability|p2a: Corviknight|Pressure
|move|p1a: Flygon|U-turn|p2a: Corviknight
|-resisted|p2a: Corviknight
|-damage|p2a: Corviknight|95/100
|
|switch|p1a: Pikachu|Pikachu, F|100/100|[from]move: U-turn
|
|-heal|p2a: Corviknight|100/100|[from] item: Leftovers
|upkeep
|turn|5
|inactive|Battle timer is ON: inactive players will automatically lose when time's up. (requested by robopoke5)
|
|switch|p2a: Seismitoad|Seismitoad, F|100/100
|move|p1a: Pikachu|Knock Off|p2a: Seismitoad
|-damage|p2a: Seismitoad|69/100
|-enditem|p2a: Seismitoad|Leftovers|[from] move: Knock Off|[of] p1a: Pikachu
|
|upkeep
|turn|6
|
|switch|p1a: Toxapex|Toxapex, M|100/100
|move|p2a: Seismitoad|Stealth Rock|p1a: Toxapex
|-sidestart|p1: robopoke5|move: Stealth Rock
|
|upkeep
|turn|7
|
|move|p2a: Seismitoad|Earth Power|p1a: Toxapex
|-supereffective|p1a: Toxapex
|-damage|p1a: Toxapex|53/100
|move|p1a: Toxapex|Toxic Spikes|p2a: Seismitoad
|-sidestart|p2: Rorschach I|move: Toxic Spikes
|
|-heal|p1a: Toxapex|59/100|[from] item: Black Sludge
|upkeep
|turn|8
|
|switch|p2a: Salazzle|Salazzle, F|100/100
|-sideend|p2: Rorschach I|move: Toxic Spikes|[of] p2a: Salazzle
|move|p1a: Toxapex|Recover|p1a: Toxapex
|-heal|p1a: Toxapex|100/100
|
|upkeep
|turn|9
|
|switch|p1a: Flygon|Flygon, M|95/100 tox
|-damage|p1a: Flygon|89/100 tox|[from] Stealth Rock
|move|p2a: Salazzle|Substitute|p2a: Salazzle
|-start|p2a: Salazzle|Substitute
|-damage|p2a: Salazzle|76/100
|
|-heal|p2a: Salazzle|82/100|[from] item: Black Sludge
|-damage|p1a: Flygon|83/100 tox|[from] psn
|upkeep
|turn|10
|
|switch|p1a: Tyranitar|Tyranitar, M|100/100
|-damage|p1a: Tyranitar|88/100|[from] Stealth Rock
|-weather|Sandstorm|[from] ability: Sand Stream|[of] p1a: Tyranitar
|move|p2a: Salazzle|Sludge Wave|p1a: Tyranitar
|-resisted|p1a: Tyranitar
|-damage|p1a: Tyranitar|71/100
|
|-weather|Sandstorm|[upkeep]
|-damage|p2a: Salazzle|76/100|[from] Sandstorm
|-heal|p2a: Salazzle|82/100|[from] item: Black Sludge
|upkeep
|turn|11
|
|move|p2a: Salazzle|Toxic|p1a: Tyranitar
|-status|p1a: Tyranitar|tox
|move|p1a: Tyranitar|Rock Blast|p2a: Salazzle
|-supereffective|p2a: Salazzle
|-end|p2a: Salazzle|Substitute
|-supereffective|p2a: Salazzle
|-damage|p2a: Salazzle|43/100
|-supereffective|p2a: Salazzle
|-damage|p2a: Salazzle|5/100
|-supereffective|p2a: Salazzle
|-damage|p2a: Salazzle|0 fnt
|-hitcount|p2a: Salazzle|4
|faint|p2a: Salazzle
|
|-weather|Sandstorm|[upkeep]
|-damage|p1a: Tyranitar|65/100 tox|[from] psn
|upkeep
|
|switch|p2a: Conkeldurr|Conkeldurr, M|100/100
|turn|12
|
|move|p2a: Conkeldurr|Knock Off|p1a: Tyranitar
|-resisted|p1a: Tyranitar
|-damage|p1a: Tyranitar|39/100 tox
|-enditem|p1a: Tyranitar|Focus Sash|[from] move: Knock Off|[of] p2a: Conkeldurr
|move|p1a: Tyranitar|Counter|p2a: Conkeldurr
|-damage|p2a: Conkeldurr|54/100
|
|-weather|Sandstorm|[upkeep]
|-damage|p2a: Conkeldurr|48/100|[from] Sandstorm
|-damage|p1a: Tyranitar|27/100 tox|[from] psn
|-status|p2a: Conkeldurr|brn|[from] item: Flame Orb
|upkeep
|turn|13
|
|move|p1a: Tyranitar|Ice Beam|p2a: Conkeldurr
|-damage|p2a: Conkeldurr|12/100 brn
|move|p2a: Conkeldurr|Drain Punch|p1a: Tyranitar
|-supereffective|p1a: Tyranitar
|-damage|p1a: Tyranitar|0 fnt
|-heal|p2a: Conkeldurr|24/100 brn|[from] drain|[of] p1a: Tyranitar
|faint|p1a: Tyranitar
|
|-weather|Sandstorm|[upkeep]
|-damage|p2a: Conkeldurr|18/100 brn|[from] Sandstorm
|-damage|p2a: Conkeldurr|12/100 brn|[from] brn
|upkeep
|
|switch|p1a: Diggersby|Diggersby, M|100/100
|-damage|p1a: Diggersby|94/100|[from] Stealth Rock
|turn|14
|c|☆robopoke5|why didnt u machpunch u dont have it?
|
|switch|p2a: Corviknight|Corviknight, M|100/100
|-ability|p2a: Corviknight|Pressure
|move|p1a: Diggersby|Quick Attack|p2a: Corviknight
|-resisted|p2a: Corviknight
|-damage|p2a: Corviknight|85/100
|-damage|p1a: Diggersby|84/100|[from] item: Life Orb
|
|-weather|none
|-heal|p2a: Corviknight|91/100|[from] item: Leftovers
|upkeep
|turn|15
|inactive|Rorschach I has 120 seconds left.
|c|☆Rorschach I|just a bad play from my part
|
|move|p1a: Diggersby|Fire Punch|p2a: Corviknight
|-supereffective|p2a: Corviknight
|-damage|p2a: Corviknight|24/100
|-damage|p1a: Diggersby|74/100|[from] item: Life Orb
|move|p2a: Corviknight|U-turn|p1a: Diggersby
|-damage|p1a: Diggersby|56/100
|
|switch|p2a: Dragapult|Dragapult, M|100/100|[from]move: U-turn
|
|upkeep
|turn|16
|
|move|p2a: Dragapult|Will-O-Wisp|p1a: Diggersby
|-status|p1a: Diggersby|brn
|move|p1a: Diggersby|Fire Punch|p2a: Dragapult
|-resisted|p2a: Dragapult
|-damage|p2a: Dragapult|85/100
|-damage|p1a: Diggersby|46/100 brn|[from] item: Life Orb
|
|-damage|p1a: Diggersby|40/100 brn|[from] brn
|upkeep
|turn|17
|
|move|p2a: Dragapult|Draco Meteor|p1a: Diggersby
|-damage|p1a: Diggersby|0 fnt
|-unboost|p2a: Dragapult|spa|2
|faint|p1a: Diggersby
|
|upkeep
|
|switch|p1a: Pikachu|Pikachu, F|100/100
|-damage|p1a: Pikachu|88/100|[from] Stealth Rock
|turn|18
|
|switch|p2a: Seismitoad|Seismitoad, F|69/100
|move|p1a: Pikachu|Knock Off|p2a: Seismitoad
|-damage|p2a: Seismitoad|49/100
|
|upkeep
|turn|19
|
|switch|p1a: Flygon|Flygon, M|83/100 tox
|-damage|p1a: Flygon|77/100 tox|[from] Stealth Rock
|move|p2a: Seismitoad|Scald|p1a: Flygon
|-damage|p1a: Flygon|46/100 tox
|
|-damage|p1a: Flygon|40/100 tox|[from] psn
|upkeep
|turn|20
|
|switch|p2a: Corviknight|Corviknight, M|24/100
|-ability|p2a: Corviknight|Pressure
|move|p1a: Flygon|U-turn|p2a: Corviknight
|-resisted|p2a: Corviknight
|-damage|p2a: Corviknight|18/100
|
|switch|p1a: Pikachu|Pikachu, F|88/100|[from]move: U-turn
|-damage|p1a: Pikachu|76/100|[from] Stealth Rock
|
|-heal|p2a: Corviknight|24/100|[from] item: Leftovers
|upkeep
|turn|21
|inactive|Rorschach I has 120 seconds left.
|inactive|Rorschach I has 90 seconds left.
|
|move|p1a: Pikachu|Knock Off|p2a: Corviknight
|-damage|p2a: Corviknight|0 fnt
|-enditem|p2a: Corviknight|Leftovers|[from] move: Knock Off|[of] p1a: Pikachu
|faint|p2a: Corviknight
|
|upkeep
|inactive|Rorschach I has 90 seconds left.
|
|switch|p2a: Dragapult|Dragapult, M|85/100
|turn|22
|
|move|p2a: Dragapult|Draco Meteor|p1a: Pikachu
|-damage|p1a: Pikachu|0 fnt
|-unboost|p2a: Dragapult|spa|2
|faint|p1a: Pikachu
|
|upkeep
|
|switch|p1a: Toxapex|Toxapex, M|100/100
|-damage|p1a: Toxapex|88/100|[from] Stealth Rock
|turn|23
|
|move|p2a: Dragapult|Will-O-Wisp|p1a: Toxapex|[miss]
|-miss|p2a: Dragapult|p1a: Toxapex
|move|p1a: Toxapex|Toxic Spikes|p2a: Dragapult
|-sidestart|p2: Rorschach I|move: Toxic Spikes
|
|-heal|p1a: Toxapex|94/100|[from] item: Black Sludge
|upkeep
|turn|24
|
|move|p2a: Dragapult|Will-O-Wisp|p1a: Toxapex
|-status|p1a: Toxapex|brn
|move|p1a: Toxapex|Toxic Spikes|p2a: Dragapult
|-sidestart|p2: Rorschach I|move: Toxic Spikes
|
|-heal|p1a: Toxapex|100/100 brn|[from] item: Black Sludge
|-damage|p1a: Toxapex|94/100 brn|[from] brn
|upkeep
|turn|25
|inactive|Rorschach I has 120 seconds left.
|
|move|p2a: Dragapult|U-turn|p1a: Toxapex
|-resisted|p1a: Toxapex
|-damage|p1a: Toxapex|89/100 brn
|
|switch|p2a: Clefable|Clefable, M|89/100|[from]move: U-turn
|-status|p2a: Clefable|tox
|move|p1a: Toxapex|Recover|p1a: Toxapex
|-heal|p1a: Toxapex|100/100 brn
|
|-heal|p2a: Clefable|95/100 tox|[from] item: Leftovers
|-damage|p1a: Toxapex|94/100 brn|[from] brn
|upkeep
|turn|26
|
|switch|p1a: Excadrill|Excadrill, F|100/100
|-damage|p1a: Excadrill|97/100|[from] Stealth Rock
|-item|p1a: Excadrill|Air Balloon
|move|p2a: Clefable|Wish|p2a: Clefable
|
|-heal|p2a: Clefable|100/100 tox|[from] item: Leftovers
|upkeep
|turn|27
|inactive|Rorschach I has 120 seconds left.
|
|switch|p2a: Seismitoad|Seismitoad, F|49/100
|-status|p2a: Seismitoad|tox
|move|p1a: Excadrill|Stealth Rock|p2a: Seismitoad
|-sidestart|p2: Rorschach I|move: Stealth Rock
|
|-heal|p2a: Seismitoad|96/100 tox|[from] move: Wish|[wisher] Clefable
|-damage|p2a: Seismitoad|90/100 tox|[from] psn
|upkeep
|turn|28
|inactive|Rorschach I has 120 seconds left.
|
|switch|p1a: Toxapex|Toxapex, M|100/100 brn
|-damage|p1a: Toxapex|88/100 brn|[from] Stealth Rock
|move|p2a: Seismitoad|Scald|p1a: Toxapex
|-resisted|p1a: Toxapex
|-damage|p1a: Toxapex|78/100 brn
|
|-heal|p1a: Toxapex|84/100 brn|[from] item: Black Sludge
|-damage|p2a: Seismitoad|78/100 tox|[from] psn
|-damage|p1a: Toxapex|78/100 brn|[from] brn
|upkeep
|turn|29
|inactive|Rorschach I has 120 seconds left.
|
|switch|p2a: Clefable|Clefable, M|100/100 tox
|move|p1a: Toxapex|Recover|p1a: Toxapex
|-heal|p1a: Toxapex|100/100 brn
|
|-damage|p1a: Toxapex|94/100 brn|[from] brn
|upkeep
|turn|30
|
|switch|p1a: Excadrill|Excadrill, F|97/100
|-damage|p1a: Excadrill|94/100|[from] Stealth Rock
|-item|p1a: Excadrill|Air Balloon
|move|p2a: Clefable|Teleport|p2a: Clefable
|
|switch|p2a: Dragapult|Dragapult, M|85/100|[from]move: Teleport
|-status|p2a: Dragapult|tox
|-damage|p2a: Dragapult|73/100 tox|[from] Stealth Rock
|
|-damage|p2a: Dragapult|67/100 tox|[from] psn
|upkeep
|turn|31
|
|switch|p1a: Toxapex|Toxapex, M|100/100 brn
|-damage|p1a: Toxapex|88/100 brn|[from] Stealth Rock
|move|p2a: Dragapult|Hex|p1a: Toxapex
|-damage|p1a: Toxapex|35/100 brn
|
|-heal|p1a: Toxapex|42/100 brn|[from] item: Black Sludge
|-damage|p2a: Dragapult|55/100 tox|[from] psn
|-damage|p1a: Toxapex|35/100 brn|[from] brn
|upkeep
|turn|32
|
|switch|p1a: Flygon|Flygon, M|40/100 tox
|-damage|p1a: Flygon|34/100 tox|[from] Stealth Rock
|move|p2a: Dragapult|Hex|p1a: Flygon
|-damage|p1a: Flygon|0 fnt
|faint|p1a: Flygon
|
|-damage|p2a: Dragapult|37/100 tox|[from] psn
|upkeep
|inactive|robopoke5 has 120 seconds left.
|
|switch|p1a: Toxapex|Toxapex, M|69/100 brn
|-damage|p1a: Toxapex|56/100 brn|[from] Stealth Rock
|turn|33
|
|move|p2a: Dragapult|U-turn|p1a: Toxapex
|-resisted|p1a: Toxapex
|-damage|p1a: Toxapex|51/100 brn
|
|switch|p2a: Clefable|Clefable, M|100/100 tox|[from]move: U-turn
|move|p1a: Toxapex|Recover|p1a: Toxapex
|-heal|p1a: Toxapex|100/100 brn
|
|-damage|p1a: Toxapex|94/100 brn|[from] brn
|upkeep
|turn|34
|
|switch|p1a: Excadrill|Excadrill, F|94/100
|-damage|p1a: Excadrill|91/100|[from] Stealth Rock
|-item|p1a: Excadrill|Air Balloon
|move|p2a: Clefable|Moonblast|p1a: Excadrill
|-resisted|p1a: Excadrill
|-damage|p1a: Excadrill|71/100
|-enditem|p1a: Excadrill|Air Balloon
|
|upkeep
|turn|35
|
|switch|p2a: Seismitoad|Seismitoad, F|78/100 tox
|-damage|p2a: Seismitoad|72/100 tox|[from] Stealth Rock
|move|p1a: Excadrill|Earthquake|p2a: Seismitoad
|-damage|p2a: Seismitoad|37/100 tox
|
|-damage|p2a: Seismitoad|31/100 tox|[from] psn
|upkeep
|turn|36
|
|move|p1a: Excadrill|Earthquake|p2a: Seismitoad
|-damage|p2a: Seismitoad|0 fnt
|faint|p2a: Seismitoad
|
|upkeep
|
|switch|p2a: Dragapult|Dragapult, M|37/100 tox
|-damage|p2a: Dragapult|24/100 tox|[from] Stealth Rock
|turn|37
|
|move|p2a: Dragapult|Hex|p1a: Excadrill
|-damage|p1a: Excadrill|23/100
|move|p1a: Excadrill|Earthquake|p2a: Dragapult
|-damage|p2a: Dragapult|0 fnt
|faint|p2a: Dragapult
|
|upkeep
|
|switch|p2a: Conkeldurr|Conkeldurr, M|12/100 brn
|-damage|p2a: Conkeldurr|6/100 brn|[from] Stealth Rock
|turn|38
|
|move|p1a: Excadrill|Rapid Spin|p2a: Conkeldurr
|-damage|p2a: Conkeldurr|0 fnt
|-boost|p1a: Excadrill|spe|1
|-sideend|p1: robopoke5|Stealth Rock|[from] move: Rapid Spin|[of] p1a: Excadrill
|faint|p2a: Conkeldurr
|
|upkeep
|-message|Rorschach I forfeited.
|
|win|robopoke5
|l|☆Rorschach I
