|j|☆why addicted
|j|☆Mamaw31180
|t:|1667326981
|gametype|singles
|player|p1|why addicted|2|1960
|player|p2|Mamaw31180|lucas|1876
|teamsize|p1|6
|teamsize|p2|6
|gen|8
|tier|[Gen 8] OU
|rated|
|rule|Sleep Clause Mod: Limit one foe put to sleep
|rule|Species Clause: Limit one of each Pokémon
|rule|OHKO Clause: OHKO moves are banned
|rule|Evasion Items Clause: Evasion items are banned
|rule|Evasion Moves Clause: Evasion moves are banned
|rule|Endless Battle Clause: Forcing endless battles is banned
|rule|HP Percentage Mod: HP is shown in percentages
|rule|Dynamax Clause: You cannot dynamax
|clearpoke
|poke|p1|Landorus-Therian, M|
|poke|p1|Heatran, M|
|poke|p1|Ferrothorn, M|
|poke|p1|Dragapult, M|
|poke|p1|Tapu Lele|
|poke|p1|Urshifu-*, F|
|poke|p2|Kartana|
|poke|p2|Blacephalon|
|poke|p2|Landorus-Therian, M|
|poke|p2|Slowbro, F|
|poke|p2|Zapdos|
|poke|p2|Tyranitar, F|
|teampreview
|j| BathrFox
|j| Xzawac
|inactive|Battle timer is ON: inactive players will automatically lose when time's up. (requested by Mamaw31180)
|
|t:|1667327002
|start
|switch|p1a: Urshifu|Urshifu-Rapid-Strike, F|100/100
|switch|p2a: Slowbro|Slowbro, F|100/100
|turn|1
|
|t:|1667327007
|move|p1a: Urshifu|U-turn|p2a: Slowbro
|-supereffective|p2a: Slowbro
|-crit|p2a: Slowbro
|-damage|p2a: Slowbro|59/100
|
|t:|1667327012
|switch|p1a: Ferrothorn|Ferrothorn, M|100/100|[from]move: U-turn
|move|p2a: Slowbro|Teleport|p2a: Slowbro
|
|t:|1667327016
|switch|p2a: Blacephalon|Blacephalon|100/100|[from]move: Teleport
|
|upkeep
|turn|2
|
|t:|1667327023
|switch|p1a: Heatran|Heatran, M|100/100
|move|p2a: Blacephalon|Overheat|p1a: Heatran
|-start|p1a: Heatran|ability: Flash Fire
|
|upkeep
|turn|3
|
|t:|1667327029
|switch|p2a: Tyranitar|Tyranitar, F|100/100
|-weather|Sandstorm|[from] ability: Sand Stream|[of] p2a: Tyranitar
|move|p1a: Heatran|Magma Storm|p2a: Tyranitar
|-resisted|p2a: Tyranitar
|-damage|p2a: Tyranitar|79/100
|-activate|p2a: Tyranitar|move: Magma Storm|[of] p1a: Heatran
|
|-weather|Sandstorm|[upkeep]
|-damage|p2a: Tyranitar|67/100|[from] move: Magma Storm|[partiallytrapped]
|upkeep
|turn|4
|
|t:|1667327033
|move|p1a: Heatran|Protect|p1a: Heatran
|-singleturn|p1a: Heatran|Protect
|move|p2a: Tyranitar|Stone Edge|p1a: Heatran
|-activate|p1a: Heatran|move: Protect
|
|-weather|Sandstorm|[upkeep]
|-damage|p2a: Tyranitar|55/100|[from] move: Magma Storm|[partiallytrapped]
|upkeep
|turn|5
|
|t:|1667327041
|-end|p1a: Heatran|ability: Flash Fire|[silent]
|switch|p1a: Ferrothorn|Ferrothorn, M|100/100
|move|p2a: Tyranitar|Stone Edge|p1a: Ferrothorn
|-resisted|p1a: Ferrothorn
|-damage|p1a: Ferrothorn|75/100
|
|-weather|Sandstorm|[upkeep]
|-end|p2a: Tyranitar|Magma Storm|[partiallytrapped]|[silent]
|upkeep
|turn|6
|
|t:|1667327047
|switch|p2a: Zapdos|Zapdos|100/100
|move|p1a: Ferrothorn|Stealth Rock|p2a: Zapdos
|-sidestart|p2: Mamaw31180|move: Stealth Rock
|
|-weather|Sandstorm|[upkeep]
|-damage|p2a: Zapdos|94/100|[from] Sandstorm
|upkeep
|turn|7
|
|t:|1667327053
|switch|p1a: Dragapult|Dragapult, M|100/100
|move|p2a: Zapdos|Defog|p1a: Dragapult
|-unboost|p1a: Dragapult|evasion|1
|-sideend|p2: Mamaw31180|Stealth Rock|[from] move: Defog|[of] p2a: Zapdos
|
|-weather|none
|upkeep
|turn|8
|
|t:|1667327058
|move|p1a: Dragapult|Draco Meteor|p2a: Zapdos
|-crit|p2a: Zapdos
|-damage|p2a: Zapdos|0 fnt
|-unboost|p1a: Dragapult|spa|2
|faint|p2a: Zapdos
|
|upkeep
|
|t:|1667327063
|switch|p2a: Blacephalon|Blacephalon|100/100
|turn|9
|
|t:|1667327066
|switch|p1a: Heatran|Heatran, M|100/100
|move|p2a: Blacephalon|Shadow Ball|p1a: Heatran
|-damage|p1a: Heatran|61/100
|
|-heal|p1a: Heatran|67/100|[from] item: Leftovers
|upkeep
|turn|10
|
|t:|1667327070
|move|p2a: Blacephalon|Shadow Ball|p1a: Heatran
|-damage|p1a: Heatran|21/100
|move|p1a: Heatran|Toxic|p2a: Blacephalon
|-status|p2a: Blacephalon|tox
|
|-heal|p1a: Heatran|27/100|[from] item: Leftovers
|-damage|p2a: Blacephalon|94/100 tox|[from] psn
|upkeep
|turn|11
|
|t:|1667327073
|move|p1a: Heatran|Protect|p1a: Heatran
|-singleturn|p1a: Heatran|Protect
|move|p2a: Blacephalon|Shadow Ball|p1a: Heatran
|-activate|p1a: Heatran|move: Protect
|
|-heal|p1a: Heatran|34/100|[from] item: Leftovers
|-damage|p2a: Blacephalon|82/100 tox|[from] psn
|upkeep
|turn|12
|
|t:|1667327078
|switch|p1a: Landorus|Landorus-Therian, M|100/100
|-ability|p1a: Landorus|Intimidate|boost
|-unboost|p2a: Blacephalon|atk|1
|move|p2a: Blacephalon|Shadow Ball|p1a: Landorus
|-damage|p1a: Landorus|52/100
|
|-heal|p1a: Landorus|58/100|[from] item: Leftovers
|-damage|p2a: Blacephalon|64/100 tox|[from] psn
|upkeep
|turn|13
|
|t:|1667327086
|switch|p2a: Landorus|Landorus-Therian, M|100/100
|-ability|p2a: Landorus|Intimidate|boost
|-unboost|p1a: Landorus|atk|1
|move|p1a: Landorus|Knock Off|p2a: Landorus
|-damage|p2a: Landorus|80/100
|-enditem|p2a: Landorus|Leftovers|[from] move: Knock Off|[of] p1a: Landorus
|
|-heal|p1a: Landorus|64/100|[from] item: Leftovers
|upkeep
|turn|14
|
|t:|1667327090
|move|p1a: Landorus|U-turn|p2a: Landorus
|-resisted|p2a: Landorus
|-damage|p2a: Landorus|73/100
|
|t:|1667327093
|switch|p1a: Ferrothorn|Ferrothorn, M|75/100|[from]move: U-turn
|move|p2a: Landorus|U-turn|p1a: Ferrothorn
|-damage|p1a: Ferrothorn|62/100
|-damage|p2a: Landorus|60/100|[from] ability: Iron Barbs|[of] p1a: Ferrothorn
|-damage|p2a: Landorus|44/100|[from] item: Rocky Helmet|[of] p1a: Ferrothorn
|
|t:|1667327096
|switch|p2a: Blacephalon|Blacephalon|64/100 tox|[from]move: U-turn
|
|-damage|p2a: Blacephalon|58/100 tox|[from] psn
|upkeep
|turn|15
|
|t:|1667327104
|switch|p1a: Heatran|Heatran, M|34/100
|move|p2a: Blacephalon|Shadow Ball|p1a: Heatran
|-damage|p1a: Heatran|0 fnt
|faint|p1a: Heatran
|-ability|p2a: Blacephalon|Beast Boost|boost
|-boost|p2a: Blacephalon|spa|1
|
|-damage|p2a: Blacephalon|46/100 tox|[from] psn
|upkeep
|
|t:|1667327114
|switch|p1a: Dragapult|Dragapult, M|100/100
|turn|16
|
|t:|1667327119
|switch|p2a: Tyranitar|Tyranitar, F|55/100
|-weather|Sandstorm|[from] ability: Sand Stream|[of] p2a: Tyranitar
|move|p1a: Dragapult|Draco Meteor|p2a: Tyranitar
|-damage|p2a: Tyranitar|0 fnt
|-unboost|p1a: Dragapult|spa|2
|faint|p2a: Tyranitar
|
|-weather|Sandstorm|[upkeep]
|-damage|p1a: Dragapult|95/100|[from] Sandstorm
|upkeep
|
|t:|1667327126
|switch|p2a: Landorus|Landorus-Therian, M|44/100
|-ability|p2a: Landorus|Intimidate|boost
|-unboost|p1a: Dragapult|atk|1
|turn|17
|
|t:|1667327133
|switch|p1a: Urshifu|Urshifu-Rapid-Strike, F|100/100
|move|p2a: Landorus|Stealth Rock|p1a: Urshifu
|-sidestart|p1: why addicted|move: Stealth Rock
|
|-weather|Sandstorm|[upkeep]
|-damage|p1a: Urshifu|94/100|[from] Sandstorm
|upkeep
|turn|18
|
|t:|1667327138
|switch|p2a: Slowbro|Slowbro, F|92/100
|move|p1a: Urshifu|Surging Strikes|p2a: Slowbro
|-resisted|p2a: Slowbro
|-crit|p2a: Slowbro
|-damage|p2a: Slowbro|87/100
|-resisted|p2a: Slowbro
|-crit|p2a: Slowbro
|-damage|p2a: Slowbro|80/100
|-resisted|p2a: Slowbro
|-crit|p2a: Slowbro
|-damage|p2a: Slowbro|75/100
|-hitcount|p2a: Slowbro|3
|
|-weather|Sandstorm|[upkeep]
|-damage|p1a: Urshifu|88/100|[from] Sandstorm
|-damage|p2a: Slowbro|69/100|[from] Sandstorm
|upkeep
|turn|19
|
|t:|1667327141
|move|p1a: Urshifu|U-turn|p2a: Slowbro
|-supereffective|p2a: Slowbro
|-damage|p2a: Slowbro|40/100
|
|t:|1667327145
|switch|p1a: Ferrothorn|Ferrothorn, M|62/100|[from]move: U-turn
|-damage|p1a: Ferrothorn|55/100|[from] Stealth Rock
|move|p2a: Slowbro|Teleport|p2a: Slowbro
|
|t:|1667327148
|switch|p2a: Blacephalon|Blacephalon|46/100 tox|[from]move: Teleport
|
|-weather|Sandstorm|[upkeep]
|-damage|p2a: Blacephalon|40/100 tox|[from] Sandstorm
|-damage|p2a: Blacephalon|34/100 tox|[from] psn
|upkeep
|turn|20
|
|t:|1667327163
|switch|p1a: Tapu Lele|Tapu Lele|100/100
|-damage|p1a: Tapu Lele|88/100|[from] Stealth Rock
|-fieldstart|move: Psychic Terrain|[from] ability: Psychic Surge|[of] p1a: Tapu Lele
|move|p2a: Blacephalon|Shadow Ball|p1a: Tapu Lele
|-supereffective|p1a: Tapu Lele
|-damage|p1a: Tapu Lele|0 fnt
|faint|p1a: Tapu Lele
|-ability|p2a: Blacephalon|Beast Boost|boost
|-boost|p2a: Blacephalon|spa|1
|
|-weather|none
|-damage|p2a: Blacephalon|22/100 tox|[from] psn
|upkeep
|
|t:|1667327170
|switch|p1a: Dragapult|Dragapult, M|95/100
|-damage|p1a: Dragapult|82/100|[from] Stealth Rock
|turn|21
|
|t:|1667327179
|switch|p2a: Landorus|Landorus-Therian, M|44/100
|-ability|p2a: Landorus|Intimidate|boost
|-unboost|p1a: Dragapult|atk|1
|move|p1a: Dragapult|Shadow Ball|p2a: Landorus
|-damage|p2a: Landorus|1/100
|
|upkeep
|turn|22
|
|t:|1667327182
|move|p1a: Dragapult|Shadow Ball|p2a: Landorus
|-crit|p2a: Landorus
|-damage|p2a: Landorus|0 fnt
|faint|p2a: Landorus
|
|upkeep
|
|t:|1667327184
|switch|p2a: Kartana|Kartana|100/100
|turn|23
|
|t:|1667327188
|switch|p2a: Blacephalon|Blacephalon|22/100 tox
|switch|p1a: Landorus|Landorus-Therian, M|64/100
|-damage|p1a: Landorus|52/100|[from] Stealth Rock
|-ability|p1a: Landorus|Intimidate|boost
|-unboost|p2a: Blacephalon|atk|1
|
|-heal|p1a: Landorus|58/100|[from] item: Leftovers
|-damage|p2a: Blacephalon|15/100 tox|[from] psn
|upkeep
|turn|24
|
|t:|1667327196
|switch|p1a: Urshifu|Urshifu-Rapid-Strike, F|88/100
|-damage|p1a: Urshifu|82/100|[from] Stealth Rock
|move|p2a: Blacephalon|Overheat|p1a: Urshifu
|-resisted|p1a: Urshifu
|-damage|p1a: Urshifu|0 fnt
|-unboost|p2a: Blacephalon|spa|2
|faint|p1a: Urshifu
|-ability|p2a: Blacephalon|Beast Boost|boost
|-boost|p2a: Blacephalon|spa|1
|
|-damage|p2a: Blacephalon|3/100 tox|[from] psn
|-fieldend|move: Psychic Terrain
|upkeep
|
|t:|1667327202
|switch|p1a: Landorus|Landorus-Therian, M|58/100
|-damage|p1a: Landorus|45/100|[from] Stealth Rock
|-ability|p1a: Landorus|Intimidate|boost
|-unboost|p2a: Blacephalon|atk|1
|turn|25
|
|t:|1667327209
|switch|p2a: Slowbro|Slowbro, F|74/100
|move|p1a: Landorus|Defog|p2a: Slowbro
|-unboost|p2a: Slowbro|evasion|1
|-sideend|p1: why addicted|Stealth Rock|[from] move: Defog|[of] p1a: Landorus
|
|-heal|p1a: Landorus|51/100|[from] item: Leftovers
|upkeep
|turn|26
|
|t:|1667327217
|move|p1a: Landorus|U-turn|p2a: Slowbro
|-supereffective|p2a: Slowbro
|-damage|p2a: Slowbro|46/100
|
|t:|1667327220
|switch|p1a: Dragapult|Dragapult, M|82/100|[from]move: U-turn
|move|p2a: Slowbro|Ice Beam|p1a: Dragapult
|-supereffective|p1a: Dragapult
|-damage|p1a: Dragapult|27/100
|
|upkeep
|turn|27
|
|t:|1667327226
|move|p1a: Dragapult|Shadow Ball|p2a: Slowbro
|-supereffective|p2a: Slowbro
|-damage|p2a: Slowbro|0 fnt
|faint|p2a: Slowbro
|
|upkeep
|
|t:|1667327228
|switch|p2a: Kartana|Kartana|100/100
|turn|28
|
|t:|1667327235
|switch|p1a: Ferrothorn|Ferrothorn, M|55/100
|move|p2a: Kartana|Knock Off|p1a: Ferrothorn
|-damage|p1a: Ferrothorn|30/100
|-damage|p2a: Kartana|88/100|[from] ability: Iron Barbs|[of] p1a: Ferrothorn
|-damage|p2a: Kartana|72/100|[from] item: Rocky Helmet|[of] p1a: Ferrothorn
|-enditem|p1a: Ferrothorn|Rocky Helmet|[from] move: Knock Off|[of] p2a: Kartana
|
|upkeep
|turn|29
|
|t:|1667327242
|move|p2a: Kartana|Knock Off|p1a: Ferrothorn
|-damage|p1a: Ferrothorn|14/100
|-damage|p2a: Kartana|59/100|[from] ability: Iron Barbs|[of] p1a: Ferrothorn
|move|p1a: Ferrothorn|Knock Off|p2a: Kartana
|-damage|p2a: Kartana|38/100
|-enditem|p2a: Kartana|Choice Scarf|[from] move: Knock Off|[of] p1a: Ferrothorn
|
|upkeep
|turn|30
|
|t:|1667327250
|move|p2a: Kartana|Knock Off|p1a: Ferrothorn
|-damage|p1a: Ferrothorn|0 fnt
|-damage|p2a: Kartana|25/100|[from] ability: Iron Barbs|[of] p1a: Ferrothorn
|faint|p1a: Ferrothorn
|-ability|p2a: Kartana|Beast Boost|boost
|-boost|p2a: Kartana|atk|1
|
|upkeep
|
|t:|1667327253
|switch|p1a: Dragapult|Dragapult, M|27/100
|turn|31
|
|t:|1667327256
|move|p1a: Dragapult|Shadow Ball|p2a: Kartana
|-crit|p2a: Kartana
|-damage|p2a: Kartana|0 fnt
|faint|p2a: Kartana
|
|upkeep
|-message|Mamaw31180 forfeited.
|
|win|why addicted
|raw|why addicted's rating: 1960 &rarr; <strong>1975</strong><br />(+15 for winning)
|raw|Mamaw31180's rating: 1876 &rarr; <strong>1861</strong><br />(-15 for losing)
|l|☆Mamaw31180
|l| Xzawac
||Ladder isn't responding, score probably updated but might not have (Request timeout).
