|j|☆70to90gxe
|j|☆Contorted Lies
|t:|1605905800
|player|p1|70to90gxe|lucas|1986
|player|p2|Contorted Lies|170|1937
|teamsize|p1|6
|teamsize|p2|6
|gametype|singles
|gen|8
|tier|[Gen 8] OU
|rated|
|clearpoke
|poke|p1|Moltres|
|poke|p1|Slowbro, F|
|poke|p1|Urshifu-*, M|
|poke|p1|Blissey, F|
|poke|p1|Clefable, F|
|poke|p1|Hippowdon, F|
|poke|p2|Cinderace, F|
|poke|p2|Tyranitar, F|
|poke|p2|Excadrill, M|
|poke|p2|Buzzwole|
|poke|p2|Slowbro, F|
|poke|p2|Magearna|
|rule|Sleep Clause Mod: Limit one foe put to sleep
|rule|Species Clause: Limit one of each Pokémon
|rule|OHKO Clause: OHKO moves are banned
|rule|Evasion Moves Clause: Evasion moves are banned
|rule|Endless Battle Clause: Forcing endless battles is banned
|rule|HP Percentage Mod: HP is shown in percentages
|rule|Dynamax Clause: You cannot dynamax
|teampreview
|j| beandonnn
|
|t:|1605905822
|start
|switch|p1a: Slowbro|Slowbro, F|100/100
|switch|p2a: Slowbro|Slowbro, F|100/100
|turn|1
|
|t:|1605905825
|move|p2a: Slowbro|Scald|p1a: Slowbro
|-resisted|p1a: Slowbro
|-damage|p1a: Slowbro|85/100
|move|p1a: Slowbro|Future Sight|p2a: Slowbro
|-start|p1a: Slowbro|move: Future Sight
|
|upkeep
|turn|2
|
|t:|1605905829
|move|p2a: Slowbro|Teleport|p2a: Slowbro
|j| 0zorcNecropHADES
|
|t:|1605905833
|switch|p2a: Magearna|Magearna|100/100|[from]move: Teleport
|move|p1a: Slowbro|Teleport|p1a: Slowbro
|
|t:|1605905838
|switch|p1a: Hippowdon|Hippowdon, F|100/100|[from]move: Teleport
|-weather|Sandstorm|[from] ability: Sand Stream|[of] p1a: Hippowdon
|
|-weather|Sandstorm|[upkeep]
|upkeep
|turn|3
|
|t:|1605905842
|switch|p2a: Slowbro|Slowbro, F|100/100
|move|p1a: Hippowdon|Earthquake|p2a: Slowbro
|-damage|p2a: Slowbro|72/100
|
|-weather|Sandstorm|[upkeep]
|-damage|p2a: Slowbro|65/100|[from] Sandstorm
|-end|p2a: Slowbro|move: Future Sight
|-resisted|p2a: Slowbro
|-damage|p2a: Slowbro|44/100
|-heal|p2a: Slowbro|50/100|[from] item: Leftovers
|upkeep
|turn|4
|j| 3Fraken
|
|t:|1605905847
|switch|p1a: Slowbro|Slowbro, F|100/100
|move|p2a: Slowbro|Scald|p1a: Slowbro
|-resisted|p1a: Slowbro
|-damage|p1a: Slowbro|85/100
|
|-weather|Sandstorm|[upkeep]
|-damage|p2a: Slowbro|44/100|[from] Sandstorm
|-damage|p1a: Slowbro|79/100|[from] Sandstorm
|-heal|p2a: Slowbro|50/100|[from] item: Leftovers
|upkeep
|turn|5
|
|t:|1605905850
|move|p2a: Slowbro|Scald|p1a: Slowbro
|-resisted|p1a: Slowbro
|-damage|p1a: Slowbro|63/100
|move|p1a: Slowbro|Future Sight|p2a: Slowbro
|-start|p1a: Slowbro|move: Future Sight
|
|-weather|Sandstorm|[upkeep]
|-damage|p2a: Slowbro|44/100|[from] Sandstorm
|-damage|p1a: Slowbro|57/100|[from] Sandstorm
|-heal|p2a: Slowbro|50/100|[from] item: Leftovers
|upkeep
|turn|6
|
|t:|1605905855
|move|p2a: Slowbro|Slack Off|p2a: Slowbro
|-heal|p2a: Slowbro|99/100
|move|p1a: Slowbro|Teleport|p1a: Slowbro
|j| blessed days
|
|t:|1605905858
|switch|p1a: Urshifu|Urshifu, M|100/100|[from]move: Teleport
|
|-weather|none
|-heal|p2a: Slowbro|100/100|[from] item: Leftovers
|upkeep
|turn|7
|j| grue valencia
|
|t:|1605905865
|switch|p2a: Magearna|Magearna|100/100
|move|p1a: Urshifu|Wicked Blow|p2a: Magearna
|-resisted|p2a: Magearna
|-crit|p2a: Magearna
|-damage|p2a: Magearna|69/100
|
|-end|p2a: Magearna|move: Future Sight
|-resisted|p2a: Magearna
|-damage|p2a: Magearna|57/100
|upkeep
|turn|8
|
|t:|1605905871
|switch|p1a: Blissey|Blissey, F|100/100
|switch|p2a: Buzzwole|Buzzwole|100/100
|
|upkeep
|turn|9
|
|t:|1605905876
|switch|p2a: Tyranitar|Tyranitar, F|100/100
|-weather|Sandstorm|[from] ability: Sand Stream|[of] p2a: Tyranitar
|switch|p1a: Moltres|Moltres|100/100
|
|-weather|Sandstorm|[upkeep]
|-damage|p1a: Moltres|94/100|[from] Sandstorm
|upkeep
|turn|10
|
|t:|1605905883
|switch|p1a: Hippowdon|Hippowdon, F|100/100
|switch|p2a: Slowbro|Slowbro, F|100/100
|
|-weather|Sandstorm|[upkeep]
|-damage|p2a: Slowbro|94/100|[from] Sandstorm
|-heal|p2a: Slowbro|100/100|[from] item: Leftovers
|upkeep
|turn|11
|j| jtaquille
|
|t:|1605905888
|switch|p1a: Slowbro|Slowbro, F|90/100
|move|p2a: Slowbro|Scald|p1a: Slowbro
|-resisted|p1a: Slowbro
|-damage|p1a: Slowbro|75/100
|
|-weather|Sandstorm|[upkeep]
|-damage|p2a: Slowbro|94/100|[from] Sandstorm
|-damage|p1a: Slowbro|69/100|[from] Sandstorm
|-heal|p2a: Slowbro|100/100|[from] item: Leftovers
|upkeep
|turn|12
|
|t:|1605905890
|move|p2a: Slowbro|Scald|p1a: Slowbro
|-resisted|p1a: Slowbro
|-damage|p1a: Slowbro|54/100
|-status|p1a: Slowbro|brn
|move|p1a: Slowbro|Future Sight|p2a: Slowbro
|-start|p1a: Slowbro|move: Future Sight
|
|-weather|Sandstorm|[upkeep]
|-damage|p2a: Slowbro|94/100|[from] Sandstorm
|-damage|p1a: Slowbro|47/100 brn|[from] Sandstorm
|-heal|p2a: Slowbro|100/100|[from] item: Leftovers
|-damage|p1a: Slowbro|41/100 brn|[from] brn
|upkeep
|turn|13
|
|t:|1605905893
|move|p2a: Slowbro|Teleport|p2a: Slowbro
|
|t:|1605905898
|switch|p2a: Tyranitar|Tyranitar, F|100/100|[from]move: Teleport
|move|p1a: Slowbro|Teleport|p1a: Slowbro
|
|t:|1605905902
|switch|p1a: Urshifu|Urshifu, M|100/100|[from]move: Teleport
|
|-weather|none
|upkeep
|turn|14
|l| beandonnn
|
|t:|1605905905
|switch|p2a: Slowbro|Slowbro, F|100/100
|move|p1a: Urshifu|Wicked Blow|p2a: Slowbro
|-supereffective|p2a: Slowbro
|-crit|p2a: Slowbro
|-damage|p2a: Slowbro|9/100
|
|-end|p2a: Slowbro|move: Future Sight
|-resisted|p2a: Slowbro
|-damage|p2a: Slowbro|0 fnt
|faint|p2a: Slowbro
|upkeep
|
|t:|1605905908
|switch|p2a: Cinderace|Cinderace, F|100/100
|turn|15
|j| Pio00
|
|t:|1605905915
|switch|p1a: Moltres|Moltres|94/100
|move|p2a: Cinderace|High Jump Kick|p1a: Moltres
|-start|p2a: Cinderace|typechange|Fighting|[from] ability: Libero
|-resisted|p1a: Moltres
|-damage|p1a: Moltres|57/100
|
|upkeep
|turn|16
|j| yakiimoo
|j| gestort
|
|t:|1605905923
|switch|p2a: Tyranitar|Tyranitar, F|100/100
|-weather|Sandstorm|[from] ability: Sand Stream|[of] p2a: Tyranitar
|move|p1a: Moltres|Roost|p1a: Moltres
|-heal|p1a: Moltres|100/100
|-singleturn|p1a: Moltres|move: Roost
|
|-weather|Sandstorm|[upkeep]
|-damage|p1a: Moltres|94/100|[from] Sandstorm
|upkeep
|turn|17
|
|t:|1605905926
|switch|p1a: Hippowdon|Hippowdon, F|100/100
|move|p2a: Tyranitar|Crunch|p1a: Hippowdon
|-damage|p1a: Hippowdon|49/100
|
|-weather|Sandstorm|[upkeep]
|upkeep
|turn|18
|
|t:|1605905930
|switch|p2a: Cinderace|Cinderace, F|100/100
|switch|p1a: Urshifu|Urshifu, M|100/100
|
|-weather|Sandstorm|[upkeep]
|-damage|p2a: Cinderace|95/100|[from] Sandstorm
|-damage|p1a: Urshifu|94/100|[from] Sandstorm
|upkeep
|turn|19
|
|t:|1605905938
|switch|p1a: Moltres|Moltres|94/100
|move|p2a: Cinderace|Pyro Ball|p1a: Moltres
|-resisted|p1a: Moltres
|-damage|p1a: Moltres|61/100
|
|-weather|Sandstorm|[upkeep]
|-damage|p2a: Cinderace|89/100|[from] Sandstorm
|-damage|p1a: Moltres|55/100|[from] Sandstorm
|upkeep
|turn|20
|
|t:|1605905943
|switch|p2a: Tyranitar|Tyranitar, F|100/100
|move|p1a: Moltres|Scorching Sands|p2a: Tyranitar
|-supereffective|p2a: Tyranitar
|-damage|p2a: Tyranitar|72/100
|
|-weather|none
|upkeep
|turn|21
|
|t:|1605905950
|switch|p1a: Slowbro|Slowbro, F|75/100 brn
|move|p2a: Tyranitar|Stone Edge|p1a: Slowbro
|-damage|p1a: Slowbro|27/100 brn
|
|-damage|p1a: Slowbro|21/100 brn|[from] brn
|upkeep
|turn|22
|
|t:|1605905954
|switch|p2a: Cinderace|Cinderace, F|89/100
|switch|p1a: Urshifu|Urshifu, M|94/100
|
|upkeep
|turn|23
|j| Cragg
|
|t:|1605905961
|switch|p1a: Moltres|Moltres|55/100
|move|p2a: Cinderace|Pyro Ball|p1a: Moltres
|-resisted|p1a: Moltres
|-damage|p1a: Moltres|19/100
|
|upkeep
|turn|24
|
|t:|1605905966
|switch|p1a: Slowbro|Slowbro, F|54/100 brn
|move|p2a: Cinderace|Pyro Ball|p1a: Slowbro|[miss]
|-miss|p2a: Cinderace|p1a: Slowbro
|
|-damage|p1a: Slowbro|48/100 brn|[from] brn
|upkeep
|turn|25
|
|t:|1605905970
|switch|p2a: Tyranitar|Tyranitar, F|72/100
|-weather|Sandstorm|[from] ability: Sand Stream|[of] p2a: Tyranitar
|move|p1a: Slowbro|Teleport|p1a: Slowbro
|
|t:|1605905974
|switch|p1a: Urshifu|Urshifu, M|94/100|[from]move: Teleport
|
|-weather|Sandstorm|[upkeep]
|-damage|p1a: Urshifu|88/100|[from] Sandstorm
|upkeep
|turn|26
|
|t:|1605905978
|switch|p1a: Clefable|Clefable, F|100/100
|switch|p2a: Buzzwole|Buzzwole|100/100
|
|-weather|Sandstorm|[upkeep]
|-damage|p2a: Buzzwole|94/100|[from] Sandstorm
|-heal|p2a: Buzzwole|100/100|[from] item: Leftovers
|upkeep
|turn|27
|
|t:|1605905982
|switch|p2a: Cinderace|Cinderace, F|89/100
|move|p1a: Clefable|Flamethrower|p2a: Cinderace
|-resisted|p2a: Cinderace
|-damage|p2a: Cinderace|75/100
|
|-weather|Sandstorm|[upkeep]
|-damage|p2a: Cinderace|69/100|[from] Sandstorm
|upkeep
|turn|28
|
|t:|1605905986
|switch|p1a: Slowbro|Slowbro, F|81/100 brn
|move|p2a: Cinderace|Pyro Ball|p1a: Slowbro
|-resisted|p1a: Slowbro
|-damage|p1a: Slowbro|58/100 brn
|
|-weather|Sandstorm|[upkeep]
|-damage|p2a: Cinderace|63/100|[from] Sandstorm
|-damage|p1a: Slowbro|52/100 brn|[from] Sandstorm
|-damage|p1a: Slowbro|45/100 brn|[from] brn
|upkeep
|turn|29
|
|t:|1605905990
|switch|p2a: Tyranitar|Tyranitar, F|72/100
|move|p1a: Slowbro|Teleport|p1a: Slowbro
|
|t:|1605905992
|switch|p1a: Urshifu|Urshifu, M|88/100|[from]move: Teleport
|
|-weather|none
|upkeep
|turn|30
|
|t:|1605905995
|switch|p1a: Clefable|Clefable, F|100/100
|move|p2a: Tyranitar|Stone Edge|p1a: Clefable
|-damage|p1a: Clefable|35/100
|
|-heal|p1a: Clefable|41/100|[from] item: Leftovers
|upkeep
|turn|31
|
|t:|1605906001
|switch|p1a: Urshifu|Urshifu, M|88/100
|move|p2a: Tyranitar|Stone Edge|p1a: Urshifu
|-resisted|p1a: Urshifu
|-crit|p1a: Urshifu
|-damage|p1a: Urshifu|26/100
|
|upkeep
|turn|32
|
|t:|1605906004
|switch|p1a: Clefable|Clefable, F|41/100
|switch|p2a: Buzzwole|Buzzwole|100/100
|
|-heal|p1a: Clefable|47/100|[from] item: Leftovers
|upkeep
|turn|33
|
|t:|1605906007
|switch|p2a: Cinderace|Cinderace, F|63/100
|move|p1a: Clefable|Soft-Boiled|p1a: Clefable
|-heal|p1a: Clefable|97/100
|
|-heal|p1a: Clefable|100/100|[from] item: Leftovers
|upkeep
|turn|34
|
|t:|1605906011
|switch|p1a: Slowbro|Slowbro, F|79/100 brn
|move|p2a: Cinderace|Pyro Ball|p1a: Slowbro
|-resisted|p1a: Slowbro
|-damage|p1a: Slowbro|54/100 brn
|
|-damage|p1a: Slowbro|47/100 brn|[from] brn
|upkeep
|turn|35
|
|t:|1605906018
|switch|p2a: Tyranitar|Tyranitar, F|72/100
|-weather|Sandstorm|[from] ability: Sand Stream|[of] p2a: Tyranitar
|move|p1a: Slowbro|Teleport|p1a: Slowbro
|j| oophyte
|
|t:|1605906022
|switch|p1a: Clefable|Clefable, F|100/100|[from]move: Teleport
|
|-weather|Sandstorm|[upkeep]
|upkeep
|turn|36
|
|t:|1605906025
|move|p2a: Tyranitar|Stone Edge|p1a: Clefable
|-damage|p1a: Clefable|36/100
|move|p1a: Clefable|Moonblast|p2a: Tyranitar
|-supereffective|p2a: Tyranitar
|-damage|p2a: Tyranitar|28/100
|
|-weather|Sandstorm|[upkeep]
|-heal|p1a: Clefable|42/100|[from] item: Leftovers
|upkeep
|turn|37
|
|t:|1605906032
|switch|p1a: Hippowdon|Hippowdon, F|49/100
|move|p2a: Tyranitar|Stone Edge|p1a: Hippowdon
|-resisted|p1a: Hippowdon
|-damage|p1a: Hippowdon|17/100
|
|-weather|Sandstorm|[upkeep]
|upkeep
|turn|38
|
|t:|1605906035
|move|p2a: Tyranitar|Stone Edge|p1a: Hippowdon
|-resisted|p1a: Hippowdon
|-crit|p1a: Hippowdon
|-damage|p1a: Hippowdon|0 fnt
|faint|p1a: Hippowdon
|
|-weather|Sandstorm|[upkeep]
|upkeep
|
|t:|1605906040
|switch|p1a: Slowbro|Slowbro, F|81/100 brn
|turn|39
|
|t:|1605906044
|switch|p2a: Magearna|Magearna|57/100
|move|p1a: Slowbro|Scald|p2a: Magearna
|-damage|p2a: Magearna|43/100
|-status|p2a: Magearna|brn
|
|-weather|none
|-damage|p2a: Magearna|36/100 brn|[from] brn
|-damage|p1a: Slowbro|75/100 brn|[from] brn
|upkeep
|turn|40
|
|t:|1605906047
|switch|p1a: Blissey|Blissey, F|100/100
|move|p2a: Magearna|Volt Switch|p1a: Blissey
|-damage|p1a: Blissey|90/100
|
|t:|1605906051
|switch|p2a: Tyranitar|Tyranitar, F|28/100|[from]move: Volt Switch
|-weather|Sandstorm|[from] ability: Sand Stream|[of] p2a: Tyranitar
|
|-weather|Sandstorm|[upkeep]
|-damage|p1a: Blissey|84/100|[from] Sandstorm
|upkeep
|turn|41
|
|t:|1605906054
|switch|p1a: Moltres|Moltres|19/100
|move|p2a: Tyranitar|Superpower|p1a: Moltres
|-resisted|p1a: Moltres
|-damage|p1a: Moltres|0 fnt
|-unboost|p2a: Tyranitar|atk|1
|-unboost|p2a: Tyranitar|def|1
|faint|p1a: Moltres
|
|-weather|Sandstorm|[upkeep]
|upkeep
|
|t:|1605906058
|switch|p1a: Slowbro|Slowbro, F|100/100 brn
|turn|42
|
|t:|1605906062
|switch|p2a: Magearna|Magearna|36/100 brn
|move|p1a: Slowbro|Scald|p2a: Magearna
|-damage|p2a: Magearna|22/100 brn
|
|-weather|Sandstorm|[upkeep]
|-damage|p1a: Slowbro|94/100 brn|[from] Sandstorm
|-damage|p2a: Magearna|16/100 brn|[from] brn
|-damage|p1a: Slowbro|88/100 brn|[from] brn
|upkeep
|turn|43
|
|t:|1605906067
|move|p2a: Magearna|Volt Switch|p1a: Slowbro
|-supereffective|p1a: Slowbro
|-damage|p1a: Slowbro|32/100 brn
|
|t:|1605906069
|switch|p2a: Tyranitar|Tyranitar, F|28/100|[from]move: Volt Switch
|move|p1a: Slowbro|Teleport|p1a: Slowbro
|
|t:|1605906073
|switch|p1a: Urshifu|Urshifu, M|26/100|[from]move: Teleport
|
|-weather|Sandstorm|[upkeep]
|-damage|p1a: Urshifu|20/100|[from] Sandstorm
|upkeep
|turn|44
|
|t:|1605906076
|switch|p2a: Buzzwole|Buzzwole|100/100
|move|p1a: Urshifu|Close Combat|p2a: Buzzwole
|-resisted|p2a: Buzzwole
|-damage|p2a: Buzzwole|78/100
|-unboost|p1a: Urshifu|def|1
|-unboost|p1a: Urshifu|spd|1
|
|-weather|none
|-heal|p2a: Buzzwole|84/100|[from] item: Leftovers
|upkeep
|turn|45
|
|t:|1605906082
|switch|p1a: Clefable|Clefable, F|42/100
|move|p2a: Buzzwole|Earthquake|p1a: Clefable
|-damage|p1a: Clefable|19/100
|
|-heal|p2a: Buzzwole|91/100|[from] item: Leftovers
|-heal|p1a: Clefable|25/100|[from] item: Leftovers
|upkeep
|turn|46
|
|t:|1605906086
|move|p2a: Buzzwole|Earthquake|p1a: Clefable
|-damage|p1a: Clefable|1/100
|move|p1a: Clefable|Soft-Boiled|p1a: Clefable
|-heal|p1a: Clefable|51/100
|
|-heal|p2a: Buzzwole|97/100|[from] item: Leftovers
|-heal|p1a: Clefable|57/100|[from] item: Leftovers
|upkeep
|turn|47
|
|t:|1605906089
|switch|p2a: Excadrill|Excadrill, M|100/100
|move|p1a: Clefable|Flamethrower|p2a: Excadrill
|-supereffective|p2a: Excadrill
|-damage|p2a: Excadrill|46/100
|
|-heal|p2a: Excadrill|52/100|[from] item: Leftovers
|-heal|p1a: Clefable|63/100|[from] item: Leftovers
|upkeep
|turn|48
|
|t:|1605906092
|switch|p1a: Slowbro|Slowbro, F|65/100 brn
|move|p2a: Excadrill|Iron Head|p1a: Slowbro
|-resisted|p1a: Slowbro
|-damage|p1a: Slowbro|52/100 brn
|-damage|p2a: Excadrill|35/100|[from] item: Rocky Helmet|[of] p1a: Slowbro
|
|-heal|p2a: Excadrill|41/100|[from] item: Leftovers
|-damage|p1a: Slowbro|46/100 brn|[from] brn
|upkeep
|turn|49
|
|t:|1605906099
|switch|p2a: Magearna|Magearna|16/100 brn
|move|p1a: Slowbro|Scald|p2a: Magearna
|-damage|p2a: Magearna|0 fnt
|faint|p2a: Magearna
|
|-damage|p1a: Slowbro|40/100 brn|[from] brn
|upkeep
|
|t:|1605906100
|switch|p2a: Tyranitar|Tyranitar, F|28/100
|-weather|Sandstorm|[from] ability: Sand Stream|[of] p2a: Tyranitar
|turn|50
|j| Mehagony
|
|t:|1605906110
|switch|p1a: Blissey|Blissey, F|84/100
|move|p2a: Tyranitar|Crunch|p1a: Blissey
|-damage|p1a: Blissey|20/100
|
|-weather|Sandstorm|[upkeep]
|-damage|p1a: Blissey|14/100|[from] Sandstorm
|upkeep
|turn|51
|
|t:|1605906115
|move|p2a: Tyranitar|Crunch|p1a: Blissey
|-damage|p1a: Blissey|0 fnt
|faint|p1a: Blissey
|
|-weather|Sandstorm|[upkeep]
|upkeep
|
|t:|1605906119
|switch|p1a: Clefable|Clefable, F|63/100
|turn|52
|
|t:|1605906122
|switch|p2a: Excadrill|Excadrill, M|41/100
|move|p1a: Clefable|Moonblast|p2a: Excadrill
|-resisted|p2a: Excadrill
|-damage|p2a: Excadrill|22/100
|
|-weather|Sandstorm|[upkeep]
|-heal|p2a: Excadrill|28/100|[from] item: Leftovers
|-heal|p1a: Clefable|69/100|[from] item: Leftovers
|upkeep
|turn|53
|
|t:|1605906130
|move|p2a: Excadrill|Earthquake|p1a: Clefable
|-crit|p1a: Clefable
|-damage|p1a: Clefable|0 fnt
|faint|p1a: Clefable
|
|-weather|Sandstorm|[upkeep]
|-heal|p2a: Excadrill|34/100|[from] item: Leftovers
|upkeep
|
|t:|1605906141
|switch|p1a: Urshifu|Urshifu, M|20/100
|turn|54
|
|t:|1605906147
|switch|p1a: Slowbro|Slowbro, F|73/100 brn
|move|p2a: Excadrill|Earthquake|p1a: Slowbro
|-damage|p1a: Slowbro|40/100 brn
|
|-weather|none
|-heal|p2a: Excadrill|40/100|[from] item: Leftovers
|-damage|p1a: Slowbro|34/100 brn|[from] brn
|upkeep
|turn|55
|
|t:|1605906150
|move|p2a: Excadrill|Earthquake|p1a: Slowbro
|-damage|p1a: Slowbro|0 fnt
|faint|p1a: Slowbro
|
|-heal|p2a: Excadrill|46/100|[from] item: Leftovers
|upkeep
|-message|70to90gxe forfeited.
|
|win|Contorted Lies
|l|☆70to90gxe
|l|☆Contorted Lies
