|j|☆Oceanix
|j|☆demgeilem
|t:|1667913228
|gametype|singles
|player|p1|Oceanix|palmer|1433
|player|p2|demgeilem|ethan-masters|1482
|teamsize|p1|6
|teamsize|p2|6
|gen|8
|tier|[Gen 8] OU
|rated|
|rule|Sleep Clause Mod: Limit one foe put to sleep
|rule|Species Clause: Limit one of each Pokémon
|rule|OHKO Clause: OHKO moves are banned
|rule|Evasion Items Clause: Evasion items are banned
|rule|Evasion Moves Clause: Evasion moves are banned
|rule|Endless Battle Clause: Forcing endless battles is banned
|rule|HP Percentage Mod: HP is shown in percentages
|rule|Dynamax Clause: You cannot dynamax
|clearpoke
|poke|p1|Dragapult, F|
|poke|p1|Heatran, M|
|poke|p1|Tapu Fini|
|poke|p1|Marowak-Alola, F|
|poke|p1|Crawdaunt, F|
|poke|p1|Ninetales-Alola, M|
|poke|p2|Melmetal|
|poke|p2|Dragapult, F|
|poke|p2|Slowbro, F|
|poke|p2|Clefable, M|
|poke|p2|Landorus-Therian, M|
|poke|p2|Buzzwole|
|teampreview
|inactive|Battle timer is ON: inactive players will automatically lose when time's up. (requested by Oceanix)
|
|t:|1667913246
|start
|switch|p1a: Heatran|Heatran, M|100/100
|switch|p2a: Melmetal|Melmetal|100/100
|turn|1
|
|t:|1667913250
|switch|p2a: Slowbro|Slowbro, F, shiny|100/100
|move|p1a: Heatran|Will-O-Wisp|p2a: Slowbro
|-status|p2a: Slowbro|brn
|
|-damage|p2a: Slowbro|94/100 brn|[from] brn
|upkeep
|turn|2
|
|t:|1667913255
|move|p1a: Heatran|Stealth Rock|p2a: Slowbro
|-sidestart|p2: demgeilem|move: Stealth Rock
|move|p2a: Slowbro|Scald|p1a: Heatran
|-supereffective|p1a: Heatran
|-damage|p1a: Heatran|68/100
|
|-heal|p1a: Heatran|74/100|[from] item: Leftovers
|-damage|p2a: Slowbro|88/100 brn|[from] brn
|upkeep
|turn|3
|
|t:|1667913267
|switch|p1a: Dragapult|Dragapult, F|100/100
|move|p2a: Slowbro|Scald|p1a: Dragapult
|-resisted|p1a: Dragapult
|-damage|p1a: Dragapult|82/100
|
|-damage|p2a: Slowbro|82/100 brn|[from] brn
|upkeep
|turn|4
|
|t:|1667913274
|switch|p2a: Clefable|Clefable, M|100/100
|move|p1a: Dragapult|Hex|p2a: Clefable
|-damage|p2a: Clefable|80/100
|
|-heal|p2a: Clefable|86/100|[from] item: Leftovers
|upkeep
|turn|5
|
|t:|1667913280
|move|p1a: Dragapult|U-turn|p2a: Clefable
|-resisted|p2a: Clefable
|-damage|p2a: Clefable|78/100
|
|t:|1667913284
|switch|p1a: Heatran|Heatran, M|74/100|[from]move: U-turn
|move|p2a: Clefable|Stealth Rock|p1a: Heatran
|-sidestart|p1: Oceanix|move: Stealth Rock
|
|-heal|p1a: Heatran|80/100|[from] item: Leftovers
|-heal|p2a: Clefable|84/100|[from] item: Leftovers
|upkeep
|turn|6
|
|t:|1667913290
|switch|p2a: Slowbro|Slowbro, F, shiny|100/100 brn
|-damage|p2a: Slowbro|88/100 brn|[from] Stealth Rock
|move|p1a: Heatran|Magma Storm|p2a: Slowbro
|-resisted|p2a: Slowbro
|-damage|p2a: Slowbro|65/100 brn
|-activate|p2a: Slowbro|move: Magma Storm|[of] p1a: Heatran
|
|-heal|p1a: Heatran|87/100|[from] item: Leftovers
|-damage|p2a: Slowbro|59/100 brn|[from] brn
|-damage|p2a: Slowbro|47/100 brn|[from] move: Magma Storm|[partiallytrapped]
|upkeep
|turn|7
|
|t:|1667913302
|move|p1a: Heatran|Earth Power|p2a: Slowbro
|-crit|p2a: Slowbro
|-damage|p2a: Slowbro|4/100 brn
|move|p2a: Slowbro|Scald|p1a: Heatran
|-supereffective|p1a: Heatran
|-damage|p1a: Heatran|51/100
|
|-heal|p1a: Heatran|57/100|[from] item: Leftovers
|-damage|p2a: Slowbro|0 fnt|[from] brn
|faint|p2a: Slowbro
|upkeep
|
|t:|1667913310
|switch|p2a: Dragapult|Dragapult, F|100/100
|-damage|p2a: Dragapult|88/100|[from] Stealth Rock
|turn|8
|
|t:|1667913318
|move|p2a: Dragapult|Shadow Ball|p1a: Heatran
|-damage|p1a: Heatran|21/100
|move|p1a: Heatran|Will-O-Wisp|p2a: Dragapult
|-status|p2a: Dragapult|brn
|
|-heal|p1a: Heatran|27/100|[from] item: Leftovers
|-damage|p2a: Dragapult|82/100 brn|[from] brn
|upkeep
|turn|9
|
|t:|1667913323
|move|p2a: Dragapult|Shadow Ball|p1a: Heatran
|-damage|p1a: Heatran|0 fnt
|faint|p1a: Heatran
|
|-damage|p2a: Dragapult|76/100 brn|[from] brn
|upkeep
|
|t:|1667913327
|switch|p1a: Crawdaunt|Crawdaunt, F|100/100
|-damage|p1a: Crawdaunt|88/100|[from] Stealth Rock
|turn|10
|
|t:|1667913332
|switch|p2a: Buzzwole|Buzzwole|100/100
|-damage|p2a: Buzzwole|88/100|[from] Stealth Rock
|move|p1a: Crawdaunt|Knock Off|p2a: Buzzwole
|-resisted|p2a: Buzzwole
|-damage|p2a: Buzzwole|59/100
|-enditem|p2a: Buzzwole|Choice Scarf|[from] move: Knock Off|[of] p1a: Crawdaunt
|-damage|p1a: Crawdaunt|78/100|[from] item: Life Orb
|
|upkeep
|turn|11
|
|t:|1667913346
|switch|p1a: Marowak|Marowak-Alola, F|100/100
|-damage|p1a: Marowak|76/100|[from] Stealth Rock
|move|p2a: Buzzwole|Leech Life|p1a: Marowak
|-resisted|p1a: Marowak
|-damage|p1a: Marowak|62/100
|-heal|p2a: Buzzwole|64/100|[from] drain|[of] p1a: Marowak
|
|upkeep
|turn|12
|
|t:|1667913360
|move|p2a: Buzzwole|Earthquake|p1a: Marowak
|-supereffective|p1a: Marowak
|-damage|p1a: Marowak|0 fnt
|faint|p1a: Marowak
|-ability|p2a: Buzzwole|Beast Boost|boost
|-boost|p2a: Buzzwole|atk|1
|
|upkeep
|
|t:|1667913365
|switch|p1a: Ninetales|Ninetales-Alola, M|100/100
|-damage|p1a: Ninetales|76/100|[from] Stealth Rock
|-weather|Hail|[from] ability: Snow Warning|[of] p1a: Ninetales
|turn|13
|
|t:|1667913371
|switch|p2a: Melmetal|Melmetal|100/100
|-damage|p2a: Melmetal|94/100|[from] Stealth Rock
|move|p1a: Ninetales|Moonblast|p2a: Melmetal
|-resisted|p2a: Melmetal
|-damage|p2a: Melmetal|74/100
|-unboost|p2a: Melmetal|spa|1
|
|-weather|Hail|[upkeep]
|-damage|p2a: Melmetal|68/100|[from] Hail
|upkeep
|turn|14
|
|t:|1667913377
|move|p1a: Ninetales|Aurora Veil|p1a: Ninetales
|-sidestart|p1: Oceanix|move: Aurora Veil
|move|p2a: Melmetal|Double Iron Bash|p1a: Ninetales
|-supereffective|p1a: Ninetales
|-damage|p1a: Ninetales|0 fnt
|faint|p1a: Ninetales
|-hitcount|p1: Ninetales|1
|
|-weather|Hail|[upkeep]
|-damage|p2a: Melmetal|62/100|[from] Hail
|upkeep
|
|t:|1667913383
|switch|p1a: Dragapult|Dragapult, F|82/100
|turn|15
|
|t:|1667913388
|switch|p2a: Clefable|Clefable, M|84/100
|move|p1a: Dragapult|Will-O-Wisp|p2a: Clefable
|-status|p2a: Clefable|brn
|
|-weather|Hail|[upkeep]
|-damage|p1a: Dragapult|76/100|[from] Hail
|-heal|p2a: Clefable|90/100 brn|[from] item: Leftovers
|upkeep
|turn|16
|
|t:|1667913397
|move|p1a: Dragapult|Hex|p2a: Clefable
|-damage|p2a: Clefable|48/100 brn
|move|p2a: Clefable|Soft-Boiled|p2a: Clefable
|-heal|p2a: Clefable|98/100 brn
|
|-weather|Hail|[upkeep]
|-damage|p1a: Dragapult|70/100|[from] Hail
|-heal|p2a: Clefable|100/100 brn|[from] item: Leftovers
|upkeep
|turn|17
|
|t:|1667913406
|move|p1a: Dragapult|U-turn|p2a: Clefable
|-resisted|p2a: Clefable
|-damage|p2a: Clefable|92/100 brn
|
|t:|1667913409
|switch|p1a: Tapu Fini|Tapu Fini|100/100|[from]move: U-turn
|-damage|p1a: Tapu Fini|88/100|[from] Stealth Rock
|-fieldstart|move: Misty Terrain|[from] ability: Misty Surge|[of] p1a: Tapu Fini
|move|p2a: Clefable|Soft-Boiled|p2a: Clefable
|-heal|p2a: Clefable|100/100 brn
|
|-weather|none
|-heal|p1a: Tapu Fini|94/100|[from] item: Leftovers
|upkeep
|turn|18
|
|t:|1667913416
|move|p1a: Tapu Fini|Calm Mind|p1a: Tapu Fini
|-boost|p1a: Tapu Fini|spa|1
|-boost|p1a: Tapu Fini|spd|1
|move|p2a: Clefable|Wish|p2a: Clefable
|
|-heal|p1a: Tapu Fini|100/100|[from] item: Leftovers
|upkeep
|turn|19
|
|t:|1667913421
|switch|p2a: Melmetal|Melmetal|62/100
|-damage|p2a: Melmetal|56/100|[from] Stealth Rock
|move|p1a: Tapu Fini|Substitute|p1a: Tapu Fini
|-start|p1a: Tapu Fini|Substitute
|-damage|p1a: Tapu Fini|76/100
|
|-heal|p2a: Melmetal|100/100|[from] move: Wish|[wisher] Clefable
|-heal|p1a: Tapu Fini|82/100|[from] item: Leftovers
|upkeep
|turn|20
|
|t:|1667913428
|move|p1a: Tapu Fini|Surf|p2a: Melmetal
|-damage|p2a: Melmetal|32/100
|move|p2a: Melmetal|Double Iron Bash|p1a: Tapu Fini
|-end|p1a: Tapu Fini|Substitute
|-damage|p1a: Tapu Fini|50/100
|-hitcount|p1a: Tapu Fini|2
|
|-heal|p1a: Tapu Fini|56/100|[from] item: Leftovers
|upkeep
|turn|21
|
|t:|1667913437
|move|p1a: Tapu Fini|Surf|p2a: Melmetal
|-damage|p2a: Melmetal|0 fnt
|faint|p2a: Melmetal
|
|-heal|p1a: Tapu Fini|63/100|[from] item: Leftovers
|-sideend|p1: Oceanix|move: Aurora Veil
|-fieldend|Misty Terrain
|upkeep
|
|t:|1667913443
|switch|p2a: Landorus|Landorus-Therian, M|100/100
|-damage|p2a: Landorus|88/100|[from] Stealth Rock
|-ability|p2a: Landorus|Intimidate|boost
|-unboost|p1a: Tapu Fini|atk|1
|turn|22
|
|t:|1667913457
|move|p1a: Tapu Fini|Draining Kiss|p2a: Landorus
|-damage|p2a: Landorus|61/100
|-heal|p1a: Tapu Fini|85/100|[from] drain|[of] p2a: Landorus
|move|p2a: Landorus|Earthquake|p1a: Tapu Fini
|-damage|p1a: Tapu Fini|40/100
|
|-heal|p1a: Tapu Fini|47/100|[from] item: Leftovers
|-heal|p2a: Landorus|68/100|[from] item: Leftovers
|upkeep
|turn|23
|
|t:|1667913466
|move|p1a: Tapu Fini|Surf|p2a: Landorus
|-supereffective|p2a: Landorus
|-damage|p2a: Landorus|0 fnt
|faint|p2a: Landorus
|
|-heal|p1a: Tapu Fini|53/100|[from] item: Leftovers
|upkeep
|
|t:|1667913474
|switch|p2a: Clefable|Clefable, M|100/100 brn
|turn|24
|
|t:|1667913482
|move|p1a: Tapu Fini|Substitute|p1a: Tapu Fini
|-start|p1a: Tapu Fini|Substitute
|-damage|p1a: Tapu Fini|28/100
|move|p2a: Clefable|Moonblast|p1a: Tapu Fini
|-activate|p1a: Tapu Fini|move: Substitute|[damage]
|
|-heal|p1a: Tapu Fini|34/100|[from] item: Leftovers
|upkeep
|turn|25
|
|t:|1667913487
|move|p1a: Tapu Fini|Calm Mind|p1a: Tapu Fini
|-boost|p1a: Tapu Fini|spa|1
|-boost|p1a: Tapu Fini|spd|1
|move|p2a: Clefable|Moonblast|p1a: Tapu Fini
|-end|p1a: Tapu Fini|Substitute
|
|-heal|p1a: Tapu Fini|40/100|[from] item: Leftovers
|upkeep
|turn|26
|
|t:|1667913494
|switch|p2a: Dragapult|Dragapult, F|76/100 brn
|-damage|p2a: Dragapult|64/100 brn|[from] Stealth Rock
|move|p1a: Tapu Fini|Substitute|p1a: Tapu Fini
|-start|p1a: Tapu Fini|Substitute
|-damage|p1a: Tapu Fini|15/100
|
|-heal|p1a: Tapu Fini|21/100|[from] item: Leftovers
|-damage|p2a: Dragapult|58/100 brn|[from] brn
|upkeep
|turn|27
|
|t:|1667913500
|move|p2a: Dragapult|Shadow Ball|p1a: Tapu Fini
|-damage|p1a: Tapu Fini|0 fnt
|faint|p1a: Tapu Fini
|
|-damage|p2a: Dragapult|52/100 brn|[from] brn
|upkeep
|
|t:|1667913513
|switch|p1a: Dragapult|Dragapult, F|70/100
|turn|28
|
|t:|1667913519
|move|p1a: Dragapult|Hex|p2a: Dragapult
|-supereffective|p2a: Dragapult
|-damage|p2a: Dragapult|0 fnt
|faint|p2a: Dragapult
|
|upkeep
|
|t:|1667913522
|switch|p2a: Clefable|Clefable, M|100/100 brn
|turn|29
|
|t:|1667913527
|move|p1a: Dragapult|Hex|p2a: Clefable
|-damage|p2a: Clefable|62/100 brn
|move|p2a: Clefable|Moonblast|p1a: Dragapult
|-supereffective|p1a: Dragapult
|-damage|p1a: Dragapult|0 fnt
|faint|p1a: Dragapult
|
|-heal|p2a: Clefable|68/100 brn|[from] item: Leftovers
|upkeep
|
|t:|1667913532
|switch|p1a: Crawdaunt|Crawdaunt, F|78/100
|-damage|p1a: Crawdaunt|66/100|[from] Stealth Rock
|turn|30
|
|t:|1667913535
|move|p1a: Crawdaunt|Dragon Dance|p1a: Crawdaunt
|-boost|p1a: Crawdaunt|atk|1
|-boost|p1a: Crawdaunt|spe|1
|move|p2a: Clefable|Moonblast|p1a: Crawdaunt
|-supereffective|p1a: Crawdaunt
|-damage|p1a: Crawdaunt|0 fnt
|faint|p1a: Crawdaunt
|
|win|demgeilem
|raw|Oceanix's rating: 1433 &rarr; <strong>1416</strong><br />(-17 for losing)
|raw|demgeilem's rating: 1482 &rarr; <strong>1499</strong><br />(+17 for winning)
|l|☆Oceanix
