|raw|<div class="broadcast-blue"><strong>This battle is required to be public due to a player having a name starting with 'lt93oq'.</div>
|j|☆LT93OQ Dasmer
|j|☆Coach Jones 6fifth
|t:|1660395479
|gametype|singles
|player|p1|LT93OQ Dasmer|rei|1837
|player|p2|Coach Jones 6fifth|lusamine-nihilego|1874
|teamsize|p1|6
|teamsize|p2|6
|gen|8
|tier|[Gen 8] OU
|rated|
|rule|Sleep Clause Mod: Limit one foe put to sleep
|rule|Species Clause: Limit one of each Pokémon
|rule|OHKO Clause: OHKO moves are banned
|rule|Evasion Items Clause: Evasion items are banned
|rule|Evasion Moves Clause: Evasion moves are banned
|rule|Endless Battle Clause: Forcing endless battles is banned
|rule|HP Percentage Mod: HP is shown in percentages
|rule|Dynamax Clause: You cannot dynamax
|clearpoke
|poke|p1|Garchomp, M|
|poke|p1|Kartana|
|poke|p1|Slowbro, M|
|poke|p1|Weavile, F|
|poke|p1|Heatran, F|
|poke|p1|Zapdos|
|poke|p2|Crawdaunt, M|
|poke|p2|Pelipper, M|
|poke|p2|Seismitoad, M|
|poke|p2|Tornadus-Therian, M|
|poke|p2|Ferrothorn, F|
|poke|p2|Zapdos|
|teampreview
|
|t:|1660395488
|start
|switch|p1a: Zapdos|Zapdos|100/100
|switch|p2a: Pete|Pelipper, M|100/100
|-weather|RainDance|[from] ability: Drizzle|[of] p2a: Pete
|turn|1
|
|t:|1660395491
|switch|p2a: Zapdos|Zapdos|100/100
|move|p1a: Zapdos|Hurricane|p2a: Zapdos
|-resisted|p2a: Zapdos
|-damage|p2a: Zapdos|73/100
|
|-weather|RainDance|[upkeep]
|upkeep
|turn|2
|
|t:|1660395498
|move|p2a: Zapdos|Volt Switch|p1a: Zapdos
|-damage|p1a: Zapdos|68/100
|
|t:|1660395499
|switch|p2a: Seismitoad|Seismitoad, M|100/100|[from]move: Volt Switch
|move|p1a: Zapdos|Discharge|p2a: Seismitoad
|-immune|p2a: Seismitoad
|
|-weather|RainDance|[upkeep]
|upkeep
|turn|3
|
|t:|1660395504
|switch|p1a: Slowbro|Slowbro, M|100/100
|move|p2a: Seismitoad|Weather Ball|p1a: Slowbro
|-resisted|p1a: Slowbro
|-damage|p1a: Slowbro|51/100
|
|-weather|RainDance|[upkeep]
|upkeep
|turn|4
|
|t:|1660395509
|move|p2a: Seismitoad|Weather Ball|p1a: Slowbro
|-resisted|p1a: Slowbro
|-damage|p1a: Slowbro|4/100
|move|p1a: Slowbro|Slack Off|p1a: Slowbro
|-heal|p1a: Slowbro|54/100
|
|-weather|RainDance|[upkeep]
|upkeep
|turn|5
|
|t:|1660395512
|move|p2a: Seismitoad|Weather Ball|p1a: Slowbro
|-resisted|p1a: Slowbro
|-damage|p1a: Slowbro|1/100
|move|p1a: Slowbro|Slack Off|p1a: Slowbro
|-heal|p1a: Slowbro|51/100
|
|-weather|RainDance|[upkeep]
|upkeep
|turn|6
|j| just nimmemja
|
|t:|1660395514
|move|p2a: Seismitoad|Weather Ball|p1a: Slowbro
|-resisted|p1a: Slowbro
|-damage|p1a: Slowbro|0 fnt
|faint|p1a: Slowbro
|
|-weather|RainDance|[upkeep]
|upkeep
|
|t:|1660395518
|switch|p1a: Garchomp|Garchomp, M|100/100
|turn|7
|
|t:|1660395521
|move|p1a: Garchomp|Protect|p1a: Garchomp
|-singleturn|p1a: Garchomp|Protect
|move|p2a: Seismitoad|Weather Ball|p1a: Garchomp
|-activate|p1a: Garchomp|move: Protect
|
|-weather|RainDance|[upkeep]
|upkeep
|turn|8
|
|t:|1660395523
|switch|p2a: Ferrothorn|Ferrothorn, F, shiny|100/100
|move|p1a: Garchomp|Earthquake|p2a: Ferrothorn
|-damage|p2a: Ferrothorn|76/100
|
|-weather|none
|-heal|p2a: Ferrothorn|82/100|[from] item: Leftovers
|upkeep
|turn|9
|
|t:|1660395527
|move|p1a: Garchomp|Stealth Rock|p2a: Ferrothorn
|-sidestart|p2: Coach Jones 6fifth|move: Stealth Rock
|move|p2a: Ferrothorn|Toxic|p1a: Garchomp
|-status|p1a: Garchomp|tox
|
|-heal|p2a: Ferrothorn|88/100|[from] item: Leftovers
|-damage|p1a: Garchomp|94/100 tox|[from] psn
|upkeep
|turn|10
|
|t:|1660395531
|switch|p1a: Heatran|Heatran, F|100/100
|move|p2a: Ferrothorn|Stealth Rock|p1a: Heatran
|-sidestart|p1: LT93OQ Dasmer|move: Stealth Rock
|
|-heal|p2a: Ferrothorn|95/100|[from] item: Leftovers
|upkeep
|turn|11
|
|t:|1660395533
|switch|p2a: Pete|Pelipper, M|100/100
|-damage|p2a: Pete|76/100|[from] Stealth Rock
|-weather|RainDance|[from] ability: Drizzle|[of] p2a: Pete
|move|p1a: Heatran|Magma Storm|p2a: Pete
|-resisted|p2a: Pete
|-damage|p2a: Pete|61/100
|-activate|p2a: Pete|move: Magma Storm|[of] p1a: Heatran
|
|-weather|RainDance|[upkeep]
|-damage|p2a: Pete|49/100|[from] move: Magma Storm|[partiallytrapped]
|upkeep
|turn|12
|
|t:|1660395536
|move|p1a: Heatran|Toxic|p2a: Pete|[miss]
|-miss|p1a: Heatran|p2a: Pete
|move|p2a: Pete|Roost|p2a: Pete
|-heal|p2a: Pete|99/100
|-singleturn|p2a: Pete|move: Roost
|
|-weather|RainDance|[upkeep]
|-damage|p2a: Pete|87/100|[from] move: Magma Storm|[partiallytrapped]
|upkeep
|turn|13
|
|t:|1660395539
|move|p1a: Heatran|Toxic|p2a: Pete
|-status|p2a: Pete|tox
|move|p2a: Pete|U-turn|p1a: Heatran
|-resisted|p1a: Heatran
|-damage|p1a: Heatran|99/100
|
|t:|1660395541
|switch|p2a: Seismitoad|Seismitoad, M|100/100|[from]move: U-turn
|-damage|p2a: Seismitoad|95/100|[from] Stealth Rock
|
|-weather|RainDance|[upkeep]
|-heal|p1a: Heatran|100/100|[from] item: Leftovers
|upkeep
|turn|14
|
|t:|1660395546
|move|p2a: Seismitoad|Weather Ball|p1a: Heatran
|-supereffective|p1a: Heatran
|-damage|p1a: Heatran|0 fnt
|faint|p1a: Heatran
|
|-weather|RainDance|[upkeep]
|upkeep
|
|t:|1660395549
|switch|p1a: Garchomp|Garchomp, M|94/100 tox
|-damage|p1a: Garchomp|88/100 tox|[from] Stealth Rock
|turn|15
|j| climatechange=hoax
|
|t:|1660395553
|switch|p2a: Ferrothorn|Ferrothorn, F, shiny|95/100
|-damage|p2a: Ferrothorn|88/100|[from] Stealth Rock
|move|p1a: Garchomp|Earthquake|p2a: Ferrothorn
|-damage|p2a: Ferrothorn|61/100
|
|-weather|RainDance|[upkeep]
|-heal|p1a: Garchomp|94/100 tox|[from] item: Leftovers
|-heal|p2a: Ferrothorn|67/100|[from] item: Leftovers
|-damage|p1a: Garchomp|88/100 tox|[from] psn
|upkeep
|turn|16
|j| Aerinidous
|
|t:|1660395564
|move|p1a: Garchomp|Earthquake|p2a: Ferrothorn
|-damage|p2a: Ferrothorn|41/100
|move|p2a: Ferrothorn|Leech Seed|p1a: Garchomp|[miss]
|-miss|p2a: Ferrothorn|p1a: Garchomp
|
|-weather|RainDance|[upkeep]
|-heal|p1a: Garchomp|94/100 tox|[from] item: Leftovers
|-heal|p2a: Ferrothorn|47/100|[from] item: Leftovers
|-damage|p1a: Garchomp|82/100 tox|[from] psn
|upkeep
|turn|17
|
|t:|1660395567
|switch|p1a: Kartana|Kartana|100/100
|-damage|p1a: Kartana|94/100|[from] Stealth Rock
|move|p2a: Ferrothorn|Leech Seed|p1a: Kartana
|-immune|p1a: Kartana
|
|-weather|RainDance|[upkeep]
|-heal|p2a: Ferrothorn|53/100|[from] item: Leftovers
|upkeep
|turn|18
|
|t:|1660395573
|switch|p2a: Zapdos|Zapdos|73/100
|move|p1a: Kartana|Knock Off|p2a: Zapdos
|-damage|p2a: Zapdos|0 fnt
|-enditem|p2a: Zapdos|Heavy-Duty Boots|[from] move: Knock Off|[of] p1a: Kartana
|faint|p2a: Zapdos
|-ability|p1a: Kartana|Beast Boost|boost
|-boost|p1a: Kartana|atk|1
|
|-weather|none
|upkeep
|
|t:|1660395577
|switch|p2a: Tornadus|Tornadus-Therian, M|100/100
|-damage|p2a: Tornadus|76/100|[from] Stealth Rock
|turn|19
|
|t:|1660395579
|move|p2a: Tornadus|Hurricane|p1a: Kartana
|-damage|p1a: Kartana|0 fnt
|faint|p1a: Kartana
|
|upkeep
|
|t:|1660395582
|switch|p1a: Weavile|Weavile, F|100/100
|-ability|p1a: Weavile|Pressure
|turn|20
|
|t:|1660395585
|move|p1a: Weavile|Swords Dance|p1a: Weavile
|-boost|p1a: Weavile|atk|2
|move|p2a: Tornadus|U-turn|p1a: Weavile
|-supereffective|p1a: Weavile
|-damage|p1a: Weavile|54/100
|
|t:|1660395587
|switch|p2a: Crawdaunt|Crawdaunt, M|100/100|[from]move: U-turn
|-damage|p2a: Crawdaunt|88/100|[from] Stealth Rock
|
|upkeep
|turn|21
|
|t:|1660395589
|move|p2a: Crawdaunt|Aqua Jet|p1a: Weavile
|-crit|p1a: Weavile
|-damage|p1a: Weavile|0 fnt
|faint|p1a: Weavile
|-damage|p2a: Crawdaunt|78/100|[from] item: Life Orb
|
|upkeep
|-message|LT93OQ Dasmer forfeited.
|
|win|Coach Jones 6fifth
|raw|LT93OQ Dasmer's rating: 1837 &rarr; <strong>1819</strong><br />(-18 for losing)
|raw|Coach Jones 6fifth's rating: 1874 &rarr; <strong>1892</strong><br />(+18 for winning)
|l|☆LT93OQ Dasmer
|l|☆Coach Jones 6fifth
|j|☆Coach Jones 6fifth
|player|p2|Coach Jones 6fifth|lusamine-nihilego
|l|☆Coach Jones 6fifth
|player|p2|
||Ladder isn't responding, score probably updated but might not have (Request timeout).
