|raw|<div class="broadcast-blue"><strong>This battle is required to be public due to a player having a name starting with 'lt92pf'.</div>
|j|☆lt92pf qrts
|j|‽kinetic chain
|t:|1659990868
|gametype|singles
|player|p1|lt92pf qrts|drayden|1795
|player|p2|kinetic chain|giovanni-gen1|1902
|teamsize|p1|6
|teamsize|p2|6
|gen|8
|tier|[Gen 8] OU
|rated|
|rule|Sleep Clause Mod: Limit one foe put to sleep
|rule|Species Clause: Limit one of each Pokémon
|rule|OHKO Clause: OHKO moves are banned
|rule|Evasion Items Clause: Evasion items are banned
|rule|Evasion Moves Clause: Evasion moves are banned
|rule|Endless Battle Clause: Forcing endless battles is banned
|rule|HP Percentage Mod: HP is shown in percentages
|rule|Dynamax Clause: You cannot dynamax
|clearpoke
|poke|p1|Dragapult, F|
|poke|p1|Zapdos|
|poke|p1|Melmetal|
|poke|p1|Weavile, M|
|poke|p1|Garchomp, M|
|poke|p1|Volcanion|
|poke|p2|Heracross, M|
|poke|p2|Clefable, M|
|poke|p2|Dragapult, M|
|poke|p2|Landorus-Therian, M|
|poke|p2|Rotom-Wash|
|poke|p2|Ferrothorn, F|
|teampreview
|inactive|Battle timer is ON: inactive players will automatically lose when time's up. (requested by kinetic chain)
|j| youssef4871
|l| youssef4871
|j| Arcadian Fields
|
|t:|1659990907
|start
|switch|p1a: WINNIE POOH|Volcanion|100/100
|switch|p2a: Clefable|Clefable, M|100/100
|turn|1
|j| Keblar
|
|t:|1659990913
|switch|p2a: Rotom|Rotom-Wash|100/100
|move|p1a: WINNIE POOH|Overheat|p2a: Rotom
|-resisted|p2a: Rotom
|-damage|p2a: Rotom|70/100
|-unboost|p1a: WINNIE POOH|spa|2
|-enditem|p1a: WINNIE POOH|Eject Pack
|
|t:|1659990917
|switch|p1a: SEMBRO UNA DONNA|Weavile, M, shiny|100/100
|-ability|p1a: SEMBRO UNA DONNA|Pressure
|
|-heal|p2a: Rotom|76/100|[from] item: Leftovers
|upkeep
|turn|2
|
|t:|1659990921
|switch|p2a: Ferrothorn|Ferrothorn, F|100/100
|move|p1a: SEMBRO UNA DONNA|Beat Up|p2a: Ferrothorn
|-damage|p2a: Ferrothorn|92/100
|-damage|p2a: Ferrothorn|85/100
|-damage|p2a: Ferrothorn|75/100
|-damage|p2a: Ferrothorn|67/100
|-damage|p2a: Ferrothorn|57/100
|-damage|p2a: Ferrothorn|48/100
|-hitcount|p2a: Ferrothorn|6
|
|-heal|p2a: Ferrothorn|54/100|[from] item: Leftovers
|upkeep
|turn|3
|j| yop on the flux
|j| kfnkfalfn
|
|t:|1659990933
|switch|p1a: WINNIE POOH|Volcanion|100/100
|move|p2a: Ferrothorn|Stealth Rock|p1a: WINNIE POOH
|-sidestart|p1: lt92pf qrts|move: Stealth Rock
|
|-heal|p2a: Ferrothorn|60/100|[from] item: Leftovers
|upkeep
|turn|4
|
|t:|1659990937
|switch|p2a: Rotom|Rotom-Wash|76/100
|move|p1a: WINNIE POOH|Defog|p2a: Rotom
|-unboost|p2a: Rotom|evasion|1
|-sideend|p1: lt92pf qrts|Stealth Rock|[from] move: Defog|[of] p1a: WINNIE POOH
|
|-heal|p2a: Rotom|82/100|[from] item: Leftovers
|upkeep
|turn|5
|j| pepsi
|
|t:|1659990944
|move|p1a: WINNIE POOH|Steam Eruption|p2a: Rotom
|-resisted|p2a: Rotom
|-damage|p2a: Rotom|58/100
|move|p2a: Rotom|Hydro Pump|p1a: WINNIE POOH
|-immune|p1a: WINNIE POOH|[from] ability: Water Absorb
|
|-heal|p2a: Rotom|64/100|[from] item: Leftovers
|upkeep
|turn|6
|j| regnite ◕‿◕
|
|t:|1659990953
|switch|p1a: CARAMELLE|Garchomp, M|100/100
|move|p2a: Rotom|Pain Split|p1a: CARAMELLE
|-sethp|p1a: CARAMELLE|78/100|[from] move: Pain Split|[silent]
|-sethp|p2a: Rotom|91/100|[from] move: Pain Split
|
|-heal|p2a: Rotom|97/100|[from] item: Leftovers
|upkeep
|turn|7
|l| pepsi
|
|t:|1659990963
|switch|p2a: Heracross|Heracross, M|100/100
|move|p1a: CARAMELLE|Stealth Rock|p2a: Heracross
|-sidestart|p2: kinetic chain|move: Stealth Rock
|
|-status|p2a: Heracross|brn|[from] item: Flame Orb
|upkeep
|turn|8
|j| LT91BB Livio
|j| LT92PF Black Lotus
|l| LT91BB Livio
|
|t:|1659990974
|move|p1a: CARAMELLE|Stone Edge|p2a: Heracross|[miss]
|-miss|p1a: CARAMELLE|p2a: Heracross
|move|p2a: Heracross|Knock Off|p1a: CARAMELLE
|-damage|p1a: CARAMELLE|26/100
|-damage|p2a: Heracross|88/100 brn|[from] ability: Rough Skin|[of] p1a: CARAMELLE
|-enditem|p1a: CARAMELLE|Roseli Berry|[from] move: Knock Off|[of] p2a: Heracross
|
|-damage|p2a: Heracross|82/100 brn|[from] brn
|upkeep
|turn|9
|j| winston4l
|
|t:|1659990979
|move|p1a: CARAMELLE|Stone Edge|p2a: Heracross
|-damage|p2a: Heracross|34/100 brn
|move|p2a: Heracross|Knock Off|p1a: CARAMELLE
|-damage|p1a: CARAMELLE|0 fnt
|-damage|p2a: Heracross|22/100 brn|[from] ability: Rough Skin|[of] p1a: CARAMELLE
|faint|p1a: CARAMELLE
|
|-damage|p2a: Heracross|16/100 brn|[from] brn
|upkeep
|
|t:|1659990987
|switch|p1a: SIAMO LA MODA|Dragapult, F|100/100
|turn|10
|
|t:|1659990995
|move|p1a: SIAMO LA MODA|Shadow Ball|p2a: Heracross
|-damage|p2a: Heracross|0 fnt
|faint|p2a: Heracross
|
|upkeep
|
|t:|1659990999
|switch|p2a: Clefable|Clefable, M|100/100
|turn|11
|
|t:|1659991004
|switch|p1a: CHI CI ODIA|Melmetal|100/100
|move|p2a: Clefable|Thunder Wave|p1a: CHI CI ODIA
|-status|p1a: CHI CI ODIA|par
|
|upkeep
|turn|12
|
|t:|1659991011
|move|p2a: Clefable|Moonblast|p1a: CHI CI ODIA
|-resisted|p1a: CHI CI ODIA
|-damage|p1a: CHI CI ODIA|87/100 par
|move|p1a: CHI CI ODIA|Double Iron Bash|p2a: Clefable
|-supereffective|p2a: Clefable
|-damage|p2a: Clefable|38/100
|-damage|p1a: CHI CI ODIA|71/100 par|[from] item: Rocky Helmet|[of] p2a: Clefable
|-supereffective|p2a: Clefable
|-damage|p2a: Clefable|0 fnt
|-damage|p1a: CHI CI ODIA|54/100 par|[from] item: Rocky Helmet|[of] p2a: Clefable
|faint|p2a: Clefable
|-hitcount|p2: Clefable|2
|
|-heal|p1a: CHI CI ODIA|60/100 par|[from] item: Leftovers
|upkeep
|
|t:|1659991019
|switch|p2a: Rotom|Rotom-Wash|97/100
|-damage|p2a: Rotom|85/100|[from] Stealth Rock
|turn|13
|
|t:|1659991026
|move|p2a: Rotom|Defog|p1a: CHI CI ODIA
|-unboost|p1a: CHI CI ODIA|evasion|1
|-sideend|p2: kinetic chain|Stealth Rock|[from] move: Defog|[of] p2a: Rotom
|move|p1a: CHI CI ODIA|Toxic|p2a: Rotom|[miss]
|-miss|p1a: CHI CI ODIA|p2a: Rotom
|
|-heal|p2a: Rotom|91/100|[from] item: Leftovers
|-heal|p1a: CHI CI ODIA|67/100 par|[from] item: Leftovers
|upkeep
|turn|14
|
|t:|1659991033
|move|p2a: Rotom|Volt Switch|p1a: CHI CI ODIA
|-damage|p1a: CHI CI ODIA|43/100 par
|
|t:|1659991035
|switch|p2a: Ferrothorn|Ferrothorn, F|60/100|[from]move: Volt Switch
|move|p1a: CHI CI ODIA|Toxic|p2a: Ferrothorn
|-immune|p2a: Ferrothorn
|
|-heal|p2a: Ferrothorn|66/100|[from] item: Leftovers
|-heal|p1a: CHI CI ODIA|50/100 par|[from] item: Leftovers
|upkeep
|turn|15
|
|t:|1659991040
|switch|p1a: SIAMO LA MAFIA|Zapdos|100/100
|move|p2a: Ferrothorn|Stealth Rock|p1a: SIAMO LA MAFIA
|-sidestart|p1: lt92pf qrts|move: Stealth Rock
|
|-heal|p2a: Ferrothorn|72/100|[from] item: Leftovers
|upkeep
|turn|16
|
|t:|1659991044
|switch|p2a: Rotom|Rotom-Wash|91/100
|move|p1a: SIAMO LA MAFIA|Hurricane|p2a: Rotom
|-resisted|p2a: Rotom
|-damage|p2a: Rotom|70/100
|
|-heal|p2a: Rotom|76/100|[from] item: Leftovers
|upkeep
|turn|17
|
|t:|1659991055
|move|p1a: SIAMO LA MAFIA|Volt Switch|p2a: Rotom
|-damage|p2a: Rotom|46/100
|
|t:|1659991056
|switch|p1a: SIAMO LA MODA|Dragapult, F|100/100|[from]move: Volt Switch
|-damage|p1a: SIAMO LA MODA|88/100|[from] Stealth Rock
|move|p2a: Rotom|Pain Split|p1a: SIAMO LA MODA
|-sethp|p1a: SIAMO LA MODA|66/100|[from] move: Pain Split|[silent]
|-sethp|p2a: Rotom|69/100|[from] move: Pain Split
|
|-heal|p2a: Rotom|75/100|[from] item: Leftovers
|upkeep
|turn|18
|j| lt92pf ruby
|l| winston4l
|j| rheysali
|
|t:|1659991071
|move|p1a: SIAMO LA MODA|Draco Meteor|p2a: Rotom
|-damage|p2a: Rotom|9/100
|-unboost|p1a: SIAMO LA MODA|spa|2
|move|p2a: Rotom|Volt Switch|p1a: SIAMO LA MODA
|-resisted|p1a: SIAMO LA MODA
|-damage|p1a: SIAMO LA MODA|50/100
|j| youssef4871
|l| youssef4871
|j|@ironwater
|inactive|kinetic chain has 120 seconds left.
|
|t:|1659991103
|switch|p2a: Landorus|Landorus-Therian, M|100/100|[from]move: Volt Switch
|-ability|p2a: Landorus|Intimidate|boost
|-unboost|p1a: SIAMO LA MODA|atk|1
|
|upkeep
|turn|19
|j| Phxo'
|inactive|kinetic chain has 120 seconds left.
|
|t:|1659991128
|switch|p1a: CHI CI ODIA|Melmetal|50/100 par
|-damage|p1a: CHI CI ODIA|43/100 par|[from] Stealth Rock
|move|p2a: Landorus|Smack Down|p1a: CHI CI ODIA
|-resisted|p1a: CHI CI ODIA
|-damage|p1a: CHI CI ODIA|38/100 par
|
|-heal|p1a: CHI CI ODIA|45/100 par|[from] item: Leftovers
|upkeep
|turn|20
|inactive|kinetic chain has 120 seconds left.
|
|t:|1659991145
|move|p2a: Landorus|Earthquake|p1a: CHI CI ODIA
|-supereffective|p1a: CHI CI ODIA
|-damage|p1a: CHI CI ODIA|0 fnt
|faint|p1a: CHI CI ODIA
|
|upkeep
|
|t:|1659991148
|switch|p1a: SEMBRO UNA DONNA|Weavile, M, shiny|100/100
|-damage|p1a: SEMBRO UNA DONNA|76/100|[from] Stealth Rock
|-ability|p1a: SEMBRO UNA DONNA|Pressure
|turn|21
|inactive|kinetic chain has 120 seconds left.
|inactive|kinetic chain has 90 seconds left.
|
|t:|1659991193
|switch|p2a: Ferrothorn|Ferrothorn, F|72/100
|move|p1a: SEMBRO UNA DONNA|Triple Axel|p2a: Ferrothorn
|-damage|p2a: Ferrothorn|62/100
|-damage|p1a: SEMBRO UNA DONNA|63/100|[from] ability: Iron Barbs|[of] p2a: Ferrothorn
|-damage|p2a: Ferrothorn|43/100
|-damage|p1a: SEMBRO UNA DONNA|51/100|[from] ability: Iron Barbs|[of] p2a: Ferrothorn
|-hitcount|p2a: Ferrothorn|2
|
|-heal|p2a: Ferrothorn|49/100|[from] item: Leftovers
|upkeep
|turn|22
|inactive|kinetic chain has 90 seconds left.
|inactive|kinetic chain has 60 seconds left.
|
|t:|1659991233
|switch|p1a: WINNIE POOH|Volcanion|100/100
|-damage|p1a: WINNIE POOH|76/100|[from] Stealth Rock
|switch|p2a: Landorus|Landorus-Therian, M|100/100
|-ability|p2a: Landorus|Intimidate|boost
|-unboost|p1a: WINNIE POOH|atk|1
|
|upkeep
|turn|23
|inactive|kinetic chain has 60 seconds left.
|j| neunblattdorf
|
|t:|1659991266
|switch|p1a: SIAMO LA MAFIA|Zapdos|100/100
|move|p2a: Landorus|Earthquake|p1a: SIAMO LA MAFIA
|-immune|p1a: SIAMO LA MAFIA
|
|upkeep
|turn|24
|
|t:|1659991271
|move|p2a: Landorus|Smack Down|p1a: SIAMO LA MAFIA
|-supereffective|p1a: SIAMO LA MAFIA
|-damage|p1a: SIAMO LA MAFIA|65/100
|-start|p1a: SIAMO LA MAFIA|Smack Down
|move|p1a: SIAMO LA MAFIA|Hurricane|p2a: Landorus|[miss]
|-miss|p1a: SIAMO LA MAFIA|p2a: Landorus
|
|upkeep
|turn|25
|
|t:|1659991296
|switch|p1a: WINNIE POOH|Volcanion|76/100
|-damage|p1a: WINNIE POOH|51/100|[from] Stealth Rock
|move|p2a: Landorus|Earthquake|p1a: WINNIE POOH
|-supereffective|p1a: WINNIE POOH
|-damage|p1a: WINNIE POOH|0 fnt
|faint|p1a: WINNIE POOH
|
|upkeep
|
|t:|1659991298
|switch|p1a: SIAMO LA MODA|Dragapult, F|50/100
|-damage|p1a: SIAMO LA MODA|38/100|[from] Stealth Rock
|turn|26
|l| neunblattdorf
|j| pepsi
|inactive|kinetic chain has 60 seconds left.
|l| pepsi
|inactive|lt92pf qrts has 120 seconds left.
|inactive|kinetic chain has 30 seconds left.
|inactive|kinetic chain has 20 seconds left.
|inactive|lt92pf qrts has 90 seconds left.
|inactive|kinetic chain has 15 seconds left.
|
|t:|1659991361
|move|p1a: SIAMO LA MODA|U-turn|p2a: Landorus
|-resisted|p2a: Landorus
|-damage|p2a: Landorus|92/100
|inactive|kinetic chain has 20 seconds left this turn.
|
|t:|1659991366
|switch|p1a: SIAMO LA MAFIA|Zapdos|65/100|[from]move: U-turn
|move|p2a: Landorus|Earthquake|p1a: SIAMO LA MAFIA
|-immune|p1a: SIAMO LA MAFIA
|
|-heal|p2a: Landorus|98/100|[from] item: Leftovers
|upkeep
|turn|27
|inactive|kinetic chain has 30 seconds left this turn.
|inactive|lt92pf qrts has 90 seconds left.
|
|t:|1659991376
|move|p2a: Landorus|Smack Down|p1a: SIAMO LA MAFIA
|-supereffective|p1a: SIAMO LA MAFIA
|-damage|p1a: SIAMO LA MAFIA|29/100
|-start|p1a: SIAMO LA MAFIA|Smack Down
|move|p1a: SIAMO LA MAFIA|Heat Wave|p2a: Landorus
|-damage|p2a: Landorus|62/100
|
|-heal|p2a: Landorus|68/100|[from] item: Leftovers
|upkeep
|turn|28
|
|t:|1659991383
|move|p2a: Landorus|Earthquake|p1a: SIAMO LA MAFIA
|-supereffective|p1a: SIAMO LA MAFIA
|-damage|p1a: SIAMO LA MAFIA|0 fnt
|faint|p1a: SIAMO LA MAFIA
|
|-heal|p2a: Landorus|75/100|[from] item: Leftovers
|upkeep
|
|t:|1659991386
|switch|p1a: SIAMO LA MODA|Dragapult, F|38/100
|-damage|p1a: SIAMO LA MODA|26/100|[from] Stealth Rock
|turn|29
|
|t:|1659991390
|switch|p2a: Rotom|Rotom-Wash|9/100
|move|p1a: SIAMO LA MODA|Draco Meteor|p2a: Rotom
|-damage|p2a: Rotom|0 fnt
|-unboost|p1a: SIAMO LA MODA|spa|2
|faint|p2a: Rotom
|
|upkeep
|
|t:|1659991400
|switch|p2a: Landorus|Landorus-Therian, M|75/100
|-ability|p2a: Landorus|Intimidate|boost
|-unboost|p1a: SIAMO LA MODA|atk|1
|turn|30
|
|t:|1659991406
|move|p1a: SIAMO LA MODA|Draco Meteor|p2a: Landorus|[miss]
|-miss|p1a: SIAMO LA MODA|p2a: Landorus
|move|p2a: Landorus|Earthquake|p1a: SIAMO LA MODA
|-damage|p1a: SIAMO LA MODA|0 fnt
|faint|p1a: SIAMO LA MODA
|
|-heal|p2a: Landorus|81/100|[from] item: Leftovers
|upkeep
|c|☆lt92pf qrts|Lmao
|inactive|lt92pf qrts has 120 seconds left.
|-message|lt92pf qrts forfeited.
|
|win|kinetic chain
|raw|lt92pf qrts's rating: 1795 &rarr; <strong>1781</strong><br />(-14 for losing)
|raw|kinetic chain's rating: 1902 &rarr; <strong>1916</strong><br />(+14 for winning)
|l|☆lt92pf qrts
|l| Keblar
|l|‽kinetic chain
