|j|☆Stunfisk2140
|j|☆Magesty
|t:|1644825767
|gametype|singles
|player|p1|Stunfisk2140|clemont|1583
|player|p2|Magesty|266|1684
|teamsize|p1|6
|teamsize|p2|6
|gen|8
|tier|[Gen 8] OU
|rated|
|rule|Sleep Clause Mod: Limit one foe put to sleep
|rule|Species Clause: Limit one of each Pokémon
|rule|OHKO Clause: OHKO moves are banned
|rule|Evasion Moves Clause: Evasion moves are banned
|rule|Endless Battle Clause: Forcing endless battles is banned
|rule|HP Percentage Mod: HP is shown in percentages
|rule|Dynamax Clause: You cannot dynamax
|clearpoke
|poke|p1|Dragapult, M|
|poke|p1|Kartana|
|poke|p1|Bisharp, F|
|poke|p1|Weavile, M|
|poke|p1|Landorus-Therian, M|
|poke|p1|Melmetal|
|poke|p2|Raichu-Alola, F|
|poke|p2|Tapu Koko|
|poke|p2|Clefable, M|
|poke|p2|Ferrothorn, M|
|poke|p2|Landorus-Therian, M|
|poke|p2|Victini|
|teampreview
|inactive|Battle timer is ON: inactive players will automatically lose when time's up. (requested by Stunfisk2140)
|
|t:|1644825778
|start
|switch|p1a: Bisharp|Bisharp, F|100/100
|switch|p2a: Victini|Victini|100/100
|turn|1
|
|t:|1644825790
|switch|p1a: Landorus|Landorus-Therian, M|100/100
|-ability|p1a: Landorus|Intimidate|boost
|-unboost|p2a: Victini|atk|1
|move|p2a: Victini|V-create|p1a: Landorus
|-damage|p1a: Landorus|49/100
|-unboost|p2a: Victini|spe|1
|-unboost|p2a: Victini|def|1
|-unboost|p2a: Victini|spd|1
|-enditem|p1a: Landorus|Eject Button
|
|t:|1644825800
|switch|p1a: Weavile|Weavile, M|100/100
|-ability|p1a: Weavile|Pressure
|
|upkeep
|turn|2
|
|t:|1644825806
|switch|p2a: Ferrothorn|Ferrothorn, M|100/100
|move|p1a: Weavile|Beat Up|p2a: Ferrothorn
|-damage|p2a: Ferrothorn|92/100
|-crit|p2a: Ferrothorn
|-damage|p2a: Ferrothorn|74/100
|-damage|p2a: Ferrothorn|65/100
|-crit|p2a: Ferrothorn
|-damage|p2a: Ferrothorn|51/100
|-damage|p2a: Ferrothorn|42/100
|-damage|p2a: Ferrothorn|34/100
|-hitcount|p2a: Ferrothorn|6
|
|-heal|p2a: Ferrothorn|40/100|[from] item: Leftovers
|upkeep
|turn|3
|
|t:|1644825821
|switch|p2a: Clefable|Clefable, M|100/100
|move|p1a: Weavile|Beat Up|p2a: Clefable
|-resisted|p2a: Clefable
|-damage|p2a: Clefable|92/100
|-resisted|p2a: Clefable
|-damage|p2a: Clefable|82/100
|-resisted|p2a: Clefable
|-damage|p2a: Clefable|73/100
|-resisted|p2a: Clefable
|-damage|p2a: Clefable|65/100
|-resisted|p2a: Clefable
|-damage|p2a: Clefable|58/100
|-resisted|p2a: Clefable
|-damage|p2a: Clefable|49/100
|-hitcount|p2a: Clefable|6
|
|-heal|p2a: Clefable|56/100|[from] item: Leftovers
|upkeep
|turn|4
|
|t:|1644825839
|switch|p1a: Melmetal|Melmetal|100/100
|move|p2a: Clefable|Moonblast|p1a: Melmetal
|-resisted|p1a: Melmetal
|-damage|p1a: Melmetal|82/100
|
|-heal|p2a: Clefable|62/100|[from] item: Leftovers
|upkeep
|turn|5
|
|t:|1644825850
|switch|p2a: Ferrothorn|Ferrothorn, M|40/100
|move|p1a: Melmetal|Double Iron Bash|p2a: Ferrothorn
|-resisted|p2a: Ferrothorn
|-damage|p2a: Ferrothorn|21/100
|-damage|p1a: Melmetal|69/100|[from] ability: Iron Barbs|[of] p2a: Ferrothorn
|-resisted|p2a: Ferrothorn
|-damage|p2a: Ferrothorn|1/100
|-damage|p1a: Melmetal|57/100|[from] ability: Iron Barbs|[of] p2a: Ferrothorn
|-hitcount|p2a: Ferrothorn|2
|
|-heal|p2a: Ferrothorn|7/100|[from] item: Leftovers
|upkeep
|turn|6
|
|t:|1644825862
|switch|p1a: Kartana|Kartana|100/100
|move|p2a: Ferrothorn|Knock Off|p1a: Kartana
|-damage|p1a: Kartana|78/100
|-enditem|p1a: Kartana|Choice Scarf|[from] move: Knock Off|[of] p2a: Ferrothorn
|
|-heal|p2a: Ferrothorn|13/100|[from] item: Leftovers
|upkeep
|turn|7
|
|t:|1644825872
|switch|p2a: Landorus|Landorus-Therian, M|100/100
|-ability|p2a: Landorus|Intimidate|boost
|-unboost|p1a: Kartana|atk|1
|move|p1a: Kartana|Leaf Blade|p2a: Landorus
|-damage|p2a: Landorus|63/100
|
|-heal|p2a: Landorus|69/100|[from] item: Leftovers
|upkeep
|turn|8
|
|t:|1644825882
|move|p1a: Kartana|Knock Off|p2a: Landorus
|-damage|p2a: Landorus|42/100
|-enditem|p2a: Landorus|Leftovers|[from] move: Knock Off|[of] p1a: Kartana
|move|p2a: Landorus|Stealth Rock|p1a: Kartana
|-sidestart|p1: Stunfisk2140|move: Stealth Rock
|
|upkeep
|turn|9
|j| skyexperimenter
|
|t:|1644825897
|switch|p2a: Ferrothorn|Ferrothorn, M|13/100
|move|p1a: Kartana|Leaf Blade|p2a: Ferrothorn
|-resisted|p2a: Ferrothorn
|-crit|p2a: Ferrothorn
|-damage|p2a: Ferrothorn|0 fnt
|-damage|p1a: Kartana|66/100|[from] ability: Iron Barbs|[of] p2a: Ferrothorn
|faint|p2a: Ferrothorn
|-ability|p1a: Kartana|Beast Boost|boost
|-boost|p1a: Kartana|atk|1
|
|upkeep
|
|t:|1644825908
|switch|p2a: Tapu Koko|Tapu Koko|100/100
|-fieldstart|move: Electric Terrain|[from] ability: Electric Surge|[of] p2a: Tapu Koko
|turn|10
|
|t:|1644825917
|switch|p1a: Landorus|Landorus-Therian, M|49/100
|-damage|p1a: Landorus|37/100|[from] Stealth Rock
|-ability|p1a: Landorus|Intimidate|boost
|-unboost|p2a: Tapu Koko|atk|1
|move|p2a: Tapu Koko|U-turn|p1a: Landorus
|-resisted|p1a: Landorus
|-crit|p1a: Landorus
|-damage|p1a: Landorus|25/100
|
|t:|1644825926
|switch|p2a: Raichu|Raichu-Alola, F|100/100|[from]move: U-turn
|
|upkeep
|turn|11
|
|t:|1644825932
|switch|p1a: Dragapult|Dragapult, M|100/100
|-damage|p1a: Dragapult|88/100|[from] Stealth Rock
|move|p2a: Raichu|Surf|p1a: Dragapult
|-resisted|p1a: Dragapult
|-damage|p1a: Dragapult|62/100
|
|upkeep
|turn|12
|
|t:|1644825946
|switch|p2a: Clefable|Clefable, M|62/100
|move|p1a: Dragapult|Double-Edge|p2a: Clefable
|-damage|p2a: Clefable|0 fnt
|faint|p2a: Clefable
|-damage|p1a: Dragapult|37/100|[from] Recoil
|
|upkeep
|j| fruityiscool423
|
|t:|1644825959
|switch|p2a: Raichu|Raichu-Alola, F|100/100
|turn|13
|
|t:|1644825969
|move|p2a: Raichu|Psyshock|p1a: Dragapult
|-damage|p1a: Dragapult|0 fnt
|faint|p1a: Dragapult
|
|upkeep
|
|t:|1644825975
|switch|p1a: Bisharp|Bisharp, F|100/100
|-damage|p1a: Bisharp|95/100|[from] Stealth Rock
|turn|14
|
|t:|1644825984
|switch|p2a: Tapu Koko|Tapu Koko|100/100
|move|p1a: Bisharp|Beat Up|p2a: Tapu Koko
|-resisted|p2a: Tapu Koko
|-damage|p2a: Tapu Koko|91/100
|-resisted|p2a: Tapu Koko
|-damage|p2a: Tapu Koko|79/100
|-resisted|p2a: Tapu Koko
|-damage|p2a: Tapu Koko|68/100
|-resisted|p2a: Tapu Koko
|-damage|p2a: Tapu Koko|56/100
|-resisted|p2a: Tapu Koko
|-damage|p2a: Tapu Koko|47/100
|-hitcount|p2a: Tapu Koko|5
|
|-fieldend|move: Electric Terrain
|upkeep
|turn|15
|c|☆Stunfisk2140|busted bisharp
|c|☆Stunfisk2140|busted team
|
|t:|1644826008
|move|p2a: Tapu Koko|Roost|p2a: Tapu Koko
|-heal|p2a: Tapu Koko|97/100
|-singleturn|p2a: Tapu Koko|move: Roost
|move|p1a: Bisharp|Beat Up|p2a: Tapu Koko
|-resisted|p2a: Tapu Koko
|-damage|p2a: Tapu Koko|88/100
|-resisted|p2a: Tapu Koko
|-damage|p2a: Tapu Koko|77/100
|-resisted|p2a: Tapu Koko
|-damage|p2a: Tapu Koko|65/100
|-resisted|p2a: Tapu Koko
|-damage|p2a: Tapu Koko|51/100
|-resisted|p2a: Tapu Koko
|-damage|p2a: Tapu Koko|41/100
|-hitcount|p2a: Tapu Koko|5
|
|upkeep
|turn|16
|c| fruityiscool423|Ikr
|
|t:|1644826023
|move|p2a: Tapu Koko|U-turn|p1a: Bisharp
|-crit|p1a: Bisharp
|-damage|p1a: Bisharp|65/100
|c|☆Stunfisk2140|its weird
|
|t:|1644826026
|switch|p2a: Landorus|Landorus-Therian, M|42/100|[from]move: U-turn
|-ability|p2a: Landorus|Intimidate|boost
|-unboost|p1a: Bisharp|atk|1
|-ability|p1a: Bisharp|Defiant
|-boost|p1a: Bisharp|atk|2
|move|p1a: Bisharp|Beat Up|p2a: Landorus
|-damage|p2a: Landorus|24/100
|-damage|p2a: Landorus|2/100
|-crit|p2a: Landorus
|-damage|p2a: Landorus|0 fnt
|faint|p2a: Landorus
|-hitcount|p2: Landorus|3
|
|upkeep
|c|☆Stunfisk2140|but good
|
|t:|1644826041
|switch|p2a: Tapu Koko|Tapu Koko|41/100
|-fieldstart|move: Electric Terrain|[from] ability: Electric Surge|[of] p2a: Tapu Koko
|turn|17
|
|t:|1644826045
|switch|p1a: Landorus|Landorus-Therian, M|25/100
|-damage|p1a: Landorus|13/100|[from] Stealth Rock
|-ability|p1a: Landorus|Intimidate|boost
|-unboost|p2a: Tapu Koko|atk|1
|move|p2a: Tapu Koko|Thunderbolt|p1a: Landorus
|-immune|p1a: Landorus
|
|upkeep
|turn|18
|c|☆Stunfisk2140|unironically
|
|t:|1644826054
|move|p2a: Tapu Koko|Dazzling Gleam|p1a: Landorus
|-damage|p1a: Landorus|0 fnt
|faint|p1a: Landorus
|
|upkeep
|
|t:|1644826061
|switch|p1a: Weavile|Weavile, M|100/100
|-damage|p1a: Weavile|76/100|[from] Stealth Rock
|-ability|p1a: Weavile|Pressure
|turn|19
|
|t:|1644826075
|switch|p2a: Victini|Victini|100/100
|move|p1a: Weavile|Ice Shard|p2a: Victini
|-resisted|p2a: Victini
|-damage|p2a: Victini|85/100
|
|upkeep
|turn|20
|
|t:|1644826091
|switch|p1a: Kartana|Kartana|66/100
|-damage|p1a: Kartana|60/100|[from] Stealth Rock
|move|p2a: Victini|U-turn|p1a: Kartana
|-damage|p1a: Kartana|40/100
|
|t:|1644826097
|switch|p2a: Raichu|Raichu-Alola, F|100/100|[from]move: U-turn
|
|upkeep
|turn|21
|
|t:|1644826102
|move|p2a: Raichu|Rising Voltage|p1a: Kartana
|-resisted|p1a: Kartana
|-damage|p1a: Kartana|0 fnt
|faint|p1a: Kartana
|
|-fieldend|move: Electric Terrain
|upkeep
|
|t:|1644826107
|switch|p1a: Bisharp|Bisharp, F|65/100
|-damage|p1a: Bisharp|59/100|[from] Stealth Rock
|turn|22
|
|t:|1644826119
|switch|p2a: Tapu Koko|Tapu Koko|41/100
|-fieldstart|move: Electric Terrain|[from] ability: Electric Surge|[of] p2a: Tapu Koko
|move|p1a: Bisharp|Iron Head|p2a: Tapu Koko
|-damage|p2a: Tapu Koko|0 fnt
|faint|p2a: Tapu Koko
|
|upkeep
|c| fruityiscool423|or that
|
|t:|1644826128
|switch|p2a: Raichu|Raichu-Alola, F|100/100
|turn|23
|
|t:|1644826133
|switch|p1a: Melmetal|Melmetal|57/100
|-damage|p1a: Melmetal|51/100|[from] Stealth Rock
|move|p2a: Raichu|Rising Voltage|p1a: Melmetal
|-damage|p1a: Melmetal|0 fnt
|faint|p1a: Melmetal
|
|upkeep
|
|t:|1644826141
|switch|p1a: Bisharp|Bisharp, F|59/100
|-damage|p1a: Bisharp|53/100|[from] Stealth Rock
|turn|24
|
|t:|1644826146
|switch|p2a: Victini|Victini|85/100
|move|p1a: Bisharp|Sucker Punch||[still]
|-fail|p1a: Bisharp
|
|upkeep
|turn|25
|
|t:|1644826152
|move|p1a: Bisharp|Sucker Punch||[still]
|-fail|p1a: Bisharp
|move|p2a: Victini|Will-O-Wisp|p1a: Bisharp
|-status|p1a: Bisharp|brn
|
|-damage|p1a: Bisharp|47/100 brn|[from] brn
|upkeep
|turn|26
|c| fruityiscool423|oh
|
|t:|1644826164
|switch|p2a: Raichu|Raichu-Alola, F|100/100
|move|p1a: Bisharp|Sucker Punch||[still]
|-fail|p1a: Bisharp
|
|-damage|p1a: Bisharp|41/100 brn|[from] brn
|-fieldend|move: Electric Terrain
|upkeep
|turn|27
|c|☆Stunfisk2140|weave wins
|c|☆Stunfisk2140|gg
|inactive|Magesty has 120 seconds left.
|c|☆Magesty|Gg good batle
|
|t:|1644826217
|switch|p2a: Victini|Victini|85/100
|move|p1a: Bisharp|Sucker Punch||[still]
|-fail|p1a: Bisharp
|
|-damage|p1a: Bisharp|36/100 brn|[from] brn
|upkeep
|turn|28
|c|☆Stunfisk2140|mind finishing the match
|
|t:|1644826225
|move|p1a: Bisharp|Sucker Punch||[still]
|-fail|p1a: Bisharp
|move|p2a: Victini|Will-O-Wisp|p1a: Bisharp
|-fail|p1a: Bisharp|brn
|
|-damage|p1a: Bisharp|30/100 brn|[from] brn
|upkeep
|turn|29
|
|t:|1644826234
|move|p1a: Bisharp|Sucker Punch||[still]
|-fail|p1a: Bisharp
|move|p2a: Victini|Will-O-Wisp|p1a: Bisharp
|-fail|p1a: Bisharp|brn
|
|-damage|p1a: Bisharp|24/100 brn|[from] brn
|upkeep
|turn|30
|j| vkhss is cool
|
|t:|1644826261
|move|p1a: Bisharp|Sucker Punch||[still]
|-fail|p1a: Bisharp
|move|p2a: Victini|Will-O-Wisp|p1a: Bisharp
|-fail|p1a: Bisharp|brn
|
|-damage|p1a: Bisharp|18/100 brn|[from] brn
|upkeep
|turn|31
|inactive|Magesty has 120 seconds left.
|
|t:|1644826269
|move|p1a: Bisharp|Sucker Punch||[still]
|-fail|p1a: Bisharp
|move|p2a: Victini|Will-O-Wisp|p1a: Bisharp
|-fail|p1a: Bisharp|brn
|
|-damage|p1a: Bisharp|12/100 brn|[from] brn
|upkeep
|turn|32
|c|☆Stunfisk2140|im choice locked
|c|☆Stunfisk2140|bruh
|
|t:|1644826278
|move|p2a: Victini|Will-O-Wisp|p1a: Bisharp
|-fail|p1a: Bisharp|brn
|-activate|p1a: Bisharp|move: Struggle
|move|p1a: Bisharp|Struggle|p2a: Victini
|-damage|p2a: Victini|71/100
|-damage|p1a: Bisharp|0 fnt|[from] recoil
|faint|p1a: Bisharp
|
|upkeep
|
|t:|1644826286
|switch|p1a: Weavile|Weavile, M|76/100
|-damage|p1a: Weavile|51/100|[from] Stealth Rock
|-ability|p1a: Weavile|Pressure
|turn|33
|c|☆Stunfisk2140|gg
|
|t:|1644826292
|move|p1a: Weavile|Knock Off|p2a: Victini
|-supereffective|p2a: Victini
|-damage|p2a: Victini|0 fnt
|-enditem|p2a: Victini|Heavy-Duty Boots|[from] move: Knock Off|[of] p1a: Weavile
|faint|p2a: Victini
|
|upkeep
|
|t:|1644826297
|switch|p2a: Raichu|Raichu-Alola, F|100/100
|turn|34
|c|☆Stunfisk2140|u timid?
|
|t:|1644826303
|move|p1a: Weavile|Knock Off|p2a: Raichu
|-supereffective|p2a: Raichu
|-damage|p2a: Raichu|0 fnt
|-enditem|p2a: Raichu|Choice Specs|[from] move: Knock Off|[of] p1a: Weavile
|faint|p2a: Raichu
|
|win|Stunfisk2140
|raw|Stunfisk2140's rating: 1583 &rarr; <strong>1609</strong><br />(+26 for winning)
|raw|Magesty's rating: 1684 &rarr; <strong>1658</strong><br />(-26 for losing)
|l|☆Stunfisk2140
|l|☆Magesty
|l| fruityiscool423
|l| skyexperimenter
|l| vkhss is cool
|j|☆Magesty
|player|p2|Magesty|266
