|j|☆minimax_ai
|j|☆tanishq1
|t:|1665164127
|gametype|singles
|player|p1|minimax_ai|lusamine-nihilego|1666
|player|p2|tanishq1|266|1717
|teamsize|p1|6
|teamsize|p2|6
|gen|8
|tier|[Gen 8] OU
|rated|
|rule|Sleep Clause Mod: Limit one foe put to sleep
|rule|Species Clause: Limit one of each Pokémon
|rule|OHKO Clause: OHKO moves are banned
|rule|Evasion Items Clause: Evasion items are banned
|rule|Evasion Moves Clause: Evasion moves are banned
|rule|Endless Battle Clause: Forcing endless battles is banned
|rule|HP Percentage Mod: HP is shown in percentages
|rule|Dynamax Clause: You cannot dynamax
|clearpoke
|poke|p1|Rotom-Wash|
|poke|p1|Weavile, M|
|poke|p1|Landorus-Therian, M|
|poke|p1|Heatran, M|
|poke|p1|Tangrowth, F|
|poke|p1|Melmetal|
|poke|p2|Landorus-Therian, M|
|poke|p2|Ferrothorn, M|
|poke|p2|Urshifu-*, F|
|poke|p2|Tornadus-Therian, M|
|poke|p2|Dragapult, F|
|poke|p2|Tapu Lele|
|teampreview
|inactive|Battle timer is ON: inactive players will automatically lose when time's up. (requested by tanishq1)
|c|☆minimax_ai|hf
|inactive|minimax_ai also wants the timer to be on.
|
|t:|1665164137
|start
|switch|p1a: landorustherian|Landorus-Therian, M|100/100
|switch|p2a: Urshifu|Urshifu-Rapid-Strike, F|100/100
|-ability|p1a: landorustherian|Intimidate|boost
|-unboost|p2a: Urshifu|atk|1
|turn|1
|
|t:|1665164139
|switch|p1a: Tangrowth|Tangrowth, F|100/100
|move|p2a: Urshifu|U-turn|p1a: Tangrowth
|-supereffective|p1a: Tangrowth
|-damage|p1a: Tangrowth|80/100
|j| ddggvccc
|j| fork gaming
|
|t:|1665164142
|switch|p2a: Dragapult|Dragapult, F|100/100|[from]move: U-turn
|
|upkeep
|turn|2
|
|t:|1665164158
|switch|p1a: Melmetal|Melmetal|100/100
|move|p2a: Dragapult|Shadow Ball|p1a: Melmetal
|-damage|p1a: Melmetal|73/100
|
|upkeep
|turn|3
|j| Blowfishbob
|
|t:|1665164163
|switch|p2a: Ferrothorn|Ferrothorn, M|100/100
|move|p1a: Melmetal|Ice Punch|p2a: Ferrothorn
|-damage|p2a: Ferrothorn|82/100
|-damage|p1a: Melmetal|61/100|[from] ability: Iron Barbs|[of] p2a: Ferrothorn
|-damage|p1a: Melmetal|44/100|[from] item: Rocky Helmet|[of] p2a: Ferrothorn
|
|upkeep
|turn|4
|
|t:|1665164166
|switch|p1a: Heatran|Heatran, M|100/100
|-item|p1a: Heatran|Air Balloon
|move|p2a: Ferrothorn|Stealth Rock|p1a: Heatran
|-sidestart|p1: minimax_ai|move: Stealth Rock
|
|upkeep
|turn|5
|
|t:|1665164169
|switch|p2a: Tornadus|Tornadus-Therian, M|100/100
|move|p1a: Heatran|Eruption|p2a: Tornadus
|-damage|p2a: Tornadus|48/100
|
|upkeep
|turn|6
|
|t:|1665164171
|move|p2a: Tornadus|U-turn|p1a: Heatran
|-resisted|p1a: Heatran
|-damage|p1a: Heatran|97/100
|-enditem|p1a: Heatran|Air Balloon
|
|t:|1665164174
|switch|p2a: Dragapult|Dragapult, F|100/100|[from]move: U-turn
|move|p1a: Heatran|Stealth Rock|p2a: Dragapult
|-sidestart|p2: tanishq1|move: Stealth Rock
|
|upkeep
|turn|7
|
|t:|1665164176
|move|p2a: Dragapult|Shadow Ball|p1a: Heatran
|-damage|p1a: Heatran|40/100
|move|p1a: Heatran|Magma Storm|p2a: Dragapult
|-resisted|p2a: Dragapult
|-damage|p2a: Dragapult|63/100
|-activate|p2a: Dragapult|move: Magma Storm|[of] p1a: Heatran
|
|-damage|p2a: Dragapult|51/100|[from] move: Magma Storm|[partiallytrapped]
|upkeep
|turn|8
|
|t:|1665164186
|switch|p1a: landorustherian|Landorus-Therian, M|100/100
|-damage|p1a: landorustherian|88/100|[from] Stealth Rock
|-ability|p1a: landorustherian|Intimidate|boost
|-unboost|p2a: Dragapult|atk|1
|move|p2a: Dragapult|Shadow Ball|p1a: landorustherian
|-damage|p1a: landorustherian|48/100
|
|-heal|p1a: landorustherian|54/100|[from] item: Leftovers
|-end|p2a: Dragapult|Magma Storm|[partiallytrapped]|[silent]
|upkeep
|turn|9
|
|t:|1665164188
|switch|p2a: Ferrothorn|Ferrothorn, M|82/100
|-damage|p2a: Ferrothorn|76/100|[from] Stealth Rock
|move|p1a: landorustherian|Toxic|p2a: Ferrothorn
|-immune|p2a: Ferrothorn
|
|-heal|p1a: landorustherian|60/100|[from] item: Leftovers
|upkeep
|turn|10
|
|t:|1665164191
|move|p1a: landorustherian|Earthquake|p2a: Ferrothorn
|-damage|p2a: Ferrothorn|48/100
|move|p2a: Ferrothorn|Leech Seed|p1a: landorustherian
|-start|p1a: landorustherian|move: Leech Seed
|
|-heal|p1a: landorustherian|66/100|[from] item: Leftovers
|-damage|p1a: landorustherian|54/100|[from] Leech Seed|[of] p2a: Ferrothorn
|-heal|p2a: Ferrothorn|61/100|[silent]
|upkeep
|turn|11
|
|t:|1665164194
|move|p1a: landorustherian|Toxic|p2a: Ferrothorn
|-immune|p2a: Ferrothorn
|move|p2a: Ferrothorn|Leech Seed||[still]
|-fail|p2a: Ferrothorn
|
|-heal|p1a: landorustherian|60/100|[from] item: Leftovers
|-damage|p1a: landorustherian|47/100|[from] Leech Seed|[of] p2a: Ferrothorn
|-heal|p2a: Ferrothorn|74/100|[silent]
|upkeep
|turn|12
|
|t:|1665164197
|switch|p1a: rotomwash|Rotom-Wash|100/100
|-damage|p1a: rotomwash|88/100|[from] Stealth Rock
|move|p2a: Ferrothorn|Knock Off|p1a: rotomwash
|-damage|p1a: rotomwash|66/100
|-enditem|p1a: rotomwash|Leftovers|[from] move: Knock Off|[of] p2a: Ferrothorn
|
|upkeep
|turn|13
|
|t:|1665164199
|move|p1a: rotomwash|Thunderbolt|p2a: Ferrothorn
|-resisted|p2a: Ferrothorn
|-damage|p2a: Ferrothorn|59/100
|move|p2a: Ferrothorn|Leech Seed|p1a: rotomwash
|-start|p1a: rotomwash|move: Leech Seed
|
|-damage|p1a: rotomwash|54/100|[from] Leech Seed|[of] p2a: Ferrothorn
|-heal|p2a: Ferrothorn|70/100|[silent]
|upkeep
|turn|14
|
|t:|1665164203
|switch|p1a: landorustherian|Landorus-Therian, M|47/100
|-damage|p1a: landorustherian|35/100|[from] Stealth Rock
|-ability|p1a: landorustherian|Intimidate|boost
|-unboost|p2a: Ferrothorn|atk|1
|move|p2a: Ferrothorn|Leech Seed|p1a: landorustherian
|-start|p1a: landorustherian|move: Leech Seed
|
|-heal|p1a: landorustherian|41/100|[from] item: Leftovers
|-damage|p1a: landorustherian|29/100|[from] Leech Seed|[of] p2a: Ferrothorn
|-heal|p2a: Ferrothorn|83/100|[silent]
|upkeep
|turn|15
|
|t:|1665164205
|move|p1a: landorustherian|Earthquake|p2a: Ferrothorn
|-damage|p2a: Ferrothorn|57/100
|move|p2a: Ferrothorn|Knock Off|p1a: landorustherian
|-damage|p1a: landorustherian|14/100
|-enditem|p1a: landorustherian|Leftovers|[from] move: Knock Off|[of] p2a: Ferrothorn
|
|-damage|p1a: landorustherian|2/100|[from] Leech Seed|[of] p2a: Ferrothorn
|-heal|p2a: Ferrothorn|71/100|[silent]
|upkeep
|turn|16
|
|t:|1665164208
|move|p1a: landorustherian|Toxic|p2a: Ferrothorn
|-immune|p2a: Ferrothorn
|move|p2a: Ferrothorn|Stealth Rock||[still]
|-fail|p2a: Ferrothorn
|
|-damage|p1a: landorustherian|0 fnt|[from] Leech Seed|[of] p2a: Ferrothorn
|-heal|p2a: Ferrothorn|72/100|[silent]
|faint|p1a: landorustherian
|upkeep
|
|t:|1665164208
|switch|p1a: Heatran|Heatran, M|40/100
|-damage|p1a: Heatran|28/100|[from] Stealth Rock
|turn|17
|
|t:|1665164213
|switch|p2a: Landorus|Landorus-Therian, M|100/100
|-damage|p2a: Landorus|88/100|[from] Stealth Rock
|-ability|p2a: Landorus|Intimidate|boost
|-unboost|p1a: Heatran|atk|1
|move|p1a: Heatran|Earth Power|p2a: Landorus
|-immune|p2a: Landorus
|
|-heal|p2a: Landorus|94/100|[from] item: Leftovers
|upkeep
|turn|18
|
|t:|1665164215
|switch|p1a: Tangrowth|Tangrowth, F|100/100
|-damage|p1a: Tangrowth|88/100|[from] Stealth Rock
|move|p2a: Landorus|Earthquake|p1a: Tangrowth
|-resisted|p1a: Tangrowth
|-damage|p1a: Tangrowth|77/100
|
|-heal|p2a: Landorus|99/100|[from] item: Leftovers
|upkeep
|turn|19
|
|t:|1665164216
|move|p2a: Landorus|Toxic|p1a: Tangrowth
|-status|p1a: Tangrowth|tox
|move|p1a: Tangrowth|Sleep Powder|p2a: Landorus
|-status|p2a: Landorus|slp|[from] move: Sleep Powder
|
|-heal|p2a: Landorus|100/100 slp|[from] item: Leftovers
|-damage|p1a: Tangrowth|71/100 tox|[from] psn
|upkeep
|turn|20
|
|t:|1665164219
|cant|p2a: Landorus|slp
|move|p1a: Tangrowth|Knock Off|p2a: Landorus
|-damage|p2a: Landorus|78/100 slp
|-enditem|p2a: Landorus|Leftovers|[from] move: Knock Off|[of] p1a: Tangrowth
|
|-damage|p1a: Tangrowth|58/100 tox|[from] psn
|upkeep
|turn|21
|
|t:|1665164220
|-curestatus|p2a: Landorus|slp|[msg]
|move|p2a: Landorus|U-turn|p1a: Tangrowth
|-supereffective|p1a: Tangrowth
|-damage|p1a: Tangrowth|36/100 tox
|-damage|p2a: Landorus|62/100|[from] item: Rocky Helmet|[of] p1a: Tangrowth
|
|t:|1665164222
|switch|p2a: Ferrothorn|Ferrothorn, M|72/100|[from]move: U-turn
|-damage|p2a: Ferrothorn|66/100|[from] Stealth Rock
|move|p1a: Tangrowth|Giga Drain|p2a: Ferrothorn
|-resisted|p2a: Ferrothorn
|-crit|p2a: Ferrothorn
|-damage|p2a: Ferrothorn|58/100
|-heal|p1a: Tangrowth|40/100 tox|[from] drain|[of] p2a: Ferrothorn
|
|-damage|p1a: Tangrowth|22/100 tox|[from] psn
|upkeep
|turn|22
|
|t:|1665164224
|move|p1a: Tangrowth|Focus Blast|p2a: Ferrothorn
|-supereffective|p2a: Ferrothorn
|-damage|p2a: Ferrothorn|6/100
|move|p2a: Ferrothorn|Knock Off|p1a: Tangrowth
|-damage|p1a: Tangrowth|9/100 tox
|-damage|p2a: Ferrothorn|0 fnt|[from] item: Rocky Helmet|[of] p1a: Tangrowth
|faint|p2a: Ferrothorn
|
|-damage|p1a: Tangrowth|0 fnt|[from] psn
|faint|p1a: Tangrowth
|upkeep
|
|t:|1665164252
|switch|p1a: Melmetal|Melmetal|44/100
|switch|p2a: Urshifu|Urshifu-Rapid-Strike, F|100/100
|-damage|p2a: Urshifu|94/100|[from] Stealth Rock
|-damage|p1a: Melmetal|38/100|[from] Stealth Rock
|turn|23
|
|t:|1665164254
|move|p2a: Urshifu|Close Combat|p1a: Melmetal
|-supereffective|p1a: Melmetal
|-damage|p1a: Melmetal|0 fnt
|-unboost|p2a: Urshifu|def|1
|-unboost|p2a: Urshifu|spd|1
|faint|p1a: Melmetal
|
|upkeep
|
|t:|1665164254
|switch|p1a: rotomwash|Rotom-Wash|54/100
|-damage|p1a: rotomwash|41/100|[from] Stealth Rock
|turn|24
|
|t:|1665164256
|move|p2a: Urshifu|Close Combat|p1a: rotomwash
|-damage|p1a: rotomwash|0 fnt
|-unboost|p2a: Urshifu|def|1
|-unboost|p2a: Urshifu|spd|1
|faint|p1a: rotomwash
|
|upkeep
|
|t:|1665164256
|switch|p1a: Weavile|Weavile, M|100/100
|-damage|p1a: Weavile|76/100|[from] Stealth Rock
|-ability|p1a: Weavile|Pressure
|turn|25
|
|t:|1665164258
|move|p1a: Weavile|Triple Axel|p2a: Urshifu
|-resisted|p2a: Urshifu
|-damage|p2a: Urshifu|80/100
|-resisted|p2a: Urshifu
|-damage|p2a: Urshifu|52/100
|-resisted|p2a: Urshifu
|-damage|p2a: Urshifu|10/100
|-hitcount|p2a: Urshifu|3
|move|p2a: Urshifu|Close Combat|p1a: Weavile
|-supereffective|p1a: Weavile
|-damage|p1a: Weavile|0 fnt
|-unboost|p2a: Urshifu|def|1
|-unboost|p2a: Urshifu|spd|1
|faint|p1a: Weavile
|
|upkeep
|
|t:|1665164258
|switch|p1a: Heatran|Heatran, M|28/100
|-damage|p1a: Heatran|15/100|[from] Stealth Rock
|turn|26
|
|t:|1665164264
|move|p2a: Urshifu|Close Combat|p1a: Heatran
|-supereffective|p1a: Heatran
|-damage|p1a: Heatran|0 fnt
|-unboost|p2a: Urshifu|def|1
|-unboost|p2a: Urshifu|spd|1
|faint|p1a: Heatran
|
|win|tanishq1
|raw|minimax_ai's rating: 1666 &rarr; <strong>1649</strong><br />(-17 for losing)
|raw|tanishq1's rating: 1717 &rarr; <strong>1734</strong><br />(+17 for winning)
|c|☆minimax_ai|gg
