|j|☆leaveamessage
|j|☆galarian dragapult
|t:|1663031141
|gametype|singles
|player|p1|leaveamessage|red-masters|1864
|player|p2|galarian dragapult|zinzolin|1786
|teamsize|p1|6
|teamsize|p2|6
|gen|8
|tier|[Gen 8] OU
|rated|
|rule|Sleep Clause Mod: Limit one foe put to sleep
|rule|Species Clause: Limit one of each Pokémon
|rule|OHKO Clause: OHKO moves are banned
|rule|Evasion Items Clause: Evasion items are banned
|rule|Evasion Moves Clause: Evasion moves are banned
|rule|Endless Battle Clause: Forcing endless battles is banned
|rule|HP Percentage Mod: HP is shown in percentages
|rule|Dynamax Clause: You cannot dynamax
|clearpoke
|poke|p1|Landorus-Therian, M|
|poke|p1|Ferrothorn, F|
|poke|p1|Tapu Koko|
|poke|p1|Dragonite, F|
|poke|p1|Clefable, F|
|poke|p1|Volcarona, F|
|poke|p2|Garchomp, M|
|poke|p2|Dragapult, F|
|poke|p2|Clefable, F|
|poke|p2|Mandibuzz, F|
|poke|p2|Ferrothorn, M|
|poke|p2|Slowking, M|
|teampreview
|j| CanUrepeat
|inactive|Battle timer is ON: inactive players will automatically lose when time's up. (requested by leaveamessage)
|
|t:|1663031169
|start
|switch|p1a: Clefable|Clefable, F|100/100
|switch|p2a: Ferrothorn|Ferrothorn, M|100/100
|turn|1
|j| I'll forfite
|
|t:|1663031177
|switch|p2a: Slowking|Slowking, M|100/100
|move|p1a: Clefable|Knock Off|p2a: Slowking
|-supereffective|p2a: Slowking
|-damage|p2a: Slowking|72/100
|-enditem|p2a: Slowking|Heavy-Duty Boots|[from] move: Knock Off|[of] p1a: Clefable
|
|upkeep
|turn|2
|
|t:|1663031189
|move|p1a: Clefable|Thunder Wave|p2a: Slowking
|-status|p2a: Slowking|par
|move|p2a: Slowking|Future Sight|p1a: Clefable
|-start|p2a: Slowking|move: Future Sight
|
|upkeep
|turn|3
|
|t:|1663031192
|move|p1a: Clefable|Moonblast|p2a: Slowking
|-damage|p2a: Slowking|54/100 par
|move|p2a: Slowking|Teleport|p2a: Slowking
|
|t:|1663031200
|switch|p2a: Garchomp|Garchomp, M|100/100|[from]move: Teleport
|
|upkeep
|turn|4
|
|t:|1663031210
|move|p2a: Garchomp|Earthquake|p1a: Clefable
|-damage|p1a: Clefable|42/100
|-damage|p2a: Garchomp|91/100|[from] item: Life Orb
|move|p1a: Clefable|Soft-Boiled|p1a: Clefable
|-heal|p1a: Clefable|92/100
|
|-end|p1a: Clefable|move: Future Sight
|-damage|p1a: Clefable|53/100
|-heal|p1a: Clefable|59/100|[from] item: Leftovers
|upkeep
|turn|5
|
|t:|1663031215
|move|p2a: Garchomp|Swords Dance|p2a: Garchomp
|-boost|p2a: Garchomp|atk|2
|move|p1a: Clefable|Soft-Boiled|p1a: Clefable
|-heal|p1a: Clefable|100/100
|
|upkeep
|turn|6
|
|t:|1663031221
|switch|p1a: Landorus|Landorus-Therian, M|100/100
|-ability|p1a: Landorus|Intimidate|boost
|-unboost|p2a: Garchomp|atk|1
|move|p2a: Garchomp|Scale Shot|p1a: Landorus
|-damage|p1a: Landorus|66/100
|-damage|p1a: Landorus|30/100
|-damage|p1a: Landorus|0 fnt
|faint|p1a: Landorus
|-hitcount|p1: Landorus|3
|-unboost|p2a: Garchomp|def|1
|-boost|p2a: Garchomp|spe|1
|-damage|p2a: Garchomp|81/100|[from] item: Life Orb
|
|upkeep
|
|t:|1663031224
|switch|p1a: Clefable|Clefable, F|100/100
|turn|7
|
|t:|1663031232
|switch|p2a: Ferrothorn|Ferrothorn, M|100/100
|move|p1a: Clefable|Moonblast|p2a: Ferrothorn
|-resisted|p2a: Ferrothorn
|-damage|p2a: Ferrothorn|89/100
|-unboost|p2a: Ferrothorn|spa|1
|
|upkeep
|turn|8
|
|t:|1663031241
|switch|p1a: Ferrothorn|Ferrothorn, F|100/100
|move|p2a: Ferrothorn|Knock Off|p1a: Ferrothorn
|-damage|p1a: Ferrothorn|86/100
|-damage|p2a: Ferrothorn|76/100|[from] ability: Iron Barbs|[of] p1a: Ferrothorn
|-enditem|p1a: Ferrothorn|Leftovers|[from] move: Knock Off|[of] p2a: Ferrothorn
|
|upkeep
|turn|9
|j| KMNg99
|
|t:|1663031256
|move|p1a: Ferrothorn|Spikes|p2a: Ferrothorn
|-sidestart|p2: galarian dragapult|Spikes
|move|p2a: Ferrothorn|Stealth Rock|p1a: Ferrothorn
|-sidestart|p1: leaveamessage|move: Stealth Rock
|
|upkeep
|turn|10
|
|t:|1663031263
|switch|p2a: Clefable|Clefable, F|100/100
|move|p1a: Ferrothorn|Knock Off|p2a: Clefable
|-resisted|p2a: Clefable
|-damage|p2a: Clefable|92/100
|-enditem|p2a: Clefable|Leftovers|[from] move: Knock Off|[of] p1a: Ferrothorn
|
|upkeep
|turn|11
|j| superbash93
|
|t:|1663031275
|switch|p1a: Clefable|Clefable, F|100/100
|move|p2a: Clefable|Moonblast|p1a: Clefable
|-damage|p1a: Clefable|71/100
|
|-heal|p1a: Clefable|77/100|[from] item: Leftovers
|upkeep
|turn|12
|l| superbash93
|
|t:|1663031284
|switch|p2a: Slowking|Slowking, M|88/100 par
|-damage|p2a: Slowking|75/100 par|[from] Spikes
|move|p1a: Clefable|Moonblast|p2a: Slowking
|-damage|p2a: Slowking|57/100 par
|
|-heal|p1a: Clefable|83/100|[from] item: Leftovers
|upkeep
|turn|13
|
|t:|1663031294
|switch|p1a: Tapu Koko|Tapu Koko|100/100
|-fieldstart|move: Electric Terrain|[from] ability: Electric Surge|[of] p1a: Tapu Koko
|move|p2a: Slowking|Slack Off|p2a: Slowking
|-heal|p2a: Slowking|100/100 par
|
|upkeep
|turn|14
|
|t:|1663031302
|switch|p2a: Ferrothorn|Ferrothorn, M|76/100
|-damage|p2a: Ferrothorn|64/100|[from] Spikes
|move|p1a: Tapu Koko|Volt Switch|p2a: Ferrothorn
|-resisted|p2a: Ferrothorn
|-damage|p2a: Ferrothorn|47/100
|j| Blowfishbob
|
|t:|1663031309
|switch|p1a: Volcarona|Volcarona, F|100/100|[from]move: Volt Switch
|
|upkeep
|turn|15
|j| cclm
|
|t:|1663031321
|switch|p1a: Tapu Koko|Tapu Koko|100/100
|switch|p2a: Garchomp|Garchomp, M|81/100
|-damage|p2a: Garchomp|69/100|[from] Spikes
|
|upkeep
|turn|16
|
|t:|1663031326
|switch|p2a: Slowking|Slowking, M|100/100 par
|-damage|p2a: Slowking|88/100 par|[from] Spikes
|move|p1a: Tapu Koko|Dazzling Gleam|p2a: Slowking
|-damage|p2a: Slowking|66/100 par
|
|upkeep
|turn|17
|
|t:|1663031332
|move|p1a: Tapu Koko|Volt Switch|p2a: Slowking
|-supereffective|p2a: Slowking
|-damage|p2a: Slowking|19/100 par
|
|t:|1663031335
|switch|p1a: Dragonite|Dragonite, F|100/100|[from]move: Volt Switch
|cant|p2a: Slowking|par
|
|-fieldend|move: Electric Terrain
|upkeep
|turn|18
|
|t:|1663031340
|switch|p1a: Tapu Koko|Tapu Koko|100/100
|-fieldstart|move: Electric Terrain|[from] ability: Electric Surge|[of] p1a: Tapu Koko
|move|p2a: Slowking|Teleport|p2a: Slowking
|
|t:|1663031344
|switch|p2a: Ferrothorn|Ferrothorn, M|47/100|[from]move: Teleport
|-damage|p2a: Ferrothorn|35/100|[from] Spikes
|
|upkeep
|turn|19
|
|t:|1663031347
|move|p1a: Tapu Koko|Volt Switch|p2a: Ferrothorn
|-resisted|p2a: Ferrothorn
|-damage|p2a: Ferrothorn|20/100
|
|t:|1663031350
|switch|p1a: Ferrothorn|Ferrothorn, F|86/100|[from]move: Volt Switch
|-damage|p1a: Ferrothorn|80/100|[from] Stealth Rock
|move|p2a: Ferrothorn|Gyro Ball|p1a: Ferrothorn
|-resisted|p1a: Ferrothorn
|-damage|p1a: Ferrothorn|76/100
|-damage|p2a: Ferrothorn|8/100|[from] ability: Iron Barbs|[of] p1a: Ferrothorn
|
|upkeep
|turn|20
|j| trisew
|
|t:|1663031362
|switch|p1a: Clefable|Clefable, F|83/100
|move|p2a: Ferrothorn|Knock Off|p1a: Clefable
|-resisted|p1a: Clefable
|-damage|p1a: Clefable|74/100
|-enditem|p1a: Clefable|Leftovers|[from] move: Knock Off|[of] p2a: Ferrothorn
|
|upkeep
|turn|21
|
|t:|1663031366
|move|p1a: Clefable|Moonblast|p2a: Ferrothorn
|-resisted|p2a: Ferrothorn
|-damage|p2a: Ferrothorn|0 fnt
|faint|p2a: Ferrothorn
|
|upkeep
|
|t:|1663031374
|switch|p2a: Dragapult|Dragapult, F|100/100
|-damage|p2a: Dragapult|88/100|[from] Spikes
|turn|22
|
|t:|1663031378
|move|p2a: Dragapult|Shadow Ball|p1a: Clefable
|-damage|p1a: Clefable|25/100
|move|p1a: Clefable|Moonblast|p2a: Dragapult
|-supereffective|p2a: Dragapult
|-damage|p2a: Dragapult|2/100
|-unboost|p2a: Dragapult|spa|1
|
|-fieldend|move: Electric Terrain
|upkeep
|turn|23
|j| qxfn143
|
|t:|1663031402
|switch|p1a: Dragonite|Dragonite, F|100/100
|move|p2a: Dragapult|Shadow Ball|p1a: Dragonite
|-damage|p1a: Dragonite|86/100
|
|upkeep
|turn|24
|
|t:|1663031411
|switch|p2a: Mandibuzz|Mandibuzz, F|100/100
|switch|p1a: Clefable|Clefable, F|25/100
|
|upkeep
|turn|25
|-message|galarian dragapult forfeited.
|
|win|leaveamessage
|raw|leaveamessage's rating: 1864 &rarr; <strong>1880</strong><br />(+16 for winning)
|raw|galarian dragapult's rating: 1786 &rarr; <strong>1770</strong><br />(-16 for losing)
|l|☆galarian dragapult
|l| cclm
