|j|☆Thruxy
|j|☆LT_Alt1
|t:|1660757698
|gametype|singles
|player|p1|Thruxy|blue|1586
|player|p2|LT_Alt1|102|1826
|teamsize|p1|6
|teamsize|p2|6
|gen|8
|tier|[Gen 8] OU
|rated|
|rule|Sleep Clause Mod: Limit one foe put to sleep
|rule|Species Clause: Limit one of each Pokémon
|rule|OHKO Clause: OHKO moves are banned
|rule|Evasion Items Clause: Evasion items are banned
|rule|Evasion Moves Clause: Evasion moves are banned
|rule|Endless Battle Clause: Forcing endless battles is banned
|rule|HP Percentage Mod: HP is shown in percentages
|rule|Dynamax Clause: You cannot dynamax
|clearpoke
|poke|p1|Dragonite, M|
|poke|p1|Nidoking, M|
|poke|p1|Clefable, M|
|poke|p1|Arcanine, M|
|poke|p1|Machamp, M|
|poke|p1|Alakazam, M|
|poke|p2|Alakazam, M|
|poke|p2|Chansey, F|
|poke|p2|Zapdos|
|poke|p2|Clefable, F|
|poke|p2|Slowbro, M|
|poke|p2|Rhydon, F|
|teampreview
|inactive|Battle timer is ON: inactive players will automatically lose when time's up. (requested by Thruxy)
|
|t:|1660757711
|start
|switch|p1a: Machamp|Machamp, M|100/100
|switch|p2a: Rhydon|Rhydon, F|100/100
|turn|1
|
|t:|1660757715
|move|p2a: Rhydon|Earthquake|p1a: Machamp
|-damage|p1a: Machamp|41/100
|move|p1a: Machamp|Dynamic Punch|p2a: Rhydon
|-supereffective|p2a: Rhydon
|-damage|p2a: Rhydon|41/100
|-start|p2a: Rhydon|confusion
|
|upkeep
|turn|2
|
|t:|1660757723
|switch|p2a: Slowbro|Slowbro, M|100/100
|move|p1a: Machamp|Dynamic Punch|p2a: Slowbro
|-resisted|p2a: Slowbro
|-damage|p2a: Slowbro|83/100
|-start|p2a: Slowbro|confusion
|-damage|p1a: Machamp|24/100|[from] item: Rocky Helmet|[of] p2a: Slowbro
|
|upkeep
|turn|3
|
|t:|1660757732
|move|p1a: Machamp|Knock Off|p2a: Slowbro
|-supereffective|p2a: Slowbro
|-damage|p2a: Slowbro|40/100
|-damage|p1a: Machamp|8/100|[from] item: Rocky Helmet|[of] p2a: Slowbro
|-enditem|p2a: Slowbro|Rocky Helmet|[from] move: Knock Off|[of] p1a: Machamp
|-activate|p2a: Slowbro|confusion
|move|p2a: Slowbro|Teleport|p2a: Slowbro
|
|t:|1660757741
|switch|p2a: Rhydon|Rhydon, F|41/100|[from]move: Teleport
|
|upkeep
|turn|4
|
|t:|1660757749
|move|p1a: Machamp|Bullet Punch|p2a: Rhydon
|-supereffective|p2a: Rhydon
|-damage|p2a: Rhydon|25/100
|move|p2a: Rhydon|Earthquake|p1a: Machamp
|-damage|p1a: Machamp|0 fnt
|faint|p1a: Machamp
|
|upkeep
|
|t:|1660757758
|switch|p1a: Nidoking|Nidoking, M|100/100
|turn|5
|
|t:|1660757763
|switch|p1a: Arcanine|Arcanine, M|100/100
|-ability|p1a: Arcanine|Intimidate|boost
|-unboost|p2a: Rhydon|atk|1
|switch|p2a: Chansey|Chansey, F|100/100
|
|upkeep
|turn|6
|
|t:|1660757770
|move|p1a: Arcanine|Flare Blitz|p2a: Chansey
|-damage|p2a: Chansey|55/100
|-damage|p1a: Arcanine|67/100|[from] Recoil
|-damage|p1a: Arcanine|58/100|[from] item: Life Orb
|move|p2a: Chansey|Reflect|p2a: Chansey
|-sidestart|p2: LT_Alt1|Reflect
|
|upkeep
|turn|7
|
|t:|1660757777
|move|p1a: Arcanine|Close Combat|p2a: Chansey
|-supereffective|p2a: Chansey
|-damage|p2a: Chansey|25/100
|-unboost|p1a: Arcanine|def|1
|-unboost|p1a: Arcanine|spd|1
|-damage|p1a: Arcanine|48/100|[from] item: Life Orb
|move|p2a: Chansey|Soft-Boiled|p2a: Chansey
|-heal|p2a: Chansey|75/100
|
|upkeep
|turn|8
|
|t:|1660757790
|switch|p1a: Dragonite|Dragonite, M|100/100
|move|p2a: Chansey|Soft-Boiled|p2a: Chansey
|-heal|p2a: Chansey|100/100
|
|upkeep
|turn|9
|
|t:|1660757796
|move|p1a: Dragonite|Dragon Dance|p1a: Dragonite
|-boost|p1a: Dragonite|atk|1
|-boost|p1a: Dragonite|spe|1
|move|p2a: Chansey|Seismic Toss|p1a: Dragonite
|-damage|p1a: Dragonite|70/100
|
|-heal|p1a: Dragonite|76/100|[from] item: Leftovers
|upkeep
|turn|10
|
|t:|1660757805
|move|p1a: Dragonite|Dragon Dance|p1a: Dragonite
|-boost|p1a: Dragonite|atk|1
|-boost|p1a: Dragonite|spe|1
|move|p2a: Chansey|Teleport|p2a: Chansey
|
|t:|1660757809
|switch|p2a: Slowbro|Slowbro, M|73/100|[from]move: Teleport
|
|-heal|p1a: Dragonite|82/100|[from] item: Leftovers
|-sideend|p2: LT_Alt1|Reflect
|upkeep
|turn|11
|
|t:|1660757816
|move|p1a: Dragonite|Earthquake|p2a: Slowbro
|-damage|p2a: Slowbro|31/100
|move|p2a: Slowbro|Ice Beam|p1a: Dragonite
|-supereffective|p1a: Dragonite
|-damage|p1a: Dragonite|0 fnt
|faint|p1a: Dragonite
|
|upkeep
|
|t:|1660757820
|switch|p1a: Alakazam|Alakazam, M|100/100
|turn|12
|
|t:|1660757828
|move|p1a: Alakazam|Nasty Plot|p1a: Alakazam
|-boost|p1a: Alakazam|spa|2
|move|p2a: Slowbro|Ice Beam|p1a: Alakazam
|-crit|p1a: Alakazam
|-damage|p1a: Alakazam|56/100
|
|upkeep
|turn|13
|
|t:|1660757840
|move|p1a: Alakazam|Nasty Plot|p1a: Alakazam
|-boost|p1a: Alakazam|spa|2
|move|p2a: Slowbro|Teleport|p2a: Slowbro
|
|t:|1660757844
|switch|p2a: Alakazam|Alakazam, M|100/100|[from]move: Teleport
|
|upkeep
|turn|14
|
|t:|1660757848
|move|p1a: Alakazam|Shadow Ball|p2a: Alakazam
|-supereffective|p2a: Alakazam
|-damage|p2a: Alakazam|0 fnt
|faint|p2a: Alakazam
|
|upkeep
|
|t:|1660757856
|switch|p2a: Chansey|Chansey, F|100/100
|turn|15
|
|t:|1660757860
|move|p1a: Alakazam|Psyshock|p2a: Chansey
|-damage|p2a: Chansey|25/100
|move|p2a: Chansey|Seismic Toss|p1a: Alakazam
|-damage|p1a: Alakazam|16/100
|
|upkeep
|turn|16
|
|t:|1660757866
|move|p1a: Alakazam|Psyshock|p2a: Chansey
|-damage|p2a: Chansey|0 fnt
|faint|p2a: Chansey
|
|upkeep
|
|t:|1660757872
|switch|p2a: Clefable|Clefable, F|100/100
|turn|17
|
|t:|1660757874
|move|p1a: Alakazam|Psyshock|p2a: Clefable
|-damage|p2a: Clefable|0 fnt
|faint|p2a: Clefable
|
|upkeep
|inactive|LT_Alt1 has 120 seconds left.
|
|t:|1660757918
|switch|p2a: Zapdos|Zapdos|100/100
|turn|18
|
|t:|1660757923
|move|p1a: Alakazam|Psyshock|p2a: Zapdos
|-crit|p2a: Zapdos
|-damage|p2a: Zapdos|0 fnt
|faint|p2a: Zapdos
|
|upkeep
|inactive|LT_Alt1 has 90 seconds left.
|inactive|LT_Alt1 has 60 seconds left.
|inactive|LT_Alt1 has 30 seconds left.
|inactive|LT_Alt1 has 20 seconds left.
|-message|LT_Alt1 forfeited.
|
|win|Thruxy
|inactive|LT_Alt1 has 25 seconds left this turn.
|raw|Thruxy's rating: 1586 &rarr; <strong>1618</strong><br />(+32 for winning)
|raw|LT_Alt1's rating: 1826 &rarr; <strong>1794</strong><br />(-32 for losing)
|l|☆LT_Alt1
|l|☆Thruxy
||Ladder isn't responding, score probably updated but might not have (Request timeout).
|j|☆Thruxy
|player|p1|Thruxy|blue
