|j|☆ldailey19
|j|‽minimax_ai
|t:|1667337275
|gametype|singles
|player|p1|ldailey19|lance|1541
|player|p2|minimax_ai|266|1614
|teamsize|p1|6
|teamsize|p2|6
|gen|8
|tier|[Gen 8] OU
|rated|
|rule|Sleep Clause Mod: Limit one foe put to sleep
|rule|Species Clause: Limit one of each Pokémon
|rule|OHKO Clause: OHKO moves are banned
|rule|Evasion Items Clause: Evasion items are banned
|rule|Evasion Moves Clause: Evasion moves are banned
|rule|Endless Battle Clause: Forcing endless battles is banned
|rule|HP Percentage Mod: HP is shown in percentages
|rule|Dynamax Clause: You cannot dynamax
|clearpoke
|poke|p1|Magnezone|
|poke|p1|Weavile, M|
|poke|p1|Urshifu-*, M|
|poke|p1|Heatran, M|
|poke|p1|Landorus-Therian, M|
|poke|p1|Dragapult, F|
|poke|p2|Rotom-Wash|
|poke|p2|Weavile, M|
|poke|p2|Landorus-Therian, M|
|poke|p2|Heatran, M|
|poke|p2|Tangrowth, M|
|poke|p2|Melmetal|
|teampreview
|inactive|Battle timer is ON: inactive players will automatically lose when time's up. (requested by ldailey19)
|inactive|minimax_ai also wants the timer to be on.
|inactive|ldailey19 has 120 seconds left.
|
|t:|1667337309
|start
|switch|p1a: Weavile|Weavile, M|100/100
|switch|p2a: Rotom|Rotom-Wash|100/100
|-ability|p1a: Weavile|Pressure
|turn|1
|
|t:|1667337312
|move|p1a: Weavile|Knock Off|p2a: Rotom
|-damage|p2a: Rotom|28/100
|-enditem|p2a: Rotom|Leftovers|[from] move: Knock Off|[of] p1a: Weavile
|move|p2a: Rotom|Thunderbolt|p1a: Weavile
|-damage|p1a: Weavile|48/100
|
|upkeep
|turn|2
|
|t:|1667337317
|switch|p2a: Tangrowth|Tangrowth, M|100/100
|move|p1a: Weavile|Knock Off|p2a: Tangrowth
|-damage|p2a: Tangrowth|60/100
|-damage|p1a: Weavile|32/100|[from] item: Rocky Helmet|[of] p2a: Tangrowth
|-enditem|p2a: Tangrowth|Rocky Helmet|[from] move: Knock Off|[of] p1a: Weavile
|
|upkeep
|turn|3
|
|t:|1667337327
|switch|p1a: Landorus|Landorus-Therian, M|100/100
|-ability|p1a: Landorus|Intimidate|boost
|-unboost|p2a: Tangrowth|atk|1
|move|p2a: Tangrowth|Giga Drain|p1a: Landorus
|-damage|p1a: Landorus|70/100
|-heal|p2a: Tangrowth|75/100|[from] drain|[of] p1a: Landorus
|
|upkeep
|turn|4
|
|t:|1667337331
|switch|p2a: Landorus|Landorus-Therian, M|100/100
|-ability|p2a: Landorus|Intimidate|boost
|-unboost|p1a: Landorus|atk|1
|move|p1a: Landorus|Stealth Rock|p2a: Landorus
|-sidestart|p2: minimax_ai|move: Stealth Rock
|
|upkeep
|turn|5
|
|t:|1667337334
|move|p1a: Landorus|Knock Off|p2a: Landorus
|-damage|p2a: Landorus|80/100
|-enditem|p2a: Landorus|Leftovers|[from] move: Knock Off|[of] p1a: Landorus
|move|p2a: Landorus|Defog|p1a: Landorus
|-unboost|p1a: Landorus|evasion|1
|-sideend|p2: minimax_ai|Stealth Rock|[from] move: Defog|[of] p2a: Landorus
|
|upkeep
|turn|6
|
|t:|1667337343
|move|p1a: Landorus|Knock Off|p2a: Landorus
|-damage|p2a: Landorus|66/100
|move|p2a: Landorus|Earthquake|p1a: Landorus
|-immune|p1a: Landorus
|
|upkeep
|turn|7
|
|t:|1667337348
|move|p1a: Landorus|Knock Off|p2a: Landorus
|-damage|p2a: Landorus|53/100
|move|p2a: Landorus|Toxic|p1a: Landorus
|-status|p1a: Landorus|tox
|
|-damage|p1a: Landorus|64/100 tox|[from] psn
|upkeep
|turn|8
|
|t:|1667337354
|move|p1a: Landorus|Knock Off|p2a: Landorus
|-damage|p2a: Landorus|41/100
|move|p2a: Landorus|Earthquake|p1a: Landorus
|-immune|p1a: Landorus
|
|-damage|p1a: Landorus|52/100 tox|[from] psn
|upkeep
|turn|9
|
|t:|1667337362
|switch|p1a: Heatran|Heatran, M, shiny|100/100
|-item|p1a: Heatran|Air Balloon
|move|p2a: Landorus|Earthquake|p1a: Heatran
|-immune|p1a: Heatran
|
|upkeep
|turn|10
|
|t:|1667337366
|switch|p2a: Heatran|Heatran, M|100/100
|-item|p2a: Heatran|Air Balloon
|move|p1a: Heatran|Protect||[still]
|-fail|p1a: Heatran
|
|upkeep
|turn|11
|
|t:|1667337375
|switch|p1a: Urshifu|Urshifu-Rapid-Strike, M|100/100
|move|p2a: Heatran|Eruption|p1a: Urshifu
|-resisted|p1a: Urshifu
|-damage|p1a: Urshifu|39/100
|
|upkeep
|turn|12
|
|t:|1667337382
|switch|p2a: Tangrowth|Tangrowth, M|100/100
|move|p1a: Urshifu|Close Combat|p2a: Tangrowth
|-damage|p2a: Tangrowth|70/100
|-unboost|p1a: Urshifu|def|1
|-unboost|p1a: Urshifu|spd|1
|
|upkeep
|turn|13
|
|t:|1667337392
|switch|p1a: Landorus|Landorus-Therian, M|52/100 tox
|-ability|p1a: Landorus|Intimidate|boost
|-unboost|p2a: Tangrowth|atk|1
|move|p2a: Tangrowth|Knock Off|p1a: Landorus
|-damage|p1a: Landorus|42/100 tox
|-damage|p2a: Tangrowth|53/100|[from] item: Rocky Helmet|[of] p1a: Landorus
|-enditem|p1a: Landorus|Rocky Helmet|[from] move: Knock Off|[of] p2a: Tangrowth
|
|-damage|p1a: Landorus|36/100 tox|[from] psn
|upkeep
|turn|14
|
|t:|1667337395
|move|p1a: Landorus|Stealth Rock|p2a: Tangrowth
|-sidestart|p2: minimax_ai|move: Stealth Rock
|move|p2a: Tangrowth|Giga Drain|p1a: Landorus
|-damage|p1a: Landorus|7/100 tox
|-heal|p2a: Tangrowth|67/100|[from] drain|[of] p1a: Landorus
|
|-damage|p1a: Landorus|0 fnt|[from] psn
|faint|p1a: Landorus
|upkeep
|
|t:|1667337405
|switch|p1a: Weavile|Weavile, M|32/100
|-ability|p1a: Weavile|Pressure
|turn|15
|
|t:|1667337413
|switch|p2a: Landorus|Landorus-Therian, M|41/100
|-damage|p2a: Landorus|29/100|[from] Stealth Rock
|-ability|p2a: Landorus|Intimidate|boost
|-unboost|p1a: Weavile|atk|1
|move|p1a: Weavile|Triple Axel|p2a: Landorus
|-supereffective|p2a: Landorus
|-damage|p2a: Landorus|0 fnt
|faint|p2a: Landorus
|-hitcount|p2: Landorus|1
|
|upkeep
|
|t:|1667337413
|switch|p2a: Heatran|Heatran, M|100/100
|-damage|p2a: Heatran|88/100|[from] Stealth Rock
|-item|p2a: Heatran|Air Balloon
|turn|16
|
|t:|1667337425
|move|p1a: Weavile|Triple Axel|p2a: Heatran
|-resisted|p2a: Heatran
|-damage|p2a: Heatran|85/100
|-enditem|p2a: Heatran|Air Balloon
|-resisted|p2a: Heatran
|-damage|p2a: Heatran|80/100
|-resisted|p2a: Heatran
|-damage|p2a: Heatran|73/100
|-hitcount|p2a: Heatran|3
|move|p2a: Heatran|Stealth Rock|p1a: Weavile
|-sidestart|p1: ldailey19|move: Stealth Rock
|
|upkeep
|turn|17
|
|t:|1667337436
|switch|p1a: Heatran|Heatran, M, shiny|100/100
|-damage|p1a: Heatran|88/100|[from] Stealth Rock
|-item|p1a: Heatran|Air Balloon
|switch|p2a: Melmetal|Melmetal|100/100
|-damage|p2a: Melmetal|94/100|[from] Stealth Rock
|
|upkeep
|turn|18
|
|t:|1667337440
|switch|p2a: Rotom|Rotom-Wash|28/100
|-damage|p2a: Rotom|16/100|[from] Stealth Rock
|move|p1a: Heatran|Flamethrower|p2a: Rotom
|-resisted|p2a: Rotom
|-damage|p2a: Rotom|0 fnt
|faint|p2a: Rotom
|
|upkeep
|
|t:|1667337440
|switch|p2a: Weavile|Weavile, M|100/100
|-damage|p2a: Weavile|76/100|[from] Stealth Rock
|-ability|p2a: Weavile|Pressure
|turn|19
|
|t:|1667337448
|move|p1a: Heatran|Protect|p1a: Heatran
|-singleturn|p1a: Heatran|Protect
|move|p2a: Weavile|Low Kick|p1a: Heatran
|-activate|p1a: Heatran|move: Protect
|
|upkeep
|turn|20
|
|t:|1667337453
|switch|p1a: Dragapult|Dragapult, F, shiny|100/100
|-damage|p1a: Dragapult|88/100|[from] Stealth Rock
|move|p2a: Weavile|Low Kick|p1a: Dragapult
|-immune|p1a: Dragapult
|
|upkeep
|turn|21
|
|t:|1667337458
|switch|p2a: Melmetal|Melmetal|94/100
|-damage|p2a: Melmetal|88/100|[from] Stealth Rock
|move|p1a: Dragapult|Dragon Darts|p2a: Melmetal
|-resisted|p2a: Melmetal
|-damage|p2a: Melmetal|81/100
|-anim|p1a: Dragapult|Dragon Darts|p2a: Melmetal
|-resisted|p2a: Melmetal
|-damage|p2a: Melmetal|74/100
|
|upkeep
|turn|22
|
|t:|1667337468
|move|p1a: Dragapult|U-turn|p2a: Melmetal
|-resisted|p2a: Melmetal
|-damage|p2a: Melmetal|67/100
|
|t:|1667337472
|switch|p1a: Weavile|Weavile, M|32/100|[from]move: U-turn
|-damage|p1a: Weavile|7/100|[from] Stealth Rock
|-ability|p1a: Weavile|Pressure
|move|p2a: Melmetal|Thunder Punch|p1a: Weavile
|-damage|p1a: Weavile|0 fnt
|faint|p1a: Weavile
|
|upkeep
|
|t:|1667337487
|switch|p1a: Heatran|Heatran, M, shiny|88/100
|-damage|p1a: Heatran|75/100|[from] Stealth Rock
|-item|p1a: Heatran|Air Balloon
|turn|23
|
|t:|1667337494
|move|p1a: Heatran|Flamethrower|p2a: Melmetal
|-supereffective|p2a: Melmetal
|-damage|p2a: Melmetal|24/100
|move|p2a: Melmetal|Thunder Punch|p1a: Heatran
|-damage|p1a: Heatran|44/100
|-enditem|p1a: Heatran|Air Balloon
|
|upkeep
|turn|24
|
|t:|1667337499
|move|p1a: Heatran|Flamethrower|p2a: Melmetal
|-supereffective|p2a: Melmetal
|-damage|p2a: Melmetal|0 fnt
|faint|p2a: Melmetal
|
|upkeep
|
|t:|1667337499
|switch|p2a: Heatran|Heatran, M|73/100
|-damage|p2a: Heatran|60/100|[from] Stealth Rock
|turn|25
|
|t:|1667337509
|move|p2a: Heatran|Earth Power|p1a: Heatran
|-supereffective|p1a: Heatran
|-damage|p1a: Heatran|0 fnt
|faint|p1a: Heatran
|
|upkeep
|
|t:|1667337513
|switch|p1a: Urshifu|Urshifu-Rapid-Strike, M|39/100
|-damage|p1a: Urshifu|32/100|[from] Stealth Rock
|turn|26
|
|t:|1667337519
|switch|p2a: Tangrowth|Tangrowth, M|99/100
|-damage|p2a: Tangrowth|88/100|[from] Stealth Rock
|move|p1a: Urshifu|Close Combat|p2a: Tangrowth
|-damage|p2a: Tangrowth|53/100
|-unboost|p1a: Urshifu|def|1
|-unboost|p1a: Urshifu|spd|1
|
|upkeep
|turn|27
|
|t:|1667337526
|switch|p1a: Dragapult|Dragapult, F, shiny|88/100
|-damage|p1a: Dragapult|76/100|[from] Stealth Rock
|move|p2a: Tangrowth|Focus Blast|p1a: Dragapult
|-immune|p1a: Dragapult
|
|upkeep
|turn|28
|
|t:|1667337533
|switch|p2a: Heatran|Heatran, M|60/100
|-damage|p2a: Heatran|48/100|[from] Stealth Rock
|move|p1a: Dragapult|U-turn|p2a: Heatran
|-resisted|p2a: Heatran
|-damage|p2a: Heatran|42/100
|
|t:|1667337539
|switch|p1a: Urshifu|Urshifu-Rapid-Strike, M|32/100|[from]move: U-turn
|-damage|p1a: Urshifu|26/100|[from] Stealth Rock
|
|upkeep
|turn|29
|
|t:|1667337542
|switch|p2a: Tangrowth|Tangrowth, M|86/100
|-damage|p2a: Tangrowth|74/100|[from] Stealth Rock
|move|p1a: Urshifu|Close Combat|p2a: Tangrowth
|-damage|p2a: Tangrowth|44/100
|-unboost|p1a: Urshifu|def|1
|-unboost|p1a: Urshifu|spd|1
|
|upkeep
|turn|30
|
|t:|1667337550
|switch|p1a: Dragapult|Dragapult, F, shiny|76/100
|-damage|p1a: Dragapult|64/100|[from] Stealth Rock
|move|p2a: Tangrowth|Focus Blast|p1a: Dragapult
|-immune|p1a: Dragapult
|
|upkeep
|turn|31
|
|t:|1667337559
|move|p1a: Dragapult|Flamethrower|p2a: Tangrowth
|-supereffective|p2a: Tangrowth
|-damage|p2a: Tangrowth|0 fnt
|faint|p2a: Tangrowth
|
|upkeep
|
|t:|1667337559
|switch|p2a: Heatran|Heatran, M|42/100
|-damage|p2a: Heatran|30/100|[from] Stealth Rock
|turn|32
|
|t:|1667337570
|move|p1a: Dragapult|Phantom Force||[still]
|-prepare|p1a: Dragapult|Phantom Force
|move|p2a: Heatran|Earth Power|p1a: Dragapult|[miss]
|-miss|p2a: Heatran|p1a: Dragapult
|
|upkeep
|turn|33
|
|t:|1667337573
|switch|p2a: Weavile|Weavile, M|76/100
|-damage|p2a: Weavile|51/100|[from] Stealth Rock
|-ability|p2a: Weavile|Pressure
|move|p1a: Dragapult|Phantom Force|p2a: Weavile|[from]lockedmove
|-resisted|p2a: Weavile
|-damage|p2a: Weavile|10/100
|
|upkeep
|turn|34
|
|t:|1667337588
|move|p2a: Weavile|Ice Shard|p1a: Dragapult
|-supereffective|p1a: Dragapult
|-damage|p1a: Dragapult|0 fnt
|faint|p1a: Dragapult
|
|upkeep
|
|t:|1667337591
|switch|p1a: Magnezone|Magnezone, shiny|100/100
|-damage|p1a: Magnezone|94/100|[from] Stealth Rock
|turn|35
|
|t:|1667337596
|move|p2a: Weavile|Ice Shard|p1a: Magnezone
|-resisted|p1a: Magnezone
|-damage|p1a: Magnezone|82/100
|move|p1a: Magnezone|Thunderbolt|p2a: Weavile
|-damage|p2a: Weavile|0 fnt
|faint|p2a: Weavile
|
|upkeep
|
|t:|1667337596
|switch|p2a: Heatran|Heatran, M|30/100
|-damage|p2a: Heatran|18/100|[from] Stealth Rock
|turn|36
|
|t:|1667337600
|move|p2a: Heatran|Earth Power|p1a: Magnezone
|-supereffective|p1a: Magnezone
|-damage|p1a: Magnezone|0 fnt
|faint|p1a: Magnezone
|
|upkeep
|
|t:|1667337602
|switch|p1a: Urshifu|Urshifu-Rapid-Strike, M|26/100
|-damage|p1a: Urshifu|20/100|[from] Stealth Rock
|turn|37
|
|t:|1667337604
|move|p1a: Urshifu|Aqua Jet|p2a: Heatran
|-supereffective|p2a: Heatran
|-damage|p2a: Heatran|0 fnt
|faint|p2a: Heatran
|
|win|ldailey19
|raw|ldailey19's rating: 1541 &rarr; <strong>1565</strong><br />(+24 for winning)
|raw|minimax_ai's rating: 1614 &rarr; <strong>1590</strong><br />(-24 for losing)
