|j|☆TESLA ROADSTER
|j|☆Spectre Combo
|t:|1616088997
|player|p1|TESLA ROADSTER|102|1803
|player|p2|Spectre Combo|linebacker|1708
|teamsize|p1|6
|teamsize|p2|6
|gametype|singles
|gen|8
|tier|[Gen 8] OU
|rated|
|clearpoke
|poke|p1|Pelipper, F|
|poke|p1|Scizor, F|
|poke|p1|Rillaboom, M|
|poke|p1|Seismitoad, F|
|poke|p1|Tapu Koko|
|poke|p1|Urshifu-*, M|
|poke|p2|Tapu Koko|
|poke|p2|Raichu-Alola, F|
|poke|p2|Ferrothorn, M|
|poke|p2|Mandibuzz, F|
|poke|p2|Swampert, M|
|poke|p2|Kartana|
|rule|Sleep Clause Mod: Limit one foe put to sleep
|rule|Species Clause: Limit one of each Pokémon
|rule|OHKO Clause: OHKO moves are banned
|rule|Evasion Moves Clause: Evasion moves are banned
|rule|Endless Battle Clause: Forcing endless battles is banned
|rule|HP Percentage Mod: HP is shown in percentages
|rule|Dynamax Clause: You cannot dynamax
|teampreview
|inactive|Battle timer is ON: inactive players will automatically lose when time's up. (requested by TESLA ROADSTER)
|
|t:|1616089016
|start
|switch|p1a: Pelipper|Pelipper, F|100/100
|switch|p2a: Swampert|Swampert, M|100/100
|-weather|RainDance|[from] ability: Drizzle|[of] p1a: Pelipper
|turn|1
|
|t:|1616089023
|move|p1a: Pelipper|U-turn|p2a: Swampert
|-damage|p2a: Swampert|92/100
|
|t:|1616089034
|switch|p1a: Urshifu|Urshifu-Rapid-Strike, M|100/100|[from]move: U-turn
|move|p2a: Swampert|Toxic|p1a: Urshifu
|-status|p1a: Urshifu|tox
|
|-weather|RainDance|[upkeep]
|-heal|p2a: Swampert|99/100|[from] item: Leftovers
|-damage|p1a: Urshifu|94/100 tox|[from] psn
|upkeep
|turn|2
|
|t:|1616089041
|switch|p2a: Mandibuzz|Mandibuzz, F|100/100
|move|p1a: Urshifu|Close Combat|p2a: Mandibuzz
|-damage|p2a: Mandibuzz|62/100
|-unboost|p1a: Urshifu|def|1
|-unboost|p1a: Urshifu|spd|1
|
|-weather|RainDance|[upkeep]
|-damage|p1a: Urshifu|82/100 tox|[from] psn
|upkeep
|turn|3
|
|t:|1616089050
|switch|p1a: Tapu Koko|Tapu Koko|100/100
|-fieldstart|move: Electric Terrain|[from] ability: Electric Surge|[of] p1a: Tapu Koko
|move|p2a: Mandibuzz|Roost|p2a: Mandibuzz
|-heal|p2a: Mandibuzz|100/100
|-singleturn|p2a: Mandibuzz|move: Roost
|
|-weather|RainDance|[upkeep]
|upkeep
|turn|4
|
|t:|1616089066
|switch|p2a: Ferrothorn|Ferrothorn, M|100/100
|move|p1a: Tapu Koko|Grass Knot|p2a: Ferrothorn
|-resisted|p2a: Ferrothorn
|-damage|p2a: Ferrothorn|94/100
|-damage|p1a: Tapu Koko|88/100|[from] ability: Iron Barbs|[of] p2a: Ferrothorn
|
|-weather|RainDance|[upkeep]
|-heal|p2a: Ferrothorn|99/100|[from] item: Leftovers
|upkeep
|turn|5
|
|t:|1616089076
|switch|p1a: Urshifu|Urshifu-Rapid-Strike, M|82/100 tox
|move|p2a: Ferrothorn|Spikes|p1a: Urshifu
|-sidestart|p1: TESLA ROADSTER|Spikes
|
|-weather|RainDance|[upkeep]
|-heal|p2a: Ferrothorn|100/100|[from] item: Leftovers
|-damage|p1a: Urshifu|76/100 tox|[from] psn
|upkeep
|turn|6
|
|t:|1616089089
|move|p1a: Urshifu|Surging Strikes|p2a: Ferrothorn
|-resisted|p2a: Ferrothorn
|-crit|p2a: Ferrothorn
|-damage|p2a: Ferrothorn|88/100
|-damage|p1a: Urshifu|64/100 tox|[from] ability: Iron Barbs|[of] p2a: Ferrothorn
|-resisted|p2a: Ferrothorn
|-crit|p2a: Ferrothorn
|-damage|p2a: Ferrothorn|76/100
|-damage|p1a: Urshifu|51/100 tox|[from] ability: Iron Barbs|[of] p2a: Ferrothorn
|-resisted|p2a: Ferrothorn
|-crit|p2a: Ferrothorn
|-damage|p2a: Ferrothorn|64/100
|-damage|p1a: Urshifu|39/100 tox|[from] ability: Iron Barbs|[of] p2a: Ferrothorn
|-hitcount|p2a: Ferrothorn|3
|move|p2a: Ferrothorn|Knock Off|p1a: Urshifu
|-resisted|p1a: Urshifu
|-damage|p1a: Urshifu|28/100 tox
|-enditem|p1a: Urshifu|Choice Scarf|[from] move: Knock Off|[of] p2a: Ferrothorn
|
|-weather|RainDance|[upkeep]
|-heal|p2a: Ferrothorn|70/100|[from] item: Leftovers
|-damage|p1a: Urshifu|16/100 tox|[from] psn
|upkeep
|turn|7
|
|t:|1616089107
|switch|p2a: Mandibuzz|Mandibuzz, F|100/100
|move|p1a: Urshifu|Close Combat|p2a: Mandibuzz
|-damage|p2a: Mandibuzz|61/100
|-unboost|p1a: Urshifu|def|1
|-unboost|p1a: Urshifu|spd|1
|
|-weather|RainDance|[upkeep]
|-damage|p1a: Urshifu|0 fnt|[from] psn
|faint|p1a: Urshifu
|-fieldend|move: Electric Terrain
|upkeep
|
|t:|1616089110
|switch|p1a: Tapu Koko|Tapu Koko|88/100
|-damage|p1a: Tapu Koko|76/100|[from] Spikes
|-fieldstart|move: Electric Terrain|[from] ability: Electric Surge|[of] p1a: Tapu Koko
|turn|8
|
|t:|1616089118
|switch|p2a: Ferrothorn|Ferrothorn, M|70/100
|move|p1a: Tapu Koko|Volt Switch|p2a: Ferrothorn
|-resisted|p2a: Ferrothorn
|-damage|p2a: Ferrothorn|51/100
|
|t:|1616089125
|switch|p1a: Seismitoad|Seismitoad, F|100/100|[from]move: Volt Switch
|-damage|p1a: Seismitoad|88/100|[from] Spikes
|
|-weather|none
|-heal|p2a: Ferrothorn|57/100|[from] item: Leftovers
|upkeep
|turn|9
|
|t:|1616089128
|-singleturn|p1a: Seismitoad|move: Focus Punch
|move|p2a: Ferrothorn|Leech Seed|p1a: Seismitoad
|-start|p1a: Seismitoad|move: Leech Seed
|move|p1a: Seismitoad|Focus Punch|p2a: Ferrothorn
|-supereffective|p2a: Ferrothorn
|-damage|p2a: Ferrothorn|0 fnt
|-damage|p1a: Seismitoad|76/100|[from] ability: Iron Barbs|[of] p2a: Ferrothorn
|-damage|p1a: Seismitoad|66/100|[from] item: Life Orb
|faint|p2a: Ferrothorn
|
|upkeep
|
|t:|1616089132
|switch|p2a: Kartana|Kartana|100/100
|turn|10
|
|t:|1616089137
|switch|p1a: Scizor|Scizor, F|100/100
|-damage|p1a: Scizor|88/100|[from] Spikes
|move|p2a: Kartana|Leaf Blade|p1a: Scizor
|-resisted|p1a: Scizor
|-damage|p1a: Scizor|68/100
|-damage|p2a: Kartana|91/100|[from] item: Life Orb
|
|-heal|p1a: Scizor|74/100|[from] item: Leftovers
|upkeep
|turn|11
|
|t:|1616089140
|move|p2a: Kartana|Swords Dance|p2a: Kartana
|-boost|p2a: Kartana|atk|2
|move|p1a: Scizor|U-turn|p2a: Kartana
|-damage|p2a: Kartana|60/100
|
|t:|1616089142
|switch|p1a: Pelipper|Pelipper, F|100/100|[from]move: U-turn
|-weather|RainDance|[from] ability: Drizzle|[of] p1a: Pelipper
|
|-weather|RainDance|[upkeep]
|upkeep
|turn|12
|j| trollordder
|
|t:|1616089154
|switch|p1a: Scizor|Scizor, F|74/100
|-damage|p1a: Scizor|61/100|[from] Spikes
|move|p2a: Kartana|Leaf Blade|p1a: Scizor
|-resisted|p1a: Scizor
|-damage|p1a: Scizor|24/100
|-damage|p2a: Kartana|50/100|[from] item: Life Orb
|
|-weather|RainDance|[upkeep]
|-heal|p1a: Scizor|30/100|[from] item: Leftovers
|-fieldend|move: Electric Terrain
|upkeep
|turn|13
|
|t:|1616089159
|move|p2a: Kartana|Leaf Blade|p1a: Scizor
|-resisted|p1a: Scizor
|-damage|p1a: Scizor|0 fnt
|-damage|p2a: Kartana|40/100|[from] item: Life Orb
|faint|p1a: Scizor
|-ability|p2a: Kartana|Beast Boost|boost
|-boost|p2a: Kartana|atk|1
|
|-weather|RainDance|[upkeep]
|upkeep
|
|t:|1616089161
|switch|p1a: Seismitoad|Seismitoad, F|66/100
|-damage|p1a: Seismitoad|54/100|[from] Spikes
|turn|14
|
|t:|1616089165
|switch|p2a: Swampert|Swampert, M|99/100
|move|p1a: Seismitoad|Scald|p2a: Swampert
|-damage|p2a: Swampert|58/100
|-damage|p1a: Seismitoad|44/100|[from] item: Life Orb
|
|-weather|RainDance|[upkeep]
|-heal|p2a: Swampert|64/100|[from] item: Leftovers
|upkeep
|turn|15
|
|t:|1616089173
|switch|p1a: Pelipper|Pelipper, F|100/100
|move|p2a: Swampert|Stealth Rock|p1a: Pelipper
|-sidestart|p1: TESLA ROADSTER|move: Stealth Rock
|
|-weather|RainDance|[upkeep]
|-heal|p2a: Swampert|70/100|[from] item: Leftovers
|upkeep
|turn|16
|
|t:|1616089179
|move|p1a: Pelipper|Defog|p2a: Swampert
|-unboost|p2a: Swampert|evasion|1
|-sideend|p1: TESLA ROADSTER|Spikes|[from] move: Defog|[of] p1a: Pelipper
|-sideend|p1: TESLA ROADSTER|Stealth Rock|[from] move: Defog|[of] p1a: Pelipper
|move|p2a: Swampert|Toxic|p1a: Pelipper
|-status|p1a: Pelipper|tox
|
|-weather|RainDance|[upkeep]
|-heal|p2a: Swampert|76/100|[from] item: Leftovers
|-damage|p1a: Pelipper|94/100 tox|[from] psn
|upkeep
|turn|17
|
|t:|1616089186
|move|p1a: Pelipper|U-turn|p2a: Swampert
|-damage|p2a: Swampert|69/100
|
|t:|1616089188
|switch|p1a: Rillaboom|Rillaboom, M|100/100|[from]move: U-turn
|-fieldstart|move: Grassy Terrain|[from] ability: Grassy Surge|[of] p1a: Rillaboom
|move|p2a: Swampert|Stealth Rock|p1a: Rillaboom
|-sidestart|p1: TESLA ROADSTER|move: Stealth Rock
|
|-weather|RainDance|[upkeep]
|-heal|p2a: Swampert|75/100|[from] Grassy Terrain
|-heal|p2a: Swampert|81/100|[from] item: Leftovers
|upkeep
|turn|18
|
|t:|1616089193
|move|p1a: Rillaboom|Wood Hammer|p2a: Swampert
|-supereffective|p2a: Swampert
|-damage|p2a: Swampert|0 fnt
|-damage|p1a: Rillaboom|69/100|[from] Recoil
|faint|p2a: Swampert
|
|-weather|none
|-heal|p1a: Rillaboom|75/100|[from] Grassy Terrain
|upkeep
|
|t:|1616089196
|switch|p2a: Tapu Koko|Tapu Koko|100/100
|-fieldstart|move: Electric Terrain|[from] ability: Electric Surge|[of] p2a: Tapu Koko
|turn|19
|
|t:|1616089199
|switch|p1a: Pelipper|Pelipper, F|94/100 tox
|-damage|p1a: Pelipper|70/100 tox|[from] Stealth Rock
|-weather|RainDance|[from] ability: Drizzle|[of] p1a: Pelipper
|move|p2a: Tapu Koko|Dazzling Gleam|p1a: Pelipper
|-damage|p1a: Pelipper|24/100 tox
|
|-weather|RainDance|[upkeep]
|-damage|p1a: Pelipper|18/100 tox|[from] psn
|upkeep
|turn|20
|
|t:|1616089202
|move|p2a: Tapu Koko|Dazzling Gleam|p1a: Pelipper
|-damage|p1a: Pelipper|0 fnt
|faint|p1a: Pelipper
|
|-weather|RainDance|[upkeep]
|upkeep
|
|t:|1616089205
|switch|p1a: Seismitoad|Seismitoad, F|44/100
|-damage|p1a: Seismitoad|38/100|[from] Stealth Rock
|turn|21
|
|t:|1616089214
|switch|p2a: Mandibuzz|Mandibuzz, F|61/100
|move|p1a: Seismitoad|Earth Power|p2a: Mandibuzz
|-immune|p2a: Mandibuzz
|
|-weather|RainDance|[upkeep]
|upkeep
|turn|22
|
|t:|1616089217
|switch|p1a: Tapu Koko|Tapu Koko|76/100
|-damage|p1a: Tapu Koko|63/100|[from] Stealth Rock
|move|p2a: Mandibuzz|U-turn|p1a: Tapu Koko
|-resisted|p1a: Tapu Koko
|-damage|p1a: Tapu Koko|56/100
|
|t:|1616089219
|switch|p2a: Raichu|Raichu-Alola, F, shiny|100/100|[from]move: U-turn
|
|-weather|RainDance|[upkeep]
|upkeep
|turn|23
|
|t:|1616089223
|switch|p1a: Rillaboom|Rillaboom, M|75/100
|-damage|p1a: Rillaboom|63/100|[from] Stealth Rock
|-fieldstart|move: Grassy Terrain|[from] ability: Grassy Surge|[of] p1a: Rillaboom
|move|p2a: Raichu|Psychic|p1a: Rillaboom
|-damage|p1a: Rillaboom|0 fnt
|faint|p1a: Rillaboom
|
|-weather|RainDance|[upkeep]
|upkeep
|
|t:|1616089226
|switch|p1a: Seismitoad|Seismitoad, F|38/100
|-damage|p1a: Seismitoad|32/100|[from] Stealth Rock
|turn|24
|
|t:|1616089229
|switch|p2a: Tapu Koko|Tapu Koko|100/100
|-fieldstart|move: Electric Terrain|[from] ability: Electric Surge|[of] p2a: Tapu Koko
|move|p1a: Seismitoad|Scald|p2a: Tapu Koko
|-damage|p2a: Tapu Koko|3/100
|-damage|p1a: Seismitoad|22/100|[from] item: Life Orb
|
|-weather|RainDance|[upkeep]
|upkeep
|turn|25
|
|t:|1616089232
|move|p1a: Seismitoad|Scald|p2a: Tapu Koko
|-damage|p2a: Tapu Koko|0 fnt
|-damage|p1a: Seismitoad|12/100|[from] item: Life Orb
|faint|p2a: Tapu Koko
|
|-weather|RainDance|[upkeep]
|upkeep
|
|t:|1616089234
|switch|p2a: Raichu|Raichu-Alola, F, shiny|100/100
|turn|26
|
|t:|1616089236
|move|p2a: Raichu|Psychic|p1a: Seismitoad
|-crit|p1a: Seismitoad
|-damage|p1a: Seismitoad|0 fnt
|faint|p1a: Seismitoad
|
|-weather|none
|upkeep
|
|t:|1616089238
|switch|p1a: Tapu Koko|Tapu Koko|56/100
|-damage|p1a: Tapu Koko|44/100|[from] Stealth Rock
|turn|27
|
|t:|1616089240
|move|p2a: Raichu|Psychic|p1a: Tapu Koko
|-damage|p1a: Tapu Koko|0 fnt
|faint|p1a: Tapu Koko
|
|win|Spectre Combo
|raw|TESLA ROADSTER's rating: 1803 &rarr; <strong>1778</strong><br />(-25 for losing)
|raw|Spectre Combo's rating: 1707 &rarr; <strong>1732</strong><br />(+25 for winning)
|l|☆TESLA ROADSTER
|c|☆Spectre Combo|Gg
||Ladder isn't responding, score probably updated but might not have (Request timeout).
