|j|☆Misterioussaint
|j|☆Spectre Ace
|t:|1665088155
|gametype|singles
|player|p1|Misterioussaint|furisodegirl-black|1678
|player|p2|Spectre Ace|juggler|1694
|teamsize|p1|6
|teamsize|p2|6
|gen|8
|tier|[Gen 8] OU
|rated|
|rule|Sleep Clause Mod: Limit one foe put to sleep
|rule|Species Clause: Limit one of each Pokémon
|rule|OHKO Clause: OHKO moves are banned
|rule|Evasion Items Clause: Evasion items are banned
|rule|Evasion Moves Clause: Evasion moves are banned
|rule|Endless Battle Clause: Forcing endless battles is banned
|rule|HP Percentage Mod: HP is shown in percentages
|rule|Dynamax Clause: You cannot dynamax
|clearpoke
|poke|p1|Garchomp, M|
|poke|p1|Tapu Koko|
|poke|p1|Ferrothorn, F|
|poke|p1|Moltres-Galar|
|poke|p1|Volcarona, F|
|poke|p1|Dragonite, M|
|poke|p2|Landorus-Therian, M|
|poke|p2|Ferrothorn, M|
|poke|p2|Volcanion|
|poke|p2|Raichu-Alola, F|
|poke|p2|Tapu Koko|
|poke|p2|Clefable, M|
|teampreview
|j| Black Sun Tzu
|inactive|Battle timer is ON: inactive players will automatically lose when time's up. (requested by Spectre Ace)
|
|t:|1665088204
|start
|switch|p1a: Ferrothorn|Ferrothorn, F|100/100
|switch|p2a: Clefable|Clefable, M|100/100
|turn|1
|
|t:|1665088209
|move|p2a: Clefable|Flamethrower|p1a: Ferrothorn
|-supereffective|p1a: Ferrothorn
|-damage|p1a: Ferrothorn|33/100
|move|p1a: Ferrothorn|Stealth Rock|p2a: Clefable
|-sidestart|p2: Spectre Ace|move: Stealth Rock
|
|-heal|p1a: Ferrothorn|40/100|[from] item: Leftovers
|upkeep
|turn|2
|
|t:|1665088216
|switch|p1a: Garchomp|Garchomp, M|100/100
|move|p2a: Clefable|Stealth Rock|p1a: Garchomp
|-sidestart|p1: Misterioussaint|move: Stealth Rock
|
|upkeep
|turn|3
|
|t:|1665088220
|move|p1a: Garchomp|Swords Dance|p1a: Garchomp
|-boost|p1a: Garchomp|atk|2
|move|p2a: Clefable|Moonblast|p1a: Garchomp
|-supereffective|p1a: Garchomp
|-damage|p1a: Garchomp|28/100
|-unboost|p1a: Garchomp|spa|1
|
|-heal|p1a: Garchomp|34/100|[from] item: Leftovers
|upkeep
|turn|4
|
|t:|1665088223
|move|p1a: Garchomp|Earthquake|p2a: Clefable
|-damage|p2a: Clefable|52/100
|move|p2a: Clefable|Moonblast|p1a: Garchomp
|-supereffective|p1a: Garchomp
|-damage|p1a: Garchomp|0 fnt
|faint|p1a: Garchomp
|
|upkeep
|c| Black Sun Tzu|yo spectre ace yo team is fire
|
|t:|1665088242
|switch|p1a: Tapu Koko|Tapu Koko|100/100
|-fieldstart|move: Electric Terrain|[from] ability: Electric Surge|[of] p1a: Tapu Koko
|turn|5
|
|t:|1665088248
|move|p1a: Tapu Koko|Thunderbolt|p2a: Clefable
|-damage|p2a: Clefable|12/100
|move|p2a: Clefable|Soft-Boiled|p2a: Clefable
|-heal|p2a: Clefable|62/100
|
|upkeep
|turn|6
|
|t:|1665088258
|move|p1a: Tapu Koko|Thunderbolt|p2a: Clefable
|-damage|p2a: Clefable|22/100
|move|p2a: Clefable|Soft-Boiled|p2a: Clefable
|-heal|p2a: Clefable|72/100
|
|upkeep
|turn|7
|
|t:|1665088261
|move|p1a: Tapu Koko|Thunderbolt|p2a: Clefable
|-damage|p2a: Clefable|35/100
|-status|p2a: Clefable|par
|move|p2a: Clefable|Soft-Boiled|p2a: Clefable
|-heal|p2a: Clefable|85/100 par
|
|upkeep
|turn|8
|
|t:|1665088268
|switch|p2a: Amadeus|Landorus-Therian, M|100/100
|-damage|p2a: Amadeus|88/100|[from] Stealth Rock
|-ability|p2a: Amadeus|Intimidate|boost
|-unboost|p1a: Tapu Koko|atk|1
|move|p1a: Tapu Koko|Thunderbolt|p2a: Amadeus
|-immune|p2a: Amadeus
|
|-heal|p2a: Amadeus|94/100|[from] item: Leftovers
|upkeep
|turn|9
|
|t:|1665088275
|switch|p1a: Moltres|Moltres-Galar|100/100
|-damage|p1a: Moltres|76/100|[from] Stealth Rock
|move|p2a: Amadeus|Earthquake|p1a: Moltres
|-immune|p1a: Moltres
|
|-heal|p2a: Amadeus|99/100|[from] item: Leftovers
|-fieldend|move: Electric Terrain
|upkeep
|turn|10
|
|t:|1665088281
|move|p1a: Moltres|Nasty Plot|p1a: Moltres
|-boost|p1a: Moltres|spa|2
|move|p2a: Amadeus|Toxic|p1a: Moltres
|-status|p1a: Moltres|tox
|
|-heal|p2a: Amadeus|100/100|[from] item: Leftovers
|-damage|p1a: Moltres|69/100 tox|[from] psn
|upkeep
|turn|11
|
|t:|1665088284
|switch|p2a: Clefable|Clefable, M|85/100 par
|move|p1a: Moltres|Hurricane|p2a: Clefable|[miss]
|-miss|p1a: Moltres|p2a: Clefable
|
|-damage|p1a: Moltres|57/100 tox|[from] psn
|upkeep
|turn|12
|
|t:|1665088289
|move|p1a: Moltres|Hurricane|p2a: Clefable
|-damage|p2a: Clefable|44/100 par
|-start|p2a: Clefable|confusion
|-activate|p2a: Clefable|confusion
|cant|p2a: Clefable|par
|
|-damage|p1a: Moltres|38/100 tox|[from] psn
|upkeep
|turn|13
|
|t:|1665088295
|move|p1a: Moltres|Hurricane|p2a: Clefable|[miss]
|-miss|p1a: Moltres|p2a: Clefable
|-activate|p2a: Clefable|confusion
|move|p2a: Clefable|Soft-Boiled|p2a: Clefable
|-heal|p2a: Clefable|94/100 par
|
|-damage|p1a: Moltres|13/100 tox|[from] psn
|upkeep
|turn|14
|
|t:|1665088300
|move|p1a: Moltres|Hurricane|p2a: Clefable
|-damage|p2a: Clefable|54/100 par
|-end|p2a: Clefable|confusion
|move|p2a: Clefable|Moonblast|p1a: Moltres
|-supereffective|p1a: Moltres
|-damage|p1a: Moltres|0 fnt
|faint|p1a: Moltres
|
|upkeep
|
|t:|1665088303
|switch|p1a: Volcarona|Volcarona, F|100/100
|turn|15
|
|t:|1665088307
|switch|p2a: Amadeus|Landorus-Therian, M|100/100
|-damage|p2a: Amadeus|88/100|[from] Stealth Rock
|-ability|p2a: Amadeus|Intimidate|boost
|-unboost|p1a: Volcarona|atk|1
|move|p1a: Volcarona|Quiver Dance|p1a: Volcarona
|-boost|p1a: Volcarona|spa|1
|-boost|p1a: Volcarona|spd|1
|-boost|p1a: Volcarona|spe|1
|
|-heal|p2a: Amadeus|94/100|[from] item: Leftovers
|upkeep
|turn|16
|
|t:|1665088310
|switch|p1a: Dragonite|Dragonite, M|100/100
|move|p2a: Amadeus|Toxic|p1a: Dragonite
|-status|p1a: Dragonite|tox
|
|-heal|p2a: Amadeus|99/100|[from] item: Leftovers
|-damage|p1a: Dragonite|94/100 tox|[from] psn
|upkeep
|turn|17
|
|t:|1665088318
|switch|p2a: Sundowner|Ferrothorn, M, shiny|100/100
|-damage|p2a: Sundowner|94/100|[from] Stealth Rock
|move|p1a: Dragonite|Ice Punch|p2a: Sundowner
|-damage|p2a: Sundowner|72/100
|-damage|p1a: Dragonite|82/100 tox|[from] ability: Iron Barbs|[of] p2a: Sundowner
|
|-heal|p2a: Sundowner|78/100|[from] item: Leftovers
|-damage|p1a: Dragonite|70/100 tox|[from] psn
|upkeep
|turn|18
|
|t:|1665088322
|switch|p1a: Volcarona|Volcarona, F|100/100
|move|p2a: Sundowner|Knock Off|p1a: Volcarona
|-damage|p1a: Volcarona|77/100
|-status|p2a: Sundowner|brn|[from] ability: Flame Body|[of] p1a: Volcarona
|-enditem|p1a: Volcarona|Heavy-Duty Boots|[from] move: Knock Off|[of] p2a: Sundowner
|
|-heal|p2a: Sundowner|85/100 brn|[from] item: Leftovers
|-damage|p2a: Sundowner|78/100 brn|[from] brn
|upkeep
|turn|19
|c| Black Sun Tzu|you mind sharing the paste?
|
|t:|1665088326
|move|p1a: Volcarona|Quiver Dance|p1a: Volcarona
|-boost|p1a: Volcarona|spa|1
|-boost|p1a: Volcarona|spd|1
|-boost|p1a: Volcarona|spe|1
|move|p2a: Sundowner|Leech Seed|p1a: Volcarona
|-start|p1a: Volcarona|move: Leech Seed
|
|-heal|p2a: Sundowner|85/100 brn|[from] item: Leftovers
|-damage|p1a: Volcarona|65/100|[from] Leech Seed|[of] p2a: Sundowner
|-heal|p2a: Sundowner|98/100 brn|[silent]
|-damage|p2a: Sundowner|91/100 brn|[from] brn
|upkeep
|turn|20
|
|t:|1665088328
|switch|p2a: Clefable|Clefable, M|54/100 par
|move|p1a: Volcarona|Flamethrower|p2a: Clefable
|-damage|p2a: Clefable|21/100 par
|
|-damage|p1a: Volcarona|53/100|[from] Leech Seed|[of] p2a: Clefable
|-heal|p2a: Clefable|33/100 par|[silent]
|upkeep
|turn|21
|
|t:|1665088334
|switch|p2a: Amadeus|Landorus-Therian, M|99/100
|-damage|p2a: Amadeus|88/100|[from] Stealth Rock
|-ability|p2a: Amadeus|Intimidate|boost
|-unboost|p1a: Volcarona|atk|1
|move|p1a: Volcarona|Flamethrower|p2a: Amadeus
|-damage|p2a: Amadeus|41/100
|
|-heal|p2a: Amadeus|47/100|[from] item: Leftovers
|-damage|p1a: Volcarona|40/100|[from] Leech Seed|[of] p2a: Amadeus
|-heal|p2a: Amadeus|60/100|[silent]
|upkeep
|turn|22
|
|t:|1665088342
|move|p1a: Volcarona|Flamethrower|p2a: Amadeus
|-damage|p2a: Amadeus|17/100
|move|p2a: Amadeus|Earthquake|p1a: Volcarona
|-damage|p1a: Volcarona|0 fnt
|faint|p1a: Volcarona
|
|-heal|p2a: Amadeus|23/100|[from] item: Leftovers
|upkeep
|
|t:|1665088345
|switch|p1a: Tapu Koko|Tapu Koko|100/100
|-fieldstart|move: Electric Terrain|[from] ability: Electric Surge|[of] p1a: Tapu Koko
|turn|23
|
|t:|1665088349
|switch|p2a: Sundowner|Ferrothorn, M, shiny|91/100 brn
|-damage|p2a: Sundowner|85/100 brn|[from] Stealth Rock
|move|p1a: Tapu Koko|Dazzling Gleam|p2a: Sundowner
|-resisted|p2a: Sundowner
|-damage|p2a: Sundowner|75/100 brn
|
|-heal|p2a: Sundowner|81/100 brn|[from] item: Leftovers
|-damage|p2a: Sundowner|75/100 brn|[from] brn
|upkeep
|turn|24
|j| Slaneesh
|
|t:|1665088355
|move|p1a: Tapu Koko|Calm Mind|p1a: Tapu Koko
|-boost|p1a: Tapu Koko|spa|1
|-boost|p1a: Tapu Koko|spd|1
|move|p2a: Sundowner|Knock Off|p1a: Tapu Koko
|-resisted|p1a: Tapu Koko
|-damage|p1a: Tapu Koko|94/100
|-enditem|p1a: Tapu Koko|Heavy-Duty Boots|[from] move: Knock Off|[of] p2a: Sundowner
|
|-heal|p2a: Sundowner|81/100 brn|[from] item: Leftovers
|-damage|p2a: Sundowner|75/100 brn|[from] brn
|upkeep
|turn|25
|
|t:|1665088357
|move|p1a: Tapu Koko|Calm Mind|p1a: Tapu Koko
|-boost|p1a: Tapu Koko|spa|1
|-boost|p1a: Tapu Koko|spd|1
|move|p2a: Sundowner|Leech Seed|p1a: Tapu Koko
|-start|p1a: Tapu Koko|move: Leech Seed
|
|-heal|p2a: Sundowner|81/100 brn|[from] item: Leftovers
|-damage|p1a: Tapu Koko|81/100|[from] Leech Seed|[of] p2a: Sundowner
|-heal|p2a: Sundowner|91/100 brn|[silent]
|-damage|p2a: Sundowner|85/100 brn|[from] brn
|upkeep
|turn|26
|
|t:|1665088359
|move|p1a: Tapu Koko|Calm Mind|p1a: Tapu Koko
|-boost|p1a: Tapu Koko|spa|1
|-boost|p1a: Tapu Koko|spd|1
|move|p2a: Sundowner|Gyro Ball|p1a: Tapu Koko
|-damage|p1a: Tapu Koko|46/100
|
|-heal|p2a: Sundowner|91/100 brn|[from] item: Leftovers
|-damage|p1a: Tapu Koko|33/100|[from] Leech Seed|[of] p2a: Sundowner
|-heal|p2a: Sundowner|100/100 brn|[silent]
|-damage|p2a: Sundowner|94/100 brn|[from] brn
|upkeep
|turn|27
|
|t:|1665088361
|move|p1a: Tapu Koko|Roost|p1a: Tapu Koko
|-heal|p1a: Tapu Koko|83/100
|-singleturn|p1a: Tapu Koko|move: Roost
|move|p2a: Sundowner|Gyro Ball|p1a: Tapu Koko
|-damage|p1a: Tapu Koko|48/100
|
|-heal|p2a: Sundowner|100/100 brn|[from] item: Leftovers
|-damage|p1a: Tapu Koko|36/100|[from] Leech Seed|[of] p2a: Sundowner
|-damage|p2a: Sundowner|94/100 brn|[from] brn
|-fieldend|move: Electric Terrain
|upkeep
|turn|28
|
|t:|1665088363
|move|p1a: Tapu Koko|Roost|p1a: Tapu Koko
|-heal|p1a: Tapu Koko|86/100
|-singleturn|p1a: Tapu Koko|move: Roost
|move|p2a: Sundowner|Gyro Ball|p1a: Tapu Koko
|-damage|p1a: Tapu Koko|51/100
|
|-heal|p2a: Sundowner|100/100 brn|[from] item: Leftovers
|-damage|p1a: Tapu Koko|39/100|[from] Leech Seed|[of] p2a: Sundowner
|-damage|p2a: Sundowner|94/100 brn|[from] brn
|upkeep
|turn|29
|
|t:|1665088367
|move|p1a: Tapu Koko|Roost|p1a: Tapu Koko
|-heal|p1a: Tapu Koko|89/100
|-singleturn|p1a: Tapu Koko|move: Roost
|move|p2a: Sundowner|Spikes|p1a: Tapu Koko
|-sidestart|p1: Misterioussaint|Spikes
|
|-heal|p2a: Sundowner|100/100 brn|[from] item: Leftovers
|-damage|p1a: Tapu Koko|77/100|[from] Leech Seed|[of] p2a: Sundowner
|-damage|p2a: Sundowner|94/100 brn|[from] brn
|upkeep
|turn|30
|
|t:|1665088370
|move|p1a: Tapu Koko|Calm Mind|p1a: Tapu Koko
|-boost|p1a: Tapu Koko|spa|1
|-boost|p1a: Tapu Koko|spd|1
|move|p2a: Sundowner|Spikes|p1a: Tapu Koko
|-sidestart|p1: Misterioussaint|Spikes
|
|-heal|p2a: Sundowner|100/100 brn|[from] item: Leftovers
|-damage|p1a: Tapu Koko|64/100|[from] Leech Seed|[of] p2a: Sundowner
|-damage|p2a: Sundowner|94/100 brn|[from] brn
|upkeep
|turn|31
|j| EarlyRainBreak
|
|t:|1665088373
|move|p1a: Tapu Koko|Roost|p1a: Tapu Koko
|-heal|p1a: Tapu Koko|100/100
|-singleturn|p1a: Tapu Koko|move: Roost
|move|p2a: Sundowner|Spikes|p1a: Tapu Koko
|-sidestart|p1: Misterioussaint|Spikes
|
|-heal|p2a: Sundowner|100/100 brn|[from] item: Leftovers
|-damage|p1a: Tapu Koko|88/100|[from] Leech Seed|[of] p2a: Sundowner
|-damage|p2a: Sundowner|94/100 brn|[from] brn
|upkeep
|turn|32
|
|t:|1665088377
|move|p1a: Tapu Koko|Calm Mind|p1a: Tapu Koko
|-boost|p1a: Tapu Koko|spa|1
|-boost|p1a: Tapu Koko|spd|1
|move|p2a: Sundowner|Gyro Ball|p1a: Tapu Koko
|-damage|p1a: Tapu Koko|55/100
|
|-heal|p2a: Sundowner|100/100 brn|[from] item: Leftovers
|-damage|p1a: Tapu Koko|42/100|[from] Leech Seed|[of] p2a: Sundowner
|-damage|p2a: Sundowner|94/100 brn|[from] brn
|upkeep
|turn|33
|l| EarlyRainBreak
|
|t:|1665088379
|move|p1a: Tapu Koko|Roost|p1a: Tapu Koko
|-heal|p1a: Tapu Koko|93/100
|-singleturn|p1a: Tapu Koko|move: Roost
|move|p2a: Sundowner|Gyro Ball|p1a: Tapu Koko
|-damage|p1a: Tapu Koko|59/100
|
|-heal|p2a: Sundowner|100/100 brn|[from] item: Leftovers
|-damage|p1a: Tapu Koko|47/100|[from] Leech Seed|[of] p2a: Sundowner
|-damage|p2a: Sundowner|94/100 brn|[from] brn
|upkeep
|turn|34
|
|t:|1665088389
|move|p1a: Tapu Koko|Roost|p1a: Tapu Koko
|-heal|p1a: Tapu Koko|97/100
|-singleturn|p1a: Tapu Koko|move: Roost
|move|p2a: Sundowner|Knock Off|p1a: Tapu Koko
|-resisted|p1a: Tapu Koko
|-damage|p1a: Tapu Koko|92/100
|
|-heal|p2a: Sundowner|100/100 brn|[from] item: Leftovers
|-damage|p1a: Tapu Koko|80/100|[from] Leech Seed|[of] p2a: Sundowner
|-damage|p2a: Sundowner|94/100 brn|[from] brn
|upkeep
|turn|35
|
|t:|1665088394
|move|p1a: Tapu Koko|Thunderbolt|p2a: Sundowner
|-resisted|p2a: Sundowner
|-crit|p2a: Sundowner
|-damage|p2a: Sundowner|30/100 brn
|move|p2a: Sundowner|Gyro Ball|p1a: Tapu Koko
|-damage|p1a: Tapu Koko|47/100
|
|-heal|p2a: Sundowner|36/100 brn|[from] item: Leftovers
|-damage|p1a: Tapu Koko|34/100|[from] Leech Seed|[of] p2a: Sundowner
|-heal|p2a: Sundowner|46/100 brn|[silent]
|-damage|p2a: Sundowner|40/100 brn|[from] brn
|upkeep
|turn|36
|
|t:|1665088396
|move|p1a: Tapu Koko|Roost|p1a: Tapu Koko
|-heal|p1a: Tapu Koko|84/100
|-singleturn|p1a: Tapu Koko|move: Roost
|move|p2a: Sundowner|Gyro Ball|p1a: Tapu Koko
|-damage|p1a: Tapu Koko|53/100
|
|-heal|p2a: Sundowner|46/100 brn|[from] item: Leftovers
|-damage|p1a: Tapu Koko|40/100|[from] Leech Seed|[of] p2a: Sundowner
|-heal|p2a: Sundowner|56/100 brn|[silent]
|-damage|p2a: Sundowner|50/100 brn|[from] brn
|upkeep
|turn|37
|
|t:|1665088399
|switch|p2a: Booker|Tapu Koko|100/100
|-damage|p2a: Booker|88/100|[from] Stealth Rock
|-fieldstart|move: Electric Terrain|[from] ability: Electric Surge|[of] p2a: Booker
|move|p1a: Tapu Koko|Roost|p1a: Tapu Koko
|-heal|p1a: Tapu Koko|91/100
|-singleturn|p1a: Tapu Koko|move: Roost
|
|-damage|p1a: Tapu Koko|78/100|[from] Leech Seed|[of] p2a: Booker
|-heal|p2a: Booker|100/100|[silent]
|upkeep
|turn|38
|
|t:|1665088404
|switch|p2a: Amadeus|Landorus-Therian, M|23/100
|-damage|p2a: Amadeus|11/100|[from] Stealth Rock
|-ability|p2a: Amadeus|Intimidate|boost
|-unboost|p1a: Tapu Koko|atk|1
|move|p1a: Tapu Koko|Thunderbolt|p2a: Amadeus
|-immune|p2a: Amadeus
|
|-heal|p2a: Amadeus|17/100|[from] item: Leftovers
|-damage|p1a: Tapu Koko|66/100|[from] Leech Seed|[of] p2a: Amadeus
|-heal|p2a: Amadeus|26/100|[silent]
|upkeep
|turn|39
|
|t:|1665088414
|move|p1a: Tapu Koko|Dazzling Gleam|p2a: Amadeus
|-damage|p2a: Amadeus|0 fnt
|faint|p2a: Amadeus
|
|upkeep
|
|t:|1665088419
|switch|p2a: Valentine|Raichu-Alola, F, shiny|100/100
|-damage|p2a: Valentine|88/100|[from] Stealth Rock
|turn|40
|
|t:|1665088421
|move|p2a: Valentine|Psyshock|p1a: Tapu Koko
|-damage|p1a: Tapu Koko|3/100
|-damage|p2a: Valentine|78/100|[from] item: Life Orb
|move|p1a: Tapu Koko|Dazzling Gleam|p2a: Valentine
|-damage|p2a: Valentine|0 fnt
|faint|p2a: Valentine
|
|upkeep
|
|t:|1665088426
|switch|p2a: Booker|Tapu Koko|100/100
|-damage|p2a: Booker|88/100|[from] Stealth Rock
|turn|41
|
|t:|1665088428
|move|p1a: Tapu Koko|Roost|p1a: Tapu Koko
|-heal|p1a: Tapu Koko|54/100
|-singleturn|p1a: Tapu Koko|move: Roost
|move|p2a: Booker|Dazzling Gleam|p1a: Tapu Koko
|-damage|p1a: Tapu Koko|38/100
|
|-damage|p1a: Tapu Koko|26/100|[from] Leech Seed|[of] p2a: Booker
|-heal|p2a: Booker|100/100|[silent]
|upkeep
|turn|42
|
|t:|1665088431
|move|p1a: Tapu Koko|Roost|p1a: Tapu Koko
|-heal|p1a: Tapu Koko|76/100
|-singleturn|p1a: Tapu Koko|move: Roost
|move|p2a: Booker|Dazzling Gleam|p1a: Tapu Koko
|-damage|p1a: Tapu Koko|61/100
|
|-damage|p1a: Tapu Koko|49/100|[from] Leech Seed|[of] p2a: Booker
|upkeep
|turn|43
|
|t:|1665088434
|switch|p2a: Sundowner|Ferrothorn, M, shiny|50/100 brn
|-damage|p2a: Sundowner|43/100 brn|[from] Stealth Rock
|move|p1a: Tapu Koko|Roost|p1a: Tapu Koko
|-heal|p1a: Tapu Koko|99/100
|-singleturn|p1a: Tapu Koko|move: Roost
|
|-heal|p2a: Sundowner|50/100 brn|[from] item: Leftovers
|-damage|p1a: Tapu Koko|86/100|[from] Leech Seed|[of] p2a: Sundowner
|-heal|p2a: Sundowner|60/100 brn|[silent]
|-damage|p2a: Sundowner|53/100 brn|[from] brn
|upkeep
|turn|44
|
|t:|1665088440
|move|p1a: Tapu Koko|Dazzling Gleam|p2a: Sundowner
|-resisted|p2a: Sundowner
|-damage|p2a: Sundowner|19/100 brn
|move|p2a: Sundowner|Knock Off|p1a: Tapu Koko
|-resisted|p1a: Tapu Koko
|-damage|p1a: Tapu Koko|81/100
|
|-heal|p2a: Sundowner|25/100 brn|[from] item: Leftovers
|-damage|p1a: Tapu Koko|68/100|[from] Leech Seed|[of] p2a: Sundowner
|-heal|p2a: Sundowner|35/100 brn|[silent]
|-damage|p2a: Sundowner|29/100 brn|[from] brn
|-fieldend|move: Electric Terrain
|upkeep
|turn|45
|
|t:|1665088445
|move|p1a: Tapu Koko|Dazzling Gleam|p2a: Sundowner
|-resisted|p2a: Sundowner
|-damage|p2a: Sundowner|0 fnt
|faint|p2a: Sundowner
|
|upkeep
|
|t:|1665088447
|switch|p2a: Clefable|Clefable, M|33/100 par
|turn|46
|
|t:|1665088449
|move|p1a: Tapu Koko|Thunderbolt|p2a: Clefable
|-damage|p2a: Clefable|1/100 par
|move|p2a: Clefable|Soft-Boiled|p2a: Clefable
|-heal|p2a: Clefable|51/100 par
|
|-damage|p1a: Tapu Koko|56/100|[from] Leech Seed|[of] p2a: Clefable
|-heal|p2a: Clefable|60/100 par|[silent]
|upkeep
|turn|47
|
|t:|1665088453
|move|p1a: Tapu Koko|Thunderbolt|p2a: Clefable
|-damage|p2a: Clefable|29/100 par
|cant|p2a: Clefable|par
|
|-damage|p1a: Tapu Koko|44/100|[from] Leech Seed|[of] p2a: Clefable
|-heal|p2a: Clefable|38/100 par|[silent]
|upkeep
|turn|48
|
|t:|1665088456
|move|p1a: Tapu Koko|Thunderbolt|p2a: Clefable
|-damage|p2a: Clefable|4/100 par
|move|p2a: Clefable|Soft-Boiled|p2a: Clefable
|-heal|p2a: Clefable|54/100 par
|
|-damage|p1a: Tapu Koko|31/100|[from] Leech Seed|[of] p2a: Clefable
|-heal|p2a: Clefable|63/100 par|[silent]
|upkeep
|turn|49
|
|t:|1665088461
|move|p1a: Tapu Koko|Roost|p1a: Tapu Koko
|-heal|p1a: Tapu Koko|81/100
|-singleturn|p1a: Tapu Koko|move: Roost
|move|p2a: Clefable|Soft-Boiled|p2a: Clefable
|-heal|p2a: Clefable|100/100 par
|
|-damage|p1a: Tapu Koko|69/100|[from] Leech Seed|[of] p2a: Clefable
|upkeep
|turn|50
|
|t:|1665088464
|move|p1a: Tapu Koko|Roost|p1a: Tapu Koko
|-heal|p1a: Tapu Koko|100/100
|-singleturn|p1a: Tapu Koko|move: Roost
|move|p2a: Clefable|Moonblast|p1a: Tapu Koko
|-damage|p1a: Tapu Koko|50/100
|
|-damage|p1a: Tapu Koko|38/100|[from] Leech Seed|[of] p2a: Clefable
|upkeep
|turn|51
|
|t:|1665088467
|move|p1a: Tapu Koko|Roost|p1a: Tapu Koko
|-heal|p1a: Tapu Koko|88/100
|-singleturn|p1a: Tapu Koko|move: Roost
|move|p2a: Clefable|Moonblast|p1a: Tapu Koko
|-damage|p1a: Tapu Koko|38/100
|
|-damage|p1a: Tapu Koko|25/100|[from] Leech Seed|[of] p2a: Clefable
|upkeep
|turn|52
|
|t:|1665088472
|move|p1a: Tapu Koko|Roost|p1a: Tapu Koko
|-heal|p1a: Tapu Koko|75/100
|-singleturn|p1a: Tapu Koko|move: Roost
|move|p2a: Clefable|Moonblast|p1a: Tapu Koko
|-damage|p1a: Tapu Koko|28/100
|
|-damage|p1a: Tapu Koko|15/100|[from] Leech Seed|[of] p2a: Clefable
|upkeep
|turn|53
|
|t:|1665088474
|move|p1a: Tapu Koko|Roost|p1a: Tapu Koko
|-heal|p1a: Tapu Koko|66/100
|-singleturn|p1a: Tapu Koko|move: Roost
|move|p2a: Clefable|Moonblast|p1a: Tapu Koko
|-damage|p1a: Tapu Koko|14/100
|-unboost|p1a: Tapu Koko|spa|1
|
|-damage|p1a: Tapu Koko|2/100|[from] Leech Seed|[of] p2a: Clefable
|upkeep
|turn|54
|
|t:|1665088480
|move|p1a: Tapu Koko|Thunderbolt|p2a: Clefable
|-damage|p2a: Clefable|72/100 par
|move|p2a: Clefable|Moonblast|p1a: Tapu Koko
|-damage|p1a: Tapu Koko|0 fnt
|faint|p1a: Tapu Koko
|
|upkeep
|-message|Misterioussaint forfeited.
|
|win|Spectre Ace
|raw|Misterioussaint's rating: 1678 &rarr; <strong>1659</strong><br />(-19 for losing)
|raw|Spectre Ace's rating: 1694 &rarr; <strong>1713</strong><br />(+19 for winning)
|l|☆Misterioussaint
||Ladder isn't responding, score probably updated but might not have (Request timeout).
