|raw|<div class="broadcast-blue"><strong>This battle is required to be public due to a player having a name prefixed by 'LT71LX'.</div>
|j|‽lt71lx samqian
|j|☆isheavydead
|t:|1596818015
|player|p1|lt71lx samqian|2|1717
|player|p2|isheavydead|169|1725
|teamsize|p1|6
|teamsize|p2|6
|gametype|singles
|gen|8
|tier|[Gen 8] OU
|rated|
|clearpoke
|poke|p1|Clefable, F|
|poke|p1|Magnezone|
|poke|p1|Amoonguss, M|
|poke|p1|Rillaboom, M|
|poke|p1|Mandibuzz, F|
|poke|p1|Dragapult, M|
|poke|p2|Haxorus, F|
|poke|p2|Volcarona, M|
|poke|p2|Ninetales-Alola, F|
|poke|p2|Excadrill, F|
|poke|p2|Urshifu-*, M|
|poke|p2|Azumarill, F|
|rule|Sleep Clause Mod: Limit one foe put to sleep
|rule|Species Clause: Limit one of each Pokémon
|rule|OHKO Clause: OHKO moves are banned
|rule|Evasion Moves Clause: Evasion moves are banned
|rule|Endless Battle Clause: Forcing endless battles is banned
|rule|HP Percentage Mod: HP is shown in percentages
|rule|Dynamax Clause: You cannot dynamax
|teampreview
|inactive|Battle timer is ON: inactive players will automatically lose when time's up. (requested by isheavydead)
|
|t:|1596818038
|start
|switch|p1a: Dragapult|Dragapult, M|100/100
|switch|p2a: Excadrill|Excadrill, F, shiny|100/100
|-ability|p2a: Excadrill|Mold Breaker
|turn|1
|
|t:|1596818041
|move|p1a: Dragapult|Hex|p2a: Excadrill
|-damage|p2a: Excadrill|61/100
|move|p2a: Excadrill|Stealth Rock|p1a: Dragapult
|-sidestart|p1: lt71lx samqian|move: Stealth Rock
|
|upkeep
|turn|2
|
|t:|1596818045
|move|p1a: Dragapult|U-turn|p2a: Excadrill
|-resisted|p2a: Excadrill
|-crit|p2a: Excadrill
|-damage|p2a: Excadrill|40/100
|
|t:|1596818047
|switch|p1a: Amoonguss|Amoonguss, M|100/100|[from]move: U-turn
|-damage|p1a: Amoonguss|88/100|[from] Stealth Rock
|move|p2a: Excadrill|Earthquake|p1a: Amoonguss
|-damage|p1a: Amoonguss|44/100
|
|-heal|p1a: Amoonguss|50/100|[from] item: Black Sludge
|upkeep
|turn|3
|
|t:|1596818050
|switch|p1a: Mandibuzz|Mandibuzz, F|100/100
|move|p2a: Excadrill|Steel Beam|p1a: Mandibuzz
|-damage|p1a: Mandibuzz|85/100
|-damage|p2a: Excadrill|0 fnt|[from] mindblown
|faint|p2a: Excadrill
|
|upkeep
|
|t:|1596818055
|switch|p2a: Ninetales|Ninetales-Alola, F, shiny|100/100
|-weather|Hail|[from] ability: Snow Warning|[of] p2a: Ninetales
|turn|4
|
|t:|1596818059
|move|p2a: Ninetales|Aurora Veil|p2a: Ninetales
|-sidestart|p2: isheavydead|move: Aurora Veil
|move|p1a: Mandibuzz|Defog|p2a: Ninetales
|-unboost|p2a: Ninetales|evasion|1
|-sideend|p2: isheavydead|move: Aurora Veil
|-sideend|p1: lt71lx samqian|Stealth Rock|[from] move: Defog|[of] p1a: Mandibuzz
|
|-weather|Hail|[upkeep]
|upkeep
|turn|5
|
|t:|1596818066
|switch|p1a: Magnezone|Magnezone|100/100
|move|p2a: Ninetales|Aurora Veil|p2a: Ninetales
|-sidestart|p2: isheavydead|move: Aurora Veil
|
|-weather|Hail|[upkeep]
|-damage|p1a: Magnezone|94/100|[from] Hail
|upkeep
|turn|6
|
|t:|1596818072
|switch|p2a: Volcarona|Volcarona, M|100/100
|move|p1a: Magnezone|Flash Cannon|p2a: Volcarona
|-resisted|p2a: Volcarona
|-damage|p2a: Volcarona|82/100
|
|-weather|Hail|[upkeep]
|-damage|p2a: Volcarona|76/100|[from] Hail
|-damage|p1a: Magnezone|88/100|[from] Hail
|upkeep
|turn|7
|
|t:|1596818080
|switch|p1a: Dragapult|Dragapult, M|100/100
|move|p2a: Volcarona|Quiver Dance|p2a: Volcarona
|-boost|p2a: Volcarona|spa|1
|-boost|p2a: Volcarona|spd|1
|-boost|p2a: Volcarona|spe|1
|
|-weather|Hail|[upkeep]
|-damage|p2a: Volcarona|70/100|[from] Hail
|-damage|p1a: Dragapult|95/100|[from] Hail
|upkeep
|turn|8
|
|t:|1596818084
|move|p2a: Volcarona|Psychic|p1a: Dragapult
|-damage|p1a: Dragapult|35/100
|move|p1a: Dragapult|Thunder Wave|p2a: Volcarona
|-status|p2a: Volcarona|par
|
|-weather|none
|upkeep
|turn|9
|
|t:|1596818090
|switch|p1a: Mandibuzz|Mandibuzz, F|85/100
|cant|p2a: Volcarona|par
|
|upkeep
|turn|10
|
|t:|1596818093
|move|p2a: Volcarona|Bug Buzz|p1a: Mandibuzz
|-damage|p1a: Mandibuzz|40/100
|move|p1a: Mandibuzz|Knock Off|p2a: Volcarona
|-damage|p2a: Volcarona|57/100 par
|-enditem|p2a: Volcarona|Heavy-Duty Boots|[from] move: Knock Off|[of] p1a: Mandibuzz
|
|upkeep
|turn|11
|
|t:|1596818099
|switch|p1a: Clefable|Clefable, F|100/100
|move|p2a: Volcarona|Bug Buzz|p1a: Clefable
|-resisted|p1a: Clefable
|-damage|p1a: Clefable|72/100
|
|-heal|p1a: Clefable|78/100|[from] item: Leftovers
|upkeep
|turn|12
|j| Vessev
|
|t:|1596818103
|cant|p2a: Volcarona|par
|move|p1a: Clefable|Stealth Rock|p2a: Volcarona
|-sidestart|p2: isheavydead|move: Stealth Rock
|
|-heal|p1a: Clefable|84/100|[from] item: Leftovers
|-sideend|p2: isheavydead|move: Aurora Veil
|upkeep
|turn|13
|
|t:|1596818109
|switch|p1a: Magnezone|Magnezone|88/100
|move|p2a: Volcarona|Fiery Dance|p1a: Magnezone
|-supereffective|p1a: Magnezone
|-damage|p1a: Magnezone|0 fnt
|faint|p1a: Magnezone
|
|upkeep
|
|t:|1596818112
|switch|p1a: Dragapult|Dragapult, M|35/100
|turn|14
|
|t:|1596818118
|move|p1a: Dragapult|Dragon Darts|p2a: Volcarona
|-damage|p2a: Volcarona|32/100 par
|-anim|p1a: Dragapult|Dragon Darts|p2a: Volcarona
|-damage|p2a: Volcarona|8/100 par
|move|p2a: Volcarona|Psychic|p1a: Dragapult
|-crit|p1a: Dragapult
|-damage|p1a: Dragapult|0 fnt
|faint|p1a: Dragapult
|
|upkeep
|
|t:|1596818124
|switch|p1a: Rillaboom|Rillaboom, M|100/100
|-fieldstart|move: Grassy Terrain|[from] ability: Grassy Surge|[of] p1a: Rillaboom
|turn|15
|
|t:|1596818127
|move|p1a: Rillaboom|U-turn|p2a: Volcarona
|-resisted|p2a: Volcarona
|-damage|p2a: Volcarona|0 fnt
|faint|p2a: Volcarona
|
|t:|1596818130
|switch|p1a: Clefable|Clefable, F|84/100|[from]move: U-turn
|
|-heal|p1a: Clefable|90/100|[from] item: Leftovers
|-heal|p1a: Clefable|96/100|[from] Grassy Terrain
|upkeep
|
|t:|1596818133
|switch|p2a: Ninetales|Ninetales-Alola, F, shiny|100/100
|-damage|p2a: Ninetales|76/100|[from] Stealth Rock
|-weather|Hail|[from] ability: Snow Warning|[of] p2a: Ninetales
|turn|16
|
|t:|1596818135
|move|p2a: Ninetales|Aurora Veil|p2a: Ninetales
|-sidestart|p2: isheavydead|move: Aurora Veil
|move|p1a: Clefable|Flamethrower|p2a: Ninetales
|-supereffective|p2a: Ninetales
|-damage|p2a: Ninetales|55/100
|
|-weather|Hail|[upkeep]
|-heal|p2a: Ninetales|61/100|[from] Grassy Terrain
|-heal|p1a: Clefable|100/100|[from] item: Leftovers
|upkeep
|turn|17
|
|t:|1596818141
|move|p2a: Ninetales|Encore|p1a: Clefable
|-start|p1a: Clefable|Encore
|move|p1a: Clefable|Flamethrower|p2a: Ninetales
|-supereffective|p2a: Ninetales
|-damage|p2a: Ninetales|41/100
|
|-weather|Hail|[upkeep]
|-heal|p2a: Ninetales|47/100|[from] Grassy Terrain
|upkeep
|turn|18
|
|t:|1596818149
|switch|p2a: Haxorus|Haxorus, F, shiny|100/100
|-damage|p2a: Haxorus|88/100|[from] Stealth Rock
|-ability|p2a: Haxorus|Mold Breaker
|switch|p1a: Amoonguss|Amoonguss, M|84/100
|
|-weather|Hail|[upkeep]
|-damage|p2a: Haxorus|82/100|[from] Hail
|-damage|p1a: Amoonguss|78/100|[from] Hail
|-heal|p2a: Haxorus|88/100|[from] Grassy Terrain
|-heal|p1a: Amoonguss|84/100|[from] item: Black Sludge
|-heal|p1a: Amoonguss|90/100|[from] Grassy Terrain
|upkeep
|turn|19
|
|t:|1596818154
|move|p2a: Haxorus|Swords Dance|p2a: Haxorus
|-boost|p2a: Haxorus|atk|2
|move|p1a: Amoonguss|Toxic|p2a: Haxorus
|-status|p2a: Haxorus|tox
|-enditem|p2a: Haxorus|Lum Berry|[eat]
|-curestatus|p2a: Haxorus|tox|[msg]
|
|-weather|Hail|[upkeep]
|-damage|p2a: Haxorus|82/100|[from] Hail
|-damage|p1a: Amoonguss|84/100|[from] Hail
|-heal|p2a: Haxorus|88/100|[from] Grassy Terrain
|-heal|p1a: Amoonguss|90/100|[from] item: Black Sludge
|-heal|p1a: Amoonguss|96/100|[from] Grassy Terrain
|-fieldend|move: Grassy Terrain
|upkeep
|turn|20
|
|t:|1596818159
|switch|p1a: Clefable|Clefable, F|100/100
|move|p2a: Haxorus|Scale Shot|p1a: Clefable
|-immune|p1a: Clefable
|
|-weather|none
|upkeep
|turn|21
|
|t:|1596818162
|switch|p1a: Amoonguss|Amoonguss, M|100/100
|move|p2a: Haxorus|Poison Jab|p1a: Amoonguss
|-damage|p1a: Amoonguss|55/100
|
|-heal|p1a: Amoonguss|62/100|[from] item: Black Sludge
|upkeep
|turn|22
|
|t:|1596818168
|switch|p1a: Clefable|Clefable, F|100/100
|move|p2a: Haxorus|Scale Shot|p1a: Clefable
|-immune|p1a: Clefable
|
|upkeep
|turn|23
|
|t:|1596818172
|switch|p1a: Amoonguss|Amoonguss, M|95/100
|move|p2a: Haxorus|Poison Jab|p1a: Amoonguss
|-damage|p1a: Amoonguss|49/100
|
|-heal|p1a: Amoonguss|55/100|[from] item: Black Sludge
|-sideend|p2: isheavydead|move: Aurora Veil
|upkeep
|turn|24
|
|t:|1596818175
|move|p2a: Haxorus|Poison Jab|p1a: Amoonguss
|-damage|p1a: Amoonguss|7/100
|move|p1a: Amoonguss|Toxic|p2a: Haxorus
|-status|p2a: Haxorus|tox
|
|-heal|p1a: Amoonguss|13/100|[from] item: Black Sludge
|-damage|p2a: Haxorus|82/100 tox|[from] psn
|upkeep
|turn|25
|
|t:|1596818184
|move|p2a: Haxorus|Poison Jab|p1a: Amoonguss
|-damage|p1a: Amoonguss|0 fnt
|faint|p1a: Amoonguss
|
|-damage|p2a: Haxorus|70/100 tox|[from] psn
|upkeep
|
|t:|1596818189
|switch|p1a: Clefable|Clefable, F|100/100
|turn|26
|
|t:|1596818193
|move|p2a: Haxorus|Poison Jab|p1a: Clefable
|-supereffective|p1a: Clefable
|-damage|p1a: Clefable|0 fnt
|faint|p1a: Clefable
|
|-damage|p2a: Haxorus|51/100 tox|[from] psn
|upkeep
|
|t:|1596818196
|switch|p1a: Mandibuzz|Mandibuzz, F|40/100
|turn|27
|
|t:|1596818199
|move|p2a: Haxorus|Scale Shot|p1a: Mandibuzz|[miss]
|-miss|p2a: Haxorus|p1a: Mandibuzz
|move|p1a: Mandibuzz|Roost|p1a: Mandibuzz
|-heal|p1a: Mandibuzz|90/100
|-singleturn|p1a: Mandibuzz|move: Roost
|
|-damage|p2a: Haxorus|27/100 tox|[from] psn
|upkeep
|turn|28
|
|t:|1596818202
|move|p2a: Haxorus|Close Combat|p1a: Mandibuzz
|-damage|p1a: Mandibuzz|24/100
|-unboost|p2a: Haxorus|def|1
|-unboost|p2a: Haxorus|spd|1
|move|p1a: Mandibuzz|Roost|p1a: Mandibuzz
|-heal|p1a: Mandibuzz|74/100
|-singleturn|p1a: Mandibuzz|move: Roost
|
|-damage|p2a: Haxorus|0 fnt|[from] psn
|faint|p2a: Haxorus
|upkeep
|
|t:|1596818206
|switch|p2a: Urshifu|Urshifu, M|100/100
|-damage|p2a: Urshifu|94/100|[from] Stealth Rock
|turn|29
|
|t:|1596818210
|move|p2a: Urshifu|Bulk Up|p2a: Urshifu
|-boost|p2a: Urshifu|atk|1
|-boost|p2a: Urshifu|def|1
|move|p1a: Mandibuzz|Foul Play|p2a: Urshifu
|-resisted|p2a: Urshifu
|-damage|p2a: Urshifu|83/100
|
|upkeep
|turn|30
|
|t:|1596818213
|move|p2a: Urshifu|Bulk Up|p2a: Urshifu
|-boost|p2a: Urshifu|atk|1
|-boost|p2a: Urshifu|def|1
|move|p1a: Mandibuzz|Knock Off|p2a: Urshifu
|-resisted|p2a: Urshifu
|-damage|p2a: Urshifu|80/100
|-enditem|p2a: Urshifu|Black Glasses|[from] move: Knock Off|[of] p1a: Mandibuzz
|
|upkeep
|turn|31
|
|t:|1596818215
|move|p2a: Urshifu|Drain Punch|p1a: Mandibuzz
|-damage|p1a: Mandibuzz|21/100
|-heal|p2a: Urshifu|100/100|[from] drain|[of] p1a: Mandibuzz
|move|p1a: Mandibuzz|Foul Play|p2a: Urshifu
|-resisted|p2a: Urshifu
|-damage|p2a: Urshifu|89/100
|
|upkeep
|turn|32
|
|t:|1596818218
|move|p2a: Urshifu|Bulk Up|p2a: Urshifu
|-boost|p2a: Urshifu|atk|1
|-boost|p2a: Urshifu|def|1
|move|p1a: Mandibuzz|Foul Play|p2a: Urshifu
|-resisted|p2a: Urshifu
|-damage|p2a: Urshifu|76/100
|
|upkeep
|turn|33
|
|t:|1596818220
|move|p2a: Urshifu|Drain Punch|p1a: Mandibuzz
|-damage|p1a: Mandibuzz|0 fnt
|-heal|p2a: Urshifu|89/100|[from] drain|[of] p1a: Mandibuzz
|faint|p1a: Mandibuzz
|
|upkeep
|
|t:|1596818221
|switch|p1a: Rillaboom|Rillaboom, M|100/100
|-fieldstart|move: Grassy Terrain|[from] ability: Grassy Surge|[of] p1a: Rillaboom
|turn|34
|
|t:|1596818223
|move|p2a: Urshifu|Sucker Punch|p1a: Rillaboom
|-damage|p1a: Rillaboom|0 fnt
|faint|p1a: Rillaboom
|
|win|isheavydead
|l|‽lt71lx samqian
|c|☆isheavydead|gg
|l|☆isheavydead
|raw|lt71lx samqian's rating: 1717 &rarr; <strong>1699</strong><br />(-18 for losing)
|raw|isheavydead's rating: 1753 &rarr; <strong>1771</strong><br />(+18 for winning)
