|j|☆Pok et glace
|j|☆roboPOKE
|t:|1644353842
|gametype|singles
|player|p1|Pok et glace|cynthia-gen4|1637
|player|p2|roboPOKE|2|1693
|teamsize|p1|6
|teamsize|p2|6
|gen|8
|tier|[Gen 8] OU
|rated|
|rule|Sleep Clause Mod: Limit one foe put to sleep
|rule|Species Clause: Limit one of each Pokémon
|rule|OHKO Clause: OHKO moves are banned
|rule|Evasion Moves Clause: Evasion moves are banned
|rule|Endless Battle Clause: Forcing endless battles is banned
|rule|HP Percentage Mod: HP is shown in percentages
|rule|Dynamax Clause: You cannot dynamax
|clearpoke
|poke|p1|Tapu Lele|
|poke|p1|Toxapex, M|
|poke|p1|Landorus-Therian, M|
|poke|p1|Weavile, M|
|poke|p1|Zapdos|
|poke|p1|Dragapult, M|
|poke|p2|Omastar, F|
|poke|p2|Weavile, M|
|poke|p2|Kartana|
|poke|p2|Tapu Lele|
|poke|p2|Landorus-Therian, M|
|poke|p2|Dragapult, F|
|teampreview
|
|t:|1644353850
|start
|switch|p1a: Zapdos|Zapdos|100/100
|switch|p2a: Omastar|Omastar, F|100/100
|turn|1
|j| GrosNez ou Negro
|
|t:|1644353855
|move|p1a: Zapdos|Discharge|p2a: Omastar
|-supereffective|p2a: Omastar
|-enditem|p2a: Omastar|Focus Sash
|-damage|p2a: Omastar|1/100
|-status|p2a: Omastar|par
|cant|p2a: Omastar|par
|
|upkeep
|turn|2
|
|t:|1644353862
|move|p1a: Zapdos|Hurricane|p2a: Omastar
|-resisted|p2a: Omastar
|-damage|p2a: Omastar|0 fnt
|faint|p2a: Omastar
|
|upkeep
|
|t:|1644353865
|switch|p2a: Weavile|Weavile, M|100/100
|-ability|p2a: Weavile|Pressure
|turn|3
|
|t:|1644353870
|switch|p2a: Kartana|Kartana|100/100
|switch|p1a: Toxapex|Toxapex, M|100/100
|
|upkeep
|turn|4
|
|t:|1644353876
|move|p2a: Kartana|Swords Dance|p2a: Kartana
|-boost|p2a: Kartana|atk|2
|move|p1a: Toxapex|Toxic Spikes|p2a: Kartana
|-sidestart|p2: roboPOKE|move: Toxic Spikes
|
|upkeep
|turn|5
|
|t:|1644353880
|switch|p1a: Zapdos|Zapdos|100/100
|move|p2a: Kartana|Leaf Blade|p1a: Zapdos
|-resisted|p1a: Zapdos
|-damage|p1a: Zapdos|37/100
|-status|p2a: Kartana|par|[from] ability: Static|[of] p1a: Zapdos
|-damage|p2a: Kartana|91/100 par|[from] item: Life Orb
|
|upkeep
|turn|6
|
|t:|1644353884
|move|p1a: Zapdos|Hurricane|p2a: Kartana
|-damage|p2a: Kartana|0 fnt
|faint|p2a: Kartana
|
|upkeep
|
|t:|1644353889
|switch|p2a: Landorus|Landorus-Therian, M|100/100
|-ability|p2a: Landorus|Intimidate|boost
|-unboost|p1a: Zapdos|atk|1
|turn|7
|
|t:|1644353893
|move|p2a: Landorus|Stone Edge|p1a: Zapdos
|-supereffective|p1a: Zapdos
|-damage|p1a: Zapdos|0 fnt
|faint|p1a: Zapdos
|
|upkeep
|
|t:|1644353898
|switch|p1a: Landorus|Landorus-Therian, M|100/100
|-ability|p1a: Landorus|Intimidate|boost
|-unboost|p2a: Landorus|atk|1
|turn|8
|
|t:|1644353901
|move|p2a: Landorus|Substitute|p2a: Landorus
|-start|p2a: Landorus|Substitute
|-damage|p2a: Landorus|76/100
|move|p1a: Landorus|Toxic||[still]
|-fail|p1a: Landorus
|
|-heal|p2a: Landorus|82/100|[from] item: Leftovers
|upkeep
|turn|9
|j| AndreThaGiiant
|
|t:|1644353904
|move|p2a: Landorus|Bulk Up|p2a: Landorus
|-boost|p2a: Landorus|atk|1
|-boost|p2a: Landorus|def|1
|move|p1a: Landorus|U-turn|p2a: Landorus
|-resisted|p2a: Landorus
|-activate|p2a: Landorus|move: Substitute|[damage]
|
|t:|1644353907
|switch|p1a: Weavile|Weavile, M|100/100|[from]move: U-turn
|-ability|p1a: Weavile|Pressure
|
|-heal|p2a: Landorus|88/100|[from] item: Leftovers
|upkeep
|turn|10
|
|t:|1644353914
|move|p1a: Weavile|Triple Axel|p2a: Landorus
|-supereffective|p2a: Landorus
|-end|p2a: Landorus|Substitute
|-supereffective|p2a: Landorus
|-damage|p2a: Landorus|20/100
|-supereffective|p2a: Landorus
|-damage|p2a: Landorus|0 fnt
|faint|p2a: Landorus
|-hitcount|p2: Landorus|3
|
|upkeep
|
|t:|1644353922
|switch|p2a: Weavile|Weavile, M|100/100
|-ability|p2a: Weavile|Pressure
|turn|11
|
|t:|1644353926
|switch|p1a: Toxapex|Toxapex, M|100/100
|move|p2a: Weavile|Swords Dance|p2a: Weavile
|-boost|p2a: Weavile|atk|2
|
|upkeep
|turn|12
|
|t:|1644353928
|move|p2a: Weavile|Icicle Crash|p1a: Toxapex
|-resisted|p1a: Toxapex
|-damage|p1a: Toxapex|75/100
|move|p1a: Toxapex|Haze|p1a: Toxapex
|-clearallboost
|
|upkeep
|turn|13
|
|t:|1644353931
|move|p2a: Weavile|Swords Dance|p2a: Weavile
|-boost|p2a: Weavile|atk|2
|move|p1a: Toxapex|Knock Off|p2a: Weavile
|-resisted|p2a: Weavile
|-damage|p2a: Weavile|89/100
|-enditem|p2a: Weavile|Heavy-Duty Boots|[from] move: Knock Off|[of] p1a: Toxapex
|
|upkeep
|turn|14
|
|t:|1644353934
|move|p2a: Weavile|Icicle Crash|p1a: Toxapex
|-resisted|p1a: Toxapex
|-damage|p1a: Toxapex|50/100
|move|p1a: Toxapex|Haze|p1a: Toxapex
|-clearallboost
|
|upkeep
|turn|15
|
|t:|1644353937
|move|p2a: Weavile|Swords Dance|p2a: Weavile
|-boost|p2a: Weavile|atk|2
|move|p1a: Toxapex|Recover|p1a: Toxapex
|-heal|p1a: Toxapex|99/100
|
|upkeep
|turn|16
|
|t:|1644353939
|move|p2a: Weavile|Icicle Crash|p1a: Toxapex
|-resisted|p1a: Toxapex
|-damage|p1a: Toxapex|73/100
|cant|p1a: Toxapex|flinch
|
|upkeep
|turn|17
|
|t:|1644353944
|move|p2a: Weavile|Icicle Crash|p1a: Toxapex
|-resisted|p1a: Toxapex
|-damage|p1a: Toxapex|50/100
|cant|p1a: Toxapex|flinch
|
|upkeep
|turn|18
|
|t:|1644353952
|switch|p1a: Tapu Lele|Tapu Lele|100/100
|-fieldstart|move: Psychic Terrain|[from] ability: Psychic Surge|[of] p1a: Tapu Lele
|move|p2a: Weavile|Swords Dance|p2a: Weavile
|-boost|p2a: Weavile|atk|2
|
|upkeep
|turn|19
|
|t:|1644353957
|switch|p1a: Toxapex|Toxapex, M|83/100
|move|p2a: Weavile|Knock Off|p1a: Toxapex
|-damage|p1a: Toxapex|0 fnt
|-damage|p2a: Weavile|72/100|[from] item: Rocky Helmet|[of] p1a: Toxapex
|-enditem|p1a: Toxapex|Rocky Helmet|[from] move: Knock Off|[of] p2a: Weavile
|faint|p1a: Toxapex
|
|upkeep
|
|t:|1644353959
|switch|p1a: Dragapult|Dragapult, M|100/100
|turn|20
|
|t:|1644353966
|move|p1a: Dragapult|U-turn|p2a: Weavile
|-supereffective|p2a: Weavile
|-damage|p2a: Weavile|15/100
|
|t:|1644353970
|switch|p1a: Landorus|Landorus-Therian, M|100/100|[from]move: U-turn
|-ability|p1a: Landorus|Intimidate|boost
|-unboost|p2a: Weavile|atk|1
|move|p2a: Weavile|Knock Off|p1a: Landorus
|-damage|p1a: Landorus|6/100
|-enditem|p1a: Landorus|Leftovers|[from] move: Knock Off|[of] p2a: Weavile
|
|upkeep
|turn|21
|
|t:|1644353976
|move|p2a: Weavile|Knock Off|p1a: Landorus
|-damage|p1a: Landorus|0 fnt
|faint|p1a: Landorus
|
|upkeep
|
|t:|1644353979
|switch|p1a: Dragapult|Dragapult, M|100/100
|turn|22
|
|t:|1644353985
|move|p1a: Dragapult|Hex|p2a: Weavile
|-resisted|p2a: Weavile
|-damage|p2a: Weavile|0 fnt
|faint|p2a: Weavile
|
|-fieldend|move: Psychic Terrain
|upkeep
|
|t:|1644353998
|switch|p2a: Tapu Lele|Tapu Lele|100/100
|-status|p2a: Tapu Lele|psn
|-fieldstart|move: Psychic Terrain|[from] ability: Psychic Surge|[of] p2a: Tapu Lele
|turn|23
|
|t:|1644354003
|move|p2a: Tapu Lele|Moonblast|p1a: Dragapult
|-supereffective|p1a: Dragapult
|-damage|p1a: Dragapult|0 fnt
|faint|p1a: Dragapult
|
|-damage|p2a: Tapu Lele|88/100 psn|[from] psn
|upkeep
|
|t:|1644354007
|switch|p1a: Tapu Lele|Tapu Lele|100/100
|turn|24
|
|t:|1644354011
|move|p2a: Tapu Lele|Moonblast|p1a: Tapu Lele
|-damage|p1a: Tapu Lele|40/100
|move|p1a: Tapu Lele|Moonblast|p2a: Tapu Lele
|-damage|p2a: Tapu Lele|0 fnt
|faint|p2a: Tapu Lele
|
|upkeep
|
|t:|1644354014
|switch|p2a: Dragapult|Dragapult, F|100/100
|-status|p2a: Dragapult|psn
|turn|25
|
|t:|1644354017
|move|p2a: Dragapult|Phantom Force||[still]
|-prepare|p2a: Dragapult|Phantom Force
|move|p1a: Tapu Lele|Moonblast|p2a: Dragapult|[miss]
|-miss|p1a: Tapu Lele|p2a: Dragapult
|
|-damage|p2a: Dragapult|88/100 psn|[from] psn
|upkeep
|turn|26
|
|t:|1644354027
|switch|p1a: Weavile|Weavile, M|100/100
|-ability|p1a: Weavile|Pressure
|move|p2a: Dragapult|Phantom Force|p1a: Weavile|[from]lockedmove
|-resisted|p1a: Weavile
|-damage|p1a: Weavile|65/100
|
|-heal|p2a: Dragapult|94/100 psn|[from] item: Leftovers
|-damage|p2a: Dragapult|82/100 psn|[from] psn
|upkeep
|turn|27
|
|t:|1644354039
|switch|p1a: Tapu Lele|Tapu Lele|40/100
|move|p2a: Dragapult|Phantom Force||[still]
|-prepare|p2a: Dragapult|Phantom Force
|
|-heal|p2a: Dragapult|88/100 psn|[from] item: Leftovers
|-damage|p2a: Dragapult|76/100 psn|[from] psn
|-fieldend|move: Psychic Terrain
|upkeep
|turn|28
|
|t:|1644354047
|move|p2a: Dragapult|Phantom Force|p1a: Tapu Lele|[from]lockedmove
|-supereffective|p1a: Tapu Lele
|-damage|p1a: Tapu Lele|0 fnt
|faint|p1a: Tapu Lele
|
|-heal|p2a: Dragapult|82/100 psn|[from] item: Leftovers
|-damage|p2a: Dragapult|69/100 psn|[from] psn
|upkeep
|
|t:|1644354049
|switch|p1a: Weavile|Weavile, M|65/100
|-ability|p1a: Weavile|Pressure
|turn|29
|
|t:|1644354053
|move|p1a: Weavile|Ice Shard|p2a: Dragapult
|-supereffective|p2a: Dragapult
|-damage|p2a: Dragapult|16/100 psn
|move|p2a: Dragapult|Dragon Darts|p1a: Weavile
|-damage|p1a: Weavile|25/100
|-anim|p2a: Dragapult|Dragon Darts|p1a: Weavile
|-damage|p1a: Weavile|0 fnt
|faint|p1a: Weavile
|
|win|roboPOKE
|raw|Pok et glace's rating: 1637 &rarr; <strong>1620</strong><br />(-17 for losing)
|raw|roboPOKE's rating: 1693 &rarr; <strong>1710</strong><br />(+17 for winning)
|c|☆Pok et glace|fuuuuuck
|l|☆Pok et glace
|c|☆roboPOKE|gg
|l| GrosNez ou Negro
||Ladder isn't responding, score probably updated but might not have (Request timeout).
