|j|☆Turn 2
|j|☆minimax_ai
|t:|1661932692
|gametype|singles
|player|p1|Turn 2|roxie|1509
|player|p2|minimax_ai|lusamine-nihilego|1508
|teamsize|p1|6
|teamsize|p2|6
|gen|8
|tier|[Gen 8] OU
|rated|
|rule|Sleep Clause Mod: Limit one foe put to sleep
|rule|Species Clause: Limit one of each Pokémon
|rule|OHKO Clause: OHKO moves are banned
|rule|Evasion Items Clause: Evasion items are banned
|rule|Evasion Moves Clause: Evasion moves are banned
|rule|Endless Battle Clause: Forcing endless battles is banned
|rule|HP Percentage Mod: HP is shown in percentages
|rule|Dynamax Clause: You cannot dynamax
|clearpoke
|poke|p1|Arctozolt|
|poke|p1|Magnezone|
|poke|p1|Ninetales-Alola, F|
|poke|p1|Swampert, F|
|poke|p1|Mandibuzz, F|
|poke|p1|Dragapult, F|
|poke|p2|Rotom-Wash|
|poke|p2|Weavile, F|
|poke|p2|Landorus-Therian, M|
|poke|p2|Heatran, M|
|poke|p2|Tangrowth, M|
|poke|p2|Melmetal|
|teampreview
|inactive|Battle timer is ON: inactive players will automatically lose when time's up. (requested by Turn 2)
|c|☆minimax_ai|hf
|inactive|minimax_ai also wants the timer to be on.
|
|t:|1661932697
|start
|switch|p1a: Swampert|Swampert, F|100/100
|switch|p2a: landorustherian|Landorus-Therian, M|100/100
|-ability|p2a: landorustherian|Intimidate|boost
|-unboost|p1a: Swampert|atk|1
|turn|1
|
|t:|1661932704
|move|p2a: landorustherian|Earthquake|p1a: Swampert
|-damage|p1a: Swampert|54/100
|move|p1a: Swampert|Stealth Rock|p2a: landorustherian
|-sidestart|p2: minimax_ai|move: Stealth Rock
|
|-heal|p1a: Swampert|61/100|[from] item: Leftovers
|upkeep
|turn|2
|
|t:|1661932712
|move|p2a: landorustherian|Defog|p1a: Swampert
|-unboost|p1a: Swampert|evasion|1
|-sideend|p2: minimax_ai|Stealth Rock|[from] move: Defog|[of] p2a: landorustherian
|move|p1a: Swampert|Yawn|p2a: landorustherian
|-start|p2a: landorustherian|move: Yawn|[of] p1a: Swampert
|
|-heal|p1a: Swampert|67/100|[from] item: Leftovers
|upkeep
|turn|3
|
|t:|1661932721
|move|p2a: landorustherian|Earthquake|p1a: Swampert
|-damage|p1a: Swampert|21/100
|move|p1a: Swampert|Yawn||[still]
|-fail|p1a: Swampert
|
|-heal|p1a: Swampert|27/100|[from] item: Leftovers
|-end|p2a: landorustherian|move: Yawn|[silent]
|-status|p2a: landorustherian|slp
|upkeep
|turn|4
|
|t:|1661932730
|cant|p2a: landorustherian|slp
|move|p1a: Swampert|Stealth Rock|p2a: landorustherian
|-sidestart|p2: minimax_ai|move: Stealth Rock
|
|-heal|p1a: Swampert|33/100|[from] item: Leftovers
|upkeep
|turn|5
|
|t:|1661932740
|switch|p1a: Elza|Ninetales-Alola, F|100/100
|-weather|Hail|[from] ability: Snow Warning|[of] p1a: Elza
|cant|p2a: landorustherian|slp
|
|-weather|Hail|[upkeep]
|-damage|p2a: landorustherian|94/100 slp|[from] Hail
|-heal|p2a: landorustherian|100/100 slp|[from] item: Leftovers
|upkeep
|turn|6
|
|t:|1661932750
|switch|p2a: Melmetal|Melmetal|100/100
|-damage|p2a: Melmetal|94/100|[from] Stealth Rock
|move|p1a: Elza|Freeze-Dry|p2a: Melmetal
|-resisted|p2a: Melmetal
|-damage|p2a: Melmetal|87/100
|
|-weather|Hail|[upkeep]
|-damage|p2a: Melmetal|81/100|[from] Hail
|upkeep
|turn|7
|j| Kyurem
|
|t:|1661932762
|switch|p1a: Swampert|Swampert, F|33/100
|move|p2a: Melmetal|Double Iron Bash|p1a: Swampert
|-resisted|p1a: Swampert
|-damage|p1a: Swampert|15/100
|-resisted|p1a: Swampert
|-damage|p1a: Swampert|0 fnt
|faint|p1a: Swampert
|-hitcount|p1: Swampert|2
|
|-weather|Hail|[upkeep]
|-damage|p2a: Melmetal|75/100|[from] Hail
|upkeep
|
|t:|1661932776
|switch|p1a: Magnezone|Magnezone|100/100
|turn|8
|
|t:|1661932779
|move|p1a: Magnezone|Substitute|p1a: Magnezone
|-start|p1a: Magnezone|Substitute
|-damage|p1a: Magnezone|76/100
|move|p2a: Melmetal|Earthquake|p1a: Magnezone
|-supereffective|p1a: Magnezone
|-end|p1a: Magnezone|Substitute
|
|-weather|Hail|[upkeep]
|-damage|p1a: Magnezone|70/100|[from] Hail
|-damage|p2a: Melmetal|69/100|[from] Hail
|-heal|p1a: Magnezone|76/100|[from] item: Leftovers
|upkeep
|turn|9
|
|t:|1661932791
|switch|p1a: Mandibuzz|Mandibuzz, F|100/100
|move|p2a: Melmetal|Earthquake|p1a: Mandibuzz
|-immune|p1a: Mandibuzz
|
|-weather|Hail|[upkeep]
|-damage|p2a: Melmetal|63/100|[from] Hail
|upkeep
|turn|10
|
|t:|1661932799
|move|p1a: Mandibuzz|Foul Play|p2a: Melmetal
|-damage|p2a: Melmetal|30/100
|move|p2a: Melmetal|Ice Punch|p1a: Mandibuzz
|-supereffective|p1a: Mandibuzz
|-damage|p1a: Mandibuzz|62/100
|
|-weather|Hail|[upkeep]
|-damage|p2a: Melmetal|24/100|[from] Hail
|upkeep
|turn|11
|
|t:|1661932808
|switch|p2a: Tangrowth|Tangrowth, M|100/100
|-damage|p2a: Tangrowth|88/100|[from] Stealth Rock
|move|p1a: Mandibuzz|Foul Play|p2a: Tangrowth
|-crit|p2a: Tangrowth
|-damage|p2a: Tangrowth|63/100
|-damage|p1a: Mandibuzz|46/100|[from] item: Rocky Helmet|[of] p2a: Tangrowth
|
|-weather|Hail|[upkeep]
|-damage|p2a: Tangrowth|57/100|[from] Hail
|upkeep
|turn|12
|
|t:|1661932820
|switch|p2a: rotomwash|Rotom-Wash|100/100
|-damage|p2a: rotomwash|88/100|[from] Stealth Rock
|move|p1a: Mandibuzz|Roost|p1a: Mandibuzz
|-heal|p1a: Mandibuzz|96/100
|-singleturn|p1a: Mandibuzz|move: Roost
|
|-weather|none
|-heal|p2a: rotomwash|94/100|[from] item: Leftovers
|upkeep
|turn|13
|
|t:|1661932838
|switch|p1a: Magnezone|Magnezone|76/100
|move|p2a: rotomwash|Nasty Plot|p2a: rotomwash
|-boost|p2a: rotomwash|spa|2
|
|-heal|p2a: rotomwash|100/100|[from] item: Leftovers
|-heal|p1a: Magnezone|82/100|[from] item: Leftovers
|upkeep
|turn|14
|
|t:|1661932848
|move|p2a: rotomwash|Hydro Pump|p1a: Magnezone|[miss]
|-miss|p2a: rotomwash|p1a: Magnezone
|move|p1a: Magnezone|Body Press|p2a: rotomwash
|-damage|p2a: rotomwash|72/100
|
|-heal|p2a: rotomwash|78/100|[from] item: Leftovers
|-heal|p1a: Magnezone|88/100|[from] item: Leftovers
|upkeep
|turn|15
|
|t:|1661932857
|move|p2a: rotomwash|Thunderbolt|p1a: Magnezone
|-resisted|p1a: Magnezone
|-damage|p1a: Magnezone|44/100
|move|p1a: Magnezone|Body Press|p2a: rotomwash
|-damage|p2a: rotomwash|48/100
|
|-heal|p2a: rotomwash|54/100|[from] item: Leftovers
|-heal|p1a: Magnezone|50/100|[from] item: Leftovers
|upkeep
|turn|16
|
|t:|1661932867
|move|p2a: rotomwash|Thunderbolt|p1a: Magnezone
|-resisted|p1a: Magnezone
|-damage|p1a: Magnezone|2/100
|move|p1a: Magnezone|Body Press|p2a: rotomwash
|-damage|p2a: rotomwash|25/100
|
|-heal|p2a: rotomwash|31/100|[from] item: Leftovers
|-heal|p1a: Magnezone|8/100|[from] item: Leftovers
|upkeep
|turn|17
|
|t:|1661932877
|move|p2a: rotomwash|Thunderbolt|p1a: Magnezone
|-resisted|p1a: Magnezone
|-damage|p1a: Magnezone|0 fnt
|faint|p1a: Magnezone
|
|-heal|p2a: rotomwash|37/100|[from] item: Leftovers
|upkeep
|
|t:|1661932885
|switch|p1a: Dragapult|Dragapult, F|100/100
|turn|18
|
|t:|1661932889
|switch|p2a: Heatran|Heatran, M|100/100
|-damage|p2a: Heatran|88/100|[from] Stealth Rock
|-item|p2a: Heatran|Air Balloon
|move|p1a: Dragapult|Dragon Darts|p2a: Heatran
|-resisted|p2a: Heatran
|-damage|p2a: Heatran|67/100
|-enditem|p2a: Heatran|Air Balloon
|-anim|p1a: Dragapult|Dragon Darts|p2a: Heatran
|-resisted|p2a: Heatran
|-damage|p2a: Heatran|46/100
|
|upkeep
|turn|19
|
|t:|1661932901
|move|p1a: Dragapult|Dragon Darts|p2a: Heatran
|-resisted|p2a: Heatran
|-damage|p2a: Heatran|26/100
|-anim|p1a: Dragapult|Dragon Darts|p2a: Heatran
|-resisted|p2a: Heatran
|-crit|p2a: Heatran
|-damage|p2a: Heatran|0 fnt
|faint|p2a: Heatran
|
|upkeep
|
|t:|1661932901
|switch|p2a: Tangrowth|Tangrowth, M|90/100
|-damage|p2a: Tangrowth|77/100|[from] Stealth Rock
|turn|20
|
|t:|1661932911
|move|p1a: Dragapult|Dragon Darts|p2a: Tangrowth
|-damage|p2a: Tangrowth|57/100
|-anim|p1a: Dragapult|Dragon Darts|p2a: Tangrowth
|-damage|p2a: Tangrowth|37/100
|move|p2a: Tangrowth|Knock Off|p1a: Dragapult
|-supereffective|p1a: Dragapult
|-damage|p1a: Dragapult|36/100
|-enditem|p1a: Dragapult|Choice Band|[from] move: Knock Off|[of] p2a: Tangrowth
|
|upkeep
|turn|21
|
|t:|1661932921
|move|p1a: Dragapult|Dragon Darts|p2a: Tangrowth
|-damage|p2a: Tangrowth|24/100
|-anim|p1a: Dragapult|Dragon Darts|p2a: Tangrowth
|-damage|p2a: Tangrowth|9/100
|move|p2a: Tangrowth|Sleep Powder|p1a: Dragapult
|-status|p1a: Dragapult|slp|[from] move: Sleep Powder
|
|upkeep
|turn|22
|
|t:|1661932929
|switch|p1a: Elza|Ninetales-Alola, F|100/100
|-weather|Hail|[from] ability: Snow Warning|[of] p1a: Elza
|switch|p2a: landorustherian|Landorus-Therian, M|100/100 slp
|-damage|p2a: landorustherian|88/100 slp|[from] Stealth Rock
|-ability|p2a: landorustherian|Intimidate|boost
|-unboost|p1a: Elza|atk|1
|
|-weather|Hail|[upkeep]
|-damage|p2a: landorustherian|82/100 slp|[from] Hail
|-heal|p2a: landorustherian|88/100 slp|[from] item: Leftovers
|upkeep
|turn|23
|
|t:|1661932942
|move|p1a: Elza|Freeze-Dry|p2a: landorustherian
|-supereffective|p2a: landorustherian
|-damage|p2a: landorustherian|9/100 slp
|-curestatus|p2a: landorustherian|slp|[msg]
|move|p2a: landorustherian|Earthquake|p1a: Elza
|-damage|p1a: Elza|24/100
|
|-weather|Hail|[upkeep]
|-damage|p2a: landorustherian|3/100|[from] Hail
|-heal|p2a: landorustherian|9/100|[from] item: Leftovers
|upkeep
|turn|24
|
|t:|1661932955
|move|p1a: Elza|Moonblast|p2a: landorustherian
|-damage|p2a: landorustherian|0 fnt
|faint|p2a: landorustherian
|
|-weather|Hail|[upkeep]
|upkeep
|
|t:|1661932955
|switch|p2a: Melmetal|Melmetal|24/100
|-damage|p2a: Melmetal|18/100|[from] Stealth Rock
|turn|25
|
|t:|1661932964
|move|p1a: Elza|Moonblast|p2a: Melmetal
|-resisted|p2a: Melmetal
|-damage|p2a: Melmetal|8/100
|-unboost|p2a: Melmetal|spa|1
|move|p2a: Melmetal|Double Iron Bash|p1a: Elza
|-supereffective|p1a: Elza
|-damage|p1a: Elza|0 fnt
|faint|p1a: Elza
|-hitcount|p1: Elza|1
|
|-weather|Hail|[upkeep]
|-damage|p2a: Melmetal|1/100|[from] Hail
|upkeep
|
|t:|1661932976
|switch|p1a: Arctozolt|Arctozolt|100/100
|turn|26
|
|t:|1661932980
|move|p1a: Arctozolt|Freeze-Dry|p2a: Melmetal
|-resisted|p2a: Melmetal
|-damage|p2a: Melmetal|0 fnt
|faint|p2a: Melmetal
|
|-weather|Hail|[upkeep]
|upkeep
|
|t:|1661932980
|switch|p2a: Tangrowth|Tangrowth, M|43/100
|-damage|p2a: Tangrowth|30/100|[from] Stealth Rock
|turn|27
|
|t:|1661932991
|switch|p2a: rotomwash|Rotom-Wash|37/100
|-damage|p2a: rotomwash|25/100|[from] Stealth Rock
|move|p1a: Arctozolt|Freeze-Dry|p2a: rotomwash
|-supereffective|p2a: rotomwash
|-damage|p2a: rotomwash|0 fnt
|faint|p2a: rotomwash
|
|-weather|Hail|[upkeep]
|upkeep
|
|t:|1661932991
|switch|p2a: Tangrowth|Tangrowth, M|63/100
|-damage|p2a: Tangrowth|51/100|[from] Stealth Rock
|turn|28
|
|t:|1661933005
|move|p1a: Arctozolt|Freeze-Dry|p2a: Tangrowth
|-supereffective|p2a: Tangrowth
|-damage|p2a: Tangrowth|0 fnt
|faint|p2a: Tangrowth
|
|-weather|Hail|[upkeep]
|upkeep
|
|t:|1661933005
|switch|p2a: Weavile|Weavile, F|100/100
|-damage|p2a: Weavile|76/100|[from] Stealth Rock
|-ability|p2a: Weavile|Pressure
|turn|29
|
|t:|1661933016
|move|p2a: Weavile|Ice Shard|p1a: Arctozolt
|-resisted|p1a: Arctozolt
|-damage|p1a: Arctozolt|82/100
|move|p1a: Arctozolt|Low Kick|p2a: Weavile
|-supereffective|p2a: Weavile
|-damage|p2a: Weavile|0 fnt
|faint|p2a: Weavile
|
|win|Turn 2
|raw|Turn 2's rating: 1509 &rarr; <strong>1529</strong><br />(+20 for winning)
|raw|minimax_ai's rating: 1508 &rarr; <strong>1488</strong><br />(-20 for losing)
|c|☆minimax_ai|gg
|l|☆minimax_ai
|l| Kyurem
