|j|☆bizarman
|j|☆ninjadouche
|t:|1658853061
|gametype|singles
|player|p1|bizarman|scientist-gen4|1606
|player|p2|ninjadouche|burglar|1590
|teamsize|p1|6
|teamsize|p2|6
|gen|8
|tier|[Gen 8] OU
|rated|
|rule|Sleep Clause Mod: Limit one foe put to sleep
|rule|Species Clause: Limit one of each Pokémon
|rule|OHKO Clause: OHKO moves are banned
|rule|Evasion Moves Clause: Evasion moves are banned
|rule|Endless Battle Clause: Forcing endless battles is banned
|rule|HP Percentage Mod: HP is shown in percentages
|rule|Dynamax Clause: You cannot dynamax
|clearpoke
|poke|p1|Moltres-Galar|
|poke|p1|Slowbro, M|
|poke|p1|Melmetal|
|poke|p1|Tapu Koko|
|poke|p1|Urshifu-*, M|
|poke|p1|Landorus-Therian, M|
|poke|p2|Marowak-Alola, F|
|poke|p2|Ninetales, F|
|poke|p2|Rotom-Wash|
|poke|p2|Snorlax, F|
|poke|p2|Shiftry, F|
|poke|p2|Aggron, F|
|teampreview
|inactive|Battle timer is ON: inactive players will automatically lose when time's up. (requested by ninjadouche)
|
|t:|1658853077
|start
|switch|p1a: Tapu Koko|Tapu Koko|100/100
|switch|p2a: Ninetales|Ninetales, F, shiny|100/100
|-fieldstart|move: Electric Terrain|[from] ability: Electric Surge|[of] p1a: Tapu Koko
|-weather|SunnyDay|[from] ability: Drought|[of] p2a: Ninetales
|turn|1
|
|t:|1658853086
|switch|p2a: Marowak|Marowak-Alola, F|100/100
|move|p1a: Tapu Koko|Thunderbolt|p2a: Marowak
|-ability|p2a: Marowak|Lightning Rod|boost
|-boost|p2a: Marowak|spa|1
|
|-weather|SunnyDay|[upkeep]
|upkeep
|turn|2
|
|t:|1658853096
|move|p1a: Tapu Koko|U-turn|p2a: Marowak
|-resisted|p2a: Marowak
|-damage|p2a: Marowak|96/100
|
|t:|1658853099
|switch|p1a: Landorus|Landorus-Therian, M|100/100|[from]move: U-turn
|-ability|p1a: Landorus|Intimidate|boost
|-unboost|p2a: Marowak|atk|1
|move|p2a: Marowak|Poltergeist|p1a: Landorus
|-activate|p1a: Landorus|move: Poltergeist|Leftovers
|-damage|p1a: Landorus|38/100
|
|-weather|SunnyDay|[upkeep]
|-heal|p1a: Landorus|44/100|[from] item: Leftovers
|upkeep
|turn|3
|
|t:|1658853110
|switch|p2a: Rotom|Rotom-Wash|100/100
|move|p1a: Landorus|Stealth Rock|p2a: Rotom
|-sidestart|p2: ninjadouche|move: Stealth Rock
|
|-weather|SunnyDay|[upkeep]
|-heal|p1a: Landorus|50/100|[from] item: Leftovers
|upkeep
|turn|4
|
|t:|1658853119
|switch|p1a: Tapu Koko|Tapu Koko|100/100
|move|p2a: Rotom|Defog|p1a: Tapu Koko
|-unboost|p1a: Tapu Koko|evasion|1
|-sideend|p2: ninjadouche|Stealth Rock|[from] move: Defog|[of] p2a: Rotom
|-fieldend|move: Electric Terrain
|
|-weather|SunnyDay|[upkeep]
|upkeep
|turn|5
|
|t:|1658853126
|move|p1a: Tapu Koko|U-turn|p2a: Rotom
|-damage|p2a: Rotom|86/100
|
|t:|1658853129
|switch|p1a: Landorus|Landorus-Therian, M|50/100|[from]move: U-turn
|-ability|p1a: Landorus|Intimidate|boost
|-unboost|p2a: Rotom|atk|1
|move|p2a: Rotom|Volt Switch|p1a: Landorus
|-immune|p1a: Landorus
|
|-weather|none
|-heal|p2a: Rotom|92/100|[from] item: Leftovers
|-heal|p1a: Landorus|57/100|[from] item: Leftovers
|upkeep
|turn|6
|
|t:|1658853142
|switch|p1a: Slowbro|Slowbro, M|100/100
|move|p2a: Rotom|Hydro Pump|p1a: Slowbro
|-resisted|p1a: Slowbro
|-damage|p1a: Slowbro|79/100
|
|-heal|p2a: Rotom|98/100|[from] item: Leftovers
|upkeep
|turn|7
|
|t:|1658853150
|move|p2a: Rotom|Volt Switch|p1a: Slowbro
|-supereffective|p1a: Slowbro
|-damage|p1a: Slowbro|26/100
|
|t:|1658853153
|switch|p2a: Ninetales|Ninetales, F, shiny|100/100|[from]move: Volt Switch
|-weather|SunnyDay|[from] ability: Drought|[of] p2a: Ninetales
|move|p1a: Slowbro|Future Sight|p2a: Ninetales
|-start|p1a: Slowbro|move: Future Sight
|
|-weather|SunnyDay|[upkeep]
|upkeep
|turn|8
|
|t:|1658853166
|switch|p1a: Landorus|Landorus-Therian, M|57/100
|-ability|p1a: Landorus|Intimidate|boost
|-unboost|p2a: Ninetales|atk|1
|move|p2a: Ninetales|Overheat|p1a: Landorus|[miss]
|-miss|p2a: Ninetales|p1a: Landorus
|
|-weather|SunnyDay|[upkeep]
|-heal|p1a: Landorus|63/100|[from] item: Leftovers
|upkeep
|turn|9
|
|t:|1658853178
|move|p2a: Ninetales|Overheat|p1a: Landorus
|-damage|p1a: Landorus|0 fnt
|-unboost|p2a: Ninetales|spa|2
|faint|p1a: Landorus
|
|-weather|SunnyDay|[upkeep]
|-end|p2a: Ninetales|move: Future Sight
|-damage|p2a: Ninetales|49/100
|upkeep
|
|t:|1658853197
|switch|p1a: Moltres|Moltres-Galar|100/100
|turn|10
|
|t:|1658853209
|switch|p2a: Snorlax|Snorlax, F|100/100
|move|p1a: Moltres|Nasty Plot|p1a: Moltres
|-boost|p1a: Moltres|spa|2
|
|-weather|SunnyDay|[upkeep]
|upkeep
|turn|11
|
|t:|1658853219
|move|p1a: Moltres|Fiery Wrath|p2a: Snorlax
|-damage|p2a: Snorlax|57/100
|move|p2a: Snorlax|Double-Edge|p1a: Moltres
|-damage|p1a: Moltres|0 fnt
|faint|p1a: Moltres
|-damage|p2a: Snorlax|34/100|[from] Recoil
|
|-weather|none
|upkeep
|
|t:|1658853227
|switch|p1a: Urshifu|Urshifu-Rapid-Strike, M|100/100
|turn|12
|
|t:|1658853231
|move|p1a: Urshifu|Close Combat|p2a: Snorlax
|-supereffective|p2a: Snorlax
|-damage|p2a: Snorlax|0 fnt
|-unboost|p1a: Urshifu|def|1
|-unboost|p1a: Urshifu|spd|1
|faint|p2a: Snorlax
|
|upkeep
|
|t:|1658853234
|switch|p2a: Rotom|Rotom-Wash|98/100
|turn|13
|
|t:|1658853241
|switch|p1a: Tapu Koko|Tapu Koko|100/100
|-fieldstart|move: Electric Terrain|[from] ability: Electric Surge|[of] p1a: Tapu Koko
|move|p2a: Rotom|Volt Switch|p1a: Tapu Koko
|-resisted|p1a: Tapu Koko
|-damage|p1a: Tapu Koko|80/100
|
|t:|1658853246
|switch|p2a: Marowak|Marowak-Alola, F|96/100|[from]move: Volt Switch
|
|upkeep
|turn|14
|
|t:|1658853251
|move|p1a: Tapu Koko|U-turn|p2a: Marowak
|-resisted|p2a: Marowak
|-damage|p2a: Marowak|92/100
|
|t:|1658853256
|switch|p1a: Slowbro|Slowbro, M|60/100|[from]move: U-turn
|move|p2a: Marowak|Poltergeist|p1a: Slowbro|[miss]
|-miss|p2a: Marowak|p1a: Slowbro
|
|upkeep
|turn|15
|
|t:|1658853263
|move|p2a: Marowak|Poltergeist|p1a: Slowbro
|-activate|p1a: Slowbro|move: Poltergeist|Rocky Helmet
|-supereffective|p1a: Slowbro
|-damage|p1a: Slowbro|0 fnt
|faint|p1a: Slowbro
|
|upkeep
|
|t:|1658853268
|switch|p1a: Urshifu|Urshifu-Rapid-Strike, M|100/100
|turn|16
|
|t:|1658853282
|switch|p2a: Rotom|Rotom-Wash|98/100
|move|p1a: Urshifu|Close Combat|p2a: Rotom
|-damage|p2a: Rotom|26/100
|-unboost|p1a: Urshifu|def|1
|-unboost|p1a: Urshifu|spd|1
|
|-heal|p2a: Rotom|32/100|[from] item: Leftovers
|upkeep
|turn|17
|
|t:|1658853293
|switch|p1a: Melmetal|Melmetal|100/100
|move|p2a: Rotom|Volt Switch|p1a: Melmetal
|-damage|p1a: Melmetal|89/100
|
|t:|1658853299
|switch|p2a: Ninetales|Ninetales, F, shiny|49/100|[from]move: Volt Switch
|-weather|SunnyDay|[from] ability: Drought|[of] p2a: Ninetales
|
|-weather|SunnyDay|[upkeep]
|-fieldend|move: Electric Terrain
|upkeep
|turn|18
|
|t:|1658853311
|move|p2a: Ninetales|Overheat|p1a: Melmetal
|-supereffective|p1a: Melmetal
|-damage|p1a: Melmetal|0 fnt
|-unboost|p2a: Ninetales|spa|2
|faint|p1a: Melmetal
|
|-weather|SunnyDay|[upkeep]
|upkeep
|
|t:|1658853318
|switch|p1a: Urshifu|Urshifu-Rapid-Strike, M|100/100
|turn|19
|c|☆bizarman|gg
|
|t:|1658853322
|switch|p2a: Rotom|Rotom-Wash|32/100
|move|p1a: Urshifu|Surging Strikes|p2a: Rotom
|-resisted|p2a: Rotom
|-crit|p2a: Rotom
|-damage|p2a: Rotom|26/100
|-resisted|p2a: Rotom
|-crit|p2a: Rotom
|-damage|p2a: Rotom|19/100
|-resisted|p2a: Rotom
|-crit|p2a: Rotom
|-damage|p2a: Rotom|13/100
|-hitcount|p2a: Rotom|3
|
|-weather|SunnyDay|[upkeep]
|-heal|p2a: Rotom|19/100|[from] item: Leftovers
|upkeep
|turn|20
|
|t:|1658853333
|move|p1a: Urshifu|Surging Strikes|p2a: Rotom
|-resisted|p2a: Rotom
|-crit|p2a: Rotom
|-damage|p2a: Rotom|14/100
|-resisted|p2a: Rotom
|-crit|p2a: Rotom
|-damage|p2a: Rotom|8/100
|-resisted|p2a: Rotom
|-crit|p2a: Rotom
|-damage|p2a: Rotom|2/100
|-hitcount|p2a: Rotom|3
|move|p2a: Rotom|Volt Switch|p1a: Urshifu
|-supereffective|p1a: Urshifu
|-damage|p1a: Urshifu|27/100
|
|t:|1658853337
|switch|p2a: Shiftry|Shiftry, F|100/100|[from]move: Volt Switch
|
|-weather|SunnyDay|[upkeep]
|upkeep
|turn|21
|-message|bizarman forfeited.
|
|win|ninjadouche
|raw|bizarman's rating: 1606 &rarr; <strong>1586</strong><br />(-20 for losing)
|raw|ninjadouche's rating: 1613 &rarr; <strong>1633</strong><br />(+20 for winning)
|l|☆bizarman
