|j|☆Achades
|j|☆beastyj157
|t:|1647282998
|gametype|singles
|player|p1|Achades|169|1454
|player|p2|beastyj157|skierf|1443
|teamsize|p1|6
|teamsize|p2|6
|gen|8
|tier|[Gen 8] OU
|rated|
|rule|Sleep Clause Mod: Limit one foe put to sleep
|rule|Species Clause: Limit one of each Pokémon
|rule|OHKO Clause: OHKO moves are banned
|rule|Evasion Moves Clause: Evasion moves are banned
|rule|Endless Battle Clause: Forcing endless battles is banned
|rule|HP Percentage Mod: HP is shown in percentages
|rule|Dynamax Clause: You cannot dynamax
|clearpoke
|poke|p1|Tapu Koko|
|poke|p1|Nidoking, M|
|poke|p1|Ferrothorn, M|
|poke|p1|Hawlucha, F|
|poke|p1|Gastrodon, F|
|poke|p1|Urshifu-*, M|
|poke|p2|Toxapex, M|
|poke|p2|Landorus-Therian, M|
|poke|p2|Tornadus-Therian, M|
|poke|p2|Heatran, F|
|poke|p2|Dragapult, M|
|poke|p2|Kartana|
|teampreview
|inactive|Battle timer is ON: inactive players will automatically lose when time's up. (requested by beastyj157)
|inactive|beastyj157 has 120 seconds left.
|
|t:|1647283032
|start
|switch|p1a: Hooker|Ferrothorn, M|100/100
|switch|p2a: pult>ou|Dragapult, M|100/100
|turn|1
|
|t:|1647283037
|switch|p1a: Gastrodon|Gastrodon, F|100/100
|move|p2a: pult>ou|U-turn|p1a: Gastrodon
|-damage|p1a: Gastrodon|82/100
|
|t:|1647283042
|switch|p2a: Kartana|Kartana|100/100|[from]move: U-turn
|
|-heal|p1a: Gastrodon|88/100|[from] item: Leftovers
|upkeep
|turn|2
|
|t:|1647283048
|switch|p1a: Hooker|Ferrothorn, M|100/100
|move|p2a: Kartana|Leaf Blade|p1a: Hooker
|-resisted|p1a: Hooker
|-crit|p1a: Hooker
|-damage|p1a: Hooker|87/100
|-damage|p2a: Kartana|88/100|[from] ability: Iron Barbs|[of] p1a: Hooker
|
|-heal|p1a: Hooker|93/100|[from] item: Leftovers
|upkeep
|turn|3
|
|t:|1647283057
|move|p2a: Kartana|Swords Dance|p2a: Kartana
|-boost|p2a: Kartana|atk|2
|move|p1a: Hooker|Stealth Rock|p2a: Kartana
|-sidestart|p2: beastyj157|move: Stealth Rock
|
|-heal|p1a: Hooker|99/100|[from] item: Leftovers
|upkeep
|turn|4
|
|t:|1647283063
|move|p2a: Kartana|Sacred Sword|p1a: Hooker
|-supereffective|p1a: Hooker
|-damage|p1a: Hooker|4/100
|-damage|p2a: Kartana|76/100|[from] ability: Iron Barbs|[of] p1a: Hooker
|move|p1a: Hooker|Knock Off|p2a: Kartana
|-damage|p2a: Kartana|54/100
|-enditem|p2a: Kartana|Adrenaline Orb|[from] move: Knock Off|[of] p1a: Hooker
|
|-heal|p1a: Hooker|10/100|[from] item: Leftovers
|upkeep
|turn|5
|
|t:|1647283074
|move|p2a: Kartana|Aerial Ace|p1a: Hooker
|-damage|p1a: Hooker|0 fnt
|-damage|p2a: Kartana|42/100|[from] ability: Iron Barbs|[of] p1a: Hooker
|faint|p1a: Hooker
|-ability|p2a: Kartana|Beast Boost|boost
|-boost|p2a: Kartana|atk|1
|
|upkeep
|
|t:|1647283081
|switch|p1a: Flanker|Tapu Koko|100/100
|-fieldstart|move: Electric Terrain|[from] ability: Electric Surge|[of] p1a: Flanker
|turn|6
|
|t:|1647283095
|switch|p2a: Landorus|Landorus-Therian, M|100/100
|-damage|p2a: Landorus|88/100|[from] Stealth Rock
|-ability|p2a: Landorus|Intimidate|boost
|-unboost|p1a: Flanker|atk|1
|move|p1a: Flanker|Dazzling Gleam|p2a: Landorus
|-damage|p2a: Landorus|61/100
|
|-heal|p2a: Landorus|67/100|[from] item: Leftovers
|upkeep
|turn|7
|
|t:|1647283104
|move|p1a: Flanker|U-turn|p2a: Landorus
|-resisted|p2a: Landorus
|-crit|p2a: Landorus
|-damage|p2a: Landorus|57/100
|
|t:|1647283107
|switch|p1a: 8-Man|Urshifu-Rapid-Strike, M|100/100|[from]move: U-turn
|move|p2a: Landorus|U-turn|p1a: 8-Man
|-resisted|p1a: 8-Man
|-damage|p1a: 8-Man|89/100
|
|t:|1647283113
|switch|p2a: Kartana|Kartana|42/100|[from]move: U-turn
|-damage|p2a: Kartana|36/100|[from] Stealth Rock
|
|upkeep
|turn|8
|inactive|beastyj157 has 120 seconds left.
|
|t:|1647283154
|move|p2a: Kartana|Aerial Ace|p1a: 8-Man
|-supereffective|p1a: 8-Man
|-damage|p1a: 8-Man|39/100
|move|p1a: 8-Man|U-turn|p2a: Kartana
|-damage|p2a: Kartana|0 fnt
|faint|p2a: Kartana
|
|t:|1647283161
|switch|p1a: Flanker|Tapu Koko|100/100|[from]move: U-turn
|
|upkeep
|
|t:|1647283166
|switch|p2a: Landorus|Landorus-Therian, M|57/100
|-damage|p2a: Landorus|44/100|[from] Stealth Rock
|-ability|p2a: Landorus|Intimidate|boost
|-unboost|p1a: Flanker|atk|1
|turn|9
|
|t:|1647283171
|move|p1a: Flanker|U-turn|p2a: Landorus
|-resisted|p2a: Landorus
|-damage|p2a: Landorus|40/100
|
|t:|1647283174
|switch|p1a: Gastrodon|Gastrodon, F|88/100|[from]move: U-turn
|move|p2a: Landorus|U-turn|p1a: Gastrodon
|-damage|p1a: Gastrodon|65/100
|c|☆beastyj157|just sold the whole game me
|
|t:|1647283183
|switch|p2a: Tornadus|Tornadus-Therian, M|100/100|[from]move: U-turn
|
|-heal|p1a: Gastrodon|71/100|[from] item: Leftovers
|upkeep
|turn|10
|
|t:|1647283191
|move|p2a: Tornadus|Defog|p1a: Gastrodon
|-unboost|p1a: Gastrodon|evasion|1
|-sideend|p2: beastyj157|Stealth Rock|[from] move: Defog|[of] p2a: Tornadus
|-fieldend|move: Electric Terrain
|move|p1a: Gastrodon|Toxic|p2a: Tornadus
|-status|p2a: Tornadus|tox
|
|-heal|p1a: Gastrodon|77/100|[from] item: Leftovers
|-damage|p2a: Tornadus|94/100 tox|[from] psn
|upkeep
|turn|11
|
|t:|1647283203
|switch|p1a: Flanker|Tapu Koko|100/100
|-fieldstart|move: Electric Terrain|[from] ability: Electric Surge|[of] p1a: Flanker
|move|p2a: Tornadus|U-turn|p1a: Flanker
|-resisted|p1a: Flanker
|-damage|p1a: Flanker|91/100
|inactive|beastyj157 has 120 seconds left.
|
|t:|1647283233
|switch|p2a: Landorus|Landorus-Therian, M|40/100|[from]move: U-turn
|-ability|p2a: Landorus|Intimidate|boost
|-unboost|p1a: Flanker|atk|1
|
|-heal|p2a: Landorus|46/100|[from] item: Leftovers
|upkeep
|turn|12
|
|t:|1647283241
|move|p1a: Flanker|U-turn|p2a: Landorus
|-resisted|p2a: Landorus
|-damage|p2a: Landorus|41/100
|
|t:|1647283244
|switch|p1a: 8-Man|Urshifu-Rapid-Strike, M|39/100|[from]move: U-turn
|move|p2a: Landorus|U-turn|p1a: 8-Man
|-resisted|p1a: 8-Man
|-damage|p1a: 8-Man|27/100
|inactive|beastyj157 has 120 seconds left.
|
|t:|1647283279
|switch|p2a: pult>ou|Dragapult, M|100/100|[from]move: U-turn
|
|upkeep
|turn|13
|
|t:|1647283286
|move|p2a: pult>ou|Shadow Ball|p1a: 8-Man
|-damage|p1a: 8-Man|0 fnt
|faint|p1a: 8-Man
|
|upkeep
|
|t:|1647283290
|switch|p1a: Gastrodon|Gastrodon, F|77/100
|turn|14
|inactive|beastyj157 has 120 seconds left.
|
|t:|1647283310
|move|p2a: pult>ou|Shadow Ball|p1a: Gastrodon
|-damage|p1a: Gastrodon|43/100
|move|p1a: Gastrodon|Scald|p2a: pult>ou
|-resisted|p2a: pult>ou
|-damage|p2a: pult>ou|83/100
|
|-heal|p1a: Gastrodon|49/100|[from] item: Leftovers
|upkeep
|turn|15
|
|t:|1647283318
|switch|p2a: Toxapex|Toxapex, M|100/100
|move|p1a: Gastrodon|Recover|p1a: Gastrodon
|-heal|p1a: Gastrodon|99/100
|
|-heal|p1a: Gastrodon|100/100|[from] item: Leftovers
|-fieldend|move: Electric Terrain
|upkeep
|turn|16
|
|t:|1647283325
|switch|p1a: Center|Nidoking, M|100/100
|move|p2a: Toxapex|Toxic|p1a: Center
|-immune|p1a: Center
|
|upkeep
|turn|17
|
|t:|1647283337
|switch|p2a: Tornadus|Tornadus-Therian, M|100/100 tox
|move|p1a: Center|Thunderbolt|p2a: Tornadus
|-supereffective|p2a: Tornadus
|-damage|p2a: Tornadus|13/100 tox
|
|-damage|p2a: Tornadus|7/100 tox|[from] psn
|upkeep
|turn|18
|
|t:|1647283347
|switch|p1a: Flanker|Tapu Koko|91/100
|-fieldstart|move: Electric Terrain|[from] ability: Electric Surge|[of] p1a: Flanker
|move|p2a: Tornadus|Hurricane|p1a: Flanker
|-resisted|p1a: Flanker
|-damage|p1a: Flanker|62/100
|
|-damage|p2a: Tornadus|0 fnt|[from] psn
|faint|p2a: Tornadus
|upkeep
|
|t:|1647283353
|switch|p2a: pult>ou|Dragapult, M|83/100
|turn|19
|
|t:|1647283360
|switch|p1a: Gastrodon|Gastrodon, F|100/100
|move|p2a: pult>ou|Shadow Ball|p1a: Gastrodon
|-damage|p1a: Gastrodon|63/100
|
|-heal|p1a: Gastrodon|69/100|[from] item: Leftovers
|upkeep
|turn|20
|
|t:|1647283366
|move|p2a: pult>ou|Shadow Ball|p1a: Gastrodon
|-damage|p1a: Gastrodon|35/100
|-unboost|p1a: Gastrodon|spd|1
|move|p1a: Gastrodon|Recover|p1a: Gastrodon
|-heal|p1a: Gastrodon|85/100
|
|-heal|p1a: Gastrodon|91/100|[from] item: Leftovers
|upkeep
|turn|21
|c|☆beastyj157|sp def drops be like
|
|t:|1647283379
|move|p2a: pult>ou|Shadow Ball|p1a: Gastrodon
|-damage|p1a: Gastrodon|39/100
|-unboost|p1a: Gastrodon|spd|1
|move|p1a: Gastrodon|Toxic|p2a: pult>ou
|-status|p2a: pult>ou|tox
|
|-heal|p1a: Gastrodon|45/100|[from] item: Leftovers
|-damage|p2a: pult>ou|77/100 tox|[from] psn
|upkeep
|turn|22
|
|t:|1647283402
|switch|p1a: Fly-Half|Hawlucha, F|100/100
|-enditem|p1a: Fly-Half|Electric Seed
|-boost|p1a: Fly-Half|def|1|[from] item: Electric Seed
|move|p2a: pult>ou|Shadow Ball|p1a: Fly-Half
|-damage|p1a: Fly-Half|12/100
|
|-damage|p2a: pult>ou|65/100 tox|[from] psn
|-fieldend|move: Electric Terrain
|upkeep
|turn|23
|
|t:|1647283413
|switch|p2a: Toxapex|Toxapex, M|100/100
|move|p1a: Fly-Half|Acrobatics|p2a: Toxapex
|-damage|p2a: Toxapex|72/100
|
|upkeep
|turn|24
|
|t:|1647283419
|move|p1a: Fly-Half|Taunt|p2a: Toxapex
|-start|p2a: Toxapex|move: Taunt
|move|p2a: Toxapex|Scald|p1a: Fly-Half
|-damage|p1a: Fly-Half|0 fnt
|faint|p1a: Fly-Half
|
|upkeep
|
|t:|1647283427
|switch|p1a: Center|Nidoking, M|100/100
|turn|25
|
|t:|1647283436
|move|p1a: Center|Earth Power|p2a: Toxapex
|-supereffective|p2a: Toxapex
|-damage|p2a: Toxapex|0 fnt
|faint|p2a: Toxapex
|
|upkeep
|
|t:|1647283441
|switch|p2a: pult>ou|Dragapult, M|65/100 tox
|turn|26
|
|t:|1647283458
|switch|p1a: Flanker|Tapu Koko|62/100
|-fieldstart|move: Electric Terrain|[from] ability: Electric Surge|[of] p1a: Flanker
|move|p2a: pult>ou|Draco Meteor|p1a: Flanker
|-immune|p1a: Flanker
|
|-damage|p2a: pult>ou|59/100 tox|[from] psn
|upkeep
|turn|27
|
|t:|1647283469
|move|p2a: pult>ou|Draco Meteor|p1a: Flanker
|-immune|p1a: Flanker
|move|p1a: Flanker|U-turn|p2a: pult>ou
|-resisted|p2a: pult>ou
|-damage|p2a: pult>ou|48/100 tox
|
|t:|1647283475
|switch|p1a: Gastrodon|Gastrodon, F|45/100|[from]move: U-turn
|
|-heal|p1a: Gastrodon|51/100|[from] item: Leftovers
|-damage|p2a: pult>ou|36/100 tox|[from] psn
|upkeep
|turn|28
|
|t:|1647283481
|switch|p2a: Landorus|Landorus-Therian, M|41/100
|-ability|p2a: Landorus|Intimidate|boost
|-unboost|p1a: Gastrodon|atk|1
|move|p1a: Gastrodon|Recover|p1a: Gastrodon
|-heal|p1a: Gastrodon|100/100
|
|-heal|p2a: Landorus|47/100|[from] item: Leftovers
|upkeep
|turn|29
|
|t:|1647283492
|move|p2a: Landorus|Earthquake|p1a: Gastrodon
|-damage|p1a: Gastrodon|50/100
|move|p1a: Gastrodon|Scald|p2a: Landorus
|-supereffective|p2a: Landorus
|-crit|p2a: Landorus
|-damage|p2a: Landorus|0 fnt
|faint|p2a: Landorus
|
|-heal|p1a: Gastrodon|56/100|[from] item: Leftovers
|upkeep
|
|t:|1647283496
|switch|p2a: pult>ou|Dragapult, M|36/100 tox
|turn|30
|
|t:|1647283502
|move|p2a: pult>ou|Draco Meteor|p1a: Gastrodon
|-damage|p1a: Gastrodon|2/100
|-unboost|p2a: pult>ou|spa|2
|move|p1a: Gastrodon|Recover|p1a: Gastrodon
|-heal|p1a: Gastrodon|52/100
|
|-heal|p1a: Gastrodon|58/100|[from] item: Leftovers
|-damage|p2a: pult>ou|30/100 tox|[from] psn
|-fieldend|move: Electric Terrain
|upkeep
|turn|31
|c|☆beastyj157|gg
|-message|beastyj157 forfeited.
|
|win|Achades
|raw|Achades's rating: 1454 &rarr; <strong>1473</strong><br />(+19 for winning)
|raw|beastyj157's rating: 1443 &rarr; <strong>1424</strong><br />(-19 for losing)
|l|☆beastyj157
|c|☆Achades|gg
||Ladder isn't responding, score probably updated but might not have (Request timeout).
