|raw|<div class="broadcast-blue"><strong>This battle is required to be public due to a player having a name starting with 'lt81yl'.</div>
|j|☆LT81YL PedroGreg
|j|☆BestixL
|t:|1625500666
|gametype|singles
|player|p1|LT81YL PedroGreg|bianca|1932
|player|p2|BestixL|262|1994
|teamsize|p1|6
|teamsize|p2|6
|gen|8
|tier|[Gen 8] OU
|rated|
|rule|Sleep Clause Mod: Limit one foe put to sleep
|rule|Species Clause: Limit one of each Pokémon
|rule|OHKO Clause: OHKO moves are banned
|rule|Evasion Moves Clause: Evasion moves are banned
|rule|Endless Battle Clause: Forcing endless battles is banned
|rule|HP Percentage Mod: HP is shown in percentages
|rule|Dynamax Clause: You cannot dynamax
|clearpoke
|poke|p1|Tapu Koko|
|poke|p1|Garchomp, M|
|poke|p1|Tornadus-Therian, M|
|poke|p1|Conkeldurr, F|
|poke|p1|Blissey, F|
|poke|p1|Melmetal|
|poke|p2|Zapdos|
|poke|p2|Pelipper, M|
|poke|p2|Clefable, F|
|poke|p2|Barraskewda, F|
|poke|p2|Ferrothorn, M|
|poke|p2|Garchomp, F|
|teampreview
|j| aeeaeeeaaa
|inactive|Battle timer is ON: inactive players will automatically lose when time's up. (requested by BestixL)
|j| Simp for Thighs
|j| LT81YL Trunx
|
|t:|1625500684
|start
|switch|p1a: Tapu Koko|Tapu Koko|100/100
|switch|p2a: Pelipper|Pelipper, M|100/100
|-fieldstart|move: Electric Terrain|[from] ability: Electric Surge|[of] p1a: Tapu Koko
|-weather|RainDance|[from] ability: Drizzle|[of] p2a: Pelipper
|turn|1
|
|t:|1625500688
|switch|p2a: Ferrothorn|Ferrothorn, M|100/100
|move|p1a: Tapu Koko|Volt Switch|p2a: Ferrothorn
|-resisted|p2a: Ferrothorn
|-damage|p2a: Ferrothorn|79/100
|
|t:|1625500691
|switch|p1a: Conkeldurr|Conkeldurr, F|100/100|[from]move: Volt Switch
|
|-weather|RainDance|[upkeep]
|-heal|p2a: Ferrothorn|85/100|[from] item: Leftovers
|-status|p1a: Conkeldurr|brn|[from] item: Flame Orb
|upkeep
|turn|2
|l| aeeaeeeaaa
|j| LT81YL John
|j| LT81YL M
|
|t:|1625500708
|switch|p2a: Zapdos|Zapdos|100/100
|move|p1a: Conkeldurr|Knock Off|p2a: Zapdos
|-damage|p2a: Zapdos|30/100
|-enditem|p2a: Zapdos|Heavy-Duty Boots|[from] move: Knock Off|[of] p1a: Conkeldurr
|
|-weather|RainDance|[upkeep]
|-damage|p1a: Conkeldurr|95/100 brn|[from] brn
|upkeep
|turn|3
|j| Maxthekapo
|j| LT81YL Tace
|j| hnjkhnkjh
|
|t:|1625500713
|switch|p1a: Blissey|Blissey, F|100/100
|move|p2a: Zapdos|Hurricane|p1a: Blissey
|-damage|p1a: Blissey|81/100
|
|-weather|RainDance|[upkeep]
|upkeep
|turn|4
|j| LT81YL pj
|j| Skyrio
|
|t:|1625500716
|move|p2a: Zapdos|Roost|p2a: Zapdos
|-heal|p2a: Zapdos|81/100
|-singleturn|p2a: Zapdos|move: Roost
|move|p1a: Blissey|Teleport|p1a: Blissey
|
|t:|1625500723
|switch|p1a: Garchomp|Garchomp, M|100/100|[from]move: Teleport
|
|-weather|RainDance|[upkeep]
|upkeep
|turn|5
|j| LT81YL JHONX
|j| VannAccessible
|j| LT81YL YKOMASTAR
|
|t:|1625500729
|move|p1a: Garchomp|Draco Meteor|p2a: Zapdos
|-damage|p2a: Zapdos|7/100
|-unboost|p1a: Garchomp|spa|2
|-damage|p1a: Garchomp|91/100|[from] item: Life Orb
|move|p2a: Zapdos|Hurricane|p1a: Garchomp
|-damage|p1a: Garchomp|22/100
|
|-weather|RainDance|[upkeep]
|-fieldend|move: Electric Terrain
|upkeep
|turn|6
|j| sexless
|j| DcMarvelAnimeFan
|j| malibou
|
|t:|1625500745
|switch|p2a: Ferrothorn|Ferrothorn, M|85/100
|move|p1a: Garchomp|Draco Meteor|p2a: Ferrothorn
|-resisted|p2a: Ferrothorn
|-damage|p2a: Ferrothorn|74/100
|-unboost|p1a: Garchomp|spa|2
|-damage|p1a: Garchomp|13/100|[from] item: Life Orb
|
|-weather|RainDance|[upkeep]
|-heal|p2a: Ferrothorn|80/100|[from] item: Leftovers
|upkeep
|turn|7
|
|t:|1625500752
|move|p1a: Garchomp|Stealth Rock|p2a: Ferrothorn
|-sidestart|p2: BestixL|move: Stealth Rock
|move|p2a: Ferrothorn|Stealth Rock|p1a: Garchomp
|-sidestart|p1: LT81YL PedroGreg|move: Stealth Rock
|
|-weather|RainDance|[upkeep]
|-heal|p2a: Ferrothorn|87/100|[from] item: Leftovers
|upkeep
|turn|8
|j| LT81YL XVR
|
|t:|1625500759
|move|p1a: Garchomp|Fire Blast|p2a: Ferrothorn|[miss]
|-miss|p1a: Garchomp|p2a: Ferrothorn
|move|p2a: Ferrothorn|Spikes|p1a: Garchomp
|-sidestart|p1: LT81YL PedroGreg|Spikes
|
|-weather|none
|-heal|p2a: Ferrothorn|93/100|[from] item: Leftovers
|upkeep
|turn|9
|j| OPT NU
|
|t:|1625500767
|switch|p2a: Clefable|Clefable, F|100/100
|move|p1a: Garchomp|Earthquake|p2a: Clefable
|-damage|p2a: Clefable|43/100
|-damage|p1a: Garchomp|3/100|[from] item: Life Orb
|
|-heal|p2a: Clefable|49/100|[from] item: Leftovers
|upkeep
|turn|10
|j| lt81yl main udyr
|j| terrors
|j| asdflkjsdflkjb
|
|t:|1625500774
|move|p2a: Clefable|Protect|p2a: Clefable
|-singleturn|p2a: Clefable|Protect
|move|p1a: Garchomp|Earthquake|p2a: Clefable
|-activate|p2a: Clefable|move: Protect
|
|-heal|p2a: Clefable|55/100|[from] item: Leftovers
|upkeep
|turn|11
|j| uhknbhkhjkjh
|j| Wertsd26
|j| LT81YL CHARM
|
|t:|1625500781
|switch|p2a: Pelipper|Pelipper, M|100/100
|-damage|p2a: Pelipper|76/100|[from] Stealth Rock
|-weather|RainDance|[from] ability: Drizzle|[of] p2a: Pelipper
|move|p1a: Garchomp|Earthquake|p2a: Pelipper
|-immune|p2a: Pelipper
|
|-weather|RainDance|[upkeep]
|upkeep
|turn|12
|
|t:|1625500784
|move|p1a: Garchomp|Draco Meteor|p2a: Pelipper
|-damage|p2a: Pelipper|49/100
|-unboost|p1a: Garchomp|spa|2
|-damage|p1a: Garchomp|0 fnt|[from] item: Life Orb
|faint|p1a: Garchomp
|move|p2a: Pelipper|Roost|p2a: Pelipper
|-heal|p2a: Pelipper|99/100
|-singleturn|p2a: Pelipper|move: Roost
|
|-weather|RainDance|[upkeep]
|upkeep
|
|t:|1625500792
|switch|p1a: Tornadus|Tornadus-Therian, M|100/100
|turn|13
|j| LT81YL Reed
|l| LT81YL M
|
|t:|1625500805
|switch|p2a: Zapdos|Zapdos|7/100
|-damage|p2a: Zapdos|0 fnt|[from] Stealth Rock
|faint|p2a: Zapdos
|move|p1a: Tornadus|Hurricane|p2: Zapdos|[notarget]
|-fail|p1a: Tornadus
|
|-weather|RainDance|[upkeep]
|upkeep
|
|t:|1625500808
|switch|p2a: Barraskewda|Barraskewda, F|100/100
|-damage|p2a: Barraskewda|88/100|[from] Stealth Rock
|turn|14
|j|+zeefable
|
|t:|1625500814
|move|p2a: Barraskewda|Liquidation|p1a: Tornadus
|-damage|p1a: Tornadus|0 fnt
|faint|p1a: Tornadus
|
|-weather|RainDance|[upkeep]
|upkeep
|
|t:|1625500816
|switch|p1a: Melmetal|Melmetal|100/100
|-damage|p1a: Melmetal|94/100|[from] Stealth Rock
|-damage|p1a: Melmetal|82/100|[from] Spikes
|turn|15
|j| Ren-chon
|
|t:|1625500826
|switch|p2a: Clefable|Clefable, F|55/100
|switch|p1a: Conkeldurr|Conkeldurr, F|95/100 brn
|-damage|p1a: Conkeldurr|89/100 brn|[from] Stealth Rock
|-damage|p1a: Conkeldurr|76/100 brn|[from] Spikes
|
|-weather|RainDance|[upkeep]
|-heal|p2a: Clefable|61/100|[from] item: Leftovers
|-damage|p1a: Conkeldurr|70/100 brn|[from] brn
|upkeep
|turn|16
|l| LT81YL Tace
|
|t:|1625500829
|move|p1a: Conkeldurr|Facade|p2a: Clefable
|-damage|p2a: Clefable|0 fnt
|faint|p2a: Clefable
|
|-weather|RainDance|[upkeep]
|-damage|p1a: Conkeldurr|64/100 brn|[from] brn
|upkeep
|
|t:|1625500832
|switch|p2a: Barraskewda|Barraskewda, F|88/100
|-damage|p2a: Barraskewda|76/100|[from] Stealth Rock
|turn|17
|j| new to natdex
|j| LT81YL Tace
|
|t:|1625500842
|move|p1a: Conkeldurr|Mach Punch|p2a: Barraskewda
|-damage|p2a: Barraskewda|7/100
|move|p2a: Barraskewda|Liquidation|p1a: Conkeldurr
|-damage|p1a: Conkeldurr|0 fnt
|faint|p1a: Conkeldurr
|
|-weather|RainDance|[upkeep]
|upkeep
|
|t:|1625500855
|switch|p1a: Melmetal|Melmetal|82/100
|-damage|p1a: Melmetal|76/100|[from] Stealth Rock
|-damage|p1a: Melmetal|64/100|[from] Spikes
|turn|18
|
|t:|1625500856
|move|p1a: Melmetal|Protect|p1a: Melmetal
|-singleturn|p1a: Melmetal|Protect
|move|p2a: Barraskewda|Liquidation|p1a: Melmetal
|-activate|p1a: Melmetal|move: Protect
|
|-weather|none
|-heal|p1a: Melmetal|70/100|[from] item: Leftovers
|upkeep
|turn|19
|
|t:|1625500865
|switch|p2a: Pelipper|Pelipper, M|99/100
|-damage|p2a: Pelipper|74/100|[from] Stealth Rock
|-weather|RainDance|[from] ability: Drizzle|[of] p2a: Pelipper
|move|p1a: Melmetal|Earthquake|p2a: Pelipper
|-immune|p2a: Pelipper
|
|-weather|RainDance|[upkeep]
|-heal|p1a: Melmetal|76/100|[from] item: Leftovers
|upkeep
|turn|20
|
|t:|1625500873
|move|p1a: Melmetal|Protect|p1a: Melmetal
|-singleturn|p1a: Melmetal|Protect
|move|p2a: Pelipper|Defog|p1a: Melmetal
|-activate|p1a: Melmetal|move: Protect
|
|-weather|RainDance|[upkeep]
|-heal|p1a: Melmetal|82/100|[from] item: Leftovers
|upkeep
|turn|21
|l| terrors
|
|t:|1625500878
|move|p2a: Pelipper|Defog|p1a: Melmetal
|-unboost|p1a: Melmetal|evasion|1
|-sideend|p1: LT81YL PedroGreg|Spikes|[from] move: Defog|[of] p2a: Pelipper
|-sideend|p1: LT81YL PedroGreg|Stealth Rock|[from] move: Defog|[of] p2a: Pelipper
|-sideend|p2: BestixL|Stealth Rock|[from] move: Defog|[of] p2a: Pelipper
|move|p1a: Melmetal|Toxic|p2a: Pelipper
|-status|p2a: Pelipper|tox
|
|-weather|RainDance|[upkeep]
|-heal|p1a: Melmetal|88/100|[from] item: Leftovers
|-damage|p2a: Pelipper|68/100 tox|[from] psn
|upkeep
|turn|22
|
|t:|1625500883
|switch|p2a: Ferrothorn|Ferrothorn, M|93/100
|move|p1a: Melmetal|Double Iron Bash|p2a: Ferrothorn
|-resisted|p2a: Ferrothorn
|-damage|p2a: Ferrothorn|78/100
|-damage|p1a: Melmetal|75/100|[from] ability: Iron Barbs|[of] p2a: Ferrothorn
|-resisted|p2a: Ferrothorn
|-damage|p2a: Ferrothorn|64/100
|-damage|p1a: Melmetal|63/100|[from] ability: Iron Barbs|[of] p2a: Ferrothorn
|-hitcount|p2a: Ferrothorn|2
|
|-weather|RainDance|[upkeep]
|-heal|p1a: Melmetal|69/100|[from] item: Leftovers
|-heal|p2a: Ferrothorn|70/100|[from] item: Leftovers
|upkeep
|turn|23
|l| new to natdex
|
|t:|1625500886
|move|p1a: Melmetal|Earthquake|p2a: Ferrothorn
|-damage|p2a: Ferrothorn|42/100
|move|p2a: Ferrothorn|Body Press|p1a: Melmetal
|-supereffective|p1a: Melmetal
|-damage|p1a: Melmetal|34/100
|
|-weather|RainDance|[upkeep]
|-heal|p1a: Melmetal|40/100|[from] item: Leftovers
|-heal|p2a: Ferrothorn|49/100|[from] item: Leftovers
|upkeep
|turn|24
|l| hnjkhnkjh
|
|t:|1625500896
|move|p1a: Melmetal|Earthquake|p2a: Ferrothorn
|-damage|p2a: Ferrothorn|25/100
|move|p2a: Ferrothorn|Body Press|p1a: Melmetal
|-supereffective|p1a: Melmetal
|-damage|p1a: Melmetal|3/100
|
|-weather|RainDance|[upkeep]
|-heal|p1a: Melmetal|9/100|[from] item: Leftovers
|-heal|p2a: Ferrothorn|31/100|[from] item: Leftovers
|upkeep
|turn|25
|
|t:|1625500908
|switch|p1a: Tapu Koko|Tapu Koko|100/100
|-fieldstart|move: Electric Terrain|[from] ability: Electric Surge|[of] p1a: Tapu Koko
|move|p2a: Ferrothorn|Spikes|p1a: Tapu Koko
|-sidestart|p1: LT81YL PedroGreg|Spikes
|
|-weather|RainDance|[upkeep]
|-heal|p2a: Ferrothorn|37/100|[from] item: Leftovers
|upkeep
|turn|26
|
|t:|1625500912
|move|p1a: Tapu Koko|Thunderbolt|p2a: Ferrothorn
|-resisted|p2a: Ferrothorn
|-damage|p2a: Ferrothorn|10/100
|move|p2a: Ferrothorn|Knock Off|p1a: Tapu Koko
|-resisted|p1a: Tapu Koko
|-damage|p1a: Tapu Koko|84/100
|-enditem|p1a: Tapu Koko|Choice Specs|[from] move: Knock Off|[of] p2a: Ferrothorn
|
|-weather|none
|-heal|p2a: Ferrothorn|16/100|[from] item: Leftovers
|upkeep
|turn|27
|
|t:|1625500922
|switch|p2a: Pelipper|Pelipper, M|68/100 tox
|-weather|RainDance|[from] ability: Drizzle|[of] p2a: Pelipper
|move|p1a: Tapu Koko|Thunderbolt|p2a: Pelipper
|-supereffective|p2a: Pelipper
|-damage|p2a: Pelipper|0 fnt
|faint|p2a: Pelipper
|
|-weather|RainDance|[upkeep]
|upkeep
|
|t:|1625500926
|switch|p2a: Barraskewda|Barraskewda, F|7/100
|turn|28
|
|t:|1625500929
|switch|p1a: Melmetal|Melmetal|9/100
|-damage|p1a: Melmetal|0 fnt|[from] Spikes
|faint|p1a: Melmetal
|move|p2a: Barraskewda|Liquidation|p1: Melmetal|[notarget]
|-fail|p2a: Barraskewda
|
|-weather|RainDance|[upkeep]
|upkeep
|
|t:|1625500930
|switch|p1a: Blissey|Blissey, F|81/100
|turn|29
|
|t:|1625500935
|move|p2a: Barraskewda|Liquidation|p1a: Blissey
|-damage|p1a: Blissey|0 fnt
|faint|p1a: Blissey
|
|-weather|RainDance|[upkeep]
|-fieldend|move: Electric Terrain
|upkeep
|-message|LT81YL PedroGreg forfeited.
|l| LT81YL pj
|
|win|BestixL
|raw|LT81YL PedroGreg's rating: 1932 &rarr; <strong>1916</strong><br />(-16 for losing)
|raw|BestixL's rating: 1994 &rarr; <strong>2010</strong><br />(+16 for winning)
|l|☆LT81YL PedroGreg
|l| Wertsd26
|l| LT81YL Tace
|l| LT81YL XVR
|l| malibou
|l| asdflkjsdflkjb
||Ladder isn't responding, score probably updated but might not have (Request timeout).
