|j|☆991231jhy
|j|☆Swordsman.N
|t:|1614942427
|player|p1|991231jhy|elesa|
|player|p2|Swordsman.N|249|
|teamsize|p1|6
|teamsize|p2|6
|gametype|singles
|gen|8
|tier|[Gen 8] OU
|clearpoke
|poke|p1|Garchomp, M|
|poke|p1|Regieleki|
|poke|p1|Moltres-Galar|
|poke|p1|Urshifu-*, M|
|poke|p1|Landorus-Therian, M|
|poke|p1|Melmetal|
|poke|p2|Toxapex, F|
|poke|p2|Melmetal|
|poke|p2|Zapdos|
|poke|p2|Landorus-Therian, M|
|poke|p2|Clefable, M|
|poke|p2|Zeraora|
|rule|Sleep Clause Mod: Limit one foe put to sleep
|rule|Species Clause: Limit one of each Pokémon
|rule|OHKO Clause: OHKO moves are banned
|rule|Evasion Moves Clause: Evasion moves are banned
|rule|Endless Battle Clause: Forcing endless battles is banned
|rule|HP Percentage Mod: HP is shown in percentages
|rule|Dynamax Clause: You cannot dynamax
|teampreview
|j| rami3e
|
|t:|1614942461
|start
|switch|p1a: Landorus|Landorus-Therian, M|100/100
|switch|p2a: Landorus|Landorus-Therian, M|100/100
|-ability|p1a: Landorus|Intimidate|boost
|-unboost|p2a: Landorus|atk|1
|-ability|p2a: Landorus|Intimidate|boost
|-unboost|p1a: Landorus|atk|1
|turn|1
|
|t:|1614942469
|move|p2a: Landorus|Substitute|p2a: Landorus
|-start|p2a: Landorus|Substitute
|-damage|p2a: Landorus|76/100
|move|p1a: Landorus|Substitute|p1a: Landorus
|-start|p1a: Landorus|Substitute
|-damage|p1a: Landorus|75/100
|
|-heal|p2a: Landorus|82/100|[from] item: Leftovers
|upkeep
|turn|2
|
|t:|1614942478
|move|p1a: Landorus|Swords Dance|p1a: Landorus
|-boost|p1a: Landorus|atk|2
|move|p2a: Landorus|Swords Dance|p2a: Landorus
|-boost|p2a: Landorus|atk|2
|
|-heal|p2a: Landorus|88/100|[from] item: Leftovers
|upkeep
|turn|3
|
|t:|1614942487
|move|p1a: Landorus|Stone Edge|p2a: Landorus
|-end|p2a: Landorus|Substitute
|move|p2a: Landorus|Stone Edge|p1a: Landorus
|-end|p1a: Landorus|Substitute
|
|-heal|p2a: Landorus|94/100|[from] item: Leftovers
|upkeep
|turn|4
|
|t:|1614942497
|move|p1a: Landorus|Substitute|p1a: Landorus
|-start|p1a: Landorus|Substitute
|-damage|p1a: Landorus|50/100
|move|p2a: Landorus|Stone Edge|p1a: Landorus
|-end|p1a: Landorus|Substitute
|
|-heal|p2a: Landorus|100/100|[from] item: Leftovers
|upkeep
|turn|5
|
|t:|1614942504
|move|p1a: Landorus|Stone Edge|p2a: Landorus
|-damage|p2a: Landorus|39/100
|move|p2a: Landorus|Stone Edge|p1a: Landorus
|-damage|p1a: Landorus|0 fnt
|faint|p1a: Landorus
|
|-heal|p2a: Landorus|46/100|[from] item: Leftovers
|upkeep
|
|t:|1614942516
|switch|p1a: Urshifu|Urshifu-Rapid-Strike, M|100/100
|turn|6
|
|t:|1614942519
|switch|p2a: Toxapex|Toxapex, F|100/100
|move|p1a: Urshifu|Surging Strikes|p2a: Toxapex
|-resisted|p2a: Toxapex
|-crit|p2a: Toxapex
|-damage|p2a: Toxapex|93/100
|-resisted|p2a: Toxapex
|-crit|p2a: Toxapex
|-damage|p2a: Toxapex|85/100
|-resisted|p2a: Toxapex
|-crit|p2a: Toxapex
|-damage|p2a: Toxapex|78/100
|-hitcount|p2a: Toxapex|3
|
|-heal|p2a: Toxapex|84/100|[from] item: Leftovers
|upkeep
|turn|7
|
|t:|1614942532
|move|p1a: Urshifu|Taunt|p2a: Toxapex
|-start|p2a: Toxapex|move: Taunt
|move|p2a: Toxapex|Knock Off|p1a: Urshifu
|-resisted|p1a: Urshifu
|-damage|p1a: Urshifu|93/100
|-enditem|p1a: Urshifu|Protective Pads|[from] move: Knock Off|[of] p2a: Toxapex
|
|-heal|p2a: Toxapex|90/100|[from] item: Leftovers
|upkeep
|turn|8
|
|t:|1614942542
|move|p1a: Urshifu|U-turn|p2a: Toxapex
|-resisted|p2a: Toxapex
|-damage|p2a: Toxapex|79/100
|
|t:|1614942549
|switch|p1a: Moltres|Moltres-Galar|100/100|[from]move: U-turn
|move|p2a: Toxapex|Scald|p1a: Moltres
|-damage|p1a: Moltres|89/100
|
|-heal|p2a: Toxapex|85/100|[from] item: Leftovers
|upkeep
|turn|9
|
|t:|1614942567
|move|p1a: Moltres|Fiery Wrath|p2a: Toxapex
|-damage|p2a: Toxapex|66/100
|move|p2a: Toxapex|Scald|p1a: Moltres
|-damage|p1a: Moltres|76/100
|
|-heal|p2a: Toxapex|71/100|[from] item: Leftovers
|-end|p2a: Toxapex|move: Taunt
|upkeep
|turn|10
|
|t:|1614942577
|move|p1a: Moltres|Nasty Plot|p1a: Moltres
|-boost|p1a: Moltres|spa|2
|move|p2a: Toxapex|Haze|p2a: Toxapex
|-clearallboost
|
|-heal|p2a: Toxapex|77/100|[from] item: Leftovers
|upkeep
|turn|11
|
|t:|1614942591
|move|p1a: Moltres|Nasty Plot|p1a: Moltres
|-boost|p1a: Moltres|spa|2
|move|p2a: Toxapex|Scald|p1a: Moltres
|-damage|p1a: Moltres|63/100
|
|-heal|p2a: Toxapex|83/100|[from] item: Leftovers
|upkeep
|turn|12
|
|t:|1614942601
|move|p1a: Moltres|Air Slash|p2a: Toxapex
|-damage|p2a: Toxapex|47/100
|move|p2a: Toxapex|Haze|p2a: Toxapex
|-clearallboost
|
|-heal|p2a: Toxapex|53/100|[from] item: Leftovers
|upkeep
|turn|13
|
|t:|1614942612
|move|p1a: Moltres|Air Slash|p2a: Toxapex
|-damage|p2a: Toxapex|36/100
|move|p2a: Toxapex|Recover|p2a: Toxapex
|-heal|p2a: Toxapex|87/100
|
|-heal|p2a: Toxapex|93/100|[from] item: Leftovers
|upkeep
|turn|14
|
|t:|1614942620
|switch|p2a: Zeraora|Zeraora|100/100
|move|p1a: Moltres|Nasty Plot|p1a: Moltres
|-boost|p1a: Moltres|spa|2
|
|upkeep
|turn|15
|
|t:|1614942646
|switch|p1a: Garchomp|Garchomp, M|100/100
|move|p2a: Zeraora|Plasma Fists|p1a: Garchomp
|-immune|p1a: Garchomp
|
|upkeep
|turn|16
|
|t:|1614942655
|switch|p2a: Landorus|Landorus-Therian, M|46/100
|-ability|p2a: Landorus|Intimidate|boost
|-unboost|p1a: Garchomp|atk|1
|move|p1a: Garchomp|Stealth Rock|p2a: Landorus
|-sidestart|p2: Swordsman.N|move: Stealth Rock
|
|-heal|p2a: Landorus|52/100|[from] item: Leftovers
|upkeep
|turn|17
|
|t:|1614942663
|move|p1a: Garchomp|Swords Dance|p1a: Garchomp
|-boost|p1a: Garchomp|atk|2
|move|p2a: Landorus|Earthquake|p1a: Garchomp
|-damage|p1a: Garchomp|41/100
|
|-heal|p2a: Landorus|58/100|[from] item: Leftovers
|upkeep
|turn|18
|
|t:|1614942671
|switch|p2a: Clefable|Clefable, M|100/100
|move|p1a: Garchomp|Scale Shot|p2a: Clefable
|-immune|p2a: Clefable
|
|upkeep
|turn|19
|
|t:|1614942678
|switch|p1a: Melmetal|Melmetal|100/100
|move|p2a: Clefable|Moonblast|p1a: Melmetal
|-resisted|p1a: Melmetal
|-damage|p1a: Melmetal|84/100
|
|-heal|p1a: Melmetal|91/100|[from] item: Leftovers
|upkeep
|turn|20
|
|t:|1614942690
|switch|p2a: Zapdos|Zapdos|100/100
|switch|p1a: Urshifu|Urshifu-Rapid-Strike, M|93/100
|
|upkeep
|turn|21
|
|t:|1614942698
|move|p1a: Urshifu|U-turn|p2a: Zapdos
|-resisted|p2a: Zapdos
|-damage|p2a: Zapdos|89/100
|
|t:|1614942702
|switch|p1a: Garchomp|Garchomp, M|41/100|[from]move: U-turn
|move|p2a: Zapdos|Defog|p1a: Garchomp
|-unboost|p1a: Garchomp|evasion|1
|-sideend|p2: Swordsman.N|Stealth Rock|[from] move: Defog|[of] p2a: Zapdos
|
|upkeep
|turn|22
|
|t:|1614942713
|switch|p2a: Clefable|Clefable, M|100/100
|move|p1a: Garchomp|Stealth Rock|p2a: Clefable
|-sidestart|p2: Swordsman.N|move: Stealth Rock
|
|upkeep
|turn|23
|
|t:|1614942720
|switch|p1a: Melmetal|Melmetal|91/100
|move|p2a: Clefable|Thunder Wave|p1a: Melmetal|[miss]
|-miss|p2a: Clefable|p1a: Melmetal
|
|-heal|p1a: Melmetal|97/100|[from] item: Leftovers
|upkeep
|turn|24
|
|t:|1614942738
|switch|p2a: Zapdos|Zapdos|89/100
|move|p1a: Melmetal|Substitute|p1a: Melmetal
|-start|p1a: Melmetal|Substitute
|-damage|p1a: Melmetal|72/100
|
|-heal|p1a: Melmetal|78/100|[from] item: Leftovers
|upkeep
|turn|25
|
|t:|1614942747
|move|p2a: Zapdos|Heat Wave|p1a: Melmetal
|-supereffective|p1a: Melmetal
|-end|p1a: Melmetal|Substitute
|move|p1a: Melmetal|Double Iron Bash|p2a: Zapdos
|-resisted|p2a: Zapdos
|-damage|p2a: Zapdos|67/100
|-resisted|p2a: Zapdos
|-damage|p2a: Zapdos|46/100
|-hitcount|p2a: Zapdos|2
|
|-heal|p1a: Melmetal|84/100|[from] item: Leftovers
|upkeep
|turn|26
|
|t:|1614942756
|move|p2a: Zapdos|Defog|p1a: Melmetal
|-unboost|p1a: Melmetal|evasion|1
|-sideend|p2: Swordsman.N|Stealth Rock|[from] move: Defog|[of] p2a: Zapdos
|move|p1a: Melmetal|Earthquake|p2a: Zapdos
|-immune|p2a: Zapdos
|
|-heal|p1a: Melmetal|91/100|[from] item: Leftovers
|upkeep
|turn|27
|
|t:|1614942770
|move|p2a: Zapdos|Heat Wave|p1a: Melmetal
|-supereffective|p1a: Melmetal
|-damage|p1a: Melmetal|32/100
|move|p1a: Melmetal|Double Iron Bash|p2a: Zapdos
|-resisted|p2a: Zapdos
|-damage|p2a: Zapdos|26/100
|-resisted|p2a: Zapdos
|-damage|p2a: Zapdos|5/100
|-hitcount|p2a: Zapdos|2
|
|-heal|p1a: Melmetal|38/100|[from] item: Leftovers
|upkeep
|turn|28
|
|t:|1614942802
|move|p2a: Zapdos|Roost|p2a: Zapdos
|-heal|p2a: Zapdos|55/100
|-singleturn|p2a: Zapdos|move: Roost
|move|p1a: Melmetal|Earthquake|p2a: Zapdos
|-supereffective|p2a: Zapdos
|-damage|p2a: Zapdos|0 fnt
|faint|p2a: Zapdos
|
|-heal|p1a: Melmetal|44/100|[from] item: Leftovers
|upkeep
|
|t:|1614942812
|switch|p2a: Landorus|Landorus-Therian, M|58/100
|-ability|p2a: Landorus|Intimidate|boost
|-unboost|p1a: Melmetal|atk|1
|turn|29
|
|t:|1614942824
|switch|p1a: Moltres|Moltres-Galar|63/100
|move|p2a: Landorus|Earthquake|p1a: Moltres
|-immune|p1a: Moltres
|
|-heal|p2a: Landorus|64/100|[from] item: Leftovers
|upkeep
|turn|30
|
|t:|1614942844
|switch|p1a: Urshifu|Urshifu-Rapid-Strike, M|93/100
|move|p2a: Landorus|Stone Edge|p1a: Urshifu
|-resisted|p1a: Urshifu
|-damage|p1a: Urshifu|74/100
|
|-heal|p2a: Landorus|71/100|[from] item: Leftovers
|upkeep
|turn|31
|
|t:|1614942854
|switch|p2a: Toxapex|Toxapex, F|100/100
|move|p1a: Urshifu|U-turn|p2a: Toxapex
|-resisted|p2a: Toxapex
|-damage|p2a: Toxapex|91/100
|
|t:|1614942859
|switch|p1a: Regieleki|Regieleki|100/100|[from]move: U-turn
|
|-heal|p2a: Toxapex|97/100|[from] item: Leftovers
|upkeep
|turn|32
|
|t:|1614942872
|switch|p2a: Zeraora|Zeraora|100/100
|move|p1a: Regieleki|Reflect|p1a: Regieleki
|-sidestart|p1: 991231jhy|Reflect
|
|upkeep
|turn|33
|
|t:|1614942880
|switch|p1a: Garchomp|Garchomp, M|41/100
|move|p2a: Zeraora|Volt Switch|p1a: Garchomp
|-immune|p1a: Garchomp
|
|upkeep
|turn|34
|
|t:|1614942895
|switch|p2a: Clefable|Clefable, M|100/100
|move|p1a: Garchomp|Swords Dance|p1a: Garchomp
|-boost|p1a: Garchomp|atk|2
|
|upkeep
|turn|35
|
|t:|1614942901
|move|p1a: Garchomp|Earthquake|p2a: Clefable
|-damage|p2a: Clefable|18/100
|move|p2a: Clefable|Moonblast|p1a: Garchomp
|-supereffective|p1a: Garchomp
|-damage|p1a: Garchomp|0 fnt
|faint|p1a: Garchomp
|
|-heal|p2a: Clefable|24/100|[from] item: Leftovers
|upkeep
|
|t:|1614942914
|switch|p1a: Moltres|Moltres-Galar|63/100
|turn|36
|
|t:|1614942918
|move|p1a: Moltres|Air Slash|p2a: Clefable
|-damage|p2a: Clefable|0 fnt
|faint|p2a: Clefable
|
|upkeep
|
|t:|1614942926
|switch|p2a: Toxapex|Toxapex, F|100/100
|turn|37
|
|t:|1614942937
|move|p1a: Moltres|Nasty Plot|p1a: Moltres
|-boost|p1a: Moltres|spa|2
|move|p2a: Toxapex|Knock Off|p1a: Moltres
|-resisted|p1a: Moltres
|-damage|p1a: Moltres|60/100
|-enditem|p1a: Moltres|Chesto Berry|[from] move: Knock Off|[of] p2a: Toxapex
|
|upkeep
|turn|38
|
|t:|1614942944
|move|p1a: Moltres|Air Slash|p2a: Toxapex
|-damage|p2a: Toxapex|66/100
|cant|p2a: Toxapex|flinch
|
|-heal|p2a: Toxapex|71/100|[from] item: Leftovers
|upkeep
|turn|39
|
|t:|1614942950
|move|p1a: Moltres|Air Slash|p2a: Toxapex
|-damage|p2a: Toxapex|40/100
|move|p2a: Toxapex|Haze|p2a: Toxapex
|-clearallboost
|
|-heal|p2a: Toxapex|46/100|[from] item: Leftovers
|-sideend|p1: 991231jhy|Reflect
|upkeep
|turn|40
|
|t:|1614942961
|switch|p1a: Regieleki|Regieleki|100/100
|move|p2a: Toxapex|Recover|p2a: Toxapex
|-heal|p2a: Toxapex|96/100
|
|-heal|p2a: Toxapex|100/100|[from] item: Leftovers
|upkeep
|turn|41
|l|☆991231jhy
|player|p1|
|j|☆991231jhy
|player|p1|991231jhy|elesa
|inactive|Battle timer is ON: inactive players will automatically lose when time's up. (requested by Swordsman.N)
|inactiveoff|Battle timer is now OFF.
|
|t:|1614943058
|move|p1a: Regieleki|Reflect|p1a: Regieleki
|-sidestart|p1: 991231jhy|Reflect
|move|p2a: Toxapex|Knock Off|p1a: Regieleki
|-damage|p1a: Regieleki|89/100
|-enditem|p1a: Regieleki|Light Clay|[from] move: Knock Off|[of] p2a: Toxapex
|
|upkeep
|turn|42
|
|t:|1614943067
|move|p1a: Regieleki|Volt Switch|p2a: Toxapex
|-supereffective|p2a: Toxapex
|-damage|p2a: Toxapex|54/100
|
|t:|1614943076
|switch|p1a: Melmetal|Melmetal|44/100|[from]move: Volt Switch
|move|p2a: Toxapex|Scald|p1a: Melmetal
|-damage|p1a: Melmetal|26/100
|
|-heal|p1a: Melmetal|33/100|[from] item: Leftovers
|-heal|p2a: Toxapex|60/100|[from] item: Leftovers
|upkeep
|turn|43
|
|t:|1614943088
|switch|p2a: Landorus|Landorus-Therian, M|71/100
|-ability|p2a: Landorus|Intimidate|boost
|-unboost|p1a: Melmetal|atk|1
|move|p1a: Melmetal|Substitute|p1a: Melmetal
|-start|p1a: Melmetal|Substitute
|-damage|p1a: Melmetal|8/100
|
|-heal|p2a: Landorus|77/100|[from] item: Leftovers
|-heal|p1a: Melmetal|14/100|[from] item: Leftovers
|upkeep
|turn|44
|
|t:|1614943099
|move|p2a: Landorus|Earthquake|p1a: Melmetal
|-supereffective|p1a: Melmetal
|-end|p1a: Melmetal|Substitute
|move|p1a: Melmetal|Double Iron Bash|p2a: Landorus
|-damage|p2a: Landorus|40/100
|-damage|p2a: Landorus|5/100
|-hitcount|p2a: Landorus|2
|
|-heal|p2a: Landorus|11/100|[from] item: Leftovers
|-heal|p1a: Melmetal|20/100|[from] item: Leftovers
|upkeep
|turn|45
|
|t:|1614943112
|switch|p1a: Moltres|Moltres-Galar|60/100
|move|p2a: Landorus|Earthquake|p1a: Moltres
|-immune|p1a: Moltres
|
|-heal|p2a: Landorus|17/100|[from] item: Leftovers
|upkeep
|turn|46
|
|t:|1614943128
|switch|p2a: Toxapex|Toxapex, F|94/100
|switch|p1a: Urshifu|Urshifu-Rapid-Strike, M|74/100
|
|-heal|p2a: Toxapex|99/100|[from] item: Leftovers
|upkeep
|turn|47
|
|t:|1614943142
|move|p1a: Urshifu|U-turn|p2a: Toxapex
|-resisted|p2a: Toxapex
|-damage|p2a: Toxapex|90/100
|
|t:|1614943145
|switch|p1a: Regieleki|Regieleki|89/100|[from]move: U-turn
|move|p2a: Toxapex|Scald|p1a: Regieleki
|-damage|p1a: Regieleki|60/100
|-status|p1a: Regieleki|brn
|
|-heal|p2a: Toxapex|96/100|[from] item: Leftovers
|-damage|p1a: Regieleki|54/100 brn|[from] brn
|upkeep
|turn|48
|
|t:|1614943163
|move|p1a: Regieleki|Light Screen|p1a: Regieleki
|-sidestart|p1: 991231jhy|move: Light Screen
|move|p2a: Toxapex|Recover|p2a: Toxapex
|-heal|p2a: Toxapex|100/100
|
|-damage|p1a: Regieleki|48/100 brn|[from] brn
|-sideend|p1: 991231jhy|Reflect
|upkeep
|turn|49
|j| GDW yuudachi
|
|t:|1614943171
|move|p1a: Regieleki|Reflect|p1a: Regieleki
|-sidestart|p1: 991231jhy|Reflect
|move|p2a: Toxapex|Recover||[still]
|-fail|p2a: Toxapex|heal
|
|-damage|p1a: Regieleki|42/100 brn|[from] brn
|upkeep
|turn|50
|
|t:|1614943186
|switch|p2a: Landorus|Landorus-Therian, M|17/100
|-ability|p2a: Landorus|Intimidate|boost
|-unboost|p1a: Regieleki|atk|1
|move|p1a: Regieleki|Volt Switch|p2a: Landorus
|-immune|p2a: Landorus
|
|-heal|p2a: Landorus|23/100|[from] item: Leftovers
|-damage|p1a: Regieleki|36/100 brn|[from] brn
|upkeep
|turn|51
|
|t:|1614943197
|switch|p2a: Toxapex|Toxapex, F|100/100
|move|p1a: Regieleki|Rapid Spin|p2a: Toxapex
|-damage|p2a: Toxapex|99/100
|-boost|p1a: Regieleki|spe|1
|
|-heal|p2a: Toxapex|100/100|[from] item: Leftovers
|-damage|p1a: Regieleki|30/100 brn|[from] brn
|upkeep
|turn|52
|
|t:|1614943208
|switch|p2a: Landorus|Landorus-Therian, M|23/100
|-ability|p2a: Landorus|Intimidate|boost
|-unboost|p1a: Regieleki|atk|1
|move|p1a: Regieleki|Volt Switch|p2a: Landorus
|-immune|p2a: Landorus
|
|-heal|p2a: Landorus|29/100|[from] item: Leftovers
|-damage|p1a: Regieleki|24/100 brn|[from] brn
|-sideend|p1: 991231jhy|move: Light Screen
|upkeep
|turn|53
|
|t:|1614943220
|switch|p1a: Urshifu|Urshifu-Rapid-Strike, M|74/100
|move|p2a: Landorus|Swords Dance|p2a: Landorus
|-boost|p2a: Landorus|atk|2
|
|-heal|p2a: Landorus|36/100|[from] item: Leftovers
|-sideend|p1: 991231jhy|Reflect
|upkeep
|turn|54
|
|t:|1614943229
|switch|p2a: Toxapex|Toxapex, F|100/100
|move|p1a: Urshifu|Surging Strikes|p2a: Toxapex
|-resisted|p2a: Toxapex
|-crit|p2a: Toxapex
|-damage|p2a: Toxapex|92/100
|-resisted|p2a: Toxapex
|-crit|p2a: Toxapex
|-damage|p2a: Toxapex|84/100
|-resisted|p2a: Toxapex
|-crit|p2a: Toxapex
|-damage|p2a: Toxapex|77/100
|-hitcount|p2a: Toxapex|3
|
|-heal|p2a: Toxapex|83/100|[from] item: Leftovers
|upkeep
|turn|55
|
|t:|1614943242
|move|p1a: Urshifu|U-turn|p2a: Toxapex
|-resisted|p2a: Toxapex
|-damage|p2a: Toxapex|74/100
|
|t:|1614943247
|switch|p1a: Moltres|Moltres-Galar|60/100|[from]move: U-turn
|move|p2a: Toxapex|Scald|p1a: Moltres
|-damage|p1a: Moltres|48/100
|-ability|p1a: Moltres|Berserk|boost
|-boost|p1a: Moltres|spa|1
|
|-heal|p2a: Toxapex|80/100|[from] item: Leftovers
|upkeep
|turn|56
|
|t:|1614943258
|move|p1a: Moltres|Air Slash|p2a: Toxapex
|-damage|p2a: Toxapex|56/100
|move|p2a: Toxapex|Haze|p2a: Toxapex
|-clearallboost
|
|-heal|p2a: Toxapex|62/100|[from] item: Leftovers
|upkeep
|turn|57
|
|t:|1614943268
|move|p1a: Moltres|Nasty Plot|p1a: Moltres
|-boost|p1a: Moltres|spa|2
|move|p2a: Toxapex|Recover|p2a: Toxapex
|-heal|p2a: Toxapex|100/100
|
|upkeep
|turn|58
|
|t:|1614943276
|move|p1a: Moltres|Air Slash|p2a: Toxapex
|-damage|p2a: Toxapex|64/100
|move|p2a: Toxapex|Haze|p2a: Toxapex
|-clearallboost
|
|-heal|p2a: Toxapex|70/100|[from] item: Leftovers
|upkeep
|turn|59
|
|t:|1614943284
|move|p1a: Moltres|Nasty Plot|p1a: Moltres
|-boost|p1a: Moltres|spa|2
|move|p2a: Toxapex|Scald|p1a: Moltres
|-damage|p1a: Moltres|36/100
|-status|p1a: Moltres|brn
|
|-heal|p2a: Toxapex|76/100|[from] item: Leftovers
|-damage|p1a: Moltres|30/100 brn|[from] brn
|upkeep
|turn|60
|
|t:|1614943295
|move|p1a: Moltres|Air Slash|p2a: Toxapex
|-damage|p2a: Toxapex|39/100
|move|p2a: Toxapex|Haze|p2a: Toxapex
|-clearallboost
|
|-heal|p2a: Toxapex|45/100|[from] item: Leftovers
|-damage|p1a: Moltres|24/100 brn|[from] brn
|upkeep
|turn|61
|
|t:|1614943306
|move|p1a: Moltres|Rest|p1a: Moltres
|-status|p1a: Moltres|slp|[from] move: Rest
|-heal|p1a: Moltres|100/100 slp|[silent]
|move|p2a: Toxapex|Recover|p2a: Toxapex
|-heal|p2a: Toxapex|95/100
|
|-heal|p2a: Toxapex|100/100|[from] item: Leftovers
|upkeep
|turn|62
|
|t:|1614943320
|switch|p1a: Regieleki|Regieleki|24/100 brn
|switch|p2a: Zeraora|Zeraora|100/100
|
|-damage|p1a: Regieleki|18/100 brn|[from] brn
|upkeep
|turn|63
|
|t:|1614943331
|move|p1a: Regieleki|Reflect|p1a: Regieleki
|-sidestart|p1: 991231jhy|Reflect
|move|p2a: Zeraora|Plasma Fists|p1a: Regieleki
|-resisted|p1a: Regieleki
|-damage|p1a: Regieleki|0 fnt
|-fieldactivate|move: Ion Deluge
|faint|p1a: Regieleki
|
|upkeep
|
|t:|1614943340
|switch|p1a: Urshifu|Urshifu-Rapid-Strike, M|74/100
|turn|64
|
|t:|1614943346
|move|p2a: Zeraora|Volt Switch|p1a: Urshifu
|-supereffective|p1a: Urshifu
|-damage|p1a: Urshifu|7/100
|
|t:|1614943350
|switch|p2a: Toxapex|Toxapex, F|100/100|[from]move: Volt Switch
|move|p1a: Urshifu|U-turn|p2a: Toxapex
|-resisted|p2a: Toxapex
|-damage|p2a: Toxapex|91/100
|
|t:|1614943358
|switch|p1a: Melmetal|Melmetal|20/100|[from]move: U-turn
|
|-heal|p1a: Melmetal|26/100|[from] item: Leftovers
|-heal|p2a: Toxapex|97/100|[from] item: Leftovers
|upkeep
|turn|65
|
|t:|1614943367
|switch|p1a: Urshifu|Urshifu-Rapid-Strike, M|7/100
|move|p2a: Toxapex|Scald|p1a: Urshifu
|-resisted|p1a: Urshifu
|-damage|p1a: Urshifu|0 fnt
|faint|p1a: Urshifu
|
|-heal|p2a: Toxapex|100/100|[from] item: Leftovers
|upkeep
|c|☆991231jhy|按错了。。。
|
|t:|1614943379
|switch|p1a: Melmetal|Melmetal|26/100
|turn|66
|
|t:|1614943386
|move|p1a: Melmetal|Substitute|p1a: Melmetal
|-start|p1a: Melmetal|Substitute
|-damage|p1a: Melmetal|2/100
|move|p2a: Toxapex|Scald|p1a: Melmetal
|-crit|p1a: Melmetal
|-end|p1a: Melmetal|Substitute
|
|-heal|p1a: Melmetal|8/100|[from] item: Leftovers
|upkeep
|turn|67
|
|t:|1614943396
|move|p1a: Melmetal|Thunder Wave|p2a: Toxapex
|-status|p2a: Toxapex|par
|move|p2a: Toxapex|Scald|p1a: Melmetal
|-damage|p1a: Melmetal|0 fnt
|faint|p1a: Melmetal
|
|-sideend|p1: 991231jhy|Reflect
|upkeep
|
|t:|1614943406
|switch|p1a: Moltres|Moltres-Galar|100/100 slp
|turn|68
|
|t:|1614943411
|switch|p2a: Zeraora|Zeraora|100/100
|cant|p1a: Moltres|slp
|
|upkeep
|turn|69
|
|t:|1614943417
|move|p2a: Zeraora|Plasma Fists|p1a: Moltres
|-supereffective|p1a: Moltres
|-damage|p1a: Moltres|10/100 slp
|-fieldactivate|move: Ion Deluge
|-ability|p1a: Moltres|Berserk|boost
|-boost|p1a: Moltres|spa|1
|cant|p1a: Moltres|slp
|
|upkeep
|turn|70
|
|t:|1614943426
|move|p2a: Zeraora|Plasma Fists|p1a: Moltres
|-supereffective|p1a: Moltres
|-damage|p1a: Moltres|0 fnt
|-fieldactivate|move: Ion Deluge
|faint|p1a: Moltres
|
|win|Swordsman.N
