|j|☆30orless
|j|☆roboPOKE
|t:|1656959092
|gametype|singles
|player|p1|30orless|266|1582
|player|p2|roboPOKE|1|1601
|teamsize|p1|6
|teamsize|p2|6
|gen|8
|tier|[Gen 8] OU
|rated|
|rule|Sleep Clause Mod: Limit one foe put to sleep
|rule|Species Clause: Limit one of each Pokémon
|rule|OHKO Clause: OHKO moves are banned
|rule|Evasion Moves Clause: Evasion moves are banned
|rule|Endless Battle Clause: Forcing endless battles is banned
|rule|HP Percentage Mod: HP is shown in percentages
|rule|Dynamax Clause: You cannot dynamax
|clearpoke
|poke|p1|Arctozolt|
|poke|p1|Hydreigon, M|
|poke|p1|Blaziken, F|
|poke|p1|Volcanion|
|poke|p1|Ninetales-Alola, M|
|poke|p1|Mamoswine, F|
|poke|p2|Xatu, M|
|poke|p2|Pelipper, M|
|poke|p2|Volcanion|
|poke|p2|Dragapult, M|
|poke|p2|Kartana|
|poke|p2|Gyarados, M|
|teampreview
|inactive|Battle timer is ON: inactive players will automatically lose when time's up. (requested by 30orless)
|
|t:|1656959100
|start
|switch|p1a: Hydreigon|Hydreigon, M|100/100
|switch|p2a: Xatu|Xatu, M|100/100
|turn|1
|
|t:|1656959103
|move|p1a: Hydreigon|Dark Pulse|p2a: Xatu
|-supereffective|p2a: Xatu
|-enditem|p2a: Xatu|Focus Sash
|-damage|p2a: Xatu|1/100
|move|p2a: Xatu|Thunder Wave|p1a: Hydreigon
|-status|p1a: Hydreigon|par
|
|upkeep
|turn|2
|
|t:|1656959108
|move|p2a: Xatu|Magic Room|p2a: Xatu
|-fieldstart|move: Magic Room|[of] p2a: Xatu
|move|p1a: Hydreigon|Dark Pulse|p2a: Xatu
|-supereffective|p2a: Xatu
|-damage|p2a: Xatu|0 fnt
|faint|p2a: Xatu
|
|upkeep
|
|t:|1656959109
|switch|p2a: Gyarados|Gyarados, M|100/100
|turn|3
|
|t:|1656959115
|switch|p1a: Ninetales|Ninetales-Alola, M|100/100
|-weather|Hail|[from] ability: Snow Warning|[of] p1a: Ninetales
|move|p2a: Gyarados|Dragon Dance|p2a: Gyarados
|-boost|p2a: Gyarados|atk|1
|-boost|p2a: Gyarados|spe|1
|
|-weather|Hail|[upkeep]
|-damage|p2a: Gyarados|94/100|[from] Hail
|upkeep
|turn|4
|
|t:|1656959117
|move|p2a: Gyarados|Waterfall|p1a: Ninetales
|-damage|p1a: Ninetales|28/100
|cant|p1a: Ninetales|flinch
|
|-weather|Hail|[upkeep]
|-damage|p2a: Gyarados|88/100|[from] Hail
|upkeep
|turn|5
|
|t:|1656959126
|move|p2a: Gyarados|Earthquake|p1a: Ninetales
|-damage|p1a: Ninetales|0 fnt
|faint|p1a: Ninetales
|-ability|p2a: Gyarados|Moxie|boost
|-boost|p2a: Gyarados|atk|1
|
|-weather|Hail|[upkeep]
|-damage|p2a: Gyarados|82/100|[from] Hail
|upkeep
|
|t:|1656959129
|switch|p1a: Arctozolt|Arctozolt|100/100
|turn|6
|
|t:|1656959134
|switch|p2a: Pelipper|Pelipper, M|100/100
|-weather|RainDance|[from] ability: Drizzle|[of] p2a: Pelipper
|move|p1a: Arctozolt|Freeze-Dry|p2a: Pelipper
|-supereffective|p2a: Pelipper
|-damage|p2a: Pelipper|0 fnt
|faint|p2a: Pelipper
|
|-weather|RainDance|[upkeep]
|-fieldend|move: Magic Room|[of] p2: Xatu
|upkeep
|
|t:|1656959145
|switch|p2a: Gyarados|Gyarados, M|82/100
|turn|7
|
|t:|1656959156
|move|p2a: Gyarados|Waterfall|p1a: Arctozolt
|-damage|p1a: Arctozolt|0 fnt
|faint|p1a: Arctozolt
|-ability|p2a: Gyarados|Moxie|boost
|-boost|p2a: Gyarados|atk|1
|
|-weather|RainDance|[upkeep]
|upkeep
|
|t:|1656959164
|switch|p1a: Hydreigon|Hydreigon, M|100/100 par
|turn|8
|
|t:|1656959165
|move|p2a: Gyarados|Waterfall|p1a: Hydreigon
|-resisted|p1a: Hydreigon
|-damage|p1a: Hydreigon|23/100 par
|move|p1a: Hydreigon|Draco Meteor|p2a: Gyarados
|-damage|p2a: Gyarados|4/100
|-unboost|p1a: Hydreigon|spa|2
|
|-weather|RainDance|[upkeep]
|upkeep
|turn|9
|
|t:|1656959170
|move|p2a: Gyarados|Waterfall|p1a: Hydreigon
|-resisted|p1a: Hydreigon
|-damage|p1a: Hydreigon|0 fnt
|faint|p1a: Hydreigon
|-ability|p2a: Gyarados|Moxie|boost
|-boost|p2a: Gyarados|atk|1
|
|-weather|RainDance|[upkeep]
|upkeep
|
|t:|1656959173
|switch|p1a: Blaziken|Blaziken, F|100/100
|turn|10
|
|t:|1656959175
|move|p1a: Blaziken|Vacuum Wave|p2a: Gyarados
|-resisted|p2a: Gyarados
|-damage|p2a: Gyarados|0 fnt
|faint|p2a: Gyarados
|-damage|p1a: Blaziken|91/100|[from] item: Life Orb
|
|-weather|none
|-ability|p1a: Blaziken|Speed Boost|boost
|-boost|p1a: Blaziken|spe|1
|upkeep
|
|t:|1656959183
|switch|p2a: Volcanion|Volcanion|100/100
|turn|11
|
|t:|1656959188
|switch|p1a: Volcanion|Volcanion|100/100
|move|p2a: Volcanion|Earth Power|p1a: Volcanion
|-supereffective|p1a: Volcanion
|-damage|p1a: Volcanion|0 fnt
|faint|p1a: Volcanion
|
|upkeep
|
|t:|1656959190
|switch|p1a: Mamoswine|Mamoswine, F|100/100
|turn|12
|
|t:|1656959193
|move|p1a: Mamoswine|Stealth Rock|p2a: Volcanion
|-sidestart|p2: roboPOKE|move: Stealth Rock
|move|p2a: Volcanion|Earth Power|p1a: Mamoswine
|-damage|p1a: Mamoswine|23/100
|
|upkeep
|turn|13
|
|t:|1656959194
|move|p1a: Mamoswine|Earthquake|p2a: Volcanion
|-supereffective|p2a: Volcanion
|-damage|p2a: Volcanion|8/100
|move|p2a: Volcanion|Earth Power|p1a: Mamoswine
|-damage|p1a: Mamoswine|0 fnt
|faint|p1a: Mamoswine
|
|upkeep
|
|t:|1656959199
|switch|p1a: Blaziken|Blaziken, F|91/100
|turn|14
|
|t:|1656959202
|move|p1a: Blaziken|Vacuum Wave|p2a: Volcanion
|-damage|p2a: Volcanion|0 fnt
|faint|p2a: Volcanion
|-damage|p1a: Blaziken|81/100|[from] item: Life Orb
|
|-ability|p1a: Blaziken|Speed Boost|boost
|-boost|p1a: Blaziken|spe|1
|upkeep
|
|t:|1656959203
|switch|p2a: Dragapult|Dragapult, M|100/100
|-damage|p2a: Dragapult|88/100|[from] Stealth Rock
|turn|15
|
|t:|1656959204
|move|p1a: Blaziken|Knock Off|p2a: Dragapult
|-supereffective|p2a: Dragapult
|-damage|p2a: Dragapult|0 fnt
|-enditem|p2a: Dragapult|Choice Specs|[from] move: Knock Off|[of] p1a: Blaziken
|faint|p2a: Dragapult
|-damage|p1a: Blaziken|71/100|[from] item: Life Orb
|
|-ability|p1a: Blaziken|Speed Boost|boost
|-boost|p1a: Blaziken|spe|1
|upkeep
|
|t:|1656959206
|switch|p2a: Kartana|Kartana|100/100
|-damage|p2a: Kartana|94/100|[from] Stealth Rock
|turn|16
|
|t:|1656959208
|move|p1a: Blaziken|Vacuum Wave|p2a: Kartana
|-supereffective|p2a: Kartana
|-damage|p2a: Kartana|0 fnt
|faint|p2a: Kartana
|-damage|p1a: Blaziken|61/100|[from] item: Life Orb
|
|win|30orless
|raw|30orless's rating: 1582 &rarr; <strong>1603</strong><br />(+21 for winning)
|raw|roboPOKE's rating: 1601 &rarr; <strong>1580</strong><br />(-21 for losing)
|l|☆roboPOKE
