|html|<div class="broadcast-blue"><strong>[Gen 8] OU is currently suspecting Melmetal! For information on how to participate check out the <a href="https://www.smogon.com/forums/threads/np-ss-ou-suspect-process-round-12-monster-mash.3709234/">suspect thread</a>.</strong></div>
|j|☆playeraccount
|j|☆minimax_ai
|t:|1666872785
|gametype|singles
|player|p1|playeraccount|1|1440
|player|p2|minimax_ai|lusamine-nihilego|1441
|teamsize|p1|6
|teamsize|p2|6
|gen|8
|tier|[Gen 8] OU
|rated|
|rule|Sleep Clause Mod: Limit one foe put to sleep
|rule|Species Clause: Limit one of each Pokémon
|rule|OHKO Clause: OHKO moves are banned
|rule|Evasion Items Clause: Evasion items are banned
|rule|Evasion Moves Clause: Evasion moves are banned
|rule|Endless Battle Clause: Forcing endless battles is banned
|rule|HP Percentage Mod: HP is shown in percentages
|rule|Dynamax Clause: You cannot dynamax
|clearpoke
|poke|p1|Nidoqueen, F|
|poke|p1|Kartana|
|poke|p1|Slowbro, M|
|poke|p1|Tapu Fini|
|poke|p1|Blissey, F|
|poke|p1|Skarmory, F|
|poke|p2|Rotom-Wash|
|poke|p2|Weavile, F|
|poke|p2|Landorus-Therian, M|
|poke|p2|Heatran, M|
|poke|p2|Tangrowth, M|
|poke|p2|Melmetal|
|teampreview
|c|☆minimax_ai|hf
|inactive|Battle timer is ON: inactive players will automatically lose when time's up. (requested by minimax_ai)
|
|t:|1666872796
|start
|switch|p1a: Kartana|Kartana, shiny|100/100
|switch|p2a: Melmetal|Melmetal|100/100
|turn|1
|
|t:|1666872799
|move|p1a: Kartana|Sacred Sword|p2a: Melmetal
|-supereffective|p2a: Melmetal
|-crit|p2a: Melmetal
|-damage|p2a: Melmetal|0 fnt
|faint|p2a: Melmetal
|-ability|p1a: Kartana|Beast Boost|boost
|-boost|p1a: Kartana|atk|1
|
|upkeep
|
|t:|1666872799
|switch|p2a: Tangrowth|Tangrowth, M|100/100
|turn|2
|
|t:|1666872803
|switch|p1a: Skarmory|Skarmory, F|100/100
|move|p2a: Tangrowth|Sleep Powder|p1a: Skarmory
|-status|p1a: Skarmory|slp|[from] move: Sleep Powder
|
|upkeep
|turn|3
|
|t:|1666872824
|switch|p1a: Tapu Fini|Tapu Fini, shiny|100/100
|-fieldstart|move: Misty Terrain|[from] ability: Misty Surge|[of] p1a: Tapu Fini
|switch|p2a: Heatran|Heatran, M|100/100
|-item|p2a: Heatran|Air Balloon
|
|upkeep
|turn|4
|
|t:|1666872826
|move|p1a: Tapu Fini|Trick|p2a: Heatran
|-activate|p1a: Tapu Fini|move: Trick|[of] p2a: Heatran
|-item|p2a: Heatran|Choice Scarf|[from] move: Trick
|-item|p1a: Tapu Fini|Air Balloon
|-item|p1a: Tapu Fini|Air Balloon|[from] move: Trick
|move|p2a: Heatran|Stealth Rock|p1a: Tapu Fini
|-sidestart|p1: playeraccount|move: Stealth Rock
|
|upkeep
|turn|5
|
|t:|1666872832
|switch|p2a: rotomwash|Rotom-Wash|100/100
|switch|p1a: Nidoqueen|Nidoqueen, F, shiny|100/100
|-damage|p1a: Nidoqueen|94/100|[from] Stealth Rock
|
|upkeep
|turn|6
|
|t:|1666872835
|move|p2a: rotomwash|Hydro Pump|p1a: Nidoqueen|[miss]
|-miss|p2a: rotomwash|p1a: Nidoqueen
|move|p1a: Nidoqueen|Sludge Wave|p2a: rotomwash
|-damage|p2a: rotomwash|39/100
|
|-heal|p2a: rotomwash|45/100|[from] item: Leftovers
|upkeep
|turn|7
|
|t:|1666872839
|switch|p1a: Blissey|Blissey, F, shiny|100/100
|-damage|p1a: Blissey|88/100|[from] Stealth Rock
|move|p2a: rotomwash|Hydro Pump|p1a: Blissey
|-damage|p1a: Blissey|72/100
|
|-heal|p2a: rotomwash|51/100|[from] item: Leftovers
|-heal|p1a: Blissey|79/100|[from] item: Leftovers
|-fieldend|Misty Terrain
|upkeep
|turn|8
|
|t:|1666872847
|move|p2a: rotomwash|Pain Split|p1a: Blissey
|-sethp|p1a: Blissey|50/100|[from] move: Pain Split|[silent]
|-sethp|p2a: rotomwash|100/100|[from] move: Pain Split
|move|p1a: Blissey|Toxic|p2a: rotomwash
|-status|p2a: rotomwash|tox
|
|-heal|p1a: Blissey|57/100|[from] item: Leftovers
|-damage|p2a: rotomwash|94/100 tox|[from] psn
|upkeep
|turn|9
|
|t:|1666872855
|switch|p2a: Weavile|Weavile, F|100/100
|-ability|p2a: Weavile|Pressure
|move|p1a: Blissey|Teleport|p1a: Blissey
|
|t:|1666872860
|switch|p1a: Tapu Fini|Tapu Fini, shiny|100/100|[from]move: Teleport
|-damage|p1a: Tapu Fini|88/100|[from] Stealth Rock
|-fieldstart|move: Misty Terrain|[from] ability: Misty Surge|[of] p1a: Tapu Fini
|-item|p1a: Tapu Fini|Air Balloon
|
|upkeep
|turn|10
|
|t:|1666872865
|switch|p2a: Tangrowth|Tangrowth, M|100/100
|move|p1a: Tapu Fini|Moonblast|p2a: Tangrowth
|-damage|p2a: Tangrowth|42/100
|-unboost|p2a: Tangrowth|spa|1
|
|upkeep
|turn|11
|
|t:|1666872877
|switch|p2a: rotomwash|Rotom-Wash|94/100 tox
|move|p1a: Tapu Fini|Moonblast|p2a: rotomwash
|-damage|p2a: rotomwash|55/100 tox
|
|-heal|p2a: rotomwash|62/100 tox|[from] item: Leftovers
|-damage|p2a: rotomwash|55/100 tox|[from] psn
|upkeep
|turn|12
|
|t:|1666872881
|switch|p1a: Blissey|Blissey, F, shiny|57/100
|-damage|p1a: Blissey|44/100|[from] Stealth Rock
|move|p2a: rotomwash|Thunderbolt|p1a: Blissey
|-damage|p1a: Blissey|31/100
|
|-heal|p2a: rotomwash|62/100 tox|[from] item: Leftovers
|-heal|p1a: Blissey|37/100|[from] item: Leftovers
|-damage|p2a: rotomwash|49/100 tox|[from] psn
|upkeep
|turn|13
|
|t:|1666872884
|move|p2a: rotomwash|Nasty Plot|p2a: rotomwash
|-boost|p2a: rotomwash|spa|2
|move|p1a: Blissey|Soft-Boiled|p1a: Blissey
|-heal|p1a: Blissey|87/100
|
|-heal|p2a: rotomwash|55/100 tox|[from] item: Leftovers
|-heal|p1a: Blissey|93/100|[from] item: Leftovers
|-damage|p2a: rotomwash|37/100 tox|[from] psn
|-fieldend|Misty Terrain
|upkeep
|turn|14
|
|t:|1666872890
|move|p2a: rotomwash|Pain Split|p1a: Blissey
|-sethp|p1a: Blissey|55/100|[from] move: Pain Split|[silent]
|-sethp|p2a: rotomwash|100/100 tox|[from] move: Pain Split
|move|p1a: Blissey|Seismic Toss|p2a: rotomwash
|-damage|p2a: rotomwash|68/100 tox
|
|-heal|p2a: rotomwash|74/100 tox|[from] item: Leftovers
|-heal|p1a: Blissey|61/100|[from] item: Leftovers
|-damage|p2a: rotomwash|49/100 tox|[from] psn
|upkeep
|turn|15
|
|t:|1666872893
|move|p2a: rotomwash|Pain Split|p1a: Blissey
|-sethp|p1a: Blissey|41/100|[from] move: Pain Split|[silent]
|-sethp|p2a: rotomwash|95/100 tox|[from] move: Pain Split
|move|p1a: Blissey|Seismic Toss|p2a: rotomwash
|-damage|p2a: rotomwash|62/100 tox
|
|-heal|p2a: rotomwash|69/100 tox|[from] item: Leftovers
|-heal|p1a: Blissey|47/100|[from] item: Leftovers
|-damage|p2a: rotomwash|37/100 tox|[from] psn
|upkeep
|turn|16
|
|t:|1666872898
|switch|p2a: Weavile|Weavile, F|100/100
|-ability|p2a: Weavile|Pressure
|move|p1a: Blissey|Soft-Boiled|p1a: Blissey
|-heal|p1a: Blissey|97/100
|
|-heal|p1a: Blissey|100/100|[from] item: Leftovers
|upkeep
|turn|17
|
|t:|1666872902
|switch|p2a: rotomwash|Rotom-Wash|37/100 tox
|switch|p1a: Skarmory|Skarmory, F|100/100 slp
|-damage|p1a: Skarmory|88/100 slp|[from] Stealth Rock
|
|-heal|p2a: rotomwash|44/100 tox|[from] item: Leftovers
|-heal|p1a: Skarmory|94/100 slp|[from] item: Leftovers
|-damage|p2a: rotomwash|37/100 tox|[from] psn
|upkeep
|turn|18
|
|t:|1666872907
|move|p2a: rotomwash|Pain Split|p1a: Skarmory
|-sethp|p1a: Skarmory|64/100 slp|[from] move: Pain Split|[silent]
|-sethp|p2a: rotomwash|70/100 tox|[from] move: Pain Split
|cant|p1a: Skarmory|slp
|
|-heal|p2a: rotomwash|76/100 tox|[from] item: Leftovers
|-heal|p1a: Skarmory|70/100 slp|[from] item: Leftovers
|-damage|p2a: rotomwash|64/100 tox|[from] psn
|upkeep
|turn|19
|
|t:|1666872909
|move|p2a: rotomwash|Hydro Pump|p1a: Skarmory
|-damage|p1a: Skarmory|10/100 slp
|cant|p1a: Skarmory|slp
|
|-heal|p2a: rotomwash|70/100 tox|[from] item: Leftovers
|-heal|p1a: Skarmory|16/100 slp|[from] item: Leftovers
|-damage|p2a: rotomwash|51/100 tox|[from] psn
|upkeep
|turn|20
|
|t:|1666872912
|switch|p2a: Heatran|Heatran, M|100/100
|cant|p1a: Skarmory|slp
|
|-heal|p1a: Skarmory|22/100 slp|[from] item: Leftovers
|upkeep
|turn|21
|
|t:|1666872916
|move|p2a: Heatran|Eruption|p1a: Skarmory
|-supereffective|p1a: Skarmory
|-damage|p1a: Skarmory|0 fnt
|faint|p1a: Skarmory
|
|upkeep
|
|t:|1666872920
|switch|p1a: Nidoqueen|Nidoqueen, F, shiny|94/100
|-damage|p1a: Nidoqueen|88/100|[from] Stealth Rock
|turn|22
|
|t:|1666872923
|move|p2a: Heatran|Eruption|p1a: Nidoqueen
|-damage|p1a: Nidoqueen|0 fnt
|faint|p1a: Nidoqueen
|
|upkeep
|
|t:|1666872930
|switch|p1a: Kartana|Kartana, shiny|100/100
|-damage|p1a: Kartana|94/100|[from] Stealth Rock
|turn|23
|
|t:|1666872932
|switch|p2a: Tangrowth|Tangrowth, M|75/100
|move|p1a: Kartana|Sacred Sword|p2a: Tangrowth
|-damage|p2a: Tangrowth|45/100
|-damage|p1a: Kartana|78/100|[from] item: Rocky Helmet|[of] p2a: Tangrowth
|
|upkeep
|turn|24
|
|t:|1666872935
|move|p1a: Kartana|Sacred Sword|p2a: Tangrowth
|-damage|p2a: Tangrowth|15/100
|-damage|p1a: Kartana|61/100|[from] item: Rocky Helmet|[of] p2a: Tangrowth
|move|p2a: Tangrowth|Giga Drain|p1a: Kartana
|-resisted|p1a: Kartana
|-damage|p1a: Kartana|38/100
|-heal|p2a: Tangrowth|23/100|[from] drain|[of] p1a: Kartana
|
|upkeep
|turn|25
|
|t:|1666872938
|move|p1a: Kartana|Sacred Sword|p2a: Tangrowth
|-damage|p2a: Tangrowth|0 fnt
|-damage|p1a: Kartana|21/100|[from] item: Rocky Helmet|[of] p2a: Tangrowth
|faint|p2a: Tangrowth
|-ability|p1a: Kartana|Beast Boost|boost
|-boost|p1a: Kartana|atk|1
|
|upkeep
|
|t:|1666872939
|switch|p2a: Weavile|Weavile, F|100/100
|-ability|p2a: Weavile|Pressure
|turn|26
|
|t:|1666872949
|switch|p2a: landorustherian|Landorus-Therian, M|100/100
|-ability|p2a: landorustherian|Intimidate|boost
|-unboost|p1a: Kartana|atk|1
|switch|p1a: Tapu Fini|Tapu Fini, shiny|88/100
|-damage|p1a: Tapu Fini|76/100|[from] Stealth Rock
|-fieldstart|move: Misty Terrain|[from] ability: Misty Surge|[of] p1a: Tapu Fini
|-item|p1a: Tapu Fini|Air Balloon
|
|upkeep
|turn|27
|
|t:|1666872951
|move|p1a: Tapu Fini|Ice Beam|p2a: landorustherian
|-supereffective|p2a: landorustherian
|-damage|p2a: landorustherian|27/100
|move|p2a: landorustherian|U-turn|p1a: Tapu Fini
|-resisted|p1a: Tapu Fini
|-damage|p1a: Tapu Fini|65/100
|-enditem|p1a: Tapu Fini|Air Balloon
|
|t:|1666872951
|switch|p2a: rotomwash|Rotom-Wash|51/100 tox|[from]move: U-turn
|
|-heal|p2a: rotomwash|58/100 tox|[from] item: Leftovers
|-damage|p2a: rotomwash|51/100 tox|[from] psn
|upkeep
|turn|28
|
|t:|1666872955
|switch|p1a: Blissey|Blissey, F, shiny|100/100
|-damage|p1a: Blissey|88/100|[from] Stealth Rock
|move|p2a: rotomwash|Thunderbolt|p1a: Blissey
|-damage|p1a: Blissey|74/100
|
|-heal|p2a: rotomwash|58/100 tox|[from] item: Leftovers
|-heal|p1a: Blissey|80/100|[from] item: Leftovers
|-damage|p2a: rotomwash|45/100 tox|[from] psn
|upkeep
|turn|29
|
|t:|1666872960
|switch|p2a: Weavile|Weavile, F|100/100
|-ability|p2a: Weavile|Pressure
|move|p1a: Blissey|Seismic Toss|p2a: Weavile
|-damage|p2a: Weavile|65/100
|
|-heal|p1a: Blissey|86/100|[from] item: Leftovers
|upkeep
|turn|30
|
|t:|1666872966
|move|p2a: Weavile|Knock Off|p1a: Blissey
|-damage|p1a: Blissey|22/100
|-enditem|p1a: Blissey|Leftovers|[from] move: Knock Off|[of] p2a: Weavile
|move|p1a: Blissey|Teleport|p1a: Blissey
|
|t:|1666872969
|switch|p1a: Tapu Fini|Tapu Fini, shiny|65/100|[from]move: Teleport
|-damage|p1a: Tapu Fini|53/100|[from] Stealth Rock
|
|-fieldend|Misty Terrain
|upkeep
|turn|31
|
|t:|1666872975
|switch|p2a: landorustherian|Landorus-Therian, M|27/100
|-ability|p2a: landorustherian|Intimidate|boost
|-unboost|p1a: Tapu Fini|atk|1
|move|p1a: Tapu Fini|Moonblast|p2a: landorustherian
|-damage|p2a: landorustherian|0 fnt
|faint|p2a: landorustherian
|
|upkeep
|
|t:|1666872975
|switch|p2a: rotomwash|Rotom-Wash|45/100 tox
|turn|32
|
|t:|1666872979
|move|p1a: Tapu Fini|Moonblast|p2a: rotomwash
|-damage|p2a: rotomwash|5/100 tox
|-unboost|p2a: rotomwash|spa|1
|move|p2a: rotomwash|Thunderbolt|p1a: Tapu Fini
|-supereffective|p1a: Tapu Fini
|-damage|p1a: Tapu Fini|11/100
|
|-heal|p2a: rotomwash|12/100 tox|[from] item: Leftovers
|-damage|p2a: rotomwash|5/100 tox|[from] psn
|upkeep
|turn|33
|
|t:|1666872983
|switch|p2a: Heatran|Heatran, M|100/100
|move|p1a: Tapu Fini|Defog|p2a: Heatran
|-unboost|p2a: Heatran|evasion|1
|-sideend|p1: playeraccount|Stealth Rock|[from] move: Defog|[of] p1a: Tapu Fini
|
|upkeep
|turn|34
|
|t:|1666872991
|switch|p1a: Slowbro|Slowbro, M, shiny|100/100
|move|p2a: Heatran|Eruption|p1a: Slowbro
|-resisted|p1a: Slowbro
|-damage|p1a: Slowbro|57/100
|
|upkeep
|turn|35
|
|t:|1666872995
|switch|p2a: Weavile|Weavile, F|65/100
|-ability|p2a: Weavile|Pressure
|move|p1a: Slowbro|Future Sight|p2a: Weavile
|-start|p1a: Slowbro|move: Future Sight
|
|upkeep
|turn|36
|
|t:|1666873003
|move|p2a: Weavile|Knock Off|p1a: Slowbro
|-supereffective|p1a: Slowbro
|-damage|p1a: Slowbro|0 fnt
|-damage|p2a: Weavile|49/100|[from] item: Rocky Helmet|[of] p1a: Slowbro
|-enditem|p1a: Slowbro|Rocky Helmet|[from] move: Knock Off|[of] p2a: Weavile
|faint|p1a: Slowbro
|
|upkeep
|
|t:|1666873006
|switch|p1a: Tapu Fini|Tapu Fini, shiny|11/100
|-fieldstart|move: Misty Terrain|[from] ability: Misty Surge|[of] p1a: Tapu Fini
|turn|37
|
|t:|1666873008
|move|p2a: Weavile|Knock Off|p1a: Tapu Fini
|-resisted|p1a: Tapu Fini
|-damage|p1a: Tapu Fini|0 fnt
|faint|p1a: Tapu Fini
|
|-end|p2a: Weavile|move: Future Sight
|-immune|p2a: Weavile
|upkeep
|
|t:|1666873011
|switch|p1a: Kartana|Kartana, shiny|21/100
|turn|38
|
|t:|1666873013
|switch|p2a: rotomwash|Rotom-Wash|5/100 tox
|move|p1a: Kartana|Sacred Sword|p2a: rotomwash
|-damage|p2a: rotomwash|0 fnt
|faint|p2a: rotomwash
|-ability|p1a: Kartana|Beast Boost|boost
|-boost|p1a: Kartana|atk|1
|
|upkeep
|
|t:|1666873013
|switch|p2a: Weavile|Weavile, F|49/100
|-ability|p2a: Weavile|Pressure
|turn|39
|
|t:|1666873018
|move|p2a: Weavile|Ice Shard|p1a: Kartana
|-damage|p1a: Kartana|0 fnt
|faint|p1a: Kartana
|
|upkeep
|
|t:|1666873021
|switch|p1a: Blissey|Blissey, F, shiny|22/100
|turn|40
|
|t:|1666873025
|move|p2a: Weavile|Ice Shard|p1a: Blissey
|-damage|p1a: Blissey|0 fnt
|faint|p1a: Blissey
|
|win|minimax_ai
|raw|playeraccount's rating: 1440 &rarr; <strong>1420</strong><br />(-20 for losing)
|raw|minimax_ai's rating: 1441 &rarr; <strong>1461</strong><br />(+20 for winning)
|c|☆minimax_ai|gg
