|html|<div class="broadcast-blue"><strong>[Gen 8] OU is currently suspecting Melmetal! For information on how to participate check out the <a href="https://www.smogon.com/forums/threads/np-ss-ou-suspect-process-round-12-monster-mash.3709234/">suspect thread</a>.</strong></div>
|j|☆ty-tyui↻
|j|☆Raimei Hakkei
|t:|1665940040
|gametype|singles
|player|p1|ty-tyui↻|grace|1744
|player|p2|Raimei Hakkei|102|1772
|teamsize|p1|6
|teamsize|p2|6
|gen|8
|tier|[Gen 8] OU
|rated|
|rule|Sleep Clause Mod: Limit one foe put to sleep
|rule|Species Clause: Limit one of each Pokémon
|rule|OHKO Clause: OHKO moves are banned
|rule|Evasion Items Clause: Evasion items are banned
|rule|Evasion Moves Clause: Evasion moves are banned
|rule|Endless Battle Clause: Forcing endless battles is banned
|rule|HP Percentage Mod: HP is shown in percentages
|rule|Dynamax Clause: You cannot dynamax
|clearpoke
|poke|p1|Mienshao, M|
|poke|p1|Ninetales-Alola, M|
|poke|p1|Blacephalon|
|poke|p1|Landorus-Therian, M|
|poke|p1|Corviknight, M|
|poke|p1|Rotom-Wash|
|poke|p2|Landorus-Therian, M|
|poke|p2|Urshifu-*, M|
|poke|p2|Dragonite, M|
|poke|p2|Tyrantrum, M|
|poke|p2|Aegislash, M|
|poke|p2|Chansey, F|
|teampreview
|inactive|Battle timer is ON: inactive players will automatically lose when time's up. (requested by Raimei Hakkei)
|j| juicelol
|
|t:|1665940047
|start
|switch|p1a: Rotom|Rotom-Wash|100/100
|switch|p2a: Death Destroyer|Aegislash, M|100/100
|turn|1
|
|t:|1665940050
|move|p1a: Rotom|Thunder Wave|p2a: Death Destroyer
|-status|p2a: Death Destroyer|par
|-formechange|p2a: Death Destroyer|Aegislash-Blade||[from] ability: Stance Change
|move|p2a: Death Destroyer|Shadow Ball|p1a: Rotom
|-damage|p1a: Rotom|51/100
|
|-heal|p1a: Rotom|57/100|[from] item: Leftovers
|upkeep
|turn|2
|
|t:|1665940053
|move|p1a: Rotom|Pain Split|p2a: Death Destroyer
|-sethp|p2a: Death Destroyer|83/100 par|[from] move: Pain Split|[silent]
|-sethp|p1a: Rotom|72/100|[from] move: Pain Split
|move|p2a: Death Destroyer|Shadow Ball|p1a: Rotom
|-damage|p1a: Rotom|26/100
|
|-heal|p1a: Rotom|32/100|[from] item: Leftovers
|upkeep
|turn|3
|
|t:|1665940056
|move|p1a: Rotom|Pain Split|p2a: Death Destroyer
|-sethp|p2a: Death Destroyer|60/100 par|[from] move: Pain Split|[silent]
|-sethp|p1a: Rotom|52/100|[from] move: Pain Split
|move|p2a: Death Destroyer|Shadow Ball|p1a: Rotom
|-damage|p1a: Rotom|3/100
|-unboost|p1a: Rotom|spd|1
|
|-heal|p1a: Rotom|9/100|[from] item: Leftovers
|upkeep
|turn|4
|
|t:|1665940061
|switch|p1a: Corviknight|Corviknight, M|100/100
|-ability|p1a: Corviknight|Pressure
|move|p2a: Death Destroyer|Shadow Sneak|p1a: Corviknight
|-crit|p1a: Corviknight
|-damage|p1a: Corviknight|74/100
|-damage|p2a: Death Destroyer|44/100 par|[from] item: Rocky Helmet|[of] p1a: Corviknight
|
|upkeep
|turn|5
|
|t:|1665940064
|switch|p2a: Flirty Drunk|Chansey, F|100/100
|move|p1a: Corviknight|Roost|p1a: Corviknight
|-heal|p1a: Corviknight|100/100
|-singleturn|p1a: Corviknight|move: Roost
|
|upkeep
|turn|6
|
|t:|1665940067
|move|p1a: Corviknight|U-turn|p2a: Flirty Drunk
|-damage|p2a: Flirty Drunk|91/100
|
|t:|1665940069
|switch|p1a: Landorus|Landorus-Therian, M|100/100|[from]move: U-turn
|-ability|p1a: Landorus|Intimidate|boost
|-unboost|p2a: Flirty Drunk|atk|1
|move|p2a: Flirty Drunk|Teleport|p2a: Flirty Drunk
|
|t:|1665940073
|switch|p2a: Gundari: Ryuseigun|Urshifu-Rapid-Strike, M|100/100|[from]move: Teleport
|
|upkeep
|turn|7
|j| waste yrself
|
|t:|1665940079
|switch|p1a: Rotom|Rotom-Wash|9/100
|move|p2a: Gundari: Ryuseigun|U-turn|p1a: Rotom
|-damage|p1a: Rotom|0 fnt
|faint|p1a: Rotom
|j| njhjj
|
|t:|1665940085
|switch|p2a: Death Destroyer|Aegislash, M|44/100 par|[from]move: U-turn
|
|upkeep
|
|t:|1665940089
|switch|p1a: Mienshao|Mienshao, M, shiny|100/100
|turn|8
|
|t:|1665940092
|move|p2a: Death Destroyer|King's Shield|p2a: Death Destroyer
|-singleturn|p2a: Death Destroyer|Protect
|move|p1a: Mienshao|Knock Off|p2a: Death Destroyer
|-activate|p2a: Death Destroyer|move: Protect
|-unboost|p1a: Mienshao|atk|1
|
|upkeep
|turn|9
|
|t:|1665940095
|switch|p2a: Gundari: Ryuseigun|Urshifu-Rapid-Strike, M|100/100
|move|p1a: Mienshao|Knock Off|p2a: Gundari: Ryuseigun
|-resisted|p2a: Gundari: Ryuseigun
|-damage|p2a: Gundari: Ryuseigun|86/100
|-enditem|p2a: Gundari: Ryuseigun|Choice Band|[from] move: Knock Off|[of] p1a: Mienshao
|-damage|p1a: Mienshao|91/100|[from] item: Life Orb
|
|upkeep
|turn|10
|
|t:|1665940098
|move|p1a: Mienshao|U-turn|p2a: Gundari: Ryuseigun
|-resisted|p2a: Gundari: Ryuseigun
|-damage|p2a: Gundari: Ryuseigun|76/100
|-damage|p1a: Mienshao|81/100|[from] item: Life Orb
|
|t:|1665940100
|switch|p1a: Corviknight|Corviknight, M|100/100|[from]move: U-turn
|-ability|p1a: Corviknight|Pressure
|move|p2a: Gundari: Ryuseigun|U-turn|p1a: Corviknight
|-resisted|p1a: Corviknight
|-damage|p1a: Corviknight|97/100
|-damage|p2a: Gundari: Ryuseigun|59/100|[from] item: Rocky Helmet|[of] p1a: Corviknight
|
|t:|1665940102
|switch|p2a: Horai Hakke|Tyrantrum, M|100/100|[from]move: U-turn
|
|upkeep
|turn|11
|
|t:|1665940105
|move|p2a: Horai Hakke|Head Smash|p1a: Corviknight
|-damage|p1a: Corviknight|9/100
|-damage|p2a: Horai Hakke|84/100|[from] item: Rocky Helmet|[of] p1a: Corviknight
|move|p1a: Corviknight|Roost|p1a: Corviknight
|-heal|p1a: Corviknight|59/100
|-singleturn|p1a: Corviknight|move: Roost
|
|upkeep
|turn|12
|
|t:|1665940113
|switch|p1a: Landorus|Landorus-Therian, M|100/100
|-ability|p1a: Landorus|Intimidate|boost
|-unboost|p2a: Horai Hakke|atk|1
|move|p2a: Horai Hakke|Head Smash|p1a: Landorus
|-damage|p1a: Landorus|14/100
|
|-heal|p1a: Landorus|20/100|[from] item: Leftovers
|upkeep
|turn|13
|j| RazorForce21
|
|t:|1665940120
|move|p2a: Horai Hakke|Head Smash|p1a: Landorus
|-damage|p1a: Landorus|0 fnt
|faint|p1a: Landorus
|
|upkeep
|
|t:|1665940124
|switch|p1a: Mienshao|Mienshao, M, shiny|100/100
|turn|14
|
|t:|1665940129
|switch|p2a: Gundari: Ryuseigun|Urshifu-Rapid-Strike, M|59/100
|move|p1a: Mienshao|Knock Off|p2a: Gundari: Ryuseigun
|-resisted|p2a: Gundari: Ryuseigun
|-damage|p2a: Gundari: Ryuseigun|46/100
|-damage|p1a: Mienshao|91/100|[from] item: Life Orb
|
|upkeep
|turn|15
|
|t:|1665940131
|move|p2a: Gundari: Ryuseigun|Aqua Jet|p1a: Mienshao
|-damage|p1a: Mienshao|54/100
|move|p1a: Mienshao|Close Combat|p2a: Gundari: Ryuseigun
|-damage|p2a: Gundari: Ryuseigun|0 fnt
|-unboost|p1a: Mienshao|def|1
|-unboost|p1a: Mienshao|spd|1
|faint|p2a: Gundari: Ryuseigun
|-damage|p1a: Mienshao|44/100|[from] item: Life Orb
|
|upkeep
|
|t:|1665940134
|switch|p2a: Thieving Drunk|Dragonite, M|100/100
|turn|16
|
|t:|1665940138
|switch|p1a: Ninetales|Ninetales-Alola, M|100/100
|-weather|Hail|[from] ability: Snow Warning|[of] p1a: Ninetales
|switch|p2a: Horai Hakke|Tyrantrum, M|84/100
|
|-weather|Hail|[upkeep]
|-damage|p2a: Horai Hakke|78/100|[from] Hail
|upkeep
|turn|17
|
|t:|1665940143
|switch|p2a: Flirty Drunk|Chansey, F|91/100
|move|p1a: Ninetales|Aurora Veil|p1a: Ninetales
|-sidestart|p1: ty-tyui↻|move: Aurora Veil
|
|-weather|Hail|[upkeep]
|-damage|p2a: Flirty Drunk|84/100|[from] Hail
|upkeep
|turn|18
|
|t:|1665940149
|switch|p1a: Corviknight|Corviknight, M|59/100
|-ability|p1a: Corviknight|Pressure
|move|p2a: Flirty Drunk|Teleport|p2a: Flirty Drunk
|
|t:|1665940152
|switch|p2a: Raging Drunk|Landorus-Therian, M|100/100|[from]move: Teleport
|-ability|p2a: Raging Drunk|Intimidate|boost
|-unboost|p1a: Corviknight|atk|1
|
|-weather|Hail|[upkeep]
|-damage|p2a: Raging Drunk|94/100|[from] Hail
|-damage|p1a: Corviknight|53/100|[from] Hail
|upkeep
|turn|19
|j| Youressi
|
|t:|1665940172
|move|p2a: Raging Drunk|Defog|p1a: Corviknight
|-unboost|p1a: Corviknight|evasion|1
|-sideend|p1: ty-tyui↻|move: Aurora Veil
|move|p1a: Corviknight|Brave Bird|p2a: Raging Drunk
|-damage|p2a: Raging Drunk|76/100
|-damage|p1a: Corviknight|47/100|[from] Recoil
|
|-weather|Hail|[upkeep]
|-damage|p2a: Raging Drunk|70/100|[from] Hail
|-damage|p1a: Corviknight|41/100|[from] Hail
|upkeep
|turn|20
|
|t:|1665940175
|move|p2a: Raging Drunk|Stealth Rock|p1a: Corviknight
|-sidestart|p1: ty-tyui↻|move: Stealth Rock
|move|p1a: Corviknight|Roost|p1a: Corviknight
|-heal|p1a: Corviknight|91/100
|-singleturn|p1a: Corviknight|move: Roost
|
|-weather|none
|upkeep
|turn|21
|
|t:|1665940179
|switch|p2a: Flirty Drunk|Chansey, F|84/100
|move|p1a: Corviknight|Defog|p2a: Flirty Drunk
|-unboost|p2a: Flirty Drunk|evasion|1
|-sideend|p1: ty-tyui↻|Stealth Rock|[from] move: Defog|[of] p1a: Corviknight
|
|upkeep
|turn|22
|
|t:|1665940182
|move|p1a: Corviknight|U-turn|p2a: Flirty Drunk
|-damage|p2a: Flirty Drunk|78/100
|
|t:|1665940183
|switch|p1a: Mienshao|Mienshao, M, shiny|77/100|[from]move: U-turn
|move|p2a: Flirty Drunk|Teleport|p2a: Flirty Drunk
|
|t:|1665940190
|switch|p2a: Raging Drunk|Landorus-Therian, M|70/100|[from]move: Teleport
|-ability|p2a: Raging Drunk|Intimidate|boost
|-unboost|p1a: Mienshao|atk|1
|
|upkeep
|turn|23
|
|t:|1665940193
|move|p1a: Mienshao|U-turn|p2a: Raging Drunk
|-resisted|p2a: Raging Drunk
|-damage|p2a: Raging Drunk|63/100
|-damage|p1a: Mienshao|67/100|[from] item: Life Orb
|
|t:|1665940195
|switch|p1a: Corviknight|Corviknight, M|91/100|[from]move: U-turn
|-ability|p1a: Corviknight|Pressure
|move|p2a: Raging Drunk|Earth Power|p1a: Corviknight
|-immune|p1a: Corviknight
|
|upkeep
|turn|24
|
|t:|1665940200
|switch|p2a: Flirty Drunk|Chansey, F|78/100
|move|p1a: Corviknight|U-turn|p2a: Flirty Drunk
|-damage|p2a: Flirty Drunk|69/100
|
|t:|1665940202
|switch|p1a: Mienshao|Mienshao, M, shiny|99/100|[from]move: U-turn
|
|upkeep
|turn|25
|
|t:|1665940205
|switch|p2a: Thieving Drunk|Dragonite, M|100/100
|move|p1a: Mienshao|Close Combat|p2a: Thieving Drunk
|-resisted|p2a: Thieving Drunk
|-damage|p2a: Thieving Drunk|79/100
|-unboost|p1a: Mienshao|def|1
|-unboost|p1a: Mienshao|spd|1
|-damage|p1a: Mienshao|90/100|[from] item: Life Orb
|
|upkeep
|turn|26
|
|t:|1665940208
|switch|p2a: Flirty Drunk|Chansey, F|69/100
|move|p1a: Mienshao|Knock Off|p2a: Flirty Drunk
|-damage|p2a: Flirty Drunk|43/100
|-enditem|p2a: Flirty Drunk|Eviolite|[from] move: Knock Off|[of] p1a: Mienshao
|-damage|p1a: Mienshao|80/100|[from] item: Life Orb
|
|upkeep
|turn|27
|
|t:|1665940211
|switch|p2a: Raging Drunk|Landorus-Therian, M|63/100
|-ability|p2a: Raging Drunk|Intimidate|boost
|-unboost|p1a: Mienshao|atk|1
|move|p1a: Mienshao|U-turn|p2a: Raging Drunk
|-resisted|p2a: Raging Drunk
|-damage|p2a: Raging Drunk|55/100
|-damage|p1a: Mienshao|70/100|[from] item: Life Orb
|
|t:|1665940215
|switch|p1a: Ninetales|Ninetales-Alola, M|100/100|[from]move: U-turn
|-weather|Hail|[from] ability: Snow Warning|[of] p1a: Ninetales
|
|-weather|Hail|[upkeep]
|-damage|p2a: Raging Drunk|49/100|[from] Hail
|upkeep
|turn|28
|
|t:|1665940217
|switch|p2a: Flirty Drunk|Chansey, F|43/100
|move|p1a: Ninetales|Blizzard|p2a: Flirty Drunk
|-damage|p2a: Flirty Drunk|12/100
|
|-weather|Hail|[upkeep]
|-damage|p2a: Flirty Drunk|6/100|[from] Hail
|upkeep
|turn|29
|
|t:|1665940223
|move|p1a: Ninetales|Blizzard|p2a: Flirty Drunk
|-damage|p2a: Flirty Drunk|0 fnt
|faint|p2a: Flirty Drunk
|
|-weather|Hail|[upkeep]
|upkeep
|
|t:|1665940227
|switch|p2a: Death Destroyer|Aegislash, M|44/100 par
|turn|30
|
|t:|1665940231
|switch|p1a: Corviknight|Corviknight, M|91/100
|-ability|p1a: Corviknight|Pressure
|cant|p2a: Death Destroyer|par
|
|-weather|Hail|[upkeep]
|-damage|p1a: Corviknight|85/100|[from] Hail
|-damage|p2a: Death Destroyer|38/100 par|[from] Hail
|upkeep
|turn|31
|
|t:|1665940235
|move|p1a: Corviknight|Brave Bird|p2a: Death Destroyer
|-resisted|p2a: Death Destroyer
|-damage|p2a: Death Destroyer|18/100 par
|-damage|p1a: Corviknight|80/100|[from] Recoil
|-formechange|p2a: Death Destroyer|Aegislash-Blade||[from] ability: Stance Change
|move|p2a: Death Destroyer|Shadow Ball|p1a: Corviknight
|-damage|p1a: Corviknight|36/100
|-unboost|p1a: Corviknight|spd|1
|
|-weather|none
|upkeep
|turn|32
|
|t:|1665940243
|move|p1a: Corviknight|Roost|p1a: Corviknight
|-heal|p1a: Corviknight|86/100
|-singleturn|p1a: Corviknight|move: Roost
|cant|p2a: Death Destroyer|par
|
|upkeep
|turn|33
|
|t:|1665940250
|switch|p2a: Horai Hakke|Tyrantrum, M|78/100
|move|p1a: Corviknight|Brave Bird|p2a: Horai Hakke
|-resisted|p2a: Horai Hakke
|-crit|p2a: Horai Hakke
|-damage|p2a: Horai Hakke|53/100
|-damage|p1a: Corviknight|80/100|[from] Recoil
|
|upkeep
|turn|34
|
|t:|1665940254
|move|p2a: Horai Hakke|Head Smash|p1a: Corviknight
|-damage|p1a: Corviknight|0 fnt
|-damage|p2a: Horai Hakke|37/100|[from] item: Rocky Helmet|[of] p1a: Corviknight
|faint|p1a: Corviknight
|
|upkeep
|
|t:|1665940259
|switch|p1a: Ninetales|Ninetales-Alola, M|100/100
|-weather|Hail|[from] ability: Snow Warning|[of] p1a: Ninetales
|turn|35
|
|t:|1665940261
|move|p1a: Ninetales|Blizzard|p2a: Horai Hakke
|-supereffective|p2a: Horai Hakke
|-damage|p2a: Horai Hakke|0 fnt
|faint|p2a: Horai Hakke
|
|-weather|Hail|[upkeep]
|upkeep
|
|t:|1665940264
|switch|p2a: Death Destroyer|Aegislash, M|18/100 par
|turn|36
|
|t:|1665940266
|move|p1a: Ninetales|Blizzard|p2a: Death Destroyer
|-resisted|p2a: Death Destroyer
|-damage|p2a: Death Destroyer|0 fnt
|faint|p2a: Death Destroyer
|
|-weather|Hail|[upkeep]
|upkeep
|-message|Raimei Hakkei forfeited.
|
|win|ty-tyui↻
|raw|ty-tyui↻'s rating: 1744 &rarr; <strong>1766</strong><br />(+22 for winning)
|raw|Raimei Hakkei's rating: 1772 &rarr; <strong>1750</strong><br />(-22 for losing)
|l|☆Raimei Hakkei
|c|☆ty-tyui↻|gg
|l| waste yrself
||Ladder isn't responding, score probably updated but might not have (Request timeout).
