|j|☆Steelix Fusion
|j|☆huehuekk
|t:|1653456642
|gametype|singles
|player|p1|Steelix Fusion|marshal|1582
|player|p2|huehuekk|lucas-gen4pt|1596
|teamsize|p1|6
|teamsize|p2|6
|gen|8
|tier|[Gen 8] OU
|rated|
|rule|Sleep Clause Mod: Limit one foe put to sleep
|rule|Species Clause: Limit one of each Pokémon
|rule|OHKO Clause: OHKO moves are banned
|rule|Evasion Moves Clause: Evasion moves are banned
|rule|Endless Battle Clause: Forcing endless battles is banned
|rule|HP Percentage Mod: HP is shown in percentages
|rule|Dynamax Clause: You cannot dynamax
|clearpoke
|poke|p1|Ninetales-Alola, F|
|poke|p1|Klefki, F|
|poke|p1|Scolipede, M|
|poke|p1|Weavile, M|
|poke|p1|Steelix, M|
|poke|p1|Gyarados, M|
|poke|p2|Chansey, F|
|poke|p2|Landorus-Therian, M|
|poke|p2|Ditto|
|poke|p2|Dragapult, M|
|poke|p2|Toxapex, M|
|poke|p2|Corviknight, F|
|teampreview
|inactive|Battle timer is ON: inactive players will automatically lose when time's up. (requested by Steelix Fusion)
|
|t:|1653456651
|start
|switch|p1a: Ninetales|Ninetales-Alola, F|100/100
|switch|p2a: Toxapex|Toxapex, M|100/100
|-weather|Hail|[from] ability: Snow Warning|[of] p1a: Ninetales
|turn|1
|
|t:|1653456656
|move|p1a: Ninetales|Hypnosis|p2a: Toxapex
|-status|p2a: Toxapex|slp|[from] move: Hypnosis
|cant|p2a: Toxapex|slp
|
|-weather|Hail|[upkeep]
|-damage|p2a: Toxapex|94/100 slp|[from] Hail
|upkeep
|turn|2
|
|t:|1653456666
|move|p1a: Ninetales|Aurora Veil|p1a: Ninetales
|-sidestart|p1: Steelix Fusion|move: Aurora Veil
|-curestatus|p2a: Toxapex|slp|[msg]
|move|p2a: Toxapex|Toxic Spikes|p1a: Ninetales
|-sidestart|p1: Steelix Fusion|move: Toxic Spikes
|
|-weather|Hail|[upkeep]
|-damage|p2a: Toxapex|88/100|[from] Hail
|upkeep
|turn|3
|
|t:|1653456672
|switch|p2a: Chansey|Chansey, F|100/100
|move|p1a: Ninetales|Hypnosis|p2a: Chansey
|-status|p2a: Chansey|slp|[from] move: Hypnosis
|
|-weather|Hail|[upkeep]
|-damage|p2a: Chansey|94/100 slp|[from] Hail
|upkeep
|turn|4
|
|t:|1653456679
|switch|p1a: Scolipede|Scolipede, M|100/100
|-sideend|p1: Steelix Fusion|move: Toxic Spikes|[of] p1a: Scolipede
|cant|p2a: Chansey|slp
|
|-weather|Hail|[upkeep]
|-damage|p1a: Scolipede|94/100|[from] Hail
|-damage|p2a: Chansey|88/100 slp|[from] Hail
|upkeep
|turn|5
|
|t:|1653456686
|-curestatus|p2a: Chansey|slp|[from] ability: Natural Cure
|switch|p2a: Toxapex|Toxapex, M|100/100
|move|p1a: Scolipede|Swords Dance|p1a: Scolipede
|-boost|p1a: Scolipede|atk|2
|
|-weather|none
|-ability|p1a: Scolipede|Speed Boost|boost
|-boost|p1a: Scolipede|spe|1
|upkeep
|turn|6
|
|t:|1653456694
|move|p1a: Scolipede|Earthquake|p2a: Toxapex
|-supereffective|p2a: Toxapex
|-damage|p2a: Toxapex|9/100
|-damage|p1a: Scolipede|84/100|[from] item: Life Orb
|move|p2a: Toxapex|Haze|p2a: Toxapex
|-clearallboost
|
|-ability|p1a: Scolipede|Speed Boost|boost
|-boost|p1a: Scolipede|spe|1
|upkeep
|turn|7
|
|t:|1653456705
|switch|p2a: Corviknight|Corviknight, F|100/100
|-ability|p2a: Corviknight|Pressure
|move|p1a: Scolipede|Swords Dance|p1a: Scolipede
|-boost|p1a: Scolipede|atk|2
|
|-ability|p1a: Scolipede|Speed Boost|boost
|-boost|p1a: Scolipede|spe|1
|upkeep
|turn|8
|
|t:|1653456715
|move|p1a: Scolipede|Swords Dance|p1a: Scolipede
|-boost|p1a: Scolipede|atk|2
|move|p2a: Corviknight|Iron Defense|p2a: Corviknight
|-boost|p2a: Corviknight|def|2
|
|-ability|p1a: Scolipede|Speed Boost|boost
|-boost|p1a: Scolipede|spe|1
|upkeep
|turn|9
|
|t:|1653456722
|switch|p1a: Ninetales|Ninetales-Alola, F|100/100
|-weather|Hail|[from] ability: Snow Warning|[of] p1a: Ninetales
|move|p2a: Corviknight|Iron Defense|p2a: Corviknight
|-boost|p2a: Corviknight|def|2
|
|-weather|Hail|[upkeep]
|-damage|p2a: Corviknight|94/100|[from] Hail
|-sideend|p1: Steelix Fusion|move: Aurora Veil
|upkeep
|turn|10
|
|t:|1653456730
|move|p1a: Ninetales|Encore|p2a: Corviknight
|-start|p2a: Corviknight|Encore
|move|p2a: Corviknight|Iron Defense|p2a: Corviknight
|-boost|p2a: Corviknight|def|2
|
|-weather|Hail|[upkeep]
|-damage|p2a: Corviknight|88/100|[from] Hail
|upkeep
|turn|11
|
|t:|1653456736
|switch|p2a: Chansey|Chansey, F|88/100
|move|p1a: Ninetales|Hypnosis|p2a: Chansey
|-status|p2a: Chansey|slp|[from] move: Hypnosis
|
|-weather|Hail|[upkeep]
|-damage|p2a: Chansey|82/100 slp|[from] Hail
|upkeep
|turn|12
|
|t:|1653456743
|-curestatus|p2a: Chansey|slp|[from] ability: Natural Cure
|switch|p2a: Toxapex|Toxapex, M|42/100
|move|p1a: Ninetales|Aurora Veil|p1a: Ninetales
|-sidestart|p1: Steelix Fusion|move: Aurora Veil
|
|-weather|Hail|[upkeep]
|-damage|p2a: Toxapex|36/100|[from] Hail
|upkeep
|turn|13
|
|t:|1653456750
|switch|p2a: Chansey|Chansey, F|82/100
|move|p1a: Ninetales|Hypnosis|p2a: Chansey
|-status|p2a: Chansey|slp|[from] move: Hypnosis
|
|-weather|none
|upkeep
|turn|14
|
|t:|1653456757
|switch|p1a: Weavile|Weavile, M|100/100
|-ability|p1a: Weavile|Pressure
|-curestatus|p2a: Chansey|slp|[from] ability: Natural Cure
|switch|p2a: Toxapex|Toxapex, M|69/100
|
|upkeep
|turn|15
|
|t:|1653456764
|move|p1a: Weavile|Swords Dance|p1a: Weavile
|-boost|p1a: Weavile|atk|2
|move|p2a: Toxapex|Scald|p1a: Weavile
|-damage|p1a: Weavile|89/100
|
|upkeep
|turn|16
|
|t:|1653456770
|switch|p2a: Corviknight|Corviknight, F|88/100
|-ability|p2a: Corviknight|Pressure
|move|p1a: Weavile|Knock Off|p2a: Corviknight
|-damage|p2a: Corviknight|0 fnt
|-damage|p1a: Weavile|73/100|[from] item: Rocky Helmet|[of] p2a: Corviknight
|-enditem|p2a: Corviknight|Rocky Helmet|[from] move: Knock Off|[of] p1a: Weavile
|faint|p2a: Corviknight
|-damage|p1a: Weavile|63/100|[from] item: Life Orb
|
|upkeep
|
|t:|1653456779
|switch|p2a: Ditto|Ditto|100/100
|-transform|p2a: Ditto|p1a: Weavile|[from] ability: Imposter
|-ability|p2a: Ditto|Pressure
|turn|17
|
|t:|1653456785
|switch|p1a: Scolipede|Scolipede, M|84/100
|move|p2a: Ditto|Low Kick|p1a: Scolipede
|-resisted|p1a: Scolipede
|-crit|p1a: Scolipede
|-damage|p1a: Scolipede|47/100
|
|upkeep
|turn|18
|
|t:|1653456791
|switch|p2a: Landorus|Landorus-Therian, M|100/100
|-ability|p2a: Landorus|Intimidate|boost
|-unboost|p1a: Scolipede|atk|1
|move|p1a: Scolipede|Swords Dance|p1a: Scolipede
|-boost|p1a: Scolipede|atk|2
|
|-ability|p1a: Scolipede|Speed Boost|boost
|-boost|p1a: Scolipede|spe|1
|upkeep
|turn|19
|
|t:|1653456799
|move|p1a: Scolipede|Aqua Tail|p2a: Landorus
|-supereffective|p2a: Landorus
|-damage|p2a: Landorus|0 fnt
|faint|p2a: Landorus
|-damage|p1a: Scolipede|37/100|[from] item: Life Orb
|
|-sideend|p1: Steelix Fusion|move: Aurora Veil
|-ability|p1a: Scolipede|Speed Boost|boost
|-boost|p1a: Scolipede|spe|1
|upkeep
|
|t:|1653456805
|switch|p2a: Ditto|Ditto|100/100
|-transform|p2a: Ditto|p1a: Scolipede|[from] ability: Imposter
|turn|20
|
|t:|1653456814
|move|p2a: Ditto|Aqua Tail|p1a: Scolipede
|-damage|p1a: Scolipede|0 fnt
|faint|p1a: Scolipede
|
|-ability|p2a: Ditto|Speed Boost|boost
|-boost|p2a: Ditto|spe|1
|upkeep
|c|☆huehuekk|boost more
|
|t:|1653456820
|switch|p1a: Klefki|Klefki, F|100/100
|turn|21
|
|t:|1653456823
|switch|p2a: Chansey|Chansey, F|82/100
|move|p1a: Klefki|Thunder Wave|p2a: Chansey
|-status|p2a: Chansey|par
|
|upkeep
|turn|22
|
|t:|1653456829
|move|p1a: Klefki|Reflect|p1a: Klefki
|-sidestart|p1: Steelix Fusion|Reflect
|move|p2a: Chansey|Thunder Wave|p1a: Klefki
|-status|p1a: Klefki|par
|
|upkeep
|turn|23
|
|t:|1653456834
|move|p1a: Klefki|Light Screen|p1a: Klefki
|-sidestart|p1: Steelix Fusion|move: Light Screen
|move|p2a: Chansey|Wish|p2a: Chansey
|
|upkeep
|turn|24
|
|t:|1653456838
|move|p1a: Klefki|Thunder Wave|p2a: Chansey
|-fail|p2a: Chansey|par
|move|p2a: Chansey|Seismic Toss|p1a: Klefki
|-damage|p1a: Klefki|61/100 par
|
|-heal|p2a: Chansey|100/100 par|[from] move: Wish|[wisher] Chansey
|upkeep
|turn|25
|
|t:|1653456847
|switch|p1a: Weavile|Weavile, M|63/100
|-ability|p1a: Weavile|Pressure
|cant|p2a: Chansey|par
|
|upkeep
|turn|26
|
|t:|1653456855
|-curestatus|p2a: Chansey|par|[from] ability: Natural Cure
|switch|p2a: Toxapex|Toxapex, M|100/100
|move|p1a: Weavile|Swords Dance|p1a: Weavile
|-boost|p1a: Weavile|atk|2
|
|upkeep
|turn|27
|
|t:|1653456861
|move|p1a: Weavile|Knock Off|p2a: Toxapex
|-damage|p2a: Toxapex|14/100
|-damage|p1a: Weavile|46/100|[from] item: Rocky Helmet|[of] p2a: Toxapex
|-enditem|p2a: Toxapex|Rocky Helmet|[from] move: Knock Off|[of] p1a: Weavile
|-damage|p1a: Weavile|36/100|[from] item: Life Orb
|move|p2a: Toxapex|Scald|p1a: Weavile
|-crit|p1a: Weavile
|-damage|p1a: Weavile|0 fnt
|faint|p1a: Weavile
|
|upkeep
|
|t:|1653456873
|switch|p1a: Gyarados|Gyarados, M, shiny|100/100
|turn|28
|
|t:|1653456880
|switch|p2a: Dragapult|Dragapult, M|100/100
|move|p1a: Gyarados|Dragon Dance|p1a: Gyarados
|-boost|p1a: Gyarados|atk|1
|-boost|p1a: Gyarados|spe|1
|
|upkeep
|turn|29
|
|t:|1653456885
|move|p2a: Dragapult|Will-O-Wisp|p1a: Gyarados
|-status|p1a: Gyarados|brn
|move|p1a: Gyarados|Dragon Dance|p1a: Gyarados
|-boost|p1a: Gyarados|atk|1
|-boost|p1a: Gyarados|spe|1
|
|-damage|p1a: Gyarados|94/100 brn|[from] brn
|-sideend|p1: Steelix Fusion|Reflect
|upkeep
|turn|30
|
|t:|1653456893
|move|p1a: Gyarados|Bounce||[still]
|-prepare|p1a: Gyarados|Bounce
|move|p2a: Dragapult|Hex|p1a: Gyarados|[miss]
|-miss|p2a: Dragapult|p1a: Gyarados
|
|-heal|p1a: Gyarados|100/100 brn|[from] item: Leftovers
|-damage|p1a: Gyarados|94/100 brn|[from] brn
|-sideend|p1: Steelix Fusion|move: Light Screen
|upkeep
|turn|31
|
|t:|1653456901
|switch|p2a: Toxapex|Toxapex, M|47/100
|move|p1a: Gyarados|Bounce|p2a: Toxapex|[from]lockedmove
|-damage|p2a: Toxapex|21/100
|
|-heal|p1a: Gyarados|100/100 brn|[from] item: Leftovers
|-damage|p1a: Gyarados|94/100 brn|[from] brn
|upkeep
|turn|32
|
|t:|1653456908
|move|p1a: Gyarados|Earthquake|p2a: Toxapex
|-supereffective|p2a: Toxapex
|-crit|p2a: Toxapex
|-damage|p2a: Toxapex|0 fnt
|faint|p2a: Toxapex
|-ability|p1a: Gyarados|Moxie|boost
|-boost|p1a: Gyarados|atk|1
|
|-heal|p1a: Gyarados|100/100 brn|[from] item: Leftovers
|-damage|p1a: Gyarados|94/100 brn|[from] brn
|upkeep
|
|t:|1653456912
|switch|p2a: Ditto|Ditto|100/100
|-transform|p2a: Ditto|p1a: Gyarados|[from] ability: Imposter
|turn|33
|
|t:|1653456919
|move|p2a: Ditto|Waterfall|p1a: Gyarados
|-resisted|p1a: Gyarados
|-damage|p1a: Gyarados|21/100 brn
|move|p1a: Gyarados|Bounce||[still]
|-prepare|p1a: Gyarados|Bounce
|
|-heal|p1a: Gyarados|27/100 brn|[from] item: Leftovers
|-damage|p1a: Gyarados|21/100 brn|[from] brn
|upkeep
|turn|34
|
|t:|1653456934
|switch|p2a: Chansey|Chansey, F|100/100
|move|p1a: Gyarados|Bounce|p2a: Chansey|[from]lockedmove
|-damage|p2a: Chansey|63/100
|-status|p2a: Chansey|par
|
|-heal|p1a: Gyarados|27/100 brn|[from] item: Leftovers
|-damage|p1a: Gyarados|21/100 brn|[from] brn
|upkeep
|turn|35
|
|t:|1653456942
|move|p1a: Gyarados|Waterfall|p2a: Chansey
|-damage|p2a: Chansey|29/100 par
|cant|p2a: Chansey|flinch
|
|-heal|p1a: Gyarados|27/100 brn|[from] item: Leftovers
|-damage|p1a: Gyarados|21/100 brn|[from] brn
|upkeep
|turn|36
|
|t:|1653456949
|move|p1a: Gyarados|Waterfall|p2a: Chansey
|-damage|p2a: Chansey|0 fnt
|faint|p2a: Chansey
|-ability|p1a: Gyarados|Moxie|boost
|-boost|p1a: Gyarados|atk|1
|
|-heal|p1a: Gyarados|27/100 brn|[from] item: Leftovers
|-damage|p1a: Gyarados|21/100 brn|[from] brn
|upkeep
|
|t:|1653456952
|switch|p2a: Ditto|Ditto|100/100
|-transform|p2a: Ditto|p1a: Gyarados|[from] ability: Imposter
|turn|37
|
|t:|1653456960
|move|p2a: Ditto|Waterfall|p1a: Gyarados
|-resisted|p1a: Gyarados
|-damage|p1a: Gyarados|0 fnt
|faint|p1a: Gyarados
|-ability|p2a: Ditto|Moxie|boost
|-boost|p2a: Ditto|atk|1
|
|upkeep
|
|t:|1653456966
|switch|p1a: Klefki|Klefki, F|61/100 par
|turn|38
|
|t:|1653456968
|move|p1a: Klefki|Thunder Wave|p2a: Ditto
|-status|p2a: Ditto|par
|move|p2a: Ditto|Waterfall|p1a: Klefki
|-damage|p1a: Klefki|0 fnt
|faint|p1a: Klefki
|-ability|p2a: Ditto|Moxie|boost
|-boost|p2a: Ditto|atk|1
|
|upkeep
|
|t:|1653456975
|switch|p1a: Ninetales|Ninetales-Alola, F|100/100
|-weather|Hail|[from] ability: Snow Warning|[of] p1a: Ninetales
|turn|39
|
|t:|1653456979
|move|p2a: Ditto|Waterfall|p1a: Ninetales
|-damage|p1a: Ninetales|0 fnt
|faint|p1a: Ninetales
|
|-weather|Hail|[upkeep]
|-damage|p2a: Ditto|94/100 par|[from] Hail
|upkeep
|
|t:|1653456984
|switch|p1a: Steelix|Steelix, M, shiny|100/100
|turn|40
|c|☆huehuekk|boost more
|
|t:|1653456987
|move|p2a: Ditto|Waterfall|p1a: Steelix
|-supereffective|p1a: Steelix
|-ability|p1a: Steelix|Sturdy
|-damage|p1a: Steelix|1/100
|move|p1a: Steelix|Iron Defense|p1a: Steelix
|-boost|p1a: Steelix|def|2
|
|-weather|Hail|[upkeep]
|-damage|p2a: Ditto|88/100 par|[from] Hail
|-damage|p1a: Steelix|0 fnt|[from] Hail
|faint|p1a: Steelix
|
|win|huehuekk
|upkeep
|raw|Steelix Fusion's rating: 1582 &rarr; <strong>1563</strong><br />(-19 for losing)
|raw|huehuekk's rating: 1596 &rarr; <strong>1615</strong><br />(+19 for winning)
|c|☆Steelix Fusion|only losers use ditto
|c|☆Steelix Fusion|thats why
|c|☆huehuekk|u the loser
|c|☆Steelix Fusion|ur a bottom dweller
|c|☆huehuekk|dumasss settin up
|c|☆Steelix Fusion|pathetic bitch
|l|☆Steelix Fusion
|c|☆huehuekk|tard
