|raw|<div class="broadcast-blue"><strong>This battle is required to be public due to a player having a name starting with 'btlt200'.</div>
|j|☆BTLT200$ SF'
|j|☆StreaMoustache
|t:|1668181348
|gametype|singles
|player|p1|BTLT200$ SF'|palmer|
|player|p2|StreaMoustache|li|
|teamsize|p1|6
|teamsize|p2|6
|gen|8
|tier|[Gen 8] OU
|rule|Sleep Clause Mod: Limit one foe put to sleep
|rule|Species Clause: Limit one of each Pokémon
|rule|OHKO Clause: OHKO moves are banned
|rule|Evasion Items Clause: Evasion items are banned
|rule|Evasion Moves Clause: Evasion moves are banned
|rule|Endless Battle Clause: Forcing endless battles is banned
|rule|HP Percentage Mod: HP is shown in percentages
|rule|Dynamax Clause: You cannot dynamax
|clearpoke
|poke|p1|Eldegoss, M|
|poke|p1|Slowbro-Galar, M|
|poke|p1|Weezing-Galar, F|
|poke|p1|Runerigus, M|
|poke|p1|Zarude-Dada|
|poke|p1|Glastrier|
|poke|p2|Thievul, M|
|poke|p2|Regieleki|
|poke|p2|Copperajah, F|
|poke|p2|Slowbro-Galar, M|
|poke|p2|Runerigus, F|
|poke|p2|Appletun, F|
|teampreview
|inactive|Battle timer is ON: inactive players will automatically lose when time's up. (requested by BTLT200$ SF')
|
|t:|1668181363
|start
|switch|p1a: Runerigus|Runerigus, M|100/100
|switch|p2a: Appletun|Appletun, F|100/100
|turn|1
|
|t:|1668181371
|move|p2a: Appletun|Apple Acid|p1a: Runerigus
|-supereffective|p1a: Runerigus
|-damage|p1a: Runerigus|61/100
|-unboost|p1a: Runerigus|spd|1
|move|p1a: Runerigus|Stealth Rock|p2a: Appletun
|-sidestart|p2: StreaMoustache|move: Stealth Rock
|
|-heal|p1a: Runerigus|67/100|[from] item: Leftovers
|upkeep
|turn|2
|
|t:|1668181381
|switch|p1a: Eldegoss|Eldegoss, M|100/100
|switch|p2a: Slowbro|Slowbro-Galar, M|100/100
|-damage|p2a: Slowbro|88/100|[from] Stealth Rock
|
|upkeep
|turn|3
|
|t:|1668181391
|switch|p1a: Glastrier|Glastrier|100/100
|move|p2a: Slowbro|Future Sight|p1a: Glastrier
|-start|p2a: Slowbro|move: Future Sight
|
|upkeep
|turn|4
|
|t:|1668181403
|move|p1a: Glastrier|Icicle Spear|p2a: Slowbro
|-damage|p2a: Slowbro|74/100
|-damage|p2a: Slowbro|61/100
|-hitcount|p2a: Slowbro|2
|move|p2a: Slowbro|Flamethrower|p1a: Glastrier
|-supereffective|p1a: Glastrier
|-damage|p1a: Glastrier|56/100
|-status|p1a: Glastrier|brn
|
|-heal|p1a: Glastrier|62/100 brn|[from] item: Leftovers
|-damage|p1a: Glastrier|56/100 brn|[from] brn
|upkeep
|turn|5
|
|t:|1668181421
|switch|p1a: Eldegoss|Eldegoss, M|100/100
|switch|p2a: Regieleki|Regieleki|100/100
|
|-end|p1a: Eldegoss|move: Future Sight
|-damage|p1a: Eldegoss|75/100
|upkeep
|turn|6
|
|t:|1668181426
|switch|p1a: Runerigus|Runerigus, M|67/100
|move|p2a: Regieleki|Rapid Spin|p1a: Runerigus
|-immune|p1a: Runerigus
|
|-heal|p1a: Runerigus|74/100|[from] item: Leftovers
|upkeep
|turn|7
|
|t:|1668181433
|switch|p2a: Thievul|Thievul, M|100/100
|-damage|p2a: Thievul|88/100|[from] Stealth Rock
|move|p1a: Runerigus|Will-O-Wisp|p2a: Thievul
|-status|p2a: Thievul|brn
|
|-heal|p1a: Runerigus|80/100|[from] item: Leftovers
|-damage|p2a: Thievul|82/100 brn|[from] brn
|upkeep
|turn|8
|
|t:|1668181443
|switch|p1a: Weezing|Weezing-Galar, F|100/100
|move|p2a: Thievul|Burning Jealousy|p1a: Weezing
|-damage|p1a: Weezing|23/100
|
|-damage|p2a: Thievul|76/100 brn|[from] brn
|upkeep
|turn|9
|
|t:|1668181461
|switch|p1a: Eldegoss|Eldegoss, M|100/100
|move|p2a: Thievul|Burning Jealousy|p1a: Eldegoss
|-supereffective|p1a: Eldegoss
|-damage|p1a: Eldegoss|51/100
|
|-damage|p2a: Thievul|70/100 brn|[from] brn
|upkeep
|turn|10
|l|☆StreaMoustache
|inactive|StreaMoustache disconnected and has 300 seconds to reconnect!
|player|p2|
|j|☆StreaMoustache
|inactive|StreaMoustache reconnected and has 300 seconds left.
|player|p2|StreaMoustache|li
|
|t:|1668181493
|switch|p2a: Appletun|Appletun, F|100/100
|-damage|p2a: Appletun|88/100|[from] Stealth Rock
|switch|p1a: Slowbro|Slowbro-Galar, M|100/100
|
|-heal|p2a: Appletun|94/100|[from] item: Leftovers
|upkeep
|turn|11
|
|t:|1668181504
|switch|p2a: Slowbro|Slowbro-Galar, M|94/100
|-damage|p2a: Slowbro|81/100|[from] Stealth Rock
|move|p1a: Slowbro|Calm Mind|p1a: Slowbro
|-boost|p1a: Slowbro|spa|1
|-boost|p1a: Slowbro|spd|1
|
|upkeep
|turn|12
|
|t:|1668181510
|move|p2a: Slowbro|Psyshock|p1a: Slowbro
|-damage|p1a: Slowbro|78/100
|move|p1a: Slowbro|Calm Mind|p1a: Slowbro
|-boost|p1a: Slowbro|spa|1
|-boost|p1a: Slowbro|spd|1
|
|upkeep
|turn|13
|
|t:|1668181521
|switch|p2a: Copperajah|Copperajah, F|100/100
|-damage|p2a: Copperajah|94/100|[from] Stealth Rock
|move|p1a: Slowbro|Iron Defense|p1a: Slowbro
|-boost|p1a: Slowbro|def|2
|
|upkeep
|turn|14
|
|t:|1668181526
|move|p2a: Copperajah|Heavy Slam|p1a: Slowbro
|-damage|p1a: Slowbro|53/100
|-damage|p2a: Copperajah|78/100|[from] item: Rocky Helmet|[of] p1a: Slowbro
|move|p1a: Slowbro|Slack Off|p1a: Slowbro
|-heal|p1a: Slowbro|100/100
|
|upkeep
|turn|15
|
|t:|1668181530
|move|p2a: Copperajah|Heavy Slam|p1a: Slowbro
|-damage|p1a: Slowbro|77/100
|-damage|p2a: Copperajah|61/100|[from] item: Rocky Helmet|[of] p1a: Slowbro
|move|p1a: Slowbro|Calm Mind|p1a: Slowbro
|-boost|p1a: Slowbro|spa|1
|-boost|p1a: Slowbro|spd|1
|
|upkeep
|turn|16
|c|☆StreaMoustache|ah ouais le truc maudit
|c|☆BTLT200$ SF'|:')
|inactive|StreaMoustache has 270 seconds left.
|c|☆StreaMoustache|en vrai c'est le pire set quand t'as zarude dans le mera
|c|☆StreaMoustache|*meta
|
|t:|1668181579
|move|p2a: Copperajah|Heavy Slam|p1a: Slowbro
|-damage|p1a: Slowbro|54/100
|-damage|p2a: Copperajah|44/100|[from] item: Rocky Helmet|[of] p1a: Slowbro
|move|p1a: Slowbro|Sludge Bomb|p2a: Copperajah
|-immune|p2a: Copperajah
|
|upkeep
|turn|17
|
|t:|1668181582
|move|p2a: Copperajah|Heavy Slam|p1a: Slowbro
|-damage|p1a: Slowbro|30/100
|-damage|p2a: Copperajah|28/100|[from] item: Rocky Helmet|[of] p1a: Slowbro
|move|p1a: Slowbro|Slack Off|p1a: Slowbro
|-heal|p1a: Slowbro|80/100
|
|upkeep
|turn|18
|
|t:|1668181586
|move|p2a: Copperajah|Stone Edge|p1a: Slowbro
|-damage|p1a: Slowbro|68/100
|move|p1a: Slowbro|Calm Mind|p1a: Slowbro
|-boost|p1a: Slowbro|spa|1
|-boost|p1a: Slowbro|spd|1
|
|upkeep
|turn|19
|
|t:|1668181591
|move|p2a: Copperajah|Stone Edge|p1a: Slowbro
|-damage|p1a: Slowbro|56/100
|move|p1a: Slowbro|Slack Off|p1a: Slowbro
|-heal|p1a: Slowbro|100/100
|
|upkeep
|turn|20
|
|t:|1668181595
|move|p2a: Copperajah|Stone Edge|p1a: Slowbro|[miss]
|-miss|p2a: Copperajah|p1a: Slowbro
|move|p1a: Slowbro|Calm Mind|p1a: Slowbro
|-boost|p1a: Slowbro|spa|1
|-boost|p1a: Slowbro|spd|1
|
|upkeep
|turn|21
|
|t:|1668181597
|move|p2a: Copperajah|Stone Edge|p1a: Slowbro
|-damage|p1a: Slowbro|88/100
|move|p1a: Slowbro|Calm Mind|p1a: Slowbro
|-boost|p1a: Slowbro|spa|1
|-boost|p1a: Slowbro|spd|1
|
|upkeep
|turn|22
|
|t:|1668181600
|move|p2a: Copperajah|Stone Edge|p1a: Slowbro
|-damage|p1a: Slowbro|75/100
|move|p1a: Slowbro|Iron Defense|p1a: Slowbro
|-boost|p1a: Slowbro|def|2
|
|upkeep
|turn|23
|
|t:|1668181602
|move|p2a: Copperajah|Stone Edge|p1a: Slowbro
|-damage|p1a: Slowbro|67/100
|move|p1a: Slowbro|Iron Defense|p1a: Slowbro
|-boost|p1a: Slowbro|def|2
|
|upkeep
|turn|24
|
|t:|1668181606
|move|p2a: Copperajah|Stone Edge|p1a: Slowbro
|-damage|p1a: Slowbro|60/100
|move|p1a: Slowbro|Slack Off|p1a: Slowbro
|-heal|p1a: Slowbro|100/100
|
|upkeep
|turn|25
|
|t:|1668181609
|move|p2a: Copperajah|Stone Edge|p1a: Slowbro|[miss]
|-miss|p2a: Copperajah|p1a: Slowbro
|move|p1a: Slowbro|Calm Mind|p1a: Slowbro
|-boost|p1a: Slowbro|spa|0
|-boost|p1a: Slowbro|spd|0
|
|upkeep
|turn|26
|
|t:|1668181612
|move|p2a: Copperajah|Superpower|p1a: Slowbro
|-resisted|p1a: Slowbro
|-damage|p1a: Slowbro|98/100
|-unboost|p2a: Copperajah|atk|1
|-unboost|p2a: Copperajah|def|1
|-damage|p2a: Copperajah|11/100|[from] item: Rocky Helmet|[of] p1a: Slowbro
|move|p1a: Slowbro|Sludge Bomb|p2a: Copperajah
|-immune|p2a: Copperajah
|
|upkeep
|turn|27
|
|t:|1668181618
|move|p2a: Copperajah|Power Whip|p1a: Slowbro
|-resisted|p1a: Slowbro
|-damage|p1a: Slowbro|96/100
|-damage|p2a: Copperajah|0 fnt|[from] item: Rocky Helmet|[of] p1a: Slowbro
|faint|p2a: Copperajah
|move|p1a: Slowbro|Slack Off|p1a: Slowbro
|-heal|p1a: Slowbro|100/100
|
|upkeep
|
|t:|1668181620
|switch|p2a: Thievul|Thievul, M|70/100 brn
|-damage|p2a: Thievul|57/100 brn|[from] Stealth Rock
|turn|28
|
|t:|1668181622
|move|p2a: Thievul|Dark Pulse|p1a: Slowbro
|-supereffective|p1a: Slowbro
|-damage|p1a: Slowbro|71/100
|move|p1a: Slowbro|Sludge Bomb|p2a: Thievul
|-damage|p2a: Thievul|0 fnt
|faint|p2a: Thievul
|
|upkeep
|
|t:|1668181630
|switch|p2a: Regieleki|Regieleki|100/100
|turn|29
|
|t:|1668181633
|move|p2a: Regieleki|Thunderbolt|p1a: Slowbro
|-damage|p1a: Slowbro|53/100
|move|p1a: Slowbro|Sludge Bomb|p2a: Regieleki
|-damage|p2a: Regieleki|0 fnt
|faint|p2a: Regieleki
|
|upkeep
|
|t:|1668181636
|switch|p2a: Appletun|Appletun, F|94/100
|-damage|p2a: Appletun|82/100|[from] Stealth Rock
|turn|30
|
|t:|1668181637
|move|p2a: Appletun|Iron Defense|p2a: Appletun
|-boost|p2a: Appletun|def|2
|move|p1a: Slowbro|Sludge Bomb|p2a: Appletun
|-supereffective|p2a: Appletun
|-damage|p2a: Appletun|0 fnt
|faint|p2a: Appletun
|
|upkeep
|
|t:|1668181642
|switch|p2a: Slowbro|Slowbro-Galar, M|100/100
|-damage|p2a: Slowbro|88/100|[from] Stealth Rock
|turn|31
|
|t:|1668181644
|move|p2a: Slowbro|Psyshock|p1a: Slowbro
|-damage|p1a: Slowbro|47/100
|move|p1a: Slowbro|Sludge Bomb|p2a: Slowbro
|-resisted|p2a: Slowbro
|-damage|p2a: Slowbro|13/100
|
|upkeep
|turn|32
|
|t:|1668181649
|move|p1a: Slowbro|Sludge Bomb|p2a: Slowbro
|-resisted|p2a: Slowbro
|-damage|p2a: Slowbro|0 fnt
|faint|p2a: Slowbro
|
|upkeep
|c|☆BTLT200$ SF'|gg
|
|t:|1668181651
|switch|p2a: Runerigus|Runerigus, F|100/100
|-damage|p2a: Runerigus|94/100|[from] Stealth Rock
|turn|33
|c|☆StreaMoustache|gg
|
|t:|1668181655
|move|p2a: Runerigus|Earthquake|p1a: Slowbro
|-supereffective|p1a: Slowbro
|-damage|p1a: Slowbro|36/100
|move|p1a: Slowbro|Sludge Bomb|p2a: Runerigus
|-resisted|p2a: Runerigus
|-damage|p2a: Runerigus|65/100
|
|upkeep
|turn|34
|
|t:|1668181658
|move|p2a: Runerigus|Earthquake|p1a: Slowbro
|-supereffective|p1a: Slowbro
|-damage|p1a: Slowbro|25/100
|move|p1a: Slowbro|Sludge Bomb|p2a: Runerigus
|-resisted|p2a: Runerigus
|-damage|p2a: Runerigus|31/100
|
|upkeep
|turn|35
|
|t:|1668181661
|move|p2a: Runerigus|Earthquake|p1a: Slowbro
|-supereffective|p1a: Slowbro
|-damage|p1a: Slowbro|14/100
|move|p1a: Slowbro|Sludge Bomb|p2a: Runerigus
|-resisted|p2a: Runerigus
|-damage|p2a: Runerigus|0 fnt
|faint|p2a: Runerigus
|
|win|BTLT200$ SF'
|l|☆StreaMoustache
