|html|<div class="broadcast-blue"><strong>[Gen 8] OU is currently suspecting Urshifu-S! For information on how to participate check out the <a href="https://www.smogon.com/forums/threads/np-ss-ou-suspect-process-round-8-aint-no-rest-for-the-wicked.3675310/">suspect thread</a>.</strong></div>
|j|☆sht tester
|j|☆wsdfg
|t:|1609637206
|player|p1|sht tester|oak-gen1|1861
|player|p2|wsdfg|burglar|1858
|teamsize|p1|6
|teamsize|p2|6
|gametype|singles
|gen|8
|tier|[Gen 8] OU
|rated|
|clearpoke
|poke|p1|Tornadus-Therian, M|
|poke|p1|Pelipper, M|
|poke|p1|Seismitoad, M|
|poke|p1|Crawdaunt, F|
|poke|p1|Ferrothorn, M|
|poke|p1|Magearna-Original|
|poke|p2|Garchomp, M|
|poke|p2|Clefable, F|
|poke|p2|Landorus-Therian, M|
|poke|p2|Tyranitar, M|
|poke|p2|Spectrier|
|poke|p2|Volcarona, M|
|rule|Sleep Clause Mod: Limit one foe put to sleep
|rule|Species Clause: Limit one of each Pokémon
|rule|OHKO Clause: OHKO moves are banned
|rule|Evasion Moves Clause: Evasion moves are banned
|rule|Endless Battle Clause: Forcing endless battles is banned
|rule|HP Percentage Mod: HP is shown in percentages
|rule|Dynamax Clause: You cannot dynamax
|teampreview
|
|t:|1609637224
|start
|switch|p1a: Pelipper|Pelipper, M|100/100
|switch|p2a: Spectrier|Spectrier|100/100
|-weather|RainDance|[from] ability: Drizzle|[of] p1a: Pelipper
|turn|1
|j| BabyPigsAreLaughin
|j| TheCodeTroll
|j| outw lool
|inactive|Battle timer is ON: inactive players will automatically lose when time's up. (requested by sht tester)
|
|t:|1609637251
|switch|p1a: Ferrothorn|Ferrothorn, M|100/100
|move|p2a: Spectrier|Shadow Ball|p1a: Ferrothorn
|-damage|p1a: Ferrothorn|59/100
|
|-weather|RainDance|[upkeep]
|-heal|p1a: Ferrothorn|66/100|[from] item: Leftovers
|upkeep
|turn|2
|
|t:|1609637258
|move|p2a: Spectrier|Shadow Ball|p1a: Ferrothorn
|-damage|p1a: Ferrothorn|20/100
|-unboost|p1a: Ferrothorn|spd|1
|move|p1a: Ferrothorn|Stealth Rock|p2a: Spectrier
|-sidestart|p2: wsdfg|move: Stealth Rock
|
|-weather|RainDance|[upkeep]
|-heal|p1a: Ferrothorn|26/100|[from] item: Leftovers
|upkeep
|turn|3
|
|t:|1609637263
|move|p2a: Spectrier|Shadow Ball|p1a: Ferrothorn
|-damage|p1a: Ferrothorn|0 fnt
|faint|p1a: Ferrothorn
|-ability|p2a: Spectrier|Grim Neigh|boost
|-boost|p2a: Spectrier|spa|1
|
|-weather|RainDance|[upkeep]
|upkeep
|
|t:|1609637265
|switch|p1a: Seismitoad|Seismitoad, M|100/100
|turn|4
|
|t:|1609637269
|switch|p2a: Tyranitar|Tyranitar, M|100/100
|-damage|p2a: Tyranitar|88/100|[from] Stealth Rock
|-weather|Sandstorm|[from] ability: Sand Stream|[of] p2a: Tyranitar
|move|p1a: Seismitoad|Hydro Pump|p2a: Tyranitar
|-supereffective|p2a: Tyranitar
|-damage|p2a: Tyranitar|29/100
|
|-weather|Sandstorm|[upkeep]
|-heal|p2a: Tyranitar|35/100|[from] item: Leftovers
|upkeep
|turn|5
|j| KokoCherryMango
|
|t:|1609637271
|switch|p2a: Clefable|Clefable, F|100/100
|move|p1a: Seismitoad|Hydro Pump|p2a: Clefable
|-damage|p2a: Clefable|53/100
|
|-weather|Sandstorm|[upkeep]
|-heal|p2a: Clefable|59/100|[from] item: Leftovers
|upkeep
|turn|6
|
|t:|1609637275
|switch|p1a: Magearna|Magearna-Original|100/100
|move|p2a: Clefable|Knock Off|p1a: Magearna
|-resisted|p1a: Magearna
|-damage|p1a: Magearna|94/100
|-enditem|p1a: Magearna|Choice Specs|[from] move: Knock Off|[of] p2a: Clefable
|
|-weather|Sandstorm|[upkeep]
|-heal|p2a: Clefable|65/100|[from] item: Leftovers
|upkeep
|turn|7
|
|t:|1609637284
|move|p2a: Clefable|Protect|p2a: Clefable
|-singleturn|p2a: Clefable|Protect
|move|p1a: Magearna|Flash Cannon|p2a: Clefable
|-activate|p2a: Clefable|move: Protect
|
|-weather|Sandstorm|[upkeep]
|-heal|p2a: Clefable|71/100|[from] item: Leftovers
|upkeep
|turn|8
|
|t:|1609637288
|switch|p2a: Garchomp|Garchomp, M|100/100
|-damage|p2a: Garchomp|94/100|[from] Stealth Rock
|move|p1a: Magearna|Flash Cannon|p2a: Garchomp
|-damage|p2a: Garchomp|40/100
|
|-weather|none
|upkeep
|turn|9
|
|t:|1609637298
|move|p2a: Garchomp|Swords Dance|p2a: Garchomp
|-boost|p2a: Garchomp|atk|2
|move|p1a: Magearna|Flash Cannon|p2a: Garchomp
|-damage|p2a: Garchomp|0 fnt
|faint|p2a: Garchomp
|-ability|p1a: Magearna|Soul-Heart|boost
|-boost|p1a: Magearna|spa|1
|
|upkeep
|
|t:|1609637301
|switch|p2a: Volcarona|Volcarona, M|100/100
|turn|10
|
|t:|1609637304
|move|p2a: Volcarona|Fiery Dance|p1a: Magearna
|-supereffective|p1a: Magearna
|-damage|p1a: Magearna|21/100
|move|p1a: Magearna|Volt Switch|p2a: Volcarona
|-damage|p2a: Volcarona|55/100
|
|t:|1609637306
|switch|p1a: Pelipper|Pelipper, M|100/100|[from]move: Volt Switch
|-weather|RainDance|[from] ability: Drizzle|[of] p1a: Pelipper
|
|-weather|RainDance|[upkeep]
|upkeep
|turn|11
|j| CooCooGin
|
|t:|1609637311
|switch|p2a: Tyranitar|Tyranitar, M|35/100
|-damage|p2a: Tyranitar|23/100|[from] Stealth Rock
|-weather|Sandstorm|[from] ability: Sand Stream|[of] p2a: Tyranitar
|move|p1a: Pelipper|U-turn|p2a: Tyranitar
|-supereffective|p2a: Tyranitar
|-damage|p2a: Tyranitar|7/100
|j| Metslinmyleg
|j| Vessev
|
|t:|1609637316
|switch|p1a: Magearna|Magearna-Original|21/100|[from]move: U-turn
|
|-weather|Sandstorm|[upkeep]
|-heal|p2a: Tyranitar|13/100|[from] item: Leftovers
|upkeep
|turn|12
|
|t:|1609637325
|move|p1a: Magearna|Fleur Cannon|p2a: Tyranitar
|-supereffective|p2a: Tyranitar
|-damage|p2a: Tyranitar|0 fnt
|-unboost|p1a: Magearna|spa|2
|faint|p2a: Tyranitar
|-ability|p1a: Magearna|Soul-Heart|boost
|-boost|p1a: Magearna|spa|1
|
|-weather|Sandstorm|[upkeep]
|upkeep
|
|t:|1609637329
|switch|p2a: Spectrier|Spectrier|100/100
|-damage|p2a: Spectrier|88/100|[from] Stealth Rock
|turn|13
|
|t:|1609637334
|switch|p1a: Pelipper|Pelipper, M|100/100
|-weather|RainDance|[from] ability: Drizzle|[of] p1a: Pelipper
|move|p2a: Spectrier|Shadow Ball|p1a: Pelipper
|-damage|p1a: Pelipper|0 fnt
|faint|p1a: Pelipper
|-ability|p2a: Spectrier|Grim Neigh|boost
|-boost|p2a: Spectrier|spa|1
|
|-weather|RainDance|[upkeep]
|upkeep
|j| Hugs4drugs
|
|t:|1609637337
|switch|p1a: Seismitoad|Seismitoad, M|100/100
|turn|14
|
|t:|1609637343
|switch|p2a: Clefable|Clefable, F|71/100
|move|p1a: Seismitoad|Weather Ball|p2a: Clefable
|-damage|p2a: Clefable|5/100
|
|-weather|RainDance|[upkeep]
|-heal|p2a: Clefable|11/100|[from] item: Leftovers
|upkeep
|turn|15
|
|t:|1609637349
|move|p2a: Clefable|Protect|p2a: Clefable
|-singleturn|p2a: Clefable|Protect
|move|p1a: Seismitoad|Weather Ball|p2a: Clefable
|-activate|p2a: Clefable|move: Protect
|
|-weather|RainDance|[upkeep]
|-heal|p2a: Clefable|17/100|[from] item: Leftovers
|upkeep
|turn|16
|
|t:|1609637357
|switch|p2a: Volcarona|Volcarona, M|55/100
|move|p1a: Seismitoad|Weather Ball|p2a: Volcarona
|-supereffective|p2a: Volcarona
|-damage|p2a: Volcarona|0 fnt
|faint|p2a: Volcarona
|
|-weather|RainDance|[upkeep]
|upkeep
|
|t:|1609637359
|switch|p2a: Clefable|Clefable, F|17/100
|turn|17
|
|t:|1609637361
|move|p2a: Clefable|Protect|p2a: Clefable
|-singleturn|p2a: Clefable|Protect
|move|p1a: Seismitoad|Weather Ball|p2a: Clefable
|-activate|p2a: Clefable|move: Protect
|
|-weather|RainDance|[upkeep]
|-heal|p2a: Clefable|23/100|[from] item: Leftovers
|upkeep
|turn|18
|j| Pinderberry
|
|t:|1609637364
|move|p1a: Seismitoad|Weather Ball|p2a: Clefable
|-damage|p2a: Clefable|0 fnt
|faint|p2a: Clefable
|
|-weather|RainDance|[upkeep]
|upkeep
|
|t:|1609637366
|switch|p2a: Landorus|Landorus-Therian, M|100/100
|-damage|p2a: Landorus|88/100|[from] Stealth Rock
|-ability|p2a: Landorus|Intimidate|boost
|-unboost|p1a: Seismitoad|atk|1
|turn|19
|
|t:|1609637368
|move|p2a: Landorus|Protect|p2a: Landorus
|-singleturn|p2a: Landorus|Protect
|move|p1a: Seismitoad|Weather Ball|p2a: Landorus
|-activate|p2a: Landorus|move: Protect
|
|-weather|RainDance|[upkeep]
|-heal|p2a: Landorus|94/100|[from] item: Leftovers
|upkeep
|turn|20
|
|t:|1609637390
|switch|p1a: Magearna|Magearna-Original|21/100
|move|p2a: Landorus|Toxic|p1a: Magearna
|-immune|p1a: Magearna
|
|-weather|none
|-heal|p2a: Landorus|99/100|[from] item: Leftovers
|upkeep
|turn|21
|
|t:|1609637397
|move|p2a: Landorus|Earthquake|p1a: Magearna
|-supereffective|p1a: Magearna
|-damage|p1a: Magearna|0 fnt
|faint|p1a: Magearna
|
|-heal|p2a: Landorus|100/100|[from] item: Leftovers
|upkeep
|
|t:|1609637407
|switch|p1a: Seismitoad|Seismitoad, M|100/100
|turn|22
|j| 6f
|
|t:|1609637412
|move|p1a: Seismitoad|Icy Wind|p2a: Landorus
|-supereffective|p2a: Landorus
|-damage|p2a: Landorus|6/100
|-unboost|p2a: Landorus|spe|1
|move|p2a: Landorus|Earthquake|p1a: Seismitoad
|-crit|p1a: Seismitoad
|-damage|p1a: Seismitoad|14/100
|
|-heal|p2a: Landorus|12/100|[from] item: Leftovers
|upkeep
|turn|23
|j| ProseBeforeHos
|
|t:|1609637418
|switch|p1a: Tornadus|Tornadus-Therian, M|100/100
|move|p2a: Landorus|Earthquake|p1a: Tornadus
|-immune|p1a: Tornadus
|
|-heal|p2a: Landorus|18/100|[from] item: Leftovers
|upkeep
|turn|24
|
|t:|1609637424
|move|p1a: Tornadus|Hurricane|p2a: Landorus|[miss]
|-miss|p1a: Tornadus|p2a: Landorus
|move|p2a: Landorus|Toxic|p1a: Tornadus
|-status|p1a: Tornadus|tox
|
|-heal|p2a: Landorus|24/100|[from] item: Leftovers
|-damage|p1a: Tornadus|94/100 tox|[from] psn
|upkeep
|turn|25
|
|t:|1609637428
|switch|p1a: Crawdaunt|Crawdaunt, F|100/100
|move|p2a: Landorus|Protect||[still]
|-fail|p2a: Landorus
|
|-heal|p2a: Landorus|30/100|[from] item: Leftovers
|upkeep
|turn|26
|
|t:|1609637430
|move|p1a: Crawdaunt|Aqua Jet|p2a: Landorus
|-supereffective|p2a: Landorus
|-damage|p2a: Landorus|0 fnt
|faint|p2a: Landorus
|
|upkeep
|
|t:|1609637432
|switch|p2a: Spectrier|Spectrier|88/100
|-damage|p2a: Spectrier|76/100|[from] Stealth Rock
|turn|27
|
|t:|1609637435
|move|p1a: Crawdaunt|Aqua Jet|p2a: Spectrier
|-damage|p2a: Spectrier|13/100
|move|p2a: Spectrier|Shadow Ball|p1a: Crawdaunt
|-resisted|p1a: Crawdaunt
|-damage|p1a: Crawdaunt|32/100
|
|upkeep
|turn|28
|
|t:|1609637437
|move|p1a: Crawdaunt|Aqua Jet|p2a: Spectrier
|-damage|p2a: Spectrier|0 fnt
|faint|p2a: Spectrier
|
|win|sht tester
|l|☆wsdfg
|l|☆sht tester
|l| Metslinmyleg
|raw|sht tester's rating: 1870 &rarr; <strong>1889</strong><br />(+19 for winning)
|raw|wsdfg's rating: 1858 &rarr; <strong>1838</strong><br />(-20 for losing)
|l| 6f
|l| CooCooGin
|l| TheCodeTroll
|l| Vessev
|j| Vessev
