|html|<div class="broadcast-blue"><strong>[Gen 8] OU is currently suspecting Melmetal! For information on how to participate check out the <a href="https://www.smogon.com/forums/threads/np-ss-ou-suspect-process-round-12-monster-mash.3709234/">suspect thread</a>.</strong></div>
|j|☆vkhss
|j|☆Highv0ltag3
|inactive|Battle timer is ON: inactive players will automatically lose when time's up.
|t:|1665926500
|gametype|singles
|player|p1|vkhss|clemont|
|player|p2|Highv0ltag3|volo|
|teamsize|p1|6
|teamsize|p2|6
|gen|8
|tier|[Gen 8] OU
|rated|Tournament battle
|rule|Sleep Clause Mod: Limit one foe put to sleep
|rule|Species Clause: Limit one of each Pokémon
|rule|OHKO Clause: OHKO moves are banned
|rule|Evasion Items Clause: Evasion items are banned
|rule|Evasion Moves Clause: Evasion moves are banned
|rule|Endless Battle Clause: Forcing endless battles is banned
|rule|HP Percentage Mod: HP is shown in percentages
|rule|Dynamax Clause: You cannot dynamax
|clearpoke
|poke|p1|Slowking-Galar, F|
|poke|p1|Rillaboom, F|
|poke|p1|Kartana|
|poke|p1|Landorus-Therian, M|
|poke|p1|Heatran, F|
|poke|p1|Volcarona, F|
|poke|p2|Ferrothorn, M|
|poke|p2|Slowking-Galar, M|
|poke|p2|Hydreigon, M|
|poke|p2|Zeraora|
|poke|p2|Tornadus-Therian, M|
|poke|p2|Urshifu-*, F|
|teampreview
|j| Down$pook
|j| Mabej
|c|☆Highv0ltag3|Gl
|j| Kyurem
|j| GengarAdept
|c|☆vkhss|hf
|c|☆vkhss|holy good shit i didnt bring the anti stall team
|c| Mabej|I want a clean match
|c|☆vkhss|lool
|c|☆Highv0ltag3|Ahahaha
|inactive|vkhss has 120 seconds left.
|c|☆Highv0ltag3|I was expecting that
|j|@Sww-Suwa
|c|☆vkhss|i thought of bringing hax sub gengar with umbreon lool
|c|☆Highv0ltag3|LOL
|j| waste yrself
|c| Mabej|Lol
|
|t:|1665926556
|start
|switch|p1a: Rillaboom|Rillaboom, F|100/100
|switch|p2a: Tornadus|Tornadus-Therian, M|100/100
|-fieldstart|move: Grassy Terrain|[from] ability: Grassy Surge|[of] p1a: Rillaboom
|turn|1
|
|t:|1665926563
|switch|p1a: Heatran|Heatran, F|100/100
|move|p2a: Tornadus|Knock Off|p1a: Heatran
|-damage|p1a: Heatran|88/100
|-status|p2a: Tornadus|brn|[from] ability: Flame Body|[of] p1a: Heatran
|-enditem|p1a: Heatran|Leftovers|[from] move: Knock Off|[of] p2a: Tornadus
|
|-heal|p1a: Heatran|95/100|[from] Grassy Terrain
|-damage|p2a: Tornadus|94/100 brn|[from] brn
|upkeep
|turn|2
|
|t:|1665926567
|move|p2a: Tornadus|U-turn|p1a: Heatran
|-resisted|p1a: Heatran
|-damage|p1a: Heatran|94/100
|
|t:|1665926575
|switch|p2a: Hydreigon|Hydreigon, M|100/100|[from]move: U-turn
|move|p1a: Heatran|Nature Power|p2a: Hydreigon
|move|p1a: Heatran|Energy Ball|p2a: Hydreigon|[from]move: Nature Power
|-resisted|p2a: Hydreigon
|-damage|p2a: Hydreigon|85/100
|
|-heal|p2a: Hydreigon|91/100|[from] item: Leftovers
|-heal|p1a: Heatran|99/100|[from] Grassy Terrain
|upkeep
|turn|3
|
|t:|1665926585
|switch|p1a: Landorus|Landorus-Therian, M|100/100
|-ability|p1a: Landorus|Intimidate|boost
|-unboost|p2a: Hydreigon|atk|1
|move|p2a: Hydreigon|Nasty Plot|p2a: Hydreigon
|-boost|p2a: Hydreigon|spa|2
|
|-heal|p2a: Hydreigon|98/100|[from] item: Leftovers
|upkeep
|turn|4
|
|t:|1665926589
|move|p2a: Hydreigon|Dark Pulse|p1a: Landorus
|-damage|p1a: Landorus|41/100
|move|p1a: Landorus|U-turn|p2a: Hydreigon
|-supereffective|p2a: Hydreigon
|-damage|p2a: Hydreigon|57/100
|
|t:|1665926595
|switch|p1a: Spencer|Kartana|100/100|[from]move: U-turn
|
|-heal|p2a: Hydreigon|64/100|[from] item: Leftovers
|upkeep
|turn|5
|
|t:|1665926601
|switch|p2a: Tornadus|Tornadus-Therian, M|100/100 brn
|move|p1a: Spencer|Sacred Sword|p2a: Tornadus
|-resisted|p2a: Tornadus
|-damage|p2a: Tornadus|81/100 brn
|
|-damage|p2a: Tornadus|75/100 brn|[from] brn
|-fieldend|move: Grassy Terrain
|upkeep
|turn|6
|
|t:|1665926605
|switch|p1a: Heatran|Heatran, F|99/100
|move|p2a: Tornadus|U-turn|p1a: Heatran
|-resisted|p1a: Heatran
|-damage|p1a: Heatran|99/100
|
|t:|1665926607
|switch|p2a: Urshifu|Urshifu-Rapid-Strike, F|100/100|[from]move: U-turn
|
|upkeep
|turn|7
|
|t:|1665926616
|move|p2a: Urshifu|Surging Strikes|p1a: Heatran
|-supereffective|p1a: Heatran
|-crit|p1a: Heatran
|-damage|p1a: Heatran|60/100
|-supereffective|p1a: Heatran
|-crit|p1a: Heatran
|-damage|p1a: Heatran|24/100
|-supereffective|p1a: Heatran
|-crit|p1a: Heatran
|-damage|p1a: Heatran|0 fnt
|faint|p1a: Heatran
|-hitcount|p1: Heatran|3
|
|upkeep
|c| Down$pook|0%
|c| Down$pook|goat
|
|t:|1665926623
|switch|p1a: Rillaboom|Rillaboom, F|100/100
|-fieldstart|move: Grassy Terrain|[from] ability: Grassy Surge|[of] p1a: Rillaboom
|turn|8
|c| waste yrself|gg
|c|☆vkhss|gg
|
|t:|1665926641
|switch|p2a: Slowking|Slowking-Galar, M|100/100
|move|p1a: Rillaboom|Swords Dance|p1a: Rillaboom
|-boost|p1a: Rillaboom|atk|2
|
|upkeep
|turn|9
|
|t:|1665926647
|move|p1a: Rillaboom|Acrobatics|p2a: Slowking
|-damage|p2a: Slowking|45/100
|-damage|p1a: Rillaboom|91/100|[from] item: Life Orb
|move|p2a: Slowking|Sludge Bomb|p1a: Rillaboom
|-supereffective|p1a: Rillaboom
|-damage|p1a: Rillaboom|0 fnt
|faint|p1a: Rillaboom
|
|-heal|p2a: Slowking|51/100|[from] Grassy Terrain
|upkeep
|c|☆Highv0ltag3|Ah no knock
|c|☆Highv0ltag3|Rip
|c| Down$pook|Damn my set just screwed u over
|c|☆Highv0ltag3|Volc can win but I doubt
|c| Down$pook|sry vkhss
|inactive|vkhss has 120 seconds left.
|c|☆vkhss|shifu won anyways
|c|☆vkhss|nws i thoight u would be feared of knock
|
|t:|1665926691
|switch|p1a: Slowking|Slowking-Galar, F|100/100
|turn|10
|c|☆Highv0ltag3|Tbh if shifu got burnt on tran volc won
|c|☆vkhss|ye
|
|t:|1665926700
|switch|p2a: Hydreigon|Hydreigon, M|64/100
|move|p1a: Slowking|Nasty Plot|p1a: Slowking
|-boost|p1a: Slowking|spa|2
|
|-heal|p2a: Hydreigon|70/100|[from] item: Leftovers
|upkeep
|turn|11
|c|☆vkhss|thats what i was going for
|inactive|vkhss has 120 seconds left.
|
|t:|1665926709
|move|p2a: Hydreigon|Dark Pulse|p1a: Slowking
|-supereffective|p1a: Slowking
|-enditem|p1a: Slowking|Colbur Berry|[eat]
|-enditem|p1a: Slowking|Colbur Berry|[weaken]
|-damage|p1a: Slowking|62/100
|move|p1a: Slowking|Sludge Bomb|p2a: Hydreigon
|-damage|p2a: Hydreigon|0 fnt
|faint|p2a: Hydreigon
|
|-heal|p1a: Slowking|68/100|[from] Grassy Terrain
|upkeep
|c|☆vkhss|chance?
|
|t:|1665926722
|switch|p2a: Zeraora|Zeraora|100/100
|turn|12
|c|☆Highv0ltag3|Ye this will give me some trouble
|
|t:|1665926735
|move|p2a: Zeraora|Plasma Fists|p1a: Slowking
|-damage|p1a: Slowking|15/100
|-fieldactivate|move: Ion Deluge
|-hint|Normal-type moves become Electric-type after using Plasma Fists.
|move|p1a: Slowking|Sludge Bomb|p2a: Zeraora
|-damage|p2a: Zeraora|0 fnt
|faint|p2a: Zeraora
|
|-heal|p1a: Slowking|21/100|[from] Grassy Terrain
|-fieldend|move: Grassy Terrain
|upkeep
|
|t:|1665926738
|switch|p2a: Urshifu|Urshifu-Rapid-Strike, F|100/100
|turn|13
|
|t:|1665926742
|switch|p1a: Spencer|Kartana|100/100
|move|p2a: Urshifu|Surging Strikes|p1a: Spencer
|-resisted|p1a: Spencer
|-crit|p1a: Spencer
|-damage|p1a: Spencer|87/100
|-resisted|p1a: Spencer
|-crit|p1a: Spencer
|-damage|p1a: Spencer|70/100
|-resisted|p1a: Spencer
|-crit|p1a: Spencer
|-damage|p1a: Spencer|55/100
|-hitcount|p1a: Spencer|3
|
|upkeep
|turn|14
|
|t:|1665926750
|switch|p1a: Slowking|Slowking-Galar, F|54/100
|switch|p2a: Ferrothorn|Ferrothorn, M|100/100
|
|upkeep
|turn|15
|
|t:|1665926763
|move|p1a: Slowking|Flamethrower|p2a: Ferrothorn
|-supereffective|p2a: Ferrothorn
|-damage|p2a: Ferrothorn|0 fnt
|faint|p2a: Ferrothorn
|
|upkeep
|
|t:|1665926766
|switch|p2a: Urshifu|Urshifu-Rapid-Strike, F|100/100
|turn|16
|
|t:|1665926771
|switch|p1a: Volcarona|Volcarona, F|100/100
|move|p2a: Urshifu|Surging Strikes|p1a: Volcarona
|-supereffective|p1a: Volcarona
|-crit|p1a: Volcarona
|-damage|p1a: Volcarona|14/100
|-supereffective|p1a: Volcarona
|-crit|p1a: Volcarona
|-damage|p1a: Volcarona|0 fnt
|-status|p2a: Urshifu|brn|[from] ability: Flame Body|[of] p1a: Volcarona
|faint|p1a: Volcarona
|-hitcount|p1: Volcarona|2
|
|-damage|p2a: Urshifu|94/100 brn|[from] brn
|upkeep
|
|t:|1665926776
|switch|p1a: Slowking|Slowking-Galar, F|87/100
|turn|17
|
|t:|1665926778
|move|p2a: Urshifu|Surging Strikes|p1a: Slowking
|-crit|p1a: Slowking
|-damage|p1a: Slowking|72/100
|-crit|p1a: Slowking
|-damage|p1a: Slowking|56/100
|-crit|p1a: Slowking
|-damage|p1a: Slowking|41/100
|-hitcount|p1a: Slowking|3
|move|p1a: Slowking|Nasty Plot|p1a: Slowking
|-boost|p1a: Slowking|spa|2
|
|-damage|p2a: Urshifu|88/100 brn|[from] brn
|upkeep
|turn|18
|c|☆vkhss|wait that does a lot
|j| SolaraG7483
|c|☆Highv0ltag3|Xd
|c| Mabej|Rip
|
|t:|1665926812
|switch|p1a: Spencer|Kartana|55/100
|move|p2a: Urshifu|Surging Strikes|p1a: Spencer
|-resisted|p1a: Spencer
|-crit|p1a: Spencer
|-damage|p1a: Spencer|48/100
|-resisted|p1a: Spencer
|-crit|p1a: Spencer
|-damage|p1a: Spencer|41/100
|-resisted|p1a: Spencer
|-crit|p1a: Spencer
|-damage|p1a: Spencer|34/100
|-hitcount|p1a: Spencer|3
|
|-damage|p2a: Urshifu|82/100 brn|[from] brn
|upkeep
|turn|19
|l| SolaraG7483
|
|t:|1665926821
|switch|p2a: Tornadus|Tornadus-Therian, M|100/100 brn
|move|p1a: Spencer|Leaf Blade|p2a: Tornadus
|-resisted|p2a: Tornadus
|-damage|p2a: Tornadus|68/100 brn
|
|-damage|p2a: Tornadus|62/100 brn|[from] brn
|upkeep
|turn|20
|
|t:|1665926825
|switch|p1a: Landorus|Landorus-Therian, M|41/100
|-ability|p1a: Landorus|Intimidate|boost
|-unboost|p2a: Tornadus|atk|1
|switch|p2a: Slowking|Slowking-Galar, M|84/100
|
|-heal|p1a: Landorus|47/100|[from] item: Leftovers
|upkeep
|turn|21
|
|t:|1665926828
|move|p1a: Landorus|Earthquake|p2a: Slowking
|-supereffective|p2a: Slowking
|-damage|p2a: Slowking|0 fnt
|faint|p2a: Slowking
|
|-heal|p1a: Landorus|53/100|[from] item: Leftovers
|upkeep
|
|t:|1665926831
|switch|p2a: Urshifu|Urshifu-Rapid-Strike, F|82/100 brn
|turn|22
|
|t:|1665926833
|move|p2a: Urshifu|Surging Strikes|p1a: Landorus
|-supereffective|p1a: Landorus
|-crit|p1a: Landorus
|-damage|p1a: Landorus|25/100
|-supereffective|p1a: Landorus
|-crit|p1a: Landorus
|-damage|p1a: Landorus|0 fnt
|faint|p1a: Landorus
|-hitcount|p1: Landorus|2
|
|-damage|p2a: Urshifu|76/100 brn|[from] brn
|upkeep
|
|t:|1665926835
|switch|p1a: Slowking|Slowking-Galar, F|74/100
|turn|23
|
|t:|1665926837
|move|p2a: Urshifu|Surging Strikes|p1a: Slowking
|-crit|p1a: Slowking
|-damage|p1a: Slowking|57/100
|-crit|p1a: Slowking
|-damage|p1a: Slowking|42/100
|-crit|p1a: Slowking
|-damage|p1a: Slowking|27/100
|-hitcount|p1a: Slowking|3
|move|p1a: Slowking|Psyshock|p2a: Urshifu
|-supereffective|p2a: Urshifu
|-damage|p2a: Urshifu|0 fnt
|faint|p2a: Urshifu
|
|upkeep
|
|t:|1665926840
|switch|p2a: Tornadus|Tornadus-Therian, M|96/100 brn
|turn|24
|
|t:|1665926842
|switch|p1a: Spencer|Kartana|34/100
|move|p2a: Tornadus|Hurricane|p1a: Spencer
|-damage|p1a: Spencer|0 fnt
|faint|p1a: Spencer
|
|-damage|p2a: Tornadus|89/100 brn|[from] brn
|upkeep
|
|t:|1665926844
|switch|p1a: Slowking|Slowking-Galar, F|61/100
|turn|25
|
|t:|1665926848
|move|p2a: Tornadus|Hurricane|p1a: Slowking|[miss]
|-miss|p2a: Tornadus|p1a: Slowking
|move|p1a: Slowking|Nasty Plot|p1a: Slowking
|-boost|p1a: Slowking|spa|2
|
|-damage|p2a: Tornadus|83/100 brn|[from] brn
|upkeep
|turn|26
|
|t:|1665926853
|move|p2a: Tornadus|Hurricane|p1a: Slowking|[miss]
|-miss|p2a: Tornadus|p1a: Slowking
|move|p1a: Slowking|Sludge Bomb|p2a: Tornadus
|-damage|p2a: Tornadus|0 fnt
|faint|p2a: Tornadus
|
|win|vkhss
|n|☆vkhss|vkhss
|n|☆Highv0ltag3|highv0ltag3
|n| Down$pook|downpook
|n| Mabej|mabej
|n| Kyurem|kyurem
|n| GengarAdept|gengaradept
|n| Sww-Suwa|swwsuwa
|n| waste yrself|wasteyrself
|c| Mabej|No shot
|c|☆Highv0ltag3|Gg
|c|☆vkhss|mb
|l| waste yrself
|c|☆Highv0ltag3|Wp
|c| Down$pook|Oh shit
|c|☆vkhss|gg
|c| Mabej|Damn
|c|☆vkhss|holy shit this thing
|c|☆vkhss|is nice af
|l| Sww-Suwa
|c|☆Highv0ltag3|Ye
|l| Kyurem
|c| Mabej|Wp
