|raw|<div class="broadcast-blue"><strong>This battle is required to be public due to a player having a name starting with 'lt91bb'.</div>
|j|☆return nirvana
|j|☆LT91BB Harshal
|t:|1659356568
|gametype|singles
|player|p1|return nirvana|gambler-gen1|1992
|player|p2|LT91BB Harshal|dawn|1768
|teamsize|p1|6
|teamsize|p2|6
|gen|8
|tier|[Gen 8] OU
|rated|
|rule|Sleep Clause Mod: Limit one foe put to sleep
|rule|Species Clause: Limit one of each Pokémon
|rule|OHKO Clause: OHKO moves are banned
|rule|Evasion Moves Clause: Evasion moves are banned
|rule|Endless Battle Clause: Forcing endless battles is banned
|rule|HP Percentage Mod: HP is shown in percentages
|rule|Dynamax Clause: You cannot dynamax
|clearpoke
|poke|p1|Mew|
|poke|p1|Weavile, F|
|poke|p1|Celesteela|
|poke|p1|Crawdaunt, M|
|poke|p1|Garchomp, M|
|poke|p1|Blacephalon|
|poke|p2|Clefable, F|
|poke|p2|Kartana|
|poke|p2|Rotom-Wash|
|poke|p2|Heatran, F|
|poke|p2|Landorus-Therian, M|
|poke|p2|Dragapult, F|
|teampreview
|j| LT91BB Storm
|
|t:|1659356592
|start
|switch|p1a: Mew|Mew, shiny|100/100
|switch|p2a: Rotom|Rotom-Wash|100/100
|turn|1
|
|t:|1659356599
|move|p1a: Mew|Stealth Rock|p2a: Rotom
|-sidestart|p2: LT91BB Harshal|move: Stealth Rock
|move|p2a: Rotom|Nasty Plot|p2a: Rotom
|-boost|p2a: Rotom|spa|2
|
|upkeep
|turn|2
|
|t:|1659356604
|move|p1a: Mew|Spikes|p2a: Rotom
|-sidestart|p2: LT91BB Harshal|Spikes
|move|p2a: Rotom|Discharge|p1a: Mew
|-damage|p1a: Mew|46/100
|
|upkeep
|turn|3
|
|t:|1659356608
|move|p1a: Mew|Taunt|p2a: Rotom
|-start|p2a: Rotom|move: Taunt
|move|p2a: Rotom|Discharge|p1a: Mew
|-damage|p1a: Mew|0 fnt
|faint|p1a: Mew
|
|upkeep
|
|t:|1659356613
|switch|p1a: Garchomp|Garchomp, M, shiny|100/100
|turn|4
|
|t:|1659356620
|move|p1a: Garchomp|Swords Dance|p1a: Garchomp
|-boost|p1a: Garchomp|atk|2
|move|p2a: Rotom|Hydro Pump|p1a: Garchomp
|-damage|p1a: Garchomp|5/100
|
|upkeep
|turn|5
|inactive|Battle timer is ON: inactive players will automatically lose when time's up. (requested by return nirvana)
|inactive|LT91BB Harshal has 120 seconds left.
|inactive|LT91BB Harshal has 90 seconds left.
|
|t:|1659356733
|switch|p2a: Heatran|Heatran, F|100/100
|-damage|p2a: Heatran|88/100|[from] Stealth Rock
|-damage|p2a: Heatran|76/100|[from] Spikes
|move|p1a: Garchomp|Scale Shot|p2a: Heatran
|-resisted|p2a: Heatran
|-damage|p2a: Heatran|66/100
|-resisted|p2a: Heatran
|-damage|p2a: Heatran|55/100
|-resisted|p2a: Heatran
|-damage|p2a: Heatran|43/100
|-resisted|p2a: Heatran
|-damage|p2a: Heatran|33/100
|-resisted|p2a: Heatran
|-damage|p2a: Heatran|21/100
|-hitcount|p2a: Heatran|5
|-unboost|p1a: Garchomp|def|1
|-boost|p1a: Garchomp|spe|1
|
|-heal|p2a: Heatran|27/100|[from] item: Leftovers
|upkeep
|turn|6
|
|t:|1659356748
|move|p1a: Garchomp|Scale Shot|p2a: Heatran
|-resisted|p2a: Heatran
|-damage|p2a: Heatran|16/100
|-resisted|p2a: Heatran
|-damage|p2a: Heatran|5/100
|-resisted|p2a: Heatran
|-damage|p2a: Heatran|0 fnt
|faint|p2a: Heatran
|-hitcount|p2: Heatran|3
|-unboost|p1a: Garchomp|def|1
|-boost|p1a: Garchomp|spe|1
|
|upkeep
|
|t:|1659356751
|switch|p2a: Landorus|Landorus-Therian, M|100/100
|-damage|p2a: Landorus|88/100|[from] Stealth Rock
|-ability|p2a: Landorus|Intimidate|boost
|-unboost|p1a: Garchomp|atk|1
|turn|7
|
|t:|1659356761
|switch|p2a: Clefable|Clefable, F|100/100
|move|p1a: Garchomp|Scale Shot|p2a: Clefable
|-immune|p2a: Clefable
|
|upkeep
|turn|8
|
|t:|1659356767
|move|p1a: Garchomp|Swords Dance|p1a: Garchomp
|-boost|p1a: Garchomp|atk|2
|move|p2a: Clefable|Moonblast|p1a: Garchomp
|-supereffective|p1a: Garchomp
|-damage|p1a: Garchomp|0 fnt
|faint|p1a: Garchomp
|
|upkeep
|inactive|return nirvana has 120 seconds left.
|j| egal★vanc
|
|t:|1659356818
|switch|p1a: Crawdaunt|Crawdaunt, M, shiny|100/100
|turn|9
|
|t:|1659356833
|move|p1a: Crawdaunt|Crabhammer|p2a: Clefable
|-damage|p2a: Clefable|24/100
|-damage|p1a: Crawdaunt|91/100|[from] item: Life Orb
|move|p2a: Clefable|Stealth Rock|p1a: Crawdaunt
|-sidestart|p1: return nirvana|move: Stealth Rock
|
|upkeep
|turn|10
|
|t:|1659356840
|move|p1a: Crawdaunt|Knock Off|p2a: Clefable
|-resisted|p2a: Clefable
|-damage|p2a: Clefable|0 fnt
|-enditem|p2a: Clefable|Sticky Barb|[from] move: Knock Off|[of] p1a: Crawdaunt
|faint|p2a: Clefable
|-damage|p1a: Crawdaunt|81/100|[from] item: Life Orb
|
|upkeep
|
|t:|1659356849
|switch|p2a: Kartana|Kartana|100/100
|-damage|p2a: Kartana|94/100|[from] Stealth Rock
|-damage|p2a: Kartana|82/100|[from] Spikes
|turn|11
|
|t:|1659356854
|move|p2a: Kartana|Sacred Sword|p1a: Crawdaunt
|-supereffective|p1a: Crawdaunt
|-damage|p1a: Crawdaunt|0 fnt
|faint|p1a: Crawdaunt
|-ability|p2a: Kartana|Beast Boost|boost
|-boost|p2a: Kartana|atk|1
|
|upkeep
|
|t:|1659356856
|switch|p1a: Blacephalon|Blacephalon, shiny|100/100
|-damage|p1a: Blacephalon|76/100|[from] Stealth Rock
|turn|12
|
|t:|1659356860
|move|p1a: Blacephalon|Shadow Ball|p2a: Kartana
|-damage|p2a: Kartana|0 fnt
|faint|p2a: Kartana
|-ability|p1a: Blacephalon|Beast Boost|boost
|-boost|p1a: Blacephalon|spa|1
|
|upkeep
|
|t:|1659356863
|switch|p2a: Landorus|Landorus-Therian, M|88/100
|-damage|p2a: Landorus|76/100|[from] Stealth Rock
|-ability|p2a: Landorus|Intimidate|boost
|-unboost|p1a: Blacephalon|atk|1
|turn|13
|
|t:|1659356870
|move|p1a: Blacephalon|Shadow Ball|p2a: Landorus
|-damage|p2a: Landorus|17/100
|-unboost|p2a: Landorus|spd|1
|move|p2a: Landorus|Earthquake|p1a: Blacephalon
|-supereffective|p1a: Blacephalon
|-damage|p1a: Blacephalon|0 fnt
|faint|p1a: Blacephalon
|
|-heal|p2a: Landorus|23/100|[from] item: Leftovers
|upkeep
|
|t:|1659356881
|switch|p1a: Celesteela|Celesteela, shiny|100/100
|-damage|p1a: Celesteela|88/100|[from] Stealth Rock
|turn|14
|
|t:|1659356891
|move|p1a: Celesteela|Autotomize|p1a: Celesteela
|-boost|p1a: Celesteela|spe|2
|-start|p1a: Celesteela|Autotomize
|move|p2a: Landorus|U-turn|p1a: Celesteela
|-resisted|p1a: Celesteela
|-damage|p1a: Celesteela|83/100
|
|t:|1659356894
|switch|p2a: Rotom|Rotom-Wash|100/100|[from]move: U-turn
|-damage|p2a: Rotom|88/100|[from] Stealth Rock
|
|-heal|p2a: Rotom|94/100|[from] item: Leftovers
|upkeep
|turn|15
|
|t:|1659356905
|move|p1a: Celesteela|Meteor Beam||[still]
|-prepare|p1a: Celesteela|Meteor Beam
|-boost|p1a: Celesteela|spa|1
|-enditem|p1a: Celesteela|Power Herb
|-anim|p1a: Celesteela|Meteor Beam|p2a: Rotom
|-damage|p2a: Rotom|24/100
|move|p2a: Rotom|Discharge|p1a: Celesteela
|-supereffective|p1a: Celesteela
|-damage|p1a: Celesteela|18/100
|
|-heal|p2a: Rotom|30/100|[from] item: Leftovers
|upkeep
|turn|16
|
|t:|1659356918
|move|p1a: Celesteela|Air Slash|p2a: Rotom
|-resisted|p2a: Rotom
|-damage|p2a: Rotom|0 fnt
|faint|p2a: Rotom
|-ability|p1a: Celesteela|Beast Boost|boost
|-boost|p1a: Celesteela|spa|1
|
|upkeep
|-message|LT91BB Harshal forfeited.
|
|win|return nirvana
|raw|return nirvana's rating: 1992 &rarr; <strong>2001</strong><br />(+9 for winning)
|raw|LT91BB Harshal's rating: 1768 &rarr; <strong>1759</strong><br />(-9 for losing)
|l|☆LT91BB Harshal
