|j|☆BruceUganda
|j|☆YUNG TOASTER BREAD
|t:|1651346787
|gametype|singles
|player|p1|BruceUganda|clair|1781
|player|p2|YUNG TOASTER BREAD|bruno|1783
|teamsize|p1|6
|teamsize|p2|6
|gen|8
|tier|[Gen 8] OU
|rated|
|rule|Sleep Clause Mod: Limit one foe put to sleep
|rule|Species Clause: Limit one of each Pokémon
|rule|OHKO Clause: OHKO moves are banned
|rule|Evasion Moves Clause: Evasion moves are banned
|rule|Endless Battle Clause: Forcing endless battles is banned
|rule|HP Percentage Mod: HP is shown in percentages
|rule|Dynamax Clause: You cannot dynamax
|clearpoke
|poke|p1|Gastrodon-East, M|
|poke|p1|Bewear, F|
|poke|p1|Rillaboom, M|
|poke|p1|Heatran, M|
|poke|p1|Gardevoir, F|
|poke|p1|Tornadus-Therian, M|
|poke|p2|Slowking-Galar, F|
|poke|p2|Hippowdon, M|
|poke|p2|Kartana|
|poke|p2|Moltres|
|poke|p2|Zeraora|
|poke|p2|Tapu Fini|
|teampreview
|
|t:|1651346798
|start
|switch|p1a: Takemura|Tornadus-Therian, M, shiny|100/100
|switch|p2a: Slowking|Slowking-Galar, F, shiny|100/100
|turn|1
|
|t:|1651346812
|move|p1a: Takemura|U-turn|p2a: Slowking
|-damage|p2a: Slowking|86/100
|
|t:|1651346817
|switch|p1a: Bo’ Rai Cho|Heatran, M|100/100|[from]move: U-turn
|move|p2a: Slowking|Sludge Wave|p1a: Bo’ Rai Cho
|-immune|p1a: Bo’ Rai Cho
|
|upkeep
|turn|2
|
|t:|1651346824
|switch|p2a: Hippowdon|Hippowdon, M|100/100
|-weather|Sandstorm|[from] ability: Sand Stream|[of] p2a: Hippowdon
|move|p1a: Bo’ Rai Cho|Toxic|p2a: Hippowdon|[miss]
|-miss|p1a: Bo’ Rai Cho|p2a: Hippowdon
|
|-weather|Sandstorm|[upkeep]
|upkeep
|turn|3
|
|t:|1651346832
|move|p1a: Bo’ Rai Cho|Toxic|p2a: Hippowdon
|-status|p2a: Hippowdon|tox
|move|p2a: Hippowdon|Stealth Rock|p1a: Bo’ Rai Cho
|-sidestart|p1: BruceUganda|move: Stealth Rock
|
|-weather|Sandstorm|[upkeep]
|-damage|p2a: Hippowdon|94/100 tox|[from] psn
|upkeep
|turn|4
|
|t:|1651346836
|switch|p1a: Takemura|Tornadus-Therian, M, shiny|100/100
|move|p2a: Hippowdon|Toxic|p1a: Takemura
|-status|p1a: Takemura|tox
|
|-weather|Sandstorm|[upkeep]
|-damage|p1a: Takemura|94/100 tox|[from] Sandstorm
|-heal|p2a: Hippowdon|100/100 tox|[from] item: Leftovers
|-damage|p1a: Takemura|88/100 tox|[from] psn
|-damage|p2a: Hippowdon|88/100 tox|[from] psn
|upkeep
|turn|5
|
|t:|1651346843
|switch|p2a: Moltres|Moltres|100/100
|move|p1a: Takemura|Defog|p2a: Moltres
|-unboost|p2a: Moltres|evasion|1
|-sideend|p1: BruceUganda|Stealth Rock|[from] move: Defog|[of] p1a: Takemura
|
|-weather|Sandstorm|[upkeep]
|-damage|p1a: Takemura|82/100 tox|[from] Sandstorm
|-damage|p2a: Moltres|94/100|[from] Sandstorm
|-damage|p1a: Takemura|69/100 tox|[from] psn
|upkeep
|turn|6
|
|t:|1651346847
|move|p1a: Takemura|U-turn|p2a: Moltres
|-resisted|p2a: Moltres
|-damage|p2a: Moltres|91/100
|
|t:|1651346850
|switch|p1a: Quavius Bingleton|Gastrodon-East, M|100/100|[from]move: U-turn
|move|p2a: Moltres|U-turn|p1a: Quavius Bingleton
|-damage|p1a: Quavius Bingleton|87/100
|
|t:|1651346853
|switch|p2a: Kartana|Kartana|100/100|[from]move: U-turn
|
|-weather|none
|-heal|p1a: Quavius Bingleton|93/100|[from] item: Leftovers
|upkeep
|turn|7
|
|t:|1651346857
|switch|p1a: Big Momma|Bewear, F|100/100
|move|p2a: Kartana|Knock Off|p1a: Big Momma
|-resisted|p1a: Big Momma
|-damage|p1a: Big Momma|93/100
|-enditem|p1a: Big Momma|Leftovers|[from] move: Knock Off|[of] p2a: Kartana
|
|upkeep
|turn|8
|
|t:|1651346867
|switch|p2a: Moltres|Moltres|91/100
|switch|p1a: Pimp Chimpin|Rillaboom, M|100/100
|-fieldstart|move: Grassy Terrain|[from] ability: Grassy Surge|[of] p1a: Pimp Chimpin
|
|upkeep
|turn|9
|
|t:|1651346873
|switch|p1a: Bo’ Rai Cho|Heatran, M|100/100
|move|p2a: Moltres|U-turn|p1a: Bo’ Rai Cho
|-resisted|p1a: Bo’ Rai Cho
|-damage|p1a: Bo’ Rai Cho|97/100
|
|t:|1651346886
|switch|p2a: Tapu Fini|Tapu Fini|100/100|[from]move: U-turn
|-fieldstart|move: Misty Terrain|[from] ability: Misty Surge|[of] p2a: Tapu Fini
|
|-heal|p1a: Bo’ Rai Cho|100/100|[from] item: Leftovers
|upkeep
|turn|10
|
|t:|1651346894
|switch|p1a: Iz|Gardevoir, F, shiny|100/100
|-ability|p1a: Iz|Misty Surge|[from] ability: Trace|[of] p2a: Tapu Fini
|move|p2a: Tapu Fini|Trick|p1a: Iz
|-activate|p2a: Tapu Fini|move: Trick|[of] p1a: Iz
|-item|p1a: Iz|Choice Scarf|[from] move: Trick
|-item|p2a: Tapu Fini|Choice Specs|[from] move: Trick
|
|upkeep
|turn|11
|
|t:|1651346904
|move|p1a: Iz|Moonblast|p2a: Tapu Fini
|-damage|p2a: Tapu Fini|54/100
|move|p2a: Tapu Fini|Moonblast|p1a: Iz
|-damage|p1a: Iz|30/100
|-unboost|p1a: Iz|spa|1
|
|upkeep
|turn|12
|j| ppev
|
|t:|1651346910
|switch|p1a: Bo’ Rai Cho|Heatran, M|100/100
|switch|p2a: Moltres|Moltres|91/100
|
|upkeep
|turn|13
|
|t:|1651346915
|move|p2a: Moltres|U-turn|p1a: Bo’ Rai Cho
|-resisted|p1a: Bo’ Rai Cho
|-damage|p1a: Bo’ Rai Cho|98/100
|
|t:|1651346923
|switch|p2a: Hippowdon|Hippowdon, M|88/100 tox|[from]move: U-turn
|-weather|Sandstorm|[from] ability: Sand Stream|[of] p2a: Hippowdon
|move|p1a: Bo’ Rai Cho|Stealth Rock|p2a: Hippowdon
|-sidestart|p2: YUNG TOASTER BREAD|move: Stealth Rock
|
|-weather|Sandstorm|[upkeep]
|-heal|p1a: Bo’ Rai Cho|100/100|[from] item: Leftovers
|-heal|p2a: Hippowdon|94/100 tox|[from] item: Leftovers
|-damage|p2a: Hippowdon|88/100 tox|[from] psn
|-fieldend|Misty Terrain
|upkeep
|turn|14
|
|t:|1651346931
|switch|p1a: Quavius Bingleton|Gastrodon-East, M|93/100
|move|p2a: Hippowdon|Stealth Rock|p1a: Quavius Bingleton
|-sidestart|p1: BruceUganda|move: Stealth Rock
|
|-weather|Sandstorm|[upkeep]
|-heal|p2a: Hippowdon|94/100 tox|[from] item: Leftovers
|-heal|p1a: Quavius Bingleton|99/100|[from] item: Leftovers
|-damage|p2a: Hippowdon|82/100 tox|[from] psn
|upkeep
|turn|15
|
|t:|1651346934
|move|p2a: Hippowdon|Toxic|p1a: Quavius Bingleton
|-status|p1a: Quavius Bingleton|tox
|move|p1a: Quavius Bingleton|Scald|p2a: Hippowdon
|-supereffective|p2a: Hippowdon
|-damage|p2a: Hippowdon|46/100 tox
|
|-weather|Sandstorm|[upkeep]
|-heal|p2a: Hippowdon|52/100 tox|[from] item: Leftovers
|-heal|p1a: Quavius Bingleton|100/100 tox|[from] item: Leftovers
|-damage|p2a: Hippowdon|33/100 tox|[from] psn
|-damage|p1a: Quavius Bingleton|94/100 tox|[from] psn
|upkeep
|turn|16
|
|t:|1651346940
|switch|p2a: Tapu Fini|Tapu Fini|54/100
|-damage|p2a: Tapu Fini|41/100|[from] Stealth Rock
|-fieldstart|move: Misty Terrain|[from] ability: Misty Surge|[of] p2a: Tapu Fini
|move|p1a: Quavius Bingleton|Scald|p2a: Tapu Fini
|-resisted|p2a: Tapu Fini
|-crit|p2a: Tapu Fini
|-damage|p2a: Tapu Fini|23/100
|
|-weather|Sandstorm|[upkeep]
|-damage|p2a: Tapu Fini|17/100|[from] Sandstorm
|-heal|p1a: Quavius Bingleton|100/100 tox|[from] item: Leftovers
|-damage|p1a: Quavius Bingleton|88/100 tox|[from] psn
|upkeep
|turn|17
|
|t:|1651346956
|switch|p1a: Iz|Gardevoir, F, shiny|30/100
|-damage|p1a: Iz|17/100|[from] Stealth Rock
|-ability|p1a: Iz|Misty Surge|[from] ability: Trace|[of] p2a: Tapu Fini
|move|p2a: Tapu Fini|Moonblast|p1a: Iz
|-damage|p1a: Iz|0 fnt
|faint|p1a: Iz
|
|-weather|none
|upkeep
|
|t:|1651346961
|switch|p1a: Bo’ Rai Cho|Heatran, M|100/100
|-damage|p1a: Bo’ Rai Cho|88/100|[from] Stealth Rock
|turn|18
|
|t:|1651346971
|switch|p2a: Hippowdon|Hippowdon, M|33/100 tox
|-damage|p2a: Hippowdon|27/100 tox|[from] Stealth Rock
|-weather|Sandstorm|[from] ability: Sand Stream|[of] p2a: Hippowdon
|move|p1a: Bo’ Rai Cho|Magma Storm|p2a: Hippowdon|[miss]
|-miss|p1a: Bo’ Rai Cho|p2a: Hippowdon
|
|-weather|Sandstorm|[upkeep]
|-heal|p1a: Bo’ Rai Cho|94/100|[from] item: Leftovers
|-heal|p2a: Hippowdon|33/100 tox|[from] item: Leftovers
|-damage|p2a: Hippowdon|27/100 tox|[from] psn
|upkeep
|turn|19
|
|t:|1651346975
|move|p1a: Bo’ Rai Cho|Magma Storm|p2a: Hippowdon
|-damage|p2a: Hippowdon|0 fnt
|faint|p2a: Hippowdon
|
|-weather|Sandstorm|[upkeep]
|-heal|p1a: Bo’ Rai Cho|100/100|[from] item: Leftovers
|upkeep
|j| TyranitarTerror
|
|t:|1651347005
|switch|p2a: Slowking|Slowking-Galar, F, shiny|100/100
|-damage|p2a: Slowking|88/100|[from] Stealth Rock
|turn|20
|
|t:|1651347008
|move|p1a: Bo’ Rai Cho|Magma Storm|p2a: Slowking
|-damage|p2a: Slowking|53/100
|-activate|p2a: Slowking|move: Magma Storm|[of] p1a: Bo’ Rai Cho
|move|p2a: Slowking|Hydro Pump|p1a: Bo’ Rai Cho
|-supereffective|p1a: Bo’ Rai Cho
|-damage|p1a: Bo’ Rai Cho|38/100
|
|-weather|Sandstorm|[upkeep]
|-damage|p2a: Slowking|46/100|[from] Sandstorm
|-heal|p1a: Bo’ Rai Cho|44/100|[from] item: Leftovers
|-damage|p2a: Slowking|34/100|[from] move: Magma Storm|[partiallytrapped]
|-fieldend|Misty Terrain
|upkeep
|turn|21
|
|t:|1651347014
|switch|p1a: Quavius Bingleton|Gastrodon-East, M|88/100 tox
|-damage|p1a: Quavius Bingleton|82/100 tox|[from] Stealth Rock
|move|p2a: Slowking|Hydro Pump|p1a: Quavius Bingleton
|-ability|p1a: Quavius Bingleton|Storm Drain|boost
|-boost|p1a: Quavius Bingleton|spa|1
|
|-weather|Sandstorm|[upkeep]
|-damage|p2a: Slowking|28/100|[from] Sandstorm
|-heal|p1a: Quavius Bingleton|88/100 tox|[from] item: Leftovers
|-damage|p1a: Quavius Bingleton|82/100 tox|[from] psn
|-end|p2a: Slowking|Magma Storm|[partiallytrapped]|[silent]
|upkeep
|turn|22
|
|t:|1651347050
|move|p1a: Quavius Bingleton|Scald|p2a: Slowking
|-damage|p2a: Slowking|0 fnt
|faint|p2a: Slowking
|
|-weather|none
|-heal|p1a: Quavius Bingleton|88/100 tox|[from] item: Leftovers
|-damage|p1a: Quavius Bingleton|76/100 tox|[from] psn
|upkeep
|
|t:|1651347053
|switch|p2a: Kartana|Kartana|100/100
|-damage|p2a: Kartana|94/100|[from] Stealth Rock
|turn|23
|
|t:|1651347063
|switch|p1a: Big Momma|Bewear, F|93/100
|-damage|p1a: Big Momma|87/100|[from] Stealth Rock
|move|p2a: Kartana|Leaf Blade|p1a: Big Momma
|-damage|p1a: Big Momma|66/100
|
|upkeep
|turn|24
|
|t:|1651347077
|switch|p2a: Moltres|Moltres|91/100
|switch|p1a: Quavius Bingleton|Gastrodon-East, M|76/100 tox
|-damage|p1a: Quavius Bingleton|70/100 tox|[from] Stealth Rock
|
|-heal|p1a: Quavius Bingleton|76/100 tox|[from] item: Leftovers
|-damage|p1a: Quavius Bingleton|70/100 tox|[from] psn
|upkeep
|turn|25
|l| TyranitarTerror
|
|t:|1651347100
|move|p2a: Moltres|U-turn|p1a: Quavius Bingleton
|-damage|p1a: Quavius Bingleton|56/100 tox
|
|t:|1651347104
|switch|p2a: Kartana|Kartana|94/100|[from]move: U-turn
|-damage|p2a: Kartana|88/100|[from] Stealth Rock
|move|p1a: Quavius Bingleton|Scald|p2a: Kartana
|-resisted|p2a: Kartana
|-damage|p2a: Kartana|51/100
|-status|p2a: Kartana|brn
|
|-heal|p1a: Quavius Bingleton|62/100 tox|[from] item: Leftovers
|-damage|p1a: Quavius Bingleton|50/100 tox|[from] psn
|-damage|p2a: Kartana|45/100 brn|[from] brn
|upkeep
|turn|26
|
|t:|1651347116
|switch|p1a: Takemura|Tornadus-Therian, M, shiny|100/100 tox
|move|p2a: Kartana|Knock Off|p1a: Takemura
|-damage|p1a: Takemura|74/100 tox
|-enditem|p1a: Takemura|Heavy-Duty Boots|[from] move: Knock Off|[of] p2a: Kartana
|
|-damage|p1a: Takemura|67/100 tox|[from] psn
|-damage|p2a: Kartana|39/100 brn|[from] brn
|upkeep
|turn|27
|
|t:|1651347129
|move|p1a: Takemura|Defog|p2a: Kartana
|-unboost|p2a: Kartana|evasion|1
|-sideend|p2: YUNG TOASTER BREAD|Stealth Rock|[from] move: Defog|[of] p1a: Takemura
|-sideend|p1: BruceUganda|Stealth Rock|[from] move: Defog|[of] p1a: Takemura
|move|p2a: Kartana|Knock Off|p1a: Takemura
|-damage|p1a: Takemura|49/100 tox
|
|-damage|p1a: Takemura|37/100 tox|[from] psn
|-damage|p2a: Kartana|33/100 brn|[from] brn
|upkeep
|turn|28
|
|t:|1651347135
|move|p1a: Takemura|U-turn|p2a: Kartana
|-damage|p2a: Kartana|17/100 brn
|
|t:|1651347139
|switch|p1a: Big Momma|Bewear, F|66/100|[from]move: U-turn
|move|p2a: Kartana|Sacred Sword|p1a: Big Momma
|-supereffective|p1a: Big Momma
|-damage|p1a: Big Momma|50/100
|
|-damage|p2a: Kartana|11/100 brn|[from] brn
|upkeep
|turn|29
|
|t:|1651347149
|switch|p1a: Takemura|Tornadus-Therian, M, shiny|70/100 tox
|move|p2a: Kartana|Sacred Sword|p1a: Takemura
|-resisted|p1a: Takemura
|-damage|p1a: Takemura|57/100 tox
|
|-damage|p1a: Takemura|50/100 tox|[from] psn
|-damage|p2a: Kartana|5/100 brn|[from] brn
|upkeep
|turn|30
|
|t:|1651347155
|move|p1a: Takemura|U-turn|p2a: Kartana
|-damage|p2a: Kartana|0 fnt
|faint|p2a: Kartana
|
|t:|1651347164
|switch|p1a: Bo’ Rai Cho|Heatran, M|44/100|[from]move: U-turn
|
|-heal|p1a: Bo’ Rai Cho|50/100|[from] item: Leftovers
|upkeep
|
|t:|1651347167
|switch|p2a: Zeraora|Zeraora|100/100
|turn|31
|
|t:|1651347182
|switch|p1a: Pimp Chimpin|Rillaboom, M|100/100
|-fieldstart|move: Grassy Terrain|[from] ability: Grassy Surge|[of] p1a: Pimp Chimpin
|move|p2a: Zeraora|Close Combat|p1a: Pimp Chimpin
|-damage|p1a: Pimp Chimpin|63/100
|-unboost|p2a: Zeraora|def|1
|-unboost|p2a: Zeraora|spd|1
|
|-heal|p1a: Pimp Chimpin|69/100|[from] Grassy Terrain
|upkeep
|turn|32
|
|t:|1651347202
|switch|p1a: Quavius Bingleton|Gastrodon-East, M|50/100 tox
|move|p2a: Zeraora|Knock Off|p1a: Quavius Bingleton
|-damage|p1a: Quavius Bingleton|22/100 tox
|-enditem|p1a: Quavius Bingleton|Leftovers|[from] move: Knock Off|[of] p2a: Zeraora
|
|-heal|p1a: Quavius Bingleton|28/100 tox|[from] Grassy Terrain
|-damage|p1a: Quavius Bingleton|22/100 tox|[from] psn
|upkeep
|turn|33
|
|t:|1651347206
|move|p2a: Zeraora|Close Combat|p1a: Quavius Bingleton
|-damage|p1a: Quavius Bingleton|0 fnt
|-unboost|p2a: Zeraora|def|1
|-unboost|p2a: Zeraora|spd|1
|faint|p1a: Quavius Bingleton
|
|upkeep
|
|t:|1651347211
|switch|p1a: Big Momma|Bewear, F|50/100
|turn|34
|
|t:|1651347214
|switch|p2a: Moltres|Moltres|91/100
|move|p1a: Big Momma|Drain Punch|p2a: Moltres
|-resisted|p2a: Moltres
|-damage|p2a: Moltres|77/100
|-heal|p1a: Big Momma|56/100|[from] drain|[of] p2a: Moltres
|
|-heal|p1a: Big Momma|62/100|[from] Grassy Terrain
|upkeep
|turn|35
|
|t:|1651347218
|switch|p1a: Takemura|Tornadus-Therian, M, shiny|84/100 tox
|move|p2a: Moltres|U-turn|p1a: Takemura
|-resisted|p1a: Takemura
|-damage|p1a: Takemura|74/100 tox
|
|t:|1651347221
|switch|p2a: Zeraora|Zeraora|100/100|[from]move: U-turn
|
|-damage|p1a: Takemura|68/100 tox|[from] psn
|-fieldend|move: Grassy Terrain
|upkeep
|turn|36
|
|t:|1651347226
|switch|p1a: Pimp Chimpin|Rillaboom, M|69/100
|-fieldstart|move: Grassy Terrain|[from] ability: Grassy Surge|[of] p1a: Pimp Chimpin
|move|p2a: Zeraora|Bulk Up|p2a: Zeraora
|-boost|p2a: Zeraora|atk|1
|-boost|p2a: Zeraora|def|1
|
|-heal|p1a: Pimp Chimpin|75/100|[from] Grassy Terrain
|upkeep
|turn|37
|
|t:|1651347236
|move|p1a: Pimp Chimpin|Grassy Glide|p2a: Zeraora
|-damage|p2a: Zeraora|29/100
|move|p2a: Zeraora|Knock Off|p1a: Pimp Chimpin
|-damage|p1a: Pimp Chimpin|21/100
|-enditem|p1a: Pimp Chimpin|Choice Band|[from] move: Knock Off|[of] p2a: Zeraora
|
|-heal|p2a: Zeraora|35/100|[from] Grassy Terrain
|-heal|p2a: Zeraora|41/100|[from] item: Leftovers
|-heal|p1a: Pimp Chimpin|27/100|[from] Grassy Terrain
|upkeep
|turn|38
|
|t:|1651347255
|switch|p2a: Moltres|Moltres|77/100
|move|p1a: Pimp Chimpin|Grassy Glide|p2a: Moltres
|-resisted|p2a: Moltres
|-damage|p2a: Moltres|66/100
|
|-heal|p1a: Pimp Chimpin|33/100|[from] Grassy Terrain
|upkeep
|turn|39
|
|t:|1651347262
|switch|p1a: Bo’ Rai Cho|Heatran, M|50/100
|move|p2a: Moltres|U-turn|p1a: Bo’ Rai Cho
|-resisted|p1a: Bo’ Rai Cho
|-damage|p1a: Bo’ Rai Cho|47/100
|
|t:|1651347268
|switch|p2a: Zeraora|Zeraora|41/100|[from]move: U-turn
|
|-heal|p2a: Zeraora|47/100|[from] Grassy Terrain
|-heal|p2a: Zeraora|53/100|[from] item: Leftovers
|-heal|p1a: Bo’ Rai Cho|54/100|[from] Grassy Terrain
|-heal|p1a: Bo’ Rai Cho|60/100|[from] item: Leftovers
|upkeep
|turn|40
|
|t:|1651347274
|move|p2a: Zeraora|Close Combat|p1a: Bo’ Rai Cho
|-supereffective|p1a: Bo’ Rai Cho
|-damage|p1a: Bo’ Rai Cho|0 fnt
|-unboost|p2a: Zeraora|def|1
|-unboost|p2a: Zeraora|spd|1
|faint|p1a: Bo’ Rai Cho
|
|-heal|p2a: Zeraora|59/100|[from] Grassy Terrain
|-heal|p2a: Zeraora|65/100|[from] item: Leftovers
|-fieldend|move: Grassy Terrain
|upkeep
|
|t:|1651347281
|switch|p1a: Big Momma|Bewear, F|62/100
|turn|41
|
|t:|1651347284
|switch|p2a: Moltres|Moltres|66/100
|switch|p1a: Takemura|Tornadus-Therian, M, shiny|100/100 tox
|
|-damage|p1a: Takemura|94/100 tox|[from] psn
|upkeep
|turn|42
|
|t:|1651347288
|move|p1a: Takemura|Hurricane|p2a: Moltres
|-damage|p2a: Moltres|15/100
|-start|p2a: Moltres|confusion
|-activate|p2a: Moltres|confusion
|move|p2a: Moltres|Roost|p2a: Moltres
|-heal|p2a: Moltres|65/100
|-singleturn|p2a: Moltres|move: Roost
|
|-damage|p1a: Takemura|82/100 tox|[from] psn
|upkeep
|turn|43
|
|t:|1651347303
|switch|p2a: Zeraora|Zeraora|65/100
|move|p1a: Takemura|Hurricane|p2a: Zeraora
|-resisted|p2a: Zeraora
|-damage|p2a: Zeraora|34/100
|-start|p2a: Zeraora|confusion
|
|-heal|p2a: Zeraora|40/100|[from] item: Leftovers
|-damage|p1a: Takemura|63/100 tox|[from] psn
|upkeep
|turn|44
|
|t:|1651347310
|switch|p1a: Big Momma|Bewear, F|62/100
|-activate|p2a: Zeraora|confusion
|move|p2a: Zeraora|Plasma Fists|p1a: Big Momma
|-crit|p1a: Big Momma
|-damage|p1a: Big Momma|36/100
|-fieldactivate|move: Ion Deluge
|-hint|Normal-type moves become Electric-type after using Plasma Fists.
|
|-heal|p2a: Zeraora|46/100|[from] item: Leftovers
|upkeep
|turn|45
|
|t:|1651347324
|switch|p2a: Moltres|Moltres|65/100
|move|p1a: Big Momma|Drain Punch|p2a: Moltres
|-resisted|p2a: Moltres
|-damage|p2a: Moltres|51/100
|-heal|p1a: Big Momma|42/100|[from] drain|[of] p2a: Moltres
|
|upkeep
|turn|46
|
|t:|1651347332
|move|p2a: Moltres|Flamethrower|p1a: Big Momma
|-damage|p1a: Big Momma|0 fnt
|faint|p1a: Big Momma
|
|upkeep
|
|t:|1651347334
|switch|p1a: Takemura|Tornadus-Therian, M, shiny|96/100 tox
|turn|47
|
|t:|1651347365
|move|p1a: Takemura|Hurricane|p2a: Moltres|[miss]
|-miss|p1a: Takemura|p2a: Moltres
|move|p2a: Moltres|Roost|p2a: Moltres
|-heal|p2a: Moltres|100/100
|-singleturn|p2a: Moltres|move: Roost
|
|-damage|p1a: Takemura|90/100 tox|[from] psn
|upkeep
|turn|48
|c|☆BruceUganda|Damn
|c|☆BruceUganda|That lost me the game lmao
|
|t:|1651347400
|move|p1a: Takemura|Hurricane|p2a: Moltres
|-damage|p2a: Moltres|46/100
|-start|p2a: Moltres|confusion
|-activate|p2a: Moltres|confusion
|move|p2a: Moltres|U-turn|p1a: Takemura
|-resisted|p1a: Takemura
|-damage|p1a: Takemura|80/100 tox
|
|t:|1651347404
|switch|p2a: Zeraora|Zeraora|46/100|[from]move: U-turn
|
|-heal|p2a: Zeraora|52/100|[from] item: Leftovers
|-damage|p1a: Takemura|68/100 tox|[from] psn
|upkeep
|turn|49
|
|t:|1651347408
|move|p2a: Zeraora|Plasma Fists|p1a: Takemura
|-supereffective|p1a: Takemura
|-damage|p1a: Takemura|0 fnt
|-fieldactivate|move: Ion Deluge
|-hint|Normal-type moves become Electric-type after using Plasma Fists.
|faint|p1a: Takemura
|
|-heal|p2a: Zeraora|58/100|[from] item: Leftovers
|upkeep
|-message|BruceUganda forfeited.
|
|win|YUNG TOASTER BREAD
|raw|BruceUganda's rating: 1781 &rarr; <strong>1761</strong><br />(-20 for losing)
|raw|YUNG TOASTER BREAD's rating: 1783 &rarr; <strong>1803</strong><br />(+20 for winning)
|l|☆BruceUganda
|l|☆YUNG TOASTER BREAD
