|j|☆2222mm
|j|☆WookieCookies
|player|p1|2222mm|wallace|1451
|player|p2|WookieCookies|crasherwake|1503
|teamsize|p1|6
|teamsize|p2|6
|gametype|singles
|gen|8
|tier|[Gen 8] OU
|rated|
|clearpoke
|poke|p1|Pelipper, M|
|poke|p1|Mantine, M|
|poke|p1|Seismitoad, M|
|poke|p1|Ferrothorn, F|
|poke|p1|Jirachi|
|poke|p1|Barraskewda, F|
|poke|p2|Cinderace, M|
|poke|p2|Clefable, M|
|poke|p2|Toxapex, F|
|poke|p2|Zeraora|
|poke|p2|Mandibuzz, F|
|poke|p2|Mamoswine, F|
|rule|Sleep Clause Mod: Limit one foe put to sleep
|rule|Species Clause: Limit one of each Pokémon
|rule|OHKO Clause: OHKO moves are banned
|rule|Evasion Moves Clause: Evasion moves are banned
|rule|Endless Battle Clause: Forcing endless battles is banned
|rule|HP Percentage Mod: HP is shown in percentages
|rule|Dynamax Clause: You cannot dynamax
|teampreview
|inactive|Battle timer is ON: inactive players will automatically lose when time's up. (requested by 2222mm)
|
|start
|switch|p1a: Ferrothorn|Ferrothorn, F, shiny|100/100
|switch|p2a: Zeraora|Zeraora|100/100
|turn|1
|inactive|WookieCookies has 120 seconds left.
|
|switch|p1a: Pelipper|Pelipper, M|100/100
|-weather|RainDance|[from] ability: Drizzle|[of] p1a: Pelipper
|move|p2a: Zeraora|Close Combat|p1a: Pelipper
|-resisted|p1a: Pelipper
|-damage|p1a: Pelipper|83/100
|-unboost|p2a: Zeraora|def|1
|-unboost|p2a: Zeraora|spd|1
|
|-weather|RainDance|[upkeep]
|upkeep
|turn|2
|
|switch|p1a: Seismitoad|Seismitoad, M|100/100
|move|p2a: Zeraora|Plasma Fists|p1a: Seismitoad
|-immune|p1a: Seismitoad
|
|-weather|RainDance|[upkeep]
|upkeep
|turn|3
|
|switch|p2a: Mandibuzz|Mandibuzz, F|100/100
|move|p1a: Seismitoad|Liquidation|p2a: Mandibuzz
|-damage|p2a: Mandibuzz|57/100
|-damage|p1a: Seismitoad|91/100|[from] item: Life Orb
|
|-weather|RainDance|[upkeep]
|upkeep
|turn|4
|
|move|p1a: Seismitoad|Knock Off|p2a: Mandibuzz
|-resisted|p2a: Mandibuzz
|-damage|p2a: Mandibuzz|46/100
|-enditem|p2a: Mandibuzz|Heavy-Duty Boots|[from] move: Knock Off|[of] p1a: Seismitoad
|-damage|p1a: Seismitoad|81/100|[from] item: Life Orb
|move|p2a: Mandibuzz|Roost|p2a: Mandibuzz
|-heal|p2a: Mandibuzz|96/100
|-singleturn|p2a: Mandibuzz|move: Roost
|
|-weather|RainDance|[upkeep]
|upkeep
|turn|5
|
|switch|p1a: Ferrothorn|Ferrothorn, F, shiny|100/100
|move|p2a: Mandibuzz|Foul Play|p1a: Ferrothorn
|-damage|p1a: Ferrothorn|83/100
|-damage|p2a: Mandibuzz|84/100|[from] ability: Iron Barbs|[of] p1a: Ferrothorn
|-damage|p2a: Mandibuzz|67/100|[from] item: Rocky Helmet|[of] p1a: Ferrothorn
|
|-weather|RainDance|[upkeep]
|upkeep
|turn|6
|
|move|p2a: Mandibuzz|Taunt|p1a: Ferrothorn
|-start|p1a: Ferrothorn|move: Taunt
|cant|p1a: Ferrothorn|move: Taunt|Stealth Rock
|
|-weather|RainDance|[upkeep]
|upkeep
|turn|7
|inactive|WookieCookies has 120 seconds left.
|
|switch|p2a: Zeraora|Zeraora|100/100
|move|p1a: Ferrothorn|Body Press|p2a: Zeraora
|-damage|p2a: Zeraora|53/100
|
|-weather|RainDance|[upkeep]
|upkeep
|turn|8
|
|switch|p2a: Clefable|Clefable, M|100/100
|move|p1a: Ferrothorn|Body Press|p2a: Clefable
|-resisted|p2a: Clefable
|-damage|p2a: Clefable|85/100
|
|-weather|none
|-heal|p2a: Clefable|91/100|[from] item: Leftovers
|-end|p1a: Ferrothorn|move: Taunt
|upkeep
|turn|9
|
|move|p2a: Clefable|Wish|p2a: Clefable
|move|p1a: Ferrothorn|Stealth Rock|p2a: Clefable
|-sidestart|p2: WookieCookies|move: Stealth Rock
|
|-heal|p2a: Clefable|97/100|[from] item: Leftovers
|upkeep
|turn|10
|
|switch|p1a: Pelipper|Pelipper, M|83/100
|-weather|RainDance|[from] ability: Drizzle|[of] p1a: Pelipper
|move|p2a: Clefable|Teleport|p2a: Clefable
|
|switch|p2a: Zeraora|Zeraora|53/100|[from]move: Teleport
|-damage|p2a: Zeraora|41/100|[from] Stealth Rock
|
|-weather|RainDance|[upkeep]
|-heal|p2a: Zeraora|100/100|[from] move: Wish|[wisher] Clefable
|upkeep
|turn|11
|
|switch|p1a: Ferrothorn|Ferrothorn, F, shiny|83/100
|move|p2a: Zeraora|Grass Knot|p1a: Ferrothorn
|-resisted|p1a: Ferrothorn
|-damage|p1a: Ferrothorn|79/100
|-damage|p2a: Zeraora|88/100|[from] ability: Iron Barbs|[of] p1a: Ferrothorn
|-damage|p2a: Zeraora|72/100|[from] item: Rocky Helmet|[of] p1a: Ferrothorn
|
|-weather|RainDance|[upkeep]
|upkeep
|turn|12
|inactive|WookieCookies has 120 seconds left.
|
|switch|p2a: Clefable|Clefable, M|97/100
|move|p1a: Ferrothorn|Body Press|p2a: Clefable
|-resisted|p2a: Clefable
|-damage|p2a: Clefable|80/100
|
|-weather|RainDance|[upkeep]
|-heal|p2a: Clefable|86/100|[from] item: Leftovers
|upkeep
|turn|13
|inactive|WookieCookies has 120 seconds left.
|
|switch|p1a: Mantine|Mantine, M|100/100
|move|p2a: Clefable|Wish|p2a: Clefable
|
|-weather|RainDance|[upkeep]
|-heal|p2a: Clefable|92/100|[from] item: Leftovers
|upkeep
|turn|14
|inactive|WookieCookies has 120 seconds left.
|
|move|p1a: Mantine|Hurricane|p2a: Clefable
|-damage|p2a: Clefable|44/100
|move|p2a: Clefable|Teleport|p2a: Clefable
|
|switch|p2a: Mandibuzz|Mandibuzz, F|67/100|[from]move: Teleport
|-damage|p2a: Mandibuzz|42/100|[from] Stealth Rock
|
|-weather|RainDance|[upkeep]
|-heal|p2a: Mandibuzz|89/100|[from] move: Wish|[wisher] Clefable
|upkeep
|turn|15
|
|move|p1a: Mantine|Hurricane|p2a: Mandibuzz
|-damage|p2a: Mandibuzz|27/100
|-start|p2a: Mandibuzz|confusion
|-activate|p2a: Mandibuzz|confusion
|move|p2a: Mandibuzz|Defog|p1a: Mantine
|-unboost|p1a: Mantine|evasion|1
|-sideend|p2: WookieCookies|Stealth Rock|[from] move: Defog|[of] p2a: Mandibuzz
|
|-weather|RainDance|[upkeep]
|upkeep
|turn|16
|
|switch|p2a: Toxapex|Toxapex, F|100/100
|move|p1a: Mantine|Hurricane|p2a: Toxapex
|-damage|p2a: Toxapex|42/100
|-start|p2a: Toxapex|confusion
|
|-weather|RainDance|[upkeep]
|-heal|p2a: Toxapex|48/100|[from] item: Black Sludge
|upkeep
|turn|17
|
|switch|p2a: Zeraora|Zeraora|72/100
|move|p1a: Mantine|Hurricane|p2a: Zeraora
|-resisted|p2a: Zeraora
|-damage|p2a: Zeraora|30/100
|
|-weather|none
|upkeep
|turn|18
|
|switch|p2a: Cinderace|Cinderace, M|100/100
|switch|p1a: Jirachi|Jirachi, shiny|100/100
|
|upkeep
|turn|19
|
|switch|p1a: Pelipper|Pelipper, M|83/100
|-weather|RainDance|[from] ability: Drizzle|[of] p1a: Pelipper
|move|p2a: Cinderace|U-turn|p1a: Pelipper
|-start|p2a: Cinderace|typechange|Bug|[from] ability: Libero
|-resisted|p1a: Pelipper
|-damage|p1a: Pelipper|62/100
|
|switch|p2a: Clefable|Clefable, M|44/100|[from]move: U-turn
|
|-weather|RainDance|[upkeep]
|-heal|p2a: Clefable|50/100|[from] item: Leftovers
|upkeep
|turn|20
|
|switch|p1a: Jirachi|Jirachi, shiny|100/100
|move|p2a: Clefable|Wish|p2a: Clefable
|
|-weather|RainDance|[upkeep]
|-heal|p2a: Clefable|57/100|[from] item: Leftovers
|upkeep
|turn|21
|
|move|p2a: Clefable|Protect|p2a: Clefable
|-singleturn|p2a: Clefable|Protect
|move|p1a: Jirachi|Trick|p2a: Clefable
|-activate|p2a: Clefable|move: Protect
|
|-weather|RainDance|[upkeep]
|-heal|p2a: Clefable|100/100|[from] move: Wish|[wisher] Clefable
|upkeep
|turn|22
|inactive|WookieCookies has 90 seconds left.
|
|switch|p1a: Mantine|Mantine, M|100/100
|switch|p2a: Mamoswine|Mamoswine, F|100/100
|
|-weather|RainDance|[upkeep]
|upkeep
|turn|23
|
|switch|p1a: Jirachi|Jirachi, shiny|100/100
|move|p2a: Mamoswine|Icicle Crash|p1a: Jirachi
|-resisted|p1a: Jirachi
|-damage|p1a: Jirachi|65/100
|
|-weather|RainDance|[upkeep]
|upkeep
|turn|24
|
|switch|p2a: Toxapex|Toxapex, F|81/100
|move|p1a: Jirachi|Iron Head|p2a: Toxapex
|-resisted|p2a: Toxapex
|-crit|p2a: Toxapex
|-damage|p2a: Toxapex|66/100
|
|-weather|RainDance|[upkeep]
|-heal|p2a: Toxapex|72/100|[from] item: Black Sludge
|upkeep
|turn|25
|
|switch|p1a: Ferrothorn|Ferrothorn, F, shiny|79/100
|move|p2a: Toxapex|Toxic|p1a: Ferrothorn
|-immune|p1a: Ferrothorn
|
|-weather|RainDance|[upkeep]
|-heal|p2a: Toxapex|78/100|[from] item: Black Sludge
|upkeep
|turn|26
|
|move|p2a: Toxapex|Scald|p1a: Ferrothorn
|-resisted|p1a: Ferrothorn
|-damage|p1a: Ferrothorn|69/100
|move|p1a: Ferrothorn|Stealth Rock|p2a: Toxapex
|-sidestart|p2: WookieCookies|move: Stealth Rock
|
|-weather|none
|-heal|p2a: Toxapex|85/100|[from] item: Black Sludge
|upkeep
|turn|27
|
|move|p2a: Toxapex|Toxic|p1a: Ferrothorn
|-immune|p1a: Ferrothorn
|move|p1a: Ferrothorn|Knock Off|p2a: Toxapex
|-crit|p2a: Toxapex
|-damage|p2a: Toxapex|64/100
|-enditem|p2a: Toxapex|Black Sludge|[from] move: Knock Off|[of] p1a: Ferrothorn
|
|upkeep
|turn|28
|
|switch|p1a: Jirachi|Jirachi, shiny|65/100
|move|p2a: Toxapex|Scald|p1a: Jirachi
|-crit|p1a: Jirachi
|-damage|p1a: Jirachi|40/100
|-status|p1a: Jirachi|brn
|
|-damage|p1a: Jirachi|34/100 brn|[from] brn
|upkeep
|turn|29
|inactive|WookieCookies has 60 seconds left.
|
|switch|p2a: Mamoswine|Mamoswine, F|100/100
|-damage|p2a: Mamoswine|88/100|[from] Stealth Rock
|move|p1a: Jirachi|U-turn|p2a: Mamoswine
|-damage|p2a: Mamoswine|76/100
|
|switch|p1a: Pelipper|Pelipper, M|62/100|[from]move: U-turn
|-weather|RainDance|[from] ability: Drizzle|[of] p1a: Pelipper
|
|-weather|RainDance|[upkeep]
|upkeep
|turn|30
|inactive|WookieCookies has 60 seconds left.
|
|switch|p1a: Ferrothorn|Ferrothorn, F, shiny|69/100
|move|p2a: Mamoswine|Icicle Crash|p1a: Ferrothorn
|-damage|p1a: Ferrothorn|25/100
|
|-weather|RainDance|[upkeep]
|upkeep
|turn|31
|
|move|p2a: Mamoswine|Icicle Crash|p1a: Ferrothorn
|-damage|p1a: Ferrothorn|0 fnt
|faint|p1a: Ferrothorn
|
|-weather|RainDance|[upkeep]
|upkeep
|
|switch|p1a: Mantine|Mantine, M|100/100
|turn|32
|
|switch|p2a: Toxapex|Toxapex, F|97/100
|-damage|p2a: Toxapex|84/100|[from] Stealth Rock
|move|p1a: Mantine|Surf|p2a: Toxapex
|-resisted|p2a: Toxapex
|-damage|p2a: Toxapex|48/100
|
|-weather|RainDance|[upkeep]
|upkeep
|turn|33
|
|switch|p1a: Jirachi|Jirachi, shiny|34/100 brn
|move|p2a: Toxapex|Toxic||[still]
|-fail|p2a: Toxapex
|
|-weather|RainDance|[upkeep]
|-damage|p1a: Jirachi|28/100 brn|[from] brn
|upkeep
|turn|34
|
|move|p1a: Jirachi|Trick|p2a: Toxapex
|-activate|p1a: Jirachi|move: Trick|[of] p2a: Toxapex
|-item|p2a: Toxapex|Choice Scarf|[from] move: Trick
|-enditem|p1a: Jirachi|Choice Scarf|[silent]|[from] move: Trick
|move|p2a: Toxapex|Recover|p2a: Toxapex
|-heal|p2a: Toxapex|98/100
|
|-weather|RainDance|[upkeep]
|-damage|p1a: Jirachi|22/100 brn|[from] brn
|upkeep
|turn|35
|
|move|p1a: Jirachi|U-turn|p2a: Toxapex
|-resisted|p2a: Toxapex
|-damage|p2a: Toxapex|95/100
|
|switch|p1a: Mantine|Mantine, M|100/100|[from]move: U-turn
|move|p2a: Toxapex|Recover|p2a: Toxapex
|-heal|p2a: Toxapex|100/100
|
|-weather|RainDance|[upkeep]
|upkeep
|turn|36
|
|move|p1a: Mantine|Hurricane|p2a: Toxapex
|-damage|p2a: Toxapex|41/100
|move|p2a: Toxapex|Recover|p2a: Toxapex
|-heal|p2a: Toxapex|91/100
|
|-weather|none
|upkeep
|turn|37
|
|switch|p2a: Zeraora|Zeraora|30/100
|-damage|p2a: Zeraora|18/100|[from] Stealth Rock
|move|p1a: Mantine|Hurricane|p2a: Zeraora
|-resisted|p2a: Zeraora
|-damage|p2a: Zeraora|0 fnt
|faint|p2a: Zeraora
|
|upkeep
|
|switch|p2a: Mandibuzz|Mandibuzz, F|27/100
|-damage|p2a: Mandibuzz|2/100|[from] Stealth Rock
|turn|38
|
|move|p1a: Mantine|Hurricane|p2a: Mandibuzz
|-damage|p2a: Mandibuzz|0 fnt
|faint|p2a: Mandibuzz
|
|upkeep
|
|switch|p2a: Mamoswine|Mamoswine, F|76/100
|-damage|p2a: Mamoswine|64/100|[from] Stealth Rock
|turn|39
|
|switch|p1a: Jirachi|Jirachi, shiny|22/100 brn
|move|p2a: Mamoswine|Icicle Crash|p1a: Jirachi
|-resisted|p1a: Jirachi
|-crit|p1a: Jirachi
|-damage|p1a: Jirachi|0 fnt
|faint|p1a: Jirachi
|
|upkeep
|
|switch|p1a: Pelipper|Pelipper, M|62/100
|-weather|RainDance|[from] ability: Drizzle|[of] p1a: Pelipper
|turn|40
|
|move|p2a: Mamoswine|Icicle Crash|p1a: Pelipper
|-damage|p1a: Pelipper|0 fnt
|faint|p1a: Pelipper
|
|-weather|RainDance|[upkeep]
|upkeep
|
|switch|p1a: Seismitoad|Seismitoad, M|81/100
|turn|41
|inactive|WookieCookies has 60 seconds left.
|inactive|WookieCookies has 30 seconds left.
|inactive|WookieCookies has 20 seconds left.
|inactive|WookieCookies has 15 seconds left.
|inactive|WookieCookies has 10 seconds left.
|inactive|WookieCookies has 5 seconds left.
|-message|WookieCookies lost due to inactivity.
|
|win|2222mm
|l|☆WookieCookies
|raw|2222mm's rating: 1438 &rarr; <strong>1461</strong><br />(+23 for winning)
|raw|WookieCookies's rating: 1503 &rarr; <strong>1480</strong><br />(-23 for losing)
