|j|☆putisorz
|j|☆erhaerhaer
|t:|1667283977
|gametype|singles
|player|p1|putisorz|102|
|player|p2|erhaerhaer|lucas|
|teamsize|p1|6
|teamsize|p2|6
|gen|8
|tier|[Gen 8] OU
|rule|Sleep Clause Mod: Limit one foe put to sleep
|rule|Species Clause: Limit one of each Pokémon
|rule|OHKO Clause: OHKO moves are banned
|rule|Evasion Items Clause: Evasion items are banned
|rule|Evasion Moves Clause: Evasion moves are banned
|rule|Endless Battle Clause: Forcing endless battles is banned
|rule|HP Percentage Mod: HP is shown in percentages
|rule|Dynamax Clause: You cannot dynamax
|clearpoke
|poke|p1|Ferrothorn, F|
|poke|p1|Swampert, M|
|poke|p1|Slowbro, M|
|poke|p1|Landorus-Therian, M|
|poke|p1|Zapdos|
|poke|p1|Weavile, F|
|poke|p2|Tyranitar, F|
|poke|p2|Excadrill, F|
|poke|p2|Dragapult, M|
|poke|p2|Corviknight, F|
|poke|p2|Zapdos|
|poke|p2|Kartana|
|teampreview
|inactive|Battle timer is ON: inactive players will automatically lose when time's up. (requested by putisorz)
|
|t:|1667283987
|start
|switch|p1a: Landorus|Landorus-Therian, M|100/100
|switch|p2a: Kartana|Kartana|100/100
|-ability|p1a: Landorus|Intimidate|boost
|-unboost|p2a: Kartana|atk|1
|turn|1
|
|t:|1667284002
|move|p2a: Kartana|Knock Off|p1a: Landorus
|-damage|p1a: Landorus|82/100
|-enditem|p1a: Landorus|Leftovers|[from] move: Knock Off|[of] p2a: Kartana
|move|p1a: Landorus|U-turn|p2a: Kartana
|-damage|p2a: Kartana|80/100
|
|t:|1667284011
|switch|p1a: Zapdos|Zapdos|100/100|[from]move: U-turn
|
|upkeep
|turn|2
|
|t:|1667284022
|switch|p2a: Tyranitar|Tyranitar, F, shiny|100/100
|-weather|Sandstorm|[from] ability: Sand Stream|[of] p2a: Tyranitar
|move|p1a: Zapdos|Heat Wave|p2a: Tyranitar
|-resisted|p2a: Tyranitar
|-damage|p2a: Tyranitar|95/100
|
|-weather|Sandstorm|[upkeep]
|-damage|p1a: Zapdos|94/100|[from] Sandstorm
|upkeep
|turn|3
|
|t:|1667284048
|switch|p1a: Swampert|Swampert, M|100/100
|switch|p2a: Excadrill|Excadrill, F|100/100
|
|-weather|Sandstorm|[upkeep]
|upkeep
|turn|4
|
|t:|1667284065
|move|p2a: Excadrill|Iron Head|p1a: Swampert
|-resisted|p1a: Swampert
|-damage|p1a: Swampert|79/100
|cant|p1a: Swampert|flinch
|
|-weather|Sandstorm|[upkeep]
|-heal|p1a: Swampert|85/100|[from] item: Leftovers
|upkeep
|turn|5
|
|t:|1667284080
|move|p2a: Excadrill|Iron Head|p1a: Swampert
|-resisted|p1a: Swampert
|-damage|p1a: Swampert|65/100
|move|p1a: Swampert|Stealth Rock|p2a: Excadrill
|-sidestart|p2: erhaerhaer|move: Stealth Rock
|
|-weather|Sandstorm|[upkeep]
|-heal|p1a: Swampert|71/100|[from] item: Leftovers
|upkeep
|turn|6
|inactive|erhaerhaer has 270 seconds left.
|
|t:|1667284103
|switch|p2a: Corviknight|Corviknight, F|100/100
|-damage|p2a: Corviknight|88/100|[from] Stealth Rock
|move|p1a: Swampert|Flip Turn|p2a: Corviknight
|-damage|p2a: Corviknight|74/100
|
|t:|1667284111
|switch|p1a: Zapdos|Zapdos|94/100|[from]move: Flip Turn
|
|-weather|none
|-heal|p2a: Corviknight|80/100|[from] item: Leftovers
|upkeep
|turn|7
|
|t:|1667284124
|switch|p2a: Tyranitar|Tyranitar, F, shiny|95/100
|-damage|p2a: Tyranitar|82/100|[from] Stealth Rock
|-weather|Sandstorm|[from] ability: Sand Stream|[of] p2a: Tyranitar
|move|p1a: Zapdos|Volt Switch|p2a: Tyranitar
|-damage|p2a: Tyranitar|70/100
|
|t:|1667284133
|switch|p1a: Swampert|Swampert, M|71/100|[from]move: Volt Switch
|
|-weather|Sandstorm|[upkeep]
|-heal|p1a: Swampert|77/100|[from] item: Leftovers
|upkeep
|turn|8
|
|t:|1667284140
|switch|p2a: Corviknight|Corviknight, F|80/100
|-damage|p2a: Corviknight|67/100|[from] Stealth Rock
|move|p1a: Swampert|Yawn|p2a: Corviknight
|-start|p2a: Corviknight|move: Yawn|[of] p1a: Swampert
|
|-weather|Sandstorm|[upkeep]
|-heal|p2a: Corviknight|74/100|[from] item: Leftovers
|-heal|p1a: Swampert|83/100|[from] item: Leftovers
|upkeep
|turn|9
|
|t:|1667284151
|move|p2a: Corviknight|U-turn|p1a: Swampert
|-crit|p1a: Swampert
|-damage|p1a: Swampert|62/100
|inactive|erhaerhaer has 270 seconds left.
|
|t:|1667284176
|switch|p2a: Tyranitar|Tyranitar, F, shiny|70/100|[from]move: U-turn
|-damage|p2a: Tyranitar|58/100|[from] Stealth Rock
|move|p1a: Swampert|Flip Turn|p2a: Tyranitar
|-supereffective|p2a: Tyranitar
|-damage|p2a: Tyranitar|20/100
|
|t:|1667284190
|switch|p1a: Landorus|Landorus-Therian, M|82/100|[from]move: Flip Turn
|-ability|p1a: Landorus|Intimidate|boost
|-unboost|p2a: Tyranitar|atk|1
|
|-weather|Sandstorm|[upkeep]
|upkeep
|turn|10
|inactive|erhaerhaer has 270 seconds left.
|
|t:|1667284203
|switch|p2a: Kartana|Kartana|80/100
|-damage|p2a: Kartana|74/100|[from] Stealth Rock
|move|p1a: Landorus|U-turn|p2a: Kartana
|-damage|p2a: Kartana|52/100
|
|t:|1667284218
|switch|p1a: Zapdos|Zapdos|94/100|[from]move: U-turn
|
|-weather|Sandstorm|[upkeep]
|-damage|p1a: Zapdos|88/100|[from] Sandstorm
|upkeep
|turn|11
|
|t:|1667284232
|switch|p2a: Zapdos|Zapdos|100/100
|-damage|p2a: Zapdos|75/100|[from] Stealth Rock
|move|p1a: Zapdos|Heat Wave|p2a: Zapdos
|-damage|p2a: Zapdos|47/100
|
|-weather|none
|upkeep
|turn|12
|
|t:|1667284242
|move|p1a: Zapdos|Volt Switch|p2a: Zapdos
|-crit|p2a: Zapdos
|-damage|p2a: Zapdos|0 fnt
|faint|p2a: Zapdos
|
|t:|1667284258
|switch|p1a: Swampert|Swampert, M|62/100|[from]move: Volt Switch
|
|-heal|p1a: Swampert|68/100|[from] item: Leftovers
|upkeep
|
|t:|1667284265
|switch|p2a: Kartana|Kartana|52/100
|-damage|p2a: Kartana|46/100|[from] Stealth Rock
|turn|13
|
|t:|1667284273
|switch|p1a: Landorus|Landorus-Therian, M|82/100
|-ability|p1a: Landorus|Intimidate|boost
|-unboost|p2a: Kartana|atk|1
|move|p2a: Kartana|Knock Off|p1a: Landorus
|-damage|p1a: Landorus|70/100
|
|upkeep
|turn|14
|
|t:|1667284297
|switch|p2a: Tyranitar|Tyranitar, F, shiny|20/100
|-damage|p2a: Tyranitar|8/100|[from] Stealth Rock
|-weather|Sandstorm|[from] ability: Sand Stream|[of] p2a: Tyranitar
|move|p1a: Landorus|Smack Down|p2a: Tyranitar
|-damage|p2a: Tyranitar|0 fnt
|faint|p2a: Tyranitar
|
|-weather|Sandstorm|[upkeep]
|upkeep
|inactive|erhaerhaer has 270 seconds left.
|
|t:|1667284308
|switch|p2a: Excadrill|Excadrill, F|100/100
|-damage|p2a: Excadrill|97/100|[from] Stealth Rock
|turn|15
|
|t:|1667284316
|move|p2a: Excadrill|Iron Head|p1a: Landorus
|-damage|p1a: Landorus|29/100
|move|p1a: Landorus|Earthquake|p2a: Excadrill
|-supereffective|p2a: Excadrill
|-damage|p2a: Excadrill|0 fnt
|faint|p2a: Excadrill
|
|-weather|Sandstorm|[upkeep]
|upkeep
|-message|erhaerhaer forfeited.
|
|win|putisorz
|l|☆erhaerhaer
|l|☆putisorz
|j|☆erhaerhaer
|player|p2|erhaerhaer|lucas
|l|☆erhaerhaer
|player|p2|
|j|☆putisorz
|player|p1|putisorz|102
