|html|<div class="broadcast-blue"><strong>[Gen 8] OU is currently suspecting Melmetal! For information on how to participate check out the <a href="https://www.smogon.com/forums/threads/np-ss-ou-suspect-process-round-12-monster-mash.3709234/">suspect thread</a>.</strong></div>
|j|☆Thatgenyou
|j|☆cump3
|t:|1666205838
|gametype|singles
|player|p1|Thatgenyou|cynthia-gen4|1637
|player|p2|cump3|schoolkid-gen4|1732
|teamsize|p1|6
|teamsize|p2|6
|gen|8
|tier|[Gen 8] OU
|rated|
|rule|Sleep Clause Mod: Limit one foe put to sleep
|rule|Species Clause: Limit one of each Pokémon
|rule|OHKO Clause: OHKO moves are banned
|rule|Evasion Items Clause: Evasion items are banned
|rule|Evasion Moves Clause: Evasion moves are banned
|rule|Endless Battle Clause: Forcing endless battles is banned
|rule|HP Percentage Mod: HP is shown in percentages
|rule|Dynamax Clause: You cannot dynamax
|clearpoke
|poke|p1|Tapu Fini|
|poke|p1|Melmetal|
|poke|p1|Tapu Lele|
|poke|p1|Landorus-Therian, M|
|poke|p1|Zapdos|
|poke|p1|Hydreigon, F|
|poke|p2|Swampert, M|
|poke|p2|Corviknight, F|
|poke|p2|Rillaboom, M|
|poke|p2|Magnezone|
|poke|p2|Hydreigon, F|
|poke|p2|Tapu Lele|
|teampreview
|c|☆cump3|hf
|c|☆Thatgenyou|u2
|j| uyiyuiuy
|
|t:|1666205881
|start
|switch|p1a: Gustavo Fring|Landorus-Therian, M|100/100
|switch|p2a: Corviknight|Corviknight, F, shiny|100/100
|-ability|p1a: Gustavo Fring|Intimidate|boost
|-unboost|p2a: Corviknight|atk|1
|-ability|p2a: Corviknight|Pressure
|turn|1
|
|t:|1666205897
|move|p1a: Gustavo Fring|Knock Off|p2a: Corviknight
|-damage|p2a: Corviknight|80/100
|-enditem|p2a: Corviknight|Leftovers|[from] move: Knock Off|[of] p1a: Gustavo Fring
|move|p2a: Corviknight|Brave Bird|p1a: Gustavo Fring
|-damage|p1a: Gustavo Fring|78/100
|-damage|p2a: Corviknight|73/100|[from] Recoil
|
|-heal|p1a: Gustavo Fring|84/100|[from] item: Leftovers
|upkeep
|turn|2
|
|t:|1666205911
|move|p1a: Gustavo Fring|Stealth Rock|p2a: Corviknight
|-sidestart|p2: cump3|move: Stealth Rock
|move|p2a: Corviknight|Roost|p2a: Corviknight
|-heal|p2a: Corviknight|100/100
|-singleturn|p2a: Corviknight|move: Roost
|
|-heal|p1a: Gustavo Fring|91/100|[from] item: Leftovers
|upkeep
|turn|3
|
|t:|1666205920
|move|p1a: Gustavo Fring|U-turn|p2a: Corviknight
|-resisted|p2a: Corviknight
|-damage|p2a: Corviknight|97/100
|
|t:|1666205939
|switch|p1a: Griffith|Zapdos|100/100|[from]move: U-turn
|move|p2a: Corviknight|Defog|p1a: Griffith
|-unboost|p1a: Griffith|evasion|1
|-sideend|p2: cump3|Stealth Rock|[from] move: Defog|[of] p2a: Corviknight
|
|upkeep
|turn|4
|j| Jongruenwald
|
|t:|1666205956
|switch|p2a: Swampert|Swampert, M|100/100
|move|p1a: Griffith|Hurricane|p2a: Swampert|[miss]
|-miss|p1a: Griffith|p2a: Swampert
|
|upkeep
|turn|5
|
|t:|1666205966
|switch|p1a: Bellatrix|Tapu Fini, shiny|100/100
|-fieldstart|move: Misty Terrain|[from] ability: Misty Surge|[of] p1a: Bellatrix
|move|p2a: Swampert|Stealth Rock|p1a: Bellatrix
|-sidestart|p1: Thatgenyou|move: Stealth Rock
|
|upkeep
|turn|6
|
|t:|1666205975
|switch|p2a: Tapu Lele|Tapu Lele, shiny|100/100
|-fieldstart|move: Psychic Terrain|[from] ability: Psychic Surge|[of] p2a: Tapu Lele
|move|p1a: Bellatrix|Trick|p2a: Tapu Lele
|-activate|p1a: Bellatrix|move: Trick|[of] p2a: Tapu Lele
|-item|p2a: Tapu Lele|Choice Scarf|[from] move: Trick
|-item|p1a: Bellatrix|Choice Scarf|[from] move: Trick
|
|upkeep
|turn|7
|c|☆Thatgenyou|lol
|
|t:|1666205997
|switch|p1a: Adam Smasher|Melmetal|100/100
|-damage|p1a: Adam Smasher|94/100|[from] Stealth Rock
|move|p2a: Tapu Lele|Focus Blast|p1a: Adam Smasher
|-supereffective|p1a: Adam Smasher
|-damage|p1a: Adam Smasher|15/100
|
|-heal|p1a: Adam Smasher|21/100|[from] item: Leftovers
|upkeep
|turn|8
|
|t:|1666206011
|switch|p2a: Magnezone|Magnezone, shiny|100/100
|-item|p2a: Magnezone|Air Balloon
|move|p1a: Adam Smasher|Protect||[still]
|-fail|p1a: Adam Smasher
|
|-heal|p1a: Adam Smasher|27/100|[from] item: Leftovers
|upkeep
|turn|9
|
|t:|1666206020
|move|p2a: Magnezone|Iron Defense|p2a: Magnezone
|-boost|p2a: Magnezone|def|2
|move|p1a: Adam Smasher|Double Iron Bash|p2a: Magnezone
|-resisted|p2a: Magnezone
|-damage|p2a: Magnezone|97/100
|-enditem|p2a: Magnezone|Air Balloon
|-resisted|p2a: Magnezone
|-damage|p2a: Magnezone|92/100
|-hitcount|p2a: Magnezone|2
|
|-heal|p1a: Adam Smasher|33/100|[from] item: Leftovers
|upkeep
|turn|10
|
|t:|1666206030
|move|p2a: Magnezone|Body Press|p1a: Adam Smasher
|-supereffective|p1a: Adam Smasher
|-damage|p1a: Adam Smasher|0 fnt
|faint|p1a: Adam Smasher
|
|-fieldend|move: Psychic Terrain
|upkeep
|j| Expediti0n
|
|t:|1666206048
|switch|p1a: Gustavo Fring|Landorus-Therian, M|91/100
|-damage|p1a: Gustavo Fring|78/100|[from] Stealth Rock
|-ability|p1a: Gustavo Fring|Intimidate|boost
|-unboost|p2a: Magnezone|atk|1
|turn|11
|
|t:|1666206061
|switch|p2a: Corviknight|Corviknight, F, shiny|97/100
|-ability|p2a: Corviknight|Pressure
|move|p1a: Gustavo Fring|U-turn|p2a: Corviknight
|-resisted|p2a: Corviknight
|-damage|p2a: Corviknight|93/100
|
|t:|1666206067
|switch|p1a: Griffith|Zapdos|100/100|[from]move: U-turn
|
|upkeep
|turn|12
|
|t:|1666206076
|switch|p2a: Swampert|Swampert, M|100/100
|move|p1a: Griffith|Defog|p2a: Swampert
|-unboost|p2a: Swampert|evasion|1
|-sideend|p1: Thatgenyou|Stealth Rock|[from] move: Defog|[of] p1a: Griffith
|
|upkeep
|turn|13
|
|t:|1666206086
|switch|p1a: Bellatrix|Tapu Fini, shiny|100/100
|-fieldstart|move: Misty Terrain|[from] ability: Misty Surge|[of] p1a: Bellatrix
|move|p2a: Swampert|Toxic|p1a: Bellatrix|[miss]
|-miss|p2a: Swampert|p1a: Bellatrix
|
|upkeep
|turn|14
|j| MarburgCOVEbola
|
|t:|1666206095
|move|p1a: Bellatrix|Moonblast|p2a: Swampert
|-damage|p2a: Swampert|82/100
|-unboost|p2a: Swampert|spa|1
|move|p2a: Swampert|Flip Turn|p1a: Bellatrix
|-resisted|p1a: Bellatrix
|-damage|p1a: Bellatrix|92/100
|
|t:|1666206108
|switch|p2a: Rillaboom|Rillaboom, M|100/100|[from]move: Flip Turn
|-fieldstart|move: Grassy Terrain|[from] ability: Grassy Surge|[of] p2a: Rillaboom
|
|-heal|p1a: Bellatrix|98/100|[from] Grassy Terrain
|upkeep
|turn|15
|
|t:|1666206128
|switch|p1a: Griffith|Zapdos|100/100
|move|p2a: Rillaboom|Knock Off|p1a: Griffith
|-damage|p1a: Griffith|55/100
|-status|p2a: Rillaboom|par|[from] ability: Static|[of] p1a: Griffith
|-enditem|p1a: Griffith|Heavy-Duty Boots|[from] move: Knock Off|[of] p2a: Rillaboom
|
|upkeep
|turn|16
|
|t:|1666206137
|switch|p2a: Swampert|Swampert, M|82/100
|move|p1a: Griffith|Roost|p1a: Griffith
|-heal|p1a: Griffith|100/100
|-singleturn|p1a: Griffith|move: Roost
|
|-heal|p2a: Swampert|88/100|[from] Grassy Terrain
|-heal|p2a: Swampert|94/100|[from] item: Leftovers
|upkeep
|turn|17
|
|t:|1666206166
|switch|p1a: The Wither|Hydreigon, F|100/100
|move|p2a: Swampert|Stealth Rock|p1a: The Wither
|-sidestart|p1: Thatgenyou|move: Stealth Rock
|
|-heal|p2a: Swampert|99/100|[from] Grassy Terrain
|-heal|p2a: Swampert|100/100|[from] item: Leftovers
|upkeep
|turn|18
|
|t:|1666206176
|switch|p2a: Tapu Lele|Tapu Lele, shiny|100/100
|-fieldstart|move: Psychic Terrain|[from] ability: Psychic Surge|[of] p2a: Tapu Lele
|move|p1a: The Wither|Dark Pulse|p2a: Tapu Lele
|-damage|p2a: Tapu Lele|55/100
|
|upkeep
|turn|19
|
|t:|1666206187
|switch|p1a: Bellatrix|Tapu Fini, shiny|98/100
|-damage|p1a: Bellatrix|86/100|[from] Stealth Rock
|-fieldstart|move: Misty Terrain|[from] ability: Misty Surge|[of] p1a: Bellatrix
|move|p2a: Tapu Lele|Moonblast|p1a: Bellatrix
|-damage|p1a: Bellatrix|43/100
|
|upkeep
|turn|20
|
|t:|1666206201
|move|p2a: Tapu Lele|Moonblast|p1a: Bellatrix
|-damage|p1a: Bellatrix|2/100
|move|p1a: Bellatrix|Moonblast|p2a: Tapu Lele
|-damage|p2a: Tapu Lele|22/100
|-unboost|p2a: Tapu Lele|spa|1
|
|upkeep
|turn|21
|
|t:|1666206208
|move|p2a: Tapu Lele|Moonblast|p1a: Bellatrix
|-damage|p1a: Bellatrix|0 fnt
|faint|p1a: Bellatrix
|
|upkeep
|
|t:|1666206223
|switch|p1a: Gustavo Fring|Landorus-Therian, M|78/100
|-damage|p1a: Gustavo Fring|66/100|[from] Stealth Rock
|-ability|p1a: Gustavo Fring|Intimidate|boost
|-unboost|p2a: Tapu Lele|atk|1
|turn|22
|
|t:|1666206236
|switch|p2a: Corviknight|Corviknight, F, shiny|93/100
|-ability|p2a: Corviknight|Pressure
|move|p1a: Gustavo Fring|Knock Off|p2a: Corviknight
|-damage|p2a: Corviknight|81/100
|
|-heal|p1a: Gustavo Fring|72/100|[from] item: Leftovers
|upkeep
|turn|23
|
|t:|1666206244
|move|p1a: Gustavo Fring|Stealth Rock|p2a: Corviknight
|-sidestart|p2: cump3|move: Stealth Rock
|move|p2a: Corviknight|Brave Bird|p1a: Gustavo Fring
|-damage|p1a: Gustavo Fring|38/100
|-damage|p2a: Corviknight|70/100|[from] Recoil
|
|-heal|p1a: Gustavo Fring|44/100|[from] item: Leftovers
|-fieldend|Misty Terrain
|upkeep
|turn|24
|
|t:|1666206251
|move|p1a: Gustavo Fring|U-turn|p2a: Corviknight
|-resisted|p2a: Corviknight
|-damage|p2a: Corviknight|66/100
|
|t:|1666206259
|switch|p1a: The Wither|Hydreigon, F|100/100|[from]move: U-turn
|-damage|p1a: The Wither|88/100|[from] Stealth Rock
|move|p2a: Corviknight|U-turn|p1a: The Wither
|-supereffective|p1a: The Wither
|-damage|p1a: The Wither|53/100
|
|t:|1666206272
|switch|p2a: Tapu Lele|Tapu Lele, shiny|22/100|[from]move: U-turn
|-damage|p2a: Tapu Lele|10/100|[from] Stealth Rock
|-fieldstart|move: Psychic Terrain|[from] ability: Psychic Surge|[of] p2a: Tapu Lele
|
|-heal|p1a: The Wither|59/100|[from] item: Leftovers
|upkeep
|turn|25
|
|t:|1666206285
|switch|p1a: Gustavo Fring|Landorus-Therian, M|44/100
|-damage|p1a: Gustavo Fring|31/100|[from] Stealth Rock
|-ability|p1a: Gustavo Fring|Intimidate|boost
|-unboost|p2a: Tapu Lele|atk|1
|move|p2a: Tapu Lele|Moonblast|p1a: Gustavo Fring
|-damage|p1a: Gustavo Fring|0 fnt
|faint|p1a: Gustavo Fring
|
|upkeep
|
|t:|1666206293
|switch|p1a: Harley Quinn|Tapu Lele|100/100
|-damage|p1a: Harley Quinn|88/100|[from] Stealth Rock
|turn|26
|
|t:|1666206302
|switch|p2a: Magnezone|Magnezone, shiny|92/100
|-damage|p2a: Magnezone|86/100|[from] Stealth Rock
|move|p1a: Harley Quinn|Moonblast|p2a: Magnezone
|-resisted|p2a: Magnezone
|-damage|p2a: Magnezone|46/100
|
|upkeep
|turn|27
|
|t:|1666206310
|move|p1a: Harley Quinn|Moonblast|p2a: Magnezone
|-resisted|p2a: Magnezone
|-damage|p2a: Magnezone|2/100
|move|p2a: Magnezone|Toxic|p1a: Harley Quinn
|-status|p1a: Harley Quinn|tox
|
|-damage|p1a: Harley Quinn|82/100 tox|[from] psn
|upkeep
|turn|28
|
|t:|1666206317
|move|p1a: Harley Quinn|Moonblast|p2a: Magnezone
|-resisted|p2a: Magnezone
|-damage|p2a: Magnezone|0 fnt
|faint|p2a: Magnezone
|
|-damage|p1a: Harley Quinn|70/100 tox|[from] psn
|-fieldend|move: Psychic Terrain
|upkeep
|
|t:|1666206318
|switch|p2a: Corviknight|Corviknight, F, shiny|66/100
|-damage|p2a: Corviknight|54/100|[from] Stealth Rock
|-ability|p2a: Corviknight|Pressure
|turn|29
|l| Expediti0n
|
|t:|1666206328
|switch|p1a: The Wither|Hydreigon, F|59/100
|-damage|p1a: The Wither|47/100|[from] Stealth Rock
|move|p2a: Corviknight|Defog|p1a: The Wither
|-unboost|p1a: The Wither|evasion|1
|-sideend|p1: Thatgenyou|Stealth Rock|[from] move: Defog|[of] p2a: Corviknight
|-sideend|p2: cump3|Stealth Rock|[from] move: Defog|[of] p2a: Corviknight
|
|-heal|p1a: The Wither|53/100|[from] item: Leftovers
|upkeep
|turn|30
|
|t:|1666206340
|switch|p1a: Griffith|Zapdos|100/100
|move|p2a: Corviknight|U-turn|p1a: Griffith
|-resisted|p1a: Griffith
|-damage|p1a: Griffith|94/100
|
|t:|1666206345
|switch|p2a: Swampert|Swampert, M|100/100|[from]move: U-turn
|
|upkeep
|turn|31
|
|t:|1666206349
|switch|p1a: Harley Quinn|Tapu Lele|70/100 tox
|-fieldstart|move: Psychic Terrain|[from] ability: Psychic Surge|[of] p1a: Harley Quinn
|move|p2a: Swampert|Stealth Rock|p1a: Harley Quinn
|-sidestart|p1: Thatgenyou|move: Stealth Rock
|
|-damage|p1a: Harley Quinn|64/100 tox|[from] psn
|upkeep
|turn|32
|
|t:|1666206365
|switch|p2a: Corviknight|Corviknight, F, shiny|54/100
|-ability|p2a: Corviknight|Pressure
|move|p1a: Harley Quinn|Thunderbolt|p2a: Corviknight
|-supereffective|p2a: Corviknight
|-damage|p2a: Corviknight|0 fnt
|faint|p2a: Corviknight
|
|-damage|p1a: Harley Quinn|52/100 tox|[from] psn
|upkeep
|
|t:|1666206373
|switch|p2a: Swampert|Swampert, M|100/100
|turn|33
|
|t:|1666206380
|switch|p1a: The Wither|Hydreigon, F|53/100
|-damage|p1a: The Wither|41/100|[from] Stealth Rock
|move|p2a: Swampert|Toxic|p1a: The Wither
|-status|p1a: The Wither|tox
|
|-heal|p1a: The Wither|47/100 tox|[from] item: Leftovers
|-damage|p1a: The Wither|41/100 tox|[from] psn
|upkeep
|turn|34
|
|t:|1666206389
|move|p1a: The Wither|Roost|p1a: The Wither
|-heal|p1a: The Wither|91/100 tox
|-singleturn|p1a: The Wither|move: Roost
|move|p2a: Swampert|Flip Turn|p1a: The Wither
|-resisted|p1a: The Wither
|-damage|p1a: The Wither|77/100 tox
|
|t:|1666206391
|switch|p2a: Tapu Lele|Tapu Lele, shiny|10/100|[from]move: Flip Turn
|
|-heal|p1a: The Wither|83/100 tox|[from] item: Leftovers
|-damage|p1a: The Wither|71/100 tox|[from] psn
|upkeep
|turn|35
|
|t:|1666206423
|move|p2a: Tapu Lele|Moonblast|p1a: The Wither
|-supereffective|p1a: The Wither
|-damage|p1a: The Wither|0 fnt
|faint|p1a: The Wither
|
|-fieldend|move: Psychic Terrain
|upkeep
|
|t:|1666206428
|switch|p1a: Griffith|Zapdos|94/100
|-damage|p1a: Griffith|70/100|[from] Stealth Rock
|turn|36
|
|t:|1666206451
|switch|p2a: Swampert|Swampert, M|100/100
|move|p1a: Griffith|Volt Switch|p2a: Swampert
|-immune|p2a: Swampert
|
|upkeep
|turn|37
|
|t:|1666206460
|move|p1a: Griffith|Hurricane|p2a: Swampert
|-damage|p2a: Swampert|71/100
|move|p2a: Swampert|Toxic|p1a: Griffith
|-status|p1a: Griffith|tox
|
|-heal|p2a: Swampert|77/100|[from] item: Leftovers
|-damage|p1a: Griffith|64/100 tox|[from] psn
|upkeep
|turn|38
|
|t:|1666206468
|move|p1a: Griffith|Hurricane|p2a: Swampert
|-damage|p2a: Swampert|45/100
|move|p2a: Swampert|Flip Turn|p1a: Griffith
|-damage|p1a: Griffith|46/100 tox
|
|t:|1666206470
|switch|p2a: Tapu Lele|Tapu Lele, shiny|10/100|[from]move: Flip Turn
|-fieldstart|move: Psychic Terrain|[from] ability: Psychic Surge|[of] p2a: Tapu Lele
|
|-damage|p1a: Griffith|34/100 tox|[from] psn
|upkeep
|turn|39
|
|t:|1666206479
|move|p2a: Tapu Lele|Moonblast|p1a: Griffith
|-damage|p1a: Griffith|0 fnt
|faint|p1a: Griffith
|
|upkeep
|
|t:|1666206483
|switch|p1a: Harley Quinn|Tapu Lele|52/100 tox
|-damage|p1a: Harley Quinn|39/100 tox|[from] Stealth Rock
|turn|40
|c|☆Thatgenyou|gg
|inactive|Battle timer is ON: inactive players will automatically lose when time's up. (requested by Thatgenyou)
|inactive|cump3 has 120 seconds left.
|inactive|cump3 has 90 seconds left.
|c|☆cump3|gg
|
|t:|1666206588
|move|p2a: Tapu Lele|Moonblast|p1a: Harley Quinn
|-damage|p1a: Harley Quinn|0 fnt
|faint|p1a: Harley Quinn
|
|win|cump3
|raw|Thatgenyou's rating: 1637 &rarr; <strong>1623</strong><br />(-14 for losing)
|raw|cump3's rating: 1746 &rarr; <strong>1760</strong><br />(+14 for winning)
||Ladder isn't responding, score probably updated but might not have (Request timeout).
