|j|☆Mel2345
|j|☆coeur de ciel
|t:|1636624868
|gametype|singles
|player|p1|Mel2345|cheren-gen5bw2|1710
|player|p2|coeur de ciel|169|1749
|teamsize|p1|6
|teamsize|p2|6
|gen|8
|tier|[Gen 8] OU
|rated|
|rule|Sleep Clause Mod: Limit one foe put to sleep
|rule|Species Clause: Limit one of each Pokémon
|rule|OHKO Clause: OHKO moves are banned
|rule|Evasion Moves Clause: Evasion moves are banned
|rule|Endless Battle Clause: Forcing endless battles is banned
|rule|HP Percentage Mod: HP is shown in percentages
|rule|Dynamax Clause: You cannot dynamax
|clearpoke
|poke|p1|Amoonguss, M|
|poke|p1|Dragapult, F|
|poke|p1|Jirachi|
|poke|p1|Blissey, F|
|poke|p1|Zapdos|
|poke|p1|Urshifu-*, M|
|poke|p2|Melmetal|
|poke|p2|Porygon2|
|poke|p2|Dracozolt|
|poke|p2|Kartana|
|poke|p2|Mimikyu, M|
|poke|p2|Victini|
|teampreview
|inactive|Battle timer is ON: inactive players will automatically lose when time's up. (requested by Mel2345)
|j| Memories of Ice
|inactive|Mel2345 has 120 seconds left.
|
|t:|1636624920
|start
|switch|p1a: Jirachi|Jirachi|100/100
|switch|p2a: Dracozolt|Dracozolt|100/100
|turn|1
|
|t:|1636624929
|move|p1a: Jirachi|U-turn|p2a: Dracozolt
|-damage|p2a: Dracozolt|81/100
|
|t:|1636624932
|switch|p1a: Amoonguss|Amoonguss, M|100/100|[from]move: U-turn
|move|p2a: Dracozolt|Bolt Beak|p1a: Amoonguss|[miss]
|-miss|p2a: Dracozolt|p1a: Amoonguss
|
|upkeep
|turn|2
|
|t:|1636624943
|switch|p2a: Kartana|Kartana, shiny|100/100
|move|p1a: Amoonguss|Giga Drain|p2a: Kartana
|-resisted|p2a: Kartana
|-damage|p2a: Kartana|82/100
|
|upkeep
|turn|3
|
|t:|1636624948
|switch|p1a: Zapdos|Zapdos|100/100
|move|p2a: Kartana|Knock Off|p1a: Zapdos
|-damage|p1a: Zapdos|55/100
|-enditem|p1a: Zapdos|Heavy-Duty Boots|[from] move: Knock Off|[of] p2a: Kartana
|-damage|p2a: Kartana|73/100|[from] item: Life Orb
|
|upkeep
|turn|4
|
|t:|1636624952
|switch|p2a: Dracozolt|Dracozolt|81/100
|move|p1a: Zapdos|Roost|p1a: Zapdos
|-heal|p1a: Zapdos|100/100
|-singleturn|p1a: Zapdos|move: Roost
|
|upkeep
|turn|5
|
|t:|1636624956
|switch|p1a: Amoonguss|Amoonguss, M|100/100
|move|p2a: Dracozolt|Bolt Beak|p1a: Amoonguss
|-resisted|p1a: Amoonguss
|-damage|p1a: Amoonguss|57/100
|-damage|p2a: Dracozolt|65/100|[from] item: Rocky Helmet|[of] p1a: Amoonguss
|
|upkeep
|turn|6
|
|t:|1636624962
|switch|p2a: Victini|Victini|100/100
|move|p1a: Amoonguss|Spore|p2a: Victini
|-status|p2a: Victini|slp|[from] move: Spore
|
|upkeep
|turn|7
|
|t:|1636624967
|switch|p2a: Dracozolt|Dracozolt|65/100
|switch|p1a: Dragapult|Dragapult, F|100/100
|
|upkeep
|turn|8
|
|t:|1636624973
|switch|p2a: Porygon2|Porygon2, shiny|100/100
|-ability|p2a: Porygon2|Download|boost
|-boost|p2a: Porygon2|spa|1
|move|p1a: Dragapult|Draco Meteor|p2a: Porygon2
|-crit|p2a: Porygon2
|-damage|p2a: Porygon2|45/100
|-unboost|p1a: Dragapult|spa|2
|
|upkeep
|turn|9
|
|t:|1636624977
|move|p1a: Dragapult|Thunder Wave|p2a: Porygon2
|-status|p2a: Porygon2|par
|cant|p2a: Porygon2|par
|
|upkeep
|turn|10
|
|t:|1636624981
|move|p1a: Dragapult|U-turn|p2a: Porygon2
|-damage|p2a: Porygon2|34/100 par
|
|t:|1636624984
|switch|p1a: Jirachi|Jirachi|100/100|[from]move: U-turn
|cant|p2a: Porygon2|par
|
|upkeep
|turn|11
|
|t:|1636624989
|move|p1a: Jirachi|Iron Head|p2a: Porygon2
|-damage|p2a: Porygon2|17/100 par
|move|p2a: Porygon2|Recover|p2a: Porygon2
|-heal|p2a: Porygon2|67/100 par
|
|upkeep
|turn|12
|
|t:|1636624994
|switch|p2a: Victini|Victini|100/100 slp
|move|p1a: Jirachi|Iron Head|p2a: Victini
|-resisted|p2a: Victini
|-damage|p2a: Victini|89/100 slp
|
|upkeep
|turn|13
|
|t:|1636624996
|switch|p1a: Dragapult|Dragapult, F|100/100
|cant|p2a: Victini|slp
|
|upkeep
|turn|14
|
|t:|1636625000
|switch|p2a: Melmetal|Melmetal, shiny|100/100
|move|p1a: Dragapult|Hex|p2a: Melmetal
|-damage|p2a: Melmetal|83/100
|
|upkeep
|turn|15
|
|t:|1636625007
|move|p1a: Dragapult|U-turn|p2a: Melmetal
|-resisted|p2a: Melmetal
|-damage|p2a: Melmetal|78/100
|
|t:|1636625009
|switch|p1a: Zapdos|Zapdos|100/100|[from]move: U-turn
|move|p2a: Melmetal|Ice Punch|p1a: Zapdos
|-supereffective|p1a: Zapdos
|-damage|p1a: Zapdos|44/100
|-status|p2a: Melmetal|par|[from] ability: Static|[of] p1a: Zapdos
|
|upkeep
|turn|16
|
|t:|1636625013
|move|p1a: Zapdos|Roost|p1a: Zapdos
|-heal|p1a: Zapdos|94/100
|-singleturn|p1a: Zapdos|move: Roost
|cant|p2a: Melmetal|par
|
|upkeep
|turn|17
|
|t:|1636625019
|switch|p2a: Dracozolt|Dracozolt|65/100
|move|p1a: Zapdos|Volt Switch|p2a: Dracozolt
|-resisted|p2a: Dracozolt
|-damage|p2a: Dracozolt|54/100
|
|t:|1636625024
|switch|p1a: Amoonguss|Amoonguss, M|91/100|[from]move: Volt Switch
|
|upkeep
|turn|18
|
|t:|1636625040
|switch|p1a: Zapdos|Zapdos|94/100
|move|p2a: Dracozolt|Bolt Beak|p1a: Zapdos
|-damage|p1a: Zapdos|0 fnt
|faint|p1a: Zapdos
|
|upkeep
|
|t:|1636625055
|switch|p1a: Amoonguss|Amoonguss, M|100/100
|turn|19
|
|t:|1636625062
|move|p2a: Dracozolt|Bolt Beak|p1a: Amoonguss
|-resisted|p1a: Amoonguss
|-damage|p1a: Amoonguss|56/100
|-damage|p2a: Dracozolt|37/100|[from] item: Rocky Helmet|[of] p1a: Amoonguss
|move|p1a: Amoonguss|Sludge Bomb|p2a: Dracozolt
|-damage|p2a: Dracozolt|2/100
|
|upkeep
|turn|20
|
|t:|1636625067
|switch|p2a: Victini|Victini|89/100 slp
|move|p1a: Amoonguss|Giga Drain|p2a: Victini
|-resisted|p2a: Victini
|-damage|p2a: Victini|80/100 slp
|-heal|p1a: Amoonguss|60/100|[from] drain|[of] p2a: Victini
|
|upkeep
|turn|21
|
|t:|1636625073
|switch|p1a: Dragapult|Dragapult, F|100/100
|-curestatus|p2a: Victini|slp|[msg]
|move|p2a: Victini|Final Gambit|p1a: Dragapult
|-immune|p1a: Dragapult
|
|upkeep
|turn|22
|
|t:|1636625081
|switch|p2a: Melmetal|Melmetal, shiny|78/100 par
|move|p1a: Dragapult|Thunder Wave|p2a: Melmetal
|-fail|p2a: Melmetal|par
|
|upkeep
|turn|23
|
|t:|1636625084
|move|p1a: Dragapult|Hex|p2a: Melmetal
|-damage|p2a: Melmetal|44/100 par
|move|p2a: Melmetal|Double Iron Bash|p1a: Dragapult
|-damage|p1a: Dragapult|37/100
|-damage|p1a: Dragapult|0 fnt
|faint|p1a: Dragapult
|-hitcount|p1: Dragapult|2
|
|upkeep
|
|t:|1636625090
|switch|p1a: Jirachi|Jirachi|100/100
|turn|24
|
|t:|1636625095
|move|p1a: Jirachi|Trick|p2a: Melmetal
|-activate|p1a: Jirachi|move: Trick|[of] p2a: Melmetal
|-item|p2a: Melmetal|Choice Scarf|[from] move: Trick
|-item|p1a: Jirachi|Assault Vest|[from] move: Trick
|cant|p2a: Melmetal|par
|
|upkeep
|turn|25
|
|t:|1636625105
|move|p1a: Jirachi|Iron Head|p2a: Melmetal
|-resisted|p2a: Melmetal
|-damage|p2a: Melmetal|36/100 par
|cant|p2a: Melmetal|flinch
|
|upkeep
|turn|26
|
|t:|1636625110
|switch|p2a: Victini|Victini|80/100
|move|p1a: Jirachi|Iron Head|p2a: Victini
|-resisted|p2a: Victini
|-damage|p2a: Victini|69/100
|
|upkeep
|turn|27
|
|t:|1636625117
|switch|p1a: Blissey|Blissey, F|100/100
|move|p2a: Victini|U-turn|p1a: Blissey
|-damage|p1a: Blissey|85/100
|
|t:|1636625120
|switch|p2a: Dracozolt|Dracozolt|2/100|[from]move: U-turn
|
|upkeep
|turn|28
|
|t:|1636625123
|switch|p1a: Amoonguss|Amoonguss, M|94/100
|move|p2a: Dracozolt|Bolt Beak|p1a: Amoonguss|[miss]
|-miss|p2a: Dracozolt|p1a: Amoonguss
|
|upkeep
|turn|29
|
|t:|1636625138
|switch|p2a: Kartana|Kartana, shiny|73/100
|move|p1a: Amoonguss|Giga Drain|p2a: Kartana
|-resisted|p2a: Kartana
|-damage|p2a: Kartana|54/100
|-heal|p1a: Amoonguss|99/100|[from] drain|[of] p2a: Kartana
|
|upkeep
|turn|30
|
|t:|1636625142
|move|p2a: Kartana|Swords Dance|p2a: Kartana
|-boost|p2a: Kartana|atk|2
|move|p1a: Amoonguss|Giga Drain|p2a: Kartana
|-resisted|p2a: Kartana
|-damage|p2a: Kartana|36/100
|-heal|p1a: Amoonguss|100/100|[from] drain|[of] p2a: Kartana
|
|upkeep
|turn|31
|
|t:|1636625145
|move|p2a: Kartana|Knock Off|p1a: Amoonguss
|-damage|p1a: Amoonguss|18/100
|-damage|p2a: Kartana|19/100|[from] item: Rocky Helmet|[of] p1a: Amoonguss
|-enditem|p1a: Amoonguss|Rocky Helmet|[from] move: Knock Off|[of] p2a: Kartana
|-damage|p2a: Kartana|9/100|[from] item: Life Orb
|move|p1a: Amoonguss|Giga Drain|p2a: Kartana
|-resisted|p2a: Kartana
|-damage|p2a: Kartana|0 fnt
|-heal|p1a: Amoonguss|21/100|[from] drain|[of] p2a: Kartana
|faint|p2a: Kartana
|
|upkeep
|
|t:|1636625151
|switch|p2a: Dracozolt|Dracozolt|2/100
|turn|32
|
|t:|1636625158
|move|p2a: Dracozolt|Bolt Beak|p1a: Amoonguss|[miss]
|-miss|p2a: Dracozolt|p1a: Amoonguss
|move|p1a: Amoonguss|Giga Drain|p2a: Dracozolt
|-resisted|p2a: Dracozolt
|-damage|p2a: Dracozolt|0 fnt
|-heal|p1a: Amoonguss|21/100|[from] drain|[of] p2a: Dracozolt
|faint|p2a: Dracozolt
|
|upkeep
|
|t:|1636625167
|switch|p2a: Victini|Victini|69/100
|turn|33
|
|t:|1636625173
|switch|p1a: Urshifu|Urshifu-Rapid-Strike, M|100/100
|move|p2a: Victini|Final Gambit|p1a: Urshifu
|-damage|p1a: Urshifu|20/100
|faint|p2a: Victini
|
|upkeep
|
|t:|1636625176
|switch|p2a: Mimikyu|Mimikyu, M, shiny|100/100
|turn|34
|
|t:|1636625180
|move|p2a: Mimikyu|Shadow Sneak|p1a: Urshifu
|-damage|p1a: Urshifu|0 fnt
|faint|p1a: Urshifu
|-damage|p2a: Mimikyu|91/100|[from] item: Life Orb
|
|upkeep
|
|t:|1636625184
|switch|p1a: Jirachi|Jirachi|100/100
|turn|35
|
|t:|1636625188
|switch|p2a: Melmetal|Melmetal, shiny|36/100 par
|move|p1a: Jirachi|Iron Head|p2a: Melmetal
|-resisted|p2a: Melmetal
|-crit|p2a: Melmetal
|-damage|p2a: Melmetal|23/100 par
|
|upkeep
|turn|36
|
|t:|1636625195
|move|p1a: Jirachi|Iron Head|p2a: Melmetal
|-resisted|p2a: Melmetal
|-damage|p2a: Melmetal|15/100 par
|cant|p2a: Melmetal|flinch
|
|upkeep
|turn|37
|
|t:|1636625199
|move|p1a: Jirachi|Iron Head|p2a: Melmetal
|-resisted|p2a: Melmetal
|-damage|p2a: Melmetal|6/100 par
|cant|p2a: Melmetal|flinch
|
|upkeep
|turn|38
|
|t:|1636625201
|move|p1a: Jirachi|Iron Head|p2a: Melmetal
|-resisted|p2a: Melmetal
|-damage|p2a: Melmetal|0 fnt
|faint|p2a: Melmetal
|
|upkeep
|
|t:|1636625203
|switch|p2a: Porygon2|Porygon2, shiny|67/100 par
|-ability|p2a: Porygon2|Download|boost
|-boost|p2a: Porygon2|atk|1
|turn|39
|
|t:|1636625205
|move|p1a: Jirachi|Iron Head|p2a: Porygon2
|-damage|p2a: Porygon2|50/100 par
|cant|p2a: Porygon2|flinch
|
|upkeep
|turn|40
|
|t:|1636625207
|move|p1a: Jirachi|Iron Head|p2a: Porygon2
|-damage|p2a: Porygon2|32/100 par
|cant|p2a: Porygon2|flinch
|
|upkeep
|turn|41
|
|t:|1636625210
|move|p1a: Jirachi|Iron Head|p2a: Porygon2
|-damage|p2a: Porygon2|14/100 par
|cant|p2a: Porygon2|flinch
|
|upkeep
|turn|42
|
|t:|1636625212
|move|p1a: Jirachi|Iron Head|p2a: Porygon2
|-damage|p2a: Porygon2|0 fnt
|faint|p2a: Porygon2
|
|upkeep
|
|t:|1636625214
|switch|p2a: Mimikyu|Mimikyu, M, shiny|91/100
|turn|43
|
|t:|1636625216
|move|p1a: Jirachi|Iron Head|p2a: Mimikyu
|-activate|p2a: Mimikyu|ability: Disguise
|-damage|p2a: Mimikyu|91/100
|detailschange|p2a: Mimikyu|Mimikyu-Busted, M, shiny
|-damage|p2a: Mimikyu|78/100|[from] pokemon: Mimikyu-Busted
|move|p2a: Mimikyu|Swords Dance|p2a: Mimikyu
|-boost|p2a: Mimikyu|atk|2
|
|upkeep
|turn|44
|
|t:|1636625219
|move|p2a: Mimikyu|Shadow Sneak|p1a: Jirachi
|-supereffective|p1a: Jirachi
|-damage|p1a: Jirachi|26/100
|-damage|p2a: Mimikyu|69/100|[from] item: Life Orb
|move|p1a: Jirachi|Iron Head|p2a: Mimikyu
|-supereffective|p2a: Mimikyu
|-damage|p2a: Mimikyu|0 fnt
|faint|p2a: Mimikyu
|
|win|Mel2345
|raw|Mel2345's rating: 1710 &rarr; <strong>1732</strong><br />(+22 for winning)
|raw|coeur de ciel's rating: 1749 &rarr; <strong>1727</strong><br />(-22 for losing)
|l|☆coeur de ciel
|c|☆Mel2345|gg
