|j|☆legitteambuilder
|j|☆AmoARellis
|t:|1659794660
|gametype|singles
|player|p1|legitteambuilder|cyrus|1573
|player|p2|AmoARellis|2|1481
|teamsize|p1|6
|teamsize|p2|6
|gen|8
|tier|[Gen 8] OU
|rated|
|rule|Sleep Clause Mod: Limit one foe put to sleep
|rule|Species Clause: Limit one of each Pokémon
|rule|OHKO Clause: OHKO moves are banned
|rule|Evasion Items Clause: Evasion items are banned
|rule|Evasion Moves Clause: Evasion moves are banned
|rule|Endless Battle Clause: Forcing endless battles is banned
|rule|HP Percentage Mod: HP is shown in percentages
|rule|Dynamax Clause: You cannot dynamax
|clearpoke
|poke|p1|Nidoking, M|
|poke|p1|Heatran, M|
|poke|p1|Weavile, M|
|poke|p1|Corviknight, M|
|poke|p1|Slowbro, M|
|poke|p1|Buzzwole|
|poke|p2|Torkoal, M|
|poke|p2|Darmanitan, F|
|poke|p2|Venusaur, M|
|poke|p2|Clefable, M|
|poke|p2|Porygon2|
|poke|p2|Gyarados, F|
|teampreview
|inactive|Battle timer is ON: inactive players will automatically lose when time's up. (requested by AmoARellis)
|inactive|legitteambuilder also wants the timer to be on.
|
|t:|1659794680
|start
|switch|p1a: Heatran|Heatran, M|100/100
|switch|p2a: Porygon2|Porygon2|100/100
|-item|p1a: Heatran|Air Balloon
|-ability|p2a: Porygon2|Flash Fire|[from] ability: Trace|[of] p1a: Heatran
|turn|1
|inactive|legitteambuilder has 120 seconds left.
|
|t:|1659794727
|move|p1a: Heatran|Magma Storm|p2a: Porygon2
|-start|p2a: Porygon2|ability: Flash Fire
|move|p2a: Porygon2|Ice Beam|p1a: Heatran
|-resisted|p1a: Heatran
|-damage|p1a: Heatran|95/100
|-enditem|p1a: Heatran|Air Balloon
|
|upkeep
|turn|2
|
|t:|1659794736
|-end|p2a: Porygon2|ability: Flash Fire|[silent]
|switch|p2a: Gyarados|Gyarados, F|100/100
|move|p1a: Heatran|Stealth Rock|p2a: Gyarados
|-sidestart|p2: AmoARellis|move: Stealth Rock
|
|upkeep
|turn|3
|
|t:|1659794738
|switch|p1a: off da perc|Slowbro, M, shiny|100/100
|move|p2a: Gyarados|Substitute|p2a: Gyarados
|-start|p2a: Gyarados|Substitute
|-damage|p2a: Gyarados|76/100
|
|-heal|p2a: Gyarados|82/100|[from] item: Leftovers
|upkeep
|turn|4
|
|t:|1659794741
|move|p2a: Gyarados|Dragon Dance|p2a: Gyarados
|-boost|p2a: Gyarados|atk|1
|-boost|p2a: Gyarados|spe|1
|move|p1a: off da perc|Future Sight|p2a: Gyarados
|-start|p1a: off da perc|move: Future Sight
|
|-heal|p2a: Gyarados|88/100|[from] item: Leftovers
|upkeep
|turn|5
|
|t:|1659794743
|move|p2a: Gyarados|Dragon Dance|p2a: Gyarados
|-boost|p2a: Gyarados|atk|1
|-boost|p2a: Gyarados|spe|1
|move|p1a: off da perc|Teleport|p1a: off da perc
|
|t:|1659794749
|switch|p1a: Corviknight|Corviknight, M|100/100|[from]move: Teleport
|-ability|p1a: Corviknight|Pressure
|
|-heal|p2a: Gyarados|94/100|[from] item: Leftovers
|upkeep
|turn|6
|
|t:|1659794752
|move|p2a: Gyarados|Waterfall|p1a: Corviknight
|-damage|p1a: Corviknight|35/100
|move|p1a: Corviknight|Brave Bird|p2a: Gyarados
|-end|p2a: Gyarados|Substitute
|-damage|p1a: Corviknight|28/100|[from] Recoil|[of] p2a: Gyarados
|
|-end|p2a: Gyarados|move: Future Sight
|-damage|p2a: Gyarados|51/100
|-heal|p2a: Gyarados|57/100|[from] item: Leftovers
|-heal|p1a: Corviknight|34/100|[from] item: Leftovers
|upkeep
|turn|7
|
|t:|1659794760
|move|p2a: Gyarados|Waterfall|p1a: Corviknight
|-damage|p1a: Corviknight|0 fnt
|faint|p1a: Corviknight
|-ability|p2a: Gyarados|Moxie|boost
|-boost|p2a: Gyarados|atk|1
|
|-heal|p2a: Gyarados|63/100|[from] item: Leftovers
|upkeep
|
|t:|1659794767
|switch|p1a: Vilgax|Buzzwole|100/100
|turn|8
|
|t:|1659794774
|switch|p1a: off da perc|Slowbro, M, shiny|100/100
|move|p2a: Gyarados|Waterfall|p1a: off da perc
|-resisted|p1a: off da perc
|-damage|p1a: off da perc|72/100
|-damage|p2a: Gyarados|47/100|[from] item: Rocky Helmet|[of] p1a: off da perc
|
|-heal|p2a: Gyarados|53/100|[from] item: Leftovers
|upkeep
|turn|9
|
|t:|1659794778
|move|p2a: Gyarados|Substitute|p2a: Gyarados
|-start|p2a: Gyarados|Substitute
|-damage|p2a: Gyarados|28/100
|move|p1a: off da perc|Future Sight|p2a: Gyarados
|-start|p1a: off da perc|move: Future Sight
|
|-heal|p2a: Gyarados|34/100|[from] item: Leftovers
|upkeep
|turn|10
|
|t:|1659794780
|move|p2a: Gyarados|Earthquake|p1a: off da perc
|-damage|p1a: off da perc|25/100
|move|p1a: off da perc|Teleport|p1a: off da perc
|
|t:|1659794784
|switch|p1a: Vilgax|Buzzwole|100/100|[from]move: Teleport
|
|-heal|p2a: Gyarados|40/100|[from] item: Leftovers
|upkeep
|turn|11
|
|t:|1659794786
|move|p2a: Gyarados|Waterfall|p1a: Vilgax
|-damage|p1a: Vilgax|36/100
|cant|p1a: Vilgax|flinch
|
|-end|p2a: Gyarados|move: Future Sight
|-end|p2a: Gyarados|Substitute
|-heal|p2a: Gyarados|46/100|[from] item: Leftovers
|upkeep
|turn|12
|
|t:|1659794792
|move|p2a: Gyarados|Waterfall|p1a: Vilgax
|-damage|p1a: Vilgax|0 fnt
|faint|p1a: Vilgax
|-ability|p2a: Gyarados|Moxie|boost
|-boost|p2a: Gyarados|atk|1
|
|-heal|p2a: Gyarados|52/100|[from] item: Leftovers
|upkeep
|-message|legitteambuilder forfeited.
|
|win|AmoARellis
|raw|legitteambuilder's rating: 1589 &rarr; <strong>1564</strong><br />(-25 for losing)
|raw|AmoARellis's rating: 1500 &rarr; <strong>1525</strong><br />(+25 for winning)
|l|☆legitteambuilder
