|j|☆N30N3
|j|☆Storm Zone
|player|p1|N30N3|2|1894
|player|p2|Storm Zone|zinnia|1860
|teamsize|p1|6
|teamsize|p2|6
|gametype|singles
|gen|8
|tier|[Gen 8] OU
|rated|
|html|<div class="broadcast-blue"><strong>OU is currently suspecting Dracovish! For information on how to participate check out the <a href="https://www.smogon.com/forums/threads/3664521/">suspect thread</a>.</strong></div>
|clearpoke
|poke|p1|Mimikyu, F|
|poke|p1|Hippowdon, F|
|poke|p1|Excadrill, F|
|poke|p1|Tyranitar, F|
|poke|p1|Kyurem|
|poke|p1|Ferrothorn, M|
|poke|p2|Necrozma|
|poke|p2|Ferrothorn, M|
|poke|p2|Togekiss, M|
|poke|p2|Seismitoad, M|
|poke|p2|Kommo-o, M|
|poke|p2|Rotom-Heat|
|rule|Sleep Clause Mod: Limit one foe put to sleep
|rule|Species Clause: Limit one of each Pokémon
|rule|OHKO Clause: OHKO moves are banned
|rule|Evasion Moves Clause: Evasion moves are banned
|rule|Endless Battle Clause: Forcing endless battles is banned
|rule|HP Percentage Mod: HP is shown in percentages
|rule|Dynamax Clause: You cannot dynamax
|teampreview
|inactive|Battle timer is ON: inactive players will automatically lose when time's up. (requested by N30N3)
|j| ImStillDaddy
|j| halkddhfahd
|
|start
|switch|p1a: Kyurem|Kyurem|100/100
|switch|p2a: Cloud n1n3|Togekiss, M|100/100
|-ability|p1a: Kyurem|Pressure
|turn|1
|
|move|p2a: Cloud n1n3|Dazzling Gleam|p1a: Kyurem
|-supereffective|p1a: Kyurem
|-damage|p1a: Kyurem|22/100
|move|p1a: Kyurem|Ice Beam|p2a: Cloud n1n3
|-supereffective|p2a: Cloud n1n3
|-damage|p2a: Cloud n1n3|0 fnt
|faint|p2a: Cloud n1n3
|
|upkeep
|
|switch|p2a: Phantom|Rotom-Heat|100/100
|turn|2
|
|switch|p1a: Hippowdon|Hippowdon, F|100/100
|-weather|Sandstorm|[from] ability: Sand Stream|[of] p1a: Hippowdon
|move|p2a: Phantom|Will-O-Wisp|p1a: Hippowdon
|-status|p1a: Hippowdon|brn
|
|-weather|Sandstorm|[upkeep]
|-damage|p2a: Phantom|94/100|[from] Sandstorm
|-damage|p1a: Hippowdon|94/100 brn|[from] brn
|upkeep
|turn|3
|
|move|p2a: Phantom|Overheat|p1a: Hippowdon
|-damage|p1a: Hippowdon|47/100 brn
|-unboost|p2a: Phantom|spa|2
|move|p1a: Hippowdon|Stealth Rock|p2a: Phantom
|-sidestart|p2: Storm Zone|move: Stealth Rock
|
|-weather|Sandstorm|[upkeep]
|-damage|p2a: Phantom|88/100|[from] Sandstorm
|-damage|p1a: Hippowdon|41/100 brn|[from] brn
|upkeep
|turn|4
|
|move|p2a: Phantom|Defog|p1a: Hippowdon
|-unboost|p1a: Hippowdon|evasion|1
|-sideend|p2: Storm Zone|Stealth Rock|[from] move: Defog|[of] p2a: Phantom
|move|p1a: Hippowdon|Slack Off|p1a: Hippowdon
|-heal|p1a: Hippowdon|91/100 brn
|
|-weather|Sandstorm|[upkeep]
|-damage|p2a: Phantom|82/100|[from] Sandstorm
|-damage|p1a: Hippowdon|85/100 brn|[from] brn
|upkeep
|turn|5
|
|switch|p2a: Fate|Necrozma, shiny|100/100
|move|p1a: Hippowdon|Stealth Rock|p2a: Fate
|-sidestart|p2: Storm Zone|move: Stealth Rock
|
|-weather|Sandstorm|[upkeep]
|-damage|p2a: Fate|95/100|[from] Sandstorm
|-damage|p1a: Hippowdon|79/100 brn|[from] brn
|upkeep
|turn|6
|
|switch|p1a: Tyranitar|Tyranitar, F|100/100
|move|p2a: Fate|Earth Power|p1a: Tyranitar
|-supereffective|p1a: Tyranitar
|-damage|p1a: Tyranitar|32/100
|-unboost|p1a: Tyranitar|spd|1
|
|-weather|Sandstorm|[upkeep]
|-damage|p2a: Fate|89/100|[from] Sandstorm
|upkeep
|turn|7
|
|move|p2a: Fate|Earth Power|p1a: Tyranitar
|-supereffective|p1a: Tyranitar
|-damage|p1a: Tyranitar|0 fnt
|faint|p1a: Tyranitar
|
|-weather|Sandstorm|[upkeep]
|-damage|p2a: Fate|83/100|[from] Sandstorm
|upkeep
|
|switch|p1a: Kyurem|Kyurem|22/100
|-ability|p1a: Kyurem|Pressure
|turn|8
|j| tacodish
|
|move|p1a: Kyurem|Draco Meteor|p2a: Fate
|-damage|p2a: Fate|0 fnt
|-unboost|p1a: Kyurem|spa|2
|faint|p2a: Fate
|
|-weather|Sandstorm|[upkeep]
|-damage|p1a: Kyurem|16/100|[from] Sandstorm
|upkeep
|
|switch|p2a: Phantom|Rotom-Heat|82/100
|turn|9
|
|switch|p1a: Mimikyu|Mimikyu, F|100/100
|move|p2a: Phantom|Defog|p1a: Mimikyu
|-unboost|p1a: Mimikyu|evasion|1
|-sideend|p2: Storm Zone|Stealth Rock|[from] move: Defog|[of] p2a: Phantom
|
|-weather|none
|upkeep
|turn|10
|
|switch|p1a: Hippowdon|Hippowdon, F|79/100 brn
|-weather|Sandstorm|[from] ability: Sand Stream|[of] p1a: Hippowdon
|move|p2a: Phantom|Will-O-Wisp|p1a: Hippowdon
|-fail|p1a: Hippowdon|brn
|
|-weather|Sandstorm|[upkeep]
|-damage|p2a: Phantom|75/100|[from] Sandstorm
|-damage|p1a: Hippowdon|72/100 brn|[from] brn
|upkeep
|turn|11
|
|switch|p2a: Globox|Seismitoad, M|100/100
|move|p1a: Hippowdon|Slack Off|p1a: Hippowdon
|-heal|p1a: Hippowdon|100/100 brn
|
|-weather|Sandstorm|[upkeep]
|-damage|p1a: Hippowdon|94/100 brn|[from] brn
|upkeep
|turn|12
|
|move|p2a: Globox|Stealth Rock|p1a: Hippowdon
|-sidestart|p1: N30N3|move: Stealth Rock
|move|p1a: Hippowdon|Stealth Rock|p2a: Globox
|-sidestart|p2: Storm Zone|move: Stealth Rock
|
|-weather|Sandstorm|[upkeep]
|-damage|p1a: Hippowdon|88/100 brn|[from] brn
|upkeep
|turn|13
|
|switch|p1a: Ferrothorn|Ferrothorn, M|100/100
|-damage|p1a: Ferrothorn|94/100|[from] Stealth Rock
|move|p2a: Globox|Scald|p1a: Ferrothorn
|-resisted|p1a: Ferrothorn
|-damage|p1a: Ferrothorn|85/100
|
|-weather|Sandstorm|[upkeep]
|-heal|p1a: Ferrothorn|91/100|[from] item: Leftovers
|upkeep
|turn|14
|
|switch|p2a: King Komodo|Kommo-o, M|100/100
|-damage|p2a: King Komodo|94/100|[from] Stealth Rock
|move|p1a: Ferrothorn|Spikes|p2a: King Komodo
|-sidestart|p2: Storm Zone|Spikes
|
|-weather|Sandstorm|[upkeep]
|-damage|p2a: King Komodo|88/100|[from] Sandstorm
|-heal|p1a: Ferrothorn|98/100|[from] item: Leftovers
|upkeep
|turn|15
|
|switch|p1a: Hippowdon|Hippowdon, F|88/100 brn
|-damage|p1a: Hippowdon|82/100 brn|[from] Stealth Rock
|move|p2a: King Komodo|Close Combat|p1a: Hippowdon
|-damage|p1a: Hippowdon|41/100 brn
|-unboost|p2a: King Komodo|def|1
|-unboost|p2a: King Komodo|spd|1
|-damage|p2a: King Komodo|78/100|[from] item: Life Orb
|
|-weather|Sandstorm|[upkeep]
|-damage|p2a: King Komodo|72/100|[from] Sandstorm
|-damage|p1a: Hippowdon|35/100 brn|[from] brn
|upkeep
|turn|16
|j| SKL 420
|
|move|p2a: King Komodo|Earthquake|p1a: Hippowdon
|-damage|p1a: Hippowdon|15/100 brn
|-damage|p2a: King Komodo|62/100|[from] item: Life Orb
|move|p1a: Hippowdon|Whirlwind|p2a: King Komodo
|drag|p2a: Globox|Seismitoad, M|100/100
|-damage|p2a: Globox|94/100|[from] Stealth Rock
|-damage|p2a: Globox|82/100|[from] Spikes
|
|-weather|Sandstorm|[upkeep]
|-heal|p2a: Globox|88/100|[from] item: Leftovers
|-damage|p1a: Hippowdon|9/100 brn|[from] brn
|upkeep
|turn|17
|
|switch|p1a: Ferrothorn|Ferrothorn, M|98/100
|-damage|p1a: Ferrothorn|91/100|[from] Stealth Rock
|move|p2a: Globox|Scald|p1a: Ferrothorn
|-resisted|p1a: Ferrothorn
|-damage|p1a: Ferrothorn|82/100
|
|-weather|none
|-heal|p2a: Globox|94/100|[from] item: Leftovers
|-heal|p1a: Ferrothorn|89/100|[from] item: Leftovers
|upkeep
|turn|18
|
|switch|p2a: Temple|Ferrothorn, M|100/100
|-damage|p2a: Temple|94/100|[from] Stealth Rock
|-damage|p2a: Temple|82/100|[from] Spikes
|move|p1a: Ferrothorn|Knock Off|p2a: Temple
|-damage|p2a: Temple|69/100
|-damage|p1a: Ferrothorn|76/100|[from] ability: Iron Barbs|[of] p2a: Temple
|-damage|p1a: Ferrothorn|60/100|[from] item: Rocky Helmet|[of] p2a: Temple
|-enditem|p2a: Temple|Rocky Helmet|[from] move: Knock Off|[of] p1a: Ferrothorn
|
|-heal|p1a: Ferrothorn|66/100|[from] item: Leftovers
|upkeep
|turn|19
|
|move|p2a: Temple|Knock Off|p1a: Ferrothorn
|-damage|p1a: Ferrothorn|54/100
|-damage|p2a: Temple|56/100|[from] ability: Iron Barbs|[of] p1a: Ferrothorn
|-enditem|p1a: Ferrothorn|Leftovers|[from] move: Knock Off|[of] p2a: Temple
|move|p1a: Ferrothorn|Spikes|p2a: Temple
|-sidestart|p2: Storm Zone|Spikes
|
|upkeep
|turn|20
|
|move|p2a: Temple|Spikes|p1a: Ferrothorn
|-sidestart|p1: N30N3|Spikes
|move|p1a: Ferrothorn|Spikes|p2a: Temple
|-sidestart|p2: Storm Zone|Spikes
|
|upkeep
|turn|21
|
|move|p2a: Temple|Spikes|p1a: Ferrothorn
|-sidestart|p1: N30N3|Spikes
|move|p1a: Ferrothorn|Leech Seed|p2a: Temple
|-immune|p2a: Temple
|
|upkeep
|turn|22
|
|move|p2a: Temple|Leech Seed|p1a: Ferrothorn
|-immune|p1a: Ferrothorn
|move|p1a: Ferrothorn|Leech Seed|p2a: Temple
|-immune|p2a: Temple
|
|upkeep
|turn|23
|
|move|p2a: Temple|Spikes|p1a: Ferrothorn
|-sidestart|p1: N30N3|Spikes
|move|p1a: Ferrothorn|Leech Seed|p2a: Temple
|-immune|p2a: Temple
|
|upkeep
|turn|24
|
|move|p2a: Temple|Leech Seed|p1a: Ferrothorn
|-immune|p1a: Ferrothorn
|move|p1a: Ferrothorn|Knock Off|p2a: Temple
|-damage|p2a: Temple|48/100
|-damage|p1a: Ferrothorn|41/100|[from] ability: Iron Barbs|[of] p2a: Temple
|
|upkeep
|turn|25
|
|move|p2a: Temple|Leech Seed|p1a: Ferrothorn
|-immune|p1a: Ferrothorn
|move|p1a: Ferrothorn|Knock Off|p2a: Temple
|-damage|p2a: Temple|39/100
|-damage|p1a: Ferrothorn|29/100|[from] ability: Iron Barbs|[of] p2a: Temple
|
|upkeep
|turn|26
|
|move|p2a: Temple|Leech Seed|p1a: Ferrothorn
|-immune|p1a: Ferrothorn
|move|p1a: Ferrothorn|Knock Off|p2a: Temple
|-damage|p2a: Temple|31/100
|-damage|p1a: Ferrothorn|16/100|[from] ability: Iron Barbs|[of] p2a: Temple
|
|upkeep
|turn|27
|
|move|p2a: Temple|Leech Seed|p1a: Ferrothorn
|-immune|p1a: Ferrothorn
|move|p1a: Ferrothorn|Knock Off|p2a: Temple
|-damage|p2a: Temple|23/100
|-damage|p1a: Ferrothorn|4/100|[from] ability: Iron Barbs|[of] p2a: Temple
|
|upkeep
|turn|28
|
|move|p2a: Temple|Leech Seed|p1a: Ferrothorn
|-immune|p1a: Ferrothorn
|move|p1a: Ferrothorn|Leech Seed|p2a: Temple
|-immune|p2a: Temple
|
|upkeep
|turn|29
|
|move|p2a: Temple|Knock Off|p1a: Ferrothorn
|-damage|p1a: Ferrothorn|0 fnt
|-damage|p2a: Temple|11/100|[from] ability: Iron Barbs|[of] p1a: Ferrothorn
|faint|p1a: Ferrothorn
|
|upkeep
|
|switch|p1a: Excadrill|Excadrill, F|100/100
|-damage|p1a: Excadrill|97/100|[from] Stealth Rock
|-damage|p1a: Excadrill|73/100|[from] Spikes
|turn|30
|
|move|p1a: Excadrill|Rapid Spin|p2a: Temple
|-resisted|p2a: Temple
|-damage|p2a: Temple|3/100
|-boost|p1a: Excadrill|spe|1
|-damage|p1a: Excadrill|60/100|[from] ability: Iron Barbs|[of] p2a: Temple
|-sideend|p1: N30N3|Spikes|[from] move: Rapid Spin|[of] p1a: Excadrill
|-sideend|p1: N30N3|Stealth Rock|[from] move: Rapid Spin|[of] p1a: Excadrill
|-damage|p1a: Excadrill|50/100|[from] item: Life Orb
|move|p2a: Temple|Gyro Ball|p1a: Excadrill
|-resisted|p1a: Excadrill
|-damage|p1a: Excadrill|17/100
|
|upkeep
|turn|31
|
|move|p1a: Excadrill|Earthquake|p2a: Temple
|-damage|p2a: Temple|0 fnt
|-damage|p1a: Excadrill|7/100|[from] item: Life Orb
|faint|p2a: Temple
|
|upkeep
|
|switch|p2a: Globox|Seismitoad, M|94/100
|-damage|p2a: Globox|69/100|[from] Spikes
|-damage|p2a: Globox|63/100|[from] Stealth Rock
|turn|32
|
|move|p1a: Excadrill|Earthquake|p2a: Globox
|-damage|p2a: Globox|11/100
|-damage|p1a: Excadrill|0 fnt|[from] item: Life Orb
|faint|p1a: Excadrill
|move|p2a: Globox|Stealth Rock|p1: Excadrill
|-sidestart|p1: N30N3|move: Stealth Rock
|
|-heal|p2a: Globox|17/100|[from] item: Leftovers
|upkeep
|j|‽LowGxeDoritos
|
|switch|p1a: Mimikyu|Mimikyu, F|100/100
|-damage|p1a: Mimikyu|88/100|[from] Stealth Rock
|turn|33
|
|move|p1a: Mimikyu|Play Rough|p2a: Globox
|-damage|p2a: Globox|0 fnt
|-damage|p1a: Mimikyu|78/100|[from] item: Life Orb
|faint|p2a: Globox
|
|upkeep
|
|switch|p2a: Phantom|Rotom-Heat|75/100
|turn|34
|
|switch|p1a: Hippowdon|Hippowdon, F|9/100 brn
|-damage|p1a: Hippowdon|3/100 brn|[from] Stealth Rock
|-weather|Sandstorm|[from] ability: Sand Stream|[of] p1a: Hippowdon
|move|p2a: Phantom|Will-O-Wisp|p1a: Hippowdon
|-fail|p1a: Hippowdon|brn
|
|-weather|Sandstorm|[upkeep]
|-damage|p2a: Phantom|69/100|[from] Sandstorm
|-damage|p1a: Hippowdon|0 fnt|[from] brn
|faint|p1a: Hippowdon
|upkeep
|
|switch|p1a: Mimikyu|Mimikyu, F|78/100
|-damage|p1a: Mimikyu|66/100|[from] Stealth Rock
|turn|35
|
|switch|p1a: Kyurem|Kyurem|16/100
|-damage|p1a: Kyurem|0 fnt|[from] Stealth Rock
|faint|p1a: Kyurem
|move|p2a: Phantom|Will-O-Wisp|p1: Kyurem|[notarget]
|-fail|p2a: Phantom
|
|-weather|Sandstorm|[upkeep]
|-damage|p2a: Phantom|63/100|[from] Sandstorm
|upkeep
|
|switch|p1a: Mimikyu|Mimikyu, F|66/100
|-damage|p1a: Mimikyu|53/100|[from] Stealth Rock
|turn|36
|
|move|p1a: Mimikyu|Swords Dance|p1a: Mimikyu
|-boost|p1a: Mimikyu|atk|2
|move|p2a: Phantom|Will-O-Wisp|p1a: Mimikyu
|-status|p1a: Mimikyu|brn
|
|-weather|Sandstorm|[upkeep]
|-damage|p1a: Mimikyu|48/100 brn|[from] Sandstorm
|-damage|p2a: Phantom|57/100|[from] Sandstorm
|-damage|p1a: Mimikyu|42/100 brn|[from] brn
|upkeep
|turn|37
|
|move|p1a: Mimikyu|Drain Punch|p2a: Phantom
|-damage|p2a: Phantom|31/100
|-heal|p1a: Mimikyu|57/100 brn|[from] drain|[of] p2a: Phantom
|-damage|p1a: Mimikyu|47/100 brn|[from] item: Life Orb
|move|p2a: Phantom|Volt Switch|p1a: Mimikyu
|-activate|p1a: Mimikyu|ability: Disguise
|-damage|p1a: Mimikyu|47/100 brn
|detailschange|p1a: Mimikyu|Mimikyu-Busted, F
|-damage|p1a: Mimikyu|35/100 brn|[from] pokemon: Mimikyu-Busted
|
|switch|p2a: King Komodo|Kommo-o, M|62/100|[from]move: Volt Switch
|-damage|p2a: King Komodo|37/100|[from] Spikes
|-damage|p2a: King Komodo|31/100|[from] Stealth Rock
|
|-weather|Sandstorm|[upkeep]
|-damage|p1a: Mimikyu|29/100 brn|[from] Sandstorm
|-damage|p2a: King Komodo|25/100|[from] Sandstorm
|-damage|p1a: Mimikyu|23/100 brn|[from] brn
|upkeep
|turn|38
|
|move|p1a: Mimikyu|Drain Punch|p2a: King Komodo
|-damage|p2a: King Komodo|0 fnt
|-heal|p1a: Mimikyu|37/100 brn|[from] drain|[of] p2a: King Komodo
|-damage|p1a: Mimikyu|27/100 brn|[from] item: Life Orb
|faint|p2a: King Komodo
|
|-weather|Sandstorm|[upkeep]
|-damage|p1a: Mimikyu|21/100 brn|[from] Sandstorm
|-damage|p1a: Mimikyu|15/100 brn|[from] brn
|upkeep
|
|switch|p2a: Phantom|Rotom-Heat|31/100
|turn|39
|
|move|p1a: Mimikyu|Drain Punch|p2a: Phantom
|-damage|p2a: Phantom|6/100
|-heal|p1a: Mimikyu|31/100 brn|[from] drain|[of] p2a: Phantom
|-damage|p1a: Mimikyu|21/100 brn|[from] item: Life Orb
|move|p2a: Phantom|Volt Switch|p1a: Mimikyu
|-damage|p1a: Mimikyu|0 fnt
|faint|p1a: Mimikyu
|
|win|Storm Zone
|c|☆Storm Zone|gg
|c|☆N30N3|Gg
|l|☆N30N3
|l|☆Storm Zone
|raw|N30N3's rating: 1894 &rarr; <strong>1870</strong><br />(-24 for losing)
|raw|Storm Zone's rating: 1833 &rarr; <strong>1856</strong><br />(+23 for winning)
