|j|☆omefar
|j|☆Shotintheheart
|t:|1662894837
|gametype|singles
|player|p1|omefar|266|1603
|player|p2|Shotintheheart|1|1681
|teamsize|p1|6
|teamsize|p2|6
|gen|8
|tier|[Gen 8] OU
|rated|
|rule|Sleep Clause Mod: Limit one foe put to sleep
|rule|Species Clause: Limit one of each Pokémon
|rule|OHKO Clause: OHKO moves are banned
|rule|Evasion Items Clause: Evasion items are banned
|rule|Evasion Moves Clause: Evasion moves are banned
|rule|Endless Battle Clause: Forcing endless battles is banned
|rule|HP Percentage Mod: HP is shown in percentages
|rule|Dynamax Clause: You cannot dynamax
|clearpoke
|poke|p1|Corviknight, M|
|poke|p1|Tapu Koko|
|poke|p1|Hawlucha, M|
|poke|p1|Slurpuff, F|
|poke|p1|Polteageist-Antique|
|poke|p1|Cloyster, M|
|poke|p2|Rillaboom, F|
|poke|p2|Zapdos|
|poke|p2|Obstagoon, M|
|poke|p2|Heatran, M|
|poke|p2|Tapu Fini|
|poke|p2|Swampert, M|
|teampreview
|
|t:|1662894846
|start
|switch|p1a: Polteageist|Polteageist-Antique|100/100
|switch|p2a: Rillaboom|Rillaboom, F|100/100
|-fieldstart|move: Grassy Terrain|[from] ability: Grassy Surge|[of] p2a: Rillaboom
|turn|1
|inactive|Battle timer is ON: inactive players will automatically lose when time's up. (requested by omefar)
|
|t:|1662894854
|switch|p1a: Tapu Koko|Tapu Koko|100/100
|-fieldstart|move: Electric Terrain|[from] ability: Electric Surge|[of] p1a: Tapu Koko
|move|p2a: Rillaboom|U-turn|p1a: Tapu Koko
|-resisted|p1a: Tapu Koko
|-damage|p1a: Tapu Koko|80/100
|
|t:|1662894866
|switch|p2a: Swampert|Swampert, M|100/100|[from]move: U-turn
|
|upkeep
|turn|2
|
|t:|1662894872
|move|p1a: Tapu Koko|Taunt|p2a: Swampert
|-start|p2a: Swampert|move: Taunt
|cant|p2a: Swampert|move: Taunt|Stealth Rock
|
|upkeep
|turn|3
|
|t:|1662894876
|move|p1a: Tapu Koko|Reflect|p1a: Tapu Koko
|-sidestart|p1: omefar|Reflect
|move|p2a: Swampert|Flip Turn|p1a: Tapu Koko
|-damage|p1a: Tapu Koko|66/100
|
|t:|1662894880
|switch|p2a: Heatran|Heatran, M|100/100|[from]move: Flip Turn
|
|upkeep
|turn|4
|
|t:|1662894884
|move|p2a: Heatran|Eruption|p1a: Tapu Koko
|-damage|p1a: Tapu Koko|0 fnt
|faint|p1a: Tapu Koko
|
|upkeep
|
|t:|1662894890
|switch|p1a: Hawlucha|Hawlucha, M|100/100
|-enditem|p1a: Hawlucha|Electric Seed
|-boost|p1a: Hawlucha|def|1|[from] item: Electric Seed
|turn|5
|j| Sino pacific
|
|t:|1662894895
|switch|p2a: Zapdos|Zapdos, shiny|100/100
|move|p1a: Hawlucha|Drain Punch|p2a: Zapdos
|-resisted|p2a: Zapdos
|-damage|p2a: Zapdos|88/100
|-status|p1a: Hawlucha|par|[from] ability: Static|[of] p2a: Zapdos
|
|-fieldend|move: Electric Terrain
|upkeep
|turn|6
|
|t:|1662894904
|move|p1a: Hawlucha|Swords Dance|p1a: Hawlucha
|-boost|p1a: Hawlucha|atk|2
|move|p2a: Zapdos|Volt Switch|p1a: Hawlucha
|-supereffective|p1a: Hawlucha
|-damage|p1a: Hawlucha|20/100 par
|
|t:|1662894917
|switch|p2a: Rillaboom|Rillaboom, F|100/100|[from]move: Volt Switch
|-fieldstart|move: Grassy Terrain|[from] ability: Grassy Surge|[of] p2a: Rillaboom
|
|upkeep
|turn|7
|
|t:|1662894925
|move|p2a: Rillaboom|Grassy Glide|p1a: Hawlucha
|-resisted|p1a: Hawlucha
|-crit|p1a: Hawlucha
|-damage|p1a: Hawlucha|0 fnt
|faint|p1a: Hawlucha
|
|upkeep
|
|t:|1662894934
|switch|p1a: Cloyster|Cloyster, M|100/100
|turn|8
|
|t:|1662894941
|move|p2a: Rillaboom|Grassy Glide|p1a: Cloyster
|-supereffective|p1a: Cloyster
|-damage|p1a: Cloyster|39/100
|move|p1a: Cloyster|Shell Smash|p1a: Cloyster
|-unboost|p1a: Cloyster|def|1
|-unboost|p1a: Cloyster|spd|1
|-boost|p1a: Cloyster|atk|2
|-boost|p1a: Cloyster|spa|2
|-boost|p1a: Cloyster|spe|2
|
|-heal|p1a: Cloyster|45/100|[from] Grassy Terrain
|upkeep
|turn|9
|inactive|Shotintheheart has 120 seconds left.
|
|t:|1662894973
|move|p1a: Cloyster|Ice Shard|p2a: Rillaboom
|-supereffective|p2a: Rillaboom
|-damage|p2a: Rillaboom|16/100
|move|p2a: Rillaboom|Grassy Glide|p1a: Cloyster
|-supereffective|p1a: Cloyster
|-damage|p1a: Cloyster|0 fnt
|faint|p1a: Cloyster
|
|-heal|p2a: Rillaboom|22/100|[from] Grassy Terrain
|upkeep
|
|t:|1662894982
|switch|p1a: Polteageist|Polteageist-Antique|100/100
|turn|10
|
|t:|1662894986
|move|p2a: Rillaboom|Grassy Glide|p1a: Polteageist
|-damage|p1a: Polteageist|27/100
|-start|p2a: Rillaboom|Disable|Grassy Glide|[from] ability: Cursed Body|[of] p1a: Polteageist
|move|p1a: Polteageist|Shell Smash|p1a: Polteageist
|-unboost|p1a: Polteageist|def|1
|-unboost|p1a: Polteageist|spd|1
|-boost|p1a: Polteageist|atk|2
|-boost|p1a: Polteageist|spa|2
|-boost|p1a: Polteageist|spe|2
|-enditem|p1a: Polteageist|White Herb
|-clearnegativeboost|p1a: Polteageist|[silent]
|
|-heal|p1a: Polteageist|33/100|[from] Grassy Terrain
|-heal|p2a: Rillaboom|29/100|[from] Grassy Terrain
|-sideend|p1: omefar|Reflect
|-fieldend|move: Grassy Terrain
|upkeep
|turn|11
|
|t:|1662894999
|move|p1a: Polteageist|Giga Drain|p2a: Rillaboom
|-resisted|p2a: Rillaboom
|-damage|p2a: Rillaboom|0 fnt
|-heal|p1a: Polteageist|52/100|[from] drain|[of] p2a: Rillaboom
|faint|p2a: Rillaboom
|
|upkeep
|inactive|Shotintheheart has 120 seconds left.
|inactive|Shotintheheart has 90 seconds left.
|
|t:|1662895056
|switch|p2a: Heatran|Heatran, M|100/100
|turn|12
|inactive|Shotintheheart has 90 seconds left.
|
|t:|1662895068
|move|p1a: Polteageist|Shadow Ball|p2a: Heatran
|-damage|p2a: Heatran|3/100
|move|p2a: Heatran|Earth Power|p1a: Polteageist
|-crit|p1a: Polteageist
|-damage|p1a: Polteageist|0 fnt
|faint|p1a: Polteageist
|
|upkeep
|
|t:|1662895077
|switch|p1a: Corviknight|Corviknight, M|100/100
|-ability|p1a: Corviknight|Pressure
|turn|13
|
|t:|1662895082
|switch|p2a: Zapdos|Zapdos, shiny|88/100
|move|p1a: Corviknight|Agility|p1a: Corviknight
|-boost|p1a: Corviknight|spe|2
|
|upkeep
|turn|14
|
|t:|1662895089
|move|p1a: Corviknight|Bulk Up|p1a: Corviknight
|-boost|p1a: Corviknight|atk|1
|-boost|p1a: Corviknight|def|1
|move|p2a: Zapdos|Volt Switch|p1a: Corviknight
|-supereffective|p1a: Corviknight
|-damage|p1a: Corviknight|48/100
|-enditem|p1a: Corviknight|Weakness Policy
|-boost|p1a: Corviknight|atk|2|[from] item: Weakness Policy
|-boost|p1a: Corviknight|spa|2|[from] item: Weakness Policy
|
|t:|1662895102
|switch|p2a: Obstagoon|Obstagoon, M|100/100|[from]move: Volt Switch
|
|-status|p2a: Obstagoon|brn|[from] item: Flame Orb
|upkeep
|turn|15
|
|t:|1662895112
|move|p2a: Obstagoon|Obstruct|p2a: Obstagoon
|-singleturn|p2a: Obstagoon|Protect
|move|p1a: Corviknight|Roost|p1a: Corviknight
|-heal|p1a: Corviknight|98/100
|-singleturn|p1a: Corviknight|move: Roost
|
|-damage|p2a: Obstagoon|95/100 brn|[from] brn
|upkeep
|turn|16
|
|t:|1662895119
|move|p1a: Corviknight|Bulk Up|p1a: Corviknight
|-boost|p1a: Corviknight|atk|1
|-boost|p1a: Corviknight|def|1
|move|p2a: Obstagoon|Switcheroo|p1a: Corviknight
|-activate|p2a: Obstagoon|move: Trick|[of] p1a: Corviknight
|-item|p1a: Corviknight|Flame Orb|[from] move: Switcheroo
|-enditem|p2a: Obstagoon|Flame Orb|[silent]|[from] move: Switcheroo
|
|-damage|p2a: Obstagoon|89/100 brn|[from] brn
|-status|p1a: Corviknight|brn|[from] item: Flame Orb
|upkeep
|turn|17
|inactive|Shotintheheart has 120 seconds left.
|j| BestChad
|
|t:|1662895134
|switch|p2a: Tapu Fini|Tapu Fini|100/100
|-fieldstart|move: Misty Terrain|[from] ability: Misty Surge|[of] p2a: Tapu Fini
|move|p1a: Corviknight|Bulk Up|p1a: Corviknight
|-boost|p1a: Corviknight|atk|1
|-boost|p1a: Corviknight|def|1
|
|-damage|p1a: Corviknight|92/100 brn|[from] brn
|upkeep
|turn|18
|inactive|Shotintheheart has 120 seconds left.
|
|t:|1662895145
|move|p1a: Corviknight|Power Trip|p2a: Tapu Fini
|-resisted|p2a: Tapu Fini
|-damage|p2a: Tapu Fini|66/100
|move|p2a: Tapu Fini|Calm Mind|p2a: Tapu Fini
|-boost|p2a: Tapu Fini|spa|1
|-boost|p2a: Tapu Fini|spd|1
|
|-heal|p2a: Tapu Fini|72/100|[from] item: Leftovers
|-damage|p1a: Corviknight|86/100 brn|[from] brn
|upkeep
|turn|19
|
|t:|1662895154
|move|p1a: Corviknight|Bulk Up|p1a: Corviknight
|-boost|p1a: Corviknight|atk|1
|-boost|p1a: Corviknight|def|1
|move|p2a: Tapu Fini|Calm Mind|p2a: Tapu Fini
|-boost|p2a: Tapu Fini|spa|1
|-boost|p2a: Tapu Fini|spd|1
|
|-heal|p2a: Tapu Fini|78/100|[from] item: Leftovers
|-damage|p1a: Corviknight|80/100 brn|[from] brn
|upkeep
|turn|20
|
|t:|1662895166
|move|p1a: Corviknight|Power Trip|p2a: Tapu Fini
|-resisted|p2a: Tapu Fini
|-damage|p2a: Tapu Fini|31/100
|move|p2a: Tapu Fini|Calm Mind|p2a: Tapu Fini
|-boost|p2a: Tapu Fini|spa|1
|-boost|p2a: Tapu Fini|spd|1
|
|-heal|p2a: Tapu Fini|38/100|[from] item: Leftovers
|-damage|p1a: Corviknight|74/100 brn|[from] brn
|upkeep
|turn|21
|
|t:|1662895175
|move|p1a: Corviknight|Power Trip|p2a: Tapu Fini
|-resisted|p2a: Tapu Fini
|-damage|p2a: Tapu Fini|0 fnt
|faint|p2a: Tapu Fini
|
|-damage|p1a: Corviknight|68/100 brn|[from] brn
|-fieldend|Misty Terrain
|upkeep
|
|t:|1662895183
|switch|p2a: Zapdos|Zapdos, shiny|88/100
|turn|22
|j| KMTQ
|
|t:|1662895186
|move|p1a: Corviknight|Roost|p1a: Corviknight
|-heal|p1a: Corviknight|100/100 brn
|-singleturn|p1a: Corviknight|move: Roost
|move|p2a: Zapdos|Volt Switch|p1a: Corviknight
|-damage|p1a: Corviknight|75/100 brn
|
|t:|1662895196
|switch|p2a: Obstagoon|Obstagoon, M|89/100 brn|[from]move: Volt Switch
|
|-damage|p1a: Corviknight|69/100 brn|[from] brn
|-damage|p2a: Obstagoon|83/100 brn|[from] brn
|upkeep
|turn|23
|
|t:|1662895204
|move|p1a: Corviknight|Power Trip|p2a: Obstagoon
|-resisted|p2a: Obstagoon
|-damage|p2a: Obstagoon|16/100 brn
|move|p2a: Obstagoon|Facade|p1a: Corviknight
|-resisted|p1a: Corviknight
|-damage|p1a: Corviknight|55/100 brn
|
|-damage|p1a: Corviknight|49/100 brn|[from] brn
|-damage|p2a: Obstagoon|10/100 brn|[from] brn
|upkeep
|turn|24
|
|t:|1662895212
|move|p1a: Corviknight|Bulk Up|p1a: Corviknight
|-boost|p1a: Corviknight|atk|0
|-boost|p1a: Corviknight|def|1
|move|p2a: Obstagoon|Facade|p1a: Corviknight
|-resisted|p1a: Corviknight
|-damage|p1a: Corviknight|39/100 brn
|
|-damage|p1a: Corviknight|33/100 brn|[from] brn
|-damage|p2a: Obstagoon|4/100 brn|[from] brn
|upkeep
|turn|25
|
|t:|1662895220
|move|p2a: Obstagoon|Obstruct|p2a: Obstagoon
|-singleturn|p2a: Obstagoon|Protect
|move|p1a: Corviknight|Roost|p1a: Corviknight
|-heal|p1a: Corviknight|83/100 brn
|-singleturn|p1a: Corviknight|move: Roost
|
|-damage|p1a: Corviknight|77/100 brn|[from] brn
|-damage|p2a: Obstagoon|0 fnt|[from] brn
|faint|p2a: Obstagoon
|upkeep
|
|t:|1662895227
|switch|p2a: Zapdos|Zapdos, shiny|88/100
|turn|26
|
|t:|1662895232
|move|p1a: Corviknight|Roost|p1a: Corviknight
|-heal|p1a: Corviknight|100/100 brn
|-singleturn|p1a: Corviknight|move: Roost
|move|p2a: Zapdos|Volt Switch|p1a: Corviknight
|-damage|p1a: Corviknight|76/100 brn
|
|t:|1662895236
|switch|p2a: Heatran|Heatran, M|3/100|[from]move: Volt Switch
|
|-damage|p1a: Corviknight|70/100 brn|[from] brn
|upkeep
|turn|27
|
|t:|1662895241
|move|p1a: Corviknight|Power Trip|p2a: Heatran
|-damage|p2a: Heatran|0 fnt
|faint|p2a: Heatran
|
|-damage|p1a: Corviknight|63/100 brn|[from] brn
|upkeep
|
|t:|1662895251
|switch|p2a: Zapdos|Zapdos, shiny|88/100
|turn|28
|
|t:|1662895257
|move|p1a: Corviknight|Roost|p1a: Corviknight
|-heal|p1a: Corviknight|100/100 brn
|-singleturn|p1a: Corviknight|move: Roost
|move|p2a: Zapdos|Hurricane|p1a: Corviknight
|-resisted|p1a: Corviknight
|-damage|p1a: Corviknight|81/100 brn
|-start|p1a: Corviknight|confusion
|
|-damage|p1a: Corviknight|75/100 brn|[from] brn
|upkeep
|turn|29
|
|t:|1662895284
|-activate|p1a: Corviknight|confusion
|move|p1a: Corviknight|Roost|p1a: Corviknight
|-heal|p1a: Corviknight|100/100 brn
|-singleturn|p1a: Corviknight|move: Roost
|move|p2a: Zapdos|Volt Switch|p1a: Corviknight
|-damage|p1a: Corviknight|76/100 brn
|
|t:|1662895291
|switch|p2a: Swampert|Swampert, M|100/100|[from]move: Volt Switch
|
|-damage|p1a: Corviknight|70/100 brn|[from] brn
|upkeep
|turn|30
|
|t:|1662895296
|-activate|p1a: Corviknight|confusion
|move|p1a: Corviknight|Power Trip|p2a: Swampert
|-damage|p2a: Swampert|0 fnt
|faint|p2a: Swampert
|
|-damage|p1a: Corviknight|64/100 brn|[from] brn
|upkeep
|
|t:|1662895300
|switch|p2a: Zapdos|Zapdos, shiny|88/100
|turn|31
|
|t:|1662895303
|-activate|p1a: Corviknight|confusion
|-damage|p1a: Corviknight|55/100 brn|[from] confusion
|move|p2a: Zapdos|Volt Switch|p1a: Corviknight
|-supereffective|p1a: Corviknight
|-damage|p1a: Corviknight|4/100 brn
|
|-damage|p1a: Corviknight|0 fnt|[from] brn
|faint|p1a: Corviknight
|upkeep
|
|t:|1662895311
|switch|p1a: Slurpuff|Slurpuff, F|100/100
|turn|32
|
|t:|1662895322
|move|p1a: Slurpuff|Belly Drum|p1a: Slurpuff
|-damage|p1a: Slurpuff|50/100
|-setboost|p1a: Slurpuff|atk|6|[from] move: Belly Drum
|-enditem|p1a: Slurpuff|Sitrus Berry|[eat]
|-heal|p1a: Slurpuff|75/100|[from] item: Sitrus Berry
|move|p2a: Zapdos|Hurricane|p1a: Slurpuff
|-damage|p1a: Slurpuff|7/100
|-start|p1a: Slurpuff|confusion
|
|upkeep
|turn|33
|
|t:|1662895333
|-activate|p1a: Slurpuff|confusion
|-damage|p1a: Slurpuff|0 fnt|[from] confusion
|faint|p1a: Slurpuff
|
|win|Shotintheheart
|raw|omefar's rating: 1603 &rarr; <strong>1587</strong><br />(-16 for losing)
|raw|Shotintheheart's rating: 1681 &rarr; <strong>1697</strong><br />(+16 for winning)
|c|☆Shotintheheart|gg
|l| Sino pacific
|c|☆omefar|really?
|l| KMTQ
|c|☆Shotintheheart|i was lucky yhere
|c|☆Shotintheheart|in the end
|l|☆omefar
