|j|☆HOF69
|j|☆lt94je polt
|t:|1661050068
|gametype|singles
|player|p1|HOF69|red|1655
|player|p2|lt94je polt|#agplivlionsden|1673
|teamsize|p1|6
|teamsize|p2|6
|gen|8
|tier|[Gen 8] OU
|rated|
|rule|Sleep Clause Mod: Limit one foe put to sleep
|rule|Species Clause: Limit one of each Pokémon
|rule|OHKO Clause: OHKO moves are banned
|rule|Evasion Items Clause: Evasion items are banned
|rule|Evasion Moves Clause: Evasion moves are banned
|rule|Endless Battle Clause: Forcing endless battles is banned
|rule|HP Percentage Mod: HP is shown in percentages
|rule|Dynamax Clause: You cannot dynamax
|clearpoke
|poke|p1|Cloyster, M|
|poke|p1|Kartana|
|poke|p1|Tapu Lele|
|poke|p1|Gengar, M|
|poke|p1|Krookodile, M|
|poke|p1|Landorus-Therian, M|
|poke|p2|Mew|
|poke|p2|Weavile, F|
|poke|p2|Celesteela|
|poke|p2|Garchomp, F|
|poke|p2|Blacephalon|
|poke|p2|Crawdaunt, F|
|teampreview
|inactive|Battle timer is ON: inactive players will automatically lose when time's up. (requested by lt94je polt)
|
|t:|1661050073
|start
|switch|p1a: Gengar|Gengar, M, shiny|100/100
|switch|p2a: Mew|Mew, shiny|100/100
|turn|1
|
|t:|1661050076
|switch|p2a: Weavile|Weavile, F, shiny|100/100
|-ability|p2a: Weavile|Pressure
|move|p1a: Gengar|Taunt|p2a: Weavile
|-start|p2a: Weavile|move: Taunt
|
|upkeep
|turn|2
|
|t:|1661050080
|switch|p2a: Mew|Mew, shiny|100/100
|move|p1a: Gengar|Focus Blast|p2a: Mew|[miss]
|-miss|p1a: Gengar|p2a: Mew
|
|upkeep
|turn|3
|
|t:|1661050086
|switch|p2a: Blacephalon|Blacephalon, shiny|100/100
|move|p1a: Gengar|Taunt|p2a: Blacephalon
|-start|p2a: Blacephalon|move: Taunt
|
|upkeep
|turn|4
|j| Pokemh
|
|t:|1661050089
|move|p2a: Blacephalon|Shadow Ball|p1a: Gengar
|-supereffective|p1a: Gengar
|-enditem|p1a: Gengar|Focus Sash
|-damage|p1a: Gengar|1/100
|move|p1a: Gengar|Shadow Ball|p2a: Blacephalon
|-supereffective|p2a: Blacephalon
|-damage|p2a: Blacephalon|0 fnt
|faint|p2a: Blacephalon
|
|upkeep
|
|t:|1661050091
|switch|p2a: Weavile|Weavile, F, shiny|100/100
|-ability|p2a: Weavile|Pressure
|turn|5
|
|t:|1661050096
|move|p1a: Gengar|Focus Blast|p2a: Weavile|[miss]
|-miss|p1a: Gengar|p2a: Weavile
|move|p2a: Weavile|Knock Off|p1a: Gengar
|-supereffective|p1a: Gengar
|-damage|p1a: Gengar|0 fnt
|faint|p1a: Gengar
|-damage|p2a: Weavile|91/100|[from] item: Life Orb
|
|upkeep
|
|t:|1661050117
|switch|p1a: Kartana|Kartana|100/100
|turn|6
|
|t:|1661050125
|switch|p2a: Celesteela|Celesteela, shiny|100/100
|move|p1a: Kartana|Sacred Sword|p2a: Celesteela
|-damage|p2a: Celesteela|61/100
|
|upkeep
|turn|7
|
|t:|1661050128
|switch|p1a: Krookodile|Krookodile, M|100/100
|-ability|p1a: Krookodile|Intimidate|boost
|-unboost|p2a: Celesteela|atk|1
|move|p2a: Celesteela|Flamethrower|p1a: Krookodile
|-damage|p1a: Krookodile|61/100
|
|upkeep
|turn|8
|
|t:|1661050134
|switch|p2a: Mew|Mew, shiny|100/100
|move|p1a: Krookodile|Stealth Rock|p2a: Mew
|-sidestart|p2: lt94je polt|move: Stealth Rock
|
|upkeep
|turn|9
|
|t:|1661050137
|move|p2a: Mew|Stealth Rock|p1a: Krookodile
|-sidestart|p1: HOF69|move: Stealth Rock
|move|p1a: Krookodile|Taunt|p2a: Mew
|-start|p2a: Mew|move: Taunt
|
|upkeep
|turn|10
|j| gtxy88
|
|t:|1661050143
|switch|p2a: Crawdaunt|Crawdaunt, F, shiny|100/100
|-damage|p2a: Crawdaunt|88/100|[from] Stealth Rock
|move|p1a: Krookodile|Knock Off|p2a: Crawdaunt
|-resisted|p2a: Crawdaunt
|-damage|p2a: Crawdaunt|56/100
|-enditem|p2a: Crawdaunt|Life Orb|[from] move: Knock Off|[of] p1a: Krookodile
|
|upkeep
|turn|11
|j| blarghlfarghl
|
|t:|1661050146
|move|p2a: Crawdaunt|Aqua Jet|p1a: Krookodile
|-supereffective|p1a: Krookodile
|-damage|p1a: Krookodile|0 fnt
|faint|p1a: Krookodile
|
|upkeep
|
|t:|1661050156
|switch|p1a: Kartana|Kartana|100/100
|-damage|p1a: Kartana|94/100|[from] Stealth Rock
|turn|12
|
|t:|1661050166
|move|p1a: Kartana|Sacred Sword|p2a: Crawdaunt
|-supereffective|p2a: Crawdaunt
|-damage|p2a: Crawdaunt|0 fnt
|faint|p2a: Crawdaunt
|-ability|p1a: Kartana|Beast Boost|boost
|-boost|p1a: Kartana|atk|1
|
|upkeep
|
|t:|1661050167
|switch|p2a: Mew|Mew, shiny|100/100
|-damage|p2a: Mew|88/100|[from] Stealth Rock
|turn|13
|n| Pokemh.|pokemh
|
|t:|1661050169
|move|p1a: Kartana|Knock Off|p2a: Mew
|-supereffective|p2a: Mew
|-enditem|p2a: Mew|Colbur Berry|[eat]
|-enditem|p2a: Mew|Colbur Berry|[weaken]
|-damage|p2a: Mew|37/100
|move|p2a: Mew|Stealth Rock||[still]
|-fail|p2a: Mew
|
|upkeep
|turn|14
|c|☆lt94je polt|oops
|j| Winter Renaissance
|
|t:|1661050185
|move|p1a: Kartana|Leaf Blade|p2a: Mew
|-damage|p2a: Mew|0 fnt
|faint|p2a: Mew
|-ability|p1a: Kartana|Beast Boost|boost
|-boost|p1a: Kartana|atk|1
|
|upkeep
|-message|lt94je polt forfeited.
|
|win|HOF69
|raw|HOF69's rating: 1655 &rarr; <strong>1676</strong><br />(+21 for winning)
|raw|lt94je polt's rating: 1673 &rarr; <strong>1652</strong><br />(-21 for losing)
|l|☆lt94je polt
|n| Pokemh.|pokemh
|l|☆HOF69
|l| gtxy88
|l| Pokemh.
|j| LT94JE aquy
