|raw|<div class="broadcast-blue"><strong>This battle is required to be public due to a player having a name starting with 'lt84jm'.</div>
|j|☆LT84JM line
|j|☆2222mm
|t:|1627538771
|gametype|singles
|player|p1|LT84JM line|backersf|1644
|player|p2|2222mm|169|1644
|teamsize|p1|6
|teamsize|p2|6
|gen|8
|tier|[Gen 8] OU
|rated|
|rule|Sleep Clause Mod: Limit one foe put to sleep
|rule|Species Clause: Limit one of each Pokémon
|rule|OHKO Clause: OHKO moves are banned
|rule|Evasion Moves Clause: Evasion moves are banned
|rule|Endless Battle Clause: Forcing endless battles is banned
|rule|HP Percentage Mod: HP is shown in percentages
|rule|Dynamax Clause: You cannot dynamax
|clearpoke
|poke|p1|Kartana|
|poke|p1|Magnezone|
|poke|p1|Tapu Lele|
|poke|p1|Dragonite, F|
|poke|p1|Urshifu-*, F|
|poke|p1|Blissey, F|
|poke|p2|Melmetal|
|poke|p2|Hatterene, F|
|poke|p2|Marowak-Alola, F|
|poke|p2|Glastrier|
|poke|p2|Porygon2|
|poke|p2|Cresselia, F|
|teampreview
|
|t:|1627538785
|start
|switch|p1a: Tapu Lele|Tapu Lele|100/100
|switch|p2a: Hatterene|Hatterene, F|100/100
|-fieldstart|move: Psychic Terrain|[from] ability: Psychic Surge|[of] p1a: Tapu Lele
|turn|1
|
|t:|1627538789
|move|p1a: Tapu Lele|Moonblast|p2a: Hatterene
|-damage|p2a: Hatterene|48/100
|move|p2a: Hatterene|Trick Room|p2a: Hatterene
|-fieldstart|move: Trick Room|[of] p2a: Hatterene
|
|upkeep
|turn|2
|j| Hellknight10
|
|t:|1627538793
|move|p2a: Hatterene|Healing Wish|p2a: Hatterene
|faint|p2a: Hatterene
|move|p1a: Tapu Lele|Future Sight|p2: Hatterene
|-start|p1a: Tapu Lele|move: Future Sight
|
|upkeep
|
|t:|1627538803
|switch|p2a: Marowak|Marowak-Alola, F|100/100
|turn|3
|
|t:|1627538813
|switch|p1a: Dragonite|Dragonite, F|100/100
|move|p2a: Marowak|Poltergeist|p1a: Dragonite
|-activate|p1a: Dragonite|move: Poltergeist|Heavy-Duty Boots
|-damage|p1a: Dragonite|50/100
|
|upkeep
|turn|4
|
|t:|1627538822
|switch|p2a: Glastrier|Glastrier|100/100
|move|p1a: Dragonite|Roost|p1a: Dragonite
|-heal|p1a: Dragonite|99/100
|-singleturn|p1a: Dragonite|move: Roost
|
|-end|p2a: Glastrier|move: Future Sight
|-damage|p2a: Glastrier|25/100
|upkeep
|turn|5
|
|t:|1627538830
|switch|p1a: Urshifu|Urshifu-Rapid-Strike, F|100/100
|move|p2a: Glastrier|Icicle Spear|p1a: Urshifu
|-resisted|p1a: Urshifu
|-damage|p1a: Urshifu|92/100
|-resisted|p1a: Urshifu
|-damage|p1a: Urshifu|83/100
|-hitcount|p1a: Urshifu|2
|
|-fieldend|move: Trick Room
|-fieldend|move: Psychic Terrain
|upkeep
|turn|6
|
|t:|1627538834
|switch|p2a: Cresselia|Cresselia, F|100/100
|move|p1a: Urshifu|U-turn|p2a: Cresselia
|-supereffective|p2a: Cresselia
|-damage|p2a: Cresselia|74/100
|
|t:|1627538839
|switch|p1a: Tapu Lele|Tapu Lele|100/100|[from]move: U-turn
|-fieldstart|move: Psychic Terrain|[from] ability: Psychic Surge|[of] p1a: Tapu Lele
|
|upkeep
|turn|7
|
|t:|1627538843
|move|p1a: Tapu Lele|Moonblast|p2a: Cresselia
|-damage|p2a: Cresselia|44/100
|move|p2a: Cresselia|Trick Room|p2a: Cresselia
|-fieldstart|move: Trick Room|[of] p2a: Cresselia
|
|upkeep
|turn|8
|
|t:|1627538848
|move|p2a: Cresselia|Moonlight|p2a: Cresselia
|-heal|p2a: Cresselia|94/100
|move|p1a: Tapu Lele|Future Sight|p2a: Cresselia
|-start|p1a: Tapu Lele|move: Future Sight
|
|upkeep
|turn|9
|
|t:|1627538872
|switch|p2a: Melmetal|Melmetal|100/100
|move|p1a: Tapu Lele|Moonblast|p2a: Melmetal
|-resisted|p2a: Melmetal
|-damage|p2a: Melmetal|73/100
|
|upkeep
|turn|10
|
|t:|1627538881
|switch|p1a: Magnezone|Magnezone|100/100
|move|p2a: Melmetal|Double Iron Bash|p1a: Magnezone
|-resisted|p1a: Magnezone
|-damage|p1a: Magnezone|87/100
|-resisted|p1a: Magnezone
|-damage|p1a: Magnezone|73/100
|-hitcount|p1a: Magnezone|2
|
|-end|p2a: Melmetal|move: Future Sight
|-resisted|p2a: Melmetal
|-damage|p2a: Melmetal|29/100
|-fieldend|move: Psychic Terrain
|upkeep
|turn|11
|
|t:|1627538887
|move|p2a: Melmetal|Double Iron Bash|p1a: Magnezone
|-resisted|p1a: Magnezone
|-damage|p1a: Magnezone|60/100
|-resisted|p1a: Magnezone
|-damage|p1a: Magnezone|45/100
|-hitcount|p1a: Magnezone|2
|move|p1a: Magnezone|Iron Defense|p1a: Magnezone
|-boost|p1a: Magnezone|def|2
|
|-fieldend|move: Trick Room
|upkeep
|turn|12
|
|t:|1627538891
|move|p1a: Magnezone|Body Press|p2a: Melmetal
|-supereffective|p2a: Melmetal
|-damage|p2a: Melmetal|0 fnt
|faint|p2a: Melmetal
|
|upkeep
|
|t:|1627538895
|switch|p2a: Marowak|Marowak-Alola, F|100/100
|turn|13
|
|t:|1627538900
|move|p1a: Magnezone|Thunderbolt|p2a: Marowak
|-damage|p2a: Marowak|40/100
|move|p2a: Marowak|Flare Blitz|p1a: Magnezone
|-supereffective|p1a: Magnezone
|-damage|p1a: Magnezone|0 fnt
|faint|p1a: Magnezone
|
|upkeep
|
|t:|1627538905
|switch|p1a: Urshifu|Urshifu-Rapid-Strike, F|83/100
|turn|14
|inactive|Battle timer is ON: inactive players will automatically lose when time's up. (requested by LT84JM line)
|
|t:|1627538928
|switch|p2a: Porygon2|Porygon2|100/100
|-ability|p2a: Porygon2|Download|boost
|-boost|p2a: Porygon2|spa|1
|move|p1a: Urshifu|Surging Strikes|p2a: Porygon2
|-crit|p2a: Porygon2
|-damage|p2a: Porygon2|88/100
|-crit|p2a: Porygon2
|-damage|p2a: Porygon2|75/100
|-crit|p2a: Porygon2
|-damage|p2a: Porygon2|62/100
|-hitcount|p2a: Porygon2|3
|
|upkeep
|turn|15
|
|t:|1627538938
|move|p1a: Urshifu|Close Combat|p2a: Porygon2
|-supereffective|p2a: Porygon2
|-damage|p2a: Porygon2|0 fnt
|-unboost|p1a: Urshifu|def|1
|-unboost|p1a: Urshifu|spd|1
|faint|p2a: Porygon2
|
|upkeep
|
|t:|1627538944
|switch|p2a: Cresselia|Cresselia, F|94/100
|-heal|p2a: Cresselia|100/100|[from] move: Healing Wish
|turn|16
|
|t:|1627538948
|move|p1a: Urshifu|U-turn|p2a: Cresselia
|-supereffective|p2a: Cresselia
|-damage|p2a: Cresselia|71/100
|
|t:|1627538951
|switch|p1a: Tapu Lele|Tapu Lele|100/100|[from]move: U-turn
|-fieldstart|move: Psychic Terrain|[from] ability: Psychic Surge|[of] p1a: Tapu Lele
|move|p2a: Cresselia|Trick Room|p2a: Cresselia
|-fieldstart|move: Trick Room|[of] p2a: Cresselia
|
|upkeep
|turn|17
|
|t:|1627538956
|switch|p2a: Glastrier|Glastrier|25/100
|move|p1a: Tapu Lele|Future Sight|p2a: Glastrier
|-start|p1a: Tapu Lele|move: Future Sight
|
|upkeep
|turn|18
|
|t:|1627538962
|switch|p1a: Urshifu|Urshifu-Rapid-Strike, F|83/100
|move|p2a: Glastrier|Icicle Spear|p1a: Urshifu
|-resisted|p1a: Urshifu
|-damage|p1a: Urshifu|75/100
|-resisted|p1a: Urshifu
|-damage|p1a: Urshifu|66/100
|-hitcount|p1a: Urshifu|2
|
|upkeep
|turn|19
|
|t:|1627538968
|move|p2a: Glastrier|Close Combat|p1a: Urshifu
|-damage|p1a: Urshifu|7/100
|-unboost|p2a: Glastrier|def|1
|-unboost|p2a: Glastrier|spd|1
|move|p1a: Urshifu|U-turn|p2a: Glastrier
|-damage|p2a: Glastrier|0 fnt
|faint|p2a: Glastrier
|
|t:|1627538977
|switch|p1a: Dragonite|Dragonite, F|99/100|[from]move: U-turn
|
|-hint|Future Sight did not hit because the target is fainted.
|upkeep
|
|t:|1627538982
|switch|p2a: Cresselia|Cresselia, F|71/100
|turn|20
|
|t:|1627538988
|switch|p1a: Kartana|Kartana|100/100
|move|p2a: Cresselia|Moonblast|p1a: Kartana
|-resisted|p1a: Kartana
|-damage|p1a: Kartana|72/100
|-unboost|p1a: Kartana|spa|1
|
|-fieldend|move: Trick Room
|-fieldend|move: Psychic Terrain
|upkeep
|turn|21
|
|t:|1627538992
|move|p1a: Kartana|Knock Off|p2a: Cresselia
|-supereffective|p2a: Cresselia
|-damage|p2a: Cresselia|25/100
|-enditem|p2a: Cresselia|Mental Herb|[from] move: Knock Off|[of] p1a: Kartana
|move|p2a: Cresselia|Trick Room|p2a: Cresselia
|-fieldstart|move: Trick Room|[of] p2a: Cresselia
|
|upkeep
|turn|22
|
|t:|1627538997
|move|p2a: Cresselia|Lunar Dance|p2a: Cresselia
|faint|p2a: Cresselia
|move|p1a: Kartana|Knock Off|p2: Cresselia|[notarget]
|-fail|p1a: Kartana
|
|upkeep
|
|t:|1627539000
|switch|p2a: Marowak|Marowak-Alola, F|40/100
|-heal|p2a: Marowak|100/100|[from] move: Lunar Dance
|turn|23
|
|t:|1627539003
|move|p2a: Marowak|Flare Blitz|p1a: Kartana
|-supereffective|p1a: Kartana
|-damage|p1a: Kartana|0 fnt
|faint|p1a: Kartana
|
|upkeep
|
|t:|1627539006
|switch|p1a: Dragonite|Dragonite, F|99/100
|turn|24
|
|t:|1627539009
|switch|p1a: Blissey|Blissey, F|100/100
|move|p2a: Marowak|Poltergeist|p1a: Blissey
|-immune|p1a: Blissey
|
|upkeep
|turn|25
|
|t:|1627539014
|move|p2a: Marowak|Flare Blitz|p1a: Blissey
|-damage|p1a: Blissey|17/100
|move|p1a: Blissey|Teleport|p1a: Blissey
|
|t:|1627539017
|switch|p1a: Urshifu|Urshifu-Rapid-Strike, F|7/100|[from]move: Teleport
|
|-fieldend|move: Trick Room
|upkeep
|turn|26
|
|t:|1627539019
|move|p1a: Urshifu|Surging Strikes|p2a: Marowak
|-supereffective|p2a: Marowak
|-crit|p2a: Marowak
|-damage|p2a: Marowak|61/100
|-supereffective|p2a: Marowak
|-crit|p2a: Marowak
|-damage|p2a: Marowak|18/100
|-supereffective|p2a: Marowak
|-crit|p2a: Marowak
|-damage|p2a: Marowak|0 fnt
|faint|p2a: Marowak
|-hitcount|p2: Marowak|3
|
|win|LT84JM line
|raw|LT84JM line's rating: 1644 &rarr; <strong>1664</strong><br />(+20 for winning)
|raw|2222mm's rating: 1644 &rarr; <strong>1624</strong><br />(-20 for losing)
|l|☆2222mm
|l|☆LT84JM line
