|j|☆N30N3
|j|☆Frostigar479
|player|p1|N30N3|170|1784
|player|p2|Frostigar479|170|1624
|teamsize|p1|6
|teamsize|p2|6
|gametype|singles
|gen|8
|tier|[Gen 8] OU
|rated|
|clearpoke
|poke|p1|Kyurem|
|poke|p1|Hippowdon, M|
|poke|p1|Excadrill, F|
|poke|p1|Tyranitar, F|
|poke|p1|Aegislash, M|
|poke|p1|Ferrothorn, M|
|poke|p2|Hippowdon, F|
|poke|p2|Excadrill, F|
|poke|p2|Cinderace, M|
|poke|p2|Clefable, F|
|poke|p2|Gengar, F|
|poke|p2|Kyurem|
|rule|Sleep Clause Mod: Limit one foe put to sleep
|rule|Species Clause: Limit one of each Pokémon
|rule|OHKO Clause: OHKO moves are banned
|rule|Evasion Moves Clause: Evasion moves are banned
|rule|Endless Battle Clause: Forcing endless battles is banned
|rule|HP Percentage Mod: HP is shown in percentages
|rule|Dynamax Clause: You cannot dynamax
|teampreview
|j| HeavenStar
|inactive|Battle timer is ON: inactive players will automatically lose when time's up. (requested by N30N3)
|
|start
|switch|p1a: Tyranitar|Tyranitar, F|100/100
|switch|p2a: Cinderace|Cinderace, M|100/100
|-weather|Sandstorm|[from] ability: Sand Stream|[of] p1a: Tyranitar
|turn|1
|inactive|Frostigar479 has 120 seconds left.
|inactive|Frostigar479 has 90 seconds left.
|
|move|p2a: Cinderace|U-turn|p1a: Tyranitar
|-supereffective|p1a: Tyranitar
|-damage|p1a: Tyranitar|58/100
|
|switch|p2a: Hippowdon|Hippowdon, F|100/100|[from]move: U-turn
|move|p1a: Tyranitar|Stealth Rock|p2a: Hippowdon
|-sidestart|p2: Frostigar479|move: Stealth Rock
|
|-weather|Sandstorm|[upkeep]
|upkeep
|turn|2
|inactive|N30N3 has 120 seconds left.
|inactive|N30N3 has 90 seconds left.
|
|switch|p1a: Kyurem|Kyurem|100/100
|-ability|p1a: Kyurem|Pressure
|switch|p2a: Cinderace|Cinderace, M|100/100
|
|-weather|Sandstorm|[upkeep]
|-damage|p2a: Cinderace|95/100|[from] Sandstorm
|-damage|p1a: Kyurem|94/100|[from] Sandstorm
|upkeep
|turn|3
|
|move|p2a: Cinderace|U-turn|p1a: Kyurem
|-damage|p1a: Kyurem|73/100
|
|switch|p2a: Clefable|Clefable, F|100/100|[from]move: U-turn
|-damage|p2a: Clefable|88/100|[from] Stealth Rock
|move|p1a: Kyurem|Earth Power|p2a: Clefable
|-damage|p2a: Clefable|46/100
|
|-weather|Sandstorm|[upkeep]
|-damage|p1a: Kyurem|67/100|[from] Sandstorm
|-damage|p2a: Clefable|40/100|[from] Sandstorm
|-heal|p2a: Clefable|46/100|[from] item: Leftovers
|upkeep
|turn|4
|
|switch|p1a: Excadrill|Excadrill, F|100/100
|move|p2a: Clefable|Moonblast|p1a: Excadrill
|-resisted|p1a: Excadrill
|-damage|p1a: Excadrill|79/100
|
|-weather|Sandstorm|[upkeep]
|-damage|p2a: Clefable|40/100|[from] Sandstorm
|-heal|p2a: Clefable|46/100|[from] item: Leftovers
|upkeep
|turn|5
|
|switch|p2a: Hippowdon|Hippowdon, F|100/100
|-damage|p2a: Hippowdon|94/100|[from] Stealth Rock
|move|p1a: Excadrill|Earthquake|p2a: Hippowdon
|-damage|p2a: Hippowdon|51/100
|-damage|p1a: Excadrill|69/100|[from] item: Life Orb
|
|-weather|none
|upkeep
|turn|6
|
|switch|p1a: Kyurem|Kyurem|67/100
|-ability|p1a: Kyurem|Pressure
|move|p2a: Hippowdon|Slack Off|p2a: Hippowdon
|-heal|p2a: Hippowdon|100/100
|
|upkeep
|turn|7
|
|switch|p2a: Clefable|Clefable, F|46/100
|-damage|p2a: Clefable|34/100|[from] Stealth Rock
|move|p1a: Kyurem|Ice Beam|p2a: Clefable
|-damage|p2a: Clefable|0 fnt
|faint|p2a: Clefable
|
|upkeep
|
|switch|p2a: Cinderace|Cinderace, M|95/100
|turn|8
|inactive|N30N3 has 90 seconds left.
|
|switch|p1a: Hippowdon|Hippowdon, M|100/100
|-weather|Sandstorm|[from] ability: Sand Stream|[of] p1a: Hippowdon
|move|p2a: Cinderace|Court Change|p2a: Cinderace
|-sideend|p2: Frostigar479|Stealth Rock|[silent]
|-sidestart|p1: N30N3|Stealth Rock|[silent]
|-activate|p2a: Cinderace|move: Court Change
|
|-weather|Sandstorm|[upkeep]
|-damage|p2a: Cinderace|89/100|[from] Sandstorm
|upkeep
|turn|9
|inactive|Frostigar479 has 120 seconds left.
|
|switch|p2a: Kyurem|Kyurem|100/100
|-ability|p2a: Kyurem|Pressure
|move|p1a: Hippowdon|Earthquake|p2a: Kyurem
|-damage|p2a: Kyurem|62/100
|
|-weather|Sandstorm|[upkeep]
|-damage|p2a: Kyurem|56/100|[from] Sandstorm
|upkeep
|turn|10
|
|switch|p1a: Tyranitar|Tyranitar, F|58/100
|-damage|p1a: Tyranitar|46/100|[from] Stealth Rock
|move|p2a: Kyurem|Earth Power|p1a: Tyranitar
|-supereffective|p1a: Tyranitar
|-damage|p1a: Tyranitar|0 fnt
|faint|p1a: Tyranitar
|
|-weather|Sandstorm|[upkeep]
|-damage|p2a: Kyurem|50/100|[from] Sandstorm
|upkeep
|
|switch|p1a: Excadrill|Excadrill, F|69/100
|-damage|p1a: Excadrill|66/100|[from] Stealth Rock
|turn|11
|
|switch|p2a: Hippowdon|Hippowdon, F|100/100
|move|p1a: Excadrill|Earthquake|p2a: Hippowdon
|-damage|p2a: Hippowdon|56/100
|-damage|p1a: Excadrill|56/100|[from] item: Life Orb
|
|-weather|Sandstorm|[upkeep]
|upkeep
|turn|12
|inactive|N30N3 has 120 seconds left.
|
|move|p1a: Excadrill|Rapid Spin|p2a: Hippowdon
|-damage|p2a: Hippowdon|38/100
|-boost|p1a: Excadrill|spe|1
|-damage|p1a: Excadrill|40/100|[from] item: Rocky Helmet|[of] p2a: Hippowdon
|-sideend|p1: N30N3|Stealth Rock|[from] move: Rapid Spin|[of] p1a: Excadrill
|-damage|p1a: Excadrill|30/100|[from] item: Life Orb
|move|p2a: Hippowdon|Earthquake|p1a: Excadrill
|-supereffective|p1a: Excadrill
|-damage|p1a: Excadrill|0 fnt
|faint|p1a: Excadrill
|
|-weather|Sandstorm|[upkeep]
|upkeep
|
|switch|p1a: Aegislash|Aegislash, M|100/100
|-item|p1a: Aegislash|Air Balloon
|turn|13
|
|move|p1a: Aegislash|Swords Dance|p1a: Aegislash
|-boost|p1a: Aegislash|atk|2
|move|p2a: Hippowdon|Slack Off|p2a: Hippowdon
|-heal|p2a: Hippowdon|88/100
|
|-weather|Sandstorm|[upkeep]
|upkeep
|turn|14
|
|-formechange|p1a: Aegislash|Aegislash-Blade||[from] ability: Stance Change
|move|p1a: Aegislash|Iron Head|p2a: Hippowdon
|-damage|p2a: Hippowdon|26/100
|-damage|p1a: Aegislash|84/100|[from] item: Rocky Helmet|[of] p2a: Hippowdon
|move|p2a: Hippowdon|Whirlwind|p1a: Aegislash
|drag|p1a: Kyurem|Kyurem|67/100
|-ability|p1a: Kyurem|Pressure
|
|-weather|Sandstorm|[upkeep]
|-damage|p1a: Kyurem|61/100|[from] Sandstorm
|upkeep
|turn|15
|
|move|p1a: Kyurem|Earth Power|p2a: Hippowdon
|-damage|p2a: Hippowdon|0 fnt
|faint|p2a: Hippowdon
|
|-weather|none
|upkeep
|
|switch|p2a: Cinderace|Cinderace, M|89/100
|turn|16
|
|switch|p1a: Hippowdon|Hippowdon, M|100/100
|-weather|Sandstorm|[from] ability: Sand Stream|[of] p1a: Hippowdon
|move|p2a: Cinderace|Pyro Ball|p1a: Hippowdon
|-damage|p1a: Hippowdon|72/100
|
|-weather|Sandstorm|[upkeep]
|-damage|p2a: Cinderace|83/100|[from] Sandstorm
|upkeep
|turn|17
|
|move|p2a: Cinderace|Pyro Ball|p1a: Hippowdon
|-damage|p1a: Hippowdon|40/100
|-status|p1a: Hippowdon|brn
|move|p1a: Hippowdon|Earthquake|p2a: Cinderace
|-supereffective|p2a: Cinderace
|-damage|p2a: Cinderace|26/100
|
|-weather|Sandstorm|[upkeep]
|-damage|p2a: Cinderace|20/100|[from] Sandstorm
|-damage|p1a: Hippowdon|34/100 brn|[from] brn
|upkeep
|turn|18
|
|move|p2a: Cinderace|U-turn|p1a: Hippowdon
|-crit|p1a: Hippowdon
|-damage|p1a: Hippowdon|16/100 brn
|
|switch|p2a: Kyurem|Kyurem|50/100|[from]move: U-turn
|-ability|p2a: Kyurem|Pressure
|move|p1a: Hippowdon|Stealth Rock|p2a: Kyurem
|-sidestart|p2: Frostigar479|move: Stealth Rock
|
|-weather|Sandstorm|[upkeep]
|-damage|p2a: Kyurem|44/100|[from] Sandstorm
|-damage|p1a: Hippowdon|10/100 brn|[from] brn
|upkeep
|turn|19
|
|move|p2a: Kyurem|Ice Beam|p1a: Hippowdon
|-supereffective|p1a: Hippowdon
|-damage|p1a: Hippowdon|0 fnt
|faint|p1a: Hippowdon
|
|-weather|Sandstorm|[upkeep]
|-damage|p2a: Kyurem|38/100|[from] Sandstorm
|upkeep
|
|switch|p1a: Ferrothorn|Ferrothorn, M|100/100
|turn|20
|
|move|p2a: Kyurem|Ice Beam|p1a: Ferrothorn
|-damage|p1a: Ferrothorn|48/100
|move|p1a: Ferrothorn|Gyro Ball|p2a: Kyurem
|-supereffective|p2a: Kyurem
|-damage|p2a: Kyurem|0 fnt
|faint|p2a: Kyurem
|
|-weather|Sandstorm|[upkeep]
|-heal|p1a: Ferrothorn|54/100|[from] item: Leftovers
|upkeep
|
|switch|p2a: Cinderace|Cinderace, M|20/100
|turn|21
|
|move|p2a: Cinderace|Pyro Ball|p1a: Ferrothorn
|-supereffective|p1a: Ferrothorn
|-damage|p1a: Ferrothorn|0 fnt
|faint|p1a: Ferrothorn
|
|-weather|Sandstorm|[upkeep]
|-damage|p2a: Cinderace|14/100|[from] Sandstorm
|upkeep
|
|switch|p1a: Aegislash|Aegislash, M|84/100
|-item|p1a: Aegislash|Air Balloon
|turn|22
|
|-formechange|p1a: Aegislash|Aegislash-Blade||[from] ability: Stance Change
|move|p1a: Aegislash|Shadow Sneak|p2a: Cinderace
|-damage|p2a: Cinderace|0 fnt
|faint|p2a: Cinderace
|
|-weather|Sandstorm|[upkeep]
|upkeep
|
|switch|p2a: Gengar|Gengar, F|100/100
|-damage|p2a: Gengar|88/100|[from] Stealth Rock
|turn|23
|inactive|N30N3 has 120 seconds left.
|
|switch|p1a: Kyurem|Kyurem|61/100
|-ability|p1a: Kyurem|Pressure
|move|p2a: Gengar|Shadow Ball|p1a: Kyurem
|-damage|p1a: Kyurem|24/100
|
|-weather|none
|-heal|p2a: Gengar|94/100|[from] item: Black Sludge
|upkeep
|turn|24
|
|move|p2a: Gengar|Shadow Ball|p1a: Kyurem
|-damage|p1a: Kyurem|0 fnt
|faint|p1a: Kyurem
|
|-heal|p2a: Gengar|100/100|[from] item: Black Sludge
|upkeep
|
|switch|p1a: Aegislash|Aegislash, M|84/100
|-item|p1a: Aegislash|Air Balloon
|turn|25
|
|-formechange|p1a: Aegislash|Aegislash-Blade||[from] ability: Stance Change
|move|p1a: Aegislash|Shadow Sneak|p2a: Gengar
|-supereffective|p2a: Gengar
|-damage|p2a: Gengar|6/100
|move|p2a: Gengar|Shadow Ball|p1a: Aegislash
|-supereffective|p1a: Aegislash
|-damage|p1a: Aegislash|0 fnt
|-enditem|p1a: Aegislash|Air Balloon
|faint|p1a: Aegislash
|
|win|Frostigar479
|l|☆N30N3
|l| HeavenStar
|raw|N30N3's rating: 1784 &rarr; <strong>1755</strong><br />(-29 for losing)
|raw|Frostigar479's rating: 1624 &rarr; <strong>1652</strong><br />(+28 for winning)
