|j|‽minimax_ai
|j|☆Monsieur Eans
|t:|1668120832
|gametype|singles
|player|p1|minimax_ai|265|1593
|player|p2|Monsieur Eans|wattson|1644
|teamsize|p1|6
|teamsize|p2|6
|gen|8
|tier|[Gen 8] OU
|rated|
|rule|Sleep Clause Mod: Limit one foe put to sleep
|rule|Species Clause: Limit one of each Pokémon
|rule|OHKO Clause: OHKO moves are banned
|rule|Evasion Items Clause: Evasion items are banned
|rule|Evasion Moves Clause: Evasion moves are banned
|rule|Endless Battle Clause: Forcing endless battles is banned
|rule|HP Percentage Mod: HP is shown in percentages
|rule|Dynamax Clause: You cannot dynamax
|clearpoke
|poke|p1|Rotom-Wash|
|poke|p1|Weavile, F|
|poke|p1|Landorus-Therian, M|
|poke|p1|Heatran, M|
|poke|p1|Tangrowth, M|
|poke|p1|Melmetal|
|poke|p2|Urshifu-*, F|
|poke|p2|Dragonite, M|
|poke|p2|Blissey, F|
|poke|p2|Corviknight, M|
|poke|p2|Tapu Koko|
|poke|p2|Victini|
|teampreview
|inactive|Battle timer is ON: inactive players will automatically lose when time's up. (requested by minimax_ai)
|
|t:|1668120842
|start
|switch|p1a: Landorus|Landorus-Therian, M|100/100
|switch|p2a: Urshifu|Urshifu-Rapid-Strike, F|100/100
|-ability|p1a: Landorus|Intimidate|boost
|-unboost|p2a: Urshifu|atk|1
|turn|1
|
|t:|1668120844
|switch|p1a: Tangrowth|Tangrowth, M|100/100
|move|p2a: Urshifu|Surging Strikes|p1a: Tangrowth
|-resisted|p1a: Tangrowth
|-crit|p1a: Tangrowth
|-damage|p1a: Tangrowth|95/100
|-damage|p2a: Urshifu|84/100|[from] item: Rocky Helmet|[of] p1a: Tangrowth
|-resisted|p1a: Tangrowth
|-crit|p1a: Tangrowth
|-damage|p1a: Tangrowth|88/100
|-damage|p2a: Urshifu|68/100|[from] item: Rocky Helmet|[of] p1a: Tangrowth
|-resisted|p1a: Tangrowth
|-crit|p1a: Tangrowth
|-damage|p1a: Tangrowth|83/100
|-damage|p2a: Urshifu|51/100|[from] item: Rocky Helmet|[of] p1a: Tangrowth
|-hitcount|p1a: Tangrowth|3
|
|upkeep
|turn|2
|
|t:|1668120850
|switch|p2a: Blissey|Blissey, F|100/100
|move|p1a: Tangrowth|Sleep Powder|p2a: Blissey
|-status|p2a: Blissey|slp|[from] move: Sleep Powder
|
|upkeep
|turn|3
|
|t:|1668120855
|-curestatus|p2a: Blissey|slp|[from] ability: Natural Cure
|switch|p2a: Victini|Victini|100/100
|move|p1a: Tangrowth|Sleep Powder|p2a: Victini
|-status|p2a: Victini|slp|[from] move: Sleep Powder
|
|upkeep
|turn|4
|
|t:|1668120864
|cant|p2a: Victini|slp
|move|p1a: Tangrowth|Knock Off|p2a: Victini
|-supereffective|p2a: Victini
|-damage|p2a: Victini|48/100 slp
|-enditem|p2a: Victini|Heavy-Duty Boots|[from] move: Knock Off|[of] p1a: Tangrowth
|
|upkeep
|turn|5
|
|t:|1668120876
|-curestatus|p2a: Victini|slp|[msg]
|move|p2a: Victini|V-create|p1a: Tangrowth
|-supereffective|p1a: Tangrowth
|-damage|p1a: Tangrowth|2/100
|-unboost|p2a: Victini|spe|1
|-unboost|p2a: Victini|def|1
|-unboost|p2a: Victini|spd|1
|-damage|p2a: Victini|31/100|[from] item: Rocky Helmet|[of] p1a: Tangrowth
|move|p1a: Tangrowth|Knock Off|p2a: Victini
|-supereffective|p2a: Victini
|-damage|p2a: Victini|0 fnt
|faint|p2a: Victini
|
|upkeep
|
|t:|1668120880
|switch|p2a: Urshifu|Urshifu-Rapid-Strike, F|51/100
|turn|6
|
|t:|1668120882
|move|p2a: Urshifu|U-turn|p1a: Tangrowth
|-supereffective|p1a: Tangrowth
|-damage|p1a: Tangrowth|0 fnt
|-damage|p2a: Urshifu|35/100|[from] item: Rocky Helmet|[of] p1a: Tangrowth
|faint|p1a: Tangrowth
|
|t:|1668120888
|switch|p2a: Blissey|Blissey, F|100/100|[from]move: U-turn
|
|upkeep
|
|t:|1668120888
|switch|p1a: Weavile|Weavile, F|100/100
|-ability|p1a: Weavile|Pressure
|turn|7
|
|t:|1668120892
|move|p1a: Weavile|Triple Axel|p2a: Blissey
|-damage|p2a: Blissey|87/100
|-damage|p2a: Blissey|60/100
|-damage|p2a: Blissey|25/100
|-hitcount|p2a: Blissey|3
|move|p2a: Blissey|Teleport|p2a: Blissey
|
|t:|1668120897
|switch|p2a: Tapu Koko|Tapu Koko|100/100|[from]move: Teleport
|-fieldstart|move: Electric Terrain|[from] ability: Electric Surge|[of] p2a: Tapu Koko
|
|upkeep
|turn|8
|
|t:|1668120899
|switch|p1a: Landorus|Landorus-Therian, M|100/100
|-ability|p1a: Landorus|Intimidate|boost
|-unboost|p2a: Tapu Koko|atk|1
|move|p2a: Tapu Koko|Dazzling Gleam|p1a: Landorus
|-damage|p1a: Landorus|61/100
|
|-heal|p1a: Landorus|67/100|[from] item: Leftovers
|upkeep
|turn|9
|
|t:|1668120902
|switch|p2a: Corviknight|Corviknight, M|100/100
|-ability|p2a: Corviknight|Pressure
|move|p1a: Landorus|Toxic|p2a: Corviknight
|-immune|p2a: Corviknight
|
|-heal|p1a: Landorus|73/100|[from] item: Leftovers
|upkeep
|turn|10
|
|t:|1668120906
|switch|p1a: Rotom|Rotom-Wash|100/100
|move|p2a: Corviknight|U-turn|p1a: Rotom
|-damage|p1a: Rotom|86/100
|
|t:|1668120912
|switch|p2a: Blissey|Blissey, F|25/100|[from]move: U-turn
|
|-heal|p1a: Rotom|93/100|[from] item: Leftovers
|upkeep
|turn|11
|
|t:|1668120914
|switch|p1a: Weavile|Weavile, F|100/100
|-ability|p1a: Weavile|Pressure
|move|p2a: Blissey|Soft-Boiled|p2a: Blissey
|-heal|p2a: Blissey|75/100
|
|-fieldend|move: Electric Terrain
|upkeep
|turn|12
|
|t:|1668120918
|switch|p2a: Corviknight|Corviknight, M|100/100
|-ability|p2a: Corviknight|Pressure
|move|p1a: Weavile|Knock Off|p2a: Corviknight
|-damage|p2a: Corviknight|55/100
|-enditem|p2a: Corviknight|Leftovers|[from] move: Knock Off|[of] p1a: Weavile
|
|upkeep
|turn|13
|
|t:|1668120921
|switch|p1a: Landorus|Landorus-Therian, M|73/100
|-ability|p1a: Landorus|Intimidate|boost
|-unboost|p2a: Corviknight|atk|1
|move|p2a: Corviknight|U-turn|p1a: Landorus
|-resisted|p1a: Landorus
|-damage|p1a: Landorus|68/100
|
|t:|1668120924
|switch|p2a: Dragonite|Dragonite, M|100/100|[from]move: U-turn
|
|-heal|p1a: Landorus|74/100|[from] item: Leftovers
|upkeep
|turn|14
|
|t:|1668120929
|switch|p1a: Weavile|Weavile, F|100/100
|-ability|p1a: Weavile|Pressure
|move|p2a: Dragonite|Ice Punch|p1a: Weavile
|-resisted|p1a: Weavile
|-damage|p1a: Weavile|66/100
|
|upkeep
|turn|15
|
|t:|1668120934
|switch|p2a: Corviknight|Corviknight, M|55/100
|-ability|p2a: Corviknight|Pressure
|move|p1a: Weavile|Triple Axel|p2a: Corviknight
|-damage|p2a: Corviknight|45/100
|-damage|p2a: Corviknight|26/100
|-damage|p2a: Corviknight|1/100
|-hitcount|p2a: Corviknight|3
|
|upkeep
|turn|16
|
|t:|1668120937
|move|p1a: Weavile|Triple Axel|p2a: Corviknight
|-damage|p2a: Corviknight|0 fnt
|faint|p2a: Corviknight
|-hitcount|p2: Corviknight|1
|
|upkeep
|
|t:|1668120939
|switch|p2a: Urshifu|Urshifu-Rapid-Strike, F|35/100
|turn|17
|
|t:|1668120940
|move|p2a: Urshifu|U-turn|p1a: Weavile
|-supereffective|p1a: Weavile
|-damage|p1a: Weavile|0 fnt
|faint|p1a: Weavile
|
|t:|1668120943
|switch|p2a: Tapu Koko|Tapu Koko|100/100|[from]move: U-turn
|-fieldstart|move: Electric Terrain|[from] ability: Electric Surge|[of] p2a: Tapu Koko
|
|upkeep
|
|t:|1668120943
|switch|p1a: Landorus|Landorus-Therian, M|74/100
|-ability|p1a: Landorus|Intimidate|boost
|-unboost|p2a: Tapu Koko|atk|1
|turn|18
|
|t:|1668120946
|switch|p2a: Dragonite|Dragonite, M|100/100
|move|p1a: Landorus|Earthquake|p2a: Dragonite
|-immune|p2a: Dragonite
|
|-heal|p1a: Landorus|80/100|[from] item: Leftovers
|upkeep
|turn|19
|
|t:|1668120950
|switch|p1a: Heatran|Heatran, M|100/100
|-item|p1a: Heatran|Air Balloon
|move|p2a: Dragonite|Ice Punch|p1a: Heatran
|-resisted|p1a: Heatran
|-damage|p1a: Heatran|90/100
|-enditem|p1a: Heatran|Air Balloon
|
|upkeep
|turn|20
|
|t:|1668120953
|switch|p2a: Blissey|Blissey, F|75/100
|move|p1a: Heatran|Magma Storm|p2a: Blissey
|-damage|p2a: Blissey|54/100
|-activate|p2a: Blissey|move: Magma Storm|[of] p1a: Heatran
|
|-damage|p2a: Blissey|41/100|[from] move: Magma Storm|[partiallytrapped]
|upkeep
|turn|21
|
|t:|1668120955
|move|p1a: Heatran|Magma Storm|p2a: Blissey
|-damage|p2a: Blissey|21/100
|move|p2a: Blissey|Stealth Rock|p1a: Heatran
|-sidestart|p1: minimax_ai|move: Stealth Rock
|
|-damage|p2a: Blissey|8/100|[from] move: Magma Storm|[partiallytrapped]
|-fieldend|move: Electric Terrain
|upkeep
|turn|22
|
|t:|1668120958
|move|p1a: Heatran|Magma Storm|p2a: Blissey
|-damage|p2a: Blissey|0 fnt
|faint|p2a: Blissey
|
|upkeep
|
|t:|1668120963
|switch|p2a: Urshifu|Urshifu-Rapid-Strike, F|35/100
|turn|23
|
|t:|1668120965
|switch|p1a: Rotom|Rotom-Wash|93/100
|-damage|p1a: Rotom|80/100|[from] Stealth Rock
|move|p2a: Urshifu|Close Combat|p1a: Rotom
|-damage|p1a: Rotom|5/100
|-unboost|p2a: Urshifu|def|1
|-unboost|p2a: Urshifu|spd|1
|
|-heal|p1a: Rotom|11/100|[from] item: Leftovers
|upkeep
|turn|24
|
|t:|1668120966
|move|p2a: Urshifu|Close Combat|p1a: Rotom
|-damage|p1a: Rotom|0 fnt
|-unboost|p2a: Urshifu|def|1
|-unboost|p2a: Urshifu|spd|1
|faint|p1a: Rotom
|
|upkeep
|
|t:|1668120966
|switch|p1a: Melmetal|Melmetal|100/100
|-damage|p1a: Melmetal|94/100|[from] Stealth Rock
|turn|25
|
|t:|1668120975
|move|p2a: Urshifu|Close Combat|p1a: Melmetal
|-supereffective|p1a: Melmetal
|-damage|p1a: Melmetal|10/100
|-unboost|p2a: Urshifu|def|1
|-unboost|p2a: Urshifu|spd|1
|move|p1a: Melmetal|Double Iron Bash|p2a: Urshifu
|-resisted|p2a: Urshifu
|-damage|p2a: Urshifu|0 fnt
|faint|p2a: Urshifu
|-hitcount|p2: Urshifu|1
|
|upkeep
|
|t:|1668120979
|switch|p2a: Tapu Koko|Tapu Koko|100/100
|-fieldstart|move: Electric Terrain|[from] ability: Electric Surge|[of] p2a: Tapu Koko
|turn|26
|
|t:|1668120980
|switch|p1a: Landorus|Landorus-Therian, M|80/100
|-damage|p1a: Landorus|68/100|[from] Stealth Rock
|-ability|p1a: Landorus|Intimidate|boost
|-unboost|p2a: Tapu Koko|atk|1
|move|p2a: Tapu Koko|Dazzling Gleam|p1a: Landorus
|-damage|p1a: Landorus|29/100
|
|-heal|p1a: Landorus|35/100|[from] item: Leftovers
|upkeep
|turn|27
|
|t:|1668120982
|switch|p1a: Melmetal|Melmetal|10/100
|-damage|p1a: Melmetal|3/100|[from] Stealth Rock
|move|p2a: Tapu Koko|Dazzling Gleam|p1a: Melmetal
|-resisted|p1a: Melmetal
|-damage|p1a: Melmetal|0 fnt
|faint|p1a: Melmetal
|
|upkeep
|
|t:|1668120982
|switch|p1a: Heatran|Heatran, M|90/100
|-damage|p1a: Heatran|77/100|[from] Stealth Rock
|turn|28
|
|t:|1668120987
|switch|p2a: Dragonite|Dragonite, M|100/100
|move|p1a: Heatran|Magma Storm|p2a: Dragonite
|-resisted|p2a: Dragonite
|-damage|p2a: Dragonite|87/100
|-activate|p2a: Dragonite|move: Magma Storm|[of] p1a: Heatran
|
|-damage|p2a: Dragonite|75/100|[from] move: Magma Storm|[partiallytrapped]
|upkeep
|turn|29
|
|t:|1668120989
|switch|p1a: Landorus|Landorus-Therian, M|35/100
|-damage|p1a: Landorus|23/100|[from] Stealth Rock
|-ability|p1a: Landorus|Intimidate|boost
|-unboost|p2a: Dragonite|atk|1
|move|p2a: Dragonite|Earthquake|p1a: Landorus
|-immune|p1a: Landorus
|
|-heal|p1a: Landorus|29/100|[from] item: Leftovers
|-end|p2a: Dragonite|Magma Storm|[partiallytrapped]|[silent]
|upkeep
|turn|30
|
|t:|1668120992
|move|p2a: Dragonite|Earthquake|p1a: Landorus
|-immune|p1a: Landorus
|move|p1a: Landorus|Earthquake|p2a: Dragonite
|-immune|p2a: Dragonite
|
|-heal|p1a: Landorus|35/100|[from] item: Leftovers
|-fieldend|move: Electric Terrain
|upkeep
|turn|31
|
|t:|1668121001
|switch|p2a: Tapu Koko|Tapu Koko|100/100
|-fieldstart|move: Electric Terrain|[from] ability: Electric Surge|[of] p2a: Tapu Koko
|move|p1a: Landorus|Earthquake|p2a: Tapu Koko
|-supereffective|p2a: Tapu Koko
|-damage|p2a: Tapu Koko|0 fnt
|faint|p2a: Tapu Koko
|
|-heal|p1a: Landorus|41/100|[from] item: Leftovers
|upkeep
|
|t:|1668121003
|switch|p2a: Dragonite|Dragonite, M|75/100
|turn|32
|
|t:|1668121005
|move|p2a: Dragonite|Outrage|p1a: Landorus
|-damage|p1a: Landorus|0 fnt
|faint|p1a: Landorus
|
|upkeep
|
|t:|1668121005
|switch|p1a: Heatran|Heatran, M|77/100
|-damage|p1a: Heatran|65/100|[from] Stealth Rock
|turn|33
|
|t:|1668121007
|move|p2a: Dragonite|Outrage|p1a: Heatran|[from]lockedmove
|-resisted|p1a: Heatran
|-damage|p1a: Heatran|17/100
|-start|p2a: Dragonite|confusion|[fatigue]
|move|p1a: Heatran|Magma Storm|p2a: Dragonite
|-resisted|p2a: Dragonite
|-damage|p2a: Dragonite|50/100
|-activate|p2a: Dragonite|move: Magma Storm|[of] p1a: Heatran
|
|-damage|p2a: Dragonite|38/100|[from] move: Magma Storm|[partiallytrapped]
|upkeep
|turn|34
|
|t:|1668121009
|-activate|p2a: Dragonite|confusion
|move|p2a: Dragonite|Outrage|p1a: Heatran
|-resisted|p1a: Heatran
|-damage|p1a: Heatran|0 fnt
|faint|p1a: Heatran
|
|win|Monsieur Eans
|raw|minimax_ai's rating: 1593 &rarr; <strong>1576</strong><br />(-17 for losing)
|raw|Monsieur Eans's rating: 1644 &rarr; <strong>1661</strong><br />(+17 for winning)
